1050 1692
305 148 30 18 U.
350 148 31 19 B.
397 159 24 3 —
437 150 84 23 Prop.
536 150 48 19 N:o
598 151 38 19 40.
807 152 11 19 5

99 212 147 26 Kejsardömet
261 213 39 21 och
316 214 89 20 Finland
420 216 5 18 i
442 216 102 27 förening,
559 223 51 14 vore
625 217 116 20 detsamma
761 220 31 18 ett
810 219 37 19 allt

99 246 33 20 för
146 246 118 20 vidsträckt
279 248 86 26 uttryck
380 249 29 19 uti
424 250 7 18 i
447 250 60 26 fråga
521 250 93 20 varande
629 253 17 24 $,
668 258 44 13 som
723 252 67 26 gäller
805 253 42 20 alla

100 280 92 26 manliga
206 280 114 21 individers
336 282 106 21 allmänna
456 284 124 26 värnepligt.

168 312 43 28 $2.
235 314 84 21 Samma
334 316 52 26 skäl,
402 316 72 20 hvilka
484 316 68 21 blifvit
563 318 87 29 anförda
661 318 32 20 för
705 319 73 26 vigten
789 320 23 19 af
820 326 26 14 en

100 346 135 27 sjelfstäende
257 349 94 20 nationel
374 352 56 18 arm6
453 351 7 19 i
485 351 95 27 Finland,
595 352 60 20 torde
671 352 62 20 äfven
749 353 21 19 fä
785 359 61 14 anses

100 381 69 19 säsom
192 381 74 27 giltiga
284 383 65 19 motiv
364 383 33 20 för
412 384 35 20 det
462 385 6 19 i
485 386 9 22 $
510 384 19 26 2,
548 391 60 15 mom.
625 384 11 21 1
652 385 121 27 föreslagna
788 386 57 21 bibe-

100 414 108 20 hällandet
230 416 23 19 af
275 416 194 27 indelningsverket
492 418 7 19 i
518 418 104 20 orubbadt
636 418 67 27 skick,
719 420 64 19 ehuru
799 420 47 20 med

100 448 98 20 befrielse
214 449 32 20 för
256 452 53 18 rust-
330 451 39 19 och
384 452 140 20 rotehällaren
543 452 45 20 från
606 452 155 27 skyldigheten,
777 456 31 17 att
823 455 24 19 sä

99 483 64 26 länge
178 483 39 20 den
240 484 106 20 allmänna
368 486 145 26 värnepligien
528 486 151 27 upprätthälles
695 487 69 20 såsom
779 488 68 26 grund

100 517 33 19 för
147 516 82 21 landets
244 518 138 27 härväsende,
398 520 105 26 uppställa
513 520 65 20 indelt
588 520 83 20 militär.
694 521 41 20 För
745 521 40 20 den
796 521 50 21 hän-

101 551 58 20 delse
180 552 107 27 nämligen
309 554 31 18 att
355 553 69 21 denna
438 554 116 20 sistnämda
569 554 229 28 militärorganisation,
814 556 32 20 sä-

101 592 45 14 som
160 586 109 20 härstädes
285 594 77 19 genom
376 588 147 20 erfarenheten
538 592 54 17 ännu
608 590 18 25 ej
646 589 123 27 bepröfvad,
779 590 68 20 skulle

101 620 45 20 visa
161 620 32 27 sig
208 620 80 20 mindre
303 622 87 26 lämplig
404 622 33 20 för
452 622 26 20 de
493 623 6 19 i
514 623 72 20 landet
602 622 92 21 rädande
711 624 79 20 sociala
807 624 40 20 och

101 654 138 20 ekonomiska
253 651 153 31 förhällanden,
421 663 79 13 vunnes
516 663 75 21 genom
607 659 30 17 ett
652 657 121 20 fakultativt
787 657 59 21 bibe-

101 688 98 21 hållande
222 688 23 21 af
264 689 194 27 indelningsverket
482 690 39 20 den
547 691 48 20 icke
618 691 131 27 oväsentliga
772 691 74 27 fördel,

102 724 31 18 att
144 723 100 20 nationen
258 723 36 20 vid
309 730 26 13 en
350 724 99 27 möjligen
465 724 23 20 af
501 724 99 21 behofvet
616 724 99 27 päkallad
729 732 28 20 ny
768 725 78 20 reform

102 757 24 20 af
145 756 47 20 dess
207 756 138 27 härväsende,
357 758 69 20 säsom
442 758 155 27 utgängspunkt
612 758 77 27 härför,
707 759 54 27 egde
776 759 69 20 denna

102 790 130 28 sekelgamla
246 791 28 26 pä
288 792 94 20 nationel
396 792 68 26 grund
479 792 71 20 fotade
564 792 124 20 institution.

168 825 148 20 Underkastad
339 826 127 19 tvifvelsmäl
487 826 42 19 kan
552 826 94 20 deremot
667 826 47 20 frän
733 827 113 20 rättvisans

99 860 40 20 och
154 859 133 27 billighetens
303 859 107 26 synpunkt
424 861 21 18 te
461 860 31 26 sig
508 860 40 20 den
562 860 7 19 i
585 862 42 22 $:ns
650 866 70 14 senare
737 867 60 13 mom.
814 861 31 19 in-

99 894 75 27 rymda
188 893 139 27 bestämning,
351 893 65 28 enligt
433 893 85 21 hvilken
534 893 90 21 särskild
638 896 52 17 rust-
707 893 41 21 och
762 894 83 20 rotefri-

99 927 110 28 hetsafgift
234 927 63 21 äfven
312 927 32 20 för
360 928 112 20 framtiden
487 928 83 20 komme
586 929 31 19 att
632 927 24 21 af
668 927 83 21 landets
765 928 81 21 indelta

98 962 124 27 lägenheter
236 962 116 19 utkräfvas.

168 996 74 20 Säsom
264 1003 25 12 ur
311 995 40 20 den
366 995 114 21 historiska
495 996 101 26 öfversigt
611 995 23 20 af
648 995 90 20 svenska
753 995 40 20 och
808 995 37 20 fin-

100 1030 38 20 ska
159 1029 151 20 härväsendets
331 1029 128 27 utveckling,
484 1029 85 20 hvilken
590 1029 7 20 i
612 1029 100 27 bihanget
731 1029 114 26 meddelas,

100 1063 60 21 torde
175 1063 88 27 framgä,
278 1063 55 20 hade
348 1063 163 27 militärtungan,
527 1064 46 19 frän
588 1065 31 18 att
627 1063 159 26 ursprungligen
795 1069 51 14 vara

100 1098 24 19 af
142 1097 98 27 personel
264 1099 67 24 natur,
355 1098 130 26 smäningom
500 1097 118 20 förändrats
633 1097 33 20 till
680 1099 31 18 ett
723 1097 121 26 jordbesitt-

100 1133 77 26 ningen
198 1131 147 28 vidhängande
368 1132 103 20 realonus.
500 1132 48 20 Men
569 1131 69 21 denna
655 1131 121 27 utveckling
791 1131 55 20 hade

100 1167 54 19 varit
169 1166 23 19 af
205 1165 145 27 väsendtligen
366 1166 147 26 tväggehanda
536 1168 38 23 art,
590 1165 105 20 beroende
711 1165 23 20 af
747 1165 26 20 de
789 1165 57 20 olika

101 1201 105 19 formerna
231 1200 32 20 för
285 1199 69 21 denna
373 1200 77 20 bördas
472 1199 122 28 utgörande.
625 1193 19 26 Ä
662 1205 40 14 ena
717 1199 59 20 sidan
791 1199 55 20 hade

100 1233 106 27 nämligen
222 1233 40 20 den
277 1233 80 20 indelta
371 1234 122 26 rustningen
508 1233 88 20 sålunda
610 1233 137 26 uppkommit,
759 1235 32 17 att
798 1232 47 21 kro-

100 1274 37 13 no-
153 1267 39 19 och
208 1267 178 20 skattehemmans
402 1267 64 20 äboer
481 1269 44 18 mot
540 1267 122 26 åtnjutande
674 1266 23 20 af
702 1266 144 26 hvarjehanda

100 1300 116 26 lindringar
231 1301 6 18 i
252 1302 86 18 räntans
360 1301 123 26 utgörande,
499 1301 119 26 förpligtats
634 1302 31 18 att
678 1300 107 26 uppställa
798 1300 49 19 häst

102 1333 39 20 och
156 1333 53 20 karl.
239 1327 19 26 Ä
274 1339 25 14 en
315 1339 68 14 annan
399 1334 45 19 sida
458 1333 55 20 hade
524 1334 45 19 åter
580 1333 105 26 allmogen
695 1339 76 20 genom
779 1333 66 20 knek-

101 1366 149 20 tekontrakten
266 1366 107 20 förbundit
388 1367 32 26 sig
435 1367 32 19 till
482 1367 40 19 den
537 1367 56 19 fasta
607 1367 127 26 roteringen,
753 1367 7 18 i
775 1366 72 20 stället

102 1401 32 19 för
149 1400 26 20 de
198 1400 101 20 derintills
321 1400 85 27 vanliga
421 1400 185 27 utskrifningarna,
622 1402 44 18 mot
680 1400 53 20 Yden
748 1399 97 20 fullkom-

101 1435 44 26 liga
160 1434 125 27 försäkring,
301 1436 31 19 att
347 1435 23 20 sä
384 1435 62 26 länge
461 1435 27 26 pä
504 1435 60 20 deras
580 1434 45 21 sida
642 1435 54 20 intet
711 1434 28 20 fel
754 1434 91 27 förspör-

100 1470 39 26 jes,
155 1469 35 20 det
205 1475 45 14 som
264 1469 90 20 utläfvat
369 1471 23 18 är
407 1471 31 18 att
453 1469 145 26 efterkomma,
614 1469 33 26 de,
663 1469 60 20 deras
738 1468 53 21 barn
806 1468 40 20 och

174 1514 196 24 Värnepligtsutskottets
382 1515 111 17 Betänkande
505 1513 32 19 N:o
550 1515 16 17 1.
