1036 1703
314 141 29 20 U.
355 143 31 18 B.
399 153 22 3 —
432 143 79 23 Prop.
524 143 45 18 N:o
581 141 41 20 44.
767 142 31 21 23

103 209 44 27 gier
162 210 23 21 af
197 211 24 20 är
245 210 60 26 1723,
329 210 73 22 hvilka
424 211 94 22 deremot
537 212 88 28 intagits
639 212 7 20 i
660 212 108 27 ingressen
790 211 34 21 till

102 243 39 21 den
156 244 23 21 af
194 244 108 22 Utskottet
314 242 111 24 förordade
439 245 153 29 författningen
604 246 24 21 af
636 245 185 28 grundlagsnatur.

100 278 33 21 Då
148 278 75 28 Kongl.
239 279 148 27 Kungörelsen
402 279 40 21 den
457 280 27 20 24
499 279 89 22 Januari
606 280 51 21 1781
681 281 25 19 är
719 280 8 20 i
741 280 80 27 ingres-

100 319 38 14 sen
152 312 120 28 föreslagen
287 315 32 19 att
333 313 125 27 upphäfvas,
473 314 39 21 har
534 314 109 21 Utskottet
663 314 49 21 bort
725 314 100 24 häremot

101 347 108 26 anmärka,
224 349 31 20 att
268 347 7 21 i
291 347 64 28 sagde
370 347 132 28 Kungörelse
514 347 147 27 förekommer,
673 347 65 22 bland
751 349 71 25 annat,

101 381 36 21 det
151 382 58 20 ännu
222 381 99 28 gällande
337 381 132 28 stadgandet,
485 383 32 20 att
531 382 80 21 hofrätt
626 383 24 20 är
661 382 69 21 forum
743 382 33 21 för
790 389 33 14 re-

99 415 195 29 ligionsprocesser,
309 416 81 21 hvilket
404 416 93 21 hvarken
511 416 70 22 blifvit
595 416 51 22 eller
661 416 81 21 kunnat
757 417 65 20 ersät-

100 451 33 20 tas
148 457 76 20 genom
238 451 66 27 nägot
319 452 47 26 nytt
381 450 117 28 stadgande
512 451 7 20 i
535 451 40 21 den
595 450 121 28 föreslagna
740 450 83 22 förord-

99 485 85 27 ningen.
213 484 82 23 Jemväl
309 485 68 27 ligger
392 485 51 21 1781
460 486 35 20 ärs
511 484 133 29 Kungörelse
659 485 32 21 till
705 485 70 28 grund
790 485 34 21 för

100 518 120 29 Kejserliga
235 519 186 28 Förordningarne
435 519 24 21 af
472 519 41 22 den
529 519 9 21 1
554 519 61 28 April
632 519 53 21 1812
700 519 39 22 och
754 519 40 22 den
810 520 13 20 4

100 553 119 22 November
232 555 53 20 1836
297 556 55 19 samt
366 553 151 28 kompletterar
531 554 62 21 dessa
601 553 156 28 författningar,
772 554 52 21 hvil-

100 589 28 20 ka
142 588 44 21 tills
200 588 73 21 vidare
288 588 84 21 komme
388 590 32 19 att
434 588 108 27 tillämpas
562 589 12 20 ä
588 588 159 29 grekisk-ryska
769 590 55 19 tros-

100 623 129 25 förvandter,
245 624 50 19 enär
312 623 31 25 11,
361 623 24 20 12
401 623 39 21 och
457 623 25 20 13
499 623 23 27 $$
537 623 7 20 i
561 622 53 21 1812
632 623 34 20 års
688 624 54 19 samt
757 623 12 20 5
785 623 39 20 och

101 657 13 20 6
130 656 44 28 88
167 652 14 37 i
194 657 53 20 1836
263 657 34 21 års
320 656 125 28 förordning
463 657 83 21 komme
568 658 32 19 att
618 663 75 21 genom
714 657 110 27 ingressen

101 690 77 22 ändras
201 690 55 22 blott
277 690 7 21 i
306 690 100 22 afseende
431 692 13 20 ä
459 690 67 22 andra
547 690 167 22 icke-lutherska
734 691 90 21 trosför-

100 724 95 26 vandter,
210 732 48 14 men
273 725 47 21 icke
335 724 131 22 beträffande
481 725 26 21 de
518 724 98 28 grekiske
623 725 200 21 trosbekännarene.

102 759 29 21 Af
144 759 69 21 denna
227 759 114 27 anledning
355 759 39 21 har
408 759 110 21 Utskottet
532 760 53 21 trott
599 759 109 27 ingressen
720 759 55 21 böra
790 766 36 14 an-

101 793 62 27 gifva,
179 795 32 19 att
223 793 51 21 1781
291 794 34 20 ärs
341 793 124 28 förordning
485 793 106 28 undergär
605 794 96 27 ändring,
718 800 47 14 men
780 793 47 21 icke

101 830 32 18 att
148 827 40 21 den
203 827 124 27 upphäfves.
356 827 82 22 Jemväl
454 827 61 22 torde
529 828 116 27 ingressen,
671 828 48 21 med
741 828 85 26 hänsigt

101 862 34 21 till
150 861 40 22 den
204 862 7 21 i
225 862 62 27 fräga
301 863 57 20 satta
373 862 120 28 borgerliga
507 862 81 21 formen
609 862 35 21 för
666 862 120 22 afslutande
805 861 23 22 af

103 896 123 28 äktenskap,
247 896 54 22 böra
320 897 90 27 angifva,
431 898 32 20 att
476 896 54 22 hvad
548 898 9 20 1
574 897 11 27 &
601 898 11 20 9
627 896 48 28 kap.
691 897 39 21 och
748 897 8 20 1
774 897 11 27 $
801 897 26 20 10

102 932 48 27 kap.
166 931 201 22 Giftermälsbalken
381 932 108 21 innehälla
503 933 55 20 samt
572 930 79 22 allmän
664 931 35 27 lag
713 930 35 22 för
763 930 64 28 öfrigt

103 973 34 14 om
152 965 83 29 kyrklig
249 966 67 28 vigsel
331 966 86 28 stadgar
431 966 62 21 äfven
508 965 118 22 förändras.

158 1000 41 22 Vid
215 1000 155 28 granskningen
386 1000 24 21 af
422 1000 26 21 de
463 1000 105 21 särskilda
575 999 153 28 paragraferna
741 999 39 21 har
788 998 40 22 Ut-

103 1035 80 20 skottet
197 1036 71 19 ansett
281 1034 32 28 sig
327 1035 53 20 böra
394 1034 101 22 särskildt
509 1033 112 22 framhålla
635 1033 93 28 följande
741 1033 30 28 $$,
780 1039 48 15 men

102 1069 73 21 kunna
188 1069 71 21 lemna
274 1069 25 20 de
315 1068 69 28 öfriga
397 1071 52 18 utan
465 1068 145 28 anmärkning.

158 1103 47 20 Den
219 1103 108 21 åtskilnad
341 1103 6 20 i
362 1103 103 27 rättighet
479 1102 34 22 för
526 1102 132 21 främmande
678 1102 81 21 kristne
773 1103 54 20 tros-

103 1137 122 22 bekännare
240 1138 32 20 att
285 1138 101 27 antingen
402 1137 54 22 blott
470 1137 22 22 få
506 1137 58 21 hålla
581 1136 97 22 enskilda
696 1136 134 28 religionsöf-

103 1173 82 26 ningar,
201 1172 52 20 eller
269 1172 40 20 ock
321 1171 78 28 jemväl
414 1172 21 20 få
451 1171 73 21 utöfva
538 1172 32 20 sin
589 1171 89 27 religion
701 1170 129 28 offentligen,

104 1212 46 15 som
165 1206 24 20 är
203 1204 61 29 gjord
279 1205 7 21 i
303 1206 9 20 1
329 1206 17 27 $,
362 1206 39 21 har
415 1205 110 22 Utskottet
538 1206 29 27 på
590 1205 59 21 förut
672 1204 89 22 anförda
784 1203 46 22 skäl

104 1240 34 20 för
153 1240 33 20 sin
200 1239 33 21 del
248 1239 100 28 godkänt,
364 1240 27 21 då
407 1240 36 21 det
457 1240 18 28 ej
493 1240 40 21 bör
553 1240 73 20 kunna
648 1239 84 21 komma
745 1239 8 20 i
771 1238 61 28 fråga

106 1276 32 19 att
152 1274 79 21 sådane
245 1274 176 26 trosförvandter,
436 1274 82 22 hvilkas
533 1273 47 22 lära
599 1272 51 22 eller
672 1272 158 22 samfundsord-

105 1308 51 27 ning
171 1308 77 20 strider
262 1310 57 19 emot
333 1308 35 27 lag
383 1308 51 22 eller
444 1308 109 28 sedlighet,
560 1308 61 21 skola
631 1308 21 21 få
663 1307 122 28 offentligen
798 1309 33 19 ut-

107 1342 48 20 öfva
170 1341 32 21 sin
217 1341 97 27 religion,
330 1348 34 14 om
379 1341 36 21 det
429 1342 27 20 än
471 1342 35 20 må
520 1342 72 20 kunna
613 1341 80 21 tillåtas
716 1341 47 20 dem
778 1343 31 18 att
824 1341 7 19 i

106 1375 47 21 sina
168 1375 47 20 hem
230 1374 22 21 få
266 1374 93 21 enskildt
373 1375 91 20 förrätta
479 1375 46 20 sina
536 1374 200 27 religionsöfningar
752 1375 24 20 så
788 1373 46 21 vidt

107 1409 25 22 de
146 1409 47 21 icke
208 1409 81 21 kränka
303 1408 35 28 lag
353 1408 52 21 eller
420 1408 108 28 sedlighet.

163 1443 41 22 Vid
219 1443 12 21 2
246 1443 11 28 $
272 1443 39 22 har
325 1443 58 21 inom
398 1443 109 21 Utskottet
526 1442 79 29 yrkats,
624 1444 32 20 att
674 1442 32 21 till
728 1441 67 29 skydd
810 1448 20 14 e-

107 1480 45 20 mot
166 1477 220 22 romersk-katholska
399 1477 93 29 kyrkans
507 1477 139 28 propaganda
660 1477 66 21 borde
741 1476 7 21 i
764 1476 68 21 denna

180 1518 138 23 Lagutskottets
331 1517 115 18 betänkande
458 1516 34 19 N:o
505 1517 25 18 14.

856 1107 11 26 $
877 1107 23 26 1.
