1039 1692
289 148 28 22 U.
333 149 29 22 B.
379 162 26 3 —
419 148 74 29 Prop.
510 148 44 23 N:o
569 148 36 22 36.

315 372 219 24 Bankutskottets
545 372 95 30 förslag
649 372 42 23 till
700 378 126 18 samman-

242 412 158 31 jemnkning
421 412 29 23 af
469 412 124 24 Ståndens
613 411 154 31 skiljaktiga
785 412 40 23 be-

245 452 54 24 slut
325 452 8 23 i
355 452 139 30 anledning
515 452 27 23 af
561 452 94 30 nådiga
676 451 147 31 propositio-

245 499 51 17 nen
313 499 40 16 n:o
371 492 32 23 36
421 492 131 30 angående
569 491 108 31 ändring
693 491 29 24 af
731 492 94 30 nådiga

245 532 179 31 förordningen
443 533 49 23 den
509 532 28 24 13
556 532 75 30 April
648 532 61 24 1874
727 539 42 17 om
781 538 42 18 va-

245 572 101 24 lörerna
364 572 15 23 å
396 572 121 24 Finlands
535 572 83 24 banks
636 572 154 31 sedelmynt.

143 624 70 21 Sedan
228 623 165 21 Bankutskottet
406 623 7 21 i
423 623 37 21 sitt
470 623 48 21 med
528 623 115 27 anledning
653 623 23 21 af
684 623 140 22 förenämnda

74 658 78 27 nädiga
173 658 131 26 proposition
324 657 80 27 afgifna
421 658 133 21 betänkande
572 658 39 20 hos
630 658 119 21 Ständerna
768 658 56 22 före-

75 693 70 26 slagit,
165 693 36 21 det
220 692 119 22 Ständerna
357 692 50 21 ville
426 692 38 21 hos
483 692 58 21 Hans
560 692 120 26 Kejserliga
699 692 103 27 Majestät
817 692 7 22 i

74 727 169 26 underdänighet
258 726 86 22 anhälla
358 728 32 19 att
399 726 200 27 Bankfullmäktige,
611 732 75 20 genom
696 726 128 22 utfärdande

74 761 64 26 nädig
153 761 125 26 förordning
293 760 7 21 i
315 762 77 24 ämnet,
407 760 66 22 mätte
488 760 117 27 berättigas
621 762 31 20 att
667 760 44 22 läta
720 760 105 28 anbringa

74 795 248 22 namnunderskrifterna
341 795 13 21 &
368 795 101 21 Finlands
484 795 68 21 banks
567 795 71 21 sedlar
653 795 23 21 af
690 796 59 26 lägre
764 795 60 21 valör

73 832 27 20 än
115 830 29 22 50
155 830 60 22 mark
229 836 75 21 genom
318 830 61 27 tryck
392 830 52 21 eller
455 830 113 27 stämpling
578 831 56 19 samt
644 830 31 21 att
685 829 139 22 handskrifna

73 865 189 26 namnteckningar
281 865 95 21 deremot
394 865 66 21 borde
478 865 118 21 bibehållas
611 864 14 21 å
639 864 77 27 sedlar,
732 865 92 26 lydande

72 901 13 20 å
103 901 28 20 50
149 900 61 21 mark
229 899 54 22 eller
301 898 104 27 deröfver,
423 899 64 22 hafva
505 899 94 22 Ständen
617 899 35 21 vid
667 899 157 27 behandlingen

72 935 23 21 af
109 935 58 21 detta
183 935 84 26 ärende,
283 935 28 26 på
325 935 43 20 sätt
383 933 23 22 af
419 934 26 21 de
460 934 33 21 till
508 934 110 21 Utskottet
635 933 106 28 ingångna
751 936 72 25 proto-

72 969 161 26 kollsutdragen
252 968 100 27 framgår,
371 970 85 20 stannat
471 969 35 21 vid
521 968 57 22 olika
593 968 71 21 beslut
679 969 96 26 sålunda,
791 970 32 20 att

72 1003 156 26 Ridderskapet
243 1003 39 21 och
297 1002 75 27 Adeln,
388 1003 49 21 med
448 1003 112 27 afböjande
571 1003 24 21 af
603 1003 120 21 Utskottets
734 1003 87 26 förslag,

71 1037 91 22 beslutit
180 1039 31 19 att
230 1037 67 27 enligt
315 1037 40 21 den
373 1037 78 26 nådiga
471 1037 157 27 propositionen
644 1037 26 22 de
684 1038 7 20 i
707 1037 116 27 kejserliga

72 1071 151 28 förordningen
241 1071 24 22 af
281 1071 42 22 den
338 1071 28 21 30
381 1071 96 22 Oktober
493 1072 54 21 1876
561 1072 88 27 intagna
663 1071 159 28 bestämningar

71 1107 119 21 tillsvidare
209 1106 60 21 skola
287 1106 67 21 blifva
371 1106 106 27 gällande,
493 1108 55 20 samt
562 1106 167 27 Presteståndet,
742 1107 80 26 jemväl

71 1141 49 21 med
139 1141 138 21 förkastande
296 1140 23 22 af
336 1140 161 27 ifrågavarande
516 1141 140 26 betänkande,
672 1141 6 20 i
695 1142 48 21 dess
759 1141 63 22 ställe

72 1176 95 26 godkänt
184 1175 137 22 merberörda
339 1175 78 26 nådiga
436 1176 137 26 proposition,
592 1176 111 21 hvaremot
717 1176 105 27 Borgare-

73 1210 39 21 och
127 1209 164 22 Bondestånden
307 1209 138 22 oförändradt
455 1210 93 27 godkänt
559 1210 38 21 och
608 1210 81 27 antagit
699 1210 122 22 Utskottets

72 1244 87 26 förslag.

140 1278 58 21 Enär
212 1278 64 21 alltså
291 1280 76 19 tvenne
383 1279 66 21 Stånd
464 1280 51 19 utan
530 1278 146 27 skiljaktighet
691 1279 84 21 förenat
788 1279 33 26 sig

72 1317 34 15 om
125 1311 122 21 Utskottets
262 1313 80 25 förslag
357 1313 40 20 och
412 1314 26 19 de
453 1315 76 18 tvenne
545 1313 66 20 andra
627 1313 93 21 Stånden
736 1314 86 20 stannat

71 1345 36 21 vid
126 1344 93 21 derifrån
238 1345 119 27 afvikande,
374 1352 47 15 men
437 1346 32 27 sig
485 1346 90 21 emellan
590 1348 52 19 nära
657 1346 164 21 öfverensstäm-

71 1379 77 22 mande
167 1379 76 26 beslut,
263 1379 33 22 får
311 1379 170 28 Bankutskottet,
497 1379 74 22 såvida
587 1380 183 27 samstämmighet
783 1386 37 21 ge-

71 1420 49 16 nom
135 1413 70 28 någon
220 1415 82 20 mindre
315 1413 110 29 jemkning
440 1415 46 21 icke
502 1415 61 21 torde
577 1414 72 22 kunna
659 1414 161 28 åvägabringas,

72 1449 108 22 vördsamt
195 1448 119 23 hemställa.

140 1489 67 23 Bilaga
219 1489 27 17 till
258 1490 137 18 Bankutskottets
407 1490 102 17 betänkande
522 1490 34 17 N:o
569 1490 17 17 3.
