1045 1686
418 153 56 22 N:o
491 152 55 23 40.
796 154 26 21 27

100 221 46 26 tige
161 221 48 20 från
224 221 73 26 hvarje
312 221 108 26 kommun,
436 227 46 14 som
497 221 40 21 har
551 221 66 21 minst
632 221 100 21 tvåtusen
743 221 109 22 invånare.

101 255 107 20 Kommun
230 255 48 21 med
297 255 83 20 mindre
396 255 125 26 befolkning
536 255 141 21 sammanslås
692 255 49 21 med
755 257 98 20 närmast

100 288 57 21 intill
172 288 92 26 belägna
279 288 101 22 kommun
395 288 33 21 till
444 290 32 19 ett
491 288 199 26 lottningsområde.

446 350 11 27 8
474 350 33 22 82.

173 390 67 21 Innan
260 390 120 26 lottningen
395 390 105 27 vidtager,
516 396 118 21 uppmanas
651 390 25 22 de
692 390 23 21 af
729 390 26 21 de
770 390 82 28 uppbå-

100 424 61 27 dade,
179 431 45 15 som
239 426 53 20 utan
306 424 94 27 lottning
416 424 51 27 vilja
482 424 85 22 inträda
581 425 8 20 i
599 424 59 22 aktiv
668 425 73 26 tjenst,
752 427 33 19 att
795 425 58 27 gifva

100 459 78 21 sådant
194 459 110 26 tillkänna,
321 459 109 21 hvarefter
445 459 6 20 i
467 459 158 27 ordningsföljd
639 458 48 22 från
702 459 41 21 N:o
759 461 10 19 1
785 459 68 27 uppåt

102 493 45 21 lika
161 494 78 26 många
253 493 116 21 numerade
384 493 114 21 lottsedlar
514 492 103 28 afskiljas,
635 499 45 15 som
696 493 82 21 antalet
793 494 23 20 af
825 494 26 21 de

101 528 48 21 från
164 527 204 27 lottningsområdet
382 527 110 22 inkallade
506 533 109 21 personer,
630 527 73 22 hvilka
718 528 52 21 böra
784 529 7 20 i
802 528 51 21 lott-

101 563 79 25 ningen
203 562 92 26 deltaga.
326 561 70 21 Sedan
420 562 64 20 dessa
501 561 114 21 lottsedlar
633 562 23 20 af
673 562 178 22 kommissionens

102 596 129 21 ordförande
253 596 71 20 blifvit
346 595 100 21 försedde
463 595 49 21 med
526 595 67 27 något
611 596 239 27 igenkänningstecken,

99 630 113 27 hoprullas
235 630 108 21 desamma
366 631 55 20 samt
439 629 126 22 omblandas
584 630 38 20 och
639 630 98 26 inläggas
751 631 7 20 i
774 636 26 15 en
815 636 36 21 ge-

100 664 132 26 nomskinlig
247 665 108 26 glasurna.
385 664 33 21 De
434 664 31 21 till
482 664 120 26 lottningen
617 664 128 27 uppbådade
764 664 35 22 må
818 665 33 27 sig

103 699 90 21 emellan
208 700 49 20 utse
273 698 78 22 ombud
366 698 33 21 för
415 699 32 20 att
462 698 116 22 öfvervaka
592 698 188 27 hopblandningen
794 698 23 22 af
826 700 26 21 de

100 733 181 22 sammanrullade
297 733 146 27 lottsedlarne,
459 733 65 21 innan
540 733 26 21 de
581 732 96 28 inläggas
693 733 7 20 i
715 740 74 14 urnan.

446 796 11 26 8
473 796 33 20 83.

174 836 41 20 Vid
238 836 120 26 lottningen
380 842 109 20 uppropas
512 836 26 20 de
560 836 72 20 dertill
654 836 107 21 inkallade
779 842 74 20 perso-

101 875 66 16 nerne
189 869 8 20 i
221 870 40 20 den
280 869 91 26 ordning
389 869 26 21 de
434 869 71 21 blifvit
519 869 84 21 införde
625 869 7 20 i
655 869 197 28 uppbädslängden.

102 904 60 21 Hvar
178 903 39 21 och
233 910 32 19 en,
282 909 46 15 som
343 909 108 20 uppropas
468 903 40 20 och
522 905 24 19 är
561 903 137 26 personligen
713 904 53 21 eller
776 910 77 19 genom

102 938 80 21 ombud
204 937 108 21 tillstädes
331 939 87 24 uttager
436 943 26 14 en
478 937 41 21 lott
534 937 40 21 och
588 937 34 21 för
637 936 143 22 fränvarande
795 939 58 20 utta-

102 979 37 20 ges
163 972 41 21 lott
227 971 22 22 af
266 971 203 21 tillstädesvarande
487 971 129 21 anförvandt
635 971 52 21 eller
702 971 39 21 ock
757 971 23 21 af
793 972 60 21 kom-

101 1007 130 21 missionens
254 1005 135 22 ordförande.
419 1005 89 22 Lottens
531 1011 96 15 nummer
647 1005 66 26 jemte
736 1011 117 21 personens

102 1047 65 15 namn
182 1041 40 20 och
236 1040 54 21 hans
306 1046 96 15 nummer
417 1040 7 20 i
440 1039 191 27 uppbädslängden
646 1040 102 26 uppläsas
762 1039 53 27 högt
833 1039 24 22 af

103 1075 71 26 nägon
189 1075 66 20 bland
270 1074 178 21 kommissionens
464 1074 144 25 medlemmar,
619 1073 109 22 hvarefter
738 1073 116 22 lottsedeln

103 1109 83 21 lemnas
201 1109 34 20 till
250 1108 26 21 de
287 1108 69 26 öfrige
366 1108 165 21 medlemmarne
541 1108 7 20 i
559 1107 166 21 kommissionen
735 1107 8 20 i
753 1107 102 21 afseende

104 1142 13 22 å
134 1142 133 27 granskning
286 1142 39 21 och
340 1141 129 27 anteckning
485 1141 59 21 såväl
559 1140 13 22 ä
587 1140 76 28 sjelfva
677 1141 116 21 lottsedeln
808 1147 46 15 som

103 1177 8 21 i
127 1177 198 26 uppbådslängden.
345 1176 31 21 På
391 1181 81 16 samma
484 1175 56 27 gång
550 1175 117 21 antecknas
677 1175 8 21 i
695 1175 92 21 lottlista
797 1181 59 15 nam-

104 1212 37 19 net
163 1211 28 26 på
214 1211 41 20 den
277 1210 33 21 för
332 1210 64 21 hvars
415 1209 91 26 räkning
524 1209 69 21 lotten
611 1209 92 26 uttagits
719 1209 67 26 jemte
801 1209 54 21 hans

104 1250 98 15 nummer
220 1245 7 20 i
245 1243 199 28 uppbådslängden.
474 1243 73 26 Derpå
562 1243 105 21 utlemnas
683 1243 68 21 lotten
767 1243 33 21 till
815 1243 42 21 den

104 1279 132 26 uppropade,
246 1285 34 15 om
288 1278 42 21 han
342 1278 50 27 sjelf
402 1278 81 27 uttagit
494 1277 128 26 densamma,
639 1283 48 16 men
700 1283 34 15 om
749 1277 106 27 lottdrag-

104 1313 79 26 ningen
199 1313 59 20 skett
276 1318 76 21 genom
372 1318 70 15 annan
459 1318 85 20 person,
564 1312 23 20 åt
609 1311 74 26 denne,
706 1311 34 21 för
762 1313 33 19 att
817 1311 41 21 den

105 1346 126 21 uppropade
246 1345 116 22 tillställas.

120 1353 69 20 pprop
450 1373 11 28 s
478 1373 34 21 84.

177 1414 131 27 Lottningen
323 1414 49 21 med
386 1413 156 27 värnepligtige
558 1412 48 22 frän
622 1414 31 20 ett
665 1412 194 27 lottningsomräde

106 1450 40 21 bör
165 1455 34 15 om
214 1449 84 27 möjligt
314 1448 102 22 slutföras
431 1448 28 27 pä
475 1454 27 15 en
518 1448 47 26 dag.
595 1447 48 21 Kan
659 1447 77 21 sädant
750 1447 47 21 icke
813 1448 45 26 ske,

108 1484 25 21 sä
148 1484 113 21 fortsättes
273 1483 87 21 dermed
370 1482 94 28 följande
475 1482 47 27 dag,
531 1484 61 20 utom
602 1482 13 21 ä
625 1484 48 20 sön-
684 1482 53 21 eller
747 1482 113 26 helgedag.
