1017 1650
242 123 27 21 28
398 121 86 23 Ständ.
501 122 39 23 Sv.
557 135 25 3 —
598 121 73 29 Prop.
687 121 46 23 N:o
748 120 35 24 37.

283 196 1 11 1
854 199 1 3 i
928 194 1 4 |
962 193 2 14 1

283 208 1 10 |
853 206 2 15 i
962 208 2 12 i

283 225 1 25 |
299 226 113 28 Skiljobref
422 227 9 21 i
444 228 96 26 fästning
556 228 46 20 eller
618 227 125 26 äktenskap:

354 261 34 27 för
402 262 152 26 ständsperson
590 278 4 4 .
626 278 4 4 .
696 278 5 4 X
732 278 5 4 M
769 278 4 4 S
804 278 3 4 s
839 278 4 4 p
898 261 62 22 10—|

355 296 32 26 för
402 296 69 27 öfriga
485 274 180 52 sämhällsklässer
803 312 40 4 0.
910 296 14 21 5

282 313 2 59 |
299 330 187 28 Tillständsbdiljett,
502 338 22 14 se
534 337 61 21 pass.
928 342 1 14 |

282 373 2 16 |
299 365 231 21 Tällständsresolution
546 365 36 22 och
601 365 49 27 bref,
673 372 22 14 se
717 364 127 22 naturalisa-

282 390 3 31 |
357 400 64 21 tions-
436 400 37 21 och
483 400 154 27 privilegiibref.

283 423 1 32 |
302 419 25 46 Tr
299 434 166 27 Transportbref,
481 441 23 15 se
515 435 101 26 fullmakt.
928 440 1 12 |

282 456 3 39 |
306 452 20 48 Wi
303 468 70 34 Vapen
389 469 36 21 och
438 469 197 27 vapenförändring,
651 475 22 15 se
692 468 83 27 diplom.

282 496 36 39 jO
317 505 51 25 Ippet
382 503 48 27 bref
442 504 13 20 &
471 503 192 22 utmärkelseteeken
685 504 34 27 för
742 503 103 28 oförvitlig

283 545 2 20 i
356 538 62 28 ljenst
447 533 12 38 «=
484 555 39 5 so
556 555 38 5 ss
626 537 333 23 koskaa
836 533 29 38 sj
893 533 70 38 20-

597 607 15 27 $
629 609 18 19 6.

350 658 131 28 Afhandling
496 659 85 22 emellan
596 658 93 22 enskilda
699 666 102 20 personer
818 660 55 20 samt
887 658 79 28 förbin-

282 694 55 22 delse
352 694 36 22 och
403 701 71 15 annan
489 694 68 27 skrift,
576 701 45 15 som
643 694 26 28 af
687 694 81 22 enskild
789 701 50 15 man
860 694 105 28 utfärdas,

281 730 36 20 må
332 728 90 28 skrifvas
433 730 33 26 på
486 729 128 27 ostämpladt
631 735 88 21 papper,
742 736 47 14 men
811 729 42 26 bör,
875 728 30 22 då
927 729 39 21 den

280 764 77 26 företes
371 764 36 20 vid
428 764 90 21 domstol
538 764 48 21 eller
608 763 200 28 embetsmyndighet,
831 764 68 26 förses
920 764 47 21 med

281 798 115 26 stämpladt
407 804 83 21 papper
504 798 46 21 eller
565 798 174 26 stämpelmärken
755 798 26 26 af
792 798 33 21 det
839 798 71 26 värde,
921 804 45 16 som

281 832 40 21 här
334 832 114 27 nedanföre
462 832 34 28 för
510 832 70 28 hvarje
594 832 38 28 fall
645 832 69 27 finnes
729 834 78 24 utsatt;
823 832 36 21 och
867 833 25 20 är
900 834 65 20 stäm-

276 866 130 28 pelbeloppet
421 866 102 22 bestämdt
538 866 33 28 för
585 866 45 22 hela
645 866 149 27 afhandlingen
810 866 47 22 eller
872 866 93 28 skriften,

280 903 53 19 utan
349 900 95 27 afseende
459 902 14 20 å
489 900 48 22 dess
552 901 55 26 vidd,
623 900 71 22 sävidt
711 901 42 21 icke
773 900 135 28 uttryckligen
930 902 35 20 sä-

279 942 38 20 ges
332 936 31 20 att
377 935 39 21 den
430 935 116 27 faststälda
567 935 75 21 kartan
657 935 102 21 beräknas
777 935 33 27 för
831 935 70 27 hvarje
924 935 41 26 ark,

280 969 79 27 hvaraf
369 968 87 27 skriften
471 969 77 22 består.

298 1089 111 27 Aktiebref
418 1090 9 21 i
440 1089 81 26 handel,
536 1090 76 27 fartyg,
624 1090 54 21 bank
689 1090 36 22 och
735 1087 137 25 industriel!"

326 1124 118 27 inrättning
459 1124 47 21 eller
522 1131 70 14 annan
610 1124 133 27 anläggning,
759 1131 46 15 som
820 1127 26 19 är

325 1158 99 27 grundad
433 1159 33 25 pä
481 1157 75 22 aktier:

355 1193 29 20 dä
398 1193 45 20 hela
457 1193 94 20 insatsen
564 1193 34 26 för
612 1193 70 26 hvarje
704 1193 53 21 aktie
772 1194 26 19 är
813 1193 32 21 be-

382 1225 73 22 stämd
469 1225 32 22 till
513 1227 48 20 200
576 1226 47 27 Say:
638 1226 47 22 eller
708 1226 103 22 derunder
843 1244 1 4 |
897 1240 27 4 —

355 1260 117 28 derutöfver
485 1261 34 27 för
532 1261 70 27 hvarje
616 1261 53 27 fulla
683 1263 44 20 100
741 1262 68 28 Fog.
845 1280 1 4 I
896 1274 29 5 —

298 1295 118 28 Anvisning
432 1295 46 22 eller
494 1296 137 28 assignation,
646 1303 22 15 se
685 1297 144 28 förskrifning.

298 1331 196 27 Arrendekontrakt,
509 1338 23 15 se
545 1332 102 22 kontrakt.

297 1366 161 28 Assuransbref,
475 1366 103 28 förnyelse
593 1367 37 21 och
651 1367 97 28 gvittans,
765 1374 22 15 se
801 1367 44 27 för-

282 1407 3 17 |
308 1397 9 36 =
326 1401 148 27 säkringsbref.
852 1421 2 9 |

296 1436 150 27 Bodmeribref
456 1436 93 22 karteras
564 1438 73 20 såsom
651 1437 143 27 förskrifning.
853 1433 2 28 |

931 1227 29 58 SS
