1025 1700
293 113 21 23 U.
331 113 23 23 B.
370 126 28 3 —
414 113 65 29 Prop.
496 113 39 23 N:o
550 114 38 22 40.
788 113 12 21 5

80 186 74 15 serven
169 179 103 22 inskrifne
287 180 68 21 under
368 180 73 28 hvarje
456 180 23 22 af
492 180 26 21 de
537 180 103 28 stadgade
659 180 51 22 åren
725 179 63 23 skola
800 179 32 22 in-

80 214 70 21 kallas
164 214 34 21 till
212 214 150 28 vapenöfning.

148 250 69 20 Preste-
233 250 40 20 och
289 250 140 21 Bondestånden
444 250 62 21 hafva
520 250 8 20 i
543 250 41 21 den
598 249 70 22 finska
675 250 73 21 texten
756 249 77 21 ändrat

80 283 159 27 ypidettäkööt*
255 283 34 21 till
305 286 63 24 ,ovat
381 284 138 27 pidettävät*.

148 319 155 23 Borgareständet
325 318 38 20 har
384 318 90 21 beslutit
488 318 175 29 omformulering
677 318 24 21 af
714 320 116 19 momentet

82 352 87 25 derhän,
177 354 32 18 att
223 352 95 28 tydligen
332 351 36 22 mä
382 352 84 28 framgä
481 354 31 20 att
527 353 26 21 de
568 353 35 21 vid
617 360 99 14 reserven
727 353 103 21 inskrifne

81 386 61 22 skola
158 386 68 21 under
241 386 26 21 de
283 389 32 19 tre
330 386 68 22 första
416 386 51 22 åren
487 386 80 28 årligen
581 387 93 21 inkallas
689 387 34 21 till
738 387 94 28 öfnings-

81 422 78 21 möten.

150 456 49 21 Med
214 455 127 22 fränseende
358 456 23 21 af
393 456 105 28 yrkandet
512 455 29 29 pä
556 464 27 14 en
598 457 149 28 utsträckning
762 456 25 22 af
800 457 32 21 öf-

81 491 123 28 ningstiden
225 491 8 21 i
252 498 99 14 reserven
370 490 48 22 frän
438 493 27 20 90
480 491 33 22 till
529 492 40 21 120
585 492 72 28 dagar,
673 491 81 22 hvilket
768 491 64 22 fram-

82 526 62 21 stälts
160 525 23 22 af
196 525 56 22 blott
267 527 31 20 ett
313 525 67 22 Ständ
396 526 40 21 och
451 526 71 22 derför
537 527 61 21 torde
608 527 54 21 böra
671 526 93 26 förfalla,
776 526 55 28 syfta

83 561 100 28 samtliga
199 561 25 21 de
240 561 76 28 gjorda
335 561 195 29 anmärkningarna
549 561 28 28 pä
591 561 158 29 förtydligande
765 561 23 21 af
802 561 30 21 of-

82 604 41 13 van
146 596 79 21 nämda
247 596 141 26 stadganden,
412 598 40 20 och
470 597 40 21 har
527 596 116 23 Utskottet,
659 604 46 14 som
720 595 28 29 pä
763 596 69 28 grund

83 631 25 21 af
120 631 66 21 redan
202 631 91 21 anförda
307 631 48 21 skäl
370 630 48 22 frän
432 632 12 27 &
461 633 24 20 11
503 632 32 21 till
549 632 12 28 8
578 632 25 20 10
619 638 62 15 mom.
700 632 8 20 1
726 630 107 29 öfverflyt-

82 668 33 20 tat
128 666 164 28 bestämningen
307 672 34 15 om
350 673 110 15 reservens
470 666 196 28 mötesskyldighet,
674 666 80 27 jemväl
764 667 70 20 ansett

83 703 117 20 momentet
214 701 7 21 i
236 708 29 14 nu
280 701 111 28 uppgifvet
406 702 54 27 syfte
475 702 54 21 böra
544 701 128 22 omarbetas.

152 736 105 28 Slutligen
276 736 64 21 hafva
358 736 135 26 Ridderskapet
508 738 32 20 och
555 738 58 20 Adeln
629 738 54 20 samt
698 737 136 20 Bondeständet

83 771 8 21 i
106 772 11 26 $
133 771 25 21 11
175 778 63 14 mom.
254 772 13 20 3
282 771 72 28 utbytt
369 771 62 21 ordet
452 772 187 25 ,sommarmöten*
655 773 45 19 mot
716 771 118 26 ,lägermö-

83 808 47 20 ten"
154 806 85 22 hvilken
261 806 141 27 anmärkning
424 806 62 21 dock;
501 806 47 22 icke
571 808 58 26 synts
650 806 110 21 Utskottet
780 805 54 21 böra

84 840 112 22 föranleda
227 840 71 28 någon
323 840 76 29 åtgärd
424 840 47 22 från
496 841 119 21 Utskottets
645 841 53 25 sida,
722 841 52 21 enär
803 841 31 19 ett

85 874 150 23 missförstånd
269 876 23 20 af
321 876 41 21 den
391 876 23 21 af
441 876 110 22 Utskottet
579 876 123 28 föreslagna
731 875 101 21 formule-

84 911 48 28 ring
151 910 47 22 icke
218 911 62 21 torde
299 918 52 14 vara
370 912 32 20 att
418 911 81 25 befara,
521 911 110 21 hvaremot
653 911 41 21 den
710 910 22 22 af
746 910 89 21 Ridder-

85 946 77 27 skapet
177 946 40 20 och
232 946 70 21 Adeln
317 948 55 18 samt
387 945 160 22 Bondeståndet
561 945 122 29 föreslagna
693 944 141 22 redaktionen

84 980 72 22 kunde
171 980 56 28 gifva
242 980 115 27 anledning
372 980 34 21 till
421 980 41 22 den
476 980 97 28 tolkning
583 982 32 19 att
626 979 208 29 gardesbataljonen,

86 1016 67 20 ehuru
168 1015 83 21 landets
261 1015 109 27 elittrupp,
378 1015 62 21 stode
454 1015 132 21 främmande
601 1015 34 21 för
650 1015 26 21 de
691 1014 49 22 med
756 1014 26 21 de
796 1012 40 22 fin-

86 1050 39 22 ska
140 1052 117 26 trupperna
272 1050 170 22 föranstaltande
458 1057 157 21 gemensamma
628 1050 139 28 lägermöten.

154 1084 31 22 På
200 1085 69 27 grund
284 1085 23 21 af
319 1084 57 22 hvad
391 1084 90 22 sålunda
494 1085 70 21 blifvit
578 1084 86 22 anfördt
678 1083 34 23 får
728 1084 109 22 Utskottet

86 1121 39 20 hos
141 1119 94 22 Stånden
251 1120 108 21 vördsamt
374 1120 114 21 hemställa
502 1126 34 15 om
551 1119 94 28 följande
654 1118 49 22 från
713 1118 121 22 Utskottets

86 1155 91 28 tidigare
192 1155 81 28 förslag
289 1154 67 22 delvis
371 1155 112 21 afvikande
498 1155 80 28 lydelse
593 1154 34 21 för
641 1154 24 27 $$
682 1154 26 21 10
724 1154 40 21 och
781 1154 33 20 11.

431 1213 11 27 8
459 1213 33 21 10.

292 1253 139 29 Tjenstetiden
448 1255 35 26 för
498 1254 45 25 den,
558 1261 46 14 som
620 1254 33 26 på
665 1253 71 27 grund
751 1252 27 28 af
788 1252 47 21 lott-

222 1289 51 27 ning
291 1289 95 21 inträder
403 1289 9 20 i
427 1289 53 21 aktiv
496 1291 68 24 trupp,
581 1290 25 19 är
621 1288 66 21 under
700 1287 92 27 fredstid
806 1288 30 19 tre

225 1324 31 24 år,
279 1323 104 26 hvarefter
404 1323 42 21 han
460 1323 34 26 för
508 1324 34 19 två
557 1324 26 19 är
598 1322 112 26 öfverföres
726 1322 31 20 till
770 1328 66 14 reser-

222 1364 44 14 ven.
299 1356 34 21 De
352 1363 46 15 som
418 1357 123 21 omedelbart
557 1356 114 26 inskrifvas
689 1356 36 21 vid
742 1361 95 15 reserven

225 1392 86 26 gvarstä
325 1391 36 21 der
374 1391 42 27 fem
432 1392 31 25 är,
480 1391 35 21 och
531 1390 103 22 anställas
643 1390 48 22 med
700 1390 46 21 dem
757 1389 80 28 årligen

225 1426 153 27 öfningsmöten
392 1426 67 21 under
474 1426 25 21 de
515 1428 30 19 tre
558 1426 68 26 första
641 1426 57 20 åren.

160 1462 198 22 Värnepligisutskottets
370 1462 107 16 betänkande
488 1462 36 16 N:o
536 1460 16 18 3.
