1045 1689
233 151 24 19 14
427 151 25 18 U.
470 151 27 16 B.
520 160 17 4 —
555 151 80 22 Prop.
651 151 47 18 N:o
712 151 38 17 40.

204 218 81 19 fordrar
307 217 105 26 nämligen
436 218 30 17 att
488 217 106 25 synnerlig
616 217 46 25 vigt
682 216 65 20 fästes
766 216 35 19 vid
816 215 131 20 densammas

204 250 174 27 krigsduglighet,
401 250 27 25 pä
449 250 36 19 det
508 252 29 17 att
558 250 40 20 den
612 250 47 19 icke
675 249 53 20 blott
744 249 33 20 mä
792 250 7 19 i
814 250 39 19 och
869 249 32 19 för
917 249 31 26 sig

204 285 71 20 kunna
285 286 106 18 motsvara
402 283 42 20 alla
453 283 132 27 berättigade
596 283 124 27 fordringar,
732 291 44 13 som
788 284 27 25 pä
828 284 40 19 den
879 283 71 19 kunna

206 319 78 24 ställas,
299 319 50 18 utan
365 317 68 20 tillika
448 318 57 25 tjena
519 317 69 20 säsom
604 320 53 17 stam
673 317 51 20 eller
739 317 65 20 kader
819 317 32 20 för
867 317 26 20 de
912 316 37 20 tal-

205 352 70 19 rikare
290 353 191 24 reservtrupperna.
512 350 45 21 Och
573 358 60 13 anser
646 352 31 25 sig
687 351 109 20 Utskottet
811 350 74 21 härvid
900 350 50 20 böra

208 385 83 26 päpeka
298 385 98 19 hurusom
412 385 94 26 tyngden
515 385 22 19 af
545 385 68 20 denna
628 385 179 26 tidsbestämning
825 385 6 19 i
848 384 103 27 väsentlig

206 419 48 21 män
276 419 118 20 förmildras
411 419 23 19 sä
442 419 34 20 väl
487 425 76 20 genom
571 419 26 20 de
609 419 77 20 talrika
693 419 130 27 lindringar
817 415 10 35 i
833 419 118 26 värneplig-

207 457 45 16 tens
267 453 124 27 utgörande,
399 453 72 19 hvilka
481 452 23 20 af
513 453 102 20 särskilda
626 453 136 26 anledningar
773 453 123 26 medgifvas,
908 459 44 13 som

208 487 40 21 ock
270 487 24 20 af
307 487 34 20 det
349 486 116 26 stadgande
476 492 33 14 om
521 487 103 19 utsträckt
634 487 151 27 permittering,
797 493 44 13 som
853 487 24 24 i$
888 486 26 20 15
923 487 29 19 in-

208 522 58 25 förts,
275 520 80 20 hvilket
364 520 37 20 allt
409 520 37 20 har
455 520 31 19 till
492 520 81 26 påföljd
579 522 31 18 att
616 520 127 20 medeltiden
752 520 32 21 för
791 520 81 26 verklig
880 521 73 25 tjenst-

208 556 74 26 göring
297 556 6 18 i
319 554 72 20 aktiva
406 554 85 26 styrkan
507 553 48 21 icke
566 561 36 13 ens
613 554 41 20 kan
665 554 123 26 uppskattas
797 554 32 20 till
844 554 35 20 två
894 554 29 20 år.

276 589 101 19 Deremot
390 588 38 20 har
441 588 108 20 Utskottet
565 590 67 18 ansett
648 595 25 13 en
689 588 132 27 förkortning
839 588 24 20 af
873 595 79 13 reserv-

210 624 56 19 tiden
282 622 139 26 ovilkorligen
438 622 21 19 af
472 622 101 20 behofvet
585 622 105 26 påkallad.
720 622 74 20 Denna
807 622 106 27 tjenstetid
923 622 29 19 in-

209 657 61 20 faller
284 656 107 26 nämligen
407 656 64 20 under
486 663 25 13 en
527 656 147 26 lefnadsålder,
690 657 26 19 då
731 657 6 19 i
753 656 88 20 Finland
857 656 26 20 de
893 656 61 20 flesta

210 690 117 26 äktenskap
349 691 67 25 ingås,
438 690 85 20 hvarför
545 697 25 13 en
589 690 145 27 utsträckning
750 690 23 20 af
787 691 121 19 densamma
923 690 32 20 till

210 726 44 18 åtta
269 725 29 25 år,
313 724 48 20 icke
376 724 69 20 kunde
462 724 69 26 undgå
539 726 31 18 att
579 724 125 20 hämmande
715 725 112 19 återverka
837 724 26 26 på
872 724 82 20 folkök-

210 759 85 26 ningen,
318 758 109 20 äfvensom
451 760 30 17 att
505 758 87 26 menligt
609 759 83 26 ingripa
706 758 6 19 i
729 758 76 26 många
820 758 80 20 sociala
915 758 40 20 och

211 792 138 20 ekonomiska
365 792 150 19 förhållanden.
546 792 38 20 Att
602 792 40 20 den
658 792 160 27 värnepligtige,
834 792 64 20 sedan
914 793 41 19 han

212 826 54 20 ända
282 825 31 20 till
328 828 32 18 tre
375 826 33 19 års
418 826 29 19 tid
460 825 94 21 befunnit
563 826 45 26 sig
601 821 10 36 i
619 826 57 20 aktiv
689 827 144 26 tjenstgöring,
841 828 115 25 yttermera

212 860 66 19 under
293 860 44 19 åtta
353 860 29 25 år,
398 860 51 19 eller
464 860 54 20 ända
534 860 30 20 till
580 860 35 20 det
631 860 146 26 trettiotredje,
793 860 68 20 skulle
876 860 80 26 nödgas

213 894 123 26 underligga
358 893 135 27 möjligheten
513 896 30 18 att
558 894 108 26 uppbådas
682 894 31 19 till
729 894 161 26 öfningsmöten,
906 894 51 19 eller

213 928 34 19 vid
264 928 65 20 första
344 928 127 25 utbrytande
486 928 46 26 krig
547 928 89 19 inkallas
652 928 5 19 i
674 928 40 19 den
733 928 72 20 aktiva
819 929 72 18 armén
906 928 52 19 eller

212 962 7 18 i
236 961 217 26 depötbataljonerna,
469 962 59 18 detta
542 961 100 20 innebure
657 962 33 19 för
704 962 76 20 honom
797 964 30 17 ett
839 962 62 25 tvång
913 968 45 13 som

213 994 130 21 förlamande
359 996 66 18 måste
440 995 111 19 återverka
565 995 27 26 på
606 995 49 19 hela
669 996 51 19 hans
736 996 69 25 öfriga
818 995 140 20 verksamhet.

213 1029 50 19 Icke
279 1028 65 20 heller
360 1035 63 19 synes
445 1028 68 20 denna
539 1029 173 26 tidsbestämning
726 1029 85 20 befinna
825 1030 32 25 sig
872 1030 7 18 i
894 1029 65 26 något

214 1062 101 26 naturligt
332 1062 130 20 förhållande
477 1062 32 19 till
525 1062 134 26 tjenstetiden
674 1063 6 19 i
696 1062 71 20 aktiva
786 1064 78 18 armén.
888 1062 72 20 Under

215 1096 35 20 det
266 1098 30 18 att
311 1095 129 27 exempelvis
462 1096 140 20 förhållandet
623 1096 75 20 mellan
714 1096 145 26 tjenstetidens
874 1096 63 26 längd
953 1097 6 19 i

216 1130 71 19 aktiva
309 1129 87 26 styrkan
420 1130 38 18 och
479 1130 39 19 den
534 1130 6 19 i
556 1136 98 14 reserven
671 1130 4 19 i
691 1130 105 26 Ryssland
811 1131 101 25 gestaltar
928 1130 32 26 sig

216 1164 68 20 såsom
293 1164 10 20 6
311 1166 27 24 :9,
347 1164 6 18 i
364 1164 102 19 Preussen
476 1164 69 19 såsom
556 1164 46 26 3:4,
612 1164 6 18 i
632 1163 115 21 Frankrike
757 1165 70 19 såsom
838 1164 12 20 5
858 1165 30 26 :4,
894 1164 67 20 skulle

216 1197 139 21 förhållandet
370 1198 6 19 i
392 1198 88 19 Finland
494 1197 66 20 blifva
575 1198 36 20 det
626 1198 22 19 af
662 1198 47 20 3:8.

283 1232 109 19 Utskottet
408 1238 43 13 som
467 1232 18 24 ej
502 1232 97 18 förbisett
613 1232 124 24 betydelsen
753 1233 23 18 af
789 1234 30 18 att
835 1233 40 19 den
890 1234 71 18 aktiva

216 1264 86 26 styrkan
325 1264 66 19 förses
414 1264 47 19 med
485 1264 76 20 talrika
583 1265 39 19 och
644 1265 149 27 stridsdugliga
807 1272 101 20 reserver,
924 1266 38 20 har

217 1298 54 20 dock
294 1299 51 19 trott
367 1298 59 19 detta
447 1298 42 19 mål
504 1300 49 18 utan
569 1298 107 26 svårighet
690 1298 71 20 kunna
775 1300 61 20 ernås
850 1300 28 26 på
893 1302 31 18 ett
938 1300 23 20 så

216 1332 34 20 väl
266 1332 47 20 med
335 1332 88 19 rättvisa
446 1332 39 19 och
504 1332 101 26 billighet,
628 1338 44 14 som
688 1332 48 21 med
758 1334 109 20 nationens
883 1334 77 21 ekono-

217 1366 67 21 miska
307 1366 102 20 intressen
424 1373 57 13 mera
498 1366 228 22 öfverensstämmande
742 1370 47 18 sätt.
819 1368 10 20 I
844 1368 70 21 stället
929 1368 33 21 för

218 1404 30 17 att
266 1401 112 27 nämligen,
398 1401 65 27 enligt
481 1401 40 20 den
543 1401 77 27 nådiga
641 1402 166 28 propositionen,
828 1410 133 21 reservorga-

217 1436 116 20 nisationen
350 1436 130 20 uteslutande
501 1436 83 20 komme
610 1439 32 18 att
656 1437 69 26 stödja
742 1437 31 27 sig
795 1439 27 25 på
837 1438 26 20 de
889 1442 73 18 värne-

218 1471 95 26 pligtige,
342 1470 72 20 hvilka
439 1470 64 20 redan
533 1472 123 26 genomgått
680 1472 41 20 den
749 1472 73 20 aktiva
851 1473 111 27 krigstjen-

289 1515 199 23 Värnepligtsutskottets
500 1516 110 17 Betänkande
622 1517 34 16 N:o
670 1516 15 17 1.
