1042 1692
212 155 26 20 30
498 155 55 22 N:o
573 155 54 23 40.

183 228 35 15 res
240 223 7 21 i
266 223 108 27 kyrkorna
392 222 39 22 och
450 223 26 21 de
495 223 71 21 lokala
581 224 138 27 tidningarna
733 224 110 22 äfvensom
858 230 77 21 genom

183 257 75 28 anslag
273 258 8 20 i
295 257 189 27 kommunalstuga
500 258 39 21 och
554 258 87 21 rådhus.

484 355 75 22 Kap.
572 355 68 19 XII.

243 407 48 22 Om
306 408 150 25 antagande
472 407 9 22 i
496 408 82 26 tjenst
592 408 50 21 och
657 408 165 28 inskrifning
832 409 48 22 vid

369 437 34 36 —
373 441 277 23 lanätvärnet.

531 499 12 28 8
559 499 34 21 89.

257 539 56 21 Före
329 538 125 27 September
469 539 88 21 mänads
573 539 81 26 utgäng
670 546 50 20 eger
735 539 204 22 distriktskommis-

187 573 75 21 sionen
278 573 124 26 bestämma,
411 573 74 20 hvilka
500 573 23 21 af
534 573 26 21 de
571 573 128 27 uppbädade
710 573 61 22 skola
781 575 7 20 i
799 574 59 21 aktiv
868 575 71 26 krigs-

187 607 66 27 tjenst
268 607 103 25 inkallas;
388 607 39 20 och
444 607 54 20 skall
513 607 133 21 inkallandet
661 607 38 21 ske
714 608 6 20 i
732 607 94 28 följande
837 609 101 26 ordning:

261 642 31 20 1:0
312 641 26 20 de
356 641 7 20 i
382 640 271 27 kompletteringslängden
669 641 51 21 Litt.
738 641 24 21 A.
777 644 111 25 upptagne
904 649 35 14 va-

187 675 89 27 penföre
290 681 112 21 personer;

259 711 34 20 2:0
310 709 32 26 de,
358 709 73 21 hvilka
447 709 67 27 enligt
529 710 10 27 $
555 710 27 21 82
598 710 46 21 före
659 710 119 27 lottningen
790 710 107 22 förklarat
907 711 33 26 sig

188 744 71 21 dertill
275 744 82 26 villige;

260 780 32 19 3:0
316 778 33 26 de,
372 777 74 22 hvilka
467 777 47 22 från
533 778 120 27 lottningen
671 778 130 22 förfallolöst
820 779 119 26 uteblifvit;

260 814 33 20 4:o
310 813 47 26 den,
377 819 46 14 som
441 813 36 20 vid
496 813 119 26 lottningen
630 813 86 20 erhållit
731 813 69 21 lotten
815 813 40 21 N:o
873 815 18 25 1,
907 819 33 16 se-

190 848 41 21 dan
247 847 41 21 den
304 853 46 15 som
368 847 98 26 utdragit
481 847 68 21 lotten
564 847 40 21 N:o
620 848 19 25 2,
657 847 38 21 och
711 847 98 22 sävidare
824 847 69 27 uppät
907 847 34 23 till

190 883 50 21 dess
255 882 81 21 antalet
351 882 42 20 blir
408 881 55 21 fullt.
493 881 46 21 Har
553 882 77 26 någon,
643 888 45 14 som
699 884 24 18 är
733 882 123 27 berättigad
866 884 33 20 att
910 882 31 22 åt-

188 918 62 26 njuta
265 916 96 27 eftergift
377 916 52 21 eller
444 916 99 26 uppskof,
555 916 87 21 erhällit
657 922 26 15 en
697 916 145 27 lottnummer,
854 916 87 22 hvilken

188 951 115 27 förpligtar
318 950 34 21 till
366 950 85 21 inträde
466 950 7 20 i
489 951 71 26 tjenst,
577 950 92 21 inkallas
679 950 8 20 i
697 950 54 21 hans
762 951 63 21 ställe
836 951 46 26 den,
895 957 45 15 som

190 985 72 27 dragit
284 986 97 19 närmast
398 984 66 26 högre
483 984 41 21 lott
543 984 39 21 och
597 984 47 21 icke
659 986 24 19 är
698 984 7 21 i
721 984 126 28 ätnjutande
863 985 23 21 af
900 985 41 21 slik

189 1019 90 21 förmän.
310 1018 118 22 Enahanda
442 1018 123 22 förfarande
580 1018 107 27 iakttages
700 1019 80 26 jemväl
791 1025 34 15 om
836 1020 47 26 den,
895 1026 46 15 som

189 1054 67 26 enligt
277 1054 153 20 lottnummern
446 1052 67 22 borde
531 1053 6 21 i
557 1053 126 27 krigstjenst
701 1053 91 27 inträda,
810 1054 45 21 står
870 1054 69 21 under

190 1088 132 26 ransakning
338 1087 51 21 eller
404 1087 66 21 tilltal
486 1087 38 21 och
540 1087 27 27 pä
583 1087 66 21 sådan
665 1088 70 26 grund
750 1088 67 26 enligt
832 1088 11 27 &
858 1088 27 21 90
895 1088 47 22 icke

190 1122 42 21 kan
247 1123 7 20 i
269 1122 68 26 tjenst
352 1123 96 25 antagas,
465 1121 52 21 eller
531 1127 33 15 om
575 1122 47 25 den,
634 1127 45 15 som
690 1121 130 22 förfallolöst
830 1122 48 21 frän
889 1128 52 21 upp-

191 1156 65 22 bädet
271 1156 115 25 uteblifvit,
406 1156 46 20 icke
472 1157 100 25 ertappas
589 1156 52 20 eller
656 1155 67 21 finnes
738 1162 53 15 vara
805 1156 34 21 till
855 1156 88 22 anställ-

190 1191 51 26 ning
256 1190 36 22 vid
308 1190 26 21 de
350 1190 72 20 aktiva
438 1192 118 24 trupperna
571 1189 88 22 alldeles
675 1190 94 26 oduglig.

262 1224 100 21 Befinnas
378 1224 26 20 de
420 1224 90 20 sälunda
525 1224 33 20 till
574 1224 58 20 aktiv
648 1224 66 26 tjenst
729 1224 91 21 utsedde
834 1224 47 21 icke
891 1224 53 26 fylla

190 1259 37 20 det
245 1258 58 20 antal
322 1258 101 25 soldater,
444 1258 73 20 landet
531 1258 34 20 för
580 1258 48 20 året
641 1258 41 20 bör
697 1258 115 26 uppställa,
828 1258 92 21 inkallas
936 1259 7 19 i

191 1292 111 22 enahanda
318 1292 91 25 ordning
424 1291 56 21 först
495 1291 26 21 de
535 1291 120 27 ynglingar,
671 1291 73 21 hvilka
759 1291 54 21 höra
827 1291 34 21 till
875 1292 69 26 tredje

190 1326 113 27 kategorin
326 1325 23 21 af
367 1326 53 26 dem,
440 1331 45 16 som
505 1325 33 21 för
553 1324 232 28 familjeförhällanden
800 1327 37 19 äro
853 1326 91 21 berätti-

189 1361 56 27 gade
264 1361 33 21 till
316 1360 102 28 eftergift,
438 1361 88 21 dernäst
545 1361 26 21 de
586 1361 7 20 i
608 1360 68 21 andra
690 1360 113 27 kategorin
819 1360 40 22 och
874 1360 69 22 slutli-

192 1402 41 21 gen
252 1396 26 21 de
298 1395 22 22 af
338 1395 68 22 första
421 1395 121 28 kategorin;
560 1395 54 22 dock
629 1395 22 21 få
667 1395 26 22 de
708 1395 33 22 till
757 1395 135 22 sistnämnda
906 1394 38 23 ka-

191 1431 70 27 tegori
283 1431 95 21 hörande
400 1436 103 21 personer
525 1430 92 21 inkallas
640 1430 77 21 endast
735 1430 28 27 pä
781 1430 70 27 grund
870 1430 23 22 af
910 1430 34 22 för

189 1465 75 27 hvarje
280 1465 56 27 gäng
352 1465 89 21 särskilt
456 1464 111 22 utfärdadt
582 1464 75 28 nädigt
672 1465 79 27 päbud.
