1025 1698
311 173 28 20 U.
351 174 28 18 B.
391 184 23 3 —
426 174 79 23 Prop,
516 175 46 18 N:o
575 175 41 19 41.
795 177 20 17 19

161 243 41 21 Till
225 244 142 21 ofvannämda
388 245 72 20 möten
483 245 184 21 afkommenderas
690 245 56 21 ifrån
765 245 74 22 aktiva

86 277 123 27 bataljonen
224 278 145 21 instruktörer
385 278 38 21 och
439 279 125 21 underbefäl
581 278 55 22 efter
651 279 69 21 behof.

158 311 28 22 Så
202 314 60 19 snart
276 312 155 21 reservbefälet
445 311 77 22 hunnit
535 314 113 25 uppsättas
658 313 122 27 öfvertager
791 314 45 21 det-

86 352 82 15 samma
185 347 212 26 reservmanskapets
419 346 100 27 kompani
535 347 99 26 öfningar
650 347 38 21 och
704 348 70 21 deltar
789 348 47 21 med

86 380 123 27 bataljonen
224 381 7 21 i
248 381 49 21 dess
313 381 118 26 lägermöte
445 381 28 27 pä
488 381 159 21 värsommaren
662 382 5 21 i
679 382 98 26 förening
788 382 48 21 med

86 415 73 21 aktiva
174 415 129 28 bataljonen,
320 415 97 26 sålunda,
433 417 33 19 att
481 415 71 22 halfva
564 416 153 21 reservbefälet
729 417 62 26 utgår
802 417 34 20 är-

86 449 56 27 ligen
158 450 33 21 till
207 450 124 21 förenämda
345 450 171 27 bataljonsmöte,
527 450 77 21 medan
615 451 67 21 andra
692 451 80 21 hälften
783 451 7 21 i
801 453 36 19 tur

87 486 141 25 gvarstannar
242 485 36 20 vid
293 484 135 27 kompaniets
440 485 111 26 samtidigt
560 485 110 27 pägäende
681 485 96 22 värmöte
788 485 48 22 med

86 519 60 20 2:dra
169 519 57 21 årets
248 519 184 27 reservmanskap,
448 519 110 22 hvaremot
573 519 49 21 hela
637 520 153 21 reservbefälet
805 520 31 21 bi-

86 553 68 22 vistar
177 554 169 27 kompanimötet
368 559 33 16 om
421 554 76 21 hösten
511 554 48 21 med
574 554 212 27 reservmanskapets
804 555 32 20 1:a

87 589 138 21 äldersklass.
248 589 42 21 Vid
306 588 175 27 bataljonsmötet
496 589 68 21 förser
580 588 72 22 aktiva
667 589 122 27 bataljonen
803 595 33 16 re-

86 623 174 28 servbataljonen
274 623 49 22 med
337 623 76 27 nödigt
428 623 160 22 befälsbiträde.

157 658 43 21 Det
218 665 28 20 ny
265 657 128 22 inträdande
412 657 200 28 reservmanskapet
627 657 102 22 beklädes
745 659 38 20 och
799 659 36 21 be-

85 693 62 21 väres
167 692 62 21 alltid
247 692 37 21 vid
299 692 68 21 första
383 692 175 27 kompanimötet,
573 692 109 21 hvarefter
697 693 138 26 persedlarne

86 728 58 27 tjena
165 727 68 21 under
252 726 121 28 päföljande
389 729 78 19 möten.
497 727 61 21 Efter
573 727 73 27 hvarje
661 729 58 20 möte
734 727 101 22 aflemnas

86 762 137 27 persedlarne
238 761 33 22 till
287 761 134 28 kompaniets
439 761 162 22 rustkammare.

156 797 62 20 Efter
240 796 108 27 förloppet
370 796 23 21 af
414 796 26 21 de
463 797 12 20 3
494 796 68 21 första
581 796 210 27 uppsättningsären,
808 797 27 20 dä

85 833 92 26 truppen
193 831 8 21 i
217 831 35 21 det
267 832 108 20 närmaste
390 831 40 21 bör
445 837 51 15 vara
510 831 136 27 fullständigt
660 831 88 27 ordnad,
760 833 37 20 äro
809 831 26 22 de

85 866 119 22 förnämsta
226 866 321 26 organisationssvärigheterna
569 866 136 26 öfvervunna,
730 866 39 22 och
792 866 43 21 kan

85 900 95 22 härefter
199 900 84 22 skridas
302 900 34 22 till
351 900 74 22 vidare
441 900 125 22 utbildande
581 900 23 21 af
618 900 48 22 dess
682 900 63 27 befäl,
763 900 71 22 särde-

85 936 32 21 les
132 935 154 22 underbefälet.

157 970 51 21 Med
222 970 85 22 inträde
320 969 23 22 af
352 970 95 26 antydda
457 970 95 21 normala
562 970 148 21 förhällanden
722 970 42 21 kan
775 971 59 26 trup-

86 1011 53 21 pens
158 1004 91 22 beständ
268 1010 62 16 anses
347 1004 136 27 säkerstäldt,
499 1005 49 21 dess
563 1004 88 28 tjenste-
667 1004 39 22 och
722 1004 113 28 krigsdug-

86 1040 68 27 lighet
168 1039 138 28 betryggade.

215 1098 41 21 2:0.
286 1096 169 28 Reservbefälets
473 1097 61 21 antal
548 1096 38 21 och
602 1096 102 28 aflöning.

157 1138 74 26 Enligt
253 1137 153 21 ofvanstäende
425 1137 73 21 bestär
512 1137 164 21 reservbefälets
692 1138 88 26 tjenste-
796 1137 38 21 och

86 1172 192 27 mötesskyldighet
300 1172 68 20 delvis
383 1172 7 20 i
405 1171 127 22 befälsmöte
554 1171 28 28 pä
604 1171 158 22 värsommaren
785 1172 48 21 med

86 1207 123 26 bataljonen
224 1208 56 20 samt
295 1206 186 27 hufvudsakligast
496 1207 7 20 i
518 1206 271 27 instruktörs-äligganden
800 1206 35 21 vid

86 1248 112 15 reservens
217 1241 174 27 kompanimöten
407 1241 20 21 d.
442 1248 19 14 v.
477 1247 16 15 s.
509 1241 67 20 under
591 1241 108 27 förloppet
715 1241 23 20 af
752 1247 83 24 summa

86 1277 12 19 2
115 1275 12 22 å
142 1277 13 20 3
171 1275 102 21 månader
288 1275 81 26 årligen
385 1275 52 21 eller
451 1275 64 26 högst
530 1275 98 26 omkring
647 1275 25 26 '/4
687 1275 30 20 är.
747 1275 88 20 Lättna-

86 1310 38 20 der
139 1310 72 20 kunna
226 1309 126 26 visserligen
367 1309 76 21 härvid
453 1309 113 21 framdeles
577 1311 63 24 göras
650 1309 34 21 för
695 1309 65 26 sagde
770 1309 64 26 befäl,

85 1349 48 16 men
148 1344 8 20 i
171 1343 74 26 början
262 1343 39 20 bör
316 1343 76 20 nämde
408 1342 200 27 tjensteskyldighet
624 1344 77 25 utgöra
716 1342 64 26 regel,
796 1343 39 20 och

86 1377 114 22 förefinnes
220 1377 84 21 således
320 1376 47 22 skäl
382 1378 33 19 att
430 1376 94 21 beräkna
539 1376 164 21 reservbefälets
719 1375 93 28 aflöning
827 1376 8 20 i

86 1411 133 23 förhållande
242 1411 32 22 till
298 1411 40 22 den
360 1411 38 26 tid,
421 1411 118 21 detsamma
562 1412 24 20 är
601 1411 119 27 sysselsatt,
735 1410 100 22 hvarföre

87 1449 123 20 densamma
232 1446 67 21 borde
321 1448 78 25 utgöra
417 1446 24 27 !/,
457 1446 23 21 af
494 1445 184 22 löneförmänerna
693 1445 34 22 för
741 1447 92 20 motsva-

87 1483 66 21 rande
168 1481 78 28 grader
260 1481 36 22 vid
311 1481 73 22 aktiva
398 1482 99 26 truppen.

136 1521 200 24 Värnepligtsutskottets
348 1521 105 18 betänkande
464 1521 33 18 N:o
509 1522 18 17 2.
