1031 1698
417 108 40 44 N:o
473 108 42 44 43,
796 112 14 21 7

328 433 262 34 Berättelse

112 520 40 16 om
166 505 167 37 fortgången
347 512 28 23 af
391 514 269 27 donationsgodsens
675 513 109 23 inlösen
798 513 8 21 i

185 554 124 22 ändamål
328 555 41 21 att
387 553 138 23 förskaffa
539 553 167 23 landboarne
721 554 13 22 å

227 595 79 22 dessa
321 594 65 28 gods
402 594 163 27 eganderätt
581 594 44 22 till
642 594 50 23 den

283 634 28 23 af
328 635 55 22 dem
399 634 154 23 bebrukade
565 634 69 28 jord.

84 701 89 25 Afgifuen
193 702 23 24 of
233 701 74 19 Finans
321 700 134 24 Empeditionen
474 700 7 18 i
493 700 104 24 Kejserliga
611 699 81 19 Senaten
701 701 35 23 för
749 700 84 19 Finland

335 735 36 19 den
385 733 14 21 2
413 735 98 18 December
525 732 58 21 1816.

150 814 38 22 Uti
215 814 41 22 den
281 814 79 27 nådiga
384 812 144 29 proposition,
561 812 121 28 ,angäende
707 812 83 22 inlösen
812 810 22 24 af

84 848 196 29 donationsgodsen
299 849 8 21 i
321 848 99 27 Wiborgs
440 848 41 22 och
501 848 32 22 S:t
551 847 90 23 Michels
658 847 56 27 län”,
733 853 47 16 som
797 846 35 22 vid

83 885 56 20 1867
155 883 35 23 års
205 883 102 28 landtdag
321 882 106 23 förelades
437 883 100 22 Finlands
553 882 28 22 då
594 881 129 23 församlade
733 881 99 26 Ständer,

81 918 87 22 täcktes
190 918 59 22 Hans
269 918 120 28 Kejserliga
410 918 103 27 Majestät
532 916 85 29 nådigst
639 915 79 23 föreslå
738 915 41 23 och
800 915 32 22 till

82 952 132 23 Ständernas
229 952 143 28 bepröfvande
388 953 136 22 öfverlemna:

152 987 42 28 1:0)
210 988 32 21 att
257 987 110 28 Styrelsen
381 987 69 22 skulle
468 987 118 28 berättigas
601 989 38 26 att,
659 987 88 22 såframt
766 988 27 21 de
812 984 22 25 af

81 1021 121 22 Ständerna
216 1021 35 22 vid
269 1023 139 20 1863—1864
424 1022 35 21 års
473 1022 102 28 landtdag
590 1022 102 27 anslagna
706 1021 71 23 medel
791 1021 41 22 och

81 1055 141 28 tilläfventyrs
237 1056 135 27 uppstäende
385 1056 140 27 besparingar
540 1056 13 21 å
563 1056 141 22 statsmedlen
714 1056 70 22 blefve
798 1056 33 21 för

80 1090 123 22 ändamålet
227 1090 146 27 otillräckliga,
402 1090 68 22 under
494 1089 130 23 Ständernas
650 1089 94 29 garanti,
774 1089 58 23 helst

79 1125 59 21 inom
152 1124 80 27 landet,
255 1126 96 26 upptaga
370 1125 32 21 ett
424 1124 219 23 amortissementslän
662 1124 24 22 af
703 1124 65 27 högst
786 1123 46 28 fyra

79 1159 99 28 miljoner
197 1158 61 22 mark
277 1158 108 27 nominelt,
404 1158 33 22 för
457 1161 32 19 att
511 1159 50 22 med
583 1158 65 23 dessa
668 1159 72 21 medel
762 1158 67 22 delvis

78 1193 98 22 bestrida
190 1192 83 23 inlösen
287 1191 24 23 af
324 1192 161 28 ifrägavarande
501 1192 231 28 donationlägenheter.

148 1227 44 26 2:0)
212 1228 33 20 att
264 1227 110 28 Styrelsen
392 1227 8 21 i
419 1227 67 22 sädan
503 1227 103 22 händelse
626 1227 69 21 skulle
712 1226 118 27 berättigas

79 1263 33 20 att
128 1261 102 27 derjemte
245 1261 69 22 under
329 1261 131 22 Ständernas
480 1261 84 27 garanti
583 1261 33 22 till
635 1260 77 28 säljare
728 1259 23 23 af
764 1260 66 22 dona-

79 1294 183 28 tionslägenheter
283 1295 90 22 utställa
395 1294 141 28 obligationer
560 1295 33 22 till
618 1296 32 21 ett
674 1293 156 29 sammanlagdt

78 1329 80 26 belopp
174 1327 22 22 af
208 1328 67 26 högst
293 1329 47 20 ätta
353 1329 98 26 miljoner
469 1329 61 20 mark
544 1328 109 25 nominelt,
671 1328 92 26 löpande
779 1328 51 20 med

77 1361 44 22 fem
135 1362 101 26 procents
251 1362 63 21 ränta
333 1361 40 22 och
393 1367 26 15 en
438 1363 100 25 procents
559 1361 53 27 ärlig
631 1361 129 26 amortering
774 1362 56 20 samt

78 1395 109 22 inlösbara
203 1394 53 23 efter
271 1395 94 22 skeende
375 1395 116 28 utlottning
506 1394 33 22 till
554 1395 24 22 sä
588 1395 56 22 stort
653 1394 79 27 belopp
742 1394 87 27 ärligen,

80 1436 46 16 som
140 1430 135 22 motsvarade
286 1429 41 23 den
338 1430 67 27 enligt
415 1430 69 21 denna
494 1429 68 28 grund
576 1429 23 22 af
607 1429 222 22 donationsbönderne

79 1465 87 28 erlagda
180 1464 159 29 inbetalningen
353 1464 13 22 å
380 1463 165 28 löseskillingen.
