1034 1695
401 155 52 24 N:ö
470 153 50 26 42.
787 157 26 22 11

94 218 142 29 kronofogde,
259 225 46 16 som
327 225 51 20 eger
396 219 95 28 lagligen
507 219 81 22 afsluta
602 219 127 27 äktenskap,
745 220 49 21 med
809 220 34 21 så-

86 253 52 22 "dan
152 253 117 26 förseelse,
284 253 69 21 som;
349 249 12 36 i
367 254 14 20 2
395 259 62 15 mom.
474 255 69 25 säges,
558 253 66 22 varde
639 253 56 21 efter
710 253 134 27 omständig-

94 287 92 22 heterna
207 287 65 21 dömd
294 287 36 21 till
344 287 63 21 böter
421 287 54 21 eller
489 288 38 21 att
537 287 49 21 från
599 287 94 27 tjensten
708 287 30 27 på
750 287 45 22 viss
809 287 34 21 tid

95 321 93 22 afhällas
204 320 53 22 eller
272 322 33 20 att
320 326 52 15 vara
386 321 124 21 densamma
524 321 110 26 förlustig.

437 383 12 28 8
463 383 35 21 21.

162 423 61 21 Hvar
245 429 46 15 som
313 422 74 21 tillhör
401 422 8 21 i
423 423 76 21 landet
513 422 119 22 bestäende
646 422 133 22 främmande
793 423 52 26 kyr-

94 457 131 22 kosamfund
247 458 57 20 samt
325 457 99 26 deltager
438 457 7 21 i
461 457 114 22 underhäll
598 456 23 23 af
639 456 50 22 dess
703 456 139 27 presterskap

96 491 40 22 och
157 490 188 28 kyrkobetjening,
365 497 52 16 vare
439 491 102 22 frikallad
556 491 48 21 från
619 491 29 20 all
664 491 100 27 persone]
779 490 64 27 afgift

95 525 35 21 till
152 525 140 26 presterskap
307 525 54 22 eller
380 525 182 28 kyrkobetjening
577 525 59 21 inom
651 524 100 23 samfund
769 525 23 21 af
805 531 37 15 an-

95 566 43 15 nan
152 559 189 22 trosbekännelse.

441 605 12 28 s
468 606 34 21 22.

111 672 9 5 =
144 640 11 41 =
164 645 82 22 Genom
269 645 71 22 denna
358 644 127 29 förordning
500 646 51 21 sker
565 645 48 22 icke
628 645 71 28 någon
714 645 92 26 ändring
821 644 24 22 af

95 680 57 21 hvad
167 680 8 21 i
190 679 102 22 afseende
303 680 12 21 &
330 679 163 28 grekisk-ryska
507 679 172 22 trosbekännare
693 681 25 20 är
733 679 109 27 stadgadt.

96 841 83 26 Förslag
198 841 34 20 till
250 841 123 27 förordning
393 841 104 27 angående
510 840 137 22 ieke-kristne
659 840 162 21 trosbekännare
835 841 9 20 i

213 875 85 21 Finland
313 875 38 21 och
366 876 47 20 dem
428 875 115 27 medgifven
558 875 172 26 religionsfrihet.

446 937 47 28 81.

165 977 120 21 Innehafva
303 977 107 22 mosaiske
429 977 171 22 trosbekännäre
617 977 57 21 finsk
691 977 153 26 medborgare-

96 1013 46 20 rätt
157 1011 40 22 och
212 1011 53 27 vilja
279 1011 28 22 de
321 1011 62 22 bilda
398 1011 94 22 särskild
507 1011 133 27 församling,
652 1011 81 22 ansöke
743 1011 40 21 hos
792 1011 52 26 Kej-

97 1051 63 16 saren
176 1051 34 16 om
225 1045 100 21 tillständ
348 1045 75 22 dertill
445 1045 40 22 och
507 1045 73 27 bifoge
601 1044 87 28 uppgift
702 1051 34 15 om
751 1044 34 21 sin
800 1044 45 21 för-

96 1079 199 28 samlingsordning
310 1081 62 25 samt,
391 1079 73 22 derest
479 1080 26 21 de
520 1079 85 22 tillhört
626 1078 218 28 evangelisk-luther-

98 1113 40 22 ska
151 1113 92 28 kyrkan,
259 1113 61 22 bevis
343 1119 35 16 om
401 1114 68 21 sädan
490 1114 100 21 anmälan
612 1113 34 22 för
664 1113 88 22 utträde
771 1113 72 26 derur,

96 1153 46 16 som
157 1148 8 21 i
180 1149 12 20 5
212 1147 12 28 &
243 1150 96 19 nämnes.
368 1148 125 22 Innehåller
511 1149 42 21 den
572 1147 105 28 uppgifna
695 1147 148 26 församlings-

97 1182 121 26 ordningen
233 1182 48 21 icke
295 1181 73 28 något,
384 1187 46 16 som
445 1185 58 18 emot
516 1183 37 26 lag
571 1182 41 21 och
633 1181 108 27 sedlighet
763 1181 81 21 strider

97 1216 41 20 och
154 1215 79 22 varder
247 1215 150 27 ansökningen
412 1216 58 27 förty
485 1216 97 26 bifallen,
598 1222 38 20 ege
652 1215 27 22 de
693 1215 96 21 sökande
799 1216 45 20 rätt

97 1251 33 19 att
144 1249 60 21 bilda
219 1249 128 27 församling
365 1251 56 20 samt
440 1249 82 22 inrätta
540 1254 110 22 synagoga
664 1249 40 21 och
719 1248 125 26 offentligen

96 1282 76 22 utöfva
186 1282 34 21 sin
234 1282 101 27 religioni

165 1311 19 26 Ä
199 1319 41 24 ort,
257 1317 40 20 der
311 1323 111 20 synagoga
436 1317 48 21 icke
499 1317 75 25 finnes,
594 1323 51 14 vare
666 1315 107 22 mosaiske
789 1316 55 21 tros-

96 1349 126 22 bekännare
238 1350 55 21 dock
315 1350 138 27 berättigade
474 1352 33 19 att
530 1349 58 22 hälla
609 1349 101 22 enskilda
731 1348 113 27 religions-

96 1383 107 28 öfningar.

126 1416 23 11 ha
353 1429 29 6 a
447 1418 12 27 8
473 1419 20 20 2.
718 1429 22 5 in

165 1452 97 23 Mosaisk
285 1453 134 27 församling,
442 1458 45 17 som
509 1453 49 21 med
579 1451 148 27 vederbörligt
744 1451 100 22 tillständ

96 1487 90 27 bildats,
208 1493 51 16 vare
280 1487 125 28 berättigad
420 1489 33 20 att
464 1487 55 28 sjelf
532 1486 60 23 kalla
605 1488 66 25 prest,
687 1487 57 21 samt
758 1485 86 28 skyldig
