1034 1695
337 166 21 24 U.
376 166 22 24 B.
416 178 26 4 —
459 166 64 30 Prop.
541 166 38 24 N:o
595 166 35 24 37.
803 168 12 20 3

96 232 104 28 landtdag
222 232 85 22 komma
330 234 32 20 att
379 233 97 27 beviljas,
492 233 25 22 så
534 232 43 22 kan
592 232 175 27 Statsutskottet,
782 232 65 22 innan

97 266 186 28 anslagsfrågorna
295 266 70 22 blifvit
379 266 23 22 af
415 266 120 23 Ständerna
550 266 101 28 afgjorda,
667 267 47 21 icke
729 267 70 21 lemna
808 267 38 21 nå-

98 306 42 22 gon
159 300 64 22 exakt
242 300 85 28 uppgift
347 302 78 21 derom.
455 302 61 21 Dock
533 301 40 21 har
587 301 170 21 Statsutskottet
771 306 76 22 genom

98 341 26 15 en
139 335 155 27 approximativ
308 335 78 28 kalkyl,
403 342 46 15 som
464 336 113 22 Utskottet
584 335 40 22 har
633 335 34 23 för
679 334 64 28 afsigt
753 336 32 21 att
793 336 54 26 jem-

97 370 35 22 väl
147 370 98 22 meddela
260 370 126 28 Ständerna,
396 370 112 28 beräknat,
518 372 33 20 att
558 370 43 22 ifall
609 370 138 22 merberörda
753 370 94 27 475,000

97 405 63 21 mark
174 404 33 22 till
222 404 132 23 statsverket
369 405 73 27 afstås,
459 411 25 15 en
499 404 120 29 förhöjning
634 405 23 21 af
665 404 98 27 samtliga
773 405 74 21 bevill-

100 439 77 28 ningar
191 440 49 22 med
255 441 91 26 300,000
362 440 52 21 eller
428 440 29 27 på
472 439 32 22 sin
519 439 51 28 höjd
585 441 91 25 400,000
691 439 62 22 mark
767 439 81 28 årligen

101 473 85 23 utöfver
201 474 37 21 det
252 474 122 22 nuvarande
389 475 102 27 beloppet
506 475 84 21 komme
605 475 34 20 att
654 473 113 23 erfordras.
796 474 53 21 Häri

100 509 61 27 ingår
176 509 55 22 dock
246 509 48 22 icke
310 509 36 22 det
361 509 74 28 anslag
450 509 23 22 af
487 515 25 16 en
527 509 73 28 miljon
615 509 66 27 mark,
698 515 47 16 som
753 508 23 22 af
784 509 63 21 Stän-

101 543 66 22 derna
188 543 99 28 beviljats
310 543 32 22 för
359 545 79 21 vården
456 543 23 22 af
494 544 76 22 sårade
589 544 40 21 och
645 543 60 28 sjuke
721 543 32 22 uti
768 543 37 22 det
819 550 29 15 nu

100 578 119 28 påstående
241 579 76 27 kriget,
340 579 77 22 liksom
432 579 113 22 Utskottet
565 579 18 28 ej
598 579 67 21 heller
679 579 83 21 kunnat
776 580 51 25 taga
841 579 8 20 i

100 613 118 28 beräkning
238 615 64 20 annat
320 613 93 23 tillskott
428 614 33 22 för
474 614 111 22 införande
600 613 23 22 af
637 613 77 22 allmän
729 613 120 27 värnepligt

100 650 28 19 än
142 648 57 23 hvad
213 648 78 28 nådiga
306 648 160 28 propositionen
481 655 33 15 n:o
530 651 27 19 41
573 649 111 27 upptager.

168 683 106 28 Slutligen
295 683 33 22 får
350 683 169 23 Statsutskottet
533 683 85 28 föreslå,
635 685 30 20 att
681 682 120 23 Ständerna
815 683 34 27 för

100 718 35 22 sin
153 718 33 21 del
206 718 113 28 godkänna
335 718 36 22 och
386 718 103 28 tillstyrka
503 718 62 22 Hans
579 718 118 28 Kejserliga
712 718 115 28 Majestäts
841 718 10 20 i

96 753 159 27 propositionen
269 753 93 21 uttalade
376 753 80 27 nådiga
471 753 65 28 afsigt
550 755 31 20 att
596 753 32 22 till
641 752 111 28 besparing
766 752 9 22 i
784 752 65 27 utgif-

101 790 58 20 terna
181 788 34 26 för
235 787 156 28 tillverkningen
409 788 26 26 af
446 788 167 27 stämpelpapper
627 787 90 27 indraga
730 786 119 28 kartasigil-

100 823 138 21 latakontoret
254 822 35 22 och
304 822 116 28 öfverflytta
435 822 49 23 dess
498 822 127 22 verksamhet
639 822 14 22 å
662 822 105 22 Finlands
779 820 69 24 Stats-

100 857 80 22 kontor.

168 927 140 28 Helsingfors,
325 927 42 22 den
381 929 13 20 2
410 927 97 22 Oktober
524 928 59 21 1877.

175 1527 134 17 Statsutskottets
321 1526 106 18 betänkande
438 1526 36 17 N:o
488 1524 26 18 10.
