1011 1689
256 96 85 23 Ständ.
359 97 39 22 Sv.
416 111 24 2 —
457 97 72 29 Prop.
546 97 45 23 N:o
606 98 34 22 37.
768 99 26 20 49

139 163 256 26 Ekonomiedepartement
415 163 53 22 skall
488 163 116 27 framdeles,
628 164 87 21 likasom
733 164 89 25 härtills,

140 198 58 27 ifrän
213 197 167 22 Landskontoret
394 198 9 20 i
418 198 56 21 länet
488 198 102 21 utlemnas
609 198 116 27 stämpladt
744 205 81 20 papper

137 233 32 26 pä
183 233 121 26 regvisition
319 232 27 27 af
362 232 151 22 vederbörande
535 232 137 27 Registrator,
696 233 80 20 hvilken
791 233 34 20 det

140 266 78 27 åligger
233 269 31 18 att
278 266 70 27 hvarje
364 267 30 25 år,
407 267 33 25 pä
455 268 44 19 sätt
520 267 70 20 derom
610 266 102 22 särskildt
734 268 25 19 är
781 267 42 25 för-

140 301 95 24 ordnadt,
252 301 31 20 till
297 300 161 28 Länestyrelsen
474 301 78 26 afgifva
567 301 65 26 ligvid
645 301 33 26 för
693 301 33 20 det
744 302 80 25 stämp-

139 335 46 22 lade
195 341 88 20 papper,
298 335 42 21 han
354 335 68 21 under
442 335 68 27 loppet
533 336 26 26 af
576 335 34 21 det
631 335 193 27 nästförutgängna

139 370 46 21 året
199 372 52 19 emot
266 369 70 22 sådan
350 370 121 27 regvisition
486 369 87 22 erhållit.

211 404 40 21 Vid
265 405 160 27 Länestyrelsen
440 405 8 20 i
467 404 83 28 Wiborg
565 412 45 20 eger
623 404 202 22 kanslibokhållaren

139 438 101 27 likaledes,
257 440 54 20 emot
325 438 259 29 redovisningsskyldighet
598 439 34 27 för
646 439 129 28 kalenderår,
793 440 32 26 på

139 473 92 28 skriftlig
247 474 26 26 af
285 473 105 22 ordinarie
408 472 213 23 Landssckreteraren
637 474 100 26 godkänd
757 474 66 27 vegvi-

139 508 64 22 sition
218 508 36 22 och
269 508 52 27 efter
339 508 178 22 Landskontorets
540 508 117 27 anordning
677 509 51 26 från
743 508 81 22 Landt-

137 543 101 21 ränteriet
249 544 32 25 pä
296 542 66 22 kredit
376 542 129 22 utdbekomma
519 542 35 22 det
568 543 169 27 stämpelpapper
753 543 36 21 och
800 543 25 21 de

138 577 118 26 stämplade
271 577 112 21 blanketter
397 584 45 14 som
456 577 37 21 vid
505 577 164 21 Landskansliet
682 577 113 27 erfordras.

206 612 121 21 Enahanda
340 611 100 27 rättighet
454 613 31 19 att
500 613 52 20 emot
562 611 54 27 årlig
623 612 201 28 redovisningsskyl-

139 646 68 28 dighet
218 647 33 26 pä
265 647 67 21 kredit
346 646 79 22 erhälla
440 646 116 27 stämplade
571 646 111 22 blanketter
697 647 36 21 och
749 646 32 22 till
790 654 34 14 ex-

135 681 117 27 peditioner
267 680 129 28 erforderligt
421 681 167 27 stämpelpapper
614 681 82 27 åtnjuta
718 680 106 22 Landsse-

139 717 127 21 Treterarene
289 716 10 20 i
323 716 24 21 de
371 716 68 27 öfriga
464 716 61 21 länen
550 716 108 26 äfvensom
675 716 150 22 vederbörande

138 751 197 21 Landskamrerarc.

448 796 16 28 $
478 797 35 20 37.

208 836 112 28 Åstundar
335 842 175 27 Häradshöfding
525 844 31 20 att
576 842 34 26 för
632 843 24 20 de
678 842 146 26 expeditioner,

140 884 46 15 som
201 877 26 26 af
237 877 76 21 honom
327 876 105 27 utfärdas,
448 876 50 26 utfä
511 876 116 26 stämpladt
641 882 81 20 papper
733 876 33 26 pä
781 876 44 20 kre-

140 912 37 26 dit,
193 911 54 22 skall
259 912 42 20 han
316 911 70 21 derom
401 911 84 21 anmäla
498 910 38 21 hos
546 910 161 27 Länestyrelsen
717 910 42 26 och,
767 911 59 25 uppå

141 946 116 27 anordning
273 945 27 27 af
311 945 173 27 Landskontoret,
499 945 51 27 frän
565 944 171 21 Landiränteriet
746 944 80 21 erhälla

141 981 99 26 lämpliga
255 980 127 27 gvantiteter,
398 982 54 19 emot
466 979 89 28 skriftlig
576 979 125 27 förbindelse
716 981 31 19 att
763 979 62 21 betal-

140 1016 51 27 ning
205 1015 34 26 för
254 1015 105 22 desamma
378 1015 66 21 innan
466 1015 39 20 den
529 1016 26 19 31
576 1013 111 22 December
709 1013 70 28 hvarje
801 1014 26 21 är

141 1050 94 27 erlägga;
252 1050 50 21 dock
317 1050 36 21 mä
367 1051 47 26 nytt
428 1049 88 26 förskott
534 1049 26 26 af
573 1049 117 27 stämpladt
709 1055 82 20 papper
807 1049 19 26 €

142 1085 91 27 beviljas,
252 1085 67 21 innan
340 1083 175 27 Häradshöfding
536 1083 95 27 fullgjort
653 1083 54 22 hvad
728 1083 9 20 i
758 1082 15 28 $
796 1083 30 20 32

141 1119 94 27 stadgas.
265 1119 142 25 Transporten
422 1118 27 26 af
459 1117 117 28 stämpladt
587 1123 89 22 papper,
692 1124 45 14 som
746 1117 27 27 af
778 1117 47 21 Hä-

142 1153 137 27 vadshöfdiny
291 1153 32 28 pä
338 1153 67 20 kredit
418 1153 145 25 utregvireras,
576 1151 105 28 päkostas
695 1151 42 22 icke
749 1152 26 26 af
778 1152 47 20 kro-

142 1195 48 19 nan,
207 1190 51 19 utan
273 1187 36 22 bör
325 1187 44 26 den,
385 1193 46 15 som
444 1187 121 26 regvisition
577 1187 62 26 gjort,
658 1186 52 28 sjelf
729 1185 48 22 eller
791 1193 35 20 ge-

142 1227 47 17 nom
205 1222 76 21 ombud
292 1222 32 27 pä
339 1221 72 22 stället
424 1223 74 25 uttaga
513 1221 34 21 det
561 1220 118 29 stämplade
685 1227 88 22 papper,
784 1221 40 21 han

141 1258 30 27 på
186 1257 65 21 kredit
267 1255 93 23 erhåller.

449 1301 16 27 $
482 1303 35 20 38.

215 1343 155 21 Vederbörande
385 1342 122 21 embetsverk
523 1341 35 22 och
581 1341 128 27 tjenstemän,
733 1348 45 14 som
794 1341 33 21 till

144 1378 47 23 sina
206 1377 140 29 expeditioner
360 1377 92 27 begagna
467 1377 78 27 tryckta
560 1376 117 25 blanketter,
695 1382 49 15 vare
759 1375 66 22 berät-

145 1413 68 27 tigade
227 1415 36 23 att,
279 1413 30 27 på
325 1411 99 23 anmälan
439 1412 37 21 hos
500 1411 132 22 Guvernören
648 1411 8 20 i
670 1410 61 27 länet,
757 1411 68 21 antin-

746 1453 9 16 4
