1025 1692
227 127 28 20 46
427 126 23 22 U.
467 126 22 21 B.
505 137 27 4 —
548 125 66 27 Prop.
630 126 40 22 N:o
685 125 40 22 40.

200 190 129 28 stadgandet
345 190 39 22 och
399 189 75 29 återgå
483 190 33 20 till
527 190 41 21 den
583 190 150 28 ursprungliga
744 189 210 29 grundlagsbestäm-

199 225 86 27 ningen,
297 224 60 21 detta
366 223 48 21 icke
422 224 43 20 läte
476 224 52 26 göra
538 224 33 27 sig
579 223 135 21 annorlunda
721 224 27 20 än
757 224 48 20 med
815 223 140 27 iakttagande

200 259 24 21 af
232 258 54 22 hvad
297 258 34 21 för
341 266 27 19 ny
379 258 144 27 grundlags
534 258 101 20 stiftande
647 259 24 19 är
686 258 107 27 stadgadt,
809 257 89 21 oaktadt
913 257 42 21 den

199 293 37 27 lag
250 293 34 20 till
304 292 86 21 hvilken
411 291 103 28 återgång
536 291 86 26 skedde,
638 291 8 21 i
660 291 75 28 sjelfva
750 291 74 22 verket
837 292 49 21 icke
901 291 56 21 varit

200 327 129 28 upphäfven.

272 361 27 21 Vi
314 361 46 21 inse
375 360 48 22 icke
437 361 68 21 heller
520 360 36 21 det
571 360 122 28 synnerliga
703 362 78 26 gagnet
792 360 66 26 deraf,
875 361 32 20 att
917 359 39 22 nå-

201 402 39 22 gra
255 395 126 28 paragrafer
395 395 8 21 i
419 395 70 21 denna
503 401 41 21 nya
559 395 36 28 lag
609 394 107 22 förklaras
733 402 53 14 vara
801 394 22 21 af
837 394 119 29 grundlags

201 432 70 19 natur.
301 425 67 26 Äfven
384 437 26 14 en
426 429 70 28 vanlig
510 429 131 28 ständerlag,
656 429 35 21 till
705 429 96 22 hvilkens
812 429 144 22 förändrande

201 464 109 22 erfordras
332 464 117 27 Kejsarens
465 464 40 21 och
522 463 144 22 Storfurstens
680 464 159 28 framställning
853 465 56 21 samt
923 465 34 20 tre

203 498 78 23 Stånds
292 498 68 25 bifall,
376 505 63 21 synes
455 505 35 14 oss
499 505 49 14 vara
558 498 127 28 tillräckligt
695 498 135 26 säkerställd,
845 499 112 21 hvaremot

202 533 190 28 proklamerandet
414 533 23 20 af
451 533 56 21 vissa
527 533 128 27 paragrafer
672 532 72 22 såsom
759 533 105 28 grundlag
880 533 76 21 endast

202 567 109 22 försvårar
326 574 27 15 en
367 567 101 21 framtida
483 567 92 22 revision
591 568 23 20 af
628 567 115 25 desamma,
763 581 26 2 —
805 567 41 22 den
862 569 94 20 omstän-

204 603 100 28 digheten
327 605 33 18 att
382 603 83 26 förtiga,
489 605 31 18 att
542 603 167 27 paragrafernas
723 601 157 29 klassificering
895 602 62 24 alltid

204 637 68 22 måste
287 637 66 21 blifva
368 636 117 29 någonting
501 637 137 28 godtyckligt.

275 672 11 21 I
301 671 49 22 stöd
365 672 24 20 af
401 671 56 22 hvad
472 672 19 21 vi
506 671 90 22 sålunda
611 671 77 27 anfört,
704 671 54 29 våga
773 672 20 21 vi
807 671 110 22 vördsamt
925 671 32 22 fö-

205 705 63 26 reslå,
285 709 31 20 att
332 706 121 22 Ständerna
468 707 41 21 icke
523 707 47 22 ville
584 707 94 26 förklara
693 708 71 26 någon
775 707 110 28 paragraf
895 708 9 20 i
918 707 39 22 den

205 750 42 21 nya
266 741 195 28 Värnepligtslagen
475 742 73 21 såsom
562 742 92 21 varande
669 742 26 27 af
704 742 117 27 grundlags
835 744 70 20 natur.

234 813 23 20 T.
272 812 22 19 T.
310 811 95 20 Renvall.
458 811 34 20 Fr.
508 811 31 20 W.
554 811 22 20 G,
592 811 64 25 Hjelt.
706 811 68 26 Georg
787 812 21 19 Z.
824 813 106 19 Forsman.

235 853 23 19 G.
274 852 33 20 W.
323 852 128 20 Liukkonen.

276 981 34 22 Då
322 982 38 28 jag
374 982 47 21 icke
437 981 43 21 kan
495 982 74 21 förena
584 981 43 29 mig
643 989 33 14 om
693 982 36 21 det
742 982 81 28 förslag
838 982 7 21 i
856 982 106 21 samman-

204 1017 123 27 jemknings
342 1016 82 28 frägan,
441 1023 46 14 som
497 1016 111 21 Utskottet
618 1016 32 20 till
664 1016 130 21 Ständernes
805 1016 156 28 godkännande

208 1051 137 25 framställer,
368 1050 92 22 rörande
483 1057 75 15 senare
581 1050 63 22 delen
664 1051 23 20 af
709 1051 60 21 2:dra
791 1051 18 27 8,
824 1050 33 22 får
869 1051 38 28 jag
921 1051 40 21 här

209 1086 99 20 meddela
329 1085 43 20 min
394 1084 48 21 frän
458 1084 119 22 Utskottets
592 1084 113 22 afvikande
721 1085 92 27 mening.
843 1085 37 21 Uti
894 1085 68 27 Rege-

208 1120 154 27 ringsformens
385 1120 25 20 18
432 1119 11 27 $
470 1119 87 27 stadgas
582 1120 32 19 att
631 1118 145 28 krigsmagten
795 1119 111 22 förblifver
928 1120 34 20 vid

209 1155 34 21 sin
256 1153 117 28 indelning,
389 1153 56 21 intili
460 1153 48 21 dess
524 1152 122 28 Majestätet
661 1154 41 20 och
717 1153 120 21 Ständerna
851 1153 59 22 finna
924 1155 39 20 nö-

210 1188 46 28 digt
270 1187 71 29 nägon
357 1188 90 27 ändring
463 1188 46 20 deri
522 1187 102 21 samfäldt
638 1189 31 19 att
685 1189 58 26 göra.
774 1188 79 27 Hvarje
872 1188 91 27 ändring

210 1225 24 19 är
250 1222 84 21 således
350 1229 25 13 en
398 1220 184 28 grundlagsfräga,
599 1222 40 20 och
654 1223 40 19 när
709 1222 41 20 den
765 1229 29 13 nu
809 1222 7 20 i
831 1221 62 27 fråga
907 1224 57 18 satta

209 1256 153 26 förändringen
384 1255 48 21 icke
448 1255 90 21 allenast
554 1254 38 28 gär
607 1257 24 18 ut
645 1254 28 27 pä
691 1257 32 18 att
737 1256 82 20 ersätta
833 1254 132 28 indelnings-

210 1290 74 22 verket
298 1296 75 22 genom
390 1289 152 28 värnepligten,
566 1289 43 21 tills
624 1289 85 28 Regent
724 1290 40 21 och
779 1290 98 26 Ständer,
893 1289 71 23 säsom

211 1326 59 21 detta
284 1328 52 18 utan
351 1324 44 22 alla
411 1324 107 22 förbehäll
533 1324 43 21 kan
591 1324 44 26 ske,
658 1324 73 22 kunna
746 1324 74 22 förena
835 1324 32 28 sig
883 1332 34 14 om
931 1324 34 22 in-

206 1360 182 28 delningsverkets
403 1358 165 26 äterinförande,
584 1361 52 19 utan
652 1360 57 20 ännu
720 1359 72 21 dertill
807 1361 32 20 att
851 1359 110 23 bibehälla

204 1401 8 21 i
227 1396 55 21 form
298 1395 24 21 af
336 1395 41 21 den
391 1394 122 21 nuvarande
528 1394 115 26 vakansen,
664 1401 26 14 en
707 1394 34 21 del
756 1394 23 21 af
792 1394 168 29 indelningsver-

204 1431 48 22 kets
268 1432 66 25 tunga
350 1429 40 22 och
406 1428 91 23 sälunda
511 1428 97 23 ähvälfva
620 1429 130 28 jordegarne
766 1429 82 22 dubbla
863 1428 97 30 äliggan-

277 1471 198 22 Värnepligtsutskoitets
487 1471 108 17 betänkande
606 1471 36 16 N:o
654 1469 16 18 3.
