1023 1692
223 150 27 22 46

380 150 80 22 Ständ.
476 150 37 22 Sv.
529 162 26 4 —
571 151 70 26 Prop.
656 151 40 21 N:o
710 150 38 22 40.

263 217 91 26 kännas,
376 217 94 27 utgifves
491 218 24 20 åt
533 218 46 20 dem
598 218 61 27 intyg
676 218 59 26 öfver
749 218 140 28 olämplighet
904 218 35 21 till

263 250 133 29 krigstjenst.

331 285 50 22 Har
396 286 70 27 någon
481 286 37 21 vid
533 286 189 27 uppbådstillfälle
739 289 81 18 ansetts
836 287 102 26 olämplig

264 320 35 21 till
320 319 132 28 krigstjenst,
475 327 47 14 men
544 321 120 20 sedermera
686 321 37 20 vid
742 321 41 20 den
798 321 8 20 i
820 321 15 27 $
849 322 28 19 69
896 327 44 14 om-

264 354 95 20 nämnda
378 361 43 21 nya
440 354 120 28 besigtning
574 354 125 27 förklarats
720 355 147 28 tjenstduglig,
883 355 57 20 skall

264 387 44 21 han
322 387 36 21 vid
372 388 148 27 nästföljande
535 388 86 27 uppbåd
635 389 86 27 deltaga
737 389 8 20 i
760 389 100 28 lottning.

331 421 46 21 För
399 421 151 28 värnepligtig,
568 429 45 14 som
628 422 29 27 af
667 422 163 28 ofvannämnda
852 423 89 20 orsaker

265 462 75 14 senare
361 455 105 21 inkallats
488 456 35 21 till
546 456 151 28 tjenstgöring,
720 456 104 21 beräknas
847 456 53 21 dock
922 457 19 27 ej

265 491 75 26 längre
361 490 114 27 tjenstetid,
490 492 29 19 än
534 497 45 14 som
594 491 94 20 återstår
698 490 42 27 för
754 491 40 20 den
810 490 131 21 åldersklass

264 524 45 21 han
324 523 81 22 tillhör.

572 559 15 28 $
600 559 36 21 25.

332 592 124 28 Föreskrift
471 593 133 27 beträffande
618 593 99 28 mätning
733 593 35 20 och
785 593 121 28 besigtning
916 593 30 27 af

265 627 54 26 dem,
337 633 43 15 som
398 627 61 21 skola
481 627 89 21 inträda
585 628 8 20 i
607 627 134 28 krigstjenst,
761 627 110 26 äfvensom
886 634 55 21 upp-

264 661 44 27 gift
319 661 31 26 på
364 661 84 20 sådana
468 661 138 28 kroppslyten
624 661 37 20 och
675 661 133 27 sjukdomar,
824 669 44 13 som
883 662 58 20 med-

260 695 54 26 föra
332 694 137 28 fullständig
488 695 98 26 befrielse
596 695 59 27 från
670 695 61 28 dylik
746 696 72 26 tjenst,
832 696 69 21 varda
916 695 30 28 af

266 728 92 26 Senaten
372 729 107 21 särskildt
492 729 125 26 utfärdade.

306 802 26 23 B)
354 801 34 19 Om
400 802 93 18 befrielse
505 802 51 18 eller
568 802 91 23 eftergift
670 802 26 24 på
709 803 64 23 grund
785 803 22 18 af
816 803 84 23 familje-

531 830 146 20 förhållanden.

573 879 16 27 $
602 880 34 20 26.

335 912 59 21 Från
418 913 141 27 tjenstgöring
581 912 37 21 vid
638 912 57 21 aktiv
718 915 66 25 trupp
798 913 62 21 såväl
874 913 68 21 under

266 946 68 25 freds-
357 953 44 14 som
423 946 99 28 krigstid,
541 954 47 14 men
603 946 45 21 icke
658 947 58 27 från
732 947 211 28 öfningsskyldighet

265 980 37 22 vid
316 987 102 19 reserven,
434 980 91 27 befrias:

334 1015 24 26 a)
382 1014 60 21 Ende
461 1014 120 26 arbetsföre
598 1022 63 14 sonen
678 1015 35 20 till
727 1014 54 22 enka
796 1016 52 20 eller
863 1015 80 27 vanför

262 1048 74 27 fader,
360 1048 22 27 b)
402 1050 51 19 ende
475 1049 119 27 arbetsföre
616 1048 91 21 brodren
725 1049 35 20 till
780 1051 28 18 ett
823 1050 51 20 eller
884 1050 59 27 flera

262 1082 81 28 fader-
362 1082 36 21 och
416 1083 119 21 moderlösa
553 1082 85 28 syskon,
658 1084 21 25 c)
694 1082 52 21 ende
761 1082 120 27 arbetsföre
894 1090 49 14 son-

267 1117 52 21 eller
341 1116 140 27 dottersonen,
503 1117 38 20 der
561 1117 111 27 farfader,
690 1117 122 27 farmoder,
831 1117 113 27 morfader

267 1151 52 20 eller
340 1151 119 21 mormoder
481 1150 44 21 icke
543 1150 65 27 hafva
629 1151 71 27 någon
721 1150 109 28 arbetsför
847 1158 45 17 son,
907 1152 36 20 sä-

262 1184 74 27 Jramt
350 1184 14 21 i
372 1184 143 26 förenämnda
525 1184 48 28 fall
583 1191 72 19 sonen,
665 1184 99 23 brodren,
775 1191 49 14 son-
834 1185 52 21 eller
896 1185 47 21 dot-

268 1221 97 18 tersonen
385 1220 65 26 utgör
464 1218 115 28 familjens
599 1218 168 28 hufvudsakliga
782 1219 55 25 stöd,
852 1219 24 27 d)
892 1220 51 20 ende

266 1258 66 14 sonen
346 1252 9 20 i
369 1258 25 14 en
400 1251 85 28 familj,
496 1251 63 27 äfven
570 1258 33 14 om
608 1252 85 26 fadren
703 1253 27 19 är
740 1251 115 28 arbetsför,
866 1252 21 26 e)
896 1252 46 28 den,

267 1292 44 14 som
329 1286 9 19 i
355 1285 61 20 älder
432 1285 72 27 följer
526 1287 50 18 näst
598 1285 56 27 efter
671 1292 26 13 en
717 1285 82 25 broder,
815 1285 85 22 hvilken
912 1288 31 25 pä

267 1319 73 28 grund
358 1319 28 27 af
400 1319 88 28 uppbåd
505 1319 47 21 står
567 1320 8 20 i
589 1319 58 21 aktiv
662 1320 64 27 tjenst
741 1319 52 21 eller
808 1319 46 22 dött
868 1321 9 20 i
892 1321 52 20 den-

267 1349 89 37 samma.
583 1381 3 4 ,

335 1387 176 28 Anmärkning
527 1389 19 20 1.
578 1387 106 28 Stjufson,
703 1387 108 28 äfvensom
826 1389 47 26 den,
888 1389 56 22 hvil-

267 1422 40 21 ken
322 1422 52 27 före
393 1423 29 20 tio
440 1423 37 20 års
495 1421 62 21 ålder
573 1421 70 28 blifvit
657 1422 70 21 såsom
739 1421 111 28 fosterson
865 1426 79 25 uppta-

268 1464 47 21 gen,
331 1456 107 21 betraktas
452 1457 69 20 såsom
537 1459 44 24 eget
596 1455 54 22 barn
665 1457 35 20 till
714 1452 49 25 sina
774 1457 64 27 stjuf-
848 1457 52 21 eller
905 1458 39 27 fo-

268 1490 166 30 sterföräldrar,
449 1497 33 15 om
496 1491 59 21 desse
570 1490 45 21 icke
629 1490 66 29 hafva
710 1490 109 29 arbetsför
833 1497 45 16 son.
