1028 1698
209 158 14 20 2
364 155 79 23 Ständ.
459 155 54 23 Skr.
528 167 27 4 —
569 155 71 27 Prop.
655 155 40 22 N:o
710 155 35 22 42.

315 220 32 19 att
365 218 110 27 förordna
489 213 143 26 Ständernas
651 217 168 22 Bankrevisorer
838 219 32 19 att
885 215 36 22 vid

248 252 75 28 hvarje
341 252 93 21 revision
452 251 30 28 af
496 251 106 22 Finlands
616 251 64 21 Bank
693 251 95 28 granska
803 250 63 28 äfven
881 250 39 22 Di-

248 287 121 21 rektionens
379 286 139 28 förvaltning
532 285 29 28 af
571 285 71 22 denna
653 285 64 27 fond.

246 333 99 22 Rörande
362 335 62 20 sättet
441 333 32 22 för
490 332 93 23 medlens
601 332 127 28 förvaltning
741 332 39 22 och
795 332 35 22 det
844 336 76 19 använ-

181 367 66 22 dande
266 367 23 22 af
306 367 110 27 desamma,
432 375 44 14 som
490 367 32 22 för
536 367 128 22 närvarande
678 367 72 22 kunde
764 366 156 29 ifrågakomma,

180 402 116 22 innehåller
310 402 86 22 berörda
410 404 129 24 testamente,
555 409 44 15 som
613 401 8 22 i
631 401 33 22 sin
673 401 72 22 helhet
755 402 65 21 finnes
830 401 91 30 aftryckt

178 436 8 21 i
208 437 116 28 hosgående
346 437 33 22 till
402 437 52 22 1867
477 436 32 23 års
527 436 88 22 Ständer
632 435 78 29 afgifna
727 436 115 26 berättelse,
858 436 62 22 bland

180 473 69 24 annat,
258 473 31 20 att
298 470 155 30 ifrågavarande
463 471 68 22 medel
541 470 87 23 fördelas
636 470 8 21 i
651 472 77 20 tvenne
738 470 101 23 särskilda
848 470 73 23 fonder

179 506 42 22 Lit.
237 506 28 22 A.
281 506 38 22 och
333 506 44 21 Lit.
391 506 33 25 B.,
440 505 23 22 af
475 505 72 23 hvilka
561 505 40 22 den
615 512 72 15 senare
704 506 99 22 bestämts
820 506 33 22 till
870 506 51 22 fond

179 540 32 22 för
225 540 140 30 vetenskaper
379 540 38 22 och
431 540 66 22 sköna
511 540 90 26 konster,
616 540 93 22 litterära
718 540 86 22 arbeten
813 540 38 22 och
861 540 59 22 skrif-

180 577 41 19 ters
235 574 174 29 gratisutdelning
423 574 33 22 till
470 575 93 27 allmoge,
579 576 53 20 samt
646 576 30 20 att
690 574 81 22 hälften
785 574 24 22 af
820 575 26 21 de
855 574 65 29 årliga

180 610 75 25 räntor,
275 616 44 15 som
338 608 73 30 inflyta
429 609 9 21 i
456 608 76 23 fonden
550 608 42 22 Lit.
608 608 32 26 B.,
656 608 53 22 skall
724 608 104 23 användas
842 608 33 23 till
889 611 31 20 ut-

177 643 130 29 betalningar
325 643 24 22 af
365 643 102 22 Finlands
481 643 62 22 andel
557 642 7 22 i
579 643 26 21 de
619 642 32 22 uti
665 645 134 21 testamentet
813 644 107 22 bestämda

178 678 78 28 legater
274 678 38 22 och
330 678 33 22 till
377 678 131 22 bestridande
523 677 42 23 tills
581 677 70 22 vidare
666 677 23 21 af
700 677 219 29 förvaltningskostna-

177 712 40 22 den
231 712 32 22 för
276 712 65 29 begge
355 711 106 27 fonderna,
477 712 106 22 äfvensom
597 714 30 20 att
641 712 41 26 det,
698 719 44 15 som
757 712 24 22 af
789 712 67 22 denna
866 712 54 22 hälft

176 747 90 22 derefter
281 746 92 27 återstår,
387 746 104 23 »tillfaller
500 746 98 23 behofvet
607 746 32 22 för
649 746 146 30 Vetenskaper
805 748 38 21 och
854 748 65 21 sköna

176 782 102 22 konster.»

242 816 51 22 Men
315 815 87 22 emedan
424 816 35 21 det
480 816 80 28 belopp,
583 815 84 22 hvartill
686 815 69 23 denna
773 816 71 22 halfva
858 818 60 20 ränta

174 851 94 21 kommer
287 852 30 21 att
336 849 74 30 uppgå,
426 854 56 18 ännu
500 849 18 30 ej
534 850 81 22 kunnat
628 849 108 27 beräknas,
752 850 39 22 och
805 851 112 28 utredning

175 885 74 22 saknas
271 893 34 14 om
327 885 25 21 de
374 885 83 28 legater,
476 884 72 23 hvilka
567 884 78 29 årligen
662 885 59 22 skola
741 885 107 27 utbetalas,
863 888 54 19 samt

174 919 253 29 förvaltningskostnaden
447 919 46 22 icke
512 919 66 22 heller
592 919 81 22 kunnat
687 919 27 29 på
727 919 88 23 förhand
830 920 87 22 bestäm-

175 962 50 18 mas,
240 954 64 30 hafva
318 954 117 22 Ständerna
449 954 70 22 funnit
533 953 62 29 något
610 954 136 22 användande
756 954 24 22 af
786 956 74 21 räntan
870 954 47 23 från

174 989 76 22 fonden
268 988 43 23 Lit.
327 988 25 22 B.
368 988 67 22 under
454 990 104 21 närmaste
573 988 147 29 femårsperiod
735 993 56 18 ännu
805 989 47 22 icke
866 990 50 21 böra

174 1031 37 21 ega
226 1031 53 19 rum,
295 1031 48 14 men
359 1023 92 22 deremot
465 1023 58 23 aktat
537 1022 72 30 nödigt
622 1024 88 21 anmoda
721 1023 194 29 Bankfullmäktige

174 1060 30 20 att
217 1058 33 22 till
265 1060 58 20 nästa
337 1057 98 28 landtdag
450 1057 105 22 inkomma
569 1057 47 22 med
631 1057 63 29 nödig
707 1058 112 29 utredning
828 1058 88 22 rörande

173 1094 74 20 räntan
264 1092 12 22 å
293 1092 62 28 sagde
373 1092 50 22 fond
442 1094 53 20 samt
513 1092 48 22 med
575 1092 76 28 förslag
664 1092 34 22 till
712 1092 122 30 disposition
848 1093 67 22 under

174 1126 40 22 den
228 1128 104 20 närmaste
347 1126 111 22 framtiden
473 1126 23 22 af
507 1126 56 23 hvad
577 1134 44 14 som
636 1126 65 29 enligt
715 1127 200 22 bestämmelserna
905 1122 15 37 i

172 1162 134 21 testamentet
324 1160 33 22 får
375 1160 23 22 af
410 1160 91 22 nämnda
514 1162 65 25 ränta,
595 1160 52 22 efter
661 1160 72 30 afdrag
748 1160 23 23 af
783 1162 79 28 legater
876 1162 38 22 och

171 1194 254 30 förvaltningskostnader,
441 1195 111 22 användas.

239 1229 128 21 Ständernas
387 1228 198 22 ofvanomförmälda
598 1230 69 20 beslut
680 1230 59 21 torde
753 1229 160 23 Bankdirektio-

172 1270 41 14 nen
234 1262 38 22 och
295 1262 126 22 Ständernas
443 1262 164 23 Bankrevisorer
625 1270 75 20 genom
718 1262 195 29 Bankfullmäktige

171 1296 110 23 meddelas.

238 1342 138 30 Helsingfors,
392 1342 40 23 den
447 1344 27 21 29
489 1343 121 22 November
625 1343 60 22 1877.

330 1499 123 23 Helsingfors,
465 1500 16 17 J.
495 1499 72 20 Simelii
579 1500 101 23 arfvingar,
696 1499 49 19 1878.
