1042 1689
227 141 25 20 18
510 140 53 23 N:o
581 140 54 22 40.

195 209 168 20 kommissionen
374 208 36 20 vid
421 207 212 27 uppbådstillfällena
644 208 169 21 sammanträder
824 207 13 21 å
845 207 25 20 de
879 206 72 21 skilda

195 242 226 27 uppbådsdistriktens
440 242 188 27 samlingsställen,
645 241 154 28 kompletteras
815 241 135 21 kommissio-

195 283 41 14 nen
258 276 48 21 med
329 278 33 19 tre
385 276 117 21 ledamöter
526 275 47 22 från
589 275 75 27 hvarje
678 276 34 21 till
728 275 111 22 distriktet
854 275 95 21 hörande

195 310 107 21 kommun.
334 310 136 21 Sistnämnde
484 310 125 25 ledamöter,
625 310 74 21 hvilka
713 316 40 21 ega
768 311 91 20 rösträtt
873 309 80 21 endast

194 345 8 20 i
217 345 74 26 frågor
306 350 46 15 som
367 345 50 19 röra
432 344 62 21 deras
510 350 53 21 egen
573 344 108 26 kommun,
692 345 60 20 utses
763 343 24 22 af
794 343 157 22 kommunerna

195 379 82 27 sjelfva,
301 378 91 21 sålunda
414 378 72 27 likväl,
510 380 32 19 att
561 379 4 20 i
579 378 127 21 kommuner
720 378 29 27 på
764 378 73 21 landet
852 377 97 22 kommu-

194 413 154 21 nalnämndens
365 413 129 20 ordförande
510 415 23 18 är
553 412 145 27 sjelfskrifven
716 413 95 20 ledamot
825 412 7 21 i
848 412 104 21 kommis-

195 448 82 20 sionen.
308 447 34 20 Då
357 447 26 20 de
399 446 137 21 kommunala
551 447 165 20 medlemmarne
731 447 74 26 väljas,
821 446 40 21 bör
871 446 80 27 jemväl

194 482 76 26 nödigt
284 481 59 21 antal
359 481 139 26 suppleanter
513 483 66 24 utses,
595 480 34 21 för
645 482 32 19 att
692 481 36 20 vid
738 480 128 21 inträffande
876 480 73 21 förfall

194 516 64 21 träda
279 515 8 21 i
310 515 26 21 de
359 515 159 21 förstnämndes
535 515 69 21 ställe.
634 515 277 21 Distriktskommissionen
926 517 24 18 är

194 556 122 21 gemensam
339 549 34 21 för
390 549 217 27 uppbädsdistrikten
623 550 7 20 i
645 551 32 19 ett
692 549 45 21 helt
753 549 45 26 län;
817 555 48 16 men
881 551 24 19 är
920 549 30 21 lä-

194 587 38 18 net
246 583 121 22 vidsträckt
382 584 40 21 och
437 583 216 27 uppbädsdistrikten
668 584 7 20 i
691 583 53 27 följd
759 583 63 21 deraf
831 583 24 22 sä
865 583 84 27 många,

195 620 33 19 att
243 618 241 26 värnepligtsärendena
498 617 88 27 pröfvas
601 618 47 21 icke
658 618 72 21 kunna
740 617 23 21 af
773 624 25 15 en
809 617 141 22 kommission

194 652 132 26 medhinnas,
350 652 36 21 mä
408 654 32 19 ett
462 652 77 21 sädant
558 652 35 21 län
608 652 94 21 fördelas
718 652 7 21 i
740 652 37 21 tvä
792 652 108 26 omräden,
916 651 37 22 för:

194 686 74 22 hvilka
282 686 106 21 hvardera
403 693 26 14 en
445 686 241 21 distriktskommission
702 686 109 21 tillsättes.

541 749 12 27 8
569 750 34 20 51.

266 789 42 21 För
323 789 166 27 upplysningars
500 789 141 21 meddelande
651 791 37 18 äro
699 789 162 21 vederbörande
871 789 81 22 krono-

194 824 98 21 länsmän
308 823 40 22 och
363 823 149 21 stadsfiskaler
528 823 97 27 skyldige
641 825 32 18 att
688 823 36 21 vid
735 823 216 28 uppbädstillfällena

194 857 252 22 distriktskommissions
463 857 172 21 sammanträden
650 857 85 22 hivista.

541 919 11 28 8
568 920 34 20 52.

266 960 47 21 Den
327 962 141 24 permanenta
482 959 62 22 delen
564 959 23 21 af
605 959 274 28 distriktskommissionen,
895 961 54 21 hvil-

194 994 48 27 ken,
258 994 72 21 säsom
346 993 62 22 ofvan
424 993 7 20 i
446 993 12 27 $
474 994 26 21 50
516 993 64 27 sagdt
595 995 30 24 är,
641 994 75 21 bestär
731 994 24 21 af
769 995 129 20 ordförande
909 995 40 22 och

194 1030 78 19 tvenne
287 1028 125 25 ledamöter,
428 1027 140 22 tillkommer:

267 1064 32 20 1:o
315 1064 33 19 att
368 1063 98 25 uppgöra
487 1062 108 26 uppbäds-
619 1062 38 20 och
679 1062 270 28 kompletteringslängder

193 1097 34 21 för
242 1097 42 21 alla
299 1096 126 21 kommuner
441 1096 56 20 inom
514 1096 25 21 de
555 1096 194 26 uppbädsdistrikt,
769 1103 46 15 som
829 1098 120 26 underlyda

192 1130 168 22 kommissionen
368 1136 4 20 ;

264 1166 34 20 2:0
314 1166 33 19 att
365 1164 33 21 till
419 1164 127 21 distriktens
566 1164 181 26 samlingsställen
765 1164 45 22 läta
827 1165 35 21 till
877 1166 72 21 dertill

192 1200 83 20 utsatta
290 1199 68 25 dagar
373 1198 100 26 uppbäda
488 1198 27 21 de
530 1198 166 26 värnepligtige;

264 1234 33 19 3:0
314 1234 32 18 att
361 1232 94 25 granska
469 1232 34 20 till
522 1232 167 20 kommissionen
705 1232 83 26 ingifna
803 1234 145 26 ansökningar

192 1273 35 15 om
241 1266 107 26 befrielse,
364 1265 95 27 uppskof
473 1265 52 21 eller
541 1264 105 28 eftergift;

264 1301 33 21 4:0
314 1301 32 21 att
360 1300 33 21 till
408 1299 190 22 länekommission
616 1300 91 21 insända
722 1300 86 28 uppgift
822 1301 29 27 pä
866 1301 82 22 antalet

192 1336 22 21 af
228 1336 26 22 de
269 1341 104 22 personer
387 1335 7 21 i
410 1335 74 27 hvarje
499 1334 108 28 kommun,
622 1335 73 21 hvilka
711 1341 39 21 ega
765 1335 123 23 hörsamma
901 1336 49 22 kal-

192 1371 67 22 lelsen
275 1372 33 20 att
322 1372 78 26 utgöra
411 1370 159 27 värnepligten;

263 1406 33 20 5:o
316 1407 33 19 att
371 1405 8 21 i
401 1404 95 27 enlighet
518 1404 49 22 med
583 1404 164 22 föreskrifterna
762 1405 7 21 i
785 1406 70 21 denna
871 1406 79 27 stadga

191 1441 125 25 bestämma,
332 1440 73 20 hvilka
421 1439 61 21 skola
496 1439 8 20 i
518 1438 59 22 aktiv
588 1439 67 27 tjenst
664 1439 88 21 inträda
762 1440 40 22 och
811 1440 74 22 hvilka
894 1441 57 21 böra

190 1474 116 22 inskrifvas
322 1474 36 22 vid
373 1474 146 25 landtvärnet;
