1042 1698
218 163 27 20 32
501 162 53 23 N:o
572 163 56 22 40.

189 236 49 15 nom
261 231 266 26 kommunalstyrelsernas
546 231 86 26 försorg
647 231 36 21 två
699 231 107 26 söndagar
821 231 13 21 å
849 231 39 21 rad
904 237 40 15 un-

190 265 38 22 der
242 265 59 21 förra
316 265 81 22 hälften
412 265 24 22 af
450 265 96 22 Oktober
561 265 79 22 månad
654 265 49 22 från
717 266 176 27 predikstolarne
904 266 39 21 all-

189 300 135 26 männeligen
342 300 117 27 kungöras,
478 301 48 21 med
542 301 85 21 erinran
645 300 103 27 derjemte
764 307 34 15 om
814 301 36 21 det
865 307 78 15 ansvar

190 334 70 21 denna
282 335 77 26 stadga
382 336 93 20 utsätter
494 335 33 21 för
545 335 163 21 uraktlåtenhet
726 336 32 20 att
774 335 12 21 å
801 335 143 22 föreskrifven

191 369 32 20 tid
242 369 39 21 och
300 371 34 19 ort
350 369 32 26 sig
398 369 7 21 i
420 369 68 27 tjenst
502 369 86 22 infinna.
620 369 71 27 Sagda
706 370 162 27 förteckningar
883 370 62 21 skola

191 403 46 26 ock,
253 403 28 27 på
297 403 37 21 det
348 403 80 22 enhvar
439 410 45 15 som
496 404 77 21 sådant
583 404 80 21 önskar
673 404 35 21 må
718 404 22 21 få
751 404 33 21 del
796 404 23 21 af
828 405 115 25 desamma,

189 438 80 25 jemväl
292 438 68 21 under
379 438 59 21 förra
456 438 81 21 hälften
553 439 23 21 af
591 438 96 22 Oktober
702 438 69 22 finnas
787 439 136 27 tillgängliga
937 439 5 20 i

192 472 188 27 kommunalstuga
396 473 52 21 eller
462 473 86 21 rådhus.

537 536 11 26 8
567 537 32 20 94.

264 576 65 20 Utom
352 576 27 20 de
400 576 8 20 i
431 575 178 27 nästföregäende
632 576 11 27 $
666 577 93 20 nämnda
778 576 167 28 förteckningar,

193 609 82 27 äligger
294 610 269 20 distriktskommissionen
582 612 38 23 att,
640 610 6 21 i
663 610 94 26 enlighet
772 612 48 20 med
835 610 110 27 formulär,

193 650 46 15 som
258 644 90 21 särskilt
366 644 95 21 kommer
476 646 32 19 att
523 644 104 26 utfärdas,
644 644 134 22 oförtöfvadt
793 648 98 24 uppgöra
907 647 40 21 och

193 678 33 22 till
242 678 59 22 såväl
317 679 216 21 länekommissionen
549 685 46 15 som
606 680 160 21 vederbörande
777 680 169 27 bataljonskom-

194 714 88 20 mendör
297 714 90 20 insända
403 714 93 21 särskild
512 713 134 27 förteckning
660 714 59 21 öfver
731 714 100 22 alla-dem
843 721 45 15 som
899 715 48 21 frän

194 748 112 21 distriktet
320 748 71 21 blifvit
406 747 33 22 till
455 748 59 21 aktiv
529 749 66 27 tjenst
606 748 97 27 utsedde,
714 749 32 21 uti
757 749 86 21 hvilken
854 750 92 21 förteck-

194 782 50 28 ning
257 783 79 27 jemväl
353 783 52 21 böra
420 783 50 26 ingä
485 782 26 22 de
526 783 115 27 uppgifter,
659 789 44 15 som
719 783 109 22 erfordras
844 784 34 21 för
892 791 54 21 upp-

194 818 95 27 görande
304 818 24 21 af
342 818 73 21 desses
431 817 132 22 meritlistor.

265 853 31 21 Pä
318 853 70 26 grund
411 853 23 20 af
451 853 64 21 dessa
533 853 160 26 förteckningar
708 855 115 25 upprättar
838 854 108 21 länekom-

195 887 116 22 missionen
327 893 26 16 en
369 887 64 28 dylik,
449 887 48 22 hela
508 887 57 22 länet
575 887 133 22 omfattande
718 887 142 28 förteckning,
872 889 77 21 hvaraf

195 923 71 21 skilda
280 923 109 26 exemplar
404 924 51 19 utan
472 923 132 26 tidsutdrägt
620 922 61 22 skola
696 923 102 21 insändas
810 923 33 21 till
854 923 93 22 Senaten

195 957 39 21 och
250 957 233 26 Generalguvernören.

540 1020 11 28 8
567 1021 34 21 95.

267 1061 51 22 Med
340 1061 110 27 undantag
469 1061 23 21 af
510 1061 53 27 dem,
585 1067 46 15 som
647 1062 108 21 erfordras
771 1062 34 21 för
820 1062 128 27 komplette-

196 1097 48 26 ring
267 1096 23 21 af
312 1096 207 26 gardesbataljonen,
543 1096 86 21 hvartill
648 1096 100 27 lämplige
766 1102 103 20 personer
888 1097 60 21 öfver

196 1131 48 21 hela
265 1130 73 21 landet
360 1132 66 24 utses,
450 1130 153 21 företrädesvis
624 1130 25 20 de
669 1136 45 15 som
732 1130 75 27 sjelfve
822 1131 73 21 derom
911 1136 37 16 an-

196 1165 64 26 hälla,
277 1165 52 21 böra
344 1165 26 20 de
386 1164 155 27 värnepligtige
557 1164 90 21 inkallas
662 1165 33 20 till
706 1164 143 27 tjenstgöring
859 1165 36 21 vid
907 1166 40 20 den

196 1199 103 27 bataljon,
315 1205 47 14 som
376 1198 68 21 under
459 1198 92 21 fredstid
566 1200 25 19 är
605 1198 57 21 inom
677 1199 59 20 länet
751 1199 139 21 stationerad.
912 1195 35 25 Öf-

197 1233 121 26 verskjuter
340 1233 26 20 de
388 1232 34 21 till
440 1232 59 21 aktiv
517 1232 66 26 tjenst
602 1233 91 20 utsedde
707 1239 144 19 personernas
867 1234 58 19 antal
941 1233 7 19 i

197 1268 31 19 ett
236 1266 36 20 län
280 1266 38 21 det
328 1266 58 20 antal
398 1265 96 21 soldater
502 1272 45 14 som
559 1265 108 21 erfordras
688 1266 33 20 för
737 1266 40 20 den
792 1266 7 20 i
815 1272 82 14 samma
912 1266 35 20 län

196 1300 99 27 förlagda
309 1300 102 26 bataljon,
428 1300 34 21 mä
478 1300 36 21 det
529 1299 175 28 öfverskjutande
720 1300 82 21 antalet
812 1300 91 21 inkallas
915 1300 35 21 till

197 1333 143 30 tjenstgöring
362 1334 36 22 vid
420 1335 96 21 närmast
537 1334 56 21 intill
613 1334 146 22 stationerade
777 1334 103 27 bataljon,
903 1340 45 16 som

197 1370 62 22 deraf
272 1372 25 19 är
311 1370 8 21 i
335 1369 70 22 behof.

268 1400 31 26 Är
322 1405 108 21 afständet
449 1404 90 22 emellan
557 1404 155 27 värnepligtigs
732 1403 85 22 hemort
832 1403 39 22 och
887 1405 61 20 orten

197 1440 33 21 dit
250 1440 42 21 han
315 1439 72 21 blifvit
409 1439 107 21 anbefalld
539 1440 32 19 att
593 1438 33 21 till
645 1439 144 26 tjenstgöring
807 1439 33 26 sig
855 1438 94 27 begifva,

196 1475 74 26 längre
289 1476 27 19 än
334 1474 122 20 tvähundra
470 1474 65 25 verst,
552 1473 55 20 skall
622 1473 43 20 han
680 1472 23 21 af
716 1472 83 21 kronan
816 1472 68 21 förses
900 1473 48 21 med

196 1509 168 26 färdpenningar
380 1508 54 21 efter
448 1507 119 26 beräkning
583 1507 22 22 af
619 1509 33 19 tre
668 1507 64 27 penni
747 1507 34 21 för
795 1508 66 20 verst.
