1042 1695
306 148 27 18 U.
349 148 30 18 B.
396 158 23 3 —
437 148 80 22 Prop.
532 148 49 19 N:o
595 150 38 17 40.
786 148 25 20 55

164 215 21 23 c)
206 213 35 28 för
263 214 38 20 den
317 214 81 20 hvilken
420 213 42 21 icke
484 214 93 28 infunnit
592 215 32 27 sig
638 215 37 20 vid
694 215 91 21 bestämd
799 217 40 20 tid-

92 246 75 28 punkt,
182 247 50 28 från
245 247 127 28 påföljande
386 247 51 21 1:sta
452 248 49 27 Maj
515 248 48 21 eller
578 248 51 21 1:sta
645 248 120 22 November.

399 324 10 22 s
426 322 31 19 14.
480 322 55 26 (18)

161 372 9 20 I
186 372 100 20 händelse
301 372 66 20 behof
380 373 86 27 uppstår
477 375 31 18 att
522 373 75 27 bringa
604 375 118 26 trupperna
730 374 34 20 till
773 374 64 28 krigs-

94 406 65 26 antal,
175 406 54 20 skall
245 406 89 21 Senaten
350 406 85 29 afgifva
450 406 81 29 förslag
546 407 107 28 angående
669 406 130 23 bestridande
814 408 27 28 af

93 440 25 21 de
140 440 83 21 dermed
236 440 101 28 förenade
356 440 115 21 kostnader.
509 441 72 26 Derpå
596 441 75 20 varder
686 442 89 20 medelst
789 443 49 26 Kej-

94 475 73 26 serligt
182 475 98 26 Reskript
297 475 31 19 till
344 475 222 27 Generalguvernören
582 482 97 13 reserven
694 475 94 21 inkallad
806 477 32 19 till

94 509 140 27 tjenstgöring
256 509 8 20 i
286 509 67 20 sådan
384 508 155 28 ordningsföljd
561 511 32 18 att
615 509 44 20 4:de
688 509 149 22 äldersklassen

92 544 76 28 främst
207 543 83 27 anlitas,
324 545 53 18 samt
411 543 89 28 derefter
522 542 39 21 5:te
603 543 157 22 åldersklassen.
798 544 39 21 Be-

94 578 69 29 höfves
192 577 257 29 förstärkningsmanskap
480 577 123 28 derutöfver,
631 577 114 28 uppbådas
773 578 64 27 3:dje,

93 613 65 21 2:dra
180 612 36 21 och
231 612 51 21 1:sta
297 611 105 22 klasserna
418 611 7 20 i
440 619 28 13 nu
484 611 97 28 angifven
601 611 62 30 följd.
692 611 77 22 Första
784 612 53 21 klas-

93 654 34 14 sen
142 647 42 21 kan
199 646 51 22 dock
265 646 71 21 endast
351 647 9 19 i
375 646 32 21 det
422 646 42 26 fall
479 645 83 27 anlitas,
578 648 30 19 att
623 645 38 22 den
677 646 64 21 redan
755 654 82 21 genom-

91 682 47 28 gätt
160 684 28 19 ett
210 681 144 28 öfningsmöte.
384 680 94 21 Inkallas
492 679 43 22 icke
550 680 32 21 hel
597 680 133 28 äldersklass,
745 681 46 22 sker
805 685 31 18 ut-

92 717 89 27 tagning
196 715 52 29 efter
263 715 23 20 de
300 715 36 27 för
350 715 82 21 inträde
448 715 8 20 i
471 715 71 21 aktiva
551 715 69 20 armén
628 715 101 27 stadgade
735 716 100 28 grunder.

401 792 9 21 s
427 789 32 19 15.
474 790 55 24 (19)

161 842 30 19 På
213 841 154 26 framställning
390 840 22 20 af
433 840 91 20 Senaten
538 841 127 20 bestämmer
680 841 101 27 Kejsaren
797 843 39 20 och

92 875 129 20 Storfursten
236 875 26 20 de
277 875 143 26 befattningar
434 875 7 19 i
457 877 78 18 statens
552 874 39 20 och
606 875 137 20 kommunens
765 876 70 26 tjenst,

90 910 72 20 hvilka
184 913 36 16 äro
243 909 24 20 af
279 909 146 20 beskaffenhet
440 911 31 18 att
486 909 60 20 deras
561 909 143 26 innehafvare,
719 909 64 21 ehuru
798 910 36 21 hö-

91 944 65 20 rande
178 944 32 20 till
231 950 106 19 reserven,
359 943 65 21 likväl
447 943 33 20 må
501 943 78 20 befrias
602 943 46 20 från
672 946 31 17 att
725 943 31 20 till
779 943 56 22 aktiv

91 979 139 26 tjenstgöring
245 978 95 20 inkallas.

391 1049 69 22 Kap.
482 1049 51 18 I.

105 1106 32 19 Om
153 1105 25 21 de
193 1105 32 20 vid
241 1105 68 20 aktiva
323 1106 109 25 trupperna
447 1105 37 20 och
500 1111 93 15 reserven
609 1105 92 20 anstälde
716 1111 108 20 personers

208 1145 163 27 medborgerliga
386 1145 120 27 rättigheter
520 1145 38 20 och
573 1145 144 27 skyldigheter.

400 1221 10 22 s
426 1219 32 20 16.
474 1218 54 25 (20.

160 1276 102 20 Personer
277 1276 7 20 i
300 1275 58 21 aktiv
373 1276 64 26 tjenst
452 1276 76 20 räknas
544 1275 129 21 fortfarande
688 1275 32 20 till
736 1276 25 20 de
777 1276 56 20 kom-

92 1317 79 18 muner,
193 1310 71 19 hvilka
286 1310 26 19 de
331 1310 98 20 tillhörde
443 1310 34 19 vid
494 1310 91 20 inträdet
599 1310 7 19 i
622 1310 96 26 tjensten,
735 1316 47 14 men
797 1312 36 18 äro

92 1343 65 20 under
183 1343 68 20 denna
264 1343 109 26 tjenstetid
394 1343 95 21 befriade
504 1343 46 20 från
564 1344 116 25 utgörande
696 1343 23 20 af
732 1343 43 21 alla
787 1348 47 22 per-

92 1377 81 20 sonella
187 1377 109 26 utskylder
311 1377 39 20 och
365 1377 81 20 besvär.

159 1411 101 20 Deremot
282 1414 36 17 äro
342 1411 25 20 de
389 1411 88 27 pligtige
504 1412 30 19 att
556 1411 32 20 för
608 1411 31 20 sin
654 1411 103 26 egendom
771 1412 7 19 i
793 1411 41 20 löst

93 1447 39 21 och
154 1447 42 20 fast
218 1446 86 27 erlägga
326 1446 56 20 skatt
397 1446 40 20 och
452 1446 65 20 andra
531 1445 89 28 pälagor
635 1447 54 19 samt
703 1445 90 28 fullgöra
808 1445 25 22 de

92 1481 150 28 skyldigheter,
257 1481 36 26 lag
307 1481 80 26 bjuder.

164 1527 198 23 Värnepligtsutskottets
373 1527 111 18 Betänkande
496 1527 33 17 N:o
542 1527 16 18 1.
