1700 1867
650 240 29 18 U.
690 240 29 18 B.
731 250 22 3 —
765 241 80 23 Prop.
859 241 44 18 N:o
916 241 39 19 44.
1105 242 27 20 55

432 310 40 20 och
487 308 244 28 Statsmyndigheternes
746 310 127 27 befogenhet
888 311 32 20 att
934 310 74 20 härvid
1020 310 84 26 ingripa
1118 309 43 21 kan

431 343 99 27 rimligen
545 342 47 22 icke
607 343 85 21 inträda
706 343 74 21 förrän
795 344 26 21 de
843 344 74 25 vilkor,
932 343 121 21 hvarunder
1071 343 90 21 försam-

431 376 55 28 lings
501 378 71 20 rätten
587 376 128 28 medgifvits,
730 377 70 21 blifvit
815 378 100 27 antingen
935 384 75 21 genom
1028 376 134 22 förestånda-

431 417 49 15 rens
493 410 151 28 försumlighet
659 410 52 22 eller
725 412 126 21 annorledes
867 411 142 22 öfverträdda.
1031 406 17 38 1
1069 411 93 28 enlighet

431 444 88 21 härmed
535 452 64 14 anser
610 446 38 26 jag
663 445 36 21 det
711 446 6 19 i
733 453 75 14 senare
823 445 83 29 stycket
920 446 23 21 af
959 446 18 20 1.
996 452 63 14 mom.
1073 445 89 28 intagna

432 478 117 28 stadgande
564 481 33 19 att
610 479 153 28 församlingen
779 480 18 27 ej
813 487 49 20 eger
876 479 63 22 träda
953 479 7 21 i
974 479 99 28 utöfning
1091 479 25 22 af
1137 479 25 22 de

432 513 68 22 henne
516 513 161 22 tillkommande
692 514 125 27 rättigheter
832 514 65 21 innan
917 514 34 21 val
974 513 24 22 af
1015 513 149 22 föreständare

434 549 56 20 skett
505 549 40 20 och
561 548 139 22 Guvernören
715 549 59 21 öfver
788 549 65 26 länet,
865 549 39 21 hos
919 548 84 21 hvilken
1015 547 99 22 anmälan
1129 556 35 14 om

432 583 56 22 valet
503 583 39 22 bör
557 585 70 26 göras,
641 583 118 22 detsamma
773 583 100 28 godkänt,
889 583 54 21 böra
958 583 61 28 tydas
1033 583 87 26 derhän,
1131 585 33 20 att

433 618 146 26 Guvernören,
603 617 53 22 efter
679 625 25 14 en
725 617 58 29 dylik
810 617 106 26 anmälan,
939 617 35 21 väl
997 624 50 21 eger
1071 618 93 27 granska

432 651 76 28 sjelfva
522 651 198 29 valförrättningen,
736 659 35 14 om
787 652 72 21 dervid
873 652 81 27 tillgätt
972 651 53 22 efter
1043 651 121 22 församlin-

432 693 52 20 gens
499 685 209 28 samfundsordning,
724 694 28 13 m.
768 694 27 13 m.
810 693 48 14 men
873 686 46 21 icke
934 685 50 28 ingä
999 686 7 20 i
1020 686 71 27 nägon
1105 685 59 28 pröf-

432 721 52 27 ning
499 720 24 21 af
536 720 41 21 den
591 721 72 20 valdes
684 720 126 28 lämplighet
835 721 39 21 och
897 719 98 22 deröfver
1017 719 90 22 aflemna
1127 720 38 21 sitt

433 754 139 28 approbatur.
607 755 45 21 Och
668 755 39 21 har
719 755 38 28 jag
777 755 68 21 under
866 753 154 29 förutsättning
1042 756 32 19 att
1095 754 71 22 denna

433 789 104 28 tolkning,
553 797 46 14 som
615 790 62 21 äfven
691 790 72 27 tyckes
778 789 83 28 framgä
875 797 26 13 ur
915 789 54 21 sista
983 789 96 21 mom.af
1095 788 70 22 denna

434 825 10 26 8
461 824 39 21 och
516 825 12 19 2
543 825 11 26 8
569 824 7 20 i
591 824 104 27 förslaget
709 824 34 21 till
757 824 126 27 förordning
898 823 110 27 angående
1025 823 140 22 icke-kristne

433 857 169 22 trosbekännare
618 858 40 21 och
674 857 47 22 dem
736 857 119 28 medgifven
871 857 173 28 religionsfrihet,
1059 863 51 15 vore
1125 857 40 21 den

435 891 54 22 enda
503 891 85 28 riktiga,
603 893 54 20 trott
671 892 44 27 mig
729 892 74 21 kunna
820 891 114 28 godkänna
950 898 30 13 nu
1003 890 163 28 ifrägavarande

434 927 11 25 &
460 926 6 20 i
480 925 41 21 den
536 925 83 28 Nädiga
635 926 165 27 Propositionen
819 926 61 21 äfven
895 925 7 21 i
918 925 69 21 denna
1012 925 41 25 del,
1074 932 35 14 om
1127 925 39 28 jag

435 960 40 21 ock
490 967 95 19 numera,
601 960 66 21 sedan
681 960 122 21 Utskottets
819 959 98 28 majoritö
937 959 60 21 derät
1011 959 61 28 gifvit
1087 965 26 15 en
1128 966 37 15 an-

435 1002 42 14 nan
492 994 96 29 tydning,
603 995 74 21 heldre
692 995 69 21 skulle
777 996 41 20 sett
833 996 33 19 att
881 993 58 22 detta
955 993 72 28 stycke
1042 994 55 21 varit
1105 993 62 22 affat-

435 1029 68 21 tadt
500 1023 14 38 i
520 1036 81 14 samma
617 1029 87 28 ordalag
720 1029 48 21 med
782 1028 150 22 motsvarande
955 1027 72 29 stycke
1049 1027 7 22 i
1077 1029 13 20 2
1113 1028 11 27 &
1146 1028 24 22 af

436 1063 141 28 lagförslaget
593 1063 108 28 angäende
717 1063 138 22 icke-kristne
870 1063 175 21 trosbekännare.

493 1098 46 21 Den
554 1098 102 21 afvikelse
670 1097 48 22 frän
733 1097 40 22 den
787 1097 79 28 nädiga
880 1097 164 27 Propositionen
1057 1097 111 22 Utskottet

436 1132 7 20 i
458 1133 11 26 &
485 1133 12 20 9
512 1132 98 21 förordat
624 1132 42 21 kan
679 1131 37 28 jag
731 1131 47 21 icke
793 1131 67 22 heller
874 1131 57 27 gilla.
975 1131 41 28 Jag
1030 1133 35 20 vet
1079 1138 45 14 mer
1140 1133 26 20 än

437 1166 33 22 väl
486 1168 31 19 att
532 1173 49 14 man
596 1166 39 21 hos
652 1173 35 14 oss
701 1166 63 27 hyser
779 1167 45 20 stor
839 1165 96 28 motvilja
947 1165 33 21 för
995 1165 40 21 och
1049 1165 119 28 betänklig-

437 1201 36 21 het
488 1202 56 19 emot
560 1202 32 19 att
606 1201 71 20 införa
691 1200 41 21 den
748 1200 62 21 civila
824 1200 82 21 formen
922 1199 34 22 för
978 1199 117 28 äktenskap
1117 1200 53 21 eller

438 1236 36 20 det
488 1234 110 22 såkallade
613 1235 49 21 civil
676 1234 147 27 äktenskapet,
837 1235 71 21 såsom
923 1233 154 28 obligatoriskt.
1120 1234 49 21 Men

439 1270 27 20 då
481 1269 72 21 derom
568 1276 29 13 nu
612 1269 47 20 icke
674 1269 24 20 är
713 1268 71 27 fråga;
800 1268 27 21 då
842 1268 220 27 äktenskapet
1001 1264 16 35 —
1032 1264 29 35 om
1078 1268 36 21 det
1129 1268 40 21 ock

438 1304 34 21 för
491 1303 40 21 den
552 1303 97 22 enskilda
667 1303 126 20 menniskan
808 1303 40 21 bör
861 1309 63 14 anses
939 1302 106 22 innefatta
1062 1309 25 14 en
1102 1302 68 22 hand-

439 1339 51 26 ling,
506 1337 35 22 vid
561 1337 85 21 hvilken
665 1337 90 21 likasom
777 1337 34 20 vid
829 1337 73 27 hvarje
920 1343 71 15 annan
1008 1337 7 20 i
1034 1336 60 22 litvet
1109 1336 61 29 djupt

440 1371 126 29 ingripande
575 1371 101 22 händelse
685 1371 40 21 den
735 1371 98 27 religiöst
841 1370 88 22 sinnade
937 1371 68 21 måste
1014 1370 71 22 känna
1093 1370 36 22 det
1136 1370 34 21 1if-

440 1408 76 25 ligaste
532 1406 65 21 behof
612 1407 32 19 att
658 1405 100 21 nedkalla
774 1405 59 21 Guds
848 1404 127 28 välsignelse
989 1418 28 2 —
1027 1404 62 22 äfven
1104 1404 67 28 enligt

441 1440 121 21 Utskottets
575 1438 148 28 medgifvande
736 1438 49 20 med
801 1437 120 21 hänseende
936 1437 33 21 till
981 1437 26 21 de
1017 1438 100 26 rättsliga
1128 1437 44 21 för-

441 1473 111 29 pliktelser
560 1472 37 22 det
605 1472 88 26 medför,
701 1471 7 21 i
716 1471 133 22 törhållande
858 1471 33 21 till
901 1471 112 21 samhället
1020 1472 24 20 är
1052 1478 26 14 en
1085 1471 87 27 borger-

441 1508 30 28 lig
483 1507 43 27 akt,
535 1506 68 22 finner
616 1506 37 28 jag
668 1506 39 21 den
720 1506 94 28 eftergift
825 1507 22 20 åt
859 1506 25 21 de
896 1505 97 29 kyrkliga
1005 1505 120 27 anspråken
1133 1505 40 22 Ut-

443 1544 90 21 skottets
544 1542 81 28 förslag
639 1543 32 20 att
682 1541 116 27 äktenskap
812 1540 89 22 emellan
913 1540 90 21 medlem
1016 1540 23 21 af
1050 1539 40 22 den
1099 1546 72 22 evang.

442 1578 54 21 luth.
512 1577 81 28 kyrkan
609 1576 39 22 och
663 1576 122 22 bekännare
800 1575 24 21 af
839 1582 70 14 annan
931 1575 81 22 kristen
1035 1574 92 23 troslära
1149 1582 23 15 o-

515 1617 138 23 Lagutskottets
666 1616 115 18 betänkande
794 1616 33 18 N:o
841 1616 26 19 14,

1196 1099 8 27 8
1222 1099 20 20 9.
