1023 1695
280 150 80 23 Ständ.
376 150 37 23 Sv.
429 163 26 3 —
470 151 70 27 Prop.
555 151 41 22 N:o
609 151 38 21 40.
776 151 25 21 27

92 218 124 25 distriktet»,
238 226 43 14 som
302 219 103 28 svårligen
426 219 52 21 låter
498 219 92 28 begagna
610 219 31 27 sig
657 219 8 20 i
683 227 26 12 en
723 219 54 20 finsk
791 219 39 27 lag,

91 252 74 21 hänför
182 252 32 28 sig
227 252 33 21 till
278 260 26 13 en
322 252 32 21 för
372 253 24 20 de
416 253 84 21 Eders
522 252 153 28 Kejserliga
696 252 135 28 Majestäts

90 285 56 29 spira
160 286 155 29 underlydande
330 286 71 21 länder
415 287 95 27 gällande
526 285 111 22 militärisk
646 285 113 29 indelning,
770 286 62 21 hvars

81 334 2 2 *
91 319 105 22 ändrande
211 320 51 21 eller
276 319 145 30 upphäfvande
437 320 46 22 icke
498 321 41 20 kan
554 327 49 15 vara
617 320 103 21 beroende
733 319 23 22 af
764 320 67 21 denna

90 354 255 29 värnepligtsförfattning.

157 389 65 21 Hvad
241 389 63 28 angär
323 388 157 28 bestämningen
499 388 8 22 i
528 396 78 14 samma
624 389 97 28 paragraf
736 390 30 20 att
779 388 51 22 före-

90 422 128 29 dragningen
237 424 24 20 af
277 423 23 21 sä
317 422 81 22 kallade
418 422 172 26 kommandomä!,
606 423 35 21 det
658 427 22 17 är
694 423 77 21 sådana
785 424 46 19 rent

90 456 91 22 militära
195 457 95 26 ärenden,
306 465 44 13 som
364 457 54 28 gälla
433 459 122 26 truppernas
568 457 123 28 beväpning,
702 456 129 29 krigsöfning

92 499 27 13 m.
135 499 35 18 m.,
186 492 52 21 skall
252 491 117 22 tillkomma
383 491 166 29 krigsministern
568 491 8 22 i
594 491 157 30 kejsaredömet,
769 491 61 22 hafva

93 525 117 22 Ständerna
223 528 51 20 trott
288 526 32 28 sig
334 527 49 20 böra
397 526 125 29 tillmötesgå
532 526 40 21 den
582 525 76 30 nådiga
666 525 165 30 propositionens

92 559 76 29 förslag
183 560 79 26 härom,
278 560 72 21 endast
369 561 47 20 med
435 560 72 29 tillägg
524 560 23 22 af
562 560 63 28 nägra
642 560 34 21 ord
692 560 33 21 till
739 559 93 29 förtydli-

90 593 67 28 gande
172 594 24 22 af
207 595 55 21 hvad
282 594 121 29 stadgandet
418 595 8 21 i
440 594 73 29 sjelfva
532 595 73 22 verket
619 595 91 25 innebär,
726 593 105 29 nemligen

90 630 31 20 att
130 629 168 28 krigsministern
311 628 35 23 vid
362 629 179 29 handläggningen
556 628 23 22 af
590 628 136 23 omförmälda
740 628 90 22 ärenden

90 663 88 22 innehar
193 663 131 29 egenskapen
339 663 24 22 af
374 664 55 21 finsk
443 663 126 22 funktionär.

158 698 44 22 Det
212 697 65 23 måste
288 697 52 23 dock
353 698 119 22 förutsättas
486 700 31 20 att
530 697 177 30 krigsministerns
721 697 8 22 i
743 697 88 28 kejsare-

92 733 69 22 dömet
175 732 127 23 omfattande
317 733 132 22 verksamhet
464 732 103 29 svärligen
581 733 42 21 kan
637 733 69 21 lemna
714 733 78 21 honom
801 732 31 22 tid

91 767 53 29 öfrig
158 769 31 20 att
203 767 98 22 förskaffa
315 767 31 28 sig
360 767 40 22 den
414 772 95 17 närmare
523 767 128 28 bekantskap
666 767 48 21 med
728 767 67 22 finska
804 767 28 20 la-

90 811 37 20 gar
143 803 38 20 och
196 801 149 27 förhällanden,
362 810 43 13 som
420 802 100 21 erfordras
534 802 33 22 för
580 801 169 22 handhafvandet
764 801 23 22 af
798 801 35 22 det

91 837 77 21 honom
182 836 8 21 i
206 837 67 21 denna
287 836 96 29 paragraf
395 837 86 27 tillagda
495 837 98 28 uppdrag.
616 836 50 21 Med
676 835 96 22 afseende
782 835 50 22 härä

91 871 58 21 torde
172 870 35 22 det
228 878 49 14 vara
299 870 24 22 af
338 870 75 26 nöden,
431 873 30 19 att
479 878 25 14 en
522 870 54 22 finsk
594 870 128 22 embetsman
736 870 96 22 anställes

91 904 167 30 krigsministern
277 905 33 22 till
329 905 86 22 biträde.
445 904 117 22 Ständerna
580 904 63 22 hafva
658 904 80 22 derföre
752 905 8 21 i
775 904 58 22 deras

93 938 142 30 underdäniga
249 947 47 14 svar
320 939 3 22 &
337 939 82 21 Eders
433 939 157 29 Kejserliga
604 938 141 29 Majestäts
759 938 75 28 nädiga

92 974 126 29 proposition
234 974 105 28 angäende
354 973 137 23 kostnaderna
506 973 32 22 för
552 973 109 22 införande
671 972 23 22 af
702 974 78 21 allmän
790 977 43 18 vär-

94 1008 80 29 nepligt
189 1008 107 29 tillstyrkt,
312 1010 30 20 att
356 1007 12 22 &
385 1007 74 22 militie
478 1008 77 21 fonden
569 1007 64 22 mätte
648 1010 101 26 upptagas
763 1008 71 28 anslag

92 1042 19 28 ej
127 1042 81 22 mindre
228 1043 32 21 för
279 1042 139 29 nyssnämnde
439 1043 133 25 embetsman,
588 1042 38 21 och
645 1042 39 21 den
698 1042 136 28 kansliperso-

92 1077 40 25 nal,
151 1084 44 14 som
217 1078 42 20 kan
278 1084 50 14 vara
349 1076 94 29 behöflig,
459 1081 27 17 än
505 1076 39 22 ock
558 1076 32 22 för
603 1076 177 28 krigsministerns
794 1076 40 22 till-

92 1111 79 28 börliga
185 1111 147 21 honorerande.

160 1146 72 22 Jemte
243 1146 35 21 det
288 1144 121 29 stadgandet
423 1145 7 21 i
447 1146 12 26 &
476 1146 46 24 128,
534 1152 43 14 som
590 1144 78 29 jemväl
678 1144 157 23 öfverensstäm-

93 1188 44 12 mer
152 1180 48 22 med
214 1180 95 28 gällande
323 1179 160 29 grundlagsbud,
498 1179 47 21 icke
560 1179 81 21 kunnat
655 1181 63 19 annat
732 1183 26 17 än
765 1174 10 39 i
794 1178 40 22 allo

93 1214 126 28 godkännas,
234 1214 64 21 hafva
308 1213 116 23 Ständerna
439 1215 68 20 ansett
521 1213 31 28 sig
566 1214 50 20 böra
631 1214 37 20 hos
682 1213 78 21 Eders
775 1212 59 28 Kej-

93 1248 96 29 serliga
207 1248 129 29 Majestät
353 1248 8 20 i
378 1247 165 28 underdänighet
560 1247 109 22 framhälla
683 1246 153 29 nödvändighe-

93 1285 36 19 ten
144 1282 64 26 deraf,
224 1284 30 20 att
269 1281 94 29 samtlige
383 1281 104 22 officerare
502 1281 38 22 och
555 1272 131 41 tjenstemän,
701 1289 44 14 som
760 1281 36 22 vid
810 1280 26 22 do

93 1317 67 21 finska
182 1319 114 25 trupperna
317 1317 102 24 anställas,
441 1321 34 16 äro
497 1315 105 28 förtrogne
620 1316 48 20 med
685 1315 81 21 landets
783 1315 53 21 båda

94 1350 68 29 språk.
191 1349 33 22 Af
242 1350 24 21 de
284 1349 149 28 förordningar,
449 1349 8 21 i
471 1349 73 22 hvilka
562 1349 137 22 föreskrifvits
714 1351 30 19 att
758 1349 33 20 för
804 1351 31 19 ut-

94 1384 100 28 nämning
208 1383 32 22 till
255 1383 94 29 offentlig
363 1383 63 29 tjenst
445 1383 101 22 erfordras
562 1383 117 22 kännedom
693 1382 24 22 af
728 1382 58 22 såväl
799 1383 36 21 fin-

95 1419 37 22 ska
149 1426 44 14 som
211 1418 89 22 svenska
319 1418 88 29 språket,
427 1418 57 22 torde
501 1417 47 23 icke
563 1417 93 30 tydligen
670 1417 80 29 framgå
764 1419 30 20 att
807 1417 29 22 så-

95 1454 50 21 dant
158 1453 65 29 gäller
238 1452 61 23 äfven
314 1453 40 22 den
369 1453 90 21 militära
473 1452 96 29 tjensten.
595 1452 124 22 Emellertid
734 1456 22 17 är
770 1453 36 22 det
816 1452 23 22 af

97 1488 107 29 synnerlig
222 1487 44 30 vigt
285 1490 31 20 att
332 1488 55 22 befäl
409 1487 38 22 och
461 1487 101 31 manskap
576 1487 34 22 må
624 1487 71 22 kunna
710 1486 48 23 fullt
772 1487 64 24 förstå
