1039 1689
312 135 29 18 U.
355 136 30 17 B.
399 145 22 3 —
434 136 81 22 Prop.
527 136 46 18 N:o
586 135 39 18 38.
785 137 26 21 21

99 199 113 22 innehåller
232 206 62 15 mom.
316 201 12 20 2
345 200 75 21 tvänne
436 201 133 28 stadganden,
587 201 22 22 af
622 201 69 22 hvilka
706 201 35 21 det
756 201 54 21 förra
826 201 17 28 ej

99 237 22 19 är
142 241 40 21 nog
202 235 76 27 tydligt
294 235 90 21 uttaladt
400 236 37 20 och
453 236 34 21 det
503 235 63 22 andra
581 236 43 21 helt
640 236 37 21 och
691 236 64 21 hållet
771 236 71 21 saknas

98 270 7 21 i
123 271 55 20 1873
196 270 32 21 års
243 270 125 28 förordning,
385 270 104 28 nämligen
500 271 31 21 att
541 271 35 21 det
586 271 84 21 flottade
680 271 66 21 virket
756 271 8 20 i
775 270 69 27 hvarje

98 305 37 21 fall
158 307 22 19 är
203 304 114 27 underpant
339 305 33 21 till
388 305 128 28 erforderligt
531 306 74 27 belopp
620 305 32 22 för
667 305 24 22 de
707 306 137 27 ersättningar

98 340 38 22 och
151 339 91 28 utgifter,
259 340 69 21 hvilka
343 340 23 22 af
378 340 122 28 flottningen
516 341 91 27 härflyta,
625 341 54 21 samt
695 341 31 21 att
735 341 42 21 löst
786 341 57 21 flott-

98 375 122 29 ningsvirke,
244 382 44 15 som
312 376 6 21 i
334 382 44 15 mer
401 378 25 19 än
450 376 44 22 åtta
514 376 107 21 månaders
642 376 30 21 tid
688 376 114 29 gvarligger
817 376 27 28 pä

99 411 50 22 eller
164 411 34 22 vid
214 411 75 27 strand,
306 411 52 22 skall
368 417 58 16 anses
436 412 67 21 såsom
515 412 120 27 öfvergifvet
646 412 37 21 och
694 412 82 21 tillfalla
784 412 59 28 jord-

98 453 80 22 egaren,
195 447 86 22 änskönt
297 447 114 22 detsamma
426 449 22 20 är
464 447 47 22 med
526 447 219 28 igenkänningsmärke
759 446 82 23 försedt.

97 483 160 27 Bestämningen
281 489 33 15 om
338 483 93 27 panträtt
451 483 7 21 i
477 483 97 28 flottgods
590 485 23 19 är
628 483 23 21 af
663 483 74 28 högsta
752 483 44 28 vigt
811 483 32 21 för

97 518 31 21 att
144 518 74 21 bereda
232 518 57 21 såväl
304 517 88 27 strand-,
409 517 59 22 fiske-
485 519 37 20 och
538 518 196 28 vattenverksegare,
745 524 44 15 som
800 518 41 21 vir-

96 554 116 21 kesflottare
235 553 100 27 inbördes,
360 554 57 21 säker
438 554 36 21 och
489 554 40 21 lätt
544 554 64 27 utväg
624 554 32 21 till
672 554 170 21 utbekommande

97 589 23 22 af
141 589 136 28 ersättningar
300 589 31 21 för
354 589 24 21 de
398 589 77 26 skador,
493 589 68 22 hvilka
576 589 69 21 kunna
659 589 75 27 uppstå
750 589 22 21 af
784 589 58 22 flott-

97 625 81 28 ningen.
210 625 105 21 Likaledes
332 627 22 19 är
369 625 117 21 utsättande
503 625 22 21 af
538 631 25 15 en
573 624 40 22 viss
624 624 176 29 preskriptionstid
810 625 32 21 för

97 660 135 29 borttagande
256 661 22 21 af
298 660 90 22 landsatt
404 661 48 20 eller
467 661 7 20 i
489 660 49 22 land
554 659 73 22 drifvet
643 660 40 22 löst
698 660 55 22 virke
769 660 23 21 af
805 661 37 21 be-

97 697 70 21 hofvet
182 696 110 28 påkalladt,
308 695 48 22 med
372 695 93 22 afseende
481 696 11 21 å
508 697 34 21 det
557 695 88 28 förfång,
662 702 44 15 som
722 696 120 27 tillskyndas

94 732 108 28 jordegare
223 731 117 28 derigenom
361 732 31 21 att
410 731 34 22 vid
459 732 63 27 högre
538 731 131 22 vattenstånd
683 731 158 28 flottningsgods

97 768 44 21 ofta
162 768 8 21 i
192 767 43 22 stor
257 767 78 28 mängd
350 767 101 28 uppflyter
467 767 11 21 å
493 767 137 22 betesmarker
646 767 37 21 och
699 767 71 21 odlade
786 773 54 22 egor,

99 803 55 21 samt
169 803 32 21 till
217 803 64 20 större
297 803 49 20 eller
361 802 79 21 mindre
456 802 32 21 del
503 803 35 20 der
552 803 79 20 lemnas
647 802 149 27 qvarliggande,
808 802 34 21 till

97 845 47 15 men
159 838 31 21 för
205 838 144 27 växtligheten.
380 837 55 26 Men,
452 838 7 21 i
474 837 63 22 likhet
552 837 47 22 med
615 837 53 22 hvad
680 837 78 27 jemväl
773 843 25 16 en
809 837 32 21 del

85 873 145 29 medlemmar
245 873 8 21 i
268 873 114 28 Kejserliga
399 872 88 22 Senaten
502 873 34 21 vid
551 872 94 22 ärendets
659 872 124 27 behandling
794 872 46 21 der-

96 909 68 22 städes
179 909 81 26 uttalat,
278 915 58 15 anser
351 908 106 22 Utskottet
472 909 39 20 den
526 909 7 20 i
543 908 98 27 förslaget
651 908 78 21 utsatta
739 907 101 28 preskrip-

96 944 86 22 tionstid
204 951 48 14 vara
274 943 32 22 för
323 943 47 22 kort
385 943 38 22 och
438 943 53 28 förty
506 943 98 28 möjligen
619 943 68 21 kunna
702 943 47 21 leda
765 942 75 22 derhän

97 981 32 21 att
144 979 61 26 virke,
222 985 45 16 som
282 979 68 22 flottas
365 979 7 20 i
387 979 80 21 mindre
482 978 127 28 vattendrag,
627 977 34 22 der
673 978 114 21 detsamma
797 978 43 21 icke

96 1015 112 28 lämpligen
231 1015 39 21 kan
294 1015 80 20 förenas
396 1015 8 20 i
426 1014 69 21 flottor
518 1014 49 21 eller
586 1014 56 21 inom
658 1013 100 26 bommar,
774 1013 66 22 kunde

98 1051 84 21 komma
197 1050 31 22 att
244 1049 110 28 oförskyldt
366 1049 26 28 gå
402 1049 98 21 förloradt
511 1049 30 21 för
552 1055 81 21 egaren,
644 1049 33 20 till
687 1049 51 27 följd
749 1048 23 21 af
779 1048 61 28 lång-

97 1086 58 28 varig
170 1085 66 22 vinter
252 1085 48 21 eller
315 1084 123 22 vattenbrist
452 1085 8 20 i
474 1084 111 26 flottleden,
602 1090 44 15 som
656 1084 99 21 hindrade
765 1084 75 21 virkets

96 1120 150 23 bortskaffande
262 1121 56 21 inom
334 1120 38 22 den
388 1120 115 27 föreslagna
517 1120 59 21 korta
591 1119 62 22 tiden.
684 1119 41 22 Vid
740 1119 48 21 slikt
798 1119 42 21 för-

97 1156 95 22 hållande
212 1163 59 20 synes
292 1163 24 14 en
331 1156 71 27 längre
418 1155 176 27 preskriptionstid
609 1154 37 22 här
661 1161 49 15 vara
726 1154 23 22 af
761 1154 76 26 nöden;

98 1192 37 22 och
155 1192 37 21 har
211 1192 105 21 Utskottet
332 1191 67 21 ansett
414 1190 196 28 tidsbestämningen
626 1190 23 21 af
661 1190 31 21 ett
707 1189 24 22 år
745 1189 32 22 för
792 1189 48 22 ifrå-

98 1228 81 28 gasatta
201 1227 37 21 fall
260 1233 48 15 vara
328 1226 39 22 den
382 1226 130 28 lämpligaste
527 1226 54 21 samt
596 1225 54 27 förty
665 1226 7 20 i
688 1224 90 28 enlighet
792 1224 48 22 här-

97 1263 49 22 med
161 1263 73 22 ändrat
248 1262 104 28 förslaget.

169 1298 40 22 Vid
231 1298 75 28 nådiga
326 1297 160 28 propositionens
506 1296 145 28 föredragning
666 1296 36 21 hos
717 1294 123 23 Ridderska-

98 1334 36 27 pet
155 1333 37 22 och
212 1333 67 21 Adeln
294 1334 23 19 är
332 1332 23 21 af
368 1338 25 15 en
408 1332 65 20 talare
489 1331 100 25 anmärkt,
605 1331 32 21 att
652 1330 113 28 stadgande
779 1330 63 21 borde

99 1368 109 22 förefinnas
223 1374 34 15 om
272 1366 149 28 behandlingen
437 1366 23 21 af
472 1366 81 28 sjunket
567 1365 62 26 virke,
645 1365 77 21 hvilket
736 1370 104 22 uppgrun-

99 1404 36 22 dar
150 1403 153 28 vattendragen.
335 1402 63 22 Detta
413 1404 28 24 är,
458 1402 59 22 äfven
533 1401 64 28 enligt
612 1400 116 22 Utskottets
737 1400 67 26 tanke,
816 1406 25 15 en

101 1440 22 22 så
146 1439 148 23 beaktansvärd
317 1437 156 29 omständighet,
497 1438 31 20 att
543 1436 106 23 Utskottet
663 1436 68 22 ansett
747 1436 31 28 sig
793 1435 49 22 böra

101 1476 32 22 till
149 1476 12 27 $
178 1477 12 21 9
207 1475 73 21 föreslå
296 1475 30 21 ett
340 1474 181 28 tilläggsmoment,
538 1472 139 22 innefattande
691 1471 151 29 bestämningar

151 1526 133 19 Sammansatta
300 1525 50 23 Lag-
366 1524 30 19 och
412 1523 180 19 Ekonomiutskottets
607 1522 110 19 betänkande
733 1521 37 19 N:o
785 1520 18 20 8.
