1025 1695
319 119 22 24 U.
359 119 22 23 B.
397 132 28 3 —
441 120 64 27 Prop.
522 119 39 23 N:o
576 120 40 22 40.
787 120 27 21 37

300 184 143 22 Särskilda
463 185 175 21 uttalanden.

157 220 49 21 Den
222 220 7 20 i
245 220 34 20 2:a
295 219 11 28 &
322 219 25 21 af
364 220 107 27 förslaget
487 219 33 22 till
540 219 175 28 värnepligtslag
729 219 8 21 i
752 219 93 21 Utskot-

88 255 42 19 tets
146 253 138 22 betänkande
300 253 92 28 intagna
417 254 177 27 bestämningen,
618 256 32 19 att
669 255 25 20 de
712 255 51 26 från
785 257 57 18 rust-

88 288 44 21 håll
147 288 37 21 och
202 290 59 19 rotar
275 289 35 26 för
327 289 134 20 närvarande
475 288 104 27 utgående
600 289 165 27 vakansafgifter
785 289 58 21 skola

88 322 114 22 tillsvidare
217 322 97 28 erläggas
328 322 46 27 har,
389 323 29 27 på
433 323 43 20 sätt
490 322 68 21 redan
575 322 65 21 ofvan
659 322 92 25 anförts,
771 322 73 22 blifvit

88 356 23 21 af
124 358 33 20 tre
172 357 69 21 Stånd
261 356 110 28 godkänd,
389 357 79 21 medan
491 357 99 21 deremot
605 357 165 21 Bondeståndet
784 357 60 21 velat

86 391 66 21 hafva
167 391 123 21 rusthållen
306 391 40 21 och
361 393 90 20 rotarna
469 391 116 22 frikallade
601 391 65 21 äfven
681 391 49 22 från
747 392 95 27 skyldig-

88 426 65 21 heten
169 428 32 18 att
216 426 90 27 erlägga
322 426 181 27 vakansafgifter.

156 460 128 28 Uppställes
303 460 84 28 frågan,
405 460 107 22 huruvida
534 460 72 22 denna
628 460 161 28 angelägenhet
807 461 36 21 må

87 496 75 20 kunna
177 502 63 14 anses
256 502 53 14 vara
324 502 64 21 geom
404 497 34 19 tre
455 495 79 22 Stånds
550 495 72 21 beslut
637 496 96 27 lagligen
749 495 94 28 afgjord,

88 529 62 21 torde
166 529 60 21 olika
240 530 83 27 åsigter
338 531 54 27 göra
408 530 33 27 sig
456 530 108 27 gällande.
594 530 32 21 Af
639 530 41 20 den
701 530 142 28 uppfattning

88 571 35 14 om
138 564 214 27 vakansafgifternas
368 564 158 27 beskaffenhet,
542 572 46 14 som
604 565 13 20 &
632 565 61 21 sidan
705 566 12 20 2
729 565 6 21 i
751 564 42 22 den
805 566 37 20 nå-

88 599 50 27 diga
155 599 163 27 propositionen
335 600 139 27 framlägges,
491 600 53 20 eller
559 601 33 19 att
602 600 64 20 dessa
682 600 89 27 afgifter
782 600 6 20 i
799 600 44 20 alla

87 634 139 21 hänseenden
244 634 85 28 antagit
345 634 137 28 egenskaper
498 634 22 21 af
529 641 27 14 en
572 634 133 28 fastigheten
720 634 122 28 åtföljande

88 668 138 28 grundskatt,
236 669 78 25 skulle,
330 670 85 26 strängt
430 671 66 25 taget,
511 669 54 28 följa
580 671 32 19 att
627 669 35 21 vid
678 670 164 28 värnepligtens

87 704 116 20 införande
219 704 56 20 intet
290 704 104 20 särskildt
409 704 71 20 beslut
496 704 112 28 angående
623 704 123 21 vakansens
766 704 75 21 fortfa-

88 738 67 22 rande
170 738 122 27 utgörande
307 744 52 15 vore
370 738 146 28 erforderligt.
538 738 130 21 Emellertid
684 738 91 22 föreslås
787 739 55 21 dock

87 773 7 20 i
110 774 41 20 den
168 773 80 27 nådiga
270 773 166 27 propositionen
453 775 31 19 ett
500 773 120 28 stadgande
638 773 83 21 härom.
752 772 46 22 Och
815 774 27 20 då

88 808 90 21 sålunda
202 808 134 21 Ständernas
355 808 77 28 åtgärd
451 808 99 28 påkallas
565 808 33 20 för
614 808 186 28 prolongerandet
819 808 25 21 af

88 849 26 14 en
134 843 65 25 skatt,
222 843 63 20 torde
308 843 135 20 förfarandet
465 843 52 20 böra
537 843 64 20 ställa
621 843 33 27 sig
674 843 45 20 lika
739 849 46 14 som
805 843 37 20 vid

88 877 134 28 beviljandet
237 877 24 21 af
274 885 29 20 ny
319 877 65 27 skatt,
401 877 84 21 hvilket
505 878 87 20 kräfver
611 878 48 27 fyra
679 878 74 21 ständs
773 878 68 21 bifall.

156 913 94 21 Snarare
266 912 73 21 kunde
355 919 50 14 man
422 920 52 13 anse
486 913 75 28 frägan
573 913 43 20 löst
627 919 79 21 genom
717 914 33 19 tre
762 913 79 20 Ständs

87 947 79 27 beslut,
178 954 35 14 om
225 955 49 14 man
291 947 130 22 betraktade
431 947 126 22 densamma
572 947 72 21 säsom
659 947 77 21 endast
751 947 91 21 innebä-

86 983 69 21 rande
171 989 27 14 en
216 982 148 21 modifikation
381 983 24 20 af
418 983 228 20 knektekontraktens
666 982 40 21 och
723 982 72 28 öfriga
809 983 33 20 in-

87 1017 249 28 delningsstadgandens
352 1018 104 21 innehäll.
479 1017 77 28 Enligt
571 1017 64 21 dessa
645 1017 85 28 äligger
739 1017 36 21 det
783 1019 58 19 rust-

86 1051 74 22 hällen
176 1051 42 21 och
235 1054 90 19 rotarna
340 1054 33 19 att
388 1051 100 22 anskaffa
503 1052 39 22 och
558 1051 92 22 bekosta
673 1052 115 28 krigsfolk:
810 1059 31 14 nu

87 1087 70 21 skulle
176 1087 27 21 de
217 1087 33 21 till
263 1087 55 27 följd
334 1087 24 21 af
375 1088 161 27 värnepligtens
552 1086 114 22 införande
683 1087 108 21 förklaras
813 1088 29 26 pä

87 1122 113 21 obestämd
216 1122 32 20 tid
264 1122 95 20 derifrän
377 1122 122 26 frikallade,
514 1128 51 15 men
581 1122 7 20 i
604 1122 49 20 dess
664 1122 64 20 ställe
745 1121 96 28 skyldig-

86 1157 84 21 kännas
179 1159 32 18 att
222 1158 71 20 säsom
302 1156 77 28 bidrag
388 1157 34 20 till
431 1157 163 26 krigsmaktens
603 1156 135 22 bekostande
752 1157 89 27 erlägga

87 1192 95 27 afgifter,
198 1198 45 14 som
260 1193 38 19 äro
313 1191 51 21 vida
380 1192 67 27 lägre,
464 1193 27 19 än
503 1192 40 20 den
556 1191 74 27 utgift,
646 1191 41 21 den
703 1191 83 21 indelta
801 1192 41 20 mi-

86 1226 90 21 litärens
192 1226 141 28 fullständiga
349 1226 152 28 uppställande
517 1226 70 21 skulle
604 1226 103 20 medföra.
731 1226 111 20 Skenbart

86 1261 71 20 skulle
174 1261 36 20 det
226 1261 73 20 derför
321 1260 48 21 icke
392 1260 69 21 sakna
483 1260 102 28 giltighet
603 1263 32 18 att
654 1260 97 21 förklara
773 1260 67 21 sådan

87 1295 107 27 lindrings
213 1295 176 27 prolongerande
412 1295 81 26 kunna,
516 1295 45 20 lika
576 1295 36 20 väl
635 1301 45 14 som
701 1295 68 20 andra
788 1295 52 20 änd-

86 1329 76 27 ringar
181 1329 58 19 inom
263 1329 216 26 indelningsverkets
495 1329 128 26 anordning,
640 1329 22 19 af
676 1331 33 17 tre
726 1329 68 19 Stånd
809 1329 30 19 af-

87 1362 166 28 göras.
182 1358 14 36 —
211 1362 42 28 Men
270 1362 99 21 häremot
384 1362 103 21 framstår
503 1363 46 20 åter
563 1362 42 21 den
620 1362 172 27 invändningen,
807 1364 33 18 att

87 1400 33 18 tre
136 1396 70 22 Stånd
222 1398 51 19 utan
290 1397 77 20 tvifvel
387 1404 51 13 vore
454 1397 148 28 kompetenta,
625 1396 72 21 derest
716 1397 36 20 det
771 1396 69 28 fjerde

87 1432 91 21 Ståndet
198 1432 102 21 omfattat
323 1432 76 21 sådant
421 1432 71 21 beslut
515 1431 93 22 rörande
630 1431 210 28 indelningsverket,

159 1475 197 21 Värnepligtsutskottets
369 1475 106 17 betänkande
487 1475 36 17 N:o
535 1472 15 18 3.
