<?xml version="1.0" encoding="UTF-8"?>
<alto xmlns="http://www.loc.gov/standards/alto/ns-v3#" xmlns:xlink="http://www.w3.org/1999/xlink" xmlns:xsi="http://www.w3.org/2001/XMLSchema-instance" xsi:schemaLocation="http://www.loc.gov/standards/alto/ns-v3# http://www.loc.gov/alto/v3/alto-3-0.xsd">
	<Description>
		<MeasurementUnit>pixel</MeasurementUnit>
		<sourceImageInformation>
			<fileName>/tmp/tess_icj4qidq_input.PNG</fileName>
		</sourceImageInformation>
		<OCRProcessing ID="OCR_0">
			<ocrProcessingStep>
				<processingSoftware>
					<softwareName>tesseract 5.3.4</softwareName>
				</processingSoftware>
			</ocrProcessingStep>
		</OCRProcessing>
	</Description>
	<Layout>
		<Page WIDTH="1025" HEIGHT="1686" PHYSICAL_IMG_NR="0" ID="page_0">
			<PrintSpace HPOS="0" VPOS="0" WIDTH="1025" HEIGHT="1686">
				<ComposedBlock ID="cblock_0" HPOS="394" VPOS="138" WIDTH="409" HEIGHT="22">
					<TextBlock ID="block_0" HPOS="394" VPOS="138" WIDTH="409" HEIGHT="22">
						<TextLine ID="line_0" HPOS="394" VPOS="138" WIDTH="409" HEIGHT="22">
							<String ID="string_0" HPOS="394" VPOS="138" WIDTH="57" HEIGHT="21" WC="0.96" CONTENT="N:o"/><SP WIDTH="17" VPOS="138" HPOS="451"/>
							<String ID="string_1" HPOS="468" VPOS="138" WIDTH="49" HEIGHT="21" WC="0.91" CONTENT="41."/><SP WIDTH="274" VPOS="138" HPOS="517"/>
							<String ID="string_2" HPOS="791" VPOS="140" WIDTH="12" HEIGHT="20" WC="0.96" CONTENT="3"/>
						</TextLine>
					</TextBlock>
				</ComposedBlock>
				<ComposedBlock ID="cblock_1" HPOS="568" VPOS="206" WIDTH="263" HEIGHT="27">
					<TextBlock ID="block_1" HPOS="568" VPOS="206" WIDTH="263" HEIGHT="27">
						<TextLine ID="line_1" HPOS="568" VPOS="206" WIDTH="263" HEIGHT="27">
							<String ID="string_3" HPOS="568" VPOS="206" WIDTH="119" HEIGHT="27" WC="0.93" CONTENT="Transport"/><SP WIDTH="12" VPOS="206" HPOS="687"/>
							<String ID="string_4" HPOS="699" VPOS="208" WIDTH="132" HEIGHT="24" WC="0.92" CONTENT="11,175,000."/>
						</TextLine>
					</TextBlock>
				</ComposedBlock>
				<ComposedBlock ID="cblock_2" HPOS="75" VPOS="249" WIDTH="756" HEIGHT="239">
					<TextBlock ID="block_2" HPOS="75" VPOS="249" WIDTH="756" HEIGHT="239">
						<TextLine ID="line_2" HPOS="75" VPOS="249" WIDTH="620" HEIGHT="28">
							<String ID="string_5" HPOS="75" VPOS="249" WIDTH="42" HEIGHT="21" WC="0.96" CONTENT="Till"/><SP WIDTH="15" VPOS="249" HPOS="117"/>
							<String ID="string_6" HPOS="132" VPOS="250" WIDTH="136" HEIGHT="27" WC="0.96" CONTENT="uppförande"/><SP WIDTH="18" VPOS="250" HPOS="268"/>
							<String ID="string_7" HPOS="286" VPOS="250" WIDTH="24" HEIGHT="21" WC="0.96" CONTENT="af"/><SP WIDTH="16" VPOS="250" HPOS="310"/>
							<String ID="string_8" HPOS="326" VPOS="251" WIDTH="103" HEIGHT="21" WC="0.96" CONTENT="kaserner"/><SP WIDTH="18" VPOS="251" HPOS="429"/>
							<String ID="string_9" HPOS="447" VPOS="252" WIDTH="50" HEIGHT="20" WC="0.93" CONTENT="med"/><SP WIDTH="15" VPOS="252" HPOS="497"/>
							<String ID="string_10" HPOS="512" VPOS="251" WIDTH="72" HEIGHT="21" WC="0.91" CONTENT="dertill"/><SP WIDTH="15" VPOS="251" HPOS="584"/>
							<String ID="string_11" HPOS="599" VPOS="251" WIDTH="96" HEIGHT="21" WC="0.95" CONTENT="hörande"/>
						</TextLine>
						<TextLine ID="line_3" HPOS="105" VPOS="283" WIDTH="589" HEIGHT="28">
							<String ID="string_12" HPOS="105" VPOS="283" WIDTH="70" HEIGHT="28" WC="0.96" CONTENT="öfriga"/><SP WIDTH="15" VPOS="283" HPOS="175"/>
							<String ID="string_13" HPOS="190" VPOS="285" WIDTH="125" HEIGHT="26" WC="0.96" CONTENT="byggnader"/><SP WIDTH="19" VPOS="285" HPOS="315"/>
							<String ID="string_14" HPOS="334" VPOS="284" WIDTH="34" HEIGHT="21" WC="0.96" CONTENT="för"/><SP WIDTH="15" VPOS="284" HPOS="368"/>
							<String ID="string_15" HPOS="383" VPOS="285" WIDTH="13" HEIGHT="20" WC="0.92" CONTENT="8"/><SP WIDTH="21" VPOS="285" HPOS="396"/>
							<String ID="string_16" HPOS="417" VPOS="285" WIDTH="277" HEIGHT="26" WC="0.90" CONTENT="armé-skarpskyttebatal-"/>
						</TextLine>
						<TextLine ID="line_4" HPOS="102" VPOS="320" WIDTH="593" HEIGHT="25">
							<String ID="string_17" HPOS="102" VPOS="318" WIDTH="64" HEIGHT="26" WC="0.93" CONTENT="joner"/><SP WIDTH="32" VPOS="318" HPOS="166"/>
							<String ID="string_18" HPOS="198" VPOS="335" WIDTH="4" HEIGHT="4" WC="0.41" CONTENT="*."/><SP WIDTH="31" VPOS="335" HPOS="202"/>
							<String ID="string_19" HPOS="233" VPOS="334" WIDTH="5" HEIGHT="5" WC="0.89" CONTENT="."/><SP WIDTH="245" VPOS="334" HPOS="238"/>
							<String ID="string_20" HPOS="483" VPOS="335" WIDTH="4" HEIGHT="4" WC="0.52" CONTENT="+"/><SP WIDTH="31" VPOS="335" HPOS="487"/>
							<String ID="string_21" HPOS="518" VPOS="335" WIDTH="5" HEIGHT="4" WC="0.59" CONTENT="+"/><SP WIDTH="31" VPOS="335" HPOS="523"/>
							<String ID="string_22" HPOS="554" VPOS="335" WIDTH="4" HEIGHT="4" WC="0.77" CONTENT="."/><SP WIDTH="17" VPOS="335" HPOS="558"/>
							<String ID="string_23" HPOS="575" VPOS="320" WIDTH="120" HEIGHT="25" WC="0.90" CONTENT="5,600,000."/>
						</TextLine>
						<TextLine ID="line_5" HPOS="76" VPOS="330" WIDTH="482" HEIGHT="54">
							<String ID="string_24" HPOS="76" VPOS="351" WIDTH="43" HEIGHT="22" WC="0.96" CONTENT="För"/><SP WIDTH="11" VPOS="351" HPOS="119"/>
							<String ID="string_25" HPOS="130" VPOS="330" WIDTH="143" HEIGHT="53" WC="0.92" CONTENT="anskaffande"/><SP WIDTH="6" VPOS="330" HPOS="273"/>
							<String ID="string_26" HPOS="279" VPOS="334" WIDTH="30" HEIGHT="39" WC="0.68" CONTENT="at"/><SP WIDTH="2" VPOS="334" HPOS="309"/>
							<String ID="string_27" HPOS="311" VPOS="330" WIDTH="127" HEIGHT="54" WC="0.96" CONTENT="beklädnad,"/><SP WIDTH="7" VPOS="330" HPOS="438"/>
							<String ID="string_28" HPOS="445" VPOS="335" WIDTH="113" HEIGHT="44" WC="0.93" CONTENT="beväring,"/>
						</TextLine>
						<TextLine ID="line_6" HPOS="105" VPOS="386" WIDTH="453" HEIGHT="27">
							<String ID="string_29" HPOS="105" VPOS="388" WIDTH="58" HEIGHT="19" WC="0.92" CONTENT="tross"/><SP WIDTH="19" VPOS="388" HPOS="163"/>
							<String ID="string_30" HPOS="182" VPOS="387" WIDTH="39" HEIGHT="20" WC="0.92" CONTENT="och"/><SP WIDTH="19" VPOS="387" HPOS="221"/>
							<String ID="string_31" HPOS="240" VPOS="386" WIDTH="56" HEIGHT="27" WC="0.91" CONTENT="öfrig"/><SP WIDTH="18" VPOS="386" HPOS="296"/>
							<String ID="string_32" HPOS="314" VPOS="387" WIDTH="116" HEIGHT="26" WC="0.96" CONTENT="utredning"/><SP WIDTH="15" VPOS="387" HPOS="430"/>
							<String ID="string_33" HPOS="445" VPOS="387" WIDTH="34" HEIGHT="21" WC="0.96" CONTENT="för"/><SP WIDTH="16" VPOS="387" HPOS="479"/>
							<String ID="string_34" HPOS="495" VPOS="387" WIDTH="63" HEIGHT="21" WC="0.96" CONTENT="dessa"/>
						</TextLine>
						<TextLine ID="line_7" HPOS="105" VPOS="421" WIDTH="454" HEIGHT="27">
							<String ID="string_35" HPOS="105" VPOS="421" WIDTH="132" HEIGHT="26" WC="0.91" CONTENT="bataljoners"/><SP WIDTH="23" VPOS="421" HPOS="237"/>
							<String ID="string_36" HPOS="260" VPOS="421" WIDTH="69" HEIGHT="21" WC="0.95" CONTENT="första"/><SP WIDTH="22" VPOS="421" HPOS="329"/>
							<String ID="string_37" HPOS="351" VPOS="422" WIDTH="143" HEIGHT="26" WC="0.92" CONTENT="uppsättning"/><SP WIDTH="25" VPOS="422" HPOS="494"/>
							<String ID="string_38" HPOS="519" VPOS="421" WIDTH="40" HEIGHT="21" WC="0.96" CONTENT="och"/>
						</TextLine>
						<TextLine ID="line_8" HPOS="106" VPOS="455" WIDTH="725" HEIGHT="33">
							<String ID="string_39" HPOS="106" VPOS="455" WIDTH="148" HEIGHT="27" WC="0.92" CONTENT="organisation"/><SP WIDTH="16" VPOS="455" HPOS="254"/>
							<String ID="string_40" HPOS="270" VPOS="472" WIDTH="1" HEIGHT="5" WC="0.69" CONTENT="."/><SP WIDTH="31" VPOS="472" HPOS="271"/>
							<String ID="string_41" HPOS="302" VPOS="472" WIDTH="5" HEIGHT="5" WC="0.86" CONTENT="."/><SP WIDTH="31" VPOS="472" HPOS="307"/>
							<String ID="string_42" HPOS="338" VPOS="472" WIDTH="5" HEIGHT="4" WC="0.87" CONTENT="."/><SP WIDTH="30" VPOS="472" HPOS="343"/>
							<String ID="string_43" HPOS="373" VPOS="473" WIDTH="5" HEIGHT="4" WC="0.89" CONTENT="."/><SP WIDTH="32" VPOS="473" HPOS="378"/>
							<String ID="string_44" HPOS="410" VPOS="472" WIDTH="5" HEIGHT="4" WC="0.78" CONTENT="."/><SP WIDTH="31" VPOS="472" HPOS="415"/>
							<String ID="string_45" HPOS="446" VPOS="473" WIDTH="4" HEIGHT="4" WC="0.87" CONTENT="."/><SP WIDTH="32" VPOS="473" HPOS="450"/>
							<String ID="string_46" HPOS="482" VPOS="473" WIDTH="4" HEIGHT="4" WC="0.87" CONTENT="."/><SP WIDTH="32" VPOS="473" HPOS="486"/>
							<String ID="string_47" HPOS="518" VPOS="472" WIDTH="4" HEIGHT="5" WC="0.89" CONTENT="."/><SP WIDTH="32" VPOS="472" HPOS="522"/>
							<String ID="string_48" HPOS="554" VPOS="472" WIDTH="4" HEIGHT="5" WC="0.83" CONTENT="."/><SP WIDTH="17" VPOS="472" HPOS="558"/>
							<String ID="string_49" HPOS="575" VPOS="457" WIDTH="119" HEIGHT="24" WC="0.87" CONTENT="2,400,000."/><SP WIDTH="17" VPOS="457" HPOS="694"/>
							<String ID="string_50" HPOS="711" VPOS="463" WIDTH="120" HEIGHT="25" WC="0.92" CONTENT="8,000,000."/>
						</TextLine>
					</TextBlock>
				</ComposedBlock>
				<ComposedBlock ID="cblock_3" HPOS="77" VPOS="495" WIDTH="620" HEIGHT="957">
					<TextBlock ID="block_3" HPOS="77" VPOS="495" WIDTH="620" HEIGHT="338">
						<TextLine ID="line_9" HPOS="77" VPOS="495" WIDTH="618" HEIGHT="33">
							<String ID="string_51" HPOS="77" VPOS="495" WIDTH="76" HEIGHT="33" WC="0.93" CONTENT="Årliga"/><SP WIDTH="19" VPOS="495" HPOS="153"/>
							<String ID="string_52" HPOS="172" VPOS="501" WIDTH="245" HEIGHT="22" WC="0.91" CONTENT="underhållskostnaden"/><SP WIDTH="16" VPOS="501" HPOS="417"/>
							<String ID="string_53" HPOS="433" VPOS="501" WIDTH="33" HEIGHT="22" WC="0.96" CONTENT="för"/><SP WIDTH="16" VPOS="501" HPOS="466"/>
							<String ID="string_54" HPOS="482" VPOS="508" WIDTH="25" HEIGHT="15" WC="0.93" CONTENT="en"/><SP WIDTH="16" VPOS="508" HPOS="507"/>
							<String ID="string_55" HPOS="523" VPOS="501" WIDTH="88" HEIGHT="27" WC="0.92" CONTENT="gardes-"/><SP WIDTH="16" VPOS="501" HPOS="611"/>
							<String ID="string_56" HPOS="627" VPOS="502" WIDTH="39" HEIGHT="21" WC="0.96" CONTENT="och"/><SP WIDTH="16" VPOS="502" HPOS="666"/>
							<String ID="string_57" HPOS="682" VPOS="503" WIDTH="13" HEIGHT="20" WC="0.96" CONTENT="8"/>
						</TextLine>
						<TextLine ID="line_10" HPOS="106" VPOS="535" WIDTH="589" HEIGHT="28">
							<String ID="string_58" HPOS="106" VPOS="536" WIDTH="331" HEIGHT="27" WC="0.90" CONTENT="armé-skarpskyttebataljoner"/><SP WIDTH="12" VPOS="536" HPOS="437"/>
							<String ID="string_59" HPOS="449" VPOS="536" WIDTH="66" HEIGHT="27" WC="0.96" CONTENT="jemte"/><SP WIDTH="17" VPOS="536" HPOS="515"/>
							<String ID="string_60" HPOS="532" VPOS="535" WIDTH="69" HEIGHT="27" WC="0.96" CONTENT="öfriga"/><SP WIDTH="14" VPOS="535" HPOS="601"/>
							<String ID="string_61" HPOS="615" VPOS="535" WIDTH="23" HEIGHT="22" WC="0.93" CONTENT="af"/><SP WIDTH="8" VPOS="535" HPOS="638"/>
							<String ID="string_62" HPOS="646" VPOS="538" WIDTH="49" HEIGHT="19" WC="0.92" CONTENT="vär-"/>
						</TextLine>
						<TextLine ID="line_11" HPOS="106" VPOS="570" WIDTH="591" HEIGHT="27">
							<String ID="string_63" HPOS="106" VPOS="570" WIDTH="121" HEIGHT="26" WC="0.91" CONTENT="nepligtens"/><SP WIDTH="19" VPOS="570" HPOS="227"/>
							<String ID="string_64" HPOS="246" VPOS="570" WIDTH="112" HEIGHT="21" WC="0.96" CONTENT="införande"/><SP WIDTH="19" VPOS="570" HPOS="358"/>
							<String ID="string_65" HPOS="377" VPOS="570" WIDTH="114" HEIGHT="27" WC="0.96" CONTENT="påkallade"/><SP WIDTH="19" VPOS="570" HPOS="491"/>
							<String ID="string_66" HPOS="510" VPOS="570" WIDTH="95" HEIGHT="21" WC="0.93" CONTENT="militära"/><SP WIDTH="15" VPOS="570" HPOS="605"/>
							<String ID="string_67" HPOS="620" VPOS="570" WIDTH="77" HEIGHT="21" WC="0.92" CONTENT="inrätt-"/>
						</TextLine>
						<TextLine ID="line_12" HPOS="106" VPOS="604" WIDTH="590" HEIGHT="29">
							<String ID="string_68" HPOS="106" VPOS="604" WIDTH="76" HEIGHT="27" WC="0.95" CONTENT="ningar"/><SP WIDTH="16" VPOS="604" HPOS="182"/>
							<String ID="string_69" HPOS="198" VPOS="607" WIDTH="24" HEIGHT="19" WC="0.96" CONTENT="är"/><SP WIDTH="14" VPOS="607" HPOS="222"/>
							<String ID="string_70" HPOS="236" VPOS="605" WIDTH="107" HEIGHT="21" WC="0.87" CONTENT="beräknad"/><SP WIDTH="11" VPOS="605" HPOS="343"/>
							<String ID="string_71" HPOS="354" VPOS="605" WIDTH="44" HEIGHT="27" WC="0.92" CONTENT="till"/><SP WIDTH="12" VPOS="605" HPOS="398"/>
							<String ID="string_72" HPOS="410" VPOS="605" WIDTH="76" HEIGHT="21" WC="0.92" CONTENT="inalles"/><SP WIDTH="11" VPOS="605" HPOS="486"/>
							<String ID="string_73" HPOS="497" VPOS="606" WIDTH="27" HEIGHT="27" WC="0.96" CONTENT="33"/><SP WIDTH="11" VPOS="606" HPOS="524"/>
							<String ID="string_74" HPOS="535" VPOS="604" WIDTH="82" HEIGHT="22" WC="0.96" CONTENT="million"/><SP WIDTH="10" VPOS="604" HPOS="617"/>
							<String ID="string_75" HPOS="627" VPOS="605" WIDTH="69" HEIGHT="21" WC="0.96" CONTENT="mark."/>
						</TextLine>
						<TextLine ID="line_13" HPOS="106" VPOS="639" WIDTH="590" HEIGHT="28">
							<String ID="string_76" HPOS="106" VPOS="639" WIDTH="79" HEIGHT="21" WC="0.85" CONTENT="Derest"/><SP WIDTH="11" VPOS="639" HPOS="185"/>
							<String ID="string_77" HPOS="196" VPOS="640" WIDTH="36" HEIGHT="20" WC="0.93" CONTENT="det"/><SP WIDTH="10" VPOS="640" HPOS="232"/>
							<String ID="string_78" HPOS="242" VPOS="640" WIDTH="158" HEIGHT="27" WC="0.92" CONTENT="värnepligtiga"/><SP WIDTH="11" VPOS="640" HPOS="400"/>
							<String ID="string_79" HPOS="411" VPOS="640" WIDTH="127" HEIGHT="26" WC="0.96" CONTENT="manskapet"/><SP WIDTH="10" VPOS="640" HPOS="538"/>
							<String ID="string_80" HPOS="548" VPOS="639" WIDTH="48" HEIGHT="21" WC="0.96" CONTENT="icke"/><SP WIDTH="7" VPOS="639" HPOS="596"/>
							<String ID="string_81" HPOS="603" VPOS="639" WIDTH="93" HEIGHT="21" WC="0.94" CONTENT="inkallas"/>
						</TextLine>
						<TextLine ID="line_14" HPOS="106" VPOS="674" WIDTH="590" HEIGHT="26">
							<String ID="string_82" HPOS="106" VPOS="674" WIDTH="7" HEIGHT="21" WC="0.93" CONTENT="i"/><SP WIDTH="16" VPOS="674" HPOS="113"/>
							<String ID="string_83" HPOS="129" VPOS="674" WIDTH="66" HEIGHT="26" WC="0.91" CONTENT="tjenst"/><SP WIDTH="15" VPOS="674" HPOS="195"/>
							<String ID="string_84" HPOS="210" VPOS="674" WIDTH="47" HEIGHT="21" WC="0.96" CONTENT="före"/><SP WIDTH="15" VPOS="674" HPOS="257"/>
							<String ID="string_85" HPOS="272" VPOS="675" WIDTH="42" HEIGHT="20" WC="0.96" CONTENT="den"/><SP WIDTH="21" VPOS="675" HPOS="314"/>
							<String ID="string_86" HPOS="335" VPOS="676" WIDTH="5" HEIGHT="19" WC="0.96" CONTENT="1"/><SP WIDTH="17" VPOS="676" HPOS="340"/>
							<String ID="string_87" HPOS="357" VPOS="674" WIDTH="121" HEIGHT="21" WC="0.96" CONTENT="November"/><SP WIDTH="17" VPOS="674" HPOS="478"/>
							<String ID="string_88" HPOS="495" VPOS="675" WIDTH="61" HEIGHT="22" WC="0.93" CONTENT="1880,"/><SP WIDTH="12" VPOS="675" HPOS="556"/>
							<String ID="string_89" HPOS="568" VPOS="674" WIDTH="83" HEIGHT="26" WC="0.92" CONTENT="uppgär"/><SP WIDTH="11" VPOS="674" HPOS="651"/>
							<String ID="string_90" HPOS="662" VPOS="674" WIDTH="34" HEIGHT="20" WC="0.91" CONTENT="sä-"/>
						</TextLine>
						<TextLine ID="line_15" HPOS="106" VPOS="708" WIDTH="590" HEIGHT="27">
							<String ID="string_91" HPOS="106" VPOS="708" WIDTH="60" HEIGHT="21" WC="0.92" CONTENT="ledes"/><SP WIDTH="16" VPOS="708" HPOS="166"/>
							<String ID="string_92" HPOS="182" VPOS="708" WIDTH="120" HEIGHT="21" WC="0.92" CONTENT="kostnaden"/><SP WIDTH="16" VPOS="708" HPOS="302"/>
							<String ID="string_93" HPOS="318" VPOS="708" WIDTH="48" HEIGHT="21" WC="0.92" CONTENT="frän"/><SP WIDTH="16" VPOS="708" HPOS="366"/>
							<String ID="string_94" HPOS="382" VPOS="708" WIDTH="65" HEIGHT="26" WC="0.90" CONTENT="sagde"/><SP WIDTH="19" VPOS="708" HPOS="447"/>
							<String ID="string_95" HPOS="466" VPOS="708" WIDTH="41" HEIGHT="27" WC="0.96" CONTENT="dag"/><SP WIDTH="19" VPOS="708" HPOS="507"/>
							<String ID="string_96" HPOS="526" VPOS="708" WIDTH="32" HEIGHT="21" WC="0.96" CONTENT="till"/><SP WIDTH="16" VPOS="708" HPOS="558"/>
							<String ID="string_97" HPOS="574" VPOS="708" WIDTH="41" HEIGHT="20" WC="0.96" CONTENT="den"/><SP WIDTH="18" VPOS="708" HPOS="615"/>
							<String ID="string_98" HPOS="633" VPOS="709" WIDTH="9" HEIGHT="20" WC="0.93" CONTENT="1"/><SP WIDTH="16" VPOS="709" HPOS="642"/>
							<String ID="string_99" HPOS="658" VPOS="708" WIDTH="38" HEIGHT="21" WC="0.92" CONTENT="Ja-"/>
						</TextLine>
						<TextLine ID="line_16" HPOS="108" VPOS="742" WIDTH="589" HEIGHT="22">
							<String ID="string_100" HPOS="108" VPOS="742" WIDTH="62" HEIGHT="22" WC="0.89" CONTENT="nuari"/><SP WIDTH="18" VPOS="742" HPOS="170"/>
							<String ID="string_101" HPOS="188" VPOS="744" WIDTH="53" HEIGHT="20" WC="0.95" CONTENT="1883"/><SP WIDTH="17" VPOS="744" HPOS="241"/>
							<String ID="string_102" HPOS="258" VPOS="743" WIDTH="52" HEIGHT="21" WC="0.96" CONTENT="eller"/><SP WIDTH="14" VPOS="743" HPOS="310"/>
							<String ID="string_103" HPOS="324" VPOS="743" WIDTH="34" HEIGHT="21" WC="0.96" CONTENT="för"/><SP WIDTH="11" VPOS="743" HPOS="358"/>
							<String ID="string_104" HPOS="369" VPOS="744" WIDTH="12" HEIGHT="20" WC="0.96" CONTENT="2"/><SP WIDTH="12" VPOS="744" HPOS="381"/>
							<String ID="string_105" HPOS="393" VPOS="742" WIDTH="24" HEIGHT="21" WC="0.96" CONTENT="är"/><SP WIDTH="11" VPOS="742" HPOS="417"/>
							<String ID="string_106" HPOS="428" VPOS="743" WIDTH="38" HEIGHT="21" WC="0.96" CONTENT="och"/><SP WIDTH="11" VPOS="743" HPOS="466"/>
							<String ID="string_107" HPOS="477" VPOS="744" WIDTH="13" HEIGHT="20" WC="0.93" CONTENT="2"/><SP WIDTH="10" VPOS="744" HPOS="490"/>
							<String ID="string_108" HPOS="500" VPOS="742" WIDTH="103" HEIGHT="22" WC="0.93" CONTENT="mänader"/><SP WIDTH="10" VPOS="742" HPOS="603"/>
							<String ID="string_109" HPOS="613" VPOS="742" WIDTH="7" HEIGHT="21" WC="0.93" CONTENT="i"/><SP WIDTH="10" VPOS="742" HPOS="620"/>
							<String ID="string_110" HPOS="630" VPOS="742" WIDTH="67" HEIGHT="21" WC="0.93" CONTENT="rundt"/>
						</TextLine>
						<TextLine ID="line_17" HPOS="108" VPOS="777" WIDTH="589" HEIGHT="26">
							<String ID="string_111" HPOS="108" VPOS="778" WIDTH="30" HEIGHT="20" WC="0.89" CONTENT="tal"/><SP WIDTH="16" VPOS="778" HPOS="138"/>
							<String ID="string_112" HPOS="154" VPOS="777" WIDTH="33" HEIGHT="21" WC="0.89" CONTENT="til"/><SP WIDTH="47" VPOS="777" HPOS="187"/>
							<String ID="string_113" HPOS="234" VPOS="794" WIDTH="4" HEIGHT="4" WC="0.58" CONTENT="."/><SP WIDTH="32" VPOS="794" HPOS="238"/>
							<String ID="string_114" HPOS="270" VPOS="794" WIDTH="4" HEIGHT="4" WC="0.66" CONTENT="."/><SP WIDTH="32" VPOS="794" HPOS="274"/>
							<String ID="string_115" HPOS="306" VPOS="794" WIDTH="4" HEIGHT="5" WC="0.34" CONTENT="."/><SP WIDTH="30" VPOS="794" HPOS="310"/>
							<String ID="string_116" HPOS="340" VPOS="794" WIDTH="5" HEIGHT="4" WC="0.34" CONTENT="."/><SP WIDTH="103" VPOS="794" HPOS="345"/>
							<String ID="string_117" HPOS="448" VPOS="794" WIDTH="40" HEIGHT="4" WC="0.46" CONTENT="&lt;."/><SP WIDTH="31" VPOS="794" HPOS="488"/>
							<String ID="string_118" HPOS="519" VPOS="794" WIDTH="5" HEIGHT="4" WC="0.44" CONTENT="+"/><SP WIDTH="31" VPOS="794" HPOS="524"/>
							<String ID="string_119" HPOS="555" VPOS="794" WIDTH="5" HEIGHT="4" WC="0.53" CONTENT="+"/><SP WIDTH="16" VPOS="794" HPOS="560"/>
							<String ID="string_120" HPOS="576" VPOS="778" WIDTH="121" HEIGHT="25" WC="0.61" CONTENT="7,580,000."/>
						</TextLine>
						<TextLine ID="line_18" HPOS="108" VPOS="790" WIDTH="373" HEIGHT="53">
							<String ID="string_121" HPOS="108" VPOS="812" WIDTH="109" HEIGHT="21" WC="0.96" CONTENT="hvarifrån"/><SP WIDTH="16" VPOS="812" HPOS="217"/>
							<String ID="string_122" HPOS="233" VPOS="812" WIDTH="54" HEIGHT="21" WC="0.93" CONTENT="dock"/><SP WIDTH="14" VPOS="812" HPOS="287"/>
							<String ID="string_123" HPOS="301" VPOS="812" WIDTH="54" HEIGHT="21" WC="0.96" CONTENT="böra"/><SP WIDTH="16" VPOS="812" HPOS="355"/>
							<String ID="string_124" HPOS="371" VPOS="790" WIDTH="110" HEIGHT="53" WC="0.70" CONTENT="afrälmas:"/>
						</TextLine>
					</TextBlock>
					<TextBlock ID="block_4" HPOS="78" VPOS="845" WIDTH="483" HEIGHT="302">
						<TextLine ID="line_19" HPOS="78" VPOS="845" WIDTH="346" HEIGHT="28">
							<String ID="string_125" HPOS="78" VPOS="849" WIDTH="25" HEIGHT="23" WC="0.91" CONTENT="a)"/><SP WIDTH="16" VPOS="849" HPOS="103"/>
							<String ID="string_126" HPOS="119" VPOS="846" WIDTH="125" HEIGHT="21" WC="0.96" CONTENT="Kostnaden"/><SP WIDTH="16" VPOS="846" HPOS="244"/>
							<String ID="string_127" HPOS="260" VPOS="845" WIDTH="34" HEIGHT="22" WC="0.93" CONTENT="för"/><SP WIDTH="14" VPOS="845" HPOS="294"/>
							<String ID="string_128" HPOS="308" VPOS="846" WIDTH="116" HEIGHT="27" WC="0.92" CONTENT="gardesba-"/>
						</TextLine>
						<TextLine ID="line_20" HPOS="108" VPOS="881" WIDTH="316" HEIGHT="27">
							<String ID="string_129" HPOS="108" VPOS="881" WIDTH="96" HEIGHT="27" WC="0.91" CONTENT="taljonen"/><SP WIDTH="11" VPOS="881" HPOS="204"/>
							<String ID="string_130" HPOS="215" VPOS="881" WIDTH="68" HEIGHT="20" WC="0.96" CONTENT="under"/><SP WIDTH="11" VPOS="881" HPOS="283"/>
							<String ID="string_131" HPOS="294" VPOS="887" WIDTH="81" HEIGHT="14" WC="0.96" CONTENT="samma"/><SP WIDTH="10" VPOS="887" HPOS="375"/>
							<String ID="string_132" HPOS="385" VPOS="881" WIDTH="39" HEIGHT="25" WC="0.96" CONTENT="tid,"/>
						</TextLine>
						<TextLine ID="line_21" HPOS="108" VPOS="915" WIDTH="317" HEIGHT="26">
							<String ID="string_133" HPOS="108" VPOS="916" WIDTH="33" HEIGHT="20" WC="0.96" CONTENT="till"/><SP WIDTH="11" VPOS="916" HPOS="141"/>
							<String ID="string_134" HPOS="152" VPOS="916" WIDTH="37" HEIGHT="20" WC="0.96" CONTENT="det"/><SP WIDTH="10" VPOS="916" HPOS="189"/>
							<String ID="string_135" HPOS="199" VPOS="915" WIDTH="78" HEIGHT="26" WC="0.96" CONTENT="belopp"/><SP WIDTH="12" VPOS="915" HPOS="277"/>
							<String ID="string_136" HPOS="289" VPOS="915" WIDTH="69" HEIGHT="20" WC="0.93" CONTENT="denna"/><SP WIDTH="8" VPOS="915" HPOS="358"/>
							<String ID="string_137" HPOS="366" VPOS="915" WIDTH="59" HEIGHT="21" WC="0.92" CONTENT="kost-"/>
						</TextLine>
						<TextLine ID="line_22" HPOS="108" VPOS="949" WIDTH="316" HEIGHT="26">
							<String ID="string_138" HPOS="108" VPOS="950" WIDTH="42" HEIGHT="21" WC="0.95" CONTENT="nad"/><SP WIDTH="17" VPOS="950" HPOS="150"/>
							<String ID="string_139" HPOS="167" VPOS="952" WIDTH="24" HEIGHT="19" WC="0.96" CONTENT="är"/><SP WIDTH="15" VPOS="952" HPOS="191"/>
							<String ID="string_140" HPOS="206" VPOS="951" WIDTH="109" HEIGHT="24" WC="0.96" CONTENT="upptagen"/><SP WIDTH="13" VPOS="951" HPOS="315"/>
							<String ID="string_141" HPOS="328" VPOS="949" WIDTH="32" HEIGHT="21" WC="0.93" CONTENT="uti"/><SP WIDTH="11" VPOS="949" HPOS="360"/>
							<String ID="string_142" HPOS="371" VPOS="949" WIDTH="53" HEIGHT="21" WC="0.92" CONTENT="bud-"/>
						</TextLine>
						<TextLine ID="line_23" HPOS="109" VPOS="983" WIDTH="315" HEIGHT="27">
							<String ID="string_143" HPOS="109" VPOS="983" WIDTH="142" HEIGHT="27" WC="0.92" CONTENT="getförslaget"/><SP WIDTH="7" VPOS="983" HPOS="251"/>
							<String ID="string_144" HPOS="258" VPOS="983" WIDTH="34" HEIGHT="21" WC="0.96" CONTENT="för"/><SP WIDTH="8" VPOS="983" HPOS="292"/>
							<String ID="string_145" HPOS="300" VPOS="983" WIDTH="41" HEIGHT="21" WC="0.93" CONTENT="den"/><SP WIDTH="9" VPOS="983" HPOS="341"/>
							<String ID="string_146" HPOS="350" VPOS="985" WIDTH="74" HEIGHT="18" WC="0.91" CONTENT="värne-"/>
						</TextLine>
						<TextLine ID="line_24" HPOS="109" VPOS="1017" WIDTH="316" HEIGHT="29">
							<String ID="string_147" HPOS="109" VPOS="1018" WIDTH="91" HEIGHT="28" WC="0.91" CONTENT="pligtiga"/><SP WIDTH="18" VPOS="1018" HPOS="200"/>
							<String ID="string_148" HPOS="218" VPOS="1017" WIDTH="108" HEIGHT="21" WC="0.96" CONTENT="militären"/><SP WIDTH="19" VPOS="1017" HPOS="326"/>
							<String ID="string_149" HPOS="345" VPOS="1017" WIDTH="52" HEIGHT="21" WC="0.93" CONTENT="eller"/><SP WIDTH="16" VPOS="1017" HPOS="397"/>
							<String ID="string_150" HPOS="413" VPOS="1017" WIDTH="12" HEIGHT="21" WC="0.91" CONTENT="å"/>
						</TextLine>
						<TextLine ID="line_25" HPOS="110" VPOS="1051" WIDTH="313" HEIGHT="27">
							<String ID="string_151" HPOS="110" VPOS="1053" WIDTH="92" HEIGHT="25" WC="0.92" CONTENT="380,000"/><SP WIDTH="22" VPOS="1053" HPOS="202"/>
							<String ID="string_152" HPOS="224" VPOS="1051" WIDTH="62" HEIGHT="22" WC="0.96" CONTENT="mark"/><SP WIDTH="22" VPOS="1051" HPOS="286"/>
							<String ID="string_153" HPOS="308" VPOS="1057" WIDTH="35" HEIGHT="15" WC="0.93" CONTENT="om"/><SP WIDTH="25" VPOS="1057" HPOS="343"/>
							<String ID="string_154" HPOS="368" VPOS="1051" WIDTH="55" HEIGHT="26" WC="0.92" CONTENT="äret,"/>
						</TextLine>
						<TextLine ID="line_26" HPOS="109" VPOS="1085" WIDTH="316" HEIGHT="22">
							<String ID="string_155" HPOS="109" VPOS="1093" WIDTH="46" HEIGHT="14" WC="0.96" CONTENT="som"/><SP WIDTH="16" VPOS="1093" HPOS="155"/>
							<String ID="string_156" HPOS="171" VPOS="1086" WIDTH="33" HEIGHT="21" WC="0.96" CONTENT="för"/><SP WIDTH="14" VPOS="1086" HPOS="204"/>
							<String ID="string_157" HPOS="218" VPOS="1087" WIDTH="12" HEIGHT="20" WC="0.96" CONTENT="2"/><SP WIDTH="15" VPOS="1087" HPOS="230"/>
							<String ID="string_158" HPOS="245" VPOS="1087" WIDTH="24" HEIGHT="20" WC="0.95" CONTENT="är"/><SP WIDTH="11" VPOS="1087" HPOS="269"/>
							<String ID="string_159" HPOS="280" VPOS="1086" WIDTH="39" HEIGHT="21" WC="0.95" CONTENT="och"/><SP WIDTH="11" VPOS="1086" HPOS="319"/>
							<String ID="string_160" HPOS="330" VPOS="1087" WIDTH="12" HEIGHT="19" WC="0.93" CONTENT="2"/><SP WIDTH="10" VPOS="1087" HPOS="342"/>
							<String ID="string_161" HPOS="352" VPOS="1085" WIDTH="73" HEIGHT="21" WC="0.90" CONTENT="mäna-"/>
						</TextLine>
						<TextLine ID="line_27" HPOS="110" VPOS="1119" WIDTH="451" HEIGHT="28">
							<String ID="string_162" HPOS="110" VPOS="1121" WIDTH="38" HEIGHT="20" WC="0.96" CONTENT="der"/><SP WIDTH="14" VPOS="1121" HPOS="148"/>
							<String ID="string_163" HPOS="162" VPOS="1122" WIDTH="85" HEIGHT="25" WC="0.56" CONTENT="utgör."/><SP WIDTH="31" VPOS="1122" HPOS="247"/>
							<String ID="string_164" HPOS="278" VPOS="1136" WIDTH="5" HEIGHT="4" WC="0.70" CONTENT="."/><SP WIDTH="31" VPOS="1136" HPOS="283"/>
							<String ID="string_165" HPOS="314" VPOS="1135" WIDTH="5" HEIGHT="5" WC="0.67" CONTENT="."/><SP WIDTH="31" VPOS="1135" HPOS="319"/>
							<String ID="string_166" HPOS="350" VPOS="1135" WIDTH="5" HEIGHT="5" WC="0.58" CONTENT="."/><SP WIDTH="66" VPOS="1135" HPOS="355"/>
							<String ID="string_167" HPOS="421" VPOS="1135" WIDTH="4" HEIGHT="4" WC="0.60" CONTENT="."/><SP WIDTH="38" VPOS="1135" HPOS="425"/>
							<String ID="string_168" HPOS="463" VPOS="1119" WIDTH="98" HEIGHT="25" WC="0.66" CONTENT="823,000."/>
						</TextLine>
					</TextBlock>
					<TextBlock ID="block_5" HPOS="80" VPOS="1135" WIDTH="483" HEIGHT="317">
						<TextLine ID="line_28" HPOS="80" VPOS="1135" WIDTH="347" HEIGHT="46">
							<String ID="string_169" HPOS="80" VPOS="1154" WIDTH="24" HEIGHT="27" WC="0.77" CONTENT="0)"/><SP WIDTH="15" VPOS="1154" HPOS="104"/>
							<String ID="string_170" HPOS="119" VPOS="1156" WIDTH="47" HEIGHT="20" WC="0.93" CONTENT="Den"/><SP WIDTH="18" VPOS="1156" HPOS="166"/>
							<String ID="string_171" HPOS="184" VPOS="1155" WIDTH="123" HEIGHT="26" WC="0.95" CONTENT="besparing,"/><SP WIDTH="22" VPOS="1155" HPOS="307"/>
							<String ID="string_172" HPOS="329" VPOS="1159" WIDTH="47" HEIGHT="15" WC="0.96" CONTENT="som"/><SP WIDTH="9" VPOS="1159" HPOS="376"/>
							<String ID="string_173" HPOS="385" VPOS="1135" WIDTH="42" HEIGHT="44" WC="0.26" CONTENT="="/>
						</TextLine>
						<TextLine ID="line_29" HPOS="110" VPOS="1189" WIDTH="316" HEIGHT="26">
							<String ID="string_174" HPOS="110" VPOS="1195" WIDTH="50" HEIGHT="15" WC="0.93" CONTENT="nom"/><SP WIDTH="11" VPOS="1195" HPOS="160"/>
							<String ID="string_175" HPOS="171" VPOS="1189" WIDTH="160" HEIGHT="26" WC="0.84" CONTENT="bataljonernas"/><SP WIDTH="11" VPOS="1189" HPOS="331"/>
							<String ID="string_176" HPOS="342" VPOS="1193" WIDTH="84" HEIGHT="14" WC="0.64" CONTENT="succes-"/>
						</TextLine>
						<TextLine ID="line_30" HPOS="111" VPOS="1221" WIDTH="317" HEIGHT="29">
							<String ID="string_177" HPOS="111" VPOS="1224" WIDTH="46" HEIGHT="20" WC="0.89" CONTENT="siva"/><SP WIDTH="13" VPOS="1224" HPOS="157"/>
							<String ID="string_178" HPOS="170" VPOS="1223" WIDTH="142" HEIGHT="27" WC="0.92" CONTENT="uppsättning"/><SP WIDTH="10" VPOS="1223" HPOS="312"/>
							<String ID="string_179" HPOS="322" VPOS="1221" WIDTH="49" HEIGHT="21" WC="0.96" CONTENT="med"/><SP WIDTH="8" VPOS="1221" HPOS="371"/>
							<String ID="string_180" HPOS="379" VPOS="1222" WIDTH="14" HEIGHT="26" WC="0.93" CONTENT="1"/><SP WIDTH="12" VPOS="1222" HPOS="393"/>
							<String ID="string_181" HPOS="405" VPOS="1221" WIDTH="23" HEIGHT="20" WC="0.95" CONTENT="af"/>
						</TextLine>
						<TextLine ID="line_31" HPOS="111" VPOS="1256" WIDTH="316" HEIGHT="29">
							<String ID="string_182" HPOS="111" VPOS="1260" WIDTH="104" HEIGHT="25" WC="0.92" CONTENT="truppens"/><SP WIDTH="8" VPOS="1260" HPOS="215"/>
							<String ID="string_183" HPOS="223" VPOS="1256" WIDTH="204" HEIGHT="27" WC="0.92" CONTENT="värnepligtiga"/><SP WIDTH="-37" VPOS="1256" HPOS="427"/>
							<String ID="string_184" HPOS="390" VPOS="1252" WIDTH="41" HEIGHT="37" WC="0.93" CONTENT="nu-"/>
						</TextLine>
						<TextLine ID="line_32" HPOS="110" VPOS="1289" WIDTH="317" HEIGHT="24">
							<String ID="string_185" HPOS="110" VPOS="1294" WIDTH="72" HEIGHT="19" WC="0.93" CONTENT="merär"/><SP WIDTH="8" VPOS="1294" HPOS="182"/>
							<String ID="string_186" HPOS="190" VPOS="1291" WIDTH="68" HEIGHT="22" WC="0.96" CONTENT="under"/><SP WIDTH="8" VPOS="1291" HPOS="258"/>
							<String ID="string_187" HPOS="266" VPOS="1291" WIDTH="37" HEIGHT="21" WC="0.96" CONTENT="det"/><SP WIDTH="7" VPOS="1291" HPOS="303"/>
							<String ID="string_188" HPOS="310" VPOS="1290" WIDTH="70" HEIGHT="21" WC="0.96" CONTENT="första"/><SP WIDTH="8" VPOS="1290" HPOS="380"/>
							<String ID="string_189" HPOS="388" VPOS="1289" WIDTH="39" HEIGHT="21" WC="0.97" CONTENT="och"/>
						</TextLine>
						<TextLine ID="line_33" HPOS="110" VPOS="1323" WIDTH="317" HEIGHT="30">
							<String ID="string_190" HPOS="110" VPOS="1327" WIDTH="49" HEIGHT="21" WC="0.94" CONTENT="med"/><SP WIDTH="14" VPOS="1327" HPOS="159"/>
							<String ID="string_191" HPOS="173" VPOS="1327" WIDTH="14" HEIGHT="26" WC="0.95" CONTENT="2"/><SP WIDTH="15" VPOS="1327" HPOS="187"/>
							<String ID="string_192" HPOS="202" VPOS="1326" WIDTH="68" HEIGHT="20" WC="0.96" CONTENT="under"/><SP WIDTH="16" VPOS="1326" HPOS="270"/>
							<String ID="string_193" HPOS="286" VPOS="1325" WIDTH="37" HEIGHT="20" WC="0.93" CONTENT="det"/><SP WIDTH="11" VPOS="1325" HPOS="323"/>
							<String ID="string_194" HPOS="334" VPOS="1325" WIDTH="35" HEIGHT="20" WC="0.92" CONTENT="2:a"/><SP WIDTH="10" VPOS="1325" HPOS="369"/>
							<String ID="string_195" HPOS="379" VPOS="1323" WIDTH="48" HEIGHT="20" WC="0.92" CONTENT="äret"/>
						</TextLine>
						<TextLine ID="line_34" HPOS="111" VPOS="1357" WIDTH="316" HEIGHT="30">
							<String ID="string_196" HPOS="111" VPOS="1360" WIDTH="91" HEIGHT="27" WC="0.90" CONTENT="uppstär"/><SP WIDTH="19" VPOS="1360" HPOS="202"/>
							<String ID="string_197" HPOS="221" VPOS="1360" WIDTH="7" HEIGHT="20" WC="0.93" CONTENT="i"/><SP WIDTH="22" VPOS="1360" HPOS="228"/>
							<String ID="string_198" HPOS="250" VPOS="1359" WIDTH="115" HEIGHT="26" WC="0.91" CONTENT="budgeten,"/><SP WIDTH="22" VPOS="1359" HPOS="365"/>
							<String ID="string_199" HPOS="387" VPOS="1357" WIDTH="40" HEIGHT="20" WC="0.96" CONTENT="och"/>
						</TextLine>
						<TextLine ID="line_35" HPOS="110" VPOS="1390" WIDTH="317" HEIGHT="30">
							<String ID="string_200" HPOS="110" VPOS="1395" WIDTH="88" HEIGHT="21" WC="0.91" CONTENT="hvilken"/><SP WIDTH="14" VPOS="1395" HPOS="198"/>
							<String ID="string_201" HPOS="212" VPOS="1393" WIDTH="116" HEIGHT="27" WC="0.93" CONTENT="besparing"/><SP WIDTH="10" VPOS="1393" HPOS="328"/>
							<String ID="string_202" HPOS="338" VPOS="1392" WIDTH="43" HEIGHT="20" WC="0.93" CONTENT="kan"/><SP WIDTH="10" VPOS="1392" HPOS="381"/>
							<String ID="string_203" HPOS="391" VPOS="1390" WIDTH="36" HEIGHT="21" WC="0.93" CONTENT="be-"/>
						</TextLine>
						<TextLine ID="line_36" HPOS="112" VPOS="1424" WIDTH="451" HEIGHT="28">
							<String ID="string_204" HPOS="112" VPOS="1431" WIDTH="79" HEIGHT="21" WC="0.95" CONTENT="räknas"/><SP WIDTH="16" VPOS="1431" HPOS="191"/>
							<String ID="string_205" HPOS="207" VPOS="1428" WIDTH="33" HEIGHT="22" WC="0.86" CONTENT="till"/><SP WIDTH="40" VPOS="1428" HPOS="240"/>
							<String ID="string_206" HPOS="280" VPOS="1445" WIDTH="4" HEIGHT="3" WC="0.85" CONTENT="."/><SP WIDTH="31" VPOS="1445" HPOS="284"/>
							<String ID="string_207" HPOS="315" VPOS="1444" WIDTH="5" HEIGHT="4" WC="0.81" CONTENT="."/><SP WIDTH="31" VPOS="1444" HPOS="320"/>
							<String ID="string_208" HPOS="351" VPOS="1443" WIDTH="4" HEIGHT="5" WC="0.77" CONTENT="."/><SP WIDTH="32" VPOS="1443" HPOS="355"/>
							<String ID="string_209" HPOS="387" VPOS="1442" WIDTH="4" HEIGHT="4" WC="0.79" CONTENT="-"/><SP WIDTH="32" VPOS="1442" HPOS="391"/>
							<String ID="string_210" HPOS="423" VPOS="1442" WIDTH="4" HEIGHT="4" WC="0.77" CONTENT="+"/><SP WIDTH="18" VPOS="1442" HPOS="427"/>
							<String ID="string_211" HPOS="445" VPOS="1424" WIDTH="118" HEIGHT="26" WC="0.88" CONTENT="1,100,000."/>
						</TextLine>
					</TextBlock>
				</ComposedBlock>
				<ComposedBlock ID="cblock_4" HPOS="310" VPOS="1469" WIDTH="529" HEIGHT="31">
					<TextBlock ID="block_6" HPOS="310" VPOS="1469" WIDTH="529" HEIGHT="31">
						<TextLine ID="line_37" HPOS="310" VPOS="1469" WIDTH="529" HEIGHT="31">
							<String ID="string_212" HPOS="310" VPOS="1473" WIDTH="119" HEIGHT="27" WC="0.93" CONTENT="Transport"/><SP WIDTH="16" VPOS="1473" HPOS="429"/>
							<String ID="string_213" HPOS="445" VPOS="1472" WIDTH="118" HEIGHT="26" WC="0.91" CONTENT="1,923,000."/><SP WIDTH="10" VPOS="1472" HPOS="563"/>
							<String ID="string_214" HPOS="573" VPOS="1470" WIDTH="120" HEIGHT="26" WC="0.92" CONTENT="7,580,000."/><SP WIDTH="19" VPOS="1470" HPOS="693"/>
							<String ID="string_215" HPOS="712" VPOS="1469" WIDTH="127" HEIGHT="26" WC="0.92" CONTENT="19,175,000"/>
						</TextLine>
					</TextBlock>
				</ComposedBlock>
			</PrintSpace>
		</Page>
	</Layout>
</alto>
