1023 1700
421 151 48 21 N:o
480 151 51 27 44.
805 152 12 19 5

100 218 58 28 plats
180 219 80 27 nödiga
280 218 61 28 jord:
364 218 40 22 och
427 225 51 15 vare
491 218 135 22 främmande
640 218 170 22 trosbekännare
824 218 20 27 ej

100 252 123 22 förmenadt
243 254 38 25 att,
297 259 34 15 om
347 253 26 21 de
388 252 24 22 sä
427 252 73 27 önska,
516 252 27 28 pä
559 252 233 27 evangelisk-luthersk
802 251 43 22 för-

100 287 104 26 samlings
219 286 200 27 begrafningsplats
435 286 82 22 erhälla
531 286 110 28 lägerstad
656 286 33 22 för
705 286 47 22 sina
767 286 62 21 döda.

446 354 11 28 8
473 356 19 20 5.

167 401 70 23 Innan
255 401 66 27 nägot
339 400 40 27 hus
400 400 53 22 eller
470 406 48 16 rum
533 400 23 22 af
570 400 132 21 främmande
717 398 126 28 församling

99 435 35 22 till
149 435 98 27 offentlig
262 435 123 27 gudstjenst
400 435 116 28 begagnas,
532 434 56 22 skall
598 433 164 23 föreständaren
770 434 74 21 derom

99 472 53 25 göra
167 469 106 26 anmälan,
289 469 14 21 &
316 469 75 24 landet
406 469 38 21 hos
460 469 147 27 kronofogden
623 468 40 22 och
677 469 8 20 i
700 469 49 21 stad
758 468 38 21 hos
806 474 38 21 po-

99 504 144 26 liskammare,
264 504 38 21 der
317 503 67 22 sädan
399 503 75 27 finnes,
490 509 49 16 men
554 503 63 28 eljest
632 503 39 22 hos
685 503 114 26 magistrat
814 503 29 21 el-

98 538 34 22 ler
146 538 155 27 ordningsrätt.

166 572 43 22 Vid
231 572 166 28 församlingens
417 573 124 27 gudstjenst
562 572 35 22 mä
612 572 96 22 tillträde
723 572 18 27 ej
758 571 84 27 förväg-

97 613 37 16 ras
150 606 98 28 offentlig
262 607 133 27 myndighet.

447 641 11 27 8
473 642 19 20 6.

165 687 104 27 Kloster-,
288 686 76 23 munk-
383 687 54 21 eller
456 686 146 26 nunneorden,
627 686 163 22 Jesuiterorden
812 686 29 21 el-

97 722 33 21 ler
145 728 70 17 annan
230 721 63 22 äfven
309 721 24 22 af
345 721 117 27 verldsliga
469 721 140 22 medlemmar
616 720 117 22 bestående
743 720 99 27 förening

95 756 37 22 för
151 755 143 23 bedrifvande
314 756 23 21 af
350 756 88 26 religiös
453 755 139 28 propaganda
606 754 83 22 tillätes
703 755 18 27 ej
738 755 7 21 i
760 754 81 22 landet;

447 824 47 28 87.

167 870 44 22 Vill
225 870 92 22 medlem
332 870 24 22 af
369 870 248 28 evangelisk-lutherska
631 870 90 28 kyrkan,
732 876 46 16 som
788 875 53 23 upp-

96 905 49 22 nätt
159 905 92 21 aderton
265 905 36 21 ärs
317 904 66 27 älder,
401 911 25 15 ur
440 905 70 21 henne
525 905 69 26 träda,
610 904 57 27 gifve
682 905 34 21 sin
727 904 65 28 afsigt
801 905 39 21 hos

96 940 166 27 församlingens
285 938 139 29 kyrkoherde
447 939 112 21 tillkänna.
598 939 145 21 Framhärdar
766 940 42 20 han
834 939 8 21 i

96 974 72 22 denna
187 974 34 21 sin
235 974 74 27 afsigt,
324 974 87 21 inställe
425 974 40 26 sig,
481 974 66 22 sedan
562 974 67 21 minst
643 973 36 22 tvä
693 973 103 21 mänader
810 973 31 21 ef-

96 1010 35 19 ter
146 1008 158 22 ofvannämnda
318 1007 209 28 tillkännagifvande
542 1007 99 27 förflutit,
655 1007 139 27 personligen
801 1007 39 22 hos

95 1042 152 28 kyrkoherden
269 1042 40 22 och
328 1041 75 28 förnye
421 1042 34 22 sin
470 1042 106 27 anmälan,
591 1042 50 22 med
655 1041 86 28 uppgift
757 1048 33 15 om
798 1042 42 21 den

95 1078 35 20 tro
145 1076 44 21 han
204 1076 107 22 omfattat.
341 1076 89 28 Styrkes
446 1076 54 22 efter
515 1076 92 22 sälunda
621 1076 104 28 fullgjord
733 1076 106 26 anmälan,

95 1110 116 22 hvaröfver
229 1110 60 22 bevis
307 1110 25 22 af
344 1110 153 28 kyrkoherden
519 1110 19 28 ej
557 1110 35 22 mä
614 1112 83 26 vägras,
721 1111 33 21 att
772 1110 67 21 sädan

95 1144 231 28 församlingsmedlem
340 1145 84 22 inträdt
438 1146 32 21 uti
485 1147 66 20 annat
565 1145 58 22 inom
638 1145 74 21 landet
722 1145 118 27 behörigen

94 1179 107 21 inrättadt
215 1179 177 27 kyrkosamfund,
408 1179 65 22 varde
489 1179 60 22 detta
559 1179 24 21 af
595 1179 150 27 kyrkoherden
753 1179 87 21 anteck-

95 1213 54 20 nadt
170 1212 8 21 i
193 1213 165 26 församlingens
372 1213 115 28 kyrkobok
502 1214 56 20 samt
572 1213 39 21 hos
627 1213 82 22 stiftets
723 1212 117 27 Domkapi-

94 1246 32 21 tel
141 1245 39 22 och
195 1246 70 21 länets
280 1246 113 22 Guvernör
407 1246 181 28 tillkännagifvet.

164 1280 29 22 Sä
211 1280 64 28 länge
294 1281 117 27 utredning
431 1280 47 22 icke
492 1280 108 27 företetts,
616 1282 33 20 att
663 1280 42 22 den
721 1280 33 22 till
770 1280 69 22 öfver-

94 1314 58 26 gäng
167 1314 99 21 anmälde
274 1314 83 22 inträdt
364 1315 32 21 uti
404 1317 66 19 annat
477 1315 80 22 kristet
570 1314 177 27 kyrkosamfund,
762 1314 77 22 stände

94 1348 44 22 han
153 1354 53 20 gvar
220 1348 8 20 i
243 1348 166 26 församlingens
423 1348 120 28 kyrkobok,
559 1348 38 22 der
612 1347 44 23 ock
667 1347 39 22 allt
721 1347 56 22 hvad
784 1348 55 21 hans

94 1381 57 28 frejd
165 1382 41 22 och
221 1382 71 28 öfriga
306 1382 174 28 medborgerliga
495 1381 151 23 förhållanden
660 1383 50 20 röra
724 1381 50 27 kan,
782 1381 56 21 skall

94 1416 92 27 införas;
198 1416 51 22 dock
264 1423 51 15 vare
329 1416 165 28 församlingens
508 1417 61 27 prest
583 1416 129 27 derefter
688 1412 23 36 ej
721 1416 78 28 pligtig
806 1417 34 21 att

94 1457 86 21 annars,
200 1452 28 20 än
246 1451 29 27 pä
294 1450 56 23 hans
368 1458 53 21 egen
440 1452 102 26 begäran,
559 1450 80 23 honom
655 1450 50 22 .med
723 1450 115 28 presterlig

93 1486 68 27 tjenst
175 1485 142 28 tillaandagä,
