1039 1698
301 110 86 24 Ständ.
404 111 40 23 Sv.
461 125 24 3 —
502 112 73 29 Prop.
591 112 46 24 N:o
651 112 34 23 37.

204 246 75 23 Adels-
295 247 36 22 och
345 247 171 28 Adoptionsbref,
532 255 23 15 se
570 249 83 26 diplom.

203 287 143 27 Afskedsbref
363 287 98 28 utfärdas
481 289 32 25 på
535 288 78 21 sådant
637 288 115 27 stämpladt

225 324 92 24 "papper,
333 328 46 15 som
393 322 33 26 för
441 322 153 22 embetsverkets
609 323 68 26 öfriga
691 329 60 20 expe-

232 356 89 22 ditioner
335 357 10 21 i
358 356 16 28 $
388 359 14 19 4
415 357 69 27 finnes
499 357 108 22 bestämdt.

260 390 99 23 Erhäller
369 391 40 22 den
417 391 175 28 afskedstagande
600 391 95 28 derjemte
699 398 52 20 pen-

232 426 53 26 sion,
294 427 67 20 större
375 426 47 22 eller
435 427 87 26 mindre,
534 426 47 23 eller
595 426 119 28 förhöjning
730 427 27 26 af

231 460 114 27 värdighet,
361 461 94 28 erlägges
469 461 34 27 för
513 461 101 22 hvardera
621 461 69 22 sädan
698 461 55 22 skild

232 494 158 28 stämpelafgift,
406 501 45 15 som
466 495 86 28 stadgas
560 496 34 27 för
604 495 153 27 pensionsdref

233 529 36 22 och
283 529 102 27 fullmakt.

203 563 192 28 Antagningsbevis
409 564 48 22 eller
465 565 48 55 4
519 565 14 21 ä
533 565 76 56 a
621 571 22 14 se
639 564 112 56 N

203 597 190 28 Apothekarebref
384 593 13 37 .

203 633 193 28 Barnmorskebref

199 663 91 37 Bilbref

187 707 1 6 |
203 702 152 28 Borgarebref:

230 737 35 27 för
278 737 125 27 handlande,
419 738 112 27 fabrikant,
541 737 36 23 och
587 733 166 65 manufölburist

243 789 9 10 »
277 772 112 27 sjökapten,

243 823 10 10 »
279 807 106 27 skeppare,
401 786 148 52 handiverkärs
567 789 40 40 och
626 813 77 22 annan
704 808 47 26 nä-

280 841 132 27 ringsidkare
427 858 5 5 .

203 872 312 36 Bouppteckningsinstrument
528 853 96 55 karteras
638 859 41 44 för
687 858 64 40 stabs

230 911 47 27 hus,
292 910 81 22 hvilkas
383 910 118 28 behållning
509 911 50 27 efter
567 910 184 28 boupptecknings-

231 945 74 22 värdet
319 946 84 28 uppgår
418 945 32 22 till
463 946 66 21 minst
552 946 45 20 500
619 945 49 28 Zag
689 945 64 27 enligt

230 980 93 27 följande
336 980 105 27 grunder:
455 980 48 22 med
517 980 36 26 1/15
570 980 27 26 o
616 980 27 26 af
659 980 46 22 hela
719 980 32 21 be-

231 1014 121 28 hållningen
367 1014 57 22 ända
440 1014 31 22 till
490 1016 84 26 10,000
589 1014 48 27 Fry
665 1009 33 27 Är
719 1014 32 22 be-

230 1049 121 27 hållningen
377 1051 73 25 större,
473 1028 97 53 erlägges
598 1049 121 27 ytterligare
745 1050 8 20 i

231 1084 154 27 stämpelafgift
400 1084 35 26 ?/,,
451 1085 27 25 %o
497 1084 33 26 för
545 1084 40 22 den
607 1083 33 22 del
661 1090 46 16 som
720 1084 31 27 öf-

230 1118 100 27 verstiger
354 1119 84 26 10,000
466 1125 47 15 men
540 1118 43 22 icke
606 1119 41 25 går
671 1118 82 27 utöfver

231 1152 100 27 100,000
354 1152 53 28 Fig,
426 1152 35 27 Yo
478 1153 30 26 Yo
523 1153 34 27 för
579 1152 56 22 hvad
656 1159 46 15 som
721 1153 31 27 öf-

230 1187 115 28 verskjuter
359 1188 100 27 100,000
473 1187 48 28 Fmy
537 1187 57 22 ända
609 1187 54 22 till
656 1182 11 38 1
672 1186 80 23 million

231 1221 37 22 och
282 1222 37 26 I,
336 1222 26 26 %/o
384 1222 35 27 för
441 1223 39 20 den
502 1222 33 21 del
557 1222 27 27 af
601 1221 150 28 behållningen,

230 1263 46 15 som
294 1257 121 28 öfverstiger
437 1257 134 22 sistnämnda
593 1263 88 21 summa,
704 1256 49 22 eller

231 1291 82 21 således
329 1291 34 27 för
381 1291 70 28 hvarje
472 1291 53 28 fulla
547 1291 44 22 100
613 1291 47 28 ng
683 1291 28 27 af
726 1298 25 15 en

230 1325 119 26 behållning
363 1327 52 24 från

231 1359 46 20 500
293 1355 42 36 Fmy
350 1355 45 36 till
401 1359 36 21 och
452 1359 47 20 med
513 1360 94 26 10,000.
746 1376 5 4 ä

229 1392 34 28 för
278 1393 40 21 den
333 1392 33 22 del
380 1393 27 27 af
417 1393 150 27 behållningen,
590 1399 47 16 som
657 1393 94 27 öfversti-

229 1434 37 21 ger
280 1429 85 26 10,000
377 1427 49 28 Fay:
441 1428 58 21 ända
513 1427 31 22 till
558 1428 101 27 100,000
673 1444 5 5 .

817 112 25 22 15
