1025 1695
267 154 4 2 *
291 154 81 23 Ständ.
388 155 37 23 Sv.
442 168 27 4 —
483 155 71 29 Prop.
569 157 41 22 N:o
624 156 34 23 41.

319 389 132 25 Finlands
482 382 134 34 Ständers
643 391 200 31 underdäniga

235 435 66 19 svar
319 430 7 23 i
345 429 117 32 anledning
476 430 27 25 af
513 430 57 25 Hans
584 430 128 33 Kejserliga
726 431 116 32 Majestäts

234 468 79 33 nådiga
339 470 143 33 proposition,
511 477 33 18 om
571 471 120 25 anvisande
718 472 26 25 af
772 472 69 25 medel

234 509 33 25 till
285 509 140 26 bestridande
444 512 27 23 af
485 511 150 25 kostnaderna
643 511 37 26 för
694 511 78 26 allmän
790 514 51 23 vär-

233 549 96 33 nepligts
347 550 115 25 införande
480 551 7 24 i
505 550 82 26 landet.

156 622 218 30 Stormäktigste,
390 623 205 30 Allernådigste
611 623 113 30 Kejsare
738 624 47 22 och

382 657 175 24 Storfurstel

163 726 72 23 Jemte
258 725 35 23 det
312 725 84 23 Eders
413 725 159 30 Kejserliga
585 725 130 30 Majestät
737 727 33 22 till
791 727 50 22 Fin-

94 761 60 22 lands
169 760 90 23 Ständer
273 760 66 23 aflåtit
360 760 64 29 nådig
444 761 129 29 proposition
594 769 35 14 om
646 761 109 22 införande
770 761 24 22 af
805 762 36 21 all-

95 800 50 17 män
159 795 117 29 värnepligt
290 795 8 21 i
307 795 77 27 landet,
394 795 38 22 har
442 795 83 22 Eders
540 795 132 29 Majestät,
693 800 50 17 enär
758 795 81 24 militie-

94 830 85 22 verkets
197 829 207 23 förhandenvarande
422 830 134 29 besparingar
573 830 39 22 och
631 829 119 30 påräknade
774 830 66 29 dispo-

94 864 58 22 nibla
166 863 110 30 tillgångar
290 869 35 17 äro
339 863 138 30 otillräckliga
491 864 33 23 till
537 863 132 24 bestridande
684 864 24 22 af
721 864 26 22 de
756 864 84 23 kostna-

94 899 42 26 der,
147 907 46 14 som
206 899 49 22 med
265 898 40 23 den
319 898 117 29 föreslagna
447 898 245 30 militärorganisationen
706 898 67 23 blifva
787 898 52 23 före-

94 933 60 28 nade,
169 933 32 22 uti
222 933 89 23 särskild
331 933 63 30 nådig
408 933 133 30 proposition,
557 933 73 29 åtföljd
649 933 24 22 af
689 933 44 23 åtta
754 933 85 29 bilagor,

94 968 21 23 åt
130 968 118 23 Ständerna
263 968 138 23 öfverlemnat
415 970 31 21 att
460 967 33 24 för
506 967 176 30 femärsperioden
699 968 140 22 1878-1882

94 1004 73 22 anvisa
181 1003 26 22 de
221 1003 8 22 i
243 1003 73 22 sådant
331 1003 97 22 afseende
443 1003 75 29 nödiga
532 1003 89 22 medlen.

161 1038 13 21 I
193 1037 128 23 sistnämnda
342 1037 75 29 nådiga
431 1037 127 30 proposition
579 1037 106 22 meddelas
706 1045 27 14 en
754 1036 85 29 budget-

94 1072 116 29 beräkning
223 1072 32 22 för
269 1071 160 28 militiefonden,
444 1072 143 30 upptagande:

163 1106 22 29 1)
201 1107 96 29 samtliga
307 1107 91 29 utgifter,
409 1115 45 14 som
463 1107 67 22 under
540 1106 63 29 sagda
617 1105 149 30 femårsperiod
780 1105 59 22 skola

93 1141 47 22 från
153 1141 77 22 fonden
239 1141 111 27 bestridas;
366 1141 89 22 hvarvid
469 1141 125 26 förutsättes,
610 1142 31 21 att
654 1140 91 22 förutom
758 1139 81 30 gardes-

93 1175 119 29 bataljonen
222 1177 13 20 8
248 1175 116 29 bataljoner
376 1175 144 30 skarpskyttar
533 1175 59 22 skola
605 1175 121 29 uppställas,
741 1182 49 14 men
804 1173 35 23 nå-

93 1213 35 26 got
149 1209 121 23 inkallande
285 1209 23 22 af
320 1209 148 30 värnepligtigt
488 1210 101 28 manskap
611 1209 47 22 icke
677 1217 38 21 ega
732 1217 48 14 rum
794 1208 44 23 före

94 1244 40 22 den
150 1245 11 20 1
177 1244 120 22 November
312 1244 61 22 1880.
400 1243 75 22 Totala
488 1243 170 29 utgiftssumman
672 1243 33 22 för
719 1243 26 22 de
760 1243 13 22 5
788 1242 50 23 åren

94 1282 23 18 är
130 1278 123 29 kalkylerad
267 1278 34 22 till
315 1278 127 26 28,700,000
456 1278 65 21 mark.

162 1313 22 27 2)
199 1312 26 22 de
240 1312 93 22 deremot
347 1311 102 23 svarande
463 1311 143 30 tillgångarna,
621 1310 115 30 nemligen:

94 1348 25 27 a)
133 1345 163 23 militiefondens
305 1345 140 29 besparingar,
455 1345 118 22 beräknade
583 1347 31 20 att

135 1380 37 23 vid
187 1381 54 22 1877
257 1379 32 23 års
303 1379 79 30 utgång
396 1381 74 27 utgöra
505 1397 4 4 .
539 1396 4 5 .
575 1396 4 5 .
610 1396 4 4 .
643 1379 113 26 9,500,000
770 1378 67 23 mark.

95 1415 22 29 b)
132 1415 206 22 fondensinkomster
342 1414 67 22 under
417 1413 50 23 åren
475 1413 140 23 1878—1882

136 1453 12 19 a
162 1450 113 26 2,840,000
288 1449 61 22 mark
363 1449 33 22 för
410 1448 45 22 året
474 1466 1 4 .
505 1466 2 4 .
539 1465 4 5 .
573 1465 5 4 .
609 1447 147 26 .14,200,000
794 1455 9 11 »

527 1488 88 23 Summa
629 1487 127 27 23,700,000
793 1495 10 12 >
