1039 1692
236 150 27 21 18
424 148 29 18 U.
466 148 31 18 B.
511 158 21 3 —
545 148 82 22 Prop.
640 148 45 17 N:o
699 146 39 19 38.

205 214 40 20 kan
268 214 58 20 laxen
349 214 7 20 i
378 213 69 27 regeln
470 213 43 20 icke
534 213 27 27 gä
579 213 50 27 högt
645 218 47 21 upp,
709 212 63 21 innan
787 212 39 20 han
843 211 65 21 stöter
924 210 26 28 pä

206 248 153 28 oöfverstigliga
381 248 113 25 vattenfall,
519 247 25 21 dä
567 247 92 21 deremot
676 247 8 21 i
699 246 97 22 Finlands
813 246 63 22 elfvar
891 246 59 21 laxen

207 284 133 21 obehindradt
356 284 40 21 kan
412 284 128 28 framtränga
556 283 52 22 ända
624 283 32 21 till
667 283 57 21 deras
734 282 125 21 källtrakter.
891 282 61 21 Afser

207 326 48 15 man
278 319 44 22 från
346 319 57 22 Tana
422 319 32 25 elf,
474 325 44 16 som
534 319 65 22 bildar
616 321 60 26 gräns
692 318 55 21 emot
762 317 89 22 Finland
866 317 38 22 och
920 317 32 22 till

206 354 78 22 hälften
308 355 69 21 tillhör
400 361 38 20 oss,
462 355 65 21 finnas
547 355 7 20 i
574 354 69 28 Norge
659 353 111 22 etthundra
784 353 103 26 laxelfvar,
905 359 46 15 men

206 391 65 26 enligt
294 391 71 20 norske
387 391 206 26 Fiskeriinspektören
617 390 24 21 A.
659 389 133 21 Landmark's
809 389 21 21 är
848 390 55 21 1876
920 388 31 22 af-

206 425 57 28 gifna
287 425 87 22 officiela
398 425 171 28 *Indberetning*
595 425 84 27 erbjuda
703 424 57 22 dessa
785 425 41 20 100
848 424 63 21 elfvar
927 431 24 14 en

206 461 142 27 sammanlagd
372 461 145 27 elfsträckning
541 460 22 22 af
582 460 71 21 endast
672 461 42 20 160
729 460 74 21 norska
818 460 47 21 mils
881 459 69 28 längd,

206 502 45 15 som
272 498 22 19 är
314 495 117 28 tillgänglig
447 495 31 22 för
493 496 64 24 laxen,
575 495 48 22 eller
638 495 47 21 med
701 495 63 21 andra
780 495 41 26 ord,
837 495 60 21 laxen
912 495 40 21 kan

206 532 7 20 i
236 531 24 21 de
284 531 73 21 norska
372 531 122 21 laxelfvarne
510 531 43 21 icke
569 531 128 26 framtränga
712 531 6 20 i
734 531 97 21 medeltal
846 530 64 28 högre
925 533 26 19 än

208 567 31 26 1,6
259 567 43 20 mil.
334 567 10 20 I
367 567 133 21 Dramselven
523 567 16 21 t.
564 573 36 20 ex.,
622 573 44 15 som
687 569 22 18 är
725 573 24 14 en
766 566 22 21 af
802 566 23 21 de
841 566 110 28 vigtigaste

206 601 97 22 laxelfvar
323 602 7 21 i
350 601 74 29 Norge,
442 602 63 27 stiger
520 602 58 21 laxen
594 603 7 20 i
616 602 70 27 regeln
702 601 71 22 endast
790 604 31 23 1,8
835 602 37 21 mil
888 608 41 21 upp
944 601 7 22 i

206 637 72 27 elfven,
301 637 37 22 och
354 638 6 21 i
377 637 114 27 Glommen,
508 643 44 16 som
569 639 22 19 är
606 637 79 28 Norges
701 637 74 22 största
791 637 30 22 elf
835 637 38 22 och
888 637 62 28 vigti-

205 673 59 28 gaste
286 673 87 26 flottled,
396 673 65 22 finnes
484 673 103 22 hafslaxen
609 673 43 21 icke
668 673 95 21 ofvanom
780 672 135 28 Sarpsforsen,
932 673 18 28 ej

206 709 58 27 längt
287 708 45 21 frän
356 709 145 26 Fredriksstad,
526 708 93 22 hvarföre
640 708 29 21 ett
685 709 92 26 engelskt
792 708 159 28 intressentskap

206 744 82 28 nyligen
303 744 48 21 med
367 744 54 21 stora
436 744 109 22 kostnader
559 744 86 21 inrättat
656 751 24 14 en
691 744 107 27 laxtrappa
807 744 8 21 i
826 744 66 21 denna
902 743 48 23 fors.

206 779 67 22 Häraf
285 779 59 21 torde
359 786 49 15 vara
423 780 80 27 tydligt,
521 780 30 21 att
567 779 69 28 Norge
652 779 17 28 ej
686 779 37 21 har
739 779 62 28 nägot
817 779 87 22 känbart
914 780 36 21 be-

205 815 38 21 hof
256 815 23 21 af
292 815 65 27 dylikt
373 815 79 26 förbud,
469 821 43 16 som
530 815 33 21 det
579 815 160 27 ifrägavarande.
767 815 59 21 Huru
838 815 111 22 annorlun-

207 850 26 22 da
255 850 7 22 i
285 850 95 22 Finland!
397 851 61 21 Kemi
474 851 36 21 elfs
528 851 146 27 vattensystem
689 853 22 19 är
726 850 27 27 pä
769 857 24 15 en
809 851 141 28 sammanlagd

206 886 119 28 sträckning
340 886 23 21 af
379 886 52 22 circa
448 887 42 21 100
506 886 46 22 mils
568 886 63 28 längd
647 886 127 28 tillgängligt
789 886 30 22 för
835 887 114 25 hafslaxen;

206 922 79 21 Torneå
308 922 38 21 och
368 922 56 21 Tana
448 922 63 21 elfvar
533 922 99 22 hvardera
653 922 25 27 pä
694 922 63 21 minst
773 922 28 22 50
816 923 47 21 mils
878 922 70 29 längd.

206 957 78 27 Uppför
304 957 52 22 Uleä
376 958 30 20 elf
419 957 36 28 gär
471 958 104 21 hafslaxen
591 958 53 21 ända
659 964 42 21 upp
716 958 33 21 till
764 958 132 28 Hyrynsalmi
912 958 37 22 och

205 992 88 27 Kiando,
318 993 38 21 och
379 999 75 21 genom
477 993 69 22 Kumo
571 994 29 21 elf
621 994 136 27 framtränger
781 993 39 21 den
835 994 33 20 till
883 994 67 21 Nokia

206 1028 70 26 ström,
286 1028 22 28 ja
319 1028 53 22 ända
382 1029 32 21 till
425 1028 137 22 Walkiakoski
573 1030 7 20 i
591 1029 128 26 Tavastland,
729 1028 49 22 flera
787 1029 62 21 andra
857 1030 91 27 exempel

206 1064 31 20 att
252 1064 82 27 förtiga.
354 1076 23 3 —
395 1064 98 22 Finlands
503 1064 122 22 laxfiskerier
636 1066 34 20 äro
681 1064 31 21 för
723 1064 62 28 öfrigt
797 1065 22 21 af
827 1064 46 22 vida
884 1065 64 21 större

206 1098 117 22 ekonomisk
338 1099 102 27 betydelse
456 1102 26 18 än
498 1100 24 21 de
538 1100 78 21 norska.
648 1100 62 25 Kemi
726 1100 29 21 elf
768 1100 37 21 har
815 1100 66 28 någon
893 1100 56 28 gång

206 1134 88 21 afkastat
319 1134 41 22 lika
382 1136 80 26 mycket
485 1136 38 25 lax,
548 1142 44 15 som
615 1136 78 26 Norges
719 1136 40 21 100
783 1136 97 21 laxelfvar
902 1136 44 22 till

204 1170 162 27 sammantagna.
373 1174 8 6 *

275 1210 40 22 För
335 1211 63 27 öfrigt
417 1212 37 20 har
469 1211 213 27 Fiskeriinspektören,
699 1218 44 15 som
757 1212 76 27 jemväl
849 1213 53 21 varit
917 1213 30 21 le-

206 1245 69 21 damot
290 1246 8 20 i
314 1245 37 21 den
370 1246 81 26 komitö,
464 1246 59 21 hvars
534 1246 76 27 förslag
620 1246 67 27 ligger
697 1246 32 21 till
741 1247 66 27 grund
818 1247 31 21 för
860 1247 38 21 den
910 1248 36 20 nä-

205 1280 47 27 diga
275 1281 155 27 propositionen,
455 1280 112 22 framhållit
591 1281 38 21 den
651 1281 57 21 äfven
725 1282 23 20 af
760 1282 90 22 komiten
866 1282 81 28 hyllade

203 1316 115 28 meningen,
336 1317 30 21 att
382 1317 62 27 något
460 1316 73 22 förbud
549 1318 55 20 emot
619 1317 95 29 flottning
729 1318 7 20 i
751 1318 53 22 sund
820 1318 17 28 ej
853 1325 49 15 vore
916 1318 32 23 för

204 1351 141 28 ifrågakomna
368 1352 96 22 ändamål
487 1353 22 21 af
523 1353 72 25 nöden,
613 1353 53 21 samt
682 1354 31 20 att
729 1353 70 22 endast
815 1354 96 29 flottning
926 1355 23 21 af

203 1387 41 21 löst
263 1387 60 27 virke,
345 1393 47 15 men
408 1388 43 21 icke
467 1388 23 21 af
502 1388 79 26 sådant,
597 1394 44 16 som
657 1389 147 27 transporteras
819 1390 7 20 i
841 1396 105 17 samman-

202 1423 74 27 fogade
287 1423 75 26 flottor,
377 1429 46 16 vore
436 1423 32 22 för
481 1423 95 22 fiskleken
587 1424 79 28 skadlig
677 1425 36 20 och
725 1425 78 22 derföre
811 1425 63 22 borde
882 1427 64 22 under

202 1458 90 21 lektiden
307 1458 109 27 förbjudas.
448 1459 40 20 Vid
505 1459 81 21 anfördt
601 1459 126 22 förhållande
743 1460 38 21 och
794 1461 25 21 då
829 1461 76 28 vigtigt
916 1464 28 24 är,

202 1493 32 21 att
256 1492 188 29 virkesflottningen
467 1493 44 22 icke
534 1494 132 22 underkastas
689 1495 64 28 några
768 1495 176 30 inskränkningar,

246 1541 134 20 Sammansatta
395 1543 49 24 Lag-
460 1543 31 19 och
507 1543 179 20 Ekonomiutskottets
701 1545 110 20 betänkande
826 1546 37 19 N:o
879 1545 17 20 8.
