1039 1700
304 147 28 19 U.
346 146 30 19 B.
391 157 20 3 —
424 146 81 25 Prop.
518 147 47 19 N:o
578 146 39 19 38.

344 392 194 23 Sammansatta
565 392 64 30 Lag-
657 392 50 23 och
735 392 104 23 Ekono-

273 439 181 23 miutskottets
472 438 169 25 betänkande
659 439 47 24 N:o
725 440 15 22 8
762 440 10 23 i
793 445 44 18 an-

273 486 110 30 ledning
402 486 29 23 af
446 486 74 24 Hans
538 485 152 32 Kejserliga
702 486 137 30 Majestäts

274 532 99 31 nädiga
390 533 164 30 proposition
572 533 41 24 till
626 533 126 25 Finlands
765 535 74 23 Stän-

275 581 47 24 der
341 588 43 16 om
402 579 159 26 utfärdande
580 580 30 25 af
625 588 36 24 ny
679 580 160 32 författning

274 629 114 23 rörande
407 629 125 31 flottning
550 628 30 24 af
595 629 170 31 skogsalster.

168 722 30 22 Af
216 721 97 29 samtliga
333 720 89 24 Ständen
438 720 37 24 har
489 720 154 30 ifrågavarande
659 720 75 32 nådiga
748 724 92 27 pröposi-

97 758 44 22 tion
161 758 68 21 blifvit
244 758 7 21 i
267 758 93 21 afseende
376 758 12 21 &
403 757 144 23 förberedande
563 758 124 28 behandling
703 756 138 25 öfverlemnad

97 794 33 21 till
153 792 149 23 sammansatta
324 794 55 27 Lag-
402 794 38 20 och
460 793 206 27 Fkonomiutskottet,
688 801 45 15 som
753 794 88 22 derefter

98 830 26 27 pä
139 830 89 27 begäran
244 828 45 22 från
304 827 115 29 Kejserliga
435 827 88 23 Senaten
539 830 136 21 utbekommit
691 830 17 27 ej
723 830 80 22 mindre
817 831 24 21 de

97 865 129 27 handlingar,
242 863 69 23 hvilka
325 864 57 28 legat
396 864 34 22 till
445 864 67 28 grund
525 864 32 22 för
567 865 38 21 den
616 865 34 21 vid
663 866 55 21 1872
730 866 32 21 års
772 866 69 21 landt-

98 900 41 28 dag
155 898 115 24 Ständerna
286 898 104 29 förelagda
404 900 152 27 propositionen
571 901 7 21 i
594 901 69 21 ämnet
679 902 54 20 samt
747 900 32 22 för
795 900 48 23 ord-

99 934 147 30 ningsstadgan
262 935 86 21 rörande
363 935 121 27 flottningen
501 935 23 22 af
537 935 128 29 skogsalster,
681 936 113 22 stadfästad
805 938 38 20 den

99 973 14 20 8
137 971 52 28 april
213 970 63 27 1875,
299 972 26 20 än
349 970 35 22 det
398 971 77 27 förslag
487 970 65 28 jemte
568 971 69 21 dertill
651 972 89 21 hörande
755 973 88 21 motive-

99 1007 47 29 ring
165 1007 38 22 och
218 1006 130 26 reservation,
365 1013 44 15 som
425 1004 91 30 afgifvits
532 1006 23 22 af
568 1007 38 22 den
621 1005 32 24 för
667 1008 88 22 revision
771 1008 23 22 af
807 1009 36 21 nå-

99 1042 49 29 diga
162 1042 145 28 förordningen
324 1041 39 23 den
378 1043 28 21 24
421 1049 56 15 mars
495 1043 54 21 1873
567 1043 94 21 nedsatta
675 1041 83 29 komité,
773 1044 70 22 äfven-

99 1086 46 14 som
168 1078 122 28 protokollet
313 1078 55 22 öfver
384 1084 24 15 en
424 1078 7 21 i
446 1076 115 30 Kejserliga
577 1078 87 22 Senaten
680 1079 34 22 vid
729 1080 115 28 handlägg-

100 1114 76 29 ningen
198 1114 22 21 af
235 1114 132 21 förevarande
383 1113 73 22 ärende
471 1114 106 21 förefallen
593 1114 132 29 omröstning.
757 1116 87 21 Dessut-

100 1157 35 14 om
159 1150 38 21 har
222 1150 106 21 Utskottet
354 1148 80 23 erhållit
458 1149 32 21 del
513 1149 23 22 af
553 1156 24 15 en
593 1150 36 21 hos
645 1151 146 28 Ridderskapet
807 1153 38 20 och

100 1186 68 21 Adeln
184 1184 34 23 vid
233 1185 75 27 nådiga
323 1185 161 27 propositionens
500 1185 145 28 föredragning
660 1185 45 22 förd
720 1184 123 29 diskussion;

101 1220 113 29 hvarjemte
234 1219 159 26 Bondeståndet,
409 1220 61 21 hvars
485 1221 71 20 remiss
573 1220 78 29 åtföljts
667 1221 23 21 af
703 1222 30 21 ett
748 1223 33 20 till
796 1229 48 21 pro-

101 1257 87 21 tokollet
204 1254 85 29 afgifvet
304 1255 98 27 skriftligt
417 1256 101 26 yttrande,
536 1256 31 20 till
583 1256 110 26 Utskottet,
710 1257 8 21 i
729 1255 94 23 afseende
834 1259 12 20 å

101 1291 125 27 behandling
242 1290 7 22 i
264 1291 149 26 sammanhang
428 1290 47 21 med
490 1290 131 22 förevarande
636 1292 130 26 proposition,
779 1294 66 21 öfver-

101 1327 54 27 styrt
165 1327 31 19 ett
207 1326 22 20 af
236 1325 198 27 landtdagsmannen
445 1325 90 26 Idänpää
546 1326 94 20 Heikkilä
648 1326 32 20 till
689 1327 86 21 Ståndet
782 1329 63 26 ingif-

102 1361 39 25 vet,
157 1361 22 20 af
188 1361 33 21 W.
232 1359 106 22 Granlund
346 1359 160 21 undertecknadt
514 1359 110 27 sålydande
632 1360 213 27 petitionsmemorial:

211 1415 8 7 «
224 1408 135 27 Öfversättning:

173 1447 156 23 Undertecknad
345 1447 97 27 anhåller,
459 1445 31 24 att
505 1446 166 30 representanten
687 1451 31 21 för
733 1450 114 24 Janakkala

103 1486 99 26 domsaga
216 1483 35 23 vid
267 1484 55 21 1877
340 1483 32 21 års
386 1483 101 28 landtdag
502 1484 47 21 ville
564 1484 33 22 till
609 1486 152 23 Bondeståndet
771 1488 74 22 inlem-

103 1528 28 15 na
146 1520 38 22 och
200 1519 69 22 dervid
285 1518 123 22 understöda
423 1518 89 28 följande
527 1520 182 30 petitionsförslag:

151 1564 135 18 Sammansatta
301 1562 51 23 Lag-
367 1562 31 18 och
414 1562 181 20 Ekonomiutskottets
610 1564 110 20 betänkande
735 1566 37 18 N:o
787 1566 18 20 8.
