1025 1698
216 120 29 20 20
419 118 22 24 U.
458 118 22 22 B.
497 130 26 2 —
541 118 64 28 Prop.
623 118 37 22 N:o
675 118 40 22 40.

394 201 11 9 ,
408 183 46 27 Lag
469 190 80 15 samma
563 190 49 14 vare
628 190 32 14 om
675 183 47 26 den,
734 190 45 14 som
801 183 51 26 från
874 183 70 22 landet

325 218 100 27 utflyttat,
442 218 68 21 innan
528 217 42 21 han
584 217 9 20 i
607 217 89 27 lottning
715 217 90 27 deltagit,
826 224 47 14 men
889 218 54 21 äter-

330 253 73 26 vändt,
419 252 75 27 förrän
509 252 41 21 han
564 252 92 26 uppnått
671 251 93 28 tjugusju
780 253 37 20 års
832 251 78 22 älder*.

260 287 11 22 I
286 287 154 26 sammanhang
454 286 89 21 härmed
560 285 110 28 begagnar
692 285 33 28 sig
740 285 112 22 Utskottet
866 285 23 22 af
902 285 43 22 tili-

189 323 62 21 fället
273 323 32 21 att
323 323 57 20 rätta
398 322 30 21 ett
446 321 8 20 i
472 321 45 27 &ns
539 320 68 22 första
629 327 65 15 mom.
716 319 105 29 ingående
844 320 100 29 tryckfel:

193 356 118 29 »Uppnät*;
326 356 33 21 läs
375 354 123 29 ,uppnätt.*

539 413 11 28 8
566 413 33 20 84.

259 461 135 24 Ridderskapet
410 459 40 22 och
465 461 56 19 Adeln
538 460 55 20 samt
608 460 137 19 Bondeständet
765 459 63 21 hafva
844 458 53 22 efter
913 465 33 15 or-

192 495 36 22 det
244 494 49 27 ,&r*
309 494 67 21 insatt
390 493 163 28 bestämningen
569 499 61 19 ,men
643 493 64 21 innan
719 493 42 20 han
770 492 92 28 uppnått
877 493 69 28 tjugu-

191 530 34 27 sju
238 529 35 22 års
289 529 73 22 ålder"
378 531 56 19 samt
450 528 69 28 utbytt
535 528 66 21 orden
621 527 45 26 ,sin
682 526 73 23 ålder"
772 529 44 20 mot
837 527 107 27 ,äldern.*

260 564 58 21 Enär
332 564 63 21 dessa
417 563 116 27 ändringar
555 563 45 20 afse
623 562 44 27 S:ns
690 562 158 28 förtydligande
862 561 34 22 får
909 562 38 21 Ut-

193 599 80 22 skottet
287 598 109 22 vördsamt
410 596 90 23 föreslä:

398 635 30 20 att
443 633 82 21 Preste-
542 633 35 21 och
592 631 187 28 Borgareständen
789 632 80 27 jemväl
883 633 64 20 mätie

329 668 85 22 biträda
428 668 137 26 förenämnda
581 667 82 22 Ständs
679 667 72 22 beslut.

539 725 12 27 8
567 725 34 20 87.

261 773 137 24 Ridderskapet
420 771 41 21 och
483 773 57 19 Adeln
556 771 39 20 har
609 771 8 20 i
633 777 56 14 mom
706 771 10 20 1
733 771 67 22 infört
821 771 62 22 ordet
899 777 50 20 ,en-

196 807 61 21 dast*
273 807 91 20 framför
378 805 67 22 orden
462 805 79 27 ,bland
557 805 67 21 dem.*

262 842 156 24 Borgareständet
432 840 40 21 har
486 840 8 21 i
509 839 52 23 sista
575 841 116 21 momentet
707 840 77 22 ändrat
798 840 61 21 ordet
876 840 71 29 ,fyra*

195 876 34 21 till
245 874 78 28 åtta."

263 912 136 19 Bondeständet
411 910 40 20 har
461 910 81 21 biträdt
551 908 57 22 båda
619 910 63 21 dessa
693 910 190 28 ändringsförslag,
894 911 55 20 samt

197 944 121 22 derutöfver
332 944 7 21 i
354 952 62 13 mom.
435 947 9 19 1
462 944 55 21 velat
532 944 63 22 hafva
611 945 60 21 ordet
688 944 176 28 ,pataljoonaan*
882 946 68 20 ersatt

196 979 49 21 med
260 980 31 20 ett
306 979 36 21 det
357 978 90 22 svenska
462 980 61 20 ordet
538 980 88 26 ,trupp*
643 979 150 21 motsvarande
808 978 91 28 uttryck.

264 1012 34 22 Dä
313 1013 26 21 de
354 1012 54 22 först
423 1013 40 21 och
479 1014 38 20 sist
524 1013 79 21 nämda
618 1013 218 28 ändringsförslagen,
846 1014 104 21 hvardera

197 1048 45 21 afse
257 1049 31 19 ett
302 1047 158 27 förtydligande
479 1048 23 20 af
518 1048 44 27 8:ns
585 1047 94 28 verkliga
702 1048 91 27 mening,
816 1050 55 19 samt
891 1048 58 21 färd-

195 1082 159 27 penningarnes
369 1081 126 27 förhöjande
510 1081 46 21 frän
572 1081 47 27 fyra
634 1082 33 20 till
678 1081 46 22 ätta
738 1082 65 26 penni
818 1082 33 21 för
865 1084 84 20 versten

197 1116 90 21 innebär
302 1122 26 14 en
343 1115 92 28 lindring
451 1115 33 21 för
500 1116 25 20 de
541 1116 161 28 värnepligtige,
717 1115 34 22 fär
766 1116 109 22 Utskottet
889 1116 61 22 vörd-

197 1154 56 17 samt
267 1148 92 23 föreslå
350 1144 13 37 :

402 1186 31 20 att
456 1184 24 21 de
497 1184 70 22 Stånd
581 1192 45 14 som
641 1186 8 20 i
663 1192 26 15 en
704 1185 48 22 eller
774 1192 70 16 annan
867 1186 26 27 af
912 1193 36 15 an-

331 1219 61 26 gifna
403 1219 91 26 punkter
507 1219 94 26 godkänt
619 1219 114 22 Utskottets
747 1220 85 27 förslag,
844 1221 64 21 måtte
918 1221 30 20 bi-

334 1252 62 21 träda
410 1252 137 26 förenämnda
561 1253 156 27 förändringar.

540 1308 12 29 s
567 1309 34 21 89.

198 1356 40 22 har
260 1355 23 22 af
300 1356 155 25 Borgareståndet
476 1354 69 22 blifvit
569 1354 141 23 återförvisad
727 1356 34 22 för
775 1357 111 22 införande
903 1357 46 22 deri

200 1390 23 22 af
242 1389 135 28 bestämning
396 1396 33 15 om
453 1389 108 22 volontärs
587 1389 121 30 skyldighet
732 1393 32 20 att
780 1391 83 29 aflägga
877 1392 71 29 krigs-

200 1425 111 26 mannaed,
328 1425 40 22 och
383 1423 33 22 fär
432 1424 115 27 Utskottet,
571 1427 51 20 enär
645 1425 69 23 denna
736 1427 140 29 anmärkning
891 1427 57 23 afser

272 1467 189 22 Värnepligtutskottets
474 1467 105 17 betänkande
591 1468 36 16 N:o
639 1466 16 18 3.
