1036 1703
133 491 11 26 8
160 491 18 20 3.

232 150 28 20 24
420 149 25 19 U.
457 150 31 17 B.
499 158 22 4 —
532 149 80 22 Prop.
626 148 46 20 N;o
684 148 38 18 44.

206 219 11 27 8
237 218 49 28 ingå
301 225 25 13 en
343 218 110 27 ovilkorlig
468 217 108 22 föreskrift
590 218 24 20 af
630 218 74 21 sådant
722 216 100 26 innehåll,
845 218 31 19 att
898 215 31 21 bi-

206 252 53 27 skop
275 251 52 22 eller
342 258 70 14 annan
433 254 116 26 styresman
572 252 33 20 för
628 250 173 30 kyrkosamfund,
824 257 45 15 som
891 250 39 21 har

205 286 94 28 kyrkligt
314 285 139 21 öfverhufvud
467 288 58 19 utom
540 286 96 25 Finland,
652 286 66 21 borde
732 292 52 14 vara
802 284 55 21 finsk
872 284 57 21 med-

204 320 91 27 borgare
311 322 55 19 samt
380 320 23 21 af
415 320 102 27 Kejsaren
533 320 39 22 och
586 320 132 21 Storfursten
733 319 105 27 godkänd.
881 319 48 21 Men

205 354 88 21 emedan
309 353 126 28 stadgandet
449 355 7 20 i
472 354 68 21 denna
555 355 11 27 $
584 353 117 28 medgifver
721 353 83 21 landets
826 352 105 28 Regering

205 389 44 20 rätt
267 390 31 19 att
313 387 34 22 vid
362 387 136 22 fastställelse
513 389 23 20 af
548 388 84 28 kyrklig
643 387 202 27 samfundsordning
860 386 71 21 dertill

208 423 50 27 foga
272 422 78 28 nödiga
366 423 66 20 vilkor
448 423 39 21 och
501 423 164 27 bestämningar,
681 422 38 21 har
748 429 26 14 en
795 421 66 22 sådan
876 422 55 20 töre-

207 457 63 22 skrift
284 457 24 21 af
320 457 121 21 Utskottets
455 457 110 27 pluralitet
580 459 80 19 ansetts
675 457 71 20 kunna
761 457 105 20 umbäras.

264 491 28 20 Af
305 491 110 21 enahanda
430 491 45 21 skäl
489 491 39 21 har
542 491 120 22 Utskottets
681 491 110 27 pluralitet
808 490 40 21 ock
863 489 69 28 afböjt

207 526 30 19 ett
251 525 35 21 vid
301 526 12 20 3
329 525 10 27 &
354 525 71 27 gjordt
439 525 80 27 förslag
534 533 35 14 om
584 525 74 27 tillägg
675 525 109 21 derstädes
800 524 22 21 af
836 525 29 19 ett
875 523 56 21 stad-

207 559 68 27 gande
290 559 108 27 angäende
413 559 118 28 skyldighet
541 560 33 21 för
584 558 255 28 dissenterförsamlingar
847 560 31 19 att
893 564 38 14 un-

208 593 99 21 derkasta
323 593 31 27 sig
370 593 24 21 de
409 594 164 27 bestämningar,
589 594 72 21 hvilka
673 593 84 22 landets
772 593 91 28 Styrelse
880 593 52 21 kun-

208 627 25 21 de
247 626 58 22 finna
321 627 78 27 skäligt
413 629 31 19 att
461 628 109 28 uppställa
592 629 7 20 i
614 628 60 27 fräga
697 635 34 14 om
752 628 124 26 kompetens
898 627 34 21 för

208 661 61 21 deras
284 664 83 24 prester
382 661 51 22 eller
447 662 75 26 lärare,
539 670 34 13 om
588 662 128 27 rättigheten
729 664 32 19 att
778 662 84 27 deltaga
876 662 7 20 i
898 661 34 22 val

207 696 24 21 af
245 696 60 21 desse
320 697 40 20 och
374 698 66 19 annat
455 696 71 28 dylikt.
556 697 102 21 Deremot
672 697 39 20 har
725 695 121 22 Utskottets
860 696 72 27 plura-

206 729 48 22 litet
269 731 70 20 ansett
354 732 30 19 ett
397 730 76 28 tillägg
488 730 32 21 till
537 731 138 28 paragrafens
689 730 68 21 första
771 732 94 19 moment
881 731 52 20 böra

208 764 105 21 innefatta
329 763 39 22 den
383 765 139 27 bestämning,
545 768 32 19 att
597 764 241 28 dissenterförsamlings
861 765 32 21 val
912 765 23 20 af

208 799 59 26 prest
283 798 51 21 eller
347 799 70 21 lärare
431 799 46 26 bör,
492 799 34 21 för
541 801 31 20 att
587 799 62 28 gälla,
661 806 51 16 vara
726 799 24 21 af
762 799 83 21 landets
855 799 77 28 Styrel-

208 839 23 15 se
245 832 115 28 godkändt.
389 833 33 21 Då
437 841 81 14 samma
532 836 93 19 moment
641 834 18 27 ej
676 833 66 22 heller
760 833 117 21 innehåller
900 835 33 18 ut-

209 866 101 28 tryckligt
325 866 116 27 stadgande
457 866 78 27 derom,
550 869 32 20 att
595 867 47 21 icke
656 867 55 21 blott
733 867 55 21 valet
806 866 22 21 af
844 866 89 22 försam-

207 901 55 27 lings
277 901 152 26 föreständare,
445 903 52 19 utan
513 901 60 22 äfven
595 901 40 22 den
656 901 70 22 valdes
748 901 125 28 lämplighet
894 901 40 22 bör

208 935 23 22 af
243 937 131 26 guvernören
390 935 129 28 godkännas,
534 936 38 21 har
587 936 92 22 flertalet
693 936 23 21 af
737 936 118 21 Utskottets
876 936 58 21 leda-

208 971 69 20 möter
289 969 78 29 jemväl
382 972 70 19 ansett
465 973 116 19 momentet
595 971 53 21 böra
663 971 7 20 i
686 971 57 20 detta
762 970 54 29 syfte
838 970 95 28 förtydli-

210 1011 43 21 gas.
282 1004 100 21 Deremot
395 1004 40 21 har
449 1004 120 21 Utskottets
584 1004 110 27 pluralitet
715 1004 70 28 afböjt
799 1007 76 18 tvenne
897 1012 37 13 an-

210 1038 39 21 dra
267 1038 115 29 yrkanden,
400 1039 23 20 af
435 1039 72 21 hvilka
522 1039 34 21 det
572 1046 39 14 ena
626 1039 107 22 inneburit
748 1041 31 19 att
802 1046 26 13 ur
843 1039 12 20 3
870 1046 63 14 mom.

209 1073 34 20 13
260 1073 11 28 &
287 1072 65 22 orden
366 1073 45 21 ”att
425 1073 58 21 inom
498 1081 25 14 en
537 1073 77 22 månad
630 1073 53 22 efter
699 1073 73 28 hvarje
787 1074 35 20 års
837 1074 44 21 slut
900 1074 34 20 till

211 1107 131 26 guvernören
361 1107 91 21 afiemna
466 1107 134 28 förteckning
616 1109 12 19 &
651 1107 163 28 församlingens
835 1107 99 22 medlem-

209 1140 59 21 mar”
284 1140 65 21 borde
365 1140 33 21 till
419 1140 93 29 lindring
532 1143 34 20 för
586 1141 174 22 föreståndarene
781 1142 57 26 utgå,
856 1141 79 22 hvilket

209 1174 80 28 afböjts
305 1174 86 21 emedan
406 1175 80 22 sådana
500 1175 158 28 förteckningar
668 1177 36 20 äro
715 1176 79 28 nödiga
803 1175 34 22 för
852 1176 83 22 landets

211 1209 99 21 statistik.
340 1209 42 20 Det
402 1210 67 21 andra
482 1210 104 28 yrkandet
600 1211 27 26 på
644 1212 30 19 ett
690 1211 74 27 tillägg
785 1210 33 21 till
837 1211 13 20 4
871 1217 62 14 mom.

211 1251 34 13 om
259 1243 120 26 skyldighet
393 1243 33 20 för
442 1244 39 19 den
497 1244 52 19 efter
564 1250 25 14 en
599 1244 158 20 föreståndares
768 1243 78 27 afgång
860 1244 7 19 i
883 1244 52 20 hans

212 1276 62 21 ställe
289 1276 61 21 valda
365 1283 104 20 personen
484 1278 31 19 att
532 1279 74 25 genast
620 1277 96 21 tillträda
730 1277 145 26 befattningen
896 1277 40 20 har

211 1310 110 21 Utskottet
332 1310 79 27 jemväl
424 1310 81 21 lemnat
518 1312 52 19 utan
589 1310 105 27 afseende,
716 1310 88 21 emedan
826 1311 110 21 föreskrif-

210 1347 35 19 ten
261 1345 7 19 i
284 1345 72 20 ämnet
369 1345 100 21 hänvisar
483 1345 34 20 till
539 1346 3 19 1
558 1352 63 14 mom.
644 1345 39 21 och
703 1345 122 28 derigenom
844 1346 39 27 gör
901 1353 36 14 ve-

212 1379 132 21 derbörande
359 1378 124 28 församling
498 1380 151 26 uppmärksam
664 1380 27 26 pä
706 1380 36 20 det
759 1380 89 21 intresse
867 1380 71 22 denna

209 1414 39 20 har
263 1412 82 22 fästadt
361 1412 78 27 dervid,
455 1415 32 19 att
501 1413 33 21 val
549 1414 23 20 af
584 1421 28 21 ny
622 1414 146 22 föreständare
784 1414 152 28 ofördröjligen

211 1447 108 26 anställes,
335 1447 33 21 till
383 1447 173 22 förekommande
572 1448 23 21 af
608 1449 28 20 de
652 1448 140 28 olägenheter,
806 1456 44 14 som
865 1449 71 22 kunde

211 1483 79 26 uppstä
303 1489 35 14 om
351 1481 120 29 ledigheten
485 1483 77 20 varade
577 1483 70 27 nägon
662 1483 72 27 längre
749 1483 37 22 tid.

277 1523 138 23 Lagutskottets
428 1523 114 18 betänkande
555 1523 33 18 N:o
602 1524 26 18 14,

228 1620 9 14 N

237 1635 8 11 J
