1034 1703
227 170 14 20 2
516 167 53 22 N:o
584 168 46 21 44.

199 236 102 21 förbudet
316 235 34 21 för
365 235 162 27 grekisk-ryske
542 235 170 21 trosbekännare
728 236 37 25 att,
782 237 39 19 när
832 236 27 21 de
870 236 77 27 sjelfva

198 270 80 21 sådant
293 269 127 26 åstundade,
436 269 88 26 öfvergå
539 269 34 21 till
588 269 113 21 lutherska
711 269 68 26 läran,
789 269 158 23 ofvannämnde

198 305 63 26 lagar
275 304 67 22 likväl
357 303 78 27 kunde,
451 303 121 22 oberoende
587 303 69 26 häraf,
672 303 104 27 utfärdas,
792 310 49 15 men
854 305 7 20 i
870 304 78 22 sådant

200 339 39 21 fall
257 339 69 21 förses
345 338 48 21 med
413 339 32 19 ett
460 337 128 27 sluttillägg,
604 339 33 19 att
652 343 76 21 genom
745 338 63 21 dessa
823 338 124 22 författnin-

200 379 39 21 gar
261 372 48 22 icke
328 372 82 21 skedde
429 372 70 26 någon
515 372 92 26 ändring
622 371 24 21 af
659 371 59 21 hvad
732 372 7 20 i
757 372 101 22 afseende
873 372 12 22 å
901 379 46 20 gre-

199 406 128 27 kisk-ryska
341 406 171 21 trosbekännare
527 408 25 18 är
566 406 109 26 stadgadt.

198 467 2 2 >
256 466 2 2 >
272 440 65 22 Sedan
349 446 31 15 :en
397 440 8 21 i
421 440 116 27 anledning
552 440 64 21 häraf
629 440 88 21 nedsatt
732 440 87 22 Komité
834 441 114 21 inkommit

198 475 51 21 med
269 474 114 26 särskilda,
400 474 23 21 af
436 474 91 30 motiver
541 474 91 30 åtföljda
647 474 82 27 förslag
744 474 34 21 till
793 474 155 28 författningar

198 510 10 20 i
223 508 140 22 förenämnda
379 510 83 25 ämnen,
478 503 104 27 affattade
596 508 33 21 uti
645 508 36 21 det
698 508 56 28 syfte
765 509 134 21 Ständernas
910 516 38 15 un-

200 544 121 26 derdåniga
337 543 93 27 petition
448 543 128 27 innehåller,
596 544 56 20 samt
666 543 150 22 Prokuratorn
831 544 7 21 i
855 544 93 22 Senaten

200 578 94 20 rörande
317 577 109 21 desamma
444 574 102 30 yttrande
566 576 101 22 aflemnat
690 578 67 21 hafva
771 578 8 21 i
793 578 156 28 hufvudsaklig

198 608 226 25 Ofverensstämmelse
439 606 90 26 härmed
544 612 46 26 och,
606 612 69 26 enligt
689 612 60 21 Hans
765 612 123 28 Kejserliga
903 613 45 21 Ma-

196 646 81 27 jestäts
293 646 152 26 förordnande,
455 646 50 22 med
521 646 41 21 den
570 645 23 22 af
600 645 122 22 Ständerna
731 647 96 26 antydda
834 647 114 21 inskränk-

199 680 55 27 ning
270 680 9 21 i
299 680 101 22 afseende
419 680 13 20 å
451 680 163 26 grekisk-ryska
629 680 175 21 trosförvandter
819 682 128 21 utarbetade

200 714 83 27 förslag
311 713 35 22 till
374 713 152 27 förordningar
557 715 33 20 4:0.
621 713 112 27 angäende
772 715 124 21 bekännare
927 715 24 22 af

200 747 135 22 främmande
376 747 83 21 kristen
478 743 13 35 —
504 747 94 21 troslära
632 748 7 20 i
667 748 93 21 Finland
803 749 39 20 och
885 750 63 21 deras

199 778 180 31 religionsfrihet,
415 782 34 21 2:0
479 781 111 27 angående
626 781 47 22 icke
702 782 85 21 kristna
821 784 128 21 trosbekän-

200 823 53 14 nare
282 817 8 20 i
323 815 92 22 Finland
454 816 40 21 och
529 816 47 21 dem
612 816 122 27 medgifven
771 817 177 28 religionsfrihet,

197 852 59 19 samt
285 851 34 19 3:0.
349 855 33 14 om
411 855 78 15 ansvar
517 849 33 21 för
580 849 48 26 den,
658 856 46 15 som
734 850 100 27 oloflisen
867 852 80 22 förmår

201 884 72 26 någon
295 883 32 21 till
352 883 117 27 öfvergäng
498 883 48 21 från
569 890 27 15 en
618 884 93 21 troslära
740 885 34 20 till
805 891 77 21 annan,
913 893 36 15 va-

201 918 36 25 rit,
250 918 5 20 i
264 918 37 21 det
313 917 101 22 afseende
430 917 26 21 14
469 917 40 27 och
522 918 40 20 455
570 917 25 28 $$
610 918 8 20 i
633 918 138 27 Kyrkolagen
786 919 77 28 förmå,
879 921 70 21 öfver-

202 952 99 21 lemnade
316 951 34 22 till
366 951 36 21 det
417 951 8 20 i
440 945 47 27 Äbo
503 951 49 21 stad
568 951 68 22 under
650 952 53 21 Juni
717 953 78 21 mänad
812 952 54 27 1876
877 954 73 24 hållna

200 986 111 28 allmänna
328 985 134 27 kyrkomöte.
497 985 38 22 Uti
553 985 83 28 afgifna
655 987 150 27 underdäniga
820 989 128 23 utlätanden

200 1019 36 21 för
254 1019 41 21 den
315 1020 27 20 30
363 1019 7 20 i
389 1019 92 21 nämnde
496 1019 79 21 mänad
590 1020 39 20 har
643 1020 139 26 kyrkomötet
796 1021 98 22 förmält:
913 1023 37 21 be-

200 1052 109 22 träffande
323 1052 106 28 förslaget
443 1053 40 21 N:o
500 1054 18 26 1,
535 1055 32 20 att
582 1054 144 27 kyrkomötet,
742 1055 49 23 med
806 1056 112 27 undantag
926 1056 25 25 af

201 1087 70 26 nägra
292 1087 28 27 pä
343 1087 91 22 anförda
454 1087 47 21 skäl
516 1088 35 20 till
566 1088 127 27 förändring
708 1088 127 28 föreslagna
849 1091 100 26 punkter,

202 1120 35 22 för
257 1121 34 21 sin
309 1121 36 21 del
360 1121 58 21 velat
433 1121 87 21 biträda
535 1122 40 20 och
591 1122 112 26 tillstyrka
718 1123 39 21 allt
772 1124 64 20 hvad.
845 1124 105 28 förslaget

202 1155 8 21 i
233 1154 67 27 öfrigt
314 1154 131 26 innehåller;
460 1155 166 29 vidkommande
640 1156 106 27 förslaget
760 1157 41 21 N:o
816 1158 20 26 2,
852 1160 33 19 att
900 1158 49 28 kyr-

200 1188 100 28 komötet
321 1188 8 21 i
349 1189 107 29 anseende
476 1189 33 21 till
532 1190 27 21 de
576 1190 145 26 olägenheter,
738 1197 45 15 som
799 1192 71 21 blefve
883 1192 66 25 fram-

200 1222 89 21 kallade
303 1222 8 21 i
326 1222 39 22 fall
380 1223 187 27 medborgarerätt
581 1224 7 21 i
603 1224 93 21 Finland
712 1225 71 26 skulle
798 1226 119 26 medgifvas
927 1227 23 21 ät

202 1255 108 21 mosaiske
325 1256 176 26 trosbekännare,
520 1257 48 21 icke
587 1256 84 22 kunnat
685 1257 76 22 förena
775 1258 34 27 sig
824 1265 34 15 om
873 1259 77 22 försla-

200 1291 50 24 gets
270 1289 128 27 antagande,
418 1291 55 19 samt
495 1291 33 19 att
543 1290 104 26 förslaget
662 1291 41 21 N:o
718 1292 14 20 3
747 1292 72 21 blifvit
834 1292 23 21 af
870 1293 79 27 kyrko-

201 1324 69 20 mötet
285 1325 53 19 utan
353 1323 71 29 någon
439 1323 127 28 förändring
581 1324 118 27 godkändt.

270 1357 61 21 Hans
347 1358 122 27 Kejserliga
483 1358 109 27 Majestät,
608 1365 46 15 som
669 1360 7 20 i
691 1360 72 22 likhet
770 1361 49 21 med
828 1361 121 27 Ständerna

202 1391 36 22 vid
260 1391 55 21 1872
335 1391 35 22 års
385 1391 106 28 landtdag
505 1392 72 23 funnit
592 1393 35 28 lag
642 1395 93 21 rörande
751 1395 18 28 ej
785 1396 84 21 mindre
884 1397 65 22 främ-

201 1425 79 22 mande.
303 1425 83 22 kristne
408 1428 27 19 än
458 1427 142 22 icke-kristne
623 1428 125 23 bekännare
764 1430 40 21 och
819 1431 64 21 deras
898 1431 50 22 reli-

201 1459 131 27 gionsfrihet
353 1460 110 22 äfvensom
479 1468 77 15 ansvar
570 1462 34 21 för
619 1463 179 27 proselytmakeri
813 1471 53 15 vara
881 1465 23 22 af
912 1466 37 21 be-

202 1492 75 23 hofvet
292 1493 108 28 påkallad,
417 1495 39 21 har
472 1495 85 22 derföre
573 1497 39 21 och
627 1497 49 21 med
692 1497 82 22 fästadt
790 1499 101 22 afseende
903 1500 10 21 å
923 1506 26 15 en
