1028 1692
290 134 26 19 U,
333 134 27 18 8.
377 144 25 4 —
420 136 81 32 Prop.
518 136 44 17 N:o
577 137 43 28 40.
779 135 25 19 33

153 198 39 20 Om
208 205 27 14 na
251 200 134 25 tjenstetiden
402 201 35 19 vid
445 201 64 27 sagde
518 203 61 25 trupp
588 208 50 14 vore
651 202 44 19 lika
710 202 40 20 och
762 202 11 19 3
789 202 44 26 ärig

85 232 32 20 för
133 232 42 20 alla
190 233 161 27 värnepligtige,
368 235 23 19 sä
406 234 67 20 skulle
489 234 103 28 klarligen
609 235 25 27 !/,
650 235 62 21 häraf
719 236 51 19 eller
780 235 53 19 1374

84 273 47 13 man
153 267 52 20 böra
227 267 81 26 ärligen
330 268 126 21 inmönstras
477 268 32 21 för
524 270 30 19 att
569 269 57 20 hälla
641 272 88 24 truppen
745 269 35 20 vid
796 269 37 20 full

84 301 138 26 fredsstyrka,
237 301 51 20 eller
304 303 47 19 med
367 303 74 26 tillägg
457 303 23 20 af
493 303 40 20 den
549 303 67 26 ärliga
636 303 105 27 afgängen
757 310 75 19 genom

84 334 91 21 dödsfall
191 341 25 14 m.
234 342 33 16 m.,
283 343 45 12 som
344 337 56 19 inom
416 337 180 20 äldersklasserna
611 337 82 20 21—24
710 337 48 26 kan,
767 337 65 27 enligt

84 368 120 21 erfarenhet
218 370 7 19 i
241 370 66 20 andra
322 370 79 25 länder,
417 374 88 24 antagas
521 371 70 27 uppgå
601 371 31 20 till
648 372 97 25 omkring
756 371 41 27 21/4
805 371 27 28 %

83 403 88 27 årligen,
193 403 49 20 hela
261 404 136 20 ärsbehofvet
412 405 23 20 af
455 405 103 20 inlottade
574 407 75 25 utgöra
664 405 97 27 omkring
777 406 54 19 1400

83 444 55 13 man.
168 437 48 21 Men
235 437 27 20 dä
278 438 71 20 aktiva
363 439 135 26 tjenstetiden
514 439 5 19 i
535 439 52 26 följd
603 440 23 19 af
639 439 104 20 särskilda
757 439 75 20 lättna-

83 471 37 20 der
143 471 39 20 och
207 472 107 27 undantag
335 473 74 20 vexlar
423 473 54 20 ifrån
494 474 9 19 1
521 473 54 20 ända
592 474 30 19 till
638 474 12 19 3
666 474 22 20 år
704 473 40 20 och
760 473 71 27 afgän-

83 512 40 20 gen
139 506 23 19 af
175 507 101 26 manskap
292 507 58 20 inom
366 507 25 20 de
408 507 56 20 olika
479 507 181 20 äldersklasserna
672 508 24 20 af
704 507 127 28 mängahan-

83 540 26 20 da
120 541 88 20 orsaker
218 541 62 20 äfven
292 544 23 16 är
330 541 64 26 olika,
410 541 23 20 sä
443 542 60 20 torde
519 542 39 20 den
574 542 96 26 verkliga
685 541 146 27 tjenstetidens

83 575 134 26 medellängd
232 575 70 20 kunna
318 575 123 26 uppskattas
457 575 32 20 till
504 575 73 20 endast
594 576 13 19 2
622 576 24 19 är
661 576 52 20 eller
728 575 104 21 måhända

83 609 110 26 derunder,
213 609 137 27 synnerligen
370 610 45 19 ifall
433 610 135 25 pluraliteten
589 610 23 19 af
625 610 154 26 värnepligtige
795 616 34 21 ge-

82 644 97 26 nomgätt
195 643 66 27 högre
281 643 107 20 folkskola
406 644 39 20 och
461 644 159 20 vederbörande
637 644 57 20 befäl
710 647 38 24 gör
763 643 68 21 oftare

81 677 54 20 bruk
151 677 24 20 af
187 677 40 20 den
238 678 118 19 detsamma
370 677 127 21 tillerkända
511 677 101 27 rättighet
622 680 31 17 att
663 677 79 27 bevilja
757 677 73 20 under-

82 711 56 20 befäl
162 711 39 20 och
223 711 101 27 manskap
347 712 124 25 permission
494 711 55 20 ända
571 712 31 19 till
619 712 11 19 3
646 712 106 19 månader.
782 711 9 20 I
807 711 23 20 sä

82 745 37 20 fall
139 745 67 20 skulle
224 746 81 19 antalet
323 745 23 20 af
360 745 25 20 de
404 745 80 28 ärligen
498 746 103 20 inlottade
616 746 56 27 stiga
686 745 32 20 till
734 745 96 26 omkring

81 779 55 20 2000
153 780 51 20 eller
218 779 81 21 kanske
315 780 127 20 derutöfver.
473 780 9 19 I
497 779 100 21 medeltal
615 780 42 20 kan
673 779 83 21 således
772 781 58 18 anta-

82 821 37 20 gas
143 816 30 17 att
189 814 57 20 detta
266 814 77 27 belopp
360 815 80 26 uppgår
455 815 81 26 årligen
552 815 31 19 till
599 815 97 26 omkring
712 814 54 19 1700
782 821 48 13 man

80 849 161 26 värnepligtige.

148 883 33 20 Då
197 882 102 28 derjämte
314 883 48 20 hela
378 884 97 25 styrkans
491 884 155 19 fredsnumerär
661 883 33 20 för
709 883 42 19 alla
766 883 11 19 9
793 883 36 19 ba-

81 917 118 26 taljonerna
221 917 176 20 sammanräknad
420 919 61 25 utgör
505 924 80 13 summa
612 917 54 20 4878
692 924 55 19 man,
770 916 62 20 deraf

80 951 54 19 4122
151 952 161 26 värnepligtige,
328 952 39 20 och
383 952 182 26 krigsnumerären
582 952 80 26 uppgär
674 951 31 20 till
716 951 54 19 8100
781 957 47 13 man

81 986 62 20 deraf
155 986 55 20 7272
233 986 161 26 värnepligtige,
415 986 23 20 sä
454 992 64 21 anger
534 986 110 20 skilnaden
660 985 54 20 3150
730 992 49 13 man
794 984 35 20 det

80 1020 77 26 belopp
177 1020 152 27 värnepligtigt
351 1020 285 26 kompletteringsmanskap,
660 1026 44 13 som
727 1019 54 20 ifrån
797 1026 31 14 re-

81 1061 74 13 serven
171 1054 38 20 bör
223 1054 91 20 inkallas
329 1054 32 20 till
376 1054 87 20 stäende
479 1056 60 24 trupp
555 1054 34 20 för
603 1056 31 18 att
650 1054 62 20 ställa
722 1054 70 20 denna
801 1054 27 26 pä

79 1088 38 20 full
132 1088 97 27 krigsfot,
245 1088 53 21 eller
313 1088 40 20 350
368 1096 49 13 man
433 1095 38 20 per
487 1089 100 26 bataljon.
618 1088 78 20 Sävida
711 1088 64 20 likväl
787 1088 40 20 stä-

80 1123 53 20 ende
149 1125 99 24 truppens
263 1125 78 25 yngsta
350 1123 126 20 äldersklass
488 1123 65 20 under
568 1122 106 27 förloppet
684 1122 24 20 af
716 1122 47 20 dess
777 1123 52 19 1:sta

80 1158 101 26 tjensteär
201 1160 54 18 ännu
271 1161 23 17 är
308 1158 82 26 ganska
406 1157 77 21 oöfvad
499 1157 39 20 och
554 1157 66 20 sällan
636 1156 52 21 eller
703 1156 68 27 aldrig
786 1156 41 21 kan

80 1195 60 24 tagas
156 1193 6 18 i
178 1192 116 26 beräkning
316 1191 33 21 för
373 1192 131 20 omedelbart
527 1191 129 27 krigsbehof,
676 1191 23 20 sä
715 1192 66 19 mäste
797 1198 30 13 re-

80 1234 74 12 serven
169 1226 125 27 ytterligare
310 1226 76 20 anlitas
402 1226 47 20 med
465 1233 25 13 en
506 1225 127 21 äldersklass
649 1225 51 19 eller
710 1225 53 19 1700
773 1232 54 19 man,

80 1260 40 21 och
143 1261 81 19 säledes
246 1260 49 20 hela
316 1260 277 26 kompletteringsbehofvet
616 1260 33 19 för
664 1262 99 23 truppens
779 1259 48 20 stäl-

79 1295 63 21 lande
164 1296 28 25 pä
213 1295 92 27 krigsfot
327 1294 69 20 ansläs
412 1294 31 20 till
458 1294 63 20 minst
543 1293 54 20 4800
613 1293 13 21 &
641 1293 54 20 5000
711 1300 47 13 man
774 1292 53 21 ifrän

79 1335 106 14 reserven.

147 1362 30 20 Pä
192 1362 67 26 grund
274 1362 24 19 af
311 1361 127 27 föregäende
461 1361 41 19 kan
517 1368 27 12 nu
559 1360 117 26 beräkning
691 1363 63 23 göras
769 1360 59 20 öfver

79 1397 49 21 hela
151 1396 79 21 antalet
245 1396 155 27 värnepligtige
419 1395 89 20 emellan
524 1395 83 20 21—40
623 1394 33 21 års
672 1394 65 27 ålder,
756 1393 71 22 äfven-

80 1439 44 14 som
141 1431 60 21 öfver
217 1431 100 26 beloppet
332 1431 24 20 af
368 1431 107 20 desamma
490 1431 56 19 inom
563 1429 57 20 olika
628 1429 151 21 äldersklasser
787 1429 40 20 och

79 1466 205 28 tjenstekategorier.
314 1465 80 20 Härvid
409 1465 38 20 bör
462 1465 69 20 tillika
546 1464 90 25 märkas,
656 1465 32 19 att
702 1463 67 27 enligt
783 1463 43 20 iak-

152 1511 197 23 Värnepligtsutskottets
361 1511 111 17 Betänkande
485 1510 33 17 N:o
532 1510 15 17 1.
739 1509 21 18 3+
