1028 1695
235 131 27 20 34
432 129 22 24 U.
472 130 23 22 B.
510 141 29 4 —
554 129 65 28 Prop.
637 129 39 23 N:o
690 129 36 23 37.

536 197 11 20 3
562 195 62 28 Kap.

359 240 118 25 Angäende
487 240 82 19 bruket
581 240 26 19 af
616 240 184 23 stämpelpapper.

558 282 11 28 8
584 284 19 19 7.

274 322 94 23 Skrifvas
391 323 13 21 &
422 329 80 15 samma
517 323 38 21 ark
569 321 52 23 flera
636 322 89 22 skrifter
740 322 53 22 eller
808 321 151 28 afhandlingar

205 357 23 22 af
249 357 67 22 sådan
337 356 149 23 beskaffenhet
500 358 33 21 att
547 357 27 22 de
588 357 52 22 hvar
654 356 33 22 för
702 357 39 26 sig,
760 356 55 22 efter
829 357 71 21 denna
914 356 43 22 för-

206 392 95 26 ordning,
318 393 37 19 äro
370 391 109 26 kartering
492 391 164 25 underkastade,
672 391 53 21 böra
741 391 26 21 de
778 391 97 21 karteras
884 391 72 21 säsom

205 432 35 15 om
255 425 79 23 enhvar
349 424 22 23 af
385 425 48 22 dem
445 424 68 23 blifvit
528 425 92 22 skrifven
636 425 13 21 å
664 425 104 22 särskildt
783 425 44 22 ark.

557 477 45 28 88.

272 518 11 21 I
305 517 115 22 allmänhet
441 517 72 22 kunna
535 517 27 22 de
581 517 92 26 skrifter,
689 517 34 22 för
737 518 72 21 hvilka
823 517 111 28 kartering
948 517 8 22 i

206 553 69 22 denna
289 552 124 27 förordning
427 551 111 28 päbjudes,
554 552 101 27 antingen
670 552 89 22 skrifvas
776 553 12 21 &
805 554 31 21 ett
844 552 52 22 eller
904 552 53 22 flera

204 587 39 21 ark
265 587 116 27 stämpladt
401 592 87 21 papper,
505 587 51 22 eller
571 586 40 22 ock
625 587 49 21 med
688 587 140 21 kartamärke
843 587 111 27 beläggas,

204 622 77 21 endast
295 621 148 27 karteringens
458 621 158 26 sammanlagda
630 621 65 22 värde
710 623 122 20 motsvarar
849 621 37 22 det
896 622 60 21 stad-

204 656 56 27 gade
275 655 107 28 beloppet.
411 651 31 26 Är
463 655 89 22 skriften
573 655 86 22 försedd
676 656 51 21 med
741 655 26 22 sä
781 655 42 28 hög
837 656 69 28 karta,
922 657 34 20 att

204 691 69 21 denna
291 690 69 21 tillika
381 696 74 16 svarar
469 691 58 21 emot
544 691 76 20 kartan
635 689 33 22 till
682 690 120 27 bilagorna,
820 689 92 23 behöfva
928 691 26 21 de

204 725 133 22 sistnämnda
351 725 48 21 icke
413 725 123 27 ytterligare
550 725 104 21 karteras.

559 776 10 29 $
583 778 19 20 9.

270 817 147 27 Embetsverk,
441 823 45 16 som
507 817 34 22 till
558 817 128 26 fullmakter,
705 817 194 27 konstitutorialer,
921 817 31 22 af-

204 853 74 22 skeds-
285 852 40 22 och
333 851 150 29 pensionsbref
488 852 49 22 med
544 851 51 22 flera
604 852 144 27 expeditioner
755 852 109 28 begagnar
868 852 84 28 tryckta

203 887 122 23 blanketter
339 886 23 22 af
374 886 131 27 ostämpladt
517 892 88 22 papper,
622 886 80 27 äligger
717 886 57 22 tillse
790 888 32 20 att
836 887 72 27 hvarje
917 887 34 22 sä-

202 921 42 21 dan
259 921 126 27 expedition,
400 921 63 21 innan
479 921 41 21 den
535 920 32 22 till
581 920 160 22 vederbörande
757 920 99 28 utgifves,
874 921 13 22 å
897 921 53 22 Kar-

201 956 217 27 tasigillatakontoret
432 955 107 27 undergär
556 954 89 28 behörig
660 955 115 27 stämpling
792 956 32 21 till
838 955 115 23 faststäldt

201 991 84 27 belopp.

544 1023 11 29 8
572 1024 32 22 10.

267 1064 260 28 Kartasigillatakontoret
548 1064 128 22 tillkommer
691 1066 39 26 att,
746 1065 49 21 med
810 1065 139 28 iakttagande

201 1100 21 22 af
235 1100 56 22 hvad
306 1100 49 21 dess
370 1099 131 27 reglemente
516 1098 40 23 och
570 1098 177 28 författningarna
763 1100 7 20 i
785 1099 65 28 öfrigt
864 1101 84 27 stadga,

200 1135 18 27 ej
239 1134 90 22 allenast
346 1134 116 22 verkställa
481 1134 41 21 den
540 1134 115 27 stämpling
674 1134 23 22 af
713 1134 129 27 fullmakter,
864 1135 83 21 konsti-

199 1169 117 25 tutorialer,
333 1168 96 22 afskeds-
445 1168 39 22 och
498 1168 150 27 pensionsbref
660 1169 49 21 med
723 1168 52 23 flera
791 1170 154 27 expeditioner,

199 1210 46 15 som
266 1202 167 26 embetsverken,
453 1203 49 21 med
519 1202 50 22 stöd
586 1202 23 21 af
624 1202 117 22 tillätelsen
759 1203 8 21 i
785 1203 23 28 $$
829 1205 11 20 9
856 1204 40 21 och
912 1206 33 25 38,

199 1237 97 25 ästunda,
319 1238 39 19 när
380 1237 55 20 slika
452 1236 144 27 expeditioner
611 1238 66 25 jemte
696 1236 51 22 fulla
769 1238 179 27 stämpelafgifter

198 1271 33 21 till
252 1271 101 21 kontoret
373 1270 100 21 insändas
497 1270 51 21 eller
571 1270 71 21 säsom
660 1270 234 27 kartasigillataremiss
913 1272 32 21 till

197 1303 173 24 Landtränteriet
387 1304 84 21 komma
490 1305 33 20 att
540 1303 124 27 behandlas,
684 1306 53 19 utan
752 1305 48 26 ock,
818 1305 27 21 dä
860 1306 84 21 enskild

197 1345 78 22 person
292 1339 67 26 begär
377 1338 115 28 stämpling
511 1337 22 22 af
549 1337 127 28 afhandling,
692 1338 131 27 förbindelse
840 1340 51 21 eller
906 1347 37 15 an-

197 1380 42 15 nan
261 1373 68 27 skrift,
352 1373 48 22 med
420 1373 105 22 Senatens
541 1372 210 28 Finansexpeditions
771 1374 97 28 vetskap,
888 1375 54 22 lika-

197 1409 59 21 ledes
275 1408 58 22 förse
351 1407 70 28 dylika
441 1407 86 22 skrifter
545 1407 49 22 med
611 1407 67 22 sådan
693 1409 101 27 stämpel,
811 1415 47 16 som
872 1409 23 22 af
906 1417 38 15 ve-

198 1443 131 22 derbörande
348 1443 63 21 äskas
431 1442 40 22 och
489 1442 89 22 betalas.
607 1443 31 21 På
657 1443 98 22 anmälan
773 1444 40 22 hos
828 1444 114 23 Finansex-

263 1479 205 24 Bevillningsutskottets
482 1479 115 19 betänkande
611 1479 35 19 N:o
663 1478 18 21 1.
