1031 1686
385 142 53 24 N:o
453 141 44 26 89.

132 245 34 20 3:o
181 244 33 21 för
233 244 44 21 alla
296 244 70 27 öfriga
380 250 109 20 personer,
505 244 24 21 af
541 244 58 21 hvad
613 250 65 15 namn
693 244 27 21 de

172 284 52 14 vara
246 278 40 26 må,
311 279 56 19 samt
381 278 70 20 ehvad
474 278 118 26 pensionen
616 278 63 26 utgår
694 284 26 15 ur

171 311 101 26 kronans,
295 311 71 27 någon
389 312 60 20 stads
470 312 53 21 eller
545 317 71 15 annan
639 311 80 21 allmän

171 345 71 27 kassa,
260 347 39 20 när
321 346 117 26 pensionen
459 346 52 22 eller
532 345 141 22 understödet
688 345 31 21 öf-

172 380 108 26 verstiger
301 380 42 21 200
367 379 60 21 mark
445 380 34 20 för
496 380 53 26 året,
566 379 12 20 4
593 381 90 25 procent
697 379 24 21 af

172 413 50 21 dess
237 414 84 26 belopp.

104 452 164 28 Privilegiibref
281 453 40 21 och
335 452 239 26 tillståndsresolution,
590 458 45 15 som
651 452 22 22 af
683 453 36 21 Se-

132 488 65 19 naten
212 487 53 21 eller
280 486 162 22 vederbörande
457 487 126 26 myndighet
597 486 107 21 utfärdas:

132 520 33 21 1:0
189 520 34 21 till
243 520 134 27 anläggande
398 520 23 22 af
437 521 62 26 berg-
516 520 40 22 och
570 520 149 21 manufaktur-

172 554 59 25 verk,
254 554 72 21 fabrik
345 554 52 21 eller
416 560 71 15 annan
509 554 66 21 sädan
591 554 126 26 inrättning,

172 587 53 22 bok-
247 588 53 21 eller
316 588 149 27 stentryckeri,
482 587 129 27 bokhandel,
626 588 92 21 böckers

172 621 40 22 och
233 622 122 26 tidningars
379 622 134 27 utgifvande,
537 622 49 21 med
608 623 110 26 undantag

171 656 23 21 af
208 656 54 25 dem,
278 661 47 16 som
339 655 40 22 här
389 655 118 22 nedanföre
516 657 129 25 omnämnas,
655 656 63 21 skrif-

172 696 44 19 ves,
235 689 56 22 efter
306 690 215 26 omständigheterna
537 690 39 21 och
592 690 126 27 anläggnin-

172 730 52 20 gens
247 723 53 21 eller
319 724 116 27 näringens
456 723 154 26 beskaffenhet,
626 724 13 20 ä
654 725 64 19 stäm-

170 758 118 26 pelpapper
295 757 56 22 ifrån
362 759 24 20 30
396 753 48 40 mark
460 757 34 21 till
503 757 39 22 och
559 753 41 40 med
609 753 34 40 200
649 757 68 32 mark,

170 791 40 21 allt
226 791 101 22 eftersom
343 792 36 21 vid
393 791 75 26 hvarje
483 791 86 22 tillfälle
585 791 92 26 pröfvas.

130 832 33 20 2:0
179 831 34 21 till
229 831 126 21 inrättande
371 831 23 21 af
407 831 94 27 apothek
516 832 7 20 i
539 831 48 21 stad
607 847 4 4 .

170 866 56 20 samt
241 864 28 27 pä
284 865 149 27 landsbygden
501 880 4 4 5
607 880 4 4 E

130 900 34 20 3:o
179 898 34 22 till
228 898 95 22 idkande
338 899 23 21 af
375 880 209 45 kontingenthandel
608 914 4 4 N

102 938 191 29 Provisorsbref
276 934 20 37 .

103 974 89 46 Ritning
207 979 34 21 till
256 985 36 21 ny-
309 978 53 22 eller
376 950 136 59 tillbyggnad,
530 954 9 50 «
535 984 45 15 som
571 953 4 5 a
596 953 23 45 af
625 951 92 53 enskild,

170 1012 8 21 i
198 1012 102 22 afseende
315 1012 13 21 å
343 1012 148 27 fastställelse,
507 1012 34 21 till
556 1012 161 21 vederbörande

171 1046 121 22 auktoritet
307 1046 102 26 ingifves:

171 1080 34 22 till
229 1080 135 27 boningshus
387 1079 22 21 af
428 1082 47 19 sten
496 1080 22 21 af
531 1079 53 21 flera
599 1081 26 19 än
641 1085 26 15 en
682 1079 36 21 vå-

170 1114 52 26 ning
256 1129 4 4 .
291 1129 3 5 .

171 1148 35 21 till
221 1148 68 21 andra
304 1129 41 39 hus
361 1129 39 39 och
415 1118 132 61 byggnader,
563 1128 109 40 äfvensom
676 1128 41 39 tin

170 1181 127 27 förändring
313 1180 24 22 af
350 1181 142 26 inredningen
507 1181 7 21 i
531 1180 58 22 såväl
605 1182 57 20 sten-
672 1187 45 14 som

170 1213 82 34 trähus.
395 1231 40 4 sa
465 1231 4 4 i

102 1250 96 28 Sjöpass,
214 1257 23 14 se
252 1255 56 22 pass.

103 1289 122 28 Skattebref
238 1289 12 21 &
265 1283 93 27 rusthäll

158 1339 12 10 ”
238 1323 13 20 å
266 1323 100 20 hemman

103 1361 119 29 Skiljobref
242 1362 7 20 i
264 1361 97 27 fästning
376 1361 54 21 eller
444 1332 132 86 äktenskaps

170 1396 34 21 för
219 1395 154 27 ständsperson
397 1411 4 5 .

171 1430 33 21 för
220 1429 70 27 öfriga
304 1406 185 54 samhällsklasser
500 1410 6 38 .

106 1464 189 28 Tillständsbiljett,
311 1470 24 16 se
349 1470 56 21 pass.

779 145 25 20 21

764 835 59 20 60/—

764 902 59 21 80/—

760 1228 13 3 —
787 1214 38 19 150
