1034 1695
212 133 26 20 22
513 129 39 24 N:o
567 129 41 24 43.

181 195 100 22 Friherre
294 195 64 22 Boris
375 201 43 16 von
431 195 154 22 Freedericksz
603 195 132 22 statsverket
752 195 33 21 till
803 195 84 22 inlösen
904 194 34 23 för

183 229 38 22 det
234 230 45 27 pris
294 230 94 27 hvarom,
405 229 55 22 efter
474 229 95 22 skeende
583 229 121 27 värdering,
719 229 79 22 mellan
807 229 80 22 honom
897 228 41 23 och

182 265 134 22 statsverket
339 267 99 19 närmare
461 264 74 22 kunde
558 263 201 23 öfverenskommas.
792 264 11 22 I
823 263 116 28 anledning

181 299 65 21 häraf
267 298 162 23 tillförordnade
453 298 122 29 Kejserliga
600 298 94 22 Senaten
721 305 28 15 en
776 297 23 23 af
820 298 47 28 fyra
891 297 50 22 utaf

183 333 140 22 Guvernören
338 333 8 22 i
360 333 59 22 länet
433 332 124 28 föreslagna
566 339 105 22 personer
684 332 120 23 bestäende
818 332 119 28 taxerings-

182 367 146 28 kommission,
345 373 52 21 som,
414 366 54 23 efter
477 367 124 23 inhemtade
616 369 98 20 närmare
729 367 153 28 upplysningar
897 367 42 22 och

181 402 51 22 med
246 402 88 27 ledning
348 401 24 22 af
383 402 153 22 instrumentet
551 401 58 23 öfver
625 409 27 14 en
665 402 71 21 tillika
751 401 108 22 anbefalld
873 401 64 22 forst-

181 436 69 28 närlig
272 436 160 28 undersökning
457 436 23 22 af
503 437 108 27 skogarna
632 437 68 21 under
721 436 88 27 godsen,
833 435 54 28 egde
909 436 29 27 pä

182 471 74 22 stället
271 471 93 21 anställa
378 477 27 15 en
420 472 162 26 samvetsgrann
599 471 156 27 uppskattning
773 470 23 22 af
812 470 28 22 de
857 470 34 22 till
905 470 32 22 in-

180 505 61 22 lösen
256 505 132 27 hembjudna
400 505 166 27 lägenheternas
580 505 67 21 värde
662 505 41 21 och
720 505 123 22 sedermera
857 504 81 23 föreslä

181 540 37 21 det
232 540 52 26 pris,
299 546 53 20 som,
368 540 50 21 med
432 539 103 23 afseende
549 540 14 21 &
573 540 119 21 desammas
707 539 52 22 häfd
773 539 41 23 och
829 540 108 27 äbyggna-

183 574 77 21 dernas
275 574 150 22 beskaffenhet
440 576 57 20 samt
511 574 144 22 landboarnes
673 573 96 28 förmåga
788 575 32 21 att
838 574 99 22 löseskil-

182 608 72 26 lingen
266 608 68 28 jemte
349 608 258 22 storskiftskostnaderna
621 608 34 22 till
669 608 83 22 kronan
763 608 174 28 amorteringsvis

182 642 119 28 återgälda,
328 642 72 22 kunde
419 642 24 22 af
460 642 132 23 statsverket
610 642 33 22 för
663 642 141 23 omförmälda
823 642 54 27 gods
901 648 34 16 er-

181 676 84 28 bjudas.

246 717 74 27 Enligt
334 717 179 22 kommissionens
529 717 124 23 sedermera
667 717 80 28 afgifna
761 717 82 27 förslag
857 717 78 27 ansägs

180 751 74 22 kunna
268 752 96 21 betalas:

208 792 33 22 för
255 792 236 28 landbolägenheterna
505 793 8 21 i
527 792 113 29 Pyhäjärvi
654 792 65 28 högst
749 794 111 26 1,115,042
875 792 62 22 mark

208 826 33 23 för
255 827 234 27 landbolägenheterna
503 828 8 20 i
526 827 117 27 Walkjärvi
675 844 2 4 .
709 845 5 4 .
766 829 91 25 729,581
899 844 10 10 ,

208 860 34 23 för
266 861 90 22 Taubila
378 861 51 22 med
450 862 120 26 Wernitza,
596 861 125 28 Kiimajärvi

179 895 51 22 med
239 895 136 27 Noidermaa,
384 896 111 27 Konnitsa,
507 896 132 27 Sortanlaks,
648 896 72 21 Weik-

179 929 51 22 kola
255 931 40 20 och
320 931 159 21 Walkiamatka
500 930 97 28 hofläger
621 931 50 21 med
694 937 27 15 en

180 964 93 27 egovidd
288 964 23 21 af
323 965 75 21 inalles
416 966 75 25 14,566
511 965 105 22 tunnland
630 965 89 21 tillsam-

179 1004 61 15 MANS
280 1015 4 4 L
388 1016 4 4 le
458 1016 5 4 so
496 997 20 33 oo
565 1016 5 5 oo
604 997 19 33 oo
638 1017 5 3 so
674 1017 4 4 ev
767 1001 91 25 242,898
875 997 12 33 —
900 1016 9 10 ,

208 1035 56 19 samt
284 1032 34 23 för
333 1033 174 28 öfverflödsskog,
531 1039 45 16 som
595 1034 72 21 kunde
686 1034 33 21 till

178 1066 124 28 kronopark
316 1068 98 27 utbrytäs
459 1085 4 4 .
496 1086 4 4 .
531 1084 4 5 <
674 1085 41 6 0
767 1069 92 26 593,864

628 1114 87 22 Summa
745 1116 113 26 2,681,385
874 1115 61 21 mark

246 1160 127 22 Emellertid
388 1160 56 22 afled
460 1160 222 28 Generaladjutanten
696 1161 73 21 Baron
783 1161 152 22 Freedericksz

178 1195 65 21 innan
253 1198 99 18 närmare
367 1194 51 22 aftal
433 1196 77 20 hunnit
525 1195 73 22 träffas
613 1195 41 22 och
670 1196 41 21 den
727 1196 122 21 sedermera
864 1195 71 22 blefne

180 1236 80 19 egaren
280 1229 24 21 af
319 1230 82 26 godsen
421 1230 201 26 Flygeladjutanten
641 1230 98 20 Friherre
761 1230 111 20 Wladimir
893 1236 43 14 von

178 1263 152 21 Freedericksz
352 1262 122 22 förklarade
497 1263 33 26 sig
552 1264 36 19 väl
608 1263 51 26 vilja
681 1264 32 19 till
733 1264 131 20 statsverket
879 1262 57 22 afstä

178 1297 116 26 desamma,
310 1303 49 15 men
375 1297 76 21 endast
466 1297 68 22 under
549 1297 69 21 vilkor
633 1298 32 20 att
678 1297 91 22 Taubila
783 1296 96 28 hofläger
893 1297 42 22 och

178 1330 108 23 särskilda
304 1331 68 21 andra
390 1331 126 27 lägenheter
535 1331 50 22 med
605 1337 26 16 en
651 1331 92 27 egovidd
758 1331 23 22 af
793 1331 141 22 tillsammans

178 1365 99 28 omkring
292 1367 62 25 7,000
370 1365 105 22 tunnland
490 1366 70 21 skulle
575 1365 47 22 frän
636 1366 67 26 köpet
722 1366 136 27 undantagas
878 1368 57 20 samt

177 1400 34 23 för
226 1401 125 22 äterstoden
366 1401 98 27 erläggas
481 1402 31 20 ett
526 1401 44 27 pris
586 1400 23 22 af
623 1402 90 25 760,000
729 1401 68 22 rubel.

244 1441 76 22 Ehuru
334 1441 121 28 Kejserliga
470 1441 95 23 Senaten
579 1441 52 22 fann
645 1442 66 21 redan
728 1442 37 22 det
780 1442 23 22 af
815 1443 118 27 taxerings-

177 1476 168 22 kommissionen
359 1476 122 27 föreslagna
495 1476 44 27 pris
555 1482 51 16 vara
621 1483 42 20 nog
677 1477 54 26 högt
745 1477 41 21 och
796 1476 56 29 förty
867 1477 68 27 ansåg
