1031 1692
429 120 47 41 N:o
487 120 42 41 43.
812 126 13 20 9

101 190 107 22 cirkulera
220 190 44 22 och
277 190 125 28 derigenom
416 190 88 27 betinga
518 190 33 27 sig
565 190 73 22 bättre
652 190 59 26 kurs,
730 190 74 22 ställas
822 190 33 21 till

100 223 153 23 innehafvaren
268 224 41 22 och
323 224 19 28 ej
359 224 33 21 till
407 224 43 21 viss
465 230 56 20 man,
534 224 68 27 jemte
621 224 38 21 det
677 224 26 21 de
721 224 67 22 borde
805 224 50 26 löpa

101 257 50 22 med
165 257 65 27 högst
245 259 46 25 5%
301 259 64 21 ränta
379 258 41 21 och
435 257 55 23 efter
504 258 95 22 skeende
608 257 118 27 utlottning
737 259 117 21 amorteras

101 291 34 21 till
149 291 26 22 så
189 293 56 20 stort
259 292 79 26 belopp.
353 291 88 27 årligen,
457 297 47 16 som
517 292 100 26 betingas
633 291 24 22 af
665 292 42 20 den
722 291 98 22 annuitet
834 290 24 22 af

102 324 66 23 minst
183 325 49 27 6%,
254 326 109 21 bönderne
383 325 9 21 i
412 327 64 20 ränta
497 325 40 22 och
556 324 215 28 kapitalafbetalning
786 325 14 21 &
814 324 42 22 den

101 360 47 21 mot
163 359 170 28 obligationerna
347 359 105 22 svarande
468 360 61 22 delen
545 359 23 22 af
579 359 163 28 löseskillingen
757 359 98 27 erlägga;

171 394 44 27 2:0)
231 396 39 25 att,
281 394 33 21 till
323 394 146 27 betryggande
480 394 22 21 af
510 394 143 22 statsverkets
664 394 103 21 säkerhet
781 392 33 22 för
829 392 27 22 de

102 428 127 22 meddelade
243 428 128 27 förskotten,
390 434 77 21 genom
481 434 124 22 noggranna
624 428 12 21 ä
652 430 34 20 ort
701 428 41 22 och
756 427 65 22 ställe
835 426 23 22 af

102 462 102 28 lämplige
222 469 102 21 personer
339 462 107 22 anställda
469 462 184 27 undersökningar
673 462 68 22 borde
762 460 93 29 pröfvas,

103 498 34 20 att
151 496 27 22 de
193 497 114 27 betingade
322 496 184 28 löseskillingarna
521 497 19 27 ej
555 497 37 21 må
601 496 117 28 öfverstiga
733 496 37 22 det
783 496 73 26 värde,

102 530 153 28 lägenheterne
270 532 8 20 i
293 532 42 21 den
344 530 107 23 blifvande
460 530 164 23 innehafvarens
637 532 58 21 hand
707 536 64 16 anses
784 530 74 21 kunna

104 566 117 26 motsvara,
238 567 57 20 samt

174 600 44 26 3:0)
234 601 33 20 att
276 598 120 24 storskifts-
407 600 41 22 och
459 599 318 28 skattläggningskostnaderna
787 598 70 23 skulle

104 633 23 23 af
139 634 84 22 kronan
237 633 138 23 förskottsvis
391 634 107 22 utbetalas
519 635 57 21 samt
594 634 83 22 kronan
696 634 122 22 sedermera
837 632 22 23 af

103 668 277 23 hemmansinnehafvarene
396 669 97 27 uppbära
506 668 38 22 full
560 668 120 28 ersättning
693 668 34 22 för
742 668 115 22 desamma.

104 703 85 23 Derhos
205 703 80 21 utbädo
304 702 34 28 sig
356 703 122 22 Ständerna
496 704 34 20 att
544 703 58 22 Hans
617 703 121 27 Kejserliga
756 702 103 28 Majestät

104 738 87 22 täcktes
205 737 8 21 i
227 737 68 22 nåder
313 736 103 24 förordna
430 738 32 20 till
472 738 129 27 vidtagande
616 737 24 21 af
653 737 42 21 alla
710 737 27 21 de
751 736 107 28 åtgärder,

106 778 47 16 som
167 772 24 21 af
204 772 65 21 dessa
282 772 73 22 beslut
369 772 73 21 kunde
456 771 126 27 föranledas,
599 772 41 21 och
649 772 8 20 i
667 771 65 27 öfrigt
746 770 33 23 för
794 771 65 22 ända-

105 806 78 22 målets
198 806 105 22 vinnande
318 806 70 22 hlefve
403 806 84 27 nödiga,
505 806 67 27 jemte
582 806 38 22 det
634 806 121 22 Ständerna
769 806 70 21 tillika
853 804 8 21 i

106 840 173 27 underdånighet
303 840 91 27 anhöllo,
421 842 38 25 att,
484 840 7 21 i
515 840 104 22 händelse
645 840 26 21 de
694 839 23 22 af
740 840 121 22 Ständerna

107 875 92 22 sålunda
213 874 8 22 i
237 874 151 27 hufvudsaklig
411 874 223 23 öfverensstämmelse
656 875 49 21 med
726 874 60 22 Hans
808 873 52 27 Kej-

107 909 80 27 serliga
207 909 114 26 Majestäts
343 909 79 27 nådiga
448 908 80 29 förslag
549 909 118 27 tillstyrkta
690 909 101 27 åtgärder
812 907 49 22 icke

108 943 69 23 skulle
195 943 58 22 inom
271 943 107 28 förloppet
397 943 23 22 af
436 943 31 21 tio
487 944 24 21 år
530 943 94 22 derefter
642 943 50 21 leda
710 943 33 22 till
763 944 32 21 ett
813 941 48 22 full-

107 978 98 27 ständigt
219 977 164 27 genomförande
399 977 22 22 af
435 977 234 23 donationsböndernes
684 977 107 26 befrielse,
801 977 60 21 Hans

108 1012 122 28 Kejserliga
243 1013 103 27 Majestät
361 1012 28 22 då
403 1012 49 22 ville
467 1013 32 20 till
518 1012 84 22 landets
622 1011 93 22 Ständer
734 1011 129 22 öfverlemna

108 1053 43 21 nya
173 1045 85 28 förslag,
281 1046 92 22 ledande
395 1047 33 21 till
450 1047 84 27 slutligt
556 1045 165 28 genomförande
746 1045 23 22 af
792 1045 71 22 denna

110 1081 88 22 allmänt
213 1081 156 26 efterlängtade
384 1080 106 23 befrielse.

179 1115 89 21 Jemlikt
282 1115 226 21 Statssekretariatets
522 1114 33 22 för
564 1114 91 22 Finland
665 1113 111 23 skrifvelse
787 1113 22 22 af
822 1113 42 22 den

111 1148 54 27 2/14.
181 1149 58 21 Mars
259 1150 54 20 1868
332 1148 86 22 täcktes
437 1149 60 21 Hans
516 1148 120 28 Kejserliga
654 1148 103 27 Majestät
778 1147 87 27 nådigst

110 1182 74 23 bifalla
198 1183 33 20 till
244 1182 140 22 förenämnda
398 1182 23 22 af
434 1183 120 21 Ständerna
567 1181 123 28 föreslagna
700 1182 114 27 ändringar
825 1181 39 22 och

111 1216 76 28 tillägg
202 1218 55 20 samt
272 1215 157 23 öfverlemnade
444 1217 70 21 tillika
532 1217 22 21 åt
569 1216 106 22 Senatens
689 1215 118 22 Ekonomie
821 1215 44 22 De-

111 1252 122 26 partement
253 1252 33 20 att
304 1249 114 24 framdeles
439 1250 53 22 efter
516 1250 211 27 omständigheterna
746 1249 39 22 hos
805 1249 60 22 Hans

111 1285 122 28 Kejserliga
255 1285 103 27 Majestät
379 1285 80 22 föreslå
485 1285 27 22 de
532 1284 74 23 vidare
628 1284 109 27 åtgärder,
765 1289 46 16 som
833 1283 33 22 till

112 1319 107 22 vinnande
234 1319 23 20 af
270 1319 38 20 det
321 1319 48 21 utaf
377 1319 61 20 Hans
448 1319 121 26 Kejserliga
578 1319 103 26 Majestät
694 1318 41 21 och
746 1317 121 22 Ständerna

112 1353 8 22 i
134 1352 137 22 förestående
285 1352 68 21 måtto
368 1351 99 28 åsyftade
481 1352 43 21 mål
538 1351 70 22 blefve
622 1351 141 27 nödvändiga.

181 1386 11 22 I
211 1385 52 28 följd
281 1385 64 23 häraf
362 1385 39 23 och
422 1386 67 21 sedan
504 1385 138 28 erforderliga
656 1385 71 22 medel
741 1391 77 21 genom
832 1387 35 20 ut-

113 1421 105 22 färdande
233 1420 23 22 af
269 1420 147 28 obligationer,
432 1421 29 26 på
476 1421 26 22 de
517 1421 69 22 vilkor
604 1420 78 27 nådiga
699 1420 170 27 kungörelserna

115 1455 23 23 af
156 1455 41 23 den
217 1457 12 20 6
249 1455 120 23 December
389 1456 53 21 1871
464 1455 40 22 och
524 1457 26 20 31
570 1455 90 23 Januari
680 1455 55 22 1872
755 1456 57 21 samt
827 1455 42 22 den
