1023 1698
232 159 28 22 42

393 159 80 23 Ständ.
489 159 37 23 Sv.
542 172 24 2 —
583 160 71 27 Prop.
669 160 40 21 N:o
723 159 37 22 40.

274 228 129 21 omedelbart
425 227 121 28 inskrifvas
567 228 36 21 vid
622 234 102 17 reserven,
744 228 88 27 gvarstä
852 228 38 21 der
900 227 49 28 fem

273 263 37 25 är;
331 262 38 21 och
385 263 108 20 anställas
513 262 46 20 med
577 263 45 20 dem
638 262 84 27 ärligen
738 262 156 27 öfningsmöten
909 269 38 14 un-

273 297 39 20 der
326 297 26 20 de
367 298 32 19 tre
408 296 75 27 första
499 296 57 21 ären.

341 330 50 21 Har
405 331 71 27 någon
491 330 37 21 vid
542 330 58 21 aktiv
614 333 65 24 trupp
694 331 122 27 tjenstajort
832 331 74 26 längre
918 329 31 21 tid

273 367 30 19 än
318 367 32 18 tre
365 365 32 26 är,
412 365 58 21 skall
488 364 137 28 öfverskottet
644 364 75 21 honom
734 365 172 27 tillgodoräknas
917 364 32 27 pä

274 399 132 28 tjenstetiden
422 399 35 21 vid
471 405 103 15 reserven.
604 398 46 21 Der
666 399 46 21 åter
722 399 144 28 förkortning
880 398 24 27 af
910 399 38 20 nä-

272 440 54 21 gons
340 434 110 26 tjenstetid
464 433 36 21 vid
515 433 58 22 aktiv
583 436 65 25 trupp
659 436 34 24 egt
701 440 55 19 rum,
766 433 57 22 skall
833 433 43 21 han
887 439 62 22 gvar-

273 469 34 20 stä
322 468 8 20 i
344 474 97 15 reserven
455 468 25 21 sä
494 468 81 28 mycket
593 468 75 27 längre
689 468 38 21 tid.
757 468 59 26 Alla,
836 474 43 15 som
894 467 55 27 efter

273 502 58 21 aktiv
347 503 141 27 tjenstgöring
503 503 87 27 öfvergä
606 502 34 21 till
655 509 102 19 reserven,
771 502 80 21 räknas
863 502 35 21 till
908 501 41 22 den

273 537 102 26 ärsklass,
387 537 26 20 de
425 536 54 27 efter
491 537 34 21 sin
538 537 109 28 tjenstetid
658 537 36 20 vid
705 537 57 20 aktiv
776 539 65 26 trupp
852 536 96 21 tillhöra.

340 570 16 21 I
368 570 93 29 krigstid
477 573 37 18 äro
530 571 25 21 de
570 571 36 20 vid
622 573 118 25 trupperna
751 571 98 21 anstälde
856 571 94 27 pligtige

273 607 33 18 att
321 605 130 27 gvarstadna
467 605 24 20 sä
507 605 62 28 länge
584 604 94 26 behofvet
692 604 94 27 kräfver.

578 650 15 27 $
608 652 35 20 10.

340 685 34 21 De
388 685 9 20 i
411 685 14 27 $
440 685 14 20 9
463 684 139 27 föreskrifna
618 684 106 28 öfningar
738 685 46 20 med
798 691 96 14 reserven
904 683 46 27 för-

273 719 61 28 siggä
349 719 68 21 under
432 719 191 21 sammanräknadt
638 719 63 21 nittio
718 719 76 28 dagar,
810 719 55 28 efter
879 719 71 21 sådan

268 753 130 28 fördelning
413 754 32 27 pä
463 753 25 21 de
506 756 31 18 tre
556 754 60 25 åren,
631 756 56 18 samt
698 754 31 27 pä
745 754 25 20 de
786 753 62 25 tider,
864 760 44 14 som
924 753 29 27 af

274 788 92 21 Senaten
385 787 38 21 och
442 787 231 28 Generalguvernören,
690 788 32 27 pä
735 787 170 28 framställning
924 787 30 28 af

274 822 156 21 vederbörande
445 822 66 28 befäl,
520 822 135 28 fastställas.

340 856 35 22 Pä
391 856 91 22 Senaten
498 856 38 22 och
550 856 224 28 Generalguvernören
785 857 122 21 ankommer
918 859 32 18 att

273 891 169 27 sammandraga
457 894 119 24 trupperna
592 891 35 21 till
636 892 70 20 större
715 898 155 21 gemensamma
882 892 67 27 läger-

272 928 71 19 möten
358 925 38 21 och
411 925 104 28 öfningar
529 926 57 20 inom
600 925 81 21 landet.

340 960 118 28 Angående
471 960 217 28 gardesbataljonens
704 962 162 19 sommarmöten
880 960 70 28 gäller

273 995 52 21 dock
340 994 55 22 hvad
410 995 71 21 derom
497 994 104 22 särskildt
615 994 44 21 kan
673 995 68 21 varda
752 994 113 28 päbjudet.

580 1042 14 27 $
610 1042 33 20 11.

347 1075 160 22 Vederbörande
524 1076 57 28 befäl
596 1078 26 18 är
638 1076 79 21 tillätet
732 1078 32 19 att
779 1075 77 29 bevilja
871 1076 78 20 under-

274 1110 57 28 befäl
349 1110 37 20 och
404 1110 104 27 manskap
524 1110 130 28 permission
674 1110 59 21 ända
749 1110 35 20 till
799 1112 32 19 tre
845 1110 105 20 månader

274 1144 94 28 årligen;
387 1144 52 22 dock
457 1145 35 20 mä
510 1145 69 21 under
594 1144 68 27 tredje
678 1144 122 28 tjensteäret
815 1145 75 25 längre
906 1145 43 20 tids

270 1179 151 27 permittering
439 1186 39 21 ega
497 1186 55 19 rum,
568 1178 47 22 med
632 1178 140 28 iakttagande
790 1178 68 25 deraf
868 1180 33 19 att
916 1179 34 20 sä-

274 1213 44 20 dan
333 1213 22 27 ej
368 1213 116 28 medgifves
499 1214 69 20 under
584 1213 59 21 tiden
653 1213 42 27 för
710 1213 130 27 lägermötet.

580 1263 15 27 $
609 1264 35 20 22.

344 1297 145 28 Tjenstetiden
502 1297 42 27 för
562 1297 47 24 den,
624 1297 84 21 hvilken
723 1297 104 21 anställes
842 1297 36 20 vid
892 1297 58 22 aktiv

275 1334 65 25 trupp
351 1332 31 27 pä
396 1331 73 28 grund
483 1331 31 28 af
525 1331 99 28 lottning,
640 1331 114 21 beräknas:

342 1367 24 27 a)
375 1365 41 28 för
431 1366 48 27 den,
494 1373 44 14 som
552 1366 86 21 inträdt
652 1366 8 21 i
670 1365 63 29 följd
749 1366 30 27 af
790 1366 35 21 det
838 1367 111 21 allmänna

274 1400 114 29 uppbädet,
403 1401 58 27 frän
479 1400 38 22 och
531 1400 48 21 med
592 1400 41 21 den
648 1402 13 19 1
676 1399 116 22 November
806 1401 34 21 det
855 1401 27 20 är
896 1408 53 21 upp-

275 1435 62 22 bädet
350 1435 61 26 skett,

342 1470 32 28 0)
379 1469 38 26 för
432 1469 47 27 den,
495 1469 85 22 hvilken
598 1470 85 20 inträdt
703 1470 69 20 under
787 1476 74 14 annan
876 1470 32 20 tid
923 1470 30 26 af

274 1505 52 25 året,
342 1504 45 22 med
401 1504 10 21 i
420 1504 104 30 följande
538 1511 60 16 mom,
614 1503 95 22 nämnda
719 1504 119 27 undantag,
844 1504 58 26 från
913 1503 37 21 och
