1039 1695
215 178 14 21 4
491 176 54 22 N:o
562 172 58 26 40.

185 245 67 27 jemte
274 244 34 22 för
330 244 156 27 värnepligtige
508 244 7 21 i
533 244 92 21 Finland
643 243 124 26 föreslagits
786 249 26 15 en
826 242 113 22 förkortad

188 274 144 26 tjenstgöring
348 273 22 21 af
384 273 56 21 elfva
456 272 29 27 år,
505 273 53 21 eller
573 275 34 19 tre
622 273 24 21 år
660 273 7 20 i
684 272 59 21 aktiv
758 272 66 26 tjenst
839 272 40 20 och
894 271 46 21 åtta

188 302 25 22 år
230 302 37 21 vid
286 308 107 15 reserven.
423 302 116 20 Dessutom
559 302 39 20 har
615 301 35 21 för
668 302 54 25 dem,
738 306 46 15 som
799 300 89 27 åtnjutit
902 306 39 14 un-

189 331 123 26 dervisning
334 330 37 22 vid
392 330 85 21 landets
498 330 159 26 läroanstalter,
677 329 169 27 tjenstgöringen
863 328 36 22 vid
915 329 26 21 de

190 360 72 21 aktiva
277 361 119 25 trupperna
411 360 82 20 ansetts
508 359 78 26 kunna,
597 359 7 20 i
615 358 134 21 förhållande
759 358 34 21 till
803 358 41 20 den
855 363 86 21 genom-

188 388 84 27 gångna
294 388 134 26 lärokursen,
450 388 125 26 ytterligare
597 387 108 21 förkortas
724 386 49 22 med
790 388 32 20 ett
837 386 56 21 ända
908 386 33 21 till

189 417 36 21 två
248 417 39 20 och
310 418 31 19 ett
362 416 54 21 halft
435 416 29 26 år,
483 416 28 27 på
527 418 44 19 sätt
585 416 8 21 i
607 416 116 27 förslagets
739 416 42 20 5:te
796 415 81 27 kapitel
892 416 50 20 när-

188 451 59 16 mare
269 445 146 22 föreskrifves.
447 444 137 22 Sistnämnda
606 445 38 20 och
665 445 91 26 öfriga
750 439 13 37 i
776 443 165 22 öfverensstäm-

189 475 66 20 melse
270 474 48 21 med
334 474 175 26 Kejsaredömets
524 474 39 21 och
575 473 67 22 andra
651 473 87 21 länders
748 473 194 26 värnepligtslagar

188 503 124 26 föreslagna
334 503 108 20 lättnader
465 503 32 20 till
520 502 83 21 förmån
623 502 33 21 för
674 502 100 26 kunskap
790 502 39 20 och
844 501 98 26 bildning

188 531 64 22 hafva
273 533 60 25 synts
353 531 53 21 böra
423 531 156 26 ifrågakomma
599 531 70 21 såsom
689 533 144 24 uppmuntran
850 530 33 21 till
899 529 43 22 för-

191 560 115 21 värfvande
329 561 23 20 af
372 560 67 27 högre
461 560 96 27 bildning
581 559 38 22 och
638 560 89 21 emedan
743 566 25 15 en
784 560 74 26 längre
874 559 70 26 krigs-

189 589 67 27 tjenst
271 589 70 20 skulle
356 588 34 21 för
406 589 46 26 den,
469 595 45 15 som
531 591 64 24 egnat
605 589 34 26 sig
649 588 22 21 åt
681 589 144 26 vetenskapen
836 588 53 21 eller
900 590 43 19 sta-

190 620 47 19 tens
252 618 67 27 tjenst
333 618 29 26 på
377 617 68 21 andra
459 617 67 22 banor
542 619 26 20 än
584 617 41 21 den
641 617 100 26 militära,
757 617 97 21 medföra
869 619 31 18 ett
910 617 33 21 för

190 647 59 21 såväl
264 647 78 20 honom
359 653 45 14 som
420 646 113 21 samhället
545 646 157 27 jemförelsevis
718 646 73 21 alltför
807 646 95 26 skadligt
912 646 31 21 af-

190 676 59 21 brott
264 675 7 21 i
286 675 54 21 hans
357 675 109 26 egentliga
479 675 143 22 verksamhet.
654 674 79 22 Härtill
749 675 95 22 kommer
860 676 32 19 att
902 675 41 20 den

192 704 94 21 militära
302 704 99 27 öfningen
418 704 39 21 och
472 704 93 27 insigten
581 704 99 26 vanligen
699 704 42 21 kan
756 704 29 27 på
800 710 26 15 en
841 705 7 20 i
864 703 79 22 förhål-

192 733 63 21 lande
272 733 88 21 kortare
375 733 32 20 tid
422 732 111 27 bibringas
549 733 46 26 den,
613 738 45 16 som
673 733 90 21 innehar
778 739 26 15 en
814 733 66 27 högre
892 732 53 22 bild-

192 762 123 26 ningsgrad.

264 790 84 22 Befälet
364 790 58 22 öfver
438 790 26 21 de
479 790 70 26 finska
563 792 124 25 trupperna,
702 790 70 21 såsom
783 790 121 27 utgörande
914 792 32 20 ett

192 818 66 22 finskt
273 820 147 25 statsembete,
436 820 24 19 är
475 819 87 27 tillagdt
577 818 84 22 landets
672 820 200 26 generalguvernör.
894 819 50 21 Men

192 848 23 21 af
228 848 175 27 Kejsaredömets
423 848 39 20 och
480 847 102 21 Finlands
601 848 131 26 ömsesidiga
746 848 104 26 politiska
865 848 80 21 förhål-

192 876 78 21 landen
293 877 39 20 och
356 882 157 21 gemensamma
531 875 131 22 förbindelse
677 876 33 21 till
727 877 67 20 rikets
809 877 84 20 försvar
908 877 36 20 be-

192 905 71 27 tingas
284 905 117 21 emellertid
421 911 26 14 en
467 904 93 22 likartad
578 905 115 21 militärisk
709 905 121 27 utbildning
846 905 39 22 och
902 906 42 20 viss

195 933 223 22 öfverensstämmelse
444 933 6 21 i
473 933 210 22 försvarsväsendets
706 934 183 25 administration,
912 935 33 20 för

192 962 82 21 hvilket
296 962 99 21 ändamål
418 961 119 22 Monarken
559 962 47 21 icke
628 962 42 21 kan
693 963 48 20 med
764 963 68 21 fördel
848 963 98 21 använda

194 991 70 21 skilda
280 997 102 21 organers
397 990 135 22 medverkan.
562 991 11 22 1
583 991 115 26 anledning
709 991 63 21 häraf
780 991 45 26 har,
835 991 55 22 efter
896 992 50 21 Fin-

194 1020 61 21 lands
271 1020 98 26 förening
384 1020 49 21 med
448 1019 113 27 Ryssland,
577 1020 172 27 krigsministern
765 1021 7 20 i
782 1019 164 28 Kejsaredömet

193 1049 47 21 haft
258 1049 33 26 sig
310 1049 120 26 uppdraget
449 1049 186 26 handläggningen
651 1049 23 20 af
691 1049 113 26 särskilda,
822 1049 40 21 den
877 1049 70 21 finska

193 1078 108 21 militären
316 1077 92 21 rörande
424 1077 40 21 och
479 1077 70 21 såsom
561 1077 172 21 kommandomål
743 1077 131 22 betecknade
885 1080 61 19 ären-

194 1106 47 21 den.
271 1106 31 21 På
318 1106 36 21 det
369 1107 32 19 att
416 1105 60 21 detta
491 1105 134 22 förhållande
640 1106 35 21 må
687 1112 75 19 genom
774 1106 116 27 uttrycklig
901 1107 45 26 lag-

192 1135 139 26 bestämning
346 1136 98 19 närmare
460 1134 84 26 ordnas,
561 1136 24 19 är
600 1135 32 20 uti
648 1134 11 27 $
677 1135 38 20 127
732 1134 23 21 af
769 1135 104 26 förslaget
888 1135 60 20 stad-

194 1163 58 26 gadt,
269 1165 33 18 att
316 1162 174 27 krigsministern
505 1163 7 20 i
523 1163 164 26 Kejsaredömet
698 1163 129 21 tillkommer
838 1165 32 19 att
880 1163 68 21 hand-

195 1191 63 26 lägga
281 1191 39 21 och
343 1191 38 20 hos
405 1190 59 21 Hans
484 1190 122 28 Kejserliga
620 1191 105 27 Majestät
739 1191 113 27 föredraga
868 1192 80 21 sådana

195 1219 40 21 den
250 1219 70 21 finska
334 1219 108 21 militären
458 1220 91 21 rörande
566 1220 186 26 angelägenheter,
773 1226 45 15 som
833 1220 47 21 icke
896 1220 51 21 hän-

194 1247 48 20 föra
257 1248 33 25 sig
305 1248 33 20 till
354 1247 162 25 lagstiftningen
531 1247 40 21 och
579 1248 41 20 den
631 1247 140 21 ekonomiska
780 1247 166 27 förvaltningen,

194 1275 52 21 eller
262 1281 34 15 om
312 1274 83 21 hvilkas
411 1274 130 27 behandling
556 1275 84 21 landets
651 1274 153 28 författningar
814 1276 47 20 icke
870 1282 78 14 annor-

194 1303 66 21 lunda
275 1302 134 22 föreskrifva.

266 1332 32 21 De
314 1332 133 27 synpunkter
463 1332 38 21 och
517 1332 96 26 motiver,
630 1338 45 16 som
690 1333 35 21 för
740 1332 66 28 öfrigt
820 1333 36 21 vid
872 1333 76 22 försla-

194 1362 48 27 gets
264 1361 143 21 utarbetande
430 1361 57 27 gjort
510 1361 32 26 sig
561 1362 106 25 gällande,
688 1362 83 27 framgå
787 1364 51 19 utan
854 1362 94 21 särskild

196 1390 117 27 antydning
329 1396 25 14 ur
370 1389 118 27 detaljerna
503 1390 7 21 i
526 1389 111 28 förslaget,
654 1391 81 20 hvilket
750 1390 60 22 Hans
825 1391 123 27 Kejserliga

196 1419 103 26 Majestät
314 1419 87 20 bärmed
417 1419 57 21 velat
489 1419 32 20 till
537 1418 198 22 Landtständernas
748 1421 120 26 antagande
879 1420 69 21 öfver-

197 1448 75 26 lemna,
289 1447 126 27 sålydande:
