1042 1700
119 854 11 27 s
147 854 31 21 12.

234 166 27 20 56
436 164 26 20 U.
474 165 28 17 B.
516 174 20 3 —
550 164 78 23 Prop.
641 164 43 18 N:o
697 165 37 16 44.

205 233 127 27 vilkorligen
345 232 54 22 skall
413 233 48 20 med
476 232 66 28 vigsel
557 232 98 26 afslutas,
669 232 68 21 mäste
751 238 62 15 anses
828 231 109 27 innebära,

206 269 24 20 sä
244 267 85 29 mycket
344 267 83 21 mindre
442 267 124 27 erforderlig
585 273 45 14 som
653 266 35 22 det
712 267 62 20 civila
799 266 140 27 äktenskapet

206 301 118 29 ingalunda
339 301 105 22 utesluter
459 301 35 22 det
509 301 103 28 kyrkliga.
649 301 45 21 Och
713 301 27 21 dä
755 301 162 27 bestämningen
933 301 6 20 i

207 336 40 21 den
262 335 78 28 nädiga
354 335 164 28 Propositionen
535 338 32 19 att
582 335 43 22 alla
638 335 107 22 blandade
764 335 118 28 äktenskap
905 336 34 20 mä

206 370 90 21 afslutas
312 370 101 27 antingen
428 369 125 22 förmedelst
567 370 67 27 vigsel
655 370 23 21 af
699 369 159 22 vederbörande
881 372 59 25 prest

209 404 51 22 eller
275 404 57 21 inför
347 404 107 28 borgerlig
468 404 125 29 myndighet
605 404 58 21 afser
677 406 31 19 att
723 404 96 27 aflägsna
829 404 26 21 de
867 405 73 27 mäng-

207 439 89 28 falldiga
310 439 162 27 förvecklingar,
482 446 46 14 som
543 439 35 20 vid
594 439 104 26 ingäende
711 439 23 20 af
741 439 72 27 dylika
822 439 117 27 äktenskap

207 474 85 27 uppstä,
302 473 40 21 och
356 473 71 21 hvilka
442 473 157 28 förvecklingar
613 472 126 21 annorledes
752 473 45 20 icke
807 473 72 21 kunna
886 473 54 21 und-

208 508 66 26 vikas,
289 507 83 28 nödgas
384 508 38 27 jag
437 507 61 21 äfven
513 507 133 21 beträffande
662 507 148 26 stadgandena
824 507 7 20 i
845 507 69 22 denna
929 508 11 27 8

208 541 57 29 gifva
280 541 108 22 företräde
403 542 23 20 ät
440 541 171 27 Propositionen.
644 540 41 22 Det
700 541 109 22 förefaller
823 549 43 20 mig
883 542 57 21 dess-

208 579 60 19 utom
284 584 47 14 som
346 576 67 21 borde
429 575 35 21 det
479 582 72 20 evang.
570 575 108 21 luthertka
693 575 148 28 pesterskapet
856 576 83 21 försko-

208 618 38 15 nas
261 611 48 21 från
324 610 147 28 skyldigheten
486 612 32 19 att
533 609 90 22 medelst
639 610 65 27 vigsel
720 610 80 21 afsluta
818 612 30 20 ett
867 611 73 21 äkten-

208 646 53 27 skap
277 645 91 21 emellan
382 651 26 14 en
423 643 91 22 medlem
530 643 23 22 af
567 644 31 21 sin
611 644 67 27 kyrka
693 645 40 20 och
749 651 26 14 en
793 651 84 21 person,
897 644 43 21 till-

207 680 96 22 hörande
317 679 81 22 hvilket
418 681 66 19 annat
502 678 153 26 trossamfund,
677 686 46 14 som
743 679 62 26 helst,
828 679 56 22 blott
905 679 36 22 det

208 715 68 22 kallar
291 715 32 27 sig
338 713 100 28 kristligt,
454 713 27 21 då
496 713 79 21 sådane
593 713 75 25 finnas,
689 713 72 21 hvilka
776 714 6 20 i
807 714 32 20 sin
862 714 79 21 bekän-

207 749 59 22 nelse
281 750 34 20 stå
329 749 53 21 nära
396 747 120 22 förnekelse
532 747 23 22 af
577 747 172 22 kristendomens
771 747 169 22 hufvudsannin-

208 791 44 20 gar.
282 783 42 20 Det
339 789 61 21 synes
419 782 43 27 mig
479 788 47 14 som
547 781 68 22 skulle
638 788 26 14 en
685 783 162 26 samvetsgrann
867 789 73 21 evang.

210 817 96 22 luthersk
321 817 60 27 prest
394 815 59 22 finna
468 815 35 22 det
520 816 57 21 svårt
593 815 40 21 och
647 815 160 28 motbjudande.

265 851 121 21 Utskottets
401 850 81 27 förslag
497 850 33 21 till
545 850 116 21 förändrad
675 850 81 28 lydelse
775 849 24 22 af
811 852 10 26 $
839 851 32 25 12,
894 857 46 14 som

209 887 89 21 innebär
313 887 32 20 att
359 885 53 21 barn
428 885 32 20 till
475 885 106 21 föräldrar
596 891 45 14 som
658 885 105 27 ötvergätt
777 885 48 21 från
841 887 30 20 ett
892 885 49 28 kyr-

209 919 128 23 kosamfund
354 919 32 21 till
402 921 30 19 ett
447 921 65 19 annat
528 919 61 21 skola
603 919 124 27 uppfostras
743 919 7 21 i
766 919 40 21 den
830 920 47 21 lära
897 920 44 21 för-

209 954 99 21 äldrarne
323 953 51 22 eller
391 953 40 21 den
446 953 23 21 af
484 953 47 21 dem
546 953 217 28 bestämningsrätten
779 953 58 22 öfver
852 954 87 22 barnets

210 988 127 27 uppfostran
351 987 90 26 tillkom,
457 987 35 22 vid
506 987 88 22 barnets
609 987 82 22 födelse
706 987 89 27 tillhört,
815 988 68 22 finner
903 989 38 28 jag

209 1029 51 15 vara
274 1022 94 22 särdeles
382 1022 119 27 betänkligt
516 1022 41 21 och
569 1023 38 27 jag
622 1023 44 20 stär
681 1022 114 28 verkligen,
812 1023 26 20 dä
857 1024 38 27 jag
912 1023 29 22 ic-

209 1056 26 21 ke
250 1057 84 20 utöfver
348 1056 79 21 höfvan
442 1056 36 20 vill
493 1055 98 28 förlänga
606 1055 69 21 denna
689 1056 137 26 reservation,
841 1057 98 27 villrädig

210 1090 34 20 vid
260 1090 57 21 valet
331 1090 24 21 af
368 1090 25 20 de
407 1090 77 27 mänga
499 1090 46 20 skäl
565 1096 46 15 som
633 1090 95 20 deremot
750 1096 51 15 vore
823 1092 32 19 att
875 1091 65 21 fram-

210 1124 63 22 hålla.
297 1119 14 38 —
317 1124 41 28 Jag
373 1123 55 22 skall
442 1124 120 21 emellertid
585 1125 94 27 upptaga
701 1124 66 27 några
789 1124 26 21 de
837 1125 103 28 vigtigare

211 1159 23 22 af
247 1158 55 21 dem.

267 1192 109 21 Utskottet
391 1199 46 14 som
452 1192 58 21 säväl
524 1192 7 21 i
546 1193 47 20 sina
605 1192 66 21 motiv
689 1199 47 15 som
750 1193 8 20 i
773 1192 166 30 formuleringen

211 1226 24 22 af
247 1227 39 20 sitt
299 1225 81 28 förslag
400 1225 63 22 söker
482 1226 109 27 uppställa
614 1233 25 14 en
663 1227 56 27 slags
741 1227 86 27 anologi
849 1228 90 21 emellan

212 1260 59 21 detta
286 1260 40 21 och
340 1259 187 27 bestämningarne
541 1259 8 21 i
563 1259 24 28 $$
603 1261 11 20 7
630 1260 40 20 och
685 1261 19 25 8,
722 1260 74 26 ehuru,
813 1260 26 21 dä
854 1261 39 21 här
916 1263 24 19 är

211 1293 61 28 fråga
287 1300 34 14 om
336 1294 31 20 ett
381 1293 64 21 barns
461 1293 127 28 uppfostran
602 1294 7 20 i
625 1300 26 15 en
671 1294 42 21 viss
736 1294 101 28 religions
861 1295 78 22 bekän-

212 1327 65 26 nelse,
292 1334 49 15 men
355 1327 7 21 i
377 1327 23 28 $$
416 1328 11 21 7
444 1327 41 21 och
500 1328 12 20 8
529 1334 33 15 om
578 1327 127 22 diskretions
720 1327 74 22 åldern
809 1328 34 22 för
864 1330 76 28 rättig-

211 1362 37 21 het
262 1363 32 20 att
309 1361 86 28 öfvergä
409 1361 47 22 frän
472 1369 26 14 en
512 1362 92 22 troslära
618 1362 33 21 till
666 1369 25 14 en
706 1370 77 19 annan,
798 1364 65 27 nägot
884 1371 55 15 sam-

212 1397 56 22 band
284 1397 47 21 dem
346 1397 90 21 emellan
450 1397 98 28 rimligen
563 1397 46 22 icke
625 1398 42 21 kan
683 1404 38 21 ega
735 1405 54 19 rum,
805 1398 86 28 medger
906 1399 33 22 väl

211 1433 32 20 att
258 1431 130 28 svärigheter
403 1431 35 22 vid
454 1431 92 22 barnens
560 1432 101 28 religiösa
675 1432 127 28 uppfostran
824 1433 7 21 i
853 1433 26 22 de
901 1434 38 21 fall

210 1466 104 28 förslaget
328 1466 63 25 afser,
405 1466 73 21 kunna
493 1466 90 26 inträda,
599 1473 48 15 men
661 1467 38 27 gär
714 1467 45 21 helt
772 1467 41 21 lätt
833 1468 57 20 förbi
905 1475 34 14 sa-

212 1501 40 21 ken
268 1500 48 22 med
331 1502 32 20 att
378 1500 73 22 anvisa
466 1500 75 22 barnet
554 1500 34 22 till
603 1500 122 22 erhållande
743 1500 24 23 af
785 1501 100 28 religions
900 1509 38 14 un-

279 1540 138 24 Lagutskottets
430 1541 115 19 betänkande
556 1541 33 19 N:o
603 1543 26 16 14.
