1023 1698
224 151 27 21 58
385 150 80 22 Ständ.
480 150 37 22 Sv.
534 164 23 2 —
575 150 70 27 Prop.
660 150 40 22 N:o
715 150 37 22 40.

265 218 88 28 styrelse
372 218 8 20 i
399 218 58 20 länet
477 218 84 27 åligger
582 218 100 26 aflemna,
704 217 168 21 tillhandahålla
887 224 54 20 upp-

265 251 143 21 bådsnämden
427 251 140 28 förteckning
589 250 60 28 öfver
671 252 46 20 alla
737 251 35 21 till
790 251 95 21 området
904 250 37 21 hö-

264 286 74 26 rande,
356 286 39 20 den
411 286 42 27 dag
465 285 167 28 förteckningen
649 285 101 27 afgifves,
765 286 9 20 i
789 285 62 21 häkte
866 285 74 21 hållna

262 327 104 20 personer
377 320 35 21 vid
423 320 184 27 uppbådsåldern,
617 319 83 21 hvilkas
707 319 135 28 fängelsetid
852 319 46 21 icke
909 322 31 18 ut-

264 355 42 26 går
324 354 52 27 före
393 354 39 21 den
448 355 8 19 i
470 354 15 27 $
499 355 28 20 60
547 354 107 20 bestämda
674 354 32 20 tid
719 352 41 28 för
778 353 92 28 uppbåd.
900 353 42 21 Bö-

266 388 68 21 rande
356 388 68 28 sagda
437 388 139 28 förteckning
588 388 83 27 jemväl
690 390 97 25 upptaga
803 387 89 21 orsaken
908 388 34 20 till

266 422 93 21 nämnde
378 429 113 21 personers
510 422 112 26 häktande,
641 424 55 18 samt
714 424 42 18 när
772 422 25 20 de
812 422 82 20 komma
910 424 32 18 att

261 457 57 27 från
330 457 111 27 fängelset
457 456 110 28 lösgifvas.

573 519 15 27 $
602 520 34 20 64.

334 554 34 21 På
383 556 67 18 utsatt
466 554 33 21 tid
514 553 37 21 och
566 556 34 18 ort
614 553 58 21 skall
682 553 74 27 hvarje
766 552 118 28 uppbådad
891 560 51 20 per-

266 588 96 27 sonligen
378 588 33 27 sig
425 588 93 26 infinna.
543 588 62 20 Från
620 587 69 21 denna
705 586 120 28 skyldighet
841 590 38 18 äro
890 587 52 21 dock

266 622 108 28 befriade:

334 657 24 27 a)
374 656 31 25 de,
421 663 44 14 som
480 663 74 21 genom
570 656 95 27 behörigt
680 656 132 21 läkarebevis
827 656 70 28 styrkt
909 657 33 27 sig

266 691 8 20 i
290 690 97 28 afseende
403 691 14 20 å
431 691 74 27 längd,
521 690 159 22 helsotillstånd
696 691 52 20 eller
762 690 182 28 kroppsbyggnad

266 732 54 14 vara
336 725 36 21 till
385 724 125 28 krigstjenst
525 725 96 27 duglige;

335 759 22 27 b)
376 759 31 26 de,
423 766 44 14 som
481 759 42 27 för
540 759 134 21 ekonomiska
697 759 177 28 angelägenheter
892 760 52 21 eller

267 794 94 21 studiers
376 792 124 28 afslutande
515 793 88 21 erhållit
618 793 96 27 uppskof
726 794 34 20 till
775 796 68 18 annat
855 794 37 26 år;
906 794 37 21 och

335 828 21 26 e)
372 827 25 21 de
412 828 8 19 i
435 827 15 28 $
465 828 27 20 36
508 827 90 21 nämnde
614 828 162 27 värnepligtige.

335 861 52 22 Alla
410 862 61 21 dessa
491 868 103 21 personer
614 868 38 21 ega
670 863 46 20 rätt
730 864 33 19 att
777 869 74 21 genom
866 862 77 21 ombud

268 895 196 22 tillstädeskomma.

335 929 62 29 Laga
417 930 63 21 orsak
500 930 34 21 till
550 929 146 28 uteblifvande
707 930 57 27 från
779 930 88 28 uppbåd
881 933 64 26 utgör

267 965 49 21 svår
336 964 99 28 sjukdom
455 965 51 20 eller
525 967 69 18 annat
609 964 178 28 oöfvervinneligt
802 965 82 26 hinder,
900 972 42 14 som

266 999 159 28 vederbörligen
441 999 71 26 blifvit
527 999 75 28 styrkt.
634 999 75 20 Såsom
724 999 113 28 sjukbetyg
848 1000 96 27 godkän-

268 1041 36 14 nes
322 1034 60 27 intyg
402 1033 29 27 af
446 1033 74 21 läkare
539 1033 52 21 eller
607 1036 84 24 pastor.
721 1031 33 23 Är
768 1034 80 21 sådant
858 1034 87 27 förfall

268 1069 92 20 allmänt
375 1067 97 28 kunnigt,
487 1068 36 20 må
538 1067 89 21 nämden
644 1068 35 20 det
694 1070 89 25 antaga,
798 1068 59 21 ändå
868 1071 32 18 att
910 1069 34 21 det

268 1103 20 26 ej
302 1101 105 22 särskildt
421 1101 87 28 styrkes.

407 1169 11 6 N
603 1147 34 20 65.

336 1181 32 20 På
388 1178 168 30 uppbädsdagen
574 1181 57 20 skall
646 1181 39 20 den
696 1181 126 27 förstärkta
836 1181 108 28 uppbåds-

269 1215 91 22 nämden
383 1215 113 21 bestämma
520 1215 36 21 och
573 1215 9 21 i
600 1215 194 28 uppbädslängden
817 1215 128 22 anteckna
934 1211 15 36 i

268 1249 55 21 hvad
339 1249 48 20 män
403 1249 99 26 uppskof,
519 1248 99 27 eftergift
632 1249 52 20 eller
700 1249 98 26 befrielse
810 1243 39 26 bör
857 1255 25 14 en
893 1250 51 20 eller

268 1289 75 14 annan
366 1282 29 27 af
411 1283 24 19 de
455 1282 126 27 uppbädade
604 1279 179 30 tillgodokomma.
816 1283 41 20 Och
877 1283 65 20 sedan

268 1317 92 21 nämden
381 1316 71 28 härpå
473 1323 73 21 genom
570 1323 82 21 upprop
670 1318 58 26 gjort
745 1317 33 27 sig
793 1317 151 24 underrättad,

268 1351 108 21 huruvida
399 1351 45 20 alla
462 1351 25 20 de
506 1350 127 28 uppbädade
655 1351 76 21 instält
752 1351 40 28 sig,
811 1351 60 21 skola
889 1359 55 20 upp-

268 1386 60 20 bäds-
344 1385 38 21 och
395 1384 230 30 fyllnadslängderna,
641 1385 107 26 äfvensom
762 1386 45 20 alla
818 1387 8 19 i
836 1386 108 27 uppdäds-

269 1420 92 27 längden
376 1419 77 28 gjorda
468 1419 156 27 anteckningar
638 1425 32 14 om
686 1419 99 28 antydda
801 1419 121 29 eftergifter
936 1421 8 20 i

268 1454 159 27 värnepligtens
443 1453 118 28 utgörande
571 1453 40 28 för
621 1453 25 21 de
657 1454 107 21 tillstädes
773 1455 95 20 varande
879 1456 64 27 ljude-

268 1489 55 27 ligen
342 1489 110 26 uppläsas.
483 1488 67 21 Såväl
565 1488 25 21 de
604 1488 128 27 uppdädade
751 1495 44 15 som
810 1489 70 21 andre
894 1492 50 18 när-
