1039 1689
232 157 27 21 12
539 157 53 22 N:o
608 155 44 24 89.

289 258 78 21 kartan
382 259 78 20 endast
474 258 56 21 efter
545 258 120 26 skilnaden,
681 259 102 20 hvarmed
792 258 41 21 den

289 291 114 22 tillträdda
420 292 65 21 lönen
504 291 43 22 kan
566 291 135 27 öfverskjuta
720 292 40 21 den
776 291 58 22 förut

290 325 122 22 innehafda.
447 321 30 26 Är
496 326 64 21 lönen
576 326 35 21 vid
627 326 41 21 den
683 332 43 20 nya
740 326 94 26 tjensten

289 359 47 22 icke
359 361 77 25 större,
454 359 99 22 utfärdas
573 359 127 22 fullmakten
719 359 28 28 pä
768 359 65 21 sädan

289 393 69 26 karta,
374 400 46 15 som
434 393 34 22 för
484 393 171 22 embetsverkets
670 393 164 27 expeditioner
821 389 16 35 i

289 427 117 22 allmänhet
422 428 74 27 gäller.

250 463 33 20 2:0
298 462 14 21 å
326 462 131 26 beställning
472 462 28 27 på
514 462 112 22 obestämd
642 462 32 21 tid
689 462 54 21 eller
757 461 28 27 på
799 462 36 21 be-

290 496 70 21 stämd
382 496 32 21 tid
437 496 23 21 af
483 498 32 19 ett
537 496 23 21 år
580 496 53 22 eller
649 495 123 22 derutöfver
787 496 48 21 med

290 530 55 21 visst
363 530 65 27 årligt
450 531 80 21 arvode
550 530 53 22 eller
622 530 81 27 anslag,
718 531 14 20 2
746 532 90 24 procent

290 564 24 21 af
326 565 32 20 ett
374 564 34 21 års
424 564 85 22 arvode.

250 599 32 20 3:0
298 598 13 22 å
326 598 130 26 beställning
476 598 28 27 på
522 598 43 21 viss
580 598 33 21 tid
627 598 69 21 under
712 599 32 20 ett
759 598 30 25 är,
805 598 30 20 äf-

289 638 88 16 vensom
394 632 13 21 ä
425 632 131 27 beställning
577 634 51 19 utan
643 632 88 21 dermed
745 632 90 21 förenad

288 666 38 21 lön
349 666 53 21 eller
420 666 108 21 bestämdt
545 666 86 26 arvode,
650 665 92 22 skrifves
761 666 12 20 å
794 666 41 21 den

290 699 34 22 för
348 700 87 21 verkets
464 700 70 26 öfriga
559 700 148 27 expeditioner
729 700 106 26 stadgade

290 734 70 21 karta.

250 768 33 21 4:0
299 768 13 20 &
326 768 332 27 kontraktsprostebefattning
654 764 15 35 .
689 785 4 4 .
724 785 4 4 .

289 802 50 21 Men
359 801 113 22 förordnas
492 802 40 21 den
549 808 45 16 som
609 802 60 21 förut
683 781 88 53 erhällit
785 784 49 40 full

248 835 62 22 makt
332 836 13 20 å
367 837 147 25 proste-namn
537 836 39 21 och
592 836 119 27 värdighet,
734 837 34 21 till
783 837 52 21 kon-

248 869 140 27 traktsprost,
406 872 52 24 äger
475 870 224 26 kartasigillataafgift
720 870 34 22 för
776 870 61 22 detta

249 904 146 20 förordnande
409 903 48 21 icke
471 910 54 15 rum.

249 939 33 19 5:0
298 938 14 20 &
325 937 269 27 kyrkoherdebeställning
610 937 98 22 karteras
723 938 56 21 efter
795 939 40 20 den

289 972 8 20 i
319 971 56 21 1:sta
395 970 98 27 punkten
510 971 113 22 bestämda
646 972 70 25 grund
731 971 34 21 för
780 972 56 21 hvad

290 1005 23 21 af
326 1005 83 21 kronan
424 1005 73 21 bestäs
514 1005 39 21 och
568 1005 84 27 sysslan
667 1005 86 27 åtföljer
768 1006 7 21 i
785 1012 51 21 pen-

289 1040 109 26 ningelön,
420 1039 53 21 eller
494 1039 38 22 ock
552 1040 7 20 i
575 1039 103 27 spanmäl,
693 1040 99 21 hemman
807 1041 29 20 el-

289 1073 33 21 Jer
340 1073 181 26 räntepersedlar,
542 1073 113 21 hvarutom
671 1074 33 20 för
718 1073 118 27 kyrkoher-

290 1107 53 21 dens
366 1107 119 21 inkomster
507 1107 23 21 af
554 1107 153 27 församlingen
729 1108 107 21 beräknas

290 1141 39 21 och
350 1141 101 27 tillägges
467 1141 110 27 särskildt,
593 1141 69 21 ehvad
677 1142 120 26 pastoratet
812 1144 25 19 är

290 1175 114 27 imperielt,
427 1175 155 27 konsistorielt,
605 1176 108 26 patronelt
733 1176 52 20 eller
803 1176 33 20 sä-

290 1214 46 16 som
351 1215 69 15 annex
436 1209 139 27 disponeras:

250 1242 34 21 för
306 1242 166 26 landtpastorat,
494 1242 34 21 för
553 1242 75 27 hvarje
651 1242 22 21 af
690 1242 27 21 de
732 1243 104 21 mantal
823 1238 16 35 i

290 1276 126 26 pastoratet,
438 1282 46 15 som
498 1276 36 21 vid
550 1276 95 27 prestval
661 1276 40 21 och
715 1276 121 26 utgörande

290 1309 23 23 af
334 1310 183 28 pastorsaflöning
538 1311 60 27 tjena
620 1310 34 22 till
673 1310 78 28 grund,
769 1311 66 21 sedan

290 1344 67 22 likväl
379 1344 58 22 inom
458 1346 122 26 pastoratet
599 1344 111 28 befintlige
725 1345 111 22 kleresilä-

290 1380 104 26 genheter
408 1379 72 22 blifvit
495 1380 107 26 afdragna
620 1396 4 5 .
655 1396 4 4 .

250 1414 39 22 och
305 1413 34 23 för
353 1414 165 28 stadspastorat,
534 1414 34 22 för
582 1414 75 28 hvarje
664 1396 50 40 fullt
722 1396 113 41 hundrade

290 1448 22 22 af
334 1448 164 28 församlingens
520 1448 170 28 invånareantal,
713 1450 123 21 beräknadt

290 1482 55 22 efter
360 1482 100 23 sednaste
475 1462 205 53 folkmängdstabell
689 1466 4 38 -
