1031 1692
239 184 26 18 U.
281 183 29 18 B.
327 193 24 3 —
369 184 80 23 Prop.
465 184 47 18 N:o
526 186 39 18 40,
750 183 36 20 101

66 249 58 27 tjena
147 250 32 20 ett
193 248 24 21 år
232 249 7 20 i
255 249 86 21 aktiven
357 250 39 21 och
415 250 37 21 två
467 251 24 21 år
510 251 7 20 i
533 258 108 15 reserven.
664 251 77 21 Denna
755 252 64 20 korta

64 283 198 26 tjenstgöringstid,
282 282 101 28 fullgjord
403 283 36 22 vid
454 284 24 21 så
493 291 44 20 ung
552 285 72 26 ålder,
640 284 69 22 skulle
725 285 18 26 ej
759 285 58 21 med-

64 316 48 21 föra
126 318 56 20 stort
197 317 49 21 stöd
261 317 34 21 för
310 317 84 22 landets
406 317 90 23 försvar.

130 350 31 22 På
183 351 70 26 grund
271 351 24 22 af
309 351 36 21 det
359 351 65 22 ofvan
440 353 97 26 anförda,
554 353 39 21 får
606 353 38 26 jag
660 353 109 22 vördsamt
784 353 30 21 fö-

63 385 63 26 reslå,
142 385 46 21 tills
203 385 84 22 vidare:

199 423 31 17 att
253 419 24 21 de
299 421 8 19 i
324 420 12 27 $
357 419 29 22 40
402 421 118 20 omnämda
536 420 121 29 kategorier
678 421 137 20 sammanslås

131 453 34 20 till
187 461 24 13 en
229 453 60 26 enda,
312 453 45 21 med
385 455 105 26 tjenstetid
513 454 27 28 af
558 455 36 20 två
614 455 26 19 är
655 455 35 20 vid
705 454 24 21 de
745 454 71 21 aktiva

132 491 117 25 trupperna
264 488 37 21 och
316 491 29 18 tre
361 489 45 20 är
396 484 10 37 i
420 496 92 14 reserven
520 497 7 16 ;
542 492 53 17 samt

199 525 32 18 att
255 523 25 20 de
302 523 9 20 i
327 523 29 26 $$
378 522 30 22 99
431 523 37 20 och
491 523 39 21 101
554 523 141 28 omförmälde
709 522 104 29 frivillige

118 556 57 21 skola
191 557 56 27 tjena
263 560 27 17 ett
305 557 26 20 är
346 557 35 20 vid
400 557 24 21 de
440 557 74 21 aktiva
530 560 120 25 trupperna
663 557 36 21 och
709 557 50 28 fyra
770 557 46 20 år
805 552 15 37 i

132 598 99 13 reserven.

526 637 63 22 Joh.
604 638 141 21 Heikkilä.

130 683 39 22 Uti
184 683 155 21 ofvanstående
353 683 134 21 reservation
504 683 86 21 förenar
605 683 34 26 sig

563 729 24 21 S.
602 729 143 22 Jaatinen.

343 966 190 23 Rättelser.

62 1008 43 20 Sid.
123 1007 26 20 12
163 1014 16 13 r.
196 1007 11 19 9
224 1007 75 26 uppifr.
316 1007 51 19 stär:
384 1006 73 27 8,000;
473 1007 41 19 läs:
532 1006 81 26 11,000.

63 1043 43 20 Sid.
122 1042 26 19 22
164 1049 16 12 r.
197 1041 12 19 2
225 1041 76 26 uppifr.
317 1041 52 19 stär:
385 1042 17 25 i;
416 1040 42 20 läs:
475 1040 42 20 vid.

64 1078 43 20 Sid.
122 1076 27 20 26
165 1083 16 13 r.
197 1075 82 21 28—29
295 1076 62 25 utgår
372 1078 78 18 satsen:

130 1110 129 27 ”hvarjämte
281 1109 66 21 orden
369 1108 61 22 ”eller
448 1109 65 20 redan
532 1109 25 19 är
572 1109 8 20 i
595 1108 73 28 tjensi”
683 1108 45 20 från
745 1108 67 20 första

131 1152 62 14 mom.
208 1144 126 20 uteslutits.”

62 1180 43 21 Sid.
121 1180 26 20 39
163 1186 16 13 r.
196 1180 25 19 15
238 1178 64 27 uppif.
318 1178 43 20 står
378 1179 51 25 104;
444 1178 41 20 läs:
503 1177 46 21 103.

76 1216 12 11 n”
130 1214 11 12 ”
163 1221 17 13 1
196 1214 26 19 30
265 1213 12 12 ”
317 1215 61 24 utgör
394 1212 60 21 ordet
469 1212 27 20 af.

133 1555 199 22 Värnepligtsutskottets
343 1553 112 18 Betänkande
471 1552 34 17 N:o
518 1553 15 16 1.
