1025 1692
306 117 23 23 U.
347 117 21 23 B.
387 130 25 3 —
430 118 64 28 Prop:
512 118 37 22 N:o
565 118 38 22 40.
785 118 24 20 11

156 182 11 22 I
184 182 144 22 betraktande
349 183 23 21 af
387 185 31 19 att
439 182 89 22 sålunda
542 182 36 22 två
593 182 67 22 Stånd
674 182 63 29 yrkat
751 181 29 29 pä
794 182 45 28 $:ns

88 217 159 28 förtydligande
262 218 8 20 i
286 218 36 21 det
344 218 55 28 syfte
422 220 33 19 att
477 218 117 28 otvetydigt
610 218 119 27 framginge
744 219 31 19 att
791 218 26 20 de
832 217 8 21 i

88 252 126 22 densamma
229 253 87 27 angifna
331 252 118 28 eftergifter
464 252 57 28 gälla
531 252 99 22 befrielse
640 251 46 22 från
698 252 58 21 aktiv
766 252 74 28 tjenst-

88 286 74 27 göring
178 285 60 22 såväl
252 287 8 20 i
274 287 69 20 freds-
361 293 46 14 som
421 286 97 29 krigstid,
534 287 40 20 har
585 286 110 21 Utskottet
710 288 71 19 ansett
795 287 45 26 $:ns

86 321 84 27 ingress
185 321 7 20 i
208 321 59 20 detta
282 321 54 27 syfte
351 320 54 21 böra
421 321 168 25 omformuleras,
604 321 111 20 hvaremot
724 323 31 19 ett
765 320 75 21 stånds

87 357 46 19 mot
147 355 45 28 &:ns
208 355 96 28 verkliga
318 355 86 28 mening
419 356 87 27 (jämför
520 355 11 28 $
547 355 37 28 20)
600 355 109 21 stridande
724 354 71 22 beslut
805 361 34 14 om

88 391 33 19 att
144 389 118 22 befrielsen
278 389 62 22 äfven
356 389 67 22 borde
439 389 57 28 gälla
510 397 110 14 reservens
628 389 156 28 öfningsmöten
800 387 40 22 fått

87 423 93 22 förfalla.
204 423 33 22 Då
252 424 72 21 vidare
339 425 34 20 tre
383 423 67 22 Stånd
465 425 77 20 önskat
557 431 23 14 se
595 423 245 28 etttilläggsstadgande

88 459 7 20 i
118 459 35 27 &:n
175 458 83 21 infördt
279 458 7 21 i
309 458 36 21 det
367 458 60 29 syfte,
448 460 31 19 att
498 458 100 22 befrielse
616 458 48 21 icke
680 465 51 21 eger
745 465 47 14 rum
806 457 34 22 för

88 493 74 27 längre
180 492 32 22 tid
230 494 28 20 än
274 493 36 21 det
324 493 221 28 familjeförhållande,
560 492 81 29 hvarpå
656 493 41 21 den
713 493 72 21 stöder
800 492 39 28 sig,

88 527 83 26 fortfar,
188 527 41 21 har
237 527 111 22 Utskottet
362 528 7 21 i
385 528 58 21 detta
459 528 53 27 syfte
528 528 143 27 omredigerat
680 528 45 27 8:ns
735 527 106 21 Anmärk-

88 562 52 27 ning
159 562 40 26 III,
215 562 34 21 till
264 561 85 22 hvilken
357 563 135 27 stadgandet,
503 562 66 28 enligt
578 562 121 21 Utskottets
709 561 63 28 äsigt,
784 563 57 20 otve-

87 596 69 28 tydigt
170 596 46 21 hör.
246 596 59 21 Enär
320 596 101 28 slutligen
435 596 171 22 Presteständets
616 597 49 20 med
675 596 121 21 hänseende
807 596 34 21 till

88 630 148 28 Anmärkning
251 631 35 20 III
301 631 76 27 gjorda
392 631 85 21 erinran
493 638 61 21 synes
566 630 110 21 Utskottet
684 630 45 21 afse
740 632 31 19 ett
781 629 58 22 verk-

87 665 40 28 ligt
148 665 162 28 förtydligande
326 665 24 21 af
363 665 38 22 der
415 665 105 28 ingående
535 665 125 28 stadgande,
675 665 40 21 har
729 664 111 22 Utskottet

88 700 36 21 vid
139 699 182 28 anmärkningens
337 700 173 27 omformulering
525 701 71 20 ansett
611 699 32 28 sig
657 699 55 22 böra
727 701 50 26 taga
787 699 52 21 hän-

87 741 39 21 syn
139 734 81 28 jemväl
235 734 80 21 härtill.

157 767 31 22 På
206 769 69 28 grund
291 769 24 20 af
327 769 56 21 hvad
398 768 91 22 sålunda
504 768 69 22 blifvit
587 768 91 26 anfördt,
687 767 34 22 får
730 767 110 22 Utskottet

88 811 46 14 som
150 803 18 28 ej
184 803 70 21 funnit
268 803 170 28 Ridderskapets
453 804 40 21 och
507 803 80 22 Adelns
602 803 34 21 vid
652 803 60 21 Anm.
727 802 24 21 II
763 802 78 28 gjorda

89 837 195 28 ändringsförslag,
301 839 18 27 ej
335 838 70 22 heller
423 837 99 22 Ståndets
537 837 95 29 yrkande
647 837 29 28 på
691 837 147 21 omredaktion

88 873 23 21 af
125 872 149 28 Anmärkning
288 872 35 22 III
336 872 9 22 i
361 872 35 22 det
411 872 60 28 syfte,
487 874 32 20 att
536 872 147 28 stadgandena
697 872 8 20 i
721 872 70 21 denna
803 878 37 14 an-

88 908 113 27 märkning
216 908 18 27 ej
250 907 68 21 borde
333 908 64 20 hafva
411 908 100 20 afseende
526 906 29 28 på
569 906 141 28 tjenstgöring
724 906 8 21 i
742 906 98 28 krigstid,

88 942 48 22 från
152 942 49 21 dess
217 942 47 21 sida
278 942 54 21 böra
351 942 111 21 föranleda
479 942 33 20 till
526 940 71 29 någon
612 940 83 28 åtgärd,
711 942 55 20 samt
781 941 59 21 dess-

87 978 94 20 förutom
197 979 71 19 ansett
283 976 36 22 det
334 976 23 21 af
370 976 160 22 Bondeståndet
544 976 123 27 föreslagna
681 982 42 21 nya
730 975 110 27 undantag

88 1012 126 27 lämpligare
230 1011 72 21 kunna
316 1011 34 21 till
365 1011 99 28 pröfning
479 1012 105 27 upptagas
600 1010 7 21 i
622 1010 154 27 sammanhang
790 1010 50 21 med

88 1047 12 27 $
116 1047 34 25 30,
165 1046 109 22 vördsamt
295 1045 80 23 föreslå
395 1048 32 19 att
448 1046 5 27 &
469 1047 26 20 27
510 1045 66 22 måtte
592 1044 81 22 erhålla
687 1044 94 28 följande
796 1044 43 22 för-

88 1082 96 21 ändrade
200 1081 90 28 lydelse:

435 1110 11 26 8
461 1110 34 20 27.

294 1145 61 21 Från
371 1145 136 27 tienstgöring
526 1144 36 21 vid
576 1144 54 21 aktiv
646 1146 62 24 trupp
723 1143 62 22 såväl
799 1150 39 14 un-

227 1180 37 21 der
285 1180 68 26 freds-
374 1186 45 14 som
441 1179 94 27 krigstid,
558 1186 46 14 men
620 1178 44 22 icke
678 1179 51 26 från
744 1178 95 26 öfnings-

226 1214 116 28 skyldighet
355 1214 36 21 vid
404 1220 101 18 reserven,
520 1213 89 26 befrias:

295 1248 22 27 a)
338 1248 50 21 ende
408 1248 112 26 arbetsföre
534 1254 65 14 sonen
614 1247 32 21 till
660 1247 51 21 enka
726 1246 48 22 eller
787 1253 52 14 van-

226 1284 35 26 för
282 1283 66 26 fader,
368 1283 25 25 b)
409 1282 51 24 ende
475 1282 111 26 arbetsföre
601 1281 88 21 brodren
704 1280 32 22 till
750 1282 29 20 ett
792 1280 48 21 eller

226 1317 52 25 flera
290 1317 71 26 fader-
372 1316 33 21 och
408 1316 120 25 moderlösa
536 1316 83 26 syskon,
633 1318 19 22 c)
668 1315 51 21 ende
727 1315 113 25 arbetsföre

228 1358 50 14 son-
294 1350 48 21 eller
357 1350 138 26 dottersonen,
507 1349 35 21 der
551 1349 101 27 farfader,
662 1348 112 27 farmoder,
784 1355 55 14 mor-

226 1385 62 26 fader
309 1384 48 22 eller
378 1384 117 21 mormoder
515 1383 43 21 icke
575 1382 63 27 hafva
652 1383 72 26 någon
739 1382 101 27 arbetsför

228 1427 44 19 son,
297 1419 91 27 såframt
409 1419 8 20 i
439 1417 138 28 förenämnda
598 1417 39 28 fall
658 1424 71 20 sonen,
745 1417 94 26 brodren,

163 1461 198 22 Värnepligtsutskottets
373 1460 107 17 betänkande
491 1459 36 17 N:o
538 1457 17 18 3.
