1025 1700
287 144 28 20 U.
326 145 29 18 B.
366 154 23 4 —
400 144 79 24 Prop.
491 143 52 20 N:o
554 144 41 18 41.
757 144 27 21 23

80 260 90 22 Diverse
193 260 116 22 kostnader
331 260 35 22 för
388 260 43 22 alla
448 262 12 20 9
476 260 149 28 bataljonerna
810 220 3 61 |

109 297 132 25 gemensamt
266 311 5 5 .
301 310 6 6 <
337 311 5 5 .
376 312 2 4 .
413 311 1 5 .
512 310 111 6 ee.
698 294 108 26 11,000/—

62 324 4 46 |
539 335 87 22 Summa
682 319 132 82 225000

64 371 2 67 |
79 370 81 22 Härtill
175 370 93 28 aflöning
285 370 34 22 för
339 370 68 22 öfver-
423 370 39 22 och
477 370 148 22 underbefälet
684 370 90 26 172,350
782 370 32 69 =

389 411 87 22 Summa
492 406 145 35 Summarum|
658 400 16 45 =
683 404 124 35 707,350|—

137 453 48 21 Alla
201 453 116 22 kostnader
332 455 132 24 gemensamt
475 453 33 21 för
518 453 212 27 reservmanskapets
742 452 73 27 öfning

62 487 67 27 jämte
145 487 136 22 underhället
296 487 23 22 af
333 488 49 21 dess
398 488 56 21 befäl
470 488 56 27 stiga
541 487 83 22 säledes
640 488 7 21 i
662 488 56 21 rund
734 493 82 15 summa

65 523 33 20 till
114 522 97 27 omkring
231 523 92 25 700,000
341 523 62 20 mark
422 523 87 26 årligen.
539 523 50 20 Men
608 523 27 20 dä
650 522 7 21 i
673 522 79 27 nådiga
766 528 49 21 pro-

65 556 120 28 positionen
202 563 33 15 n:o
252 558 26 20 41
295 559 24 19 är
334 557 34 21 för
382 557 72 21 aktiva
464 557 211 27 reservmanskapets
686 557 129 21 möteskost-

64 592 68 20 nader
147 592 100 26 anslagen
267 598 26 15 en
313 598 85 15 summa
416 592 23 21 af
458 593 89 26 100,000
562 592 61 22 mark
639 592 38 22 och
693 592 63 21 dessa
771 593 44 20 mö-

65 628 35 20 ten
117 626 67 27 enligt
199 633 27 15 nu
242 626 148 28 föreliggande
406 626 81 28 förslag
501 628 47 21 icke
564 628 85 20 komma
664 629 32 19 att
712 632 39 22 ega
761 632 53 21 rum,

66 662 24 21 sä
104 662 126 26 inbesparas
250 662 63 21 dessa
331 662 69 21 medel
420 662 39 22 och
479 663 39 20 den
537 662 100 22 effektiva
651 662 142 26 tillökningen
808 661 7 21 i

66 696 152 22 omkostnader
234 696 67 28 stiger
312 696 84 22 säledes
408 697 76 21 endast
494 697 32 21 till
537 697 98 26 omkring
647 698 90 25 600,000
748 695 67 23 mark.

136 730 73 22 Under
224 731 70 21 första
308 731 204 27 uppsättningsären
527 732 78 20 samlas
616 730 201 28 reservmanskapet

66 766 33 21 till
115 766 157 26 öfningsmöten
287 765 7 21 i
311 767 69 19 större
395 766 60 27 byar,
471 766 122 21 hvarunder
605 766 98 26 anslaget
713 765 33 21 för
756 767 60 25 trup-

66 807 53 21 pens
135 800 187 21 möteskostnader
337 800 108 21 användes
460 800 153 21 företrädesvis
629 800 33 21 till
678 800 109 21 ordnande
795 799 23 22 af

65 835 186 27 bataljonslägret,
267 834 109 22 hvarefter
392 834 131 27 smäningom
540 834 84 22 skrides
639 835 33 21 till
683 834 134 28 uppförande

67 869 22 21 af
103 869 82 21 lokaler
200 868 34 22 för
244 871 104 25 truppens
359 869 179 27 kompanimöten,
549 869 116 21 bestäende
677 869 64 21 dessa
751 869 66 27 bygg-

64 904 68 21 nader
154 903 189 27 hufvudsakligast
365 904 7 20 i
395 904 169 25 exersislokaler,
587 904 163 26 rustkammare,
773 903 43 21 kök

66 938 39 22 och
127 938 73 27 bageri
222 938 67 27 jemte
304 940 106 25 utrymme
425 938 35 22 för
474 939 133 26 manskapet.
632 938 33 21 Dä
680 938 78 22 nämda
773 940 43 20 mö-

65 975 35 20 ten
119 973 62 21 alltid
201 972 37 22 ske
257 973 69 21 under
344 973 40 21 den
404 973 84 21 blidare
506 973 95 22 ärstiden
616 973 62 22 torde
694 972 122 22 omkostna-

66 1008 66 22 derna
146 1008 33 21 för
195 1008 66 26 sagde
276 1008 82 21 lokaler
373 1008 47 21 icke
436 1008 66 22 blifva
517 1008 95 22 särdeles
628 1008 73 27 dryga.

137 1042 118 21 Reservens
274 1042 58 21 befäl
351 1042 39 22 och
410 1043 102 27 manskap
528 1043 45 21 stär
588 1042 67 22 under
670 1042 58 22 befäl
744 1042 22 21 af
780 1042 37 22 ak-

66 1078 45 26 tiva
126 1076 133 27 bataljonens
276 1076 53 22 chef.

141 1503 198 27 Värnepligtsutskottets
352 1503 105 21 betänkande
468 1503 34 21 N:o
513 1503 18 22 2.
