1023 1695
231 166 26 21 14
389 165 80 23 Ständ.
484 165 37 22 Sv.
537 178 26 3 —
578 166 70 27 Prop.
663 166 40 21 N:o
717 166 37 21 40.

268 233 12 21 I
294 233 149 28 sammanhang
457 233 85 22 härmed
556 233 38 22 har
609 241 26 14 en
649 233 120 28 förändring
784 233 23 21 af
819 234 13 26 &
848 234 25 21 27
887 233 51 22 före-

200 267 68 29 tagits,
283 267 116 29 hvarjemte
413 267 67 22 denna
494 267 97 29 paragraf
603 267 48 22 med
666 267 40 22 den
721 267 122 29 föregående
858 267 81 22 förbun-

201 301 40 23 dits
256 301 33 23 till
303 310 26 13 en
344 301 59 22 enda.

268 337 34 21 De
316 337 9 20 i
338 337 47 28 kap.
401 337 21 22 V
437 336 104 29 medgifna
558 336 113 26 befrielser,
687 336 91 29 uppskof
794 337 38 21 och
850 336 89 29 eftergif-

201 373 32 20 ter
249 371 8 22 i
271 371 154 29 värnepligtens
443 371 114 29 utgörande
572 371 65 22 måste
652 371 8 21 i
674 371 114 23 allmänhet
801 379 60 15 anses
875 371 65 23 betin-

201 406 51 28 gade
267 406 44 22 dels
326 406 23 21 af
361 406 110 22 rättvisans
486 407 38 20 och
539 406 44 21 dels
597 406 24 21 af
633 406 175 22 statsklokhetens
818 406 120 29 fordringar.

268 441 32 21 Ur
315 441 13 26 8
344 441 26 21 29
385 440 62 22 hafva
462 440 116 22 Ständerna
592 440 96 22 uteslutit
702 440 50 22 sista
766 440 66 27 delen,
842 440 98 29 börjande

201 475 46 22 från
269 475 64 22 orden
355 475 34 22 »sä
410 475 62 22 framt
486 475 42 22 han
546 475 67 26 icke»,
629 479 50 17 enär
693 475 36 22 der
743 475 96 28 inrymda
853 476 87 21 bestäm-

201 509 52 29 ning
267 509 18 29 ej
301 511 58 27 synts
373 509 24 22 af
408 509 98 23 behofvet
519 509 102 29 påkallad.

269 545 14 26 8
297 545 28 21 30
339 545 38 20 har
391 545 48 20 med
455 544 45 22 stöd
514 544 23 21 af
550 544 126 22 Ständernas
693 543 77 30 förslag
784 544 32 22 till
830 544 110 22 förändrad

201 578 139 29 organisation
354 578 23 22 af
389 586 97 14 reserven
500 578 111 29 undergått
626 586 26 13 en
666 578 245 29 redaktionsförändring.

268 613 35 22 Då
317 613 8 21 i
340 614 13 26 8
369 613 25 22 31
410 613 46 21 icke
470 613 67 21 finnes
551 612 88 29 utsagdt,
656 613 54 21 huru
720 613 60 28 länge
791 621 25 13 en
826 613 114 29 värneplig-

201 647 35 30 tig,
252 655 45 14 som
311 647 27 29 på
351 647 67 29 grund
433 647 23 22 af
467 647 132 29 paragrafens
613 647 50 21 sista
678 654 62 14 mom.
754 655 71 14 senare
840 647 79 22 inträdt
932 647 9 22 i

201 682 69 28 tjenst,
286 682 37 21 der
337 682 53 21 skall
405 682 87 28 qvarstå,
508 683 38 20 har
561 684 30 19 ett
607 681 194 29 tilläggsstadgande
815 681 81 27 införts,
911 682 30 21 in-

201 717 123 21 nehållande
339 718 30 20 att
383 716 134 29 tjenstetiden
530 716 33 21 för
576 717 76 20 honom
667 715 18 29 ej
701 716 36 21 bör
751 716 101 22 beräknas
862 717 77 28 längre,

201 755 26 17 än
243 759 33 13 om
291 751 41 21 han
346 750 37 22 vid
396 750 64 23 första
474 750 105 29 uppbådet
593 749 66 29 ingått
673 750 8 21 i
695 750 125 29 krigstjenst.

268 785 51 21 Med
332 785 81 28 hänsyn
427 785 33 21 till
474 785 41 21 den
529 784 122 22 förändrade
666 785 98 28 ställning
777 793 97 14 reserven
884 785 56 21 kom-

201 827 34 14 me
249 821 31 20 att
297 819 75 28 intaga,
388 819 38 21 har
445 827 26 13 en
485 819 120 28 förändring
623 818 24 21 af
658 818 72 29 början
744 819 33 21 till
792 820 13 25 8
820 819 28 22 33
862 821 78 20 ansetts

201 853 69 29 nödig,
285 853 28 29 pä
327 853 35 22 det
376 855 30 20 att
420 861 25 14 ur
460 853 120 22 densamma
597 852 36 22 må
647 852 79 29 framgå
740 855 30 20 att
785 853 25 22 de
825 853 8 22 i
847 861 93 21 paragra-

201 888 36 21 fen
254 888 91 22 nämnda
361 888 132 29 undantagen
511 888 54 29 gälla
580 887 58 22 aktiv
652 887 136 29 tjenstgöring
804 888 64 22 under
883 888 57 23 såväl

201 922 62 22 freds-
283 931 44 13 som
343 922 94 29 krigstid,
456 923 67 21 ehuru
537 921 18 30 ej
572 922 121 28 deltagande
708 922 8 21 i
730 930 106 15 reservens
852 923 88 28 öfnings-

201 953 76 26 möten.

268 991 148 29 Anmärkning
429 991 13 22 I
455 991 102 22 likställer
571 991 8 21 i
593 991 57 22 detta
664 991 97 22 afseende
775 991 103 29 stjufbarn
892 992 48 21 med

202 1033 52 22 egna
273 1027 57 25 barn,
345 1026 108 21 hvaremot
470 1025 115 22 fosterbarn
599 1025 8 22 i
622 1026 144 21 motsvarande
781 1026 99 29 ställning
893 1026 46 22 icke

201 1061 128 28 undantagas
343 1060 46 22 från
403 1060 59 22 aktiv
478 1059 142 30 tjenstgöring.
649 1059 50 22 Den
713 1060 78 29 vigtiga
805 1061 31 21 rol
850 1061 90 28 adoptio-
961 1054 4 5 '

201 1102 41 14 nen
257 1095 68 28 spelar
338 1094 62 22 bland
414 1095 80 21 landets
508 1095 94 28 allmoge,
618 1094 8 21 i
640 1094 35 22 det
689 1096 30 20 att
729 1102 97 21 personer
836 1094 42 23 ofta
887 1103 53 21 upp-

201 1131 47 27 taga
265 1130 52 21 barn
335 1129 67 22 under
420 1129 138 29 förhoppning
576 1131 31 19 att
627 1128 26 29 på
667 1128 132 22 ålderdomen
814 1129 23 21 af
850 1129 47 22 dem
912 1129 28 22 åt-

201 1163 59 29 njuta
281 1163 52 27 stöd,
355 1171 62 21 synes
438 1164 101 21 motivera
557 1171 26 14 en
600 1163 144 28 utsträckning
758 1163 61 21 äfven
833 1163 33 22 till
881 1164 59 21 dessa

201 1197 23 22 af
241 1198 25 21 de
281 1198 8 21 i
307 1197 122 30 paragrafen
447 1197 104 30 medgifna
573 1197 119 28 eftergifter.
722 1197 44 22 För
780 1199 30 20 att
824 1198 116 21 emellertid

201 1232 92 21 försvåra
311 1232 81 28 möjligt
409 1232 157 21 missbrukande
585 1231 22 22 af
623 1231 56 22 detta
693 1231 152 28 medgifvande,
860 1233 39 20 har
913 1232 27 21 81-

201 1266 56 25 dern,
277 1266 66 20 innan
359 1265 87 21 hvilken
464 1265 98 28 adoption
579 1266 37 20 bör
630 1264 63 22 hafva
707 1265 60 25 skett,
783 1265 32 21 för
829 1267 30 20 att
874 1265 66 21 föran-

201 1299 46 22 leda
269 1300 64 21 sädan
354 1299 97 29 eftergift,
469 1299 99 22 faststälts
590 1298 32 23 till
639 1298 30 23 tio
686 1298 29 22 &r.
744 1298 109 30 Derjemte
868 1304 23 17 är
905 1300 35 22 det

201 1334 71 29 tillägg
286 1334 33 22 till
333 1334 137 29 anmärkning
484 1334 12 21 I
510 1333 73 29 gjordt,
599 1335 30 20 att
643 1333 63 22 sädan
721 1333 95 23 befrielse
831 1342 48 21 eger
893 1343 46 13 rum

201 1369 73 22 endast
288 1369 32 21 för
334 1369 40 21 den
388 1369 98 22 händelse
501 1368 58 29 stjuf-
573 1368 50 22 eller
637 1367 190 24 fosterföräldrarna
841 1369 47 22 icke
902 1378 38 20 ega

201 1403 118 28 arbetsföre
333 1407 65 18 söner.

268 1439 44 22 Det
326 1438 8 22 i
349 1437 137 29 anmärkning
499 1437 38 22 III
551 1437 98 29 stadgade
664 1437 105 30 undantag
783 1438 46 22 från
843 1439 96 22 befrielse

201 1473 7 22 i
223 1473 92 29 enlighet
330 1473 47 22 med
391 1473 66 28 tredje
471 1472 109 29 kategorin
593 1472 32 21 för
640 1472 46 26 den,
701 1473 62 20 hvars
777 1475 92 20 närmast
883 1473 56 21 äldre

201 1508 74 23 broder
288 1507 33 22 för
334 1507 121 22 förfallolöst
469 1506 142 23 uteblifvande
626 1506 45 23 från
686 1507 96 28 lottning,
792 1507 50 22 eller
857 1507 38 22 ock
908 1507 32 22 för
