1039 1692
141 1451 12 27 $
164 1447 23 37 9.

224 150 27 20 20
412 148 27 19 U.
452 148 31 18 B.
496 158 22 2 —
531 148 82 22 Prop.
626 147 46 18 N:o
685 147 39 18 35.

194 213 31 21 uti
244 213 115 21 momentet
378 213 107 27 upptagna
502 212 180 28 bestämningarna
698 211 23 22 af
733 212 75 21 honom
825 211 111 27 uppfyllas;

194 248 38 22 och
246 248 48 21 ville
309 248 106 22 Utskottet
430 247 125 22 fördenskull
570 247 102 28 tillstyrka
687 246 110 29 intagande
813 246 23 21 af
847 246 89 22 bestäm-

194 285 49 26 ning
259 283 31 21 uti
305 283 72 28 antydt
393 283 58 28 syfte.
483 283 49 21 Med
547 283 50 22 sista
612 283 67 21 satsen
696 283 23 20 af
732 281 131 22 förevarande
874 288 62 15 mom.

194 319 36 21 har
253 319 105 21 Utskottet
381 319 98 28 derjemte
494 319 53 21 trott
561 319 32 28 sig
607 318 50 22 böra
672 318 83 28 vidtaga
771 325 24 14 en
811 318 127 21 redaktions-

194 354 125 28 förändring,
339 354 85 22 emedan
440 354 45 22 dess
500 354 83 28 lydelse,
599 354 66 28 enligt
679 353 104 28 förslaget,
800 353 90 26 innebär,
907 353 32 22 att

194 389 226 29 flottningsinrättning,
436 390 62 21 sedan
514 390 38 21 den
569 396 24 15 en
609 389 56 28 gång
674 389 69 22 blifvit
752 389 112 26 fulländad,
876 389 63 21 borde

194 425 134 28 ovilkorligen
351 425 124 28 godkännas,
499 426 50 21 utan
573 425 94 22 afseende
690 425 12 21 &
725 425 45 22 dess
792 425 145 21 beskaffenhet.

194 461 42 21 Det
250 461 8 20 i
272 467 62 15 mom.
352 461 13 21 3
382 461 22 21 af
417 467 28 14 nu
461 460 155 28 ifrågavarande
632 461 12 26 $
660 460 165 21 förekommande
836 460 104 27 uttrycket

197 495 75 22 «sådan
286 495 94 22 flottled*
396 496 69 21 kunde
479 496 41 21 lätt
535 495 124 22 missförstås
673 495 28 26 sä,
719 496 32 21 att
765 495 84 22 dermed
859 495 80 28 afsäges

195 531 71 22 endast
286 531 24 21 af
325 531 78 21 enskild
418 537 72 21 person
508 531 48 22 eller
571 531 62 28 bolag
647 531 90 22 inrättad
752 530 85 27 flottled,
854 530 85 22 hvarom

195 567 7 21 i
217 566 167 29 nästföregående
400 573 63 15 mom.
480 567 115 26 afhandlas,
612 567 37 22 och
665 567 31 22 att
710 567 77 22 kronan
803 566 78 22 således
891 573 48 15 vore

195 602 94 22 frikallad
304 602 45 21 från
365 602 115 22 ersättande
496 603 23 21 af
532 603 68 26 skada,
617 609 44 15 som
672 602 130 28 uppkommit
812 609 74 22 genom
897 602 42 22 för-

195 639 110 21 summelse
321 638 31 22 att
367 637 55 22 hålla
437 638 79 22 flottled
531 639 8 20 i
554 638 93 28 behörigt
663 638 69 26 stånd;
748 638 93 22 hvarföre
857 638 35 22 det
908 637 31 22 öf-

195 673 111 28 verflödiga
322 673 37 22 och
375 673 135 22 vilseledande
527 674 58 21 ordet
601 673 89 22 "sådan"
707 674 91 21 härifrån
820 674 118 21 utlemnats.

266 709 31 22 En
321 708 150 29 omredigering
494 709 22 22 af
537 709 63 22 andra
619 710 68 21 satsen
702 709 8 22 i
726 710 12 27 $
754 711 13 20 8
783 709 36 22 har
834 709 108 22 Utskottet

196 745 60 22 äfven
278 745 68 22 ansett
368 751 48 16 vara
440 745 22 22 af
482 745 73 27 nöden,
576 745 27 29 på
618 745 34 22 det
669 746 30 22 att
715 745 45 23 dess
775 746 84 28 mening
875 745 65 23 måtte

196 781 47 22 med
265 781 39 21 full
325 781 101 28 tydlighet
446 781 118 22 framträda.
587 794 28 2 —
630 781 36 22 Uti
682 782 11 27 $
711 783 12 20 6
739 782 24 21 af
776 783 55 21 1873
849 782 33 21 års
897 782 43 22 för-

196 816 93 28 ordning,
313 816 80 22 hvilken
416 817 115 22 motsvarar
553 824 28 14 nu
599 817 154 28 ifrågavarande
769 818 18 26 $,
804 818 136 21 förekommer

196 853 31 21 ett
249 853 99 26 moment,
372 859 44 15 som
436 853 18 27 ej
471 852 108 22 återfinnes
595 853 7 21 i
617 852 75 30 nådiga
707 854 157 27 propositionen,
881 853 59 22 inne-

196 888 95 22 hållande
314 888 112 28 stadgande
449 888 70 22 derom
543 889 31 21 att
589 889 102 27 flottgods,
709 895 44 16 som
768 889 43 22 icke
827 892 23 19 är
865 890 74 26 märkt,
960 910 2 2 .

196 923 50 22 eller
267 924 60 21 hvars
350 924 70 21 märke
442 924 64 21 under
528 924 123 28 flottningen
669 924 110 28 utplånats,
797 925 42 27 bör,
856 932 34 14 om
906 925 34 22 det

196 959 179 21 sammanblandas
396 959 47 22 med
464 960 73 21 andras
553 960 56 28 gods,
626 959 23 22 så
665 960 31 22 att
711 960 145 28 eganderätten
873 960 68 22 dertill

196 994 44 22 icke
262 994 40 22 kan
322 994 47 21 med
384 994 93 22 säkerhet
492 995 131 26 bestämmas,
639 995 88 22 fördelas
743 996 86 21 emellan
845 996 96 28 samtlige

196 1030 127 28 virkesegare
339 1030 7 20 i
362 1030 34 21 det
410 1030 126 22 förhållande
552 1031 75 21 enhvar
643 1031 23 21 af
679 1030 47 22 dem
736 1032 111 27 bevisligen
859 1026 17 38 är
887 1032 11 20 i
909 1032 31 21 af-

196 1065 77 21 saknad
288 1065 24 21 af
324 1065 62 26 virke,
403 1072 44 15 som
463 1066 39 21 han
519 1066 26 21 då
559 1066 45 22 haft
620 1066 63 22 under
698 1067 97 27 flottning
804 1067 8 21 i
822 1067 118 21 vattendra-

197 1100 41 27 get.
270 1099 71 22 Såsom
364 1100 49 26 skäl,
437 1100 94 22 hvarföre
553 1100 90 22 komitén
667 1101 100 22 utlemnat
783 1102 85 21 berörda
883 1102 57 22 stad-

196 1135 67 27 gande
286 1142 24 14 ur
332 1135 37 21 sitt
390 1136 82 27 förslag,
496 1136 37 21 har
548 1136 90 22 komitén
655 1137 107 27 uppgifvit,
780 1137 31 21 att
827 1137 114 21 detsamma

197 1170 70 26 sällan,
285 1176 33 15 om
334 1170 106 28 någonsin,
456 1171 79 21 kunnat
549 1172 110 26 tillämpas.
690 1172 33 21 Då
739 1172 34 22 det
788 1172 62 21 likväl
866 1174 22 19 är
901 1172 40 22 lätt

197 1204 101 27 tänkbart,
326 1205 31 21 att
382 1212 24 14 en
432 1205 62 22 sådan
520 1206 207 29 sammanblandning
750 1207 23 21 af
793 1208 60 26 virke,
874 1207 67 22 som
924 1200 20 39 i

197 1240 89 20 nämnda
301 1241 92 21 moment
408 1241 58 25 afses,
482 1242 40 20 kan
538 1242 131 25 förekomma,
686 1242 54 21 samt
756 1242 34 21 det
806 1245 22 18 är
844 1242 23 21 af
875 1242 65 22 nöden

198 1275 30 20 att
243 1275 61 21 hafva
319 1275 7 20 i
341 1275 35 27 lag
391 1275 91 28 tydligen
498 1276 103 21 bestämdt
616 1277 53 20 huru
683 1277 8 20 i
706 1277 73 21 sådant
789 1277 36 21 fall
836 1277 52 21 skall
898 1277 42 22 för-

196 1309 60 27 faras,
274 1316 58 15 anser
347 1310 106 22 Utskottet
467 1311 154 28 ifrågavarande
637 1312 118 28 stadgande,
772 1312 68 23 såsom
850 1313 90 22 innefat-

196 1345 62 22 tande
276 1345 39 22 den
330 1346 130 29 lämpligaste
476 1347 197 29 fördelningsgrund,
690 1349 55 26 böra,
761 1348 73 22 sådant
849 1349 91 22 detsam-

196 1387 35 16 ma
253 1381 56 28 lyder
332 1382 7 21 i
356 1383 55 21 1873
436 1382 32 22 års
492 1383 127 28 författning,
644 1384 67 21 såsom
734 1385 47 27 nytt
800 1386 94 21 moment
908 1385 32 22 bi-

196 1416 58 29 fogas
270 1417 12 27 $
298 1418 20 21 8.

267 1453 36 20 Uti
326 1453 13 27 $
363 1454 19 25 9,
402 1453 60 22 hvars
479 1456 10 19 1
507 1461 62 14 mom.
586 1455 107 22 Utskottet
709 1457 67 20 ansett
791 1456 32 28 sig
837 1457 55 25 böra,
909 1457 32 21 för

198 1487 100 22 vinnande
318 1489 24 20 af
354 1489 64 21 större
433 1489 108 28 tydlighet,
557 1490 8 21 i
580 1490 50 22 sista
645 1491 66 22 satsen
728 1491 63 28 något
807 1492 132 28 omredigera,

244 1537 134 20 Sammansatta
394 1538 50 25 Lag-
460 1539 31 20 och
506 1539 181 21 Ekonomiutskottets
703 1541 110 19 betänkande
829 1541 36 20 N:o
881 1540 18 21 8.
