1028 1692
276 158 27 18 U.
319 158 29 18 B.
366 168 24 3 —
407 159 83 22 Frop.
505 159 46 18 N:e
565 159 38 17 40.
773 156 26 22 17

81 222 113 22 1865—66
209 224 34 20 års
258 223 96 28 riksdag,
374 224 35 20 det
423 224 51 20 sista
492 224 22 21 af
527 225 178 24 ständermötena,
720 231 47 14 men
783 231 44 14 som

81 259 22 19 af
116 257 98 26 samtliga
229 257 64 21 ständ
307 257 140 22 förkastades.

149 290 44 22 Vid
216 291 40 21 den
279 291 66 22 första
364 292 22 20 af
407 293 26 20 de
455 291 120 28 riksdagar,
590 299 45 14 som
654 292 174 22 sammanträdde

80 325 53 21 efter
152 326 299 27 representationsreformens
471 326 174 28 genomförande,
664 326 87 29 uppdök
766 327 61 20 emel-

79 359 64 21 Jertid
166 360 171 27 försvarsfrågan
356 361 13 20 &
391 368 49 20 nyo,
461 368 46 13 men
531 360 70 21 denna
616 362 58 26 gång
687 361 70 21 under
772 362 55 20 form

80 394 22 21 af
125 394 105 21 särskilda
249 394 110 27 motioner,
379 397 77 18 väckta
477 395 22 21 af
513 395 171 28 förslagställare
698 395 8 20 i
722 395 106 21 hvardera

80 428 129 21 kammaren.
243 429 71 21 Sedan
338 430 99 27 samtliga
459 429 61 21 dessa
542 429 129 28 hänskjutits
692 429 33 21 till
747 433 30 18 ett
793 429 34 22 för

79 462 88 27 frågans
190 462 131 29 behandling
343 463 84 21 nedsatt
450 463 101 22 särskildt
571 464 86 25 utskott,
679 464 100 21 förenade
795 464 33 27 sig

79 495 58 22 detta
160 503 34 14 om
217 497 56 20 vissa
293 497 95 27 grunder
410 497 33 20 för
459 497 244 28 arméorganisationens
718 497 109 28 genomfö-

81 530 73 26 rande,
170 532 80 19 såsom:

147 569 31 16 att
198 569 157 24 stamsystemet
377 565 132 22 fortfarande
534 565 67 22 borde
618 566 76 28 läggas
709 566 31 21 till
755 567 71 25 grund

79 600 33 21 för
127 600 169 25 härordningar;

149 639 30 16 att
201 634 35 21 det
255 635 74 21 hittills
348 635 28 28 på
391 635 43 20 viss
445 635 52 28 jord
509 633 103 23 hvilande
628 635 198 28 indelningsverket

80 669 66 20 borde
161 670 29 27 på
205 669 74 28 billiga
294 669 95 28 grunder
404 669 75 22 aflösas
495 669 39 22 och
549 669 124 22 förvandlas
684 670 33 21 till
728 674 29 17 ett
767 669 58 22 kom-

79 705 93 24 munalt;

147 741 30 17 att
193 738 127 28 rättigheten
336 738 31 21 till
383 738 72 29 friköp
470 739 39 21 och
524 738 47 28 lega
587 738 69 21 skulle
671 739 111 25 afekaffas;

147 777 30 17 att
193 773 72 27 hvarje
280 773 77 21 svensk
373 781 47 13 man
437 775 79 20 mellan
531 774 28 21 20
573 774 39 20 och
623 774 28 21 50
662 775 24 20 är
696 774 69 21 skulle
776 782 50 13 vara

80 806 87 29 skyldig
190 812 29 16 att
235 807 86 29 deltaga
340 808 7 20 i
362 808 83 21 landets
461 808 90 25 försvar,
567 808 53 21 först
636 808 7 20 i
658 808 73 22 aktiva
745 808 81 27 armén,

77 841 64 21 sedan
158 841 7 21 i
181 842 47 21 dess
244 849 71 14 reserv
331 842 39 21 och
386 842 100 28 slutligen
501 842 8 22 i
524 842 155 26 landstormen;
695 846 55 18 samt

144 880 31 17 att
191 876 140 28 beväringens
347 877 118 28 öfningstid
481 878 68 21 skulle
565 877 51 22 ökas
632 878 31 20 till
680 877 27 21 60
722 878 75 28 dagar.

145 910 71 22 Sedan
239 911 117 22 emellertid
379 912 114 21 kamrarne
508 912 7 20 i
532 912 61 28 fråga
613 919 33 13 om
661 912 52 21 flera
729 912 22 21 af
764 912 62 21 dessa

75 946 95 27 punkter
194 946 83 21 stadnat
297 946 7 21 i
320 946 125 28 skiljaktiga
464 946 75 26 beslut,
556 946 46 22 blef
615 946 34 22 det
664 946 56 22 enda
734 946 92 29 positiva

77 980 110 21 resultatet
202 980 23 21 af
239 981 54 21 1867
309 982 35 20 års
361 981 98 28 riksdags
475 981 162 28 handläggning
648 982 22 20 af
676 981 71 21 denna
757 981 68 27 fråga,

77 1019 30 16 att
123 1015 134 27 regeringen,
273 1016 28 26 på
315 1015 136 21 kammarens
467 1012 102 32 begäran,
587 1016 96 20 nedsatte
698 1021 78 15 tvenne
788 1015 37 21 ko-

77 1048 75 22 mitéer
160 1049 34 21 för
202 1050 119 20 utredande
333 1050 106 21 huruvida
451 1050 205 28 indelningsverkets
666 1050 77 21 bördor
754 1049 72 21 kunde

77 1083 81 21 lindras
174 1084 50 21 eller
239 1084 83 21 aflösas.

145 1117 45 22 Vid
205 1126 81 13 samma
297 1118 101 28 tidpunkt
408 1118 112 22 inträffade
531 1118 117 21 emellertid
660 1126 26 13 en
697 1117 127 27 förändring

77 1152 58 21 inom
160 1152 40 21 den
225 1153 76 27 högsta
321 1153 218 28 arméförvaltningen
554 1152 40 22 och
609 1153 57 21 detta
682 1153 144 27 personalom-

78 1187 50 27 byte
144 1186 54 22 hade
213 1187 31 21 till
260 1187 53 27 följd
328 1192 29 16 ett
367 1187 136 27 fullständigt
516 1188 81 26 förslag
608 1187 31 21 till
650 1186 175 22 landtförsvarets

78 1221 145 27 organisation
232 1222 25 27 1),
272 1222 81 21 hvilket
368 1222 22 20 af
404 1222 41 20 den
461 1230 29 19 ny
504 1222 103 21 utnämde
622 1221 74 21 chefen
711 1221 34 21 för
756 1220 69 21 landt-

78 1257 105 20 försvaret
199 1256 6 21 i
220 1257 63 20 slutet
299 1256 22 21 af
336 1257 54 21 1868
406 1256 134 22 meddelades
560 1256 125 28 regeringen
700 1255 40 22 och
756 1255 7 21 i
779 1256 46 20 sina

78 1289 137 28 hufvuddrag
237 1291 23 20 af
281 1291 70 20 denna
372 1291 165 20 framlemnades
562 1291 31 20 till
609 1290 54 21 1869
679 1290 35 21 års
729 1289 95 27 riksdag.

77 1323 11 20 I
111 1325 62 19 dessa
194 1325 45 19 sina
263 1325 138 26 hufvuddrag
417 1325 49 25 gick
481 1325 101 24 förslaget
601 1324 63 19 bland
680 1328 66 15 annat
760 1328 24 15 ut
798 1325 27 24 pä

77 1357 208 28 indelningsverkets
300 1357 151 22 bibehällande
466 1357 48 21 med
534 1357 57 20 vissa
605 1357 128 27 lindringar,
748 1360 76 17 värne-

77 1391 94 28 pligtens
187 1391 152 22 utsträokande
355 1391 31 21 till
402 1391 72 28 hvarje
489 1391 76 21 svensk
581 1398 48 13 man
644 1391 48 21 från
708 1391 27 21 20
750 1390 32 21 till
797 1390 27 21 40

77 1427 30 24 är,
123 1430 55 17 samt
193 1425 253 29 beväringsöfningarnes
462 1425 160 22 bestämmande
642 1425 31 21 till
690 1425 27 22 60
732 1425 7 21 i
755 1426 69 20 stället

145 1502 15 23 1)
173 1501 37 18 Det
222 1507 14 13 s.
249 1501 18 18 k.
279 1502 56 21 första
347 1501 92 18 Abelinska
454 1501 93 23 förslaget.

148 1543 197 22 Värnepligtsutskottets
357 1542 110 17 Betänkande
480 1542 33 17 N:o
527 1543 16 16 1.
735 1541 21 17 2*
