1039 1698
318 151 27 17 U.
361 150 28 18 B.
406 160 22 4 —
449 151 84 22 Prop.
548 151 47 18 N:o
609 151 40 17 40.
800 149 25 19 63

417 219 10 21 s
443 217 32 19 42.
494 217 54 24 (49.)

174 261 91 26 Förslag
281 262 31 19 till
328 261 122 27 förändring
466 264 24 18 af
503 263 64 19 redan
583 262 80 20 bildadt
671 263 183 26 uppbådsområde

106 294 54 19 skall
173 295 79 25 jemväl
269 295 101 20 Senatens
386 295 134 21 stadfästelse
536 295 146 20 underställas.

412 377 68 24 Kap.
489 378 58 18 VII.

159 433 33 20 Om
208 433 24 20 de
249 433 145 26 myndigheter,
410 434 68 21 hvilka
493 434 34 20 det
541 434 126 20 tillkommer
683 436 28 18 att
726 434 72 26 bringa

304 468 140 27 värnepligten
461 469 35 20 till
514 468 160 26 verkställighet.

413 529 10 20 s
442 527 32 18 43.
493 526 55 25 (50.)

174 572 164 26 Handläggning
361 572 23 20 af
404 573 130 25 värnepligts
556 572 92 19 ärenden
669 572 81 26 äligger
765 571 6 20 i
788 571 67 20 första

105 607 80 20 instans
202 613 26 13 en
243 605 169 28 uppbädsnämd,
429 606 113 20 bestående
558 605 23 20 af
595 613 32 19 en,
643 607 27 25 pä
686 605 118 26 ansökning
815 605 38 20 hos

106 640 143 26 Guvernören,
273 640 47 19 utaf
341 639 90 21 Senaten
454 640 100 20 utnämnd
574 639 194 28 krigskommisarie
784 640 70 21 såsom

106 675 133 26 ordförande,
261 678 54 16 samt
338 681 25 14 en
379 675 24 20 af
416 675 143 25 Guvernören,
572 674 32 27 på
619 674 98 26 ansökan,
733 673 119 29 tillförord-

105 709 50 27 nad,
167 709 100 27 juridiskt
281 709 72 20 bildad
368 715 83 20 person,
466 709 86 19 hvilken
568 709 67 19 tillika
654 715 49 20 eger
720 709 46 19 föra
780 712 71 23 proto-

105 744 73 25 kollet,
204 744 39 19 och
261 750 26 14 en
310 744 23 20 af
353 743 158 20 vederbörande
533 743 117 27 krigsbefäl
674 743 75 20 utsedd
774 744 74 20 officer

105 779 46 19 från
174 780 105 18 närmaste
301 778 68 19 finska
383 780 68 24 trupp,
467 778 68 19 såsom
551 777 98 26 ständiga
663 777 123 21 ledamöter.
818 779 32 19 Då

105 812 89 21 nämden
224 812 34 19 vid
281 812 209 27 uppbådstillfällena
513 811 165 20 sammanträder
700 812 27 26 pä
743 812 25 21 de
784 813 69 20 skilda

104 847 222 27 uppbådsområdenas
347 847 178 26 samlingsställen
544 845 113 28 förstärkes
687 846 38 20 den
749 847 49 20 med
820 849 31 18 tre

103 882 118 20 ledamöter
242 881 46 21 från
308 882 73 26 hvarje
396 882 32 19 till
444 882 95 19 området
553 881 95 20 hörande
663 881 106 21 kommun.
800 881 50 20 Sist-

104 916 90 20 nämnde
225 916 124 26 ledamöter,
383 916 72 20 hvilka
477 922 40 20 ega
538 917 86 19 rösträtt
649 916 74 20 endast
744 916 7 20 i
773 916 78 26 frågor,

104 958 45 13 som
178 953 49 17 röra
255 951 61 19 deras
346 957 53 20 egen
427 950 106 26 kommun,
561 952 56 18 utses
643 950 23 19 af
692 950 159 27 kommunerna,

103 985 88 20 sålunda
219 984 72 27 likväl,
325 987 30 17 att
384 985 6 19 i
420 984 123 21 kommuner
572 985 27 26 på
621 984 72 20 landet
715 986 132 20 kommunal-

104 1019 101 21 nämdens
221 1019 126 21 ordförande
363 1022 22 16 är
400 1019 141 27 sjelfskrifven
557 1019 94 20 ledamot
665 1019 7 19 i
696 1020 154 26 uppbådsnäm-

103 1053 47 20 den.
181 1053 33 20 Då
236 1054 25 19 de
283 1053 135 20 kommunala
440 1054 163 20 medlemmarne
625 1054 74 26 väljas,
718 1054 39 20 bör
770 1054 81 26 jemväl

102 1087 74 27 nödigt
191 1088 56 20 antal
264 1088 137 26 suppleanter
416 1089 57 19 utses
488 1088 33 19 för
536 1090 31 17 att
584 1087 36 20 vid
637 1088 126 20 inträffande
779 1088 72 20 förfall

103 1122 60 19 träda
185 1122 6 20 i
207 1122 26 20 de
248 1122 155 20 förstnämndes
419 1122 68 20 ställe.
517 1121 194 27 Uppbådsnämden
727 1125 23 17 är
765 1129 85 19 gemen-

103 1163 44 14 sam
171 1156 32 21 för
225 1156 211 27 uppbådsområdena
454 1157 6 18 i
476 1158 31 18 ett
521 1156 44 20 helt
574 1156 41 25 län,
632 1163 47 13 men
695 1159 23 17 är
732 1156 59 20 länet
806 1156 44 20 vid-

104 1190 86 27 sträckt,
206 1191 40 20 och
262 1190 210 27 uppbådsområdena
486 1190 6 19 i
509 1190 51 27 följd
573 1190 61 20 deraf
640 1190 23 20 sä
671 1190 83 27 många,
766 1192 30 19 att
805 1193 45 17 vär-

104 1225 199 27 nepligtsärendena
317 1225 92 26 pröfvas,
426 1225 48 20 icke
489 1225 24 19 af
527 1231 24 13 en
567 1225 62 19 nämd
646 1225 70 19 kunna
728 1225 123 20 medhinnas

103 1260 35 19 må
161 1262 30 18 ett
213 1260 74 19 sådant
302 1259 35 20 län
353 1259 91 21 fördelas
460 1260 6 19 i
482 1259 35 20 två
533 1259 105 26 områden,
655 1259 32 20 för
701 1259 73 20 hvilka
790 1259 60 20 hvar-

103 1293 51 21 dera
169 1301 26 13 en
211 1293 159 27 uppbådsnämd
385 1293 104 20 tillsättes.

409 1374 10 21 $
436 1372 33 19 44.
485 1372 54 24 (51)

171 1418 41 21 För
234 1417 162 28 upplysningars
418 1417 137 20 meddelande
575 1420 37 17 äro
627 1417 160 22 vederbörande
802 1419 48 20 kro-

103 1453 123 21 nolänsmän
249 1452 40 20 och
313 1451 143 21 stadsfiskaler
471 1451 96 28 skyldige
583 1454 31 18 att
629 1451 34 21 vid
680 1452 171 27 uppbädstillfäl-

102 1489 49 20 lena
166 1487 101 21 nämdens
283 1487 168 21 sammanträden
466 1486 83 21 bivista.

175 1533 198 23 Värnepligtsutskotteis
385 1533 110 17 Betänkande
509 1533 31 17 N:o
553 1533 16 17 1.
