1042 1692
210 162 27 22 26
497 160 53 23 N:o
566 160 57 22 40.

182 228 88 27 siggått,
294 228 84 22 skrider
394 228 269 22 distriktskommissionen
681 229 33 21 till
730 228 97 26 mätning
843 228 40 21 och
899 228 39 21 be-

183 263 95 26 sigtning
301 262 23 22 af
345 262 26 21 de
389 263 135 27 uppbådade,
544 262 35 22 för
597 263 120 21 utrönande
733 263 106 21 huruvida
855 263 26 21 de
897 264 38 20 äro

182 297 35 21 till
232 297 129 27 krigstjenst
376 297 92 26 duglige.
488 297 42 21 Vid
540 297 93 21 nämnda
643 297 162 27 förrättningar,
817 303 46 15 som
873 296 64 22 verk-

183 332 77 20 ställas
274 331 8 21 i
298 331 95 27 enlighet
408 332 49 20 med
472 332 26 20 de
513 332 32 21 uti
561 331 158 21 instruktionen
735 332 75 20 derom
825 333 112 25 upptagna

184 365 142 26 föreskrifter,
351 365 72 21 kunna
442 366 79 26 jemväl
540 368 92 19 närvara
647 366 33 21 till
697 366 66 21 saken
779 366 47 21 icke
840 366 97 21 hörande

184 406 108 20 personer,
308 400 46 21 ifall
374 399 143 22 ordföranden
535 400 35 21 för
587 400 167 22 kommissionen
769 400 68 22 finner
857 400 80 26 skäligt

184 434 77 21 sådant
276 434 76 22 tillåta.

531 464 12 27 8
559 464 32 20 77.

256 503 57 21 Frän
328 503 96 27 mätning
440 504 38 20 och
494 503 122 27 besigtning
632 503 80 21 befrias
728 504 27 21 de
771 509 46 15 som
831 503 70 21 förete
916 503 25 21 af

184 537 136 27 legitimerad
336 538 73 20 läkare
423 537 112 21 utfärdadt
546 538 60 26 intyg
617 538 105 26 deröfver,
733 540 33 19 att
777 538 26 20 de
813 538 7 20 i
831 538 107 21 anseende

184 572 35 20 till
234 572 72 26 längd,
317 571 226 27 kroppskonstitution
555 572 38 21 och
603 572 162 21 helsotillständ
776 574 37 18 äro
824 572 34 21 till
868 572 71 26 krigs-

185 606 66 27 tjenst
266 606 93 27 duglige.

533 635 11 27 8
561 636 32 20 78.

258 674 120 28 Uppgifver
399 675 144 27 värnepligtig
565 675 36 21 vid
619 675 150 27 besigtningen
789 675 32 26 sig
837 681 51 15 vara
904 675 35 21 be-

187 709 76 21 häftad
278 708 48 22 med
337 709 129 21 fallandesot
477 710 51 20 eller
539 716 70 14 annan
623 709 85 21 fördold
719 709 106 27 sjukdom,
837 715 45 15 som
892 709 48 21 hin-

187 743 51 21 drar
253 743 77 21 honom
346 745 33 19 att
394 744 92 20 uthärda
501 744 133 26 krigstjenst,
651 743 55 21 skall
721 743 42 21 han
778 744 75 26 styrka
863 744 77 20 sädant

186 784 77 20 genom
286 778 59 22 bevis
368 778 24 22 af
409 778 134 27 legitimerad
559 778 73 22 läkare
649 778 52 22 eller
716 778 223 22 kommunalstämma.

534 841 11 27 8
562 842 32 20 79.

259 881 275 21 Distriktskommissionen
558 883 24 19 är
597 881 47 21 icke
659 881 86 21 bunden
761 881 22 21 af
797 881 144 27 besigtnings-

186 915 55 21 eller
256 921 69 15 annan
340 915 92 26 läkares,
448 915 18 27 ej
482 915 101 22 heller
563 911 27 36 af
591 915 228 22 kommunalstämmas
829 915 113 22 utlåtande

186 949 112 26 angäende
321 949 26 21 de
370 949 145 26 besigtigades
539 949 125 27 oduglighet
683 949 32 21 till
735 949 133 28 krigstjenst.
899 949 42 22 Vid

188 983 150 26 besigtningen
354 984 133 20 närvarande
503 989 102 21 personer
620 983 64 21 hafva
699 983 105 27 rättighet
815 985 32 20 att
857 984 85 21 anmäla

189 1017 101 27 missnöje
306 1019 58 20 emot
374 1017 78 26 beslut,
462 1018 138 27 hvarigenom
611 1017 70 27 nägon
691 1017 107 22 förklaras
810 1018 88 27 oduglig
908 1018 34 21 till

187 1052 135 26 krigstjenst.
354 1051 45 21 Slik
422 1052 98 21 anmälan
543 1052 55 21 skall
620 1052 85 27 intagas
731 1053 8 20 i
761 1052 180 21 kommissionens

188 1086 115 27 protokoll,
324 1085 39 22 och
378 1088 24 18 är
418 1086 216 21 länekommissionen
649 1087 7 20 i
673 1086 76 21 sådant
765 1086 37 21 fall
818 1087 123 26 berättigad

188 1122 32 19 att
236 1120 12 21 &
264 1120 40 21 den
320 1120 23 21 af
357 1119 267 22 distriktskommissionen
639 1120 140 21 underkände
793 1120 45 21 låta
848 1121 93 20 anställa

187 1161 27 20 ny
230 1155 128 26 besigtning.

535 1184 11 27 8
562 1184 33 21 80.

260 1223 49 21 Alla
326 1223 7 20 i
352 1223 192 26 uppbädslängden
563 1223 84 21 införde
663 1223 39 20 och
718 1223 32 20 till
766 1223 176 26 uppbädsstället

188 1256 108 21 inkallade
319 1263 109 20 personer,
451 1257 72 20 hvilka
540 1256 95 22 befinnas
655 1256 33 21 till
704 1256 128 27 krigstjenst
847 1257 93 26 duglige,

189 1292 38 19 äro
250 1290 93 27 lottning
366 1290 165 27 underkastade,
551 1291 47 20 med
617 1290 110 27 undantag
745 1290 23 21 af
783 1290 54 26 dem,
854 1296 45 15 som
914 1289 29 28 pä

190 1326 43 19 sätt
255 1325 7 20 i
285 1325 11 28 &
321 1325 27 21 82
368 1324 142 27 omförmäles,
529 1326 52 20 utan
601 1324 93 27 lottning
712 1324 52 27 vilja
778 1325 8 20 i
802 1324 58 21 aktiv
876 1325 67 26 tjenst

188 1359 92 21 inträda.
311 1359 11 22 I
337 1359 69 22 denna
421 1360 94 27 lottning
531 1360 85 26 deltaga
631 1359 46 21 icke
694 1359 67 22 heller
777 1360 26 20 de
818 1359 7 21 i
835 1359 108 27 komplet-

188 1394 201 27 teringslängderne
404 1394 92 21 införde.

533 1458 11 27 8
561 1459 33 20 81.

260 1498 130 27 Lottningen
408 1498 129 22 verkställes
557 1498 89 21 särskilt
661 1497 33 22 för
710 1498 33 27 sig
758 1498 48 21 med
822 1497 122 27 värneplig-
