1025 1689
300 114 22 23 U.
339 115 24 21 B.
379 127 26 3 —
422 115 65 28 Prop.
505 115 39 23 N:o
559 116 39 22 40.
773 117 28 20 45

347 390 209 23 Reservationer:

147 452 34 22 Då
195 460 26 14 ur
236 454 92 21 motiven
351 454 32 21 till
399 455 41 21 den
458 454 79 28 nådiga
552 456 163 26 propositionen
729 455 101 29 framgår,

75 489 32 19 att
114 488 160 28 upphäfvandet
284 489 24 21 af
315 489 197 28 indelningsverket
519 490 47 21 icke
576 490 8 21 i
592 489 62 29 fråga
661 490 103 26 kommer,
775 492 56 19 samt

72 523 79 27 jemväl
174 524 11 26 8
201 524 12 20 2
229 523 7 21 i
260 524 40 21 den
323 531 42 20 nya
380 524 203 28 Värnepligtslagen
606 524 67 28 gifver
688 525 34 21 vid
737 525 92 25 handen,

75 559 32 19 att
129 558 281 28 värnepligtsinstitutionen
433 560 76 20 endast
527 560 24 20 är
566 561 32 19 att
612 558 71 22 såsom
699 560 132 26 provisorisk

74 592 118 26 betraktas,
207 592 63 22 hafva
285 593 26 25 vi,
327 593 49 21 med
387 594 114 27 anledning
518 594 23 20 af
554 594 42 21 den
610 594 103 27 förnyade
723 594 107 28 pröfning,

74 626 87 22 hvartill
177 626 107 22 Ståndens
306 627 77 21 remiss
398 628 135 28 uppfordrat,
554 628 86 21 stadnat
655 628 7 20 i
678 628 41 21 den
735 628 95 28 uppfatt-

74 661 58 27 ning,
148 663 32 19 att
194 661 54 21 intet
264 662 118 27 stadgande
397 662 8 20 i
421 662 70 21 denna
505 670 42 20 nya
562 662 42 28 lag,
620 662 47 22 icke
681 670 38 14 ens
735 663 33 26 de,
785 670 46 14 som

74 696 79 21 beröra
175 696 105 28 grundlag
303 696 53 21 eller
378 695 203 29 ståndsprivilegier,
604 696 54 22 böra
676 697 76 27 sjelfva
767 704 63 15 anses

74 738 52 13 vara
141 730 23 21 af
178 730 116 28 grundlags
310 732 69 20 natur.

147 765 31 21 De
201 765 131 27 paragrafer,
356 772 45 14 som
417 765 8 21 i
441 765 58 21 detta
514 766 122 21 hänseende
652 766 178 27 hufvudsakligen

74 800 72 20 kunna
156 800 7 20 i
174 798 61 29 fråga
245 800 92 24 komma,
353 801 38 19 äro
407 800 11 27 8
435 801 9 19 1
463 800 40 21 och
519 800 67 28 enligt
596 800 121 22 Utskottets
732 808 42 21 nya
788 801 43 21 for-

74 834 106 28 mulering
202 834 75 28 hela
269 830 17 38 $
299 836 12 20 2
336 836 56 19 samt
403 835 78 27 jemväl
505 835 11 27 &
533 836 47 20 120.
610 835 62 21 Hvad
688 836 63 21 dessa
765 843 66 21 para-

75 870 71 26 grafer
156 868 73 28 angär,
244 870 38 20 äro
293 869 19 21 vi
323 868 25 22 sä
357 869 33 21 till
401 870 48 21 vida
460 877 50 14 ense
521 870 48 21 med
580 869 122 22 Utskottets
713 870 117 27 pluralitet,

74 905 32 19 att
122 904 109 20 desamma
253 904 142 27 provisoriskt
409 904 108 27 upphäfva
540 904 99 28 gällande
655 905 176 27 grundlagsstad-

75 938 85 28 ganden
183 938 40 21 och
238 938 129 27 privilegier,
383 938 33 21 till
431 938 51 28 följe
497 939 76 21 hvaraf
586 938 72 22 beslut
673 946 35 14 om
723 939 55 25 dem,
794 946 37 14 en-

75 972 39 28 ligt
129 973 11 27 $
158 974 24 19 71
198 972 8 21 i
221 972 250 28 Landtdagsordningen,
487 972 41 22 bör
537 973 66 21 fattas
618 972 29 28 pä
658 973 116 28 Kejsarens
790 974 40 21 och

75 1007 144 21 Storfurstens
229 1007 158 27 framställning
399 1009 55 19 samt
469 1008 48 20 med
528 1008 43 20 alla
582 1008 77 21 Ständs
674 1008 69 26 bifall,
759 1007 71 22 såsom

75 1042 61 21 äfven
152 1042 68 20 redan
234 1041 64 21 skett.
320 1041 50 21 Men
385 1042 64 20 häraf
462 1042 62 28 följer
538 1042 54 25 icke,
609 1044 32 19 att
652 1042 63 22 dessa
727 1050 104 20 paragra-

74 1076 34 21 fer
123 1076 75 27 sjelfva
213 1075 53 21 böra
282 1075 83 21 erhälla
378 1076 111 28 betydelse
505 1076 23 21 af
541 1076 111 28 grundlag,
668 1084 27 14 en
708 1076 61 28 fräga
784 1084 46 14 som

75 1114 56 17 ännu
147 1111 25 20 är
187 1110 23 21 af
224 1109 96 22 Ständen
334 1110 86 21 lemnad
436 1110 104 28 oafgjord.
570 1106 67 26 Äfven
648 1110 121 22 Utskottets
784 1111 47 27 plu-

75 1146 73 20 ralitet
162 1146 40 20 har
212 1146 8 20 i
230 1145 60 21 detta
300 1145 101 22 afseende
411 1145 25 21 sä
446 1146 33 20 till
493 1146 48 21 vida
556 1145 120 22 modifierat
690 1146 33 21 sin
738 1146 92 28 tidigare

76 1179 61 28 äsigt,
154 1182 32 18 att
208 1180 11 26 &
236 1180 40 21 120
299 1180 24 20 af
340 1180 125 21 densamma
479 1187 89 15 numera
582 1180 107 22 förklaras
704 1180 34 21 väl
753 1180 78 22 beröra

76 1214 113 28 grundlag,
213 1221 48 14 men
283 1214 48 21 icke
349 1214 50 27 sjelf
412 1214 55 21 böra
481 1214 71 22 säsom
568 1214 105 28 grundlag
689 1222 69 14 anses.
788 1214 43 22 En-

76 1248 40 28 ligt
131 1248 37 21 vär
182 1248 138 28 uppfattning
335 1248 68 28 gäller
418 1249 59 21 detta
493 1256 33 14 om
542 1248 59 22 säväl
617 1249 70 21 denna
700 1256 47 14 som
762 1250 69 27 öfriga

76 1282 8 21 i
98 1281 62 29 fräga
175 1282 92 21 varande
282 1283 132 27 paragrafer.

148 1316 28 21 Vi
186 1323 50 14 anse
247 1317 108 27 nämligen
365 1319 32 18 att
407 1318 49 19 hela
466 1317 213 27 Värnepligtslagens
691 1318 140 20 förenämnda

76 1350 146 27 provisoriska
238 1352 62 19 natur
316 1351 63 27 utgör
393 1353 30 18 ett
438 1351 76 21 hinder
529 1353 32 19 att
582 1350 96 22 erkänna
693 1350 66 28 något
774 1351 57 21 stad-

77 1384 70 29 gande
162 1384 8 22 i
185 1384 124 22 densamma
322 1385 71 21 säsom
408 1385 111 28 grundlag.
549 1385 30 28 Ty
594 1392 34 15 om
644 1385 59 22 detta
719 1384 112 27 erkändes,

77 1420 70 22 blefve
162 1419 87 29 följden,
265 1421 38 24 att,
319 1419 47 21 ifall
381 1427 49 13 man
445 1420 49 22 ville
509 1420 109 28 upphäfva
636 1421 35 21 det
685 1420 146 28 provisoriska

149 1462 197 22 Värnepligtsutskottets
358 1462 108 17 betänkande
478 1462 35 17 N:o
525 1461 16 18 3.
