1025 1692
314 117 22 23 U.
354 117 22 23 B.
393 129 28 3 —
437 116 65 29 Prop.
520 117 38 23 N:o
574 117 40 23 40.
782 118 27 20 23

86 182 100 27 förvisad,
202 182 34 22 för
251 182 158 22 verkställande
425 182 22 22 af
461 182 67 22 sådan
544 182 159 28 omredigering
718 183 24 21 af
755 182 85 29 &8:nsin-

85 217 94 29 ledning,
202 217 87 22 hvartill
304 216 101 23 Ståndets
423 216 72 22 beslut
512 216 135 23 beträffande
662 217 113 22 införande
791 217 23 22 af
827 218 11 27 $

88 252 40 22 105
144 252 24 21 af
181 252 41 21 den
236 250 81 30 nådiga
331 251 164 28 propositionen
510 251 67 28 gifver
591 252 123 28 anledning.

154 285 34 22 Då
203 286 121 21 emellertid
339 285 101 22 Ståndets
455 287 8 20 i
478 285 60 28 fråga
554 287 93 21 varande
658 286 71 22 beslut
739 287 48 21 icke
797 287 43 21 för-

88 320 73 22 anledt
176 321 34 21 till
224 320 71 29 någon
311 320 82 29 åtgärd,
409 321 40 21 har
463 321 111 22 Utskottet
588 321 62 22 äfven
665 323 72 20 ansett
745 321 34 21 vid
791 321 48 21 dess

86 355 92 29 tidigare
193 355 140 28 formulering
349 355 22 21 af
385 355 11 28 $
412 356 26 21 97
454 355 54 22 böra
522 355 59 22 bero.

435 419 12 28 s
463 419 33 22 98.

155 459 11 22 I
182 460 34 27 8:n
238 459 90 22 föresläs
350 459 113 22 införande
486 459 23 22 af
527 459 89 23 dubbelt
631 459 11 28 8
658 459 77 22 tecken
751 459 90 22 framför

87 494 74 22 siffran
178 495 33 21 93.

426 547 11 28 8
454 547 47 22 100.

156 588 135 26 Ridderskapet
306 589 34 20 och
355 589 57 20 Adeln
429 587 39 22 har
482 587 28 29 pä
525 587 98 28 lämpligt
638 587 64 22 ställe
713 587 56 22 velat
778 587 64 21 hafva

87 623 67 21 insatt
170 624 32 20 att
218 623 110 22 sökanden
339 623 80 27 jemväl
434 623 40 21 bör
491 623 79 28 ingifva
586 622 132 29 tillförlitligt
733 621 59 30 intyg
807 628 34 15 om

88 657 53 29 godt
155 657 142 28 uppförande.

157 694 70 19 Preste-
246 693 34 20 och
295 693 142 20 Bondeständen
453 691 63 23 hafva
532 691 97 23 uteslutit
645 693 66 21 orden
728 693 67 26 ,eller
809 692 34 22 till

89 726 172 22 tukthusstraff*.

157 761 60 22 Enär
232 760 92 23 sälunda
338 763 77 20 tvenne
431 760 66 23 Ständ
512 761 92 29 päyrkat
618 763 32 21 ett
664 762 142 29 försvagande
822 762 24 22 af

90 796 95 22 vilkoren
205 796 34 21 för
257 798 32 19 att
304 798 108 26 mottagas
427 795 71 23 säsom
512 796 105 26 volontär,
632 797 77 21 medan
729 799 31 20 ett
775 796 69 23 Ständ

90 831 56 22 velat
161 830 63 22 hafva
240 831 110 21 desamma
365 831 95 27 skärpta,
475 831 61 22 torde
552 831 35 21 vid
597 831 122 23 Utskottets
728 832 24 22 af
763 832 81 29 Borga-

91 865 113 23 reständet
219 865 115 29 godkända
348 865 139 29 formulering
501 865 21 22 fä
536 865 60 23 bero.

431 924 12 28 8
460 926 47 20 101.

161 966 165 25 Borgareständets
340 964 35 22 vid
390 965 12 27 $
419 966 27 20 10
460 964 136 23 framställda
610 964 96 29 yrkande
721 964 29 29 pä
765 964 80 29 förtyd-

94 998 86 29 ligande
193 999 79 27 jemväl
288 1000 23 20 af
327 999 11 28 $
361 1000 40 20 101
420 1000 39 21 har
477 1000 60 28 gifvit
552 999 121 23 Utskottets
689 999 116 28 anledning
814 1001 32 20 att

93 1033 115 22 hemställa
224 1040 33 15 om
272 1034 95 28 följande
383 1034 81 28 lydelse
479 1034 24 22 af

433 1093 11 27 8
461 1093 48 21 101.

300 1133 44 22 För
362 1134 102 26 volontär,
481 1141 45 15 som
540 1134 64 27 enligt
618 1134 9 20 i
640 1133 126 28 föregäende
778 1132 16 28 $
810 1140 37 15 an-

232 1168 63 27 förda
315 1169 93 27 grunder
427 1169 95 21 inträder
536 1169 8 21 i
559 1168 55 22 aktiv
629 1169 68 27 tjenst,
712 1168 67 28 gäller
793 1168 56 22 hvad

232 1204 9 20 i
255 1203 15 28 $
290 1204 28 20 10
330 1203 94 27 jemförd
437 1203 48 21 med
498 1202 15 29 $
529 1204 31 20 33
575 1210 33 15 om
624 1203 105 27 tjenstetid
743 1203 36 21 vid
793 1203 55 22 aktiv

234 1240 63 24 trupp
314 1237 37 22 och
364 1245 94 14 reserven
473 1238 63 27 sagdt
550 1239 32 20 är.
611 1237 48 23 Har
672 1238 44 22 han
727 1237 66 23 redan
800 1237 49 27 full-

233 1272 56 28 gjort
312 1272 137 28 tjenstgöring
471 1272 36 22 vid
528 1272 54 22 aktiv
603 1275 61 25 trupp
686 1272 49 22 eller
749 1279 100 20 reserven,

235 1307 123 21 bestämmes
374 1307 131 26 tjenstetiden
517 1314 74 20 genom
607 1307 58 27 aftal.

436 1363 11 28 8
465 1364 47 21 102.

168 1405 140 21 Presteständet
328 1403 40 22 har
387 1402 135 24 äterförvisat
538 1404 34 28 &:n
590 1403 34 23 till
639 1403 118 27 Utskottet,
772 1403 33 22 för
821 1404 32 20 att

100 1433 74 26 orden,
199 1433 55 27 ,den
275 1432 130 29 uppbädade
427 1433 170 28 gemenskapen"
621 1432 66 23 måtte
706 1433 87 29 utbytas
809 1434 45 20 mot

174 1475 199 23 Värnepligtsutskotteta
385 1476 107 17 betänkande
503 1476 36 17 N:o
551 1474 16 18 3.
