1023 1695
266 159 80 23 Ständ.
362 160 37 23 Sv.
414 173 27 3 —
457 161 70 27 Prop.
543 161 39 22 N:o
596 160 38 23 40.
764 161 28 21 43

147 229 47 20 med
209 229 39 20 den
264 228 70 25 första
350 229 69 28 dagen
434 230 9 20 i
456 229 106 21 månaden
577 231 49 19 näst
638 229 54 28 efter
702 230 46 25 den,
760 229 62 21 hvar-

147 263 69 20 under
231 263 44 20 han
290 263 96 26 antagits
401 263 8 21 i
424 264 98 26 tjensten,
538 263 39 21 och

215 297 22 26 €)
246 296 42 27 för
303 297 47 24 den,
366 297 83 21 hvilken
469 299 53 19 utan
537 297 71 21 visadt
623 297 51 28 laga
685 297 87 26 förfall
786 297 36 20 vid

148 330 40 21 den
204 329 108 22 bestämda
328 330 125 27 tidpunkten
468 330 116 28 uteblifvit,
594 331 56 28 från
662 331 132 28 påföljande
810 331 13 20 1

148 363 47 29 Maj
210 364 52 21 eller
276 365 13 20 1
303 364 122 21 November.

455 422 15 27 $
485 423 34 20 13.

216 461 16 20 I
248 461 101 21 händelse
371 461 66 27 behof
450 461 92 28 uppstår
560 463 32 19 att
612 461 78 28 bringa
705 463 118 26 trupperna

149 495 35 21 till
199 495 129 28 krigsantal,
344 495 56 21 skall
416 495 91 22 Senaten
520 495 88 28 afgifva
613 496 90 28 förslag
714 496 110 27 angående

150 529 136 21 bestridande
302 530 30 27 af
342 530 25 21 de
381 530 86 21 dermed
476 529 108 28 förenade
599 529 121 22 kostnader.
750 530 75 28 Derpå

149 563 77 21 varder
245 564 89 21 medelst
351 563 119 28 Kejserligt
487 563 102 28 Reskript
604 564 35 21 till
656 563 169 29 Generalguver-

150 599 67 19 nören
232 604 96 15 reserven
345 597 100 22 inkallad
460 599 35 20 till
510 599 144 27 tjenstgöring
668 599 9 20 i
692 598 70 21 sådan
778 599 47 20 ord-

151 632 131 27 ningsfölja,
302 634 32 19 att
353 632 48 21 4:de
421 632 121 21 ärsklassen
560 631 85 28 främst
663 633 88 25 anlitas,
770 635 56 18 samt

151 667 94 26 derefter
263 667 42 20 5:te
324 666 127 21 ärsklassen.
481 666 105 27 Behöfves
600 665 227 29 förstärkningsman-

151 700 53 27 skap
220 701 129 26 derutöfver,
365 700 111 28 uppbädas
491 701 63 26 3:dje,
568 701 64 21 2:dra
647 701 38 20 och
700 702 55 19 1:sta
770 701 56 20 klas-

152 741 63 15 serna
230 736 9 19 i
253 742 29 13 nu
297 735 102 28 angifven
413 735 70 28 följd.
512 735 80 21 Första
611 735 84 21 klassen
714 735 43 20 kan
775 735 53 20 dock

152 769 75 21 endast
242 770 8 20 i
265 769 36 21 det
310 769 48 28 fall
373 769 88 26 anlitas,
477 772 32 18 att
523 769 40 21 den
578 769 67 21 redan
662 769 122 28 genomgått
799 771 29 18 ett

152 803 149 28 öfningsmöte.
331 803 100 21 Inkallas
453 803 44 21 icke
516 803 34 21 hel
567 803 103 26 ärsklass,
688 803 48 21 sker
756 806 72 25 uttag-

152 839 80 26 ningen
253 838 47 20 med
318 838 86 28 ledning
419 838 30 27 af
459 838 40 21 den
517 838 67 20 redan
598 838 162 28 försiggängna
778 839 50 19 lott-

153 872 79 27 ningen
254 874 56 19 samt
331 871 63 27 äfven
409 873 8 19 i
432 872 68 27 öfrigt
518 872 67 28 enligt
603 872 25 21 de
637 872 41 27 för
692 872 86 21 inträde
793 872 36 20 vid

153 906 73 22 aktiva
240 910 119 24 trupperna
374 906 105 28 stadgade
493 906 103 28 grunder.

461 964 15 27 $
490 964 33 20 14.

222 1004 33 21 På
268 1004 171 28 framställning
459 1003 28 27 af
502 1003 92 21 Senaten
613 1002 124 22 bestämmer
752 1002 78 28 Kejsa-

155 1046 38 14 ren
209 1039 37 21 och
263 1038 137 28 Storfursten
415 1038 25 21 de
456 1038 168 27 befattningar
613 1032 10 38 i
633 1040 81 18 statens
729 1036 37 22 och
776 1037 55 21 kom-

155 1080 89 14 munens
267 1074 70 28 tjenst,
360 1072 71 22 hvilka
454 1074 38 19 äro
510 1072 30 28 af
555 1071 142 28 beskaffenhet
716 1074 33 18 att
768 1071 63 21 deras

155 1108 149 27 innehafvare,
320 1107 66 21 ehuru
401 1107 96 21 hörande
513 1107 35 20 till
562 1113 103 19 reserven,
677 1106 67 21 likväl
753 1105 35 21 mä
799 1105 32 21 be-

152 1143 62 26 frias
225 1142 57 27 från
298 1144 32 18 att
345 1141 34 21 till
394 1141 58 21 aktiv
468 1141 144 27 tjenstgöring
627 1140 102 21 inkallas.

434 1201 59 51 Kap.
509 1220 48 22 HL.

158 1276 38 21 Om
212 1275 26 20 de
252 1275 32 20 vid
300 1273 65 22 aktiva
381 1275 114 25 trupperna
510 1274 38 19 och
564 1279 97 15 reserven
676 1272 94 21 anstälde
785 1277 47 20 per-

193 1315 73 15 soners
282 1308 164 26 medborgerliga
463 1307 122 26 rättigheter
600 1307 38 20 och
653 1306 145 27 skyldigheter.

463 1352 15 27 $
493 1352 34 20 15.

226 1393 108 26 Pergoner
348 1393 8 20 i
371 1391 58 22 aktiv
451 1391 64 28 tjenst
536 1390 82 21 räknas
634 1390 146 27 fortfarande
798 1389 35 22 till

160 1429 26 22 de
200 1428 128 25 kommuner,
344 1425 71 22 hvilka
430 1425 25 21 de
471 1425 101 21 tillhörde
589 1425 36 20 vid
643 1424 95 21 inträdet
754 1424 8 21 i
778 1424 56 27 tjen-

160 1466 53 22 sten,
228 1469 47 15 men
290 1464 38 19 äro
343 1460 70 22 under
427 1460 70 21 denna
513 1459 109 28 tjenstetid
632 1458 96 27 befriade
732 1457 58 28 frän
801 1461 33 19 ut-

160 1498 96 29 görande
271 1496 29 27 af
310 1496 46 21 alla
367 1494 114 29 personela
496 1493 110 30 utskylder
621 1493 39 23 och
674 1493 80 23 besvär.
