1025 1695
254 155 80 22 Ständ.
349 155 38 22 Sv.
403 168 27 2 —
445 155 70 28 Prop.
530 155 41 22 N:o
585 155 37 22 40.
754 157 26 20 67

201 225 33 20 2:0
250 223 46 25 den,
312 230 44 14 som
372 223 71 27 blifvit
457 223 122 27 inskrifven
593 224 37 21 vid
639 231 104 18 reserven,
754 225 55 19 und-

129 257 43 26 får
182 257 56 20 bevis
248 257 101 26 deröfver
359 257 47 20 med
416 257 88 28 uppgift
511 258 32 26 på
553 257 55 21 hans
619 258 143 25 lottnummer;
772 258 37 20 och

200 292 33 19 3:o
248 291 47 25 den,
312 290 22 21 åt
353 291 85 20 hvilken
457 291 96 27 beviljats
568 291 98 27 uppskof
678 291 47 21 med
740 293 69 18 inträ-

134 325 34 20 det
183 325 8 20 i
206 325 72 26 tjenst,
296 327 57 18 samt
367 325 48 25 den,
430 331 44 14 som
490 324 38 21 bör
542 325 97 27 undergå
649 330 30 22 ny
689 325 120 27 besigtning

134 359 52 20 eller
200 359 48 20 står
262 358 69 21 under
346 358 135 28 ransakning
497 359 51 20 eller
563 359 73 25 tilltal,
651 359 96 21 erhåller
761 361 50 18 tem-

128 395 83 25 porärt
225 393 68 27 intyg,
309 393 8 20 i
332 392 80 21 hvilket
427 393 96 27 tydligen
538 393 114 28 uppgifves
662 393 85 28 hvarpå
756 400 54 21 upp-

133 426 106 22 hörandet
258 426 30 27 af
302 426 48 21 dess
367 426 102 28 giltighet
485 426 72 26 beror;
576 427 37 20 och
629 429 27 18 är
670 426 140 28 innehafvare

134 460 30 28 af
176 460 80 22 sådant
274 460 61 28 betyg
351 460 82 28 pligtig
452 463 38 21 att,
505 461 67 21 sedan
592 461 58 21 tiden
662 460 42 28 för
718 462 92 26 intygets

132 494 100 28 giltighet
247 496 77 26 utgått,
340 495 88 21 anmäla
443 496 33 26 sig
486 495 37 21 hos
533 495 157 21 vederbörande
699 495 110 27 uppbåds-

135 530 71 24 nämd,
216 529 42 27 för
273 532 33 18 att
320 528 84 22 erhålla
422 530 157 20 underrättelse
594 536 32 14 om
643 530 58 20 tiden
716 532 42 18 när
773 529 37 21 och

135 566 59 18 orten
214 563 83 21 hvarest
316 563 43 21 han
378 563 37 21 bör
432 564 87 27 infinna
537 564 33 27 sig
584 564 41 26 för
642 566 33 18 att
695 563 115 27 besigtigas

135 598 38 20 och
188 600 106 25 mottagas
309 598 9 20 i
333 598 72 26 tjenst.

404 655 59 27 Kap.
478 655 64 22 XIV.

392 702 39 21 Om
455 703 98 25 frivillige.

443 749 16 25 $
473 750 32 20 90.

205 778 85 26 Önskar
306 783 73 27 nägon
398 783 89 21 inträda
505 783 69 20 säsom
586 781 99 28 frivillig
700 781 36 21 vid
752 784 59 25 trup-

132 824 77 20 perna,
226 817 37 21 bör
278 817 44 21 han
338 818 35 20 till
392 817 156 21 vederbörande
567 816 244 28 bataljonskommendör

136 851 95 21 inlemna
246 851 121 27 ansökning
382 851 71 21 derom
469 851 36 20 och
521 850 73 28 bifoga
610 850 134 21 densamma
732 846 15 36 :

204 887 34 19 1:o
252 886 61 27 intyg
329 885 59 27 öfver
408 887 32 18 att
455 885 107 20 sökanden
577 885 94 26 uppnått
686 884 127 21 åtminstone

136 921 81 27 sjutton
232 921 37 19 års
291 919 62 21 ålder
373 919 43 26 och,
435 919 52 26 ifall
504 919 44 20 han
570 921 27 18 är
615 918 106 27 omyndig,
731 918 83 27 jemväl

137 954 55 21 bevis
212 954 28 27 af
250 953 119 28 föräldrar
387 953 52 21 eller
457 953 104 21 målsmän
579 952 59 27 öfver
654 952 107 27 samtycke
779 952 36 20 till

136 988 107 25 inträdet;

204 1024 34 20 2:0
254 1021 131 22 läkarebevis
400 1024 33 18 att
447 1021 109 21 sökanden
570 1021 9 20 i
590 1020 99 27 afseende
700 1021 13 20 å
724 1020 90 27 kropps-

138 1057 101 28 byggnad
258 1056 38 21 och
316 1056 159 21 helsotillstånd
493 1058 122 19 motsvarar
633 1055 25 21 de
673 1054 142 28 fordringar,

138 1098 44 14 som
198 1093 39 19 äro
253 1090 109 22 bestämda
372 1090 41 27 för
427 1090 157 28 godkännande
600 1089 35 21 till
649 1089 138 27 krigstjenst;

206 1126 32 20 3:0
254 1126 62 27 intyg
331 1124 59 28 öfver
399 1125 160 27 genomgången
569 1123 137 28 fullständig
717 1122 52 21 kurs
779 1122 36 21 vid

138 1160 72 26 någon
226 1159 29 27 af
266 1160 25 20 de
306 1160 8 19 i
328 1158 16 28 $
359 1160 28 20 32
401 1165 62 14 mom.
477 1160 14 20 2
506 1158 37 20 och
553 1159 14 19 3
577 1158 97 20 nämnda
687 1157 129 20 läroinrätt-

139 1194 86 26 ningar,
241 1193 53 20 eller
308 1192 60 27 öfver
379 1192 138 28 ädagalagda
527 1191 149 21 motsvarande
687 1190 129 27 kunskaper,

140 1228 51 20 eller
208 1226 35 21 ock
258 1227 59 27 öfver
332 1226 82 27 förhör
429 1226 66 26 enligt
505 1225 128 27 föreskrift,
649 1231 44 14 som
708 1224 30 26 af
750 1223 65 21 Sena-

141 1263 33 18 ten
190 1260 104 21 särskildt
309 1260 116 21 meddelas.

448 1294 15 27 $
478 1295 32 20 91.

210 1329 74 20 Såsom
295 1329 98 26 frivillig
408 1330 104 24 mottages
527 1327 19 26 ej
562 1327 47 24 den,
620 1333 44 14 som
675 1325 70 27 blifvit
755 1325 63 20 dömd

137 1363 41 27 för
194 1363 56 20 brott
265 1363 52 20 eller
332 1362 47 21 står
394 1361 69 21 under
479 1361 67 20 tilltal
560 1360 82 27 derför.

448 1418 15 28 $
479 1419 36 20 92.

210 1455 34 21 De
256 1454 109 28 frivillige
385 1453 119 28 tjenstgöra
522 1452 36 21 vid
577 1451 57 21 aktiv
655 1453 64 26 trupp
743 1453 28 18 ett
789 1451 32 20 är.

144 1489 101 28 Derefter
267 1488 74 21 kunna
364 1488 31 25 de,
415 1487 65 22 ehvad
499 1487 25 21 de
544 1486 72 27 blifvit
638 1485 129 28 befordrade
785 1485 35 21 till
