1048 1700
308 159 27 18 U.
351 160 27 16 B.
396 169 23 2 —
436 160 80 22 Prop.
536 160 46 18 N:o
597 160 38 17 40.
790 158 23 20 17

106 225 50 18 1:sta
171 223 125 27 &rsklassen,
310 224 121 20 halföfvade
464 241 4 4 .
498 241 4 4 .
533 242 4 4 .
571 242 3 3 .
605 241 4 4 .
640 241 4 4 .
674 226 68 26 5,300.

103 258 59 19 2:dra
225 258 11 12 ”
367 259 11 11 a
465 275 74 4 se
569 275 4 4 a
605 275 4 4 m
674 260 67 25 BO.

103 291 55 26 3:dje
226 292 10 12 ”
369 293 12 11 ”
466 309 4 4 :
501 309 38 4 sv
570 309 4 4 +
604 309 4 3 >
639 308 4 4 x
673 293 68 26 5040;

102 326 48 19 4:de
224 326 11 11 »
306 326 46 20 fullt
368 326 75 20 öfvade
468 342 1 4 .
500 342 5 4 .
536 343 3 4 .
570 342 5 4 .
606 343 4 3 .
641 342 4 4 .
675 327 68 25 1,577.

120 360 11 12 n
223 360 11 11 w
304 359 54 21 haft
399 361 12 11 O”
569 376 74 5 L
674 361 68 26 4,914.

103 390 41 35 5:te
223 394 10 12 ”
305 394 46 20 fullt
366 395 75 19 öfvade
469 411 1 4 .
502 410 4 11 ,
537 411 4 4 .
572 411 4 4 .
607 411 4 4 .
641 411 4 4 .
676 396 67 26 1,538.

122 429 11 11 D
221 428 11 11 2
303 429 53 19 halft
398 429 11 12 =»
466 444 39 5 ko
536 445 4 4 ao
571 445 4 3 =
605 445 5 4 s
641 445 4 4 x
675 429 68 27 4702.

490 463 84 20 Summa
590 470 71 13 reserv
763 463 82 26 28,329.

102 492 76 34 hvaraf
308 497 47 20 fullt
370 497 76 20 ofvade
471 513 4 4 .
506 513 4 4 .
541 513 4 4 co
577 513 4 4 so
611 513 39 4 cc
777 497 68 26 3,115.

308 531 107 20 halft?
472 547 38 4 or
611 547 39 4 soc
763 531 82 26 25,214.

172 564 92 21 Sålunda
285 566 82 26 uppgår
390 573 108 13 reservens
520 568 103 24 numerär,
647 566 65 27 enligt
727 565 118 21 Utskottets

104 600 79 26 förslag
207 600 31 20 till
262 602 30 18 ett
307 601 79 19 inemot
401 602 31 18 tre
448 602 79 26 gånger
543 601 22 20 så
579 601 53 26 högt
646 600 84 28 belopp,
747 607 44 14 som
806 601 40 20 den

104 635 66 27 enligt
192 635 40 20 den
257 635 77 26 nådiga
356 636 158 26 propositionen
529 635 67 20 skulle
611 637 81 25 utgöra.
722 635 38 20 Att
775 642 25 14 en
816 636 29 20 öf-

103 670 135 26 vervägande
260 669 34 20 del
317 669 23 20 af
360 670 121 20 densamma
502 670 84 20 komme
605 672 31 18 att
654 669 67 21 bildas
737 670 24 20 af
773 672 73 18 värne-

104 704 95 27 pligtige,
220 704 73 20 hvilka
318 705 18 25 ej
359 704 122 27 genomgått
500 704 134 27 tjenstetiden
652 704 6 20 i
673 704 72 20 aktiva
760 704 86 27 styrkan

104 739 38 20 bör
164 738 47 20 icke
233 738 70 20 kunna
327 738 107 20 betraktas
453 739 68 20 såsom
537 741 30 17 ett
582 738 74 20 hinder
671 738 32 21 för
718 739 47 20 dess
780 739 66 26 krigs-

104 772 116 28 duglighet,
235 772 27 20 då
277 773 69 20 denna
361 773 33 20 del
410 773 24 19 af
455 780 98 13 reserven
569 773 93 20 kommer
676 775 31 18 att
722 774 65 20 under
801 773 45 26 lop-

104 809 37 25 pet
166 806 23 21 af
209 807 25 20 de
259 809 32 18 tre
314 807 66 20 första
399 808 49 19 åren
464 807 162 20 sammankallas
641 807 31 20 till
689 808 102 26 öfningar,
808 808 38 20 och

106 842 113 26 dessutom,
241 841 69 21 såsom
332 842 65 20 redan
423 841 68 20 blifvit
509 841 126 27 framhället,
651 849 25 13 en
691 844 53 18 stam
765 842 24 20 af
801 842 46 20 fullt

107 876 142 26 vapenöfvadt
273 876 101 26 manskap
397 876 80 26 årligen
500 876 29 20 dit
544 876 60 26 ingår
622 876 46 20 från
683 876 72 20 aktiva
769 878 77 18 armén.

107 911 41 19 För
164 910 63 26 öfrigt
242 913 23 17 är
280 912 31 18 att
333 910 89 26 märkas,
439 912 30 18 att
484 910 34 20 vid
534 910 39 20 den
592 910 83 27 vanliga
690 910 157 27 kompletterin-

107 952 41 19 gen
168 945 31 19 till
215 944 89 27 krigsfot
319 944 23 20 af
355 944 25 20 de
396 944 71 20 aktiva
483 946 112 25 trupperna
610 944 54 20 blott
679 951 25 13 en
719 945 81 19 mindre
815 944 34 20 del

108 979 22 19 af
144 978 40 21 den
199 979 54 19 halft
267 978 76 20 öfvade
358 985 98 13 reserven
472 978 83 21 komme
570 980 30 18 att
616 978 32 20 för
663 978 74 20 sådant
751 978 97 22 ändamål

107 1015 61 25 tagas
183 1014 5 19 i
205 1013 97 27 anspråk,
318 1013 63 20 ehuru
396 1013 122 20 Utskotteti
536 1014 36 20 det
582 1012 126 27 föregående
718 1013 57 20 velat
786 1012 62 21 fram-

107 1048 57 19 hålla
182 1048 63 19 äfven
263 1048 49 19 hela
330 1047 66 20 aktiv-
416 1047 38 20 och
474 1050 205 17 reservnumerärens
694 1047 98 21 inbördes
807 1047 41 20 för-

108 1082 104 20 hållande.
242 1082 102 26 Slutligen
366 1081 38 21 bör
426 1082 18 25 ej
465 1081 88 21 förbises
568 1082 83 20 vinsten
666 1081 32 21 för
713 1081 135 21 nationalför-

108 1118 70 19 svaret
194 1116 66 27 deraf,
268 1118 32 19 att
310 1116 65 26 enligt
385 1115 119 21 Utskottets
516 1116 78 27 förslag
605 1116 6 20 i
622 1116 133 20 landtvärnet
766 1116 83 20 komme

109 1154 31 17 att
155 1151 49 27 ingå
220 1151 73 20 endast
307 1151 147 26 vapenöfvade
466 1151 97 20 element.

176 1185 109 19 Utskottet
306 1185 38 18 har
366 1184 75 19 härvid
458 1185 47 19 icke
521 1185 102 25 förbisett,
640 1186 30 17 att
684 1184 129 27 antagandet
829 1183 23 20 af

110 1219 61 19 dessa
186 1218 78 26 förslag
279 1218 83 20 komme
378 1219 30 18 att
424 1217 97 20 åhvälfva
536 1218 99 20 nationen
646 1218 6 19 i
663 1219 69 26 någon
744 1218 48 19 mån
802 1217 47 26 dry-

110 1259 50 19 gare
174 1252 144 26 uppoffringar
326 1247 10 35 -
342 1252 23 19 så
378 1252 35 19 väl
428 1252 64 20 under
508 1251 52 21 form
576 1251 23 20 af
615 1251 181 21 möteskostnader
811 1251 39 20 och

110 1286 92 26 aflöning
218 1286 23 19 af
253 1285 157 26 reservbefälet,
427 1292 43 13 som
486 1292 76 20 genom
577 1286 40 19 den
632 1286 36 25 tid,
683 1285 85 20 hvilken
784 1284 23 20 af
820 1284 29 20 öf-

110 1320 147 26 ningsmötena
271 1320 108 25 borttages
395 1319 45 20 från
456 1320 35 19 det
505 1320 127 25 produktiva
647 1319 88 25 arbetet,
750 1325 48 13 men
812 1318 37 20 Ut-

111 1352 79 20 skottet
212 1353 37 19 har
274 1353 68 19 tillika
361 1353 68 19 funnit
444 1354 30 18 att
488 1346 41 26 den
543 1353 110 26 betydliga
667 1353 112 25 tillökning
793 1352 7 19 i
815 1358 35 13 va-

111 1386 115 28 penstyrka
240 1387 100 19 nationen
354 1386 122 27 härigenom
492 1386 67 27 ernår,
574 1386 49 20 vida
637 1388 79 24 vägnar
727 1386 124 26 öfverväger

111 1422 113 20 tillskottet
238 1422 7 19 i
259 1421 83 20 bördor.

179 1456 9 20 I
204 1456 150 26 sammanhang
369 1455 87 20 härmed
471 1455 127 20 framställer
613 1455 32 27 sig
661 1455 39 20 den
716 1455 65 27 fråga,
789 1455 61 19 huru-

115 1492 47 19 vida
184 1492 30 18 ett
228 1490 88 20 sålunda
331 1489 143 27 organiseradt
490 1489 131 21 härväsende
635 1490 110 26 verkligen
759 1489 41 19 kan
816 1488 34 20 be-

184 1536 196 23 Värnepligtsutskottets
392 1534 110 18 Betänkande
515 1534 33 18 N:o
561 1535 16 17 1.
772 1535 11 17 2
