1039 1689
232 154 26 20 36
530 152 50 21 N:o
595 153 45 22 37.

207 221 34 21 sin
251 219 123 27 befattning
384 220 120 25 emottager
514 220 111 21 enskildas
633 219 78 22 skifter
719 220 40 21 och
767 219 137 27 handlingar,
915 226 38 15 an-

207 261 61 15 svare
284 253 34 22 för
333 254 62 21 deras
421 253 119 26 kartering,
560 253 39 21 der
614 253 68 22 sådan
697 253 69 27 enligt
780 259 30 15 nu
824 253 128 22 meddelade

206 288 138 22 föreskrifter
365 287 65 21 bordt
453 289 41 24 äga
515 293 54 16 rum.
609 287 34 22 Då
657 287 56 22 slika
732 287 89 22 skrifter
839 287 112 26 inlemnas,

208 323 83 26 åligger
307 322 37 21 det
359 321 87 22 derföre
461 321 42 21 den
518 322 152 26 emottagande
685 322 173 27 tjenstemannen
873 323 34 20 att
915 327 38 21 ge-

206 358 49 19 nast
280 355 167 26 tillkännagifva
476 355 107 21 huruvida
612 355 70 26 någon
703 355 57 21 brist
781 355 9 21 i
811 355 140 26 karteringen

205 389 123 26 förefinnes,
350 389 84 20 hvilket
452 388 135 21 inlemnaren
602 388 56 22 skall
673 389 65 21 ställa
753 389 33 26 sig
802 388 33 21 till
851 388 99 22 efterrät-

205 424 61 25 telse,
288 422 56 22 dock
368 422 49 21 med
440 423 79 20 honom
538 422 87 21 lemnad
640 423 44 20 rätt
699 424 38 25 att,
753 423 7 20 i
775 422 39 21 fall
829 423 43 20 han
887 428 64 15 anser

206 458 41 20 den
261 456 132 21 föreskrifna
414 455 139 28 karteringen
577 462 53 15 vara
653 456 86 27 oriktig,
765 456 99 22 deröfver
886 457 65 27 klaga

205 492 39 20 hos
267 491 41 21 den
328 490 134 27 myndighet,
484 490 69 21 under
578 490 87 22 hvilken
687 491 172 26 tjenstemannen
882 491 67 27 lyder.

206 524 134 27 Ansökning,
357 530 52 20 som,
424 524 7 21 i
447 524 49 21 stöd
512 524 22 21 af
547 525 58 21 hvad
619 524 182 27 författningarne
816 525 7 20 i
838 525 59 21 vissa
911 525 39 21 fall

205 559 78 25 tillåta,
306 558 68 20 under
396 558 82 27 omslag
493 558 110 25 insändes,
622 558 39 21 bör
675 559 8 20 i
699 558 72 27 vanlig
787 559 93 26 ordning
894 558 56 22 före-

204 593 76 26 läggas
303 592 161 21 vederbörande
487 592 132 27 myndighet,
638 598 53 21 som,
710 593 8 20 i
744 593 103 22 händelse
861 593 89 28 något
940 588 14 37 i

205 626 171 27 handlingarnes
397 625 113 27 kartering
534 625 97 22 befinnes
654 626 113 28 åsidosatt,
789 627 89 26 pröfvar
893 627 57 22 hvad

205 661 103 21 afseende
323 660 13 21 &
351 659 148 28 ansökningen
514 659 76 22 hafvas
605 660 41 21 mä.

272 694 65 21 Hvad
352 694 92 21 sälunda
463 700 34 15 om
517 694 142 27 tjenstemäns
678 695 140 27 ansvarighet
842 697 25 20 är
891 696 59 21 stad-

205 729 53 26 gadt
279 728 36 21 mä
337 728 55 21 dock
414 728 18 27 ej
457 728 109 27 tillämpas
581 728 13 21 å
608 730 67 25 prest,
698 729 27 21 dä
743 729 207 28 äktenskapsförord

205 762 34 22 för
254 762 79 21 honom
347 763 85 26 upptes.

548 796 11 28 8
574 797 35 21 20.

273 830 40 21 Om
332 829 117 27 stämpling
464 829 24 22 af
501 829 82 22 sådana
605 832 70 25 öppna
690 831 49 22 bref
753 832 12 21 &
781 833 105 26 embeten,
902 835 48 20 vär-

205 863 99 28 digheter
319 863 40 22 och
374 863 82 26 afsked,
472 869 46 16 som
533 864 23 21 af
564 864 55 21 hans
634 865 121 27 Kejserliga
770 865 102 29 Majestät
887 873 63 21 egen-

203 897 93 27 händigt
309 897 166 27 undertecknas,
490 897 97 28 besörjer
603 898 41 21 den
660 899 138 28 embetsman,
822 907 46 16 som
890 903 60 20 ären-

204 931 37 21 det
255 931 7 21 i
278 931 94 21 Senaten
386 930 126 28 föredragit.
528 931 50 22 Men
593 932 34 21 för
642 933 111 28 kartering
763 934 24 21 af
795 935 27 21 de
832 936 119 26 expeditio-

204 971 45 20 ner,
265 971 46 15 som
326 965 103 27 antingen
445 965 23 20 af
482 965 94 22 Senaten
599 966 54 21 eller
674 967 69 22 andra
765 969 137 22 embetsverk
916 971 34 20 ut-

204 998 80 27 färdas,
300 1004 62 15 svare
378 998 40 21 den
434 999 136 27 tjensteman,
591 1006 45 15 som
655 1001 151 27 expeditionen
828 1003 123 27 kontrasig-

204 1034 62 19 nerat
288 1032 60 26 eller,
364 1032 38 21 der
417 1032 189 27 kontrasignation
622 1034 18 26 ej
657 1036 37 24 ägt
709 1041 53 21 rum,
778 1036 125 22 densamma
917 1039 34 19 ut-

204 1066 79 21 färdat.

272 1100 42 21 För
330 1100 66 26 öfrigt
410 1100 36 22 mä
460 1100 19 27 ej
495 1101 71 27 nägon
580 1102 9 20 i
603 1101 68 27 tjenst
685 1102 92 23 insättas
793 1104 54 22 eller
861 1104 88 23 dermed

203 1134 103 21 förenade
325 1134 158 22 löneförmäner
498 1135 40 21 och
556 1136 130 26 rättigheter
708 1138 154 28 tillgodonjuta
883 1140 66 22 innan

202 1168 43 21 han
272 1168 101 21 fullmakt
395 1168 53 22 eller
469 1168 146 23 förordnande
631 1170 13 21 &
657 1170 101 29 behörigt
777 1174 173 28 stämpelpapper

202 1202 69 21 utlöst
285 1202 40 21 och
339 1202 107 26 uppvisat,
454 1202 114 23 hvaröfver
583 1204 162 23 vederbörande
761 1206 49 22 chef
819 1209 51 25 äger
885 1208 64 21 hafva

203 1234 81 27 tillsyn.

546 1270 12 26 8
572 1270 35 21 21.

270 1301 46 21 Har
338 1301 73 27 inlaga
433 1302 53 22 eller
500 1302 74 28 bilaga
589 1303 38 22 vid
642 1304 137 23 embetsverk
793 1306 73 22 blifvit
881 1309 66 20 emot-

202 1337 71 26 tagen,
299 1335 53 22 eller
374 1336 130 27 expedition,
526 1343 46 16 som
594 1339 25 21 är
640 1338 117 29 behörigen
773 1341 174 28 underskrifven,

202 1369 96 22 derifrän
313 1370 107 27 utgifvits,
436 1370 34 22 mä
485 1371 34 21 för
533 1371 114 23 bristande
661 1373 53 22 eller
729 1374 91 28 felaktig
834 1375 113 29 kartering

201 1404 71 27 någon
287 1404 82 27 påföljd
384 1404 19 28 ej
420 1405 82 22 drabba
518 1406 41 22 den
574 1407 105 28 enskilde,
695 1415 46 15 som
756 1409 92 23 skriften
870 1410 75 23 inlem-

201 1440 38 19 nat
254 1438 53 21 eller
322 1438 74 26 utfått,
411 1439 53 21 eller
483 1440 81 22 sådane
583 1441 90 23 skrifter
691 1443 40 21 och
749 1443 130 29 handlingar
897 1446 48 20 der-

201 1471 46 22 före
265 1472 83 22 lemnas
362 1474 53 20 utan
431 1473 107 28 afseende,
555 1476 53 21 utan
623 1482 52 16 vare
690 1477 78 22 endast
782 1478 164 24 vederbörande
