1042 1698
253 170 27 21 50
443 168 28 19 U.
485 168 30 18 B.
527 177 23 4 —
562 168 80 22 Prop,
655 167 43 18 N:o
711 168 38 16 44.

557 238 11 25 8
585 237 31 20 17.

431 271 58 21 Head
505 272 7 19 i
526 271 66 20 denna
605 271 120 25 förordning
740 271 24 19 är
779 271 59 24 sagdt
852 269 103 25 angående

374 305 138 20 icke-kristnas
525 304 127 26 förhållande
667 304 29 20 till
709 304 75 20 kristen
793 303 119 26 församling
923 303 32 20 be-

375 341 58 19 rörer
447 339 41 20 icke
502 338 147 27 grekisk-ryska
660 338 161 21 trosbekännare.

281 447 169 22 Vidkommande
465 447 101 27 slutligen

225 516 43 21 3:0.
297 514 122 27 Förslaget
436 515 39 22 till
489 515 142 26 förordning
646 521 38 15 om
699 521 83 15 ansvar
791 514 39 22 för
843 515 52 27 den,
906 521 50 16 som

304 548 111 27 olofligen
429 548 91 23 förmår
534 549 77 27 någon
625 549 40 21 till
680 549 127 27 öfvergång
823 549 54 22 från

439 588 30 16 en
483 582 103 22 troslära
600 582 40 21 till
655 589 85 21 annan,

227 634 24 20 så
268 633 45 25 har,
329 633 71 20 såsom
415 633 151 27 Lagutskottet
580 633 58 20 förut
654 633 78 25 anfört,
747 633 141 28 Kyrkomötet
903 636 52 18 utan

227 667 124 27 förändring
375 667 94 27 godkänt
491 667 123 23 detsamma,
635 667 117 27 hvarjemte
773 667 68 21 Mötet
860 667 95 26 anhållit,

227 703 32 19 att
277 701 103 28 förslaget
399 701 66 21 måtte
480 701 128 28 landtdagen
623 701 33 20 till
671 701 72 21 vidare
758 702 129 28 behandling
903 702 54 21 före-

227 735 80 28 läggas.

282 769 151 28 Lagutskottet
450 769 39 21 har
509 770 17 27 ej
542 769 67 21 heller
624 769 46 21 haft
685 771 32 19 att
732 771 57 20 emot
804 770 58 21 detta
876 771 80 27 lagför-

227 803 57 28 slags
304 803 93 21 innehåll
416 804 103 21 anmärka
535 805 67 26 något
616 805 71 24 annat,
703 805 27 19 än
745 806 32 19 att
792 805 165 21 åldersbestäm-

226 837 79 28 ningen
323 838 82 21 aderton
425 840 24 19 år
467 837 31 21 uti
519 839 8 19 1
549 840 11 25 &
579 837 67 22 borde
659 837 113 22 förändras
786 838 34 21 till
835 841 84 25 fjuguett
933 841 24 20 år

226 872 34 21 för
278 873 32 19 att
327 873 108 19 motsvara
456 872 25 20 de
497 872 111 21 enahanda
622 872 121 27 ändringar,
758 872 72 21 hvilka
845 873 111 21 Utskottet

227 905 110 27 föreslagit
359 907 32 19 att
405 905 97 27 vidtagas
517 906 7 19 i
538 905 100 21 afseende
653 906 13 20 å
682 906 10 20 7
710 906 39 20 och
764 906 13 20 8
793 906 23 27 $$
831 906 7 20 i
853 906 104 28 förslaget

227 947 34 14 om
279 940 83 20 kristne
381 940 167 20 trosbekännare
570 941 54 19 samt
642 940 13 20 5
676 940 10 27 $
705 939 8 21 i
730 940 103 27 förslaget
852 948 34 13 om
901 941 56 21 icke-

226 974 81 21 kristne
321 974 174 21 trosbekännare.
519 974 32 20 Då
566 974 58 20 detta
638 974 81 27 förslag
735 974 109 21 dessutom
859 975 56 21 afser
925 977 32 19 att

228 1009 80 20 ersätta
322 1008 143 28 otillräckliga
481 1008 39 21 och
536 1008 127 27 otidsenliga
678 1008 132 28 stadganden
826 1009 5 19 i
843 1010 71 20 ämnet
925 1010 31 21 uti

226 1042 77 28 Kongl.
323 1042 149 28 Kungörelsen
491 1042 40 22 den
554 1043 26 21 24
600 1042 89 21 Januari
706 1043 60 25 1781,
782 1043 87 21 hvarom
885 1050 26 14 en
926 1044 31 21 in-

227 1084 58 20 gress
307 1077 34 20 till
362 1077 153 27 författningen
538 1076 61 22 torde
620 1076 53 22 böra
692 1077 109 20 innehålla
816 1084 25 14 en
856 1078 99 28 antydan,

227 1111 33 21 får
281 1111 110 21 Utskottet
414 1111 109 21 vördsamt
544 1111 115 27 tillstyrka,
675 1112 31 19 att
728 1111 120 21 Ständerna
869 1113 88 20 måtte
947 1107 14 35 i

227 1144 37 22 sitt
279 1152 48 13 svar
341 1145 13 20 å
369 1145 160 27 propositionen
541 1144 80 28 jemväl
636 1144 44 21 låta
694 1145 50 27 ingå
760 1145 36 21 det
810 1146 146 28 underdåniga

226 1178 109 29 yttrande:

431 1226 30 19 att
483 1225 115 20 Ständerna
619 1225 45 20 med
685 1227 27 18 ett
732 1226 67 25 tillägg
821 1226 37 20 och
875 1233 25 13 en
919 1228 36 18 än-

377 1257 58 26 dring
450 1258 78 25 antagit
540 1257 37 21 den
593 1258 74 25 nådiga
680 1259 150 24 propositionen
842 1260 6 19 i
859 1259 52 20 hvad
919 1259 38 21 den

375 1293 58 18 rörer
453 1296 76 15 ansvar
542 1291 34 26 för
589 1291 165 26 proselytmakeri
769 1294 53 19 samt
833 1293 34 26 för
881 1294 32 19 sin
927 1293 32 21 del

375 1323 80 22 beslutit
468 1331 25 14 en
506 1324 121 27 författning
642 1325 6 20 i
664 1326 72 25 ämnet,
752 1327 24 20 så
792 1327 93 26 lydande:

225 1386 150 27 Förordning
392 1392 38 17 om
448 1393 82 16 ansvar
548 1386 40 23 för
606 1387 53 28 den,
674 1393 49 16 som
739 1388 111 27 olofligen
864 1388 91 23 förmår

260 1421 77 27 någon
351 1421 39 21 till
405 1420 128 28 öfvergång
547 1420 56 23 från
618 1427 29 16 en
661 1421 103 22 troslära
778 1422 40 21 till
834 1429 85 15 annan.

431 1467 48 21 Med
493 1468 86 26 ändring
594 1468 25 26 af
632 1467 70 27 Kongl.
718 1469 140 26 Kungörelsen
872 1470 37 21 den
925 1471 29 20 24

375 1501 87 21 Januari
477 1501 53 22 1781
548 1502 74 20 varder
638 1502 92 26 stadgadt
744 1508 43 15 som
799 1503 76 26 följer
866 1497 12 36 :

293 1539 138 23 Lagutskottets
445 1540 116 19 betänkande
574 1541 34 17 N:o
620 1542 26 16 14.
