1039 1692
214 148 28 21 26
400 148 28 18 U.
441 148 31 18 B.
485 158 22 3 —
520 149 81 23 Prop.
614 149 47 17 N:o
673 148 40 18 838.

257 212 35 28 dig
314 216 27 17 att
364 220 86 14 ansvara
459 213 37 27 för
511 214 17 27 ej
543 214 78 20 mindre
636 213 247 29 upptagningskostnaden,
900 216 28 18 än

254 246 29 22 all
308 247 64 22 skada
396 248 61 21 virket
479 250 66 19 såsom
568 248 91 30 liggande
682 249 8 20 i
712 252 71 18 vattnet
805 248 39 22 kan
866 248 61 29 hafva

248 283 122 29 förorsakat.

557 325 12 28 $
587 326 34 21 10.

324 367 118 28 Ersättning
461 367 24 28 af
502 368 25 20 de
541 368 8 20 i
563 366 18 29 $
595 368 15 21 3
625 367 123 22 omnämnda
763 367 42 28 slag
820 367 50 22 skall
880 367 46 28 för-

253 410 86 13 mannen
358 402 37 28 för
411 403 219 28 flottningsmanskapet
649 405 32 26 på
703 403 112 28 anfordran
838 403 86 28 erlägga.

252 437 78 22 Kunna
353 437 120 29 sakägarene
495 446 33 13 om
551 438 88 29 beloppet
661 438 25 29 af
705 438 37 21 slik
763 439 106 28 ersättning
884 439 41 21 icke

252 473 80 28 sämjas,
356 473 51 22 skall
429 474 110 21 detsamma
558 474 85 28 pröfvas
665 474 35 21 och
722 474 119 21 bestämmas
860 474 26 29 af
897 477 29 19 tre

252 509 46 22 med
314 513 64 18 ortens
386 509 146 28 förhållanden
546 509 33 22 väl
593 509 99 29 förtrogne
705 510 52 28 gode
767 513 58 22 män,
842 510 26 29 af
874 510 50 21 hvil-

252 545 26 20 ka
293 545 99 21 hvardera
403 549 74 24 parten
491 545 62 29 väljer
568 553 29 18 en,
614 549 52 17 samt
680 546 25 20 de
720 545 86 21 sålunda
821 545 58 22 valde
891 553 33 20 ge-

252 584 97 17 mensamt
371 584 41 17 utse
434 581 38 21 den
494 581 67 29 tredje.
597 581 147 28 Undandrager
761 582 29 28 sig
808 581 116 28 någondera

251 616 109 28 sakägaren
384 619 27 18 att
433 616 53 29 välja
503 617 41 27 god
564 624 54 18 man,
633 619 51 18 utses
699 617 57 28 begge
771 617 25 28 af
808 617 38 20 den
862 617 63 21 andre

248 655 83 24 parten;
347 652 35 21 och
396 651 108 22 tillkomme
519 652 105 21 enahanda
639 655 39 18 rätt
688 652 39 21 den
737 653 187 28 ersättningssökan-

251 688 31 25 de,
298 695 33 14 om
346 688 124 28 virkesägare
479 687 124 29 försummat
618 691 33 26 att,
664 689 31 27 pä
708 691 37 18 sätt
755 689 8 20 i
772 687 17 30 $
799 689 13 20 8
816 688 108 29 föreskrif-

251 731 37 18 ves,
303 722 56 30 gifva
374 724 29 28 sig
412 723 38 28 för
464 723 193 22 kronolänsmannen
671 724 6 20 i
689 724 54 21 orten
753 723 103 22 tillkänna.
876 724 48 21 Den

250 759 107 29 ersättning
378 759 50 29 gode
451 762 86 18 männen
555 757 84 31 bestämt,
653 759 56 26 skall,
721 760 60 28 jemte
796 760 81 21 arvodet
886 759 38 29 för

250 795 60 21 deras
319 794 129 28 förrättning,
464 798 67 24 genast
545 794 95 22 utbetalas
655 794 46 22 eller
716 794 126 22 säkerställas
850 803 72 21 genom

247 833 52 25 pant
322 829 46 22 eller
390 830 81 28 borgen;
491 830 46 22 eller
550 832 63 27 gånge
629 831 60 21 deras
704 830 63 28 utslag
782 830 51 29 eljest
847 830 31 21 till
893 834 31 18 ut-

250 866 96 28 mätning.
378 865 58 22 Dock
451 874 46 14 vare
512 866 38 22 den
565 866 46 21 med
626 866 81 28 utslaget
723 866 104 29 missnöjde
837 867 85 28 obetaget

250 905 28 17 att
293 902 34 20 vid
342 901 85 22 domstol
442 908 33 14 om
490 901 204 29 ersättningsbeloppet
703 902 64 25 tvista,
775 903 31 27 på
816 902 105 29 stämning,

251 944 49 18 som,
316 938 8 20 i
332 936 44 29 fall
389 938 56 20 talan
460 937 50 21 skall
525 945 56 14 anses
596 938 92 24 bevarad,
705 938 36 20 bör
755 940 83 26 uttagas,
854 938 9 20 i
877 938 45 20 stad

250 972 55 21 inom
327 980 24 14 en
374 973 76 21 månad
473 973 34 21 och
519 974 31 27 pä
565 972 67 22 landet
646 972 30 21 till
691 973 32 21 det
738 972 83 30 lagtima
835 974 88 20 härads-

248 1008 48 28 ting,
320 1007 71 22 hvilket
412 1010 33 19 två
460 1009 98 21 månader
573 1008 48 29 efter
636 1008 33 22 det
681 1009 51 28 gode
747 1011 96 19 männens
858 1008 65 29 utslag

249 1043 64 29 blifvit
329 1042 79 30 afsagdt
421 1043 50 27 först
485 1043 86 30 infaller.

553 1097 12 27 S
583 1098 33 20 11.

319 1138 85 22 Momm.
423 1139 55 21 1—7
495 1138 64 28 enligt
575 1138 74 28 nädiga
665 1138 156 28 propositionen.

318 1187 18 20 &
368 1186 49 21 Med
431 1186 118 28 fördelning
569 1186 35 21 och
618 1185 133 29 förvandling
766 1186 25 28 af
803 1187 57 24 viten,
876 1193 44 13 som

248 1222 59 27 enligt
322 1222 65 21 denna
396 1221 123 28 förordning
534 1222 89 24 ädömas,
635 1221 90 27 förfares
737 1223 31 26 pä
783 1224 37 18 sätt
835 1221 33 27 lag
884 1221 35 21 och

244 1256 147 29 författningar
402 1256 97 28 päljuda.

552 1302 12 27 S
582 1303 33 20 12.

318 1346 17 19 1.
366 1344 75 21 Denna
450 1339 126 65 förordning
588 1345 69 20 träder
671 1345 8 20 i
694 1343 120 23 verksamhet
829 1345 53 20 den.

248 1397 4 5 s
284 1397 5 5 wm
321 1396 5 5 s
579 1395 12 10 s
621 1381 29 20 dä
664 1381 77 28 nådiga
749 1379 148 30 förordningen
912 1381 8 20 i

248 1420 72 21 ämnet,
334 1396 67 49 gifven
412 1392 47 57 den
468 1395 42 42 2
512 1423 55 14 mars
582 1416 57 25 1873,
651 1416 79 28 upphör
740 1419 27 18 att
776 1416 60 29 gälla.
856 1416 64 21 Hvad

248 1452 98 30 tillförene
361 1453 101 28 angående
471 1451 78 29 flottled
565 1458 18 15 0.
595 1458 16 15 s.
623 1458 18 14 v.
653 1451 41 21 lika
705 1451 46 22 med
762 1451 157 28 propositionen.

318 1493 63 21 Mom.
398 1494 13 20 2
428 1492 136 22 oförändradt.

228 1542 134 20 Sammansatta
378 1543 50 24 Lag-
445 1543 30 18 och
491 1541 180 20 Ekonomiutskottets
686 1542 110 19 betänkande
810 1542 37 19 N:o
863 1541 17 20 &.
