1025 1695
319 136 31 38 U.
360 141 26 23 B.
405 153 17 3 —
444 141 59 28 Prop
519 141 41 22 N:o
577 136 33 38 44.
801 141 11 20 5

91 208 64 26 tagna
177 207 32 21 till
231 213 56 21 resp.
311 208 70 25 5,300,
404 209 64 24 5,168
491 207 40 21 och
553 208 63 25 5,040
637 205 51 23 eller
702 206 142 21 tillsammans

92 243 77 24 15,508
191 247 55 15 man.
277 242 43 21 Det
342 241 49 22 bör.
403 241 57 22 dock
475 241 84 21 märkas
575 242 33 20 att
623 240 106 27 ätskillige
744 240 51 27 ingå
808 240 36 22 vid

90 277 118 25 trupperna
227 275 73 22 säsom
314 275 98 27 frivillige
428 275 41 22 och
484 277 33 20 att
532 275 69 26 desse,
617 275 72 21 säsom
704 275 48 21 icke
767 275 77 21 beräk-

90 309 56 22 nade
165 309 7 21 i
188 311 127 25 truppernas
331 311 105 24 numerär,
452 309 84 22 minska
551 309 27 21 de
593 309 167 27 mötesskyldige
775 314 69 16 reser-

90 345 105 21 visternes
211 344 65 21 antal.
306 344 45 21 När
366 344 71 21 dertill
451 344 97 22 kommer
562 345 33 20 att
609 343 50 22 hela
669 342 180 28 beräkningen
823 338 30 38 af

91 381 127 19 numerären
238 380 24 19 är
280 379 77 21 endast
376 385 26 15 en
424 378 155 27 approximativ
594 377 134 28 tillämpning
743 377 23 22 af
779 378 66 21 andra

91 413 86 22 länders
194 413 127 27 erfarenhet,
338 413 90 22 emedan
442 413 69 21 sädan
525 413 48 21 frän
588 414 50 26 eget
651 413 51 21 land
718 413 79 21 saknas
805 412 41 22 och

92 448 38 22 vär
152 448 97 22 statistik
268 448 49 22 icke
336 448 44 21 kan
394 448 71 21 lemna
479 448 127 27 upplysning
621 453 35 15 om
671 448 81 21 sådana
766 446 79 22 förhäl-

92 483 86 26 landen,
196 488 45 16 som
256 482 57 22 vålla
327 482 101 22 befrielse
442 482 48 22 från
505 482 151 27 militärtjenst,
672 482 63 21 torde
746 482 37 21 det
791 482 56 22 varit

92 516 48 22 fullt
163 516 102 28 befogadt
288 518 33 20 att
342 517 8 21 i
368 523 27 15 en
409 516 120 28 ungefärlig
543 516 79 28 kalkyl,
638 516 85 22 hvilken
739 516 60 27 afsåg
814 517 34 20 att

92 552 71 21 lemna
187 558 26 15 en
231 551 46 22 bild
292 551 23 21 af
330 552 41 21 den
386 551 97 22 normala
498 550 127 28 årsutgiften
640 550 33 22 för
687 556 112 17 reservens
815 550 31 22 öf-

93 586 75 26 vande,
191 588 95 25 upptaga
308 586 167 22 reservisternes
496 586 59 21 antal
568 586 8 21 i
590 586 56 21 rund
661 585 59 22 siffra
734 585 33 21 till
783 586 63 26 5,000

92 626 51 15 man
158 620 7 21 i
180 620 103 22 medeltal
297 620 30 27 på
342 620 79 22 enhvar
436 620 23 21 af
473 620 27 22 de
514 622 34 20 tre
562 620 69 22 första
645 620 154 21 årsklasserna.

162 654 29 28 D)
220 654 138 22 Beträffande
378 654 125 22 Utskottets
524 654 224 26 kostnadsberäkning
765 653 35 22 för
815 652 31 22 öf-

94 689 149 27 ningsmötena
259 688 24 22 är
298 690 54 20 1881
368 689 49 21 med
432 695 27 16 en
474 689 95 21 årsklass
585 688 40 22 och
635 686 123 30 päföljande
767 688 24 22 år
798 688 50 21 med

94 725 78 20 tvenne
195 723 126 27 årsklasser,
339 723 62 21 torde
415 722 23 22 få
452 723 95 27 påpekas
563 724 33 20 att
611 722 41 22 den
666 723 8 21 i
688 722 158 28 promemorian

95 760 109 26 upptagna
218 758 93 22 kostnad
325 757 34 23 för
374 759 32 20 ett
414 758 34 21 års
456 759 73 21 möten
536 758 49 22 med
593 759 33 20 tre
635 757 121 22 årsklasser
764 758 84 20 ansetts

93 793 41 21 här
140 793 73 21 kunna
220 792 108 28 tillämpas
337 792 23 22 af
366 792 50 22 skäl
421 794 33 20 att
460 792 102 27 fulltaligt
569 792 57 22 befäl
641 792 47 22 icke
696 792 62 22 torde
767 791 80 22 erford-

94 834 35 15 ras
151 827 68 22 redan
243 828 61 24 1881!
318 827 41 21 och
374 828 33 20 att
422 827 119 21 detsamma
556 826 85 22 således
655 826 63 22 torde
732 826 73 21 kunna
820 826 29 21 dä

95 861 81 22 aflönas
195 861 49 22 med
264 861 41 22 den
321 867 82 16 summa
418 861 23 22 af
456 863 90 25 100,000
563 857 73 35 mark,.
651 857 38 35 som
705 861 7 21 i
727 866 120 21 promemo-

95 897 58 21 rians
168 896 73 27 kalkyl
256 898 23 19 är
294 895 76 22 främst
383 897 116 26 upptagen,
511 897 52 20 enär
573 895 70 22 denna
655 897 57 25 post,
720 895 32 22 för
759 895 90 22 bekläd-

95 931 43 22 nad
160 931 41 22 och
222 930 109 27 beväring,
354 930 48 22 icke
424 930 73 22 såsom
517 931 92 20 kontant
626 930 65 27 utgift
706 930 143 22 förekommer

96 965 133 22 omedelbart
245 965 54 22 efter
313 965 42 22 den
369 965 68 22 första
451 965 156 27 utrustningen.

165 1001 27 27 E)
226 1001 62 21 Hvad
311 1000 69 22 sedan
400 999 131 25 vidkommer
553 1000 142 21 nästberörda
714 999 61 28 fråga
797 999 53 22 eller

96 1036 120 22 kostnaden
232 1035 32 22 för
283 1035 41 22 den
338 1034 69 22 första
422 1035 150 27 utrustningen
587 1035 49 22 med
650 1035 144 21 beklädnads-
809 1034 40 21 och

96 1069 233 29 beväringspersedlar,
352 1069 64 22 hafva
437 1069 124 23 Utskottets
577 1069 143 27 beräkningar
734 1069 62 22 äfven
809 1069 42 21 här

97 1107 48 22 icke
167 1106 83 22 kunnat
272 1111 52 16 vara
338 1105 65 22 annat
418 1106 28 19 än
461 1104 174 27 approximativa.
664 1104 44 22 Det
722 1104 63 22 torde
799 1104 50 20 här-

98 1141 36 22 vid
148 1141 73 21 kunna
235 1139 91 22 förfaras
341 1139 101 27 antingen
458 1138 97 27 sälunda,
571 1140 34 20 att
618 1138 125 28 fullständig
751 1139 100 26 uppsätt-

98 1176 50 27 ning
167 1175 33 21 för
220 1180 27 16 en
261 1174 95 22 ärsklass
371 1172 114 27 anskaffas,
501 1173 40 22 och
556 1174 33 21 att
604 1172 70 22 denna
688 1172 68 23 turvis
770 1172 81 27 begag-

98 1216 38 15 nas
160 1209 61 22 äfven
236 1208 23 23 af
277 1208 27 22 de
319 1208 67 21 andra
400 1207 117 27 klasserna,
534 1207 53 22 eller
601 1207 41 22 ock
657 1208 39 25 att,
713 1206 68 28 enligt
794 1206 58 22 hvad

98 1244 114 22 Utskottet
226 1248 89 16 numera
326 1241 93 27 delgifna
433 1241 152 27 upplysningar
600 1240 58 28 gifva
672 1241 36 22 vid
722 1241 93 25 handen,
825 1246 26 16 en

98 1279 53 21 hvar
166 1277 23 22 af
202 1277 27 22 de
244 1278 33 21 tre
292 1275 69 22 första
375 1275 149 22 årsklasserna
537 1274 70 23 förses
621 1275 51 22 med
687 1275 38 22 det
732 1275 84 26 nödiga.
841 1274 10 21 I

100 1318 76 16 senare
197 1311 62 22 fallet
280 1309 76 26 skulle,
380 1311 51 20 enär
450 1309 68 22 första
537 1309 40 22 och
596 1309 67 22 andra
681 1309 57 24 årets
755 1308 98 27 öfningar

99 1345 96 28 försiggä
215 1343 135 28 kompanivis
370 1343 42 21 och
434 1343 138 26 ekiperingen
594 1343 73 22 dervid
684 1343 50 23 icke
749 1342 104 22 behöfver

99 1387 53 16 vara
165 1379 132 27 fullständig,
313 1377 147 23 kostnaderna
473 1377 65 21 ställa
553 1377 32 27 sig
600 1376 90 28 ungefär
704 1382 46 16 som
765 1376 73 28 följer:

169 1413 126 23 Beklädnad
310 1412 76 28 (enligt
400 1411 156 28 promemorian

100 1450 50 22 med
165 1449 109 27 undantag
289 1447 22 22 af
324 1447 122 28 vapenrock
461 1446 40 22 och
511 1446 45 22 vin-

172 1489 199 23 Värnepligtsutskotteis
382 1487 246 23 sammanjomkningsförslag.
