1025 1692
263 108 87 23 Ständ.
366 108 40 23 Sv.
423 122 27 3 —
466 109 74 28 Prop.
555 108 45 23 N:o
615 108 34 23 37.
786 109 13 21 5

75 174 145 28 lata-afgifter
235 174 68 22 blifva.
314 182 31 18 en
362 174 34 22 del
415 174 24 22 af
452 182 29 14 nu
496 174 139 22 existerande
651 174 177 29 stämpelvärden

75 210 23 20 af
119 210 130 27 pennivalör
271 209 34 21 för
326 209 119 22 framtiden
466 209 129 29 obehöfliga.
625 209 123 22 Ständerna
763 210 65 20 hafva

75 243 86 22 derföre
182 244 91 21 beslutit
295 246 38 26 att,
354 244 70 28 jomte
448 244 36 21 det
507 244 209 28 stämpelvalörerna
738 244 12 21 &
765 244 63 21 mark

74 278 136 25 fortfarande
225 278 62 22 skola
303 278 128 28 bibehållas,
448 278 118 29 stämpladt
581 284 82 22 papper
679 278 13 21 ä
702 278 68 28 penni
780 279 48 20 vär-

75 312 41 21 den
132 312 130 22 hädanefter
285 313 39 21 bör
345 313 113 21 tillverkas
480 313 75 21 endast
571 314 23 20 af
608 313 27 21 25
651 312 40 22 och
708 314 27 20 50
750 313 78 27 pennis

74 346 68 28 valör,
164 349 57 19 samt
243 347 193 29 stämpelmärken,
456 350 61 18 utom
533 348 12 21 &
561 348 62 20 dessa
639 347 93 27 valörer,
745 348 83 27 jemväl

75 382 25 20 af
115 382 33 26 10,
164 382 28 20 20
208 381 40 21 och
264 383 28 20 40
307 382 80 27 pennis
401 382 89 27 värden,
507 381 63 22 dessa
585 382 135 21 sistnämnda
734 381 93 22 hufvud-

74 415 100 29 sakligen
199 415 34 21 för
258 418 33 18 att
313 416 125 22 underlätta
461 416 142 28 karteringen
626 415 24 21 af
671 416 157 28 afhandlingar

75 450 94 21 emellan
185 449 98 23 enskilde
298 457 112 22 personer.

429 514 47 28 84.

143 553 122 22 Ständerna
280 553 65 21 hafva
362 554 112 23 beräknat,
484 556 31 20 att
529 560 28 15 en
575 554 97 28 betydlig
687 554 118 28 tillökning
820 554 7 21 i

74 588 316 29 stämpelpappersinkomsten
406 588 88 22 komme
508 591 31 19 att
554 589 78 21 vinnas
642 595 80 23 genom
734 589 93 21 embets-

73 622 94 22 verkens
189 622 136 22 hänförande
348 623 33 21 till
404 623 78 21 endast
501 623 47 28 fyra
563 623 84 21 klasser
662 623 50 21 med
727 623 34 21 för
776 623 49 21 dem

73 656 102 29 gällande
197 657 161 28 kartasigillata
381 657 24 22 af
418 659 14 19 4
448 658 80 26 marks,
544 658 12 21 2
572 658 80 27 marks,
669 659 11 20 1
697 657 73 21 marks
786 658 40 21 och

74 692 28 21 50
117 692 79 28 pennis
215 692 90 21 värden.
334 692 80 21 Denna
433 692 162 28 förminskning
611 692 23 21 af
647 692 179 28 afdelningarnes

74 726 60 22 antal
149 726 49 21 från
213 726 44 22 fem
274 726 33 21 till
323 726 49 28 fyra
387 733 52 15 anse
456 726 121 22 Ständerna
592 726 75 22 lättast
678 726 76 22 kunna
763 726 64 22 verk-

74 761 75 21 ställas
171 761 99 26 sälunda,
293 762 32 20 att
343 762 23 20 af
381 761 26 21 de
423 762 69 21 under
506 761 48 21 4:de
570 761 140 28 afdelningen
727 768 30 14 nu
772 768 54 21 upp-

73 798 69 26 tagna
157 796 138 21 embetsverk
317 796 44 21 alla
377 796 165 28 öfverstyrelser
559 796 40 21 och
614 795 130 23 verkchefer
757 796 69 28 jemte

74 830 70 28 öfrige
160 831 50 20 med
232 831 49 21 dem
300 831 102 21 likstälda
416 831 153 28 myndigheter
585 831 119 28 uppflyttas
719 831 34 20 till
769 830 57 29 3:dje

73 865 149 28 afdelningen,
238 871 49 15 men
304 865 183 22 rädstufvurätter
502 865 40 22 och
557 866 141 27 magistrater
709 866 70 27 jemte
795 865 31 21 öf-

72 900 49 28 riga
143 900 34 22 till
199 899 50 22 4:de
273 900 141 28 afdelningen
437 908 30 13 nu
490 900 105 21 hänförda
615 899 162 29 myndigheter,
792 899 33 21 till

72 934 76 21 hvilka
163 935 64 21 äfven
251 934 114 22 städernas
386 934 171 22 drätselkamrar
572 935 53 21 böra
639 934 87 27 räknas,
741 933 85 22 likstäl-

72 969 33 21 las
120 969 50 21 med
186 969 179 22 häradsrätterna
383 969 41 21 och
439 969 68 22 andra
521 969 8 21 i
544 969 68 22 femte
627 968 142 28 afdelningen
784 968 42 21 hit-

73 1003 47 22 tills
135 1006 113 25 upptagna
263 1002 140 23 embetsverk
418 1006 58 19 samt
488 1004 70 27 jemte
573 1003 50 22 dem
634 1003 59 21 bilda
704 1003 41 21 den
756 1002 70 28 fjerde

72 1038 97 22 klassen.

142 1073 47 21 Den
213 1073 32 21 uti
267 1073 148 28 Anmärkning
438 1075 12 20 1
468 1073 36 21 vid
519 1072 70 23 denna
605 1073 12 27 $
633 1071 40 22 och
688 1073 12 27 $
718 1073 26 20 14
760 1078 65 15 mom.

74 1109 26 21 38
116 1108 110 27 allmogen
248 1108 13 21 &
283 1108 82 27 landet,
387 1108 162 29 gemenskapen
565 1107 36 22 vid
617 1106 109 22 militären
743 1107 40 21 och
798 1113 28 15 en

74 1143 35 21 del
124 1143 51 22 dess
191 1143 124 21 vederlikar
331 1143 24 21 af
368 1143 60 22 ålder
443 1142 112 29 medgifna
566 1141 96 29 lindring
673 1141 39 22 och
724 1141 102 22 befrielse

72 1178 8 21 i
96 1177 103 22 afseende
221 1177 14 22 &
254 1177 80 22 bruket
354 1176 24 23 af
391 1177 184 29 stämpelpapper,
589 1176 66 21 hvars
670 1175 156 30 upphäfvande

73 1212 37 22 vid
125 1214 86 19 senaste
231 1213 33 20 tre
285 1211 129 29 landtdagar
433 1210 110 30 påyrkats,
560 1218 49 15 men
625 1211 23 21 af
661 1210 165 22 Bondeståndet

72 1247 111 21 härintills
205 1248 113 27 motsagts,
341 1253 55 22 anse
414 1246 123 22 Ständerna
544 1246 63 23 böra
621 1245 100 29 upphöra
734 1245 35 21 för
784 1245 42 22 den

73 1281 32 22 tid
120 1281 166 28 ifrågavarande
301 1281 132 28 författning
448 1283 98 20 kommer
561 1282 33 20 att
609 1281 65 27 gälla.

141 1315 79 21 Denna
243 1315 217 28 undantagsförmån,
484 1323 45 13 som
548 1315 69 21 under
632 1315 123 26 förgångna
769 1313 57 22 tider

72 1348 111 28 betingats
206 1349 45 21 dels
274 1347 25 22 af
316 1348 27 21 då
358 1348 102 29 gällande
474 1348 161 28 jemförelsevis
650 1348 58 27 höga
724 1347 102 28 stämpel-

72 1382 191 30 pappersafgifter,
287 1382 46 21 dels
356 1382 40 22 ock
412 1382 24 21 af
449 1382 215 28 penningestockens
679 1381 90 28 ringhet
786 1381 40 21 och

73 1419 96 28 myntets
191 1417 63 23 deraf
274 1417 110 22 beroende
404 1417 129 28 sällsynthet
549 1417 147 28 synnerligast
710 1416 29 28 pä
754 1415 73 22 lands-
