1045 1698
227 140 13 20 8
415 140 27 18 U.
454 141 32 17 B.
499 149 22 3 —
534 140 80 23 Prop.
627 140 47 18 N:o
686 139 39 19 88.

196 209 45 15 som
255 203 36 21 vid
304 197 62 32 tiden,
384 204 25 21 då
424 204 63 21 skada
502 204 66 27 timat,
586 205 85 27 deltagit
685 205 8 20 i
711 204 121 27 flottningen
851 204 26 27 pä
887 203 51 22 stäl-

196 238 39 21 let:
251 242 28 17 att
293 239 144 28 förordningen
452 239 7 21 i
476 240 112 21 allmänhet
602 240 77 21 tillåter
689 240 97 27 flottning
796 239 64 22 under
870 240 70 27 hvarje

197 273 69 26 årstid,
289 274 87 21 likasom
398 275 59 21 äfven
478 275 74 22 virkets
572 275 151 22 framflottande
738 276 7 20 i
761 275 120 21 oafbarkadt
896 275 43 21 till-

197 309 66 26 ständ,
285 309 47 24 med
352 312 126 25 guvernören
494 311 82 20 lemnad
591 311 123 27 hefogenhet
729 311 37 26 att,
783 311 51 20 efter
850 317 35 20 syn
902 311 38 20 och

197 345 102 27 pröfning,
323 345 34 22 vid
379 345 90 24 flottleds
490 346 102 21 ordnande
606 346 45 21 häri
666 346 84 27 vidtaga
764 346 176 27 inskränkningar,

199 380 35 21 der
249 380 81 24 sådana.
340 381 23 21 af
377 381 200 28 omständigheterna
592 381 99 27 påkallas;
706 381 107 21 hvaremot
823 381 66 27 enligt
898 381 42 21 för-

199 416 66 27 slaget
285 416 28 22 all
328 416 162 28 virkesflottning
505 417 8 22 i
528 417 69 26 elfvar,
615 417 110 20 strömmar
741 417 37 21 och
794 416 40 26 åar,
852 417 35 20 der
901 417 39 26 lax,

198 451 78 22 taimen
298 452 50 21 eller
370 451 30 22 sik
423 452 135 22 förekommer
581 453 37 20 och
633 452 80 28 fridlyst
729 455 27 24 är,
772 452 63 21 borde
849 452 94 21 inställas

199 487 64 21 under
287 487 57 23 dessa
366 487 91 28 fiskslags
480 487 69 27 lektid,
572 488 53 21 samt
645 488 62 26 virke,
723 494 44 15 som
783 488 95 27 utlägges
894 487 49 22 eller

199 522 122 22 framflottas
343 523 8 23 i
374 529 67 16 annan
463 523 101 28 tillhörigt
584 523 126 30 vattendrag,
733 523 129 21 derförinnan
878 523 64 22 skulle

200 558 91 28 undergä
310 558 122 28 fullständig
453 559 126 28 afbarkning,
596 562 100 25 guvernör
711 559 52 22 dock
778 559 96 28 obetaget
889 559 32 20 att
936 559 8 21 i

200 594 98 21 särskilda
312 594 37 21 fall
365 594 67 23 tilläta
448 594 22 21 af
483 595 154 23 förhällandena
652 595 109 28 betingade
776 594 107 28 undantag
897 594 45 21 frän

201 629 58 22 dessa
280 630 134 21 föreskrifter:
438 634 27 17 att
486 630 38 21 den
540 631 32 22 uti
587 630 142 28 förordningen
745 630 80 22 förman
841 630 31 21 för
887 630 57 21 flott-

201 665 158 28 ningsmanskap
382 665 74 28 älagda
478 666 139 28 skyldigheten
639 666 32 22 att
685 666 32 23 till
732 666 149 21 vederbörande
896 665 48 22 sak-

202 707 59 21 egare
278 701 84 27 erbjuda
377 701 128 28 godtgörelse
520 701 31 22 för
566 707 74 22 genom
656 701 161 28 virkestlottning
827 701 117 22 förorsakad

203 736 62 21 skada
279 737 8 20 i
302 736 97 28 förslaget
414 737 78 27 utbytts
508 738 56 20 emot
579 737 125 28 förpligtelse
719 737 32 21 för
760 736 94 22 bemälde
864 737 80 21 förman

203 771 31 22 att
249 771 26 27 pä
291 771 107 24 anfordran
416 772 72 27 genast
503 773 83 27 erlägga
600 772 69 28 hvarje
685 773 44 27 slag
744 772 23 21 af
776 772 122 27 ersättning:
914 772 30 21 äf-

201 813 85 15 vensom
302 808 96 27 slutligen
414 811 28 19 att
456 808 8 21 i
479 807 97 28 förslaget
591 808 92 26 panträtt
699 808 76 21 ansetts
791 808 50 21 böra
850 808 94 27 uttryck-

202 842 55 29 ligen
281 843 112 28 medgifvas
415 843 32 23 uti
470 843 34 22 det
527 843 84 24 flottade
630 843 65 22 virket
710 843 32 22 för
757 843 136 28 ersättningar
909 843 38 22 och

203 878 92 28 utgifter,
316 885 45 17 som
382 879 23 21 af
420 879 122 28 flottningen
557 879 91 28 härflyta.
680 879 40 21 För
735 878 63 29 öfrigt
813 880 60 21 hafva
889 879 57 22 stad-

203 914 94 28 gandena
319 914 32 22 uti
375 915 55 22 1873
450 915 32 22 ärs
498 915 117 27 förordning
631 915 85 21 rörande
732 915 63 21 sättet
810 916 37 22 och
863 915 83 21 ordnin-

204 956 39 21 gen
266 950 32 20 för
320 950 127 21 anställande
468 951 22 20 af
504 957 58 21 syner
577 951 8 21 i
599 950 128 28 vattendrag,
744 957 45 15 som
804 951 31 22 för
850 951 97 27 flottning

205 985 58 25 afses,
287 985 31 22 för
341 985 147 21 öfvervakande
511 986 23 21 af
554 986 211 28 flottningsmanskap,
786 993 29 15 m.
830 993 37 19 m.,
884 986 64 22 delvis

204 1020 68 22 blifvit
290 1020 8 24 i
312 1020 98 28 förslaget
426 1020 94 27 ändrade,
536 1021 140 22 hvarförutom
692 1021 111 27 skärpning
818 1022 23 21 af
853 1022 96 20 ansvaret

205 1056 31 20 för
257 1062 25 18 en
302 1056 33 24 del
351 1056 154 23 öfverträdelser
520 1062 74 22 genom
609 1056 98 28 förslaget
723 1057 34 27 egt
772 1063 47 15 rum
835 1057 54 21 samt
904 1059 45 19 sär-

205 1090 64 24 skilda
292 1097 40 21 nya
355 1091 235 27 ansvarsbestämningar
610 1091 126 21 tillkommit.
753 1104 27 4 —
797 1092 30 22 De
843 1091 106 22 afvikelser

204 1126 45 20 frän
266 1126 183 28 ordningsstadgan
465 1126 39 22 den
521 1128 13 20 8
550 1127 51 27 april
618 1127 63 26 1875,
697 1126 69 22 hvilka
776 1126 173 23 förefinnas
893 1122 14 37 i
915 1122 38 37 ko-

205 1162 75 20 mitöns
302 1162 77 26 förslag
400 1162 34 22 till
456 1168 27 20 ny
502 1162 175 27 ordningsstadga,
694 1162 94 27 betingas
803 1163 109 26 samtligen
928 1163 24 21 af

205 1197 177 28 nödvändigheten
403 1198 32 23 att
449 1197 61 23 ställa
526 1197 34 22 det
576 1197 125 23 sistnämnda
716 1198 8 20 i
739 1198 211 23 öfverensstämmelse

205 1233 49 20 med
269 1233 34 20 det
318 1239 40 20 nya
373 1233 235 26 författningsförslaget.

276 1267 62 21 Emot
357 1267 101 22 komit&ns
480 1267 108 21 omordade
608 1267 78 27 förslag
700 1267 33 21 till
748 1267 120 28 förordning
881 1268 8 21 i
904 1270 45 19 äm-

205 1302 36 21 net
263 1301 78 22 inlades
364 1301 22 22 af
407 1302 31 21 tre
458 1301 62 23 bland
534 1301 102 22 komitens
651 1301 44 23 åtta
710 1302 134 23 medlemmar
859 1309 90 15 reserva-

206 1337 50 26 tion,
278 1337 67 24 deruti
363 1338 92 22 bemälde
472 1337 133 22 medlemmar
620 1337 113 23 framhällit
748 1338 46 21 frän
809 1338 142 27 pluralitetens

206 1373 85 28 mening
306 1373 106 23 afvikande
428 1373 77 28 8sigter
519 1373 177 28 hufvudsakligast
710 1374 8 20 i
733 1373 90 28 följande
833 1374 118 23 afseenden:

205 1413 30 23 att
250 1409 124 28 rättigheten
390 1409 32 22 för
436 1409 205 28 flottningsmanskap
657 1409 32 22 till
703 1409 125 22 beträdande
843 1410 23 21 af
875 1411 76 26 strand,

208 1445 79 21 hvilket
301 1451 47 16 vore
365 1451 24 15 en
405 1444 116 28 nödvändig
537 1445 146 27 förutsättning
698 1445 32 22 för
745 1445 132 28 möjligheten
894 1446 22 22 af
924 1447 29 20 all

209 1481 103 27 flottning,
328 1480 63 22 borde
406 1480 68 22 såsom
490 1481 75 22 allmän
581 1480 78 27 princip
675 1480 120 22 bibehållas:
812 1485 27 18 att
849 1482 104 22 föreskrif-

258 1530 135 19 Sammansatta
408 1529 51 25 Lag-
475 1529 31 20 och
522 1530 180 18 Ekonomiutskotlets
717 1530 111 20 betänkande
843 1531 37 18 N:o
894 1529 18 21 6.
