1034 1698
209 130 27 20 A
509 119 43 32 N:o
562 120 51 31 43.

179 192 96 29 hofläger
289 193 114 27 nemligen:
418 193 113 27 Konnitsa,
549 193 124 28 Kiimajärvi
688 193 41 22 och
742 192 115 27 Wernitsa,
880 192 50 22 med

179 227 83 22 hvilket
276 227 133 22 sistnämnda
423 227 127 23 Sortanlaks
566 229 56 20 stom
636 227 97 22 kommer
748 228 33 21 att
793 227 94 22 förenas.

501 282 32 32 Är
547 288 61 26 1875.

250 329 102 24 Sumbula
372 331 53 27 gods
446 331 9 22 i
471 331 85 22 Rautus
575 330 87 23 socken.
691 331 30 21 Af
740 331 61 22 detta
821 330 112 28 betydliga

180 365 53 28 gods
256 371 34 16 om
311 365 76 22 inalles
410 364 122 27 327/,5:dels
555 365 81 22 mantal
657 365 110 28 undantog
788 365 93 28 säljaren
897 364 35 23 för

181 406 53 21 egen
249 399 91 28 räkning
354 401 104 20 stommen
474 400 41 21 och
530 399 105 22 särskilda
650 399 167 27 ödelägenheter
837 405 34 16 om
890 399 43 22 till-

182 440 106 16 sammans
305 429 62 36 6109,
379 429 75 36 c:dels
464 434 81 22 mantal
565 433 40 23 och
622 434 125 21 återstoden
765 434 100 27 inköptes
884 434 50 21 med

180 467 203 23 donationsfondens
405 468 115 27 tillgångar
537 467 38 23 för
596 469 78 25 95,000
688 468 68 26 rubel,
779 467 153 23 motsvarande

181 502 54 23 efter
253 503 27 22 dä
297 502 100 28 gällande
417 503 52 22 kurs
492 504 92 25 337,250
606 502 66 22 mark.
701 502 33 22 De
756 501 79 23 inlösta
860 502 73 27 lägen-

181 537 96 27 heterna,
301 543 46 16 som
368 537 129 23 värderades
512 537 33 22 till
566 538 79 25 93,512
659 537 62 22 rubel
743 537 41 22 och
805 536 129 23 hvarifrän
921 532 15 36 i

181 572 154 22 landboräntor
345 571 83 23 erlades
440 573 63 26 5,610
512 572 61 22 rubel
588 577 36 16 om
638 572 53 25 äret,
705 571 90 22 omfatta
805 577 27 16 en
842 571 92 28 egovidd

181 605 23 24 af
220 606 98 28 omkring
335 608 78 25 21,000
431 606 103 23 tunnland
553 606 40 23 och
611 605 150 28 befolkningen
778 606 97 27 uppgick
897 605 37 22 vid

180 641 111 27 köpslutet
312 641 33 22 till
370 642 61 25 1,283
454 647 110 21 personer.
593 641 11 21 I
621 640 107 22 anseende
747 641 31 21 till
797 640 83 22 bristen
905 640 30 28 pä

180 675 143 22 landtmätare
338 675 40 22 har
392 675 121 22 storskiftet
528 677 56 20 ännu
598 675 49 22 icke
661 675 82 21 kunnat
757 675 109 27 päbörjas.

248 709 65 22 Ilmes
327 709 165 28 donationsgods
508 710 9 21 i
533 709 65 22 Ilmes
615 709 72 28 kapell
710 709 22 21 af
747 709 84 22 Hiitola
854 709 81 22 socken

182 750 35 17 om
233 744 109 27 175/3:dels
358 744 120 22 arviorubel
493 744 48 22 med
556 750 27 16 en
597 744 91 27 egovidd
704 743 21 22 af
736 745 76 25 10,387
829 743 107 22 tunnland

183 778 40 23 och
238 784 27 16 en
283 777 123 28 befolkning
423 778 24 22 af
463 780 40 21 345
521 784 108 22 personer.
660 778 89 27 Godset,
768 784 47 16 som
835 778 102 22 inberäk-

181 813 54 22 nadt
249 813 42 22 den
306 813 23 22 af
340 813 133 27 godsegaren
488 813 125 22 bebrukade
628 814 105 21 stommen
752 819 34 16 om
804 813 44 26 21/,
866 813 69 22 arvio-

182 848 72 22 rubels
272 848 61 22 skatt
349 847 130 23 värderades
496 847 34 23 till
547 847 75 22 inalles
643 849 89 25 110,857
752 847 67 27 mark,
844 847 91 23 inlöstes

182 882 50 22 med
247 882 203 22 donationsfondens
465 882 72 22 medel
551 881 33 23 för
600 883 90 25 100,000
705 882 68 21 mark.
794 882 141 22 Landborän-

182 919 64 21 torna
267 917 91 27 ansägos
382 917 71 21 lemna
476 923 26 15 en
528 916 54 28 årlig
603 916 123 27 afkastning
745 915 22 23 af
784 918 63 25 5,708
867 917 68 21 mark.

183 952 116 27 Lagfarten
317 951 33 22 för
367 952 92 21 kronans
478 952 90 27 räkning
586 953 24 20 är
627 950 101 28 afslutad,
746 957 49 16 men
813 950 123 23 storskiftet

183 986 40 22 har
238 988 57 20 ännu
308 986 48 21 icke
371 986 76 21 hunnit
461 985 108 28 påbörjas.

250 1020 131 22 Kondiolaks
395 1020 161 26 frälsehemman
566 1019 7 21 i
583 1019 120 27 Leppälaks
713 1019 72 27 kapell
795 1018 23 23 af
827 1020 110 22 Ruskeala

184 1055 86 23 socken.
300 1055 70 21 Dessa
383 1054 132 27 lägenheter,
532 1060 35 16 om
581 1054 141 22 tillsammans
734 1054 107 27 17/,6:dels
855 1054 82 22 mantal

185 1088 50 23 med
250 1095 26 16 en
292 1088 91 27 egovidd
402 1088 23 22 af
437 1090 63 24 2,375
517 1088 110 27 tunnland,
642 1088 106 22 försäldes
767 1088 22 22 af
805 1088 132 28 hypotheks-

184 1123 123 27 föreningen
321 1123 33 22 för
369 1123 139 30 tillsammans
526 1125 75 25 14,305
617 1123 67 27 mark,
700 1129 46 16 som
760 1123 141 22 utbetalades
917 1122 23 23 af

185 1158 264 22 Ofverskottsstatsmedel.

508 1216 30 31 Är
554 1223 61 24 1876.

252 1263 33 22 En
300 1263 35 22 del
350 1262 23 22 af
385 1262 94 22 Lawrola
493 1263 101 21 donation
610 1263 8 20 i
636 1263 82 21 Hiitola
736 1263 86 22 socken.
853 1263 85 21 Aflidne

184 1297 198 22 landthushällaren
403 1297 81 22 Kordts
507 1297 168 22 konkursmassa
696 1297 111 27 tillhöriga
832 1297 63 22 andel
918 1296 24 23 af

185 1331 70 23 denna
270 1331 101 22 donation
388 1331 121 28 inropades,
524 1331 50 22 med
592 1331 110 28 undantag
716 1331 23 22 af
754 1331 186 28 karaktersbygg-

185 1367 71 22 naden
275 1367 13 21 &
306 1368 112 25 stommen,
444 1366 28 27 pä
494 1365 100 23 exekutiv
620 1366 88 21 auktion
727 1366 34 22 för
780 1367 76 26 12,000
871 1366 68 27 mark,

185 1407 46 16 som
255 1400 136 23 utbetalades
414 1407 27 15 ur
469 1400 106 22 allmänna
603 1400 133 22 statsmedel.
773 1401 168 27 Lägenheterna

184 1436 62 22 bestå
261 1435 23 22 af
299 1435 75 22 inalles
389 1435 121 27 41%/4:dels
530 1435 120 22 arviorubel
669 1435 40 22 och
728 1436 160 28 uppskattades
906 1435 34 23 till

185 1471 33 21 ett
232 1470 65 22 värde
313 1469 23 23 af
350 1471 76 25 18,500
441 1469 68 22 mark.
