1014 1698
272 108 96 28 Ständ.”
374 108 40 23 Sv.
430 122 27 2 —
473 108 74 29 Prop.
566 108 44 24 N:o
625 108 34 23 37.
778 109 27 21 39

151 176 9 21 i
182 176 36 22 och
239 176 34 27 för
294 175 120 27 undfående
436 176 27 26 af
480 175 119 28 stivendier,
623 176 30 21 till
680 174 155 24 Universitetets

151 211 167 21 Konsistorium
325 210 36 22 och
375 210 111 27 fakulteter
499 210 97 28 ingifvas.

218 252 55 20 18:0.
304 250 212 22 Permissionssedlar
529 251 35 26 för
576 257 101 20 personer
698 250 91 22 hörande
804 251 32 21 till

149 285 69 26 finska
232 285 106 21 militären
354 284 36 22 och
405 284 288 28 arbetskommenderingarna
707 286 10 20 i
730 285 75 22 landet.

217 326 55 20 19:0.
301 324 149 28 Redogörelser
466 324 36 22 och
511 324 139 27 uträkningar
659 324 57 28 öfver
723 325 112 28 omyndiga

150 360 64 21 barns
228 359 65 21 medel
307 358 47 22 med
368 358 69 22 dertill
452 359 90 21 hörande
557 359 84 27 bilagor.

216 401 59 20 20:0.
306 399 128 21 Testamente
449 399 32 22 till
494 400 64 26 make,
574 399 121 27 skyldemän
709 400 9 21 i
726 402 46 20 rätt
780 407 54 20 upp-

150 434 36 21 och
200 434 138 27 nedstigande
352 433 33 21 led
399 433 47 21 eller
461 433 83 28 syskon,
560 433 107 27 äfvensom
683 434 32 22 till
726 434 108 22 undervis-

149 468 148 28 ningsanstalt,
313 468 150 27 vetenskapligt
481 468 101 22 ändamål
604 468 47 22 eller
671 469 56 27 from
741 469 93 27 stiftelse,

144 504 64 27 jemte
223 504 41 21 alla
280 503 68 27 öfriga
364 505 140 23 testamenten,
519 503 133 27 hvarigenom
667 504 104 27 egendom,
789 512 46 14 som

149 539 8 21 i
171 539 87 21 kontant
272 538 47 22 eller
334 538 64 22 värde
413 538 18 27 ej
446 539 83 26 uppgår
547 538 31 22 till
599 538 112 22 etthundra
725 539 54 27 Fm,
795 540 40 21 nä-

147 580 42 21 gon
205 573 101 27 tillägges.
338 572 84 23 Sädant
437 575 121 19 testamente
572 572 37 22 bör
624 573 56 27 dock,
695 574 41 21 när
751 574 35 22 det
799 574 37 22 vid

149 608 89 22 domstol
252 608 75 26 företes
343 607 31 21 till
387 607 120 27 bevakning,
523 607 94 21 karteras
632 607 41 22 lika
687 615 46 15 som
748 608 87 28 bilaga
825 602 14 38 i

149 642 117 27 allmänhet,
282 642 69 22 derest
365 642 45 26 den,
426 642 34 26 för
474 641 79 21 hvilken
568 641 139 29 bevakningen
721 643 53 27 sker,
783 644 18 26 ej
809 646 26 19 är

147 677 52 27 frän
214 677 51 21 bruk
280 677 27 27 af
317 676 169 28 stämpelpapper
501 676 86 27 befriad.

216 719 55 20 21:0.
300 716 51 23 Alla
366 716 236 28 arfskiftesinstrument
624 717 36 21 och
682 718 97 21 likaledes
799 719 35 21 bo-

147 751 281 28 uppteckningsinstrument,
445 751 29 21 dä
489 751 55 22 boets
560 751 94 22 behällna
664 758 82 16 summa
755 753 19 27 ej
781 760 53 20 upp-

147 794 41 26 går
203 792 31 22 till
248 792 125 27 femhundra
388 792 48 28 Fm

216 828 58 20 22:0.
304 827 116 26 Donation,
443 827 67 21 som
501 823 14 37 i
521 828 119 27 penningar
661 827 48 22 eller
731 828 64 22 värde
815 829 20 27 ej

149 863 120 27 öfverstiger
284 862 118 22 tvåhundra
418 861 47 28 Fm

216 899 58 21 23:0.
305 897 107 27 Resepass
426 897 34 26 för
482 897 68 26 finska
571 897 132 28 medborgare
726 898 31 21 till
779 900 55 20 orter

148 933 57 22 inom
219 932 101 23 Finland.

216 969 58 20 24:0.
302 967 145 21 Läkarebevis.

216 1003 58 20 25:0.
304 1001 228 28 Förtullningsinlagor
542 1001 64 30 jemte
620 1001 69 22 dertill
701 1002 93 21 hörande
804 1003 29 20 bi-

150 1037 58 27 lagor
223 1037 32 22 till
269 1037 148 21 tullkamrarne
438 1037 35 21 och
488 1036 202 27 tullexpeditionerne
705 1037 8 21 i
733 1036 101 27 Finland,

149 1071 84 27 skrifter
249 1071 36 22 och
306 1071 133 27 handlingar,
462 1078 45 14 som
529 1070 31 22 till
582 1070 181 27 tullenpeditionen
777 1071 10 22 i
801 1071 34 22 S:t

149 1106 125 28 Petersburg
293 1106 93 27 ingifvas
408 1105 48 22 eller
478 1106 95 27 derifrän
594 1105 111 27 utfärdas;
726 1106 109 27 äfvensom

150 1142 141 29 ansökningar
306 1148 33 14 om
354 1140 120 23 erhällande
489 1141 27 27 af
526 1140 86 28 frisedel
626 1141 31 21 till
678 1141 95 27 lossning
787 1141 48 22 eller

150 1172 98 36 lastning.
407 1201 2 2 N

217 1211 59 22 26:0.
306 1209 65 22 Bevis
386 1210 56 27 öfver
456 1209 138 22 hinderlöshet
610 1210 32 21 till
657 1209 120 27 äktenskap.

217 1251 60 20 27:0.
306 1249 109 22 Fullmakt
433 1249 31 22 till
485 1250 191 21 rekommenderade
701 1250 57 27 Dbrefs
779 1251 57 21 utta-

149 1285 68 27 gande
232 1285 14 20 å
256 1284 127 27 postkontor
398 1286 55 20 samt
468 1286 31 19 att
518 1285 14 20 ä
554 1284 140 21 landtränteri
715 1284 48 21 eller
783 1284 52 27 från

151 1325 70 14 annan
236 1319 64 20 kassa
315 1318 53 26 lyfta
383 1319 34 20 lön
432 1318 47 21 eller
495 1319 67 20 andra
576 1319 70 20 medel.

219 1358 57 20 28:0.
308 1352 184 31 Öfversättningar
514 1357 31 20 till
568 1357 70 26 finska
661 1357 92 26 spräket,
778 1357 59 21 verk-

151 1391 71 22 stälda
244 1391 26 28 af
282 1391 24 22 de
321 1391 143 26 translatorer,
482 1391 102 27 allmogen
599 1397 47 21 eger
659 1390 34 27 för
707 1391 79 22 sådant
799 1392 39 21 än-

153 1427 72 22 damäl
240 1429 84 25 antaga.
