975 1781
160 129 41 31 508
380 133 72 22 Nådiga
463 133 140 23 Propositionen
615 133 37 17 N:o
663 133 30 17 22.

164 183 94 25 draskap.
274 182 57 21 Hvad
343 182 39 20 den
397 182 51 20 förra
463 183 70 24 följden
546 183 22 18 af
579 183 72 19 bannet
664 181 93 20 beträffar
771 181 47 20 eller
834 181 75 20 utesiu-

165 209 68 20 tandet
242 209 43 20 från
294 210 34 19 allt
342 209 107 25 broderligt
462 211 96 24 umgänge
573 209 45 18 med
633 208 26 20 de
673 209 82 24 kristne,
771 207 23 20 sä
809 207 50 20 hade
868 208 39 19 den

164 236 30 19 sin
209 236 45 19 fulla
268 235 105 26 förklaring
387 235 38 19 och
440 235 34 19 sitt
487 235 152 25 rättfärdigande
653 235 6 19 i
676 235 38 20 den
735 239 49 22 nyss
805 234 102 25 grundade

164 262 90 26 kyrkans
270 261 113 20 dåvarande
400 261 138 25 förhållanden,
558 261 22 19 sä
597 261 30 20 väl
645 261 5 19 i
667 261 26 19 de
709 261 88 19 kristnes
813 263 53 16 ännu
884 260 22 20 sä

164 289 56 25 ringa
234 289 58 25 antal,
308 288 77 20 hvilket
398 289 90 19 lemnade
501 288 21 20 ät
535 288 25 19 de
574 287 200 24 exkommunicerade
788 290 28 17 ett
829 293 44 14 mer
882 288 24 19 än

164 315 110 25 tillräckligt
283 317 97 24 umgänge
393 320 50 20 gvar
454 315 45 20 med
509 314 59 21 andra
577 314 122 26 menniskor,
715 319 44 15 som
771 314 39 19 ock
819 313 6 20 i
836 316 28 17 ett
873 315 34 18 nö-

164 342 41 25 digt
222 341 101 21 vårdande
339 342 21 19 af
375 341 161 20 kristendomens
554 343 49 18 ännu
619 341 64 24 späda
699 341 72 25 grodd,
790 340 82 20 hvilken
888 339 18 26 ej

165 369 69 19 hunnit
248 374 38 20 nog
300 368 73 26 stadigt
387 368 82 19 rotfästa
483 369 29 25 sig
526 368 5 19 i
546 367 170 26 menniskolifvet,
731 368 29 19 för
775 370 27 17 att
816 370 46 17 utan
877 367 29 19 sin

165 395 61 21 skada
240 395 48 20 eller
301 396 41 19 fara
357 394 83 20 uthärda
454 395 25 19 de
494 395 40 20 från
549 394 47 20 flere
613 393 38 21 håll
670 393 88 26 plötsligt
775 393 132 26 uppstigande

165 422 135 19 villolärornas
314 424 87 17 stormar
411 421 48 20 eller
468 420 96 27 genomgå
574 421 46 19 med
629 426 57 21 seger
697 421 114 20 skärselden
820 421 22 19 af
848 421 59 19 osed-

165 448 95 25 lighetens
274 447 72 26 många
359 447 113 26 uppenbara
487 449 47 19 eller
548 447 96 20 förtäckta
661 448 125 23 förförelser;
802 447 104 19 äfvensom

165 475 91 26 slutligen
270 475 4 19 i
289 475 88 26 kyrkans
394 474 65 26 billiga
476 480 79 19 omsorg
572 479 32 14 om
624 473 30 20 sin
669 475 80 23 renhet,
768 474 33 19 sitt
817 473 89 20 fläckfria

166 501 98 20 anseende
278 501 5 19 i
301 500 69 26 sjelfva
387 501 147 20 hedendomens
550 501 56 25 ögon.
638 501 31 18 Nu
686 502 35 17 äro
739 500 144 20 förhållandena
901 500 6 20 i

166 528 36 20 alla
216 528 59 20 dessa
288 527 107 21 afseenden
410 528 41 20 helt
463 527 126 21 annorlunda.
618 526 34 20 Att
665 528 86 19 utesluta
765 527 25 19 de
802 528 105 25 bannlyste

167 554 49 20 ifrån
230 556 99 24 umgänge
343 554 45 20 med
402 554 39 20 den
455 554 73 20 kristna
545 554 149 25 församlingens
709 554 134 24 medlemmar;
860 559 49 14 vore

166 586 82 15 numera
261 581 111 21 detsamma
387 586 44 14 som
444 583 29 17 att
486 582 102 24 utestänga
602 580 46 20 dem
662 580 44 20 från
715 581 24 19 all
750 580 97 25 mensklig
857 586 52 14 sam-

168 607 117 26 manlefnad,
300 608 74 19 utstöta
391 608 46 18 dem
455 608 42 19 från
515 608 42 19 hela
576 607 119 20 samfundet.
725 608 27 19 De
770 607 114 19 villfarelser
903 606 6 20 i

167 635 41 19 lära
222 635 38 19 och
274 634 96 24 lefverne,
386 634 78 20 hvartill
479 635 25 19 de
517 633 90 27 möjligen
622 632 51 27 gjort
687 634 30 25 sig
731 634 95 26 skyldige,
843 634 66 19 kunna

167 660 19 26 ej
201 662 69 24 heller,
285 662 52 19 huru
352 660 71 26 vigtiga
437 662 38 18 och
489 660 165 27 genomgripande
667 661 103 19 desamma
785 662 23 18 än
823 660 32 20 må
869 662 41 18 tän-

168 687 36 20 kas
219 693 55 19 vara,
290 693 56 14 mera
359 688 89 19 medföra
464 688 61 25 någon
541 686 50 21 våda
605 687 30 19 för
644 687 39 20 den
693 687 75 20 kristna
779 687 87 26 kyrkans
876 687 35 20 be-

167 714 65 26 stånd,
249 714 4 19 i
268 714 34 20 det
316 714 161 20 kristendomens
492 714 102 26 sanningar
611 714 37 19 och
666 715 41 18 inre
724 714 108 26 lifsprincip
850 714 60 20 redan

168 741 98 25 segerrikt
289 741 71 19 utstått
380 740 130 26 årtusendens
532 740 112 26 pröfningar
665 741 40 19 och
724 741 68 19 städse
816 740 95 27 förnyade

168 767 172 25 stormlöpningar.
356 778 27 3 —
397 768 57 19 Ännu
467 768 94 25 vigtigare
575 768 21 18 är
611 766 51 20 dock
677 769 28 17 att
719 770 28 16 ett
759 768 124 19 uteslutande
892 768 22 19 af

168 794 26 19 de
214 794 201 19 exkommunicerade
431 793 49 20 ifrån
496 794 33 19 det
547 794 125 25 sällskapliga
688 794 99 19 samlifvet
804 793 44 20 med
869 793 42 21 sina

169 820 164 20 medmenniskor
348 820 111 26 principielt
479 820 63 20 skulle
559 820 61 20 strida
638 822 53 18 emot
707 820 84 20 bannets
808 820 104 26 betydelse

168 850 29 16 att
210 852 48 14 vara
272 850 28 16 ett
314 847 50 19 blott
377 846 86 26 kyrkligt
477 847 61 24 straff,
554 847 66 20 hvilket
635 847 78 25 derföre,
729 846 63 20 såsom
806 847 75 23 sådant,
896 848 16 25 ej

171 876 33 19 bör
218 876 110 26 beledsagas
343 877 24 23 af
377 876 62 19 andra
447 876 72 25 följder
533 879 25 16 än
572 876 48 22 dem,
635 881 40 14 som
690 877 33 18 äro
737 876 24 25 af
767 875 72 26 kyrklig
849 878 62 16 natur.

170 904 44 19 Men
236 902 154 27 sällskapslifvet
407 904 15 18 i'
429 904 47 19 dess
494 904 95 19 allmänna
607 903 125 19 bemärkelse
749 903 55 19 faller
823 902 19 25 ej
860 903 53 19 inom

171 930 93 26 kyrkans,
280 933 48 17 utan
342 929 52 20 inom
408 930 38 19 den
462 930 102 25 verldsliga
579 930 191 19 sammanlefnadens
784 930 59 25 gebit.
868 930 44 19 Till-

171 956 55 20 träde
240 956 26 21 till
282 956 47 20 våra
344 956 87 20 enskilda
446 958 46 18 elier
509 956 96 25 offentliga
623 958 105 23 samgväm
744 956 61 19 nekas
822 956 90 19 hvarken

172 982 20 20 åt
205 983 67 24 Judar,
288 983 173 20 Mahommedaner
475 983 47 20 eller
536 983 108 24 hedningar
658 983 50 20 blott
722 984 37 18 och
777 983 44 19 bart
838 983 30 19 för
882 989 31 13 re-

171 1009 184 25 ligionsolikhetens
368 1009 57 24 skull,
442 1011 38 18 och
494 1010 35 19 bör
544 1009 78 20 således
636 1008 17 26 ej
668 1009 62 20 heller
747 1009 61 19 nekas
822 1009 20 20 ät
856 1009 54 25 dem,

172 1041 44 14 som
230 1035 54 20 skola
300 1035 74 20 «hållas
388 1035 68 20 såsom
470 1036 124 25 hedningar»,
612 1035 92 20 förutsatt
717 1038 28 17 att
754 1036 25 19 de
788 1036 44 19 icke
844 1035 69 25 begått

170 1061 73 20 sådana
259 1062 120 25 handlingar,
396 1067 43 14 som
454 1062 4 19 i
474 1062 33 19 det
524 1065 52 22 yttre
594 1061 72 20 sociala
683 1062 54 19 lifvet
754 1063 96 24 stämplas
866 1062 45 19 med

172 1090 72 17 vanära
257 1089 38 18 och
308 1088 79 20 derföre
401 1088 20 19 af
430 1088 39 20 helt
480 1088 102 25 verldsliga
594 1088 52 25 skäl,
658 1088 45 19 med
714 1088 66 19 hvilka
791 1088 76 26 kyrkan
877 1088 36 20 har

171 1115 48 19 intet
231 1117 29 16 att
274 1115 69 25 skaffa,
359 1116 102 23 utestänga
475 1115 45 19 dem
534 1114 42 20 från
591 1115 57 19 deras
662 1115 66 19 fordna
738 1115 171 25 umgängeskrets.

170 1141 39 20 Om
223 1140 61 26 några
299 1142 52 24 slags
365 1143 103 23 samgväm
483 1140 61 21 borde
558 1146 70 20 genom
643 1141 75 26 kyrklig
731 1141 68 25 åtgärd
811 1142 101 25 förvägras

170 1167 26 20 de
209 1167 111 26 bannlyste,
337 1167 22 20 sä
374 1168 62 25 ligger
449 1168 34 18 det
498 1168 2 18 i
516 1168 161 24 konsegvensen,
693 1169 28 17 att
734 1168 34 19 det
783 1168 65 19 kunde
866 1173 45 14 vara

170 1193 50 20 blott
234 1195 38 18 och
286 1194 45 19 bart
345 1194 24 20 Je
383 1194 89 24 religiösa
486 1195 99 18 formerna
600 1194 20 19 af
631 1193 127 26 sällskapslif,
769 1194 19 19 d.
801 1199 19 14 v.
837 1199 16 14 s.
865 1195 48 18 hus-

169 1220 98 19 andakten
288 1221 38 18 och
347 1221 166 19 konventiklerna.
543 1221 43 19 Men
601 1219 108 27 säkerligen
726 1221 44 18 ville
783 1221 56 24 ingen
853 1221 60 19 krist-

171 1247 33 25 ligt
218 1246 68 20 sinnad
300 1247 50 25 yrka
364 1247 88 25 deruppä
467 1248 47 19 eller
528 1247 49 19 neka
592 1247 24 19 de
631 1247 104 26 bannlyste
749 1249 34 20 att,
795 1246 82 20 såframt
887 1247 26 20 de

169 1273 36 20 det
221 1273 69 25 önska,
312 1273 75 26 deltaga
408 1273 4 19 i
431 1273 180 20 sammankomster
628 1273 29 19 för
675 1273 76 25 religiös
768 1273 142 26 uppbyggelse,

170 1299 83 20 emedan
269 1300 40 19 häri
324 1299 44 26 läge
379 1301 40 18 den
433 1300 56 19 bästa
503 1301 73 24 borgen
590 1299 30 19 för
633 1299 58 20 deras
705 1299 77 26 möjliga
795 1305 60 14 snara
871 1300 41 19 bot-

172 1325 105 26 färdighet,
301 1327 78 18 hvilken
400 1326 51 19 dock
473 1326 30 19 vid
516 1327 24 18 all
558 1326 109 25 kyrkotukt
683 1327 22 17 är
721 1329 28 15 ett
767 1326 145 25 hufvudsakligt

171 1352 109 25 synmärke
302 1350 51 25 (jmf.
376 1355 15 16 t.
406 1357 33 14 ex.
454 1352 66 19 Matth.
537 1351 31 24 18,
586 1352 31 23 15,
634 1352 8 19 1
661 1351 45 19 Kor.
723 1352 18 23 5,
758 1352 18 24 5,
796 1352 8 18 1
824 1352 50 19 Tim.
891 1353 18 23 1,

172 1378 32 24 20,
223 1378 11 19 2
251 1377 50 20 Tim.
319 1379 20 23 2,
358 1377 41 26 25).
431 1377 46 20 Lika
493 1378 41 19 litet
552 1378 36 19 kan
604 1377 46 20 dem
668 1378 99 19 förmenas
784 1377 84 20 tillträde
886 1378 25 20 till

170 1404 40 20 den
223 1405 96 19 allmänna
336 1403 143 27 gudstjensten,
498 1410 44 14 som
559 1403 41 22 står
616 1405 64 25 öppen
697 1404 30 20 för
743 1404 37 20 alla
798 1405 113 19 menniskor

171 1432 39 19 och
223 1431 37 20 der
274 1431 68 20 ordets
355 1431 72 21 utsäde
440 1431 80 26 rikligen
535 1432 69 20 kastas
616 1431 90 26 omkring
723 1431 26 20 till
767 1432 35 20 alla
819 1431 90 21 åhörare.
