1009 1792
203 132 27 31 SA
434 134 71 22 Nädiga
517 134 139 22 Propositionen
668 133 36 17 N:o
717 135 16 15 5.

209 184 73 20 ansöke
299 185 37 17 hos
352 184 111 19 domstolen
480 186 29 17 att
525 188 26 21 ny
568 182 28 20 tid
613 182 29 19 för
662 182 101 19 klandrets
783 180 117 26 fullföljande
920 183 32 16 ut-

210 212 62 19 sättas
287 210 39 20 mä.

558 262 11 25 $
584 262 18 18 3.

264 298 26 24 Är
306 301 83 20 klander
406 301 53 20 inom
477 301 39 20 den
533 299 104 21 bestämda
655 299 52 20 tiden
726 298 18 25 ej
762 298 69 25 väckt,
850 298 47 19 eller
918 298 34 19 har

212 328 62 20 sådan
288 328 50 20 talan
352 328 64 19 blifvit
429 327 101 20 förkastad
544 332 70 21 genom
628 327 71 28 utslag,
710 331 44 14 som
763 326 70 18 vunnit
842 325 42 29 laga
894 323 58 24 kraft,

210 361 36 20 ege
262 354 110 21 domstolen
390 354 24 25 på
431 354 39 19 den
487 353 101 20 företedda
605 353 128 24 utredningen
748 351 90 20 meddela
852 351 102 19 sökanden

209 381 83 26 uppbud
306 381 12 19 å
332 381 124 25 fastigheten.

422 433 64 26 Enligt
507 433 63 19 Hans
590 431 132 25 Kejserliga
742 429 122 26 Majestäts
880 429 74 30 Nådiga

351 459 114 25 befallning,
484 460 66 25 gifven
567 457 5 20 i
589 457 105 26 Tsarskoje
711 457 46 20 Selo
774 457 38 20 den
826 457 12 19 6
854 456 41 26 (18)
910 456 43 19 Juni

354 485 58 20 1863.

479 547 74 18 Alex.
566 546 124 19 Armfelt.

613 639 20 18 4.
646 639 26 18 W.
686 637 131 20 Wallensköld.

416 809 160 26 Lagntskottets
594 807 130 22 betänkande
742 808 40 20 N:o
800 809 14 20 6
830 810 8 18 i
855 808 100 27 anledning

348 838 24 25 af
383 836 55 21 Hans
455 838 102 25 Kejserliga
573 836 99 26 Majestäts
686 836 71 26 nädiga
770 838 122 24 proposition,
907 836 49 20 huru

346 866 32 19 vid
392 866 103 25 ansökning
511 872 29 13 om
555 866 70 25 lagfart
639 865 11 19 &
657 865 44 25 fast
711 865 87 25 egendom
802 866 88 25 förfaras
900 864 55 24 skall,

349 893 25 20 dä
392 894 95 21 sökanden
504 895 18 24 e
540 894 37 19 kan
589 894 47 25 fullt
652 894 65 25 styrka
734 895 29 18 sin
776 894 132 25 företrädares
927 892 28 20 ät-

349 921 60 21 komst
424 923 26 18 till
464 922 117 26 egendomen.

265 976 134 20 Omförmälda
415 976 69 26 nådiga
502 976 121 26 proposition
640 978 36 18 har
702 976 20 20 af
746 977 88 25 samtlige
861 975 95 21 riksstän-

214 1002 38 20 den
266 1002 64 20 blifvit
343 1003 26 19 till
390 1004 149 23 Lagutskottets
559 1002 119 26 behandling
698 1004 141 24 öfverlemnad;
862 1004 38 19 och
917 1004 39 19 har

214 1028 102 20 Utskottet
329 1028 97 26 Jerjemte
441 1029 41 20 från
496 1029 108 27 Kejserliga
625 1030 87 19 Senaten
732 1030 132 20 utbekommit
884 1030 34 19 det
937 1030 21 18 af

214 1060 24 14 en
253 1055 85 20 särskild
352 1055 78 21 Komite
445 1056 115 20 utarbetade
575 1057 72 24 förslag
660 1056 26 20 till
696 1057 60 25 sagde
767 1057 129 25 proposition,
907 1056 50 20 hvil-

214 1081 34 20 ket
262 1082 91 20 befunnis
367 1088 47 14 vara
428 1083 45 19 med
488 1084 38 19 den
541 1083 114 20 sedermera
668 1082 70 26 afgifna
753 1084 146 25 propositionen
914 1083 43 20 full-

213 1107 83 27 komligt
309 1109 225 24 öfverensstämmande;
550 1110 105 19 äfvensom
668 1109 102 20 Utskottet
787 1110 167 25 tillkännagifvits,

215 1136 28 18 att
258 1135 122 26 omröstning
393 1136 6 18 i
412 1135 109 27 Kejserliga
535 1136 86 20 Senaten
636 1136 18 25 ej
668 1136 95 21 förefallit.
777 1136 32 20 vid
830 1136 78 26 frågans
928 1136 28 20 fö-

215 1160 117 28 redragning
346 1162 50 19 efter
410 1162 138 26 undergången
563 1162 106 26 beredning
682 1162 6 19 i
702 1163 83 19 nämnda
799 1162 85 21 Komite.

268 1188 56 20 Efter
337 1188 145 26 öfvervägande
497 1190 21 18 af
530 1188 38 20 den
582 1188 70 26 nädiga
663 1189 154 25 propositionen,
830 1190 36 19 har
875 1189 81 19 Utskot-

216 1215 34 24 tet,
266 1214 144 20 instemmande
425 1215 4 19 i
444 1215 25 19 Je
483 1215 27 20 till
525 1215 44 19 stöd
581 1215 29 19 för
627 1215 114 19 densamma
762 1216 79 19 anförde
862 1215 91 25 motiver,

214 1242 67 17 ansett
294 1240 30 26 sig
338 1241 47 19 böra
399 1241 5 19 i
419 1241 140 20 hufvudsaken
571 1240 73 26 jemväl
659 1241 77 20 förorda
750 1242 52 19 bifall
817 1242 27 19 till
864 1241 26 21 de
904 1242 52 18 före-

215 1266 66 24 slagna
295 1272 38 20 nya
348 1266 141 26 stadganderne
504 1268 5 19 i
519 1270 72 22 ämnet,
602 1266 69 20 såsom
680 1268 139 24 befordrande,
831 1268 65 19 såvidt
905 1267 49 25 möj-

214 1291 33 25 ligt
261 1294 27 23 är,
305 1293 93 25 säkerhet
412 1294 5 18 i
431 1294 131 26 besittningen
576 1294 20 18 af
608 1294 39 19 fast
660 1294 103 26 egendom,
779 1294 25 19 till
820 1294 80 20 hvilken
915 1294 38 19 för-

215 1323 21 14 re
250 1324 83 20 egarens
348 1319 86 20 åtkomst
448 1318 18 25 ej
480 1320 38 20 kan
530 1320 42 20 fullt
581 1320 87 25 styrkas.

267 1344 39 20 Två
321 1344 227 25 detaljomständigheter
565 1346 57 19 hafva
642 1346 52 19 dock
714 1346 96 20 -föranledt
830 1346 125 19 anmärknin-

214 1375 42 20 gar.
271 1371 43 19 Man
328 1371 36 19 har
378 1371 77 25 erinrat,
472 1374 34 23 att,
521 1372 25 20 då
561 1372 41 24 laga
623 1371 57 20 stånd
700 1372 70 19 endast
790 1372 102 26 skyddade
912 1375 42 16 mot

216 1396 86 26 anspråk
316 1397 22 19 af
349 1397 107 20 bördeman
470 1398 48 19 eller
532 1398 66 25 andra,
615 1403 44 14 som
673 1397 24 26 pä
711 1398 63 27 grund
791 1398 21 20 af
830 1398 124 25 lösningsrätt

216 1422 46 20 ville
274 1423 38 20 den
326 1424 105 25 uppbudna
446 1424 118 25 fastigheten
578 1425 29 25 sig
620 1425 83 25 tilleena,
719 1431 52 19 men,
787 1425 25 25 pä
826 1426 40 18 sätt
880 1426 9 19 1
906 1424 10 25 $
931 1425 23 19 40
