975 1750
161 140 34 19 572
377 140 72 22 Nådiga
461 141 139 22 Propositionen
613 140 36 17 N:o
661 139 28 17 22.

218 190 68 19 Ehuru
299 189 194 26 kyrkolagskomitén
507 189 5 19 i
527 189 41 19 sina
584 188 84 20 motiver
681 188 27 20 till
723 188 64 24 någon
797 188 30 19 del
838 186 70 21 erkänt

164 216 26 19 de
204 215 121 26 symboliska
338 215 110 19 böckernas
462 216 87 24 giltighet
563 216 38 18 och
615 215 104 25 betydelse
733 214 28 19 för
779 214 88 25 Kyrkan,
884 212 22 20 så

165 242 36 19 har
218 242 115 19 densamma
349 241 58 20 likväl
426 241 4 18 i
449 241 28 19 sin
498 241 106 20 deduktion
622 239 52 26 gjort
691 241 29 25 sig
740 240 78 26 skyldig
836 239 27 20 till
883 245 24 14 en

164 267 156 26 oprotestantisk
334 267 121 26 uppfattning
469 268 20 19 af
501 268 60 19 dessa
576 272 75 14 saroma
671 266 80 20 böcker.
780 267 67 24 Enligt
860 265 47 27 kyr-

164 293 163 26 kolagsförslaget
341 297 22 17 är
377 294 33 19 det
425 294 98 22 nemligen
538 296 80 23 presten
633 299 43 14 som
691 293 47 20 skall
749 293 109 20 bestämma
869 293 39 18 för-

164 320 118 26 samlingens
296 320 178 20 totalmedvetande
491 321 37 19 och
546 319 130 20 bekännelses
697 319 90 20 innehåll.
817 320 90 19 Försam-

164 347 64 24 lingen
242 347 75 19 lemnar
331 346 20 21 åt
365 349 80 23 presten
459 347 25 19 de
499 346 121 27 symboliska
635 346 99 28 böckerna
748 346 30 19 för
795 347 28 18 att
839 345 21 19 af
872 346 35 18 ho-

164 378 46 14 nom
225 379 36 19 pro
275 373 53 20 libitu
343 373 54 26 gillas
412 373 47 20 eller
474 373 104 23 förkastas;
596 375 21 23 ty
631 372 33 20 det
681 374 22 18 är
715 378 22 19 ju
752 374 81 23 presten
848 373 60 19 somi

165 398 67 25 hvarje
247 399 32 20 fall
295 407 64 13 ensam
374 399 53 25 afgör
442 399 52 20 hvad
509 399 5 20 i
528 399 60 19 dessa
602 399 81 24 böcker,
700 399 49 19 efter
764 399 48 19 hans
821 398 87 25 uppfatt-

164 429 54 25 ning,
237 428 48 20 skall
307 433 58 15 anses
382 428 67 19 såsom
467 427 181 26 grundväsendtligt
668 428 47 19 eller
733 427 67 20 såsom
816 432 25 15 en
859 428 49 19 blott

164 453 150 27 bibestämning.
344 453 27 20 Då
386 460 27 13 nu
427 457 80 23 presten
522 453 81 21 sålunda
618 454 63 19 skulle
695 454 58 25 göras
767 454 26 19 till
813 459 24 14 en
842 456 66 26 auto-

163 480 45 19 krat
221 481 57 19 öfver
287 481 149 26 församlingens
451 483 29 17 tro
491 482 38 19 och
537 480 128 23 bekännelse,
677 480 23 20 så
715 480 52 19 inser
781 479 32 26 jag
829 485 17 19 ej
856 481 52 18 hura

164 511 46 15 man
224 507 5 19 i
245 513 24 14 en
284 507 61 19 sådan
359 507 112 25 församling
486 507 37 20 kan
539 507 57 20 tänka
611 507 29 25 sig
654 507 38 19 den
707 512 60 14 sanna
782 507 127 19 samvetsfri-

164 533 66 25 heten,
247 536 20 23 ty
282 533 138 26 församlingen
438 534 102 19 nedsättes
555 533 22 25 ju
594 533 114 26 fullkomligt
725 533 26 19 till
769 533 102 25 kategorin
888 534 21 19 af

165 559 104 27 omyndiga
284 560 112 24 skolebarn,
413 559 65 20 hvilka
494 563 79 23 presten
588 560 20 19 af
621 560 29 19 sin
665 565 50 20 egen
729 559 79 20 visdom
818 559 51 20 hade
879 563 28 16 att

165 586 88 26 bibringa
267 586 37 20 den
318 586 101 26 kristeliga
433 587 127 25 kunskapens
573 586 108 26 sanningar,
694 586 47 20 eller
750 587 37 19 ock
797 587 26 19 till
834 592 23 13 en
867 587 40 25 hop

164 613 21 19 af
200 613 88 25 lekmän,
307 613 51 19 inför
374 614 65 18 hvilka
458 614 37 18 han
512 613 66 20 såsom
596 618 25 14 en
638 613 78 19 hierark
733 613 114 25 föredrager
864 613 43 20 sina

164 644 48 19 egna
227 638 79 27 åsigter.
336 640 37 19 Det
387 640 37 19 kan
441 641 28 18 väl
485 640 101 24 invändas,
602 642 27 16 att
642 640 138 24 församlingen
795 640 78 19 fordrar
884 639 23 25 ju

164 665 21 18 af
197 668 90 22 presten,
303 668 28 17 att
347 667 38 18 han
403 666 47 19 skall
469 666 43 25 följa
529 665 25 20 de
571 665 123 27 symboliska
711 666 110 20 böckernas
837 666 70 25 grund-

163 693 119 24 uppfattning
296 692 22 19 af
330 692 37 20 Jen
382 693 39 19 hel.
437 693 71 18 Skrifts
523 693 46 24 lära,
586 693 38 18 och
638 694 27 17 att
679 692 62 19 denna
755 693 152 26 grunduppfatt-

165 719 46 24 ning
228 720 143 25 ovelersägligt
388 722 30 18 är:
437 721 198 26 ,rättfärdiggörelsen
653 723 24 24 af
691 724 41 17 tron
749 722 82 20 allena".
863 723 43 20 Men

164 747 44 20 dels
222 747 64 20 finnes
302 754 24 13 en
340 748 62 21 sådan
416 750 124 24 uppfattning
554 749 72 26 antydd
642 750 68 19 endast
720 750 5 19 i
734 750 117 25 motiverna,
863 751 43 21 dels

164 774 22 18 är
199 773 39 20 den
252 774 58 20 äfven
324 775 114 26 otillräcklig
453 778 27 16 att
494 775 92 26 uttrycka
601 776 43 19 hela
658 775 95 20 fullheten
768 777 19 18 af
800 777 37 20 den
848 783 59 14 evan-

164 799 75 24 geliska
253 801 88 25 kyrkans
355 801 132 20 läroinnehäll.
517 801 124 25 Kalvinister,
657 802 102 25 baptister,
777 804 131 20 metholister

165 827 38 18 och
217 831 24 14 en
256 827 31 19 hel
305 829 68 18 svärm
388 829 21 18 af
425 827 35 20 vär
476 828 78 26 Kyrkas
572 827 87 26 afgjorda
676 828 145 25 motståndare,
840 830 67 21 kunna

163 852 73 25 ganska
253 853 29 19 väl
298 853 93 25 adoptera
405 854 64 19 Jenna
483 855 77 24 formel,
576 857 45 16 utan
636 856 28 17 att
676 854 78 20 Jerföre
764 855 5 19 i
779 856 71 20 minsta
860 862 46 14 mon

164 883 46 14 vara
226 879 121 25 evangeliskt
360 880 109 19 lutherske.
499 880 45 19 Icke
559 881 62 18 heller
634 880 37 19 har
684 880 34 20 det
731 881 87 28 giltighet
830 889 33 13 om
872 883 35 20 nä-

164 909 38 19 gon
217 905 45 19 ville
276 906 55 23 säga:
347 906 113 25 derigenom
476 909 27 16 att
518 911 44 14 man
577 905 22 20 sä
613 907 32 18 vill
664 907 86 26 upphöja
768 909 139 25 symbolernas

163 930 41 25 vigt
218 931 37 18 och
269 931 103 26 betydelse
387 933 66 18 ställer
468 938 45 13 man
527 933 46 19 dem
587 932 6 19 i
605 931 117 26 jemnbredd
735 933 45 20 med
791 935 56 20 Guds
862 937 45 24 eget

164 955 42 20 ord.
235 956 35 25 Nej
286 957 109 25 ingalunda:
424 959 86 19 Skriften
526 964 69 14 ensam
604 960 21 17 är
635 958 38 20 Jen
683 959 98 26 oryggliga
791 961 114 26 sanningen,

163 987 45 14 men
223 983 26 19 de
263 984 122 25 symboliska
400 985 98 19 böckerna
512 988 34 17 äro
561 985 71 19 endast
646 985 123 20 vittnesbörd
784 993 32 13 om
829 989 79 18 sannin-

162 1013 44 20 gen.
235 1010 43 19 Men
292 1009 25 20 de
332 1012 33 17 äro
380 1011 148 26 församlingens
543 1017 55 20 egna,
614 1012 123 25 sannfärdiga
749 1013 37 20 och
798 1013 53 20 vissa
861 1015 46 19 vitt-

164 1034 92 26 nesbörd,
273 1041 43 14 som
332 1037 38 19 hon
385 1036 17 25 ej
417 1037 38 20 kan
470 1036 91 25 tillstädja
576 1039 28 17 att
618 1037 37 20 Jen
669 1043 36 14 ena
719 1040 47 19 eller
780 1040 61 19 andra
856 1040 50 21 skall

162 1060 18 29 få
194 1061 121 28 godtyckligt
329 1063 97 24 förändra,
443 1066 78 23 stympa
540 1064 46 19 eller
605 1063 95 20 balfvera.
730 1066 28 25 Ty
774 1071 46 14 man
842 1065 29 22 får
888 1067 17 26 ej

162 1086 79 25 förbise,
258 1091 28 16 att
300 1092 81 21 presten
395 1091 22 17 är
429 1089 21 25 ju
465 1089 18 25 ej
491 1089 37 25 sin
544 1094 48 20 egen
606 1090 52 19 läras
673 1091 38 19 och
728 1093 89 24 menings
834 1093 73 19 bekän-

162 1118 54 17 nare,
232 1116 46 17 utan
292 1115 38 19 han
345 1117 22 17 är
381 1115 55 20 Guds
451 1116 47 20 ords
513 1115 119 24 bekännare,
652 1117 57 25 enligt
727 1118 37 19 den
781 1118 124 26 församlings

161 1138 39 20 lära
217 1140 37 19 och
268 1143 31 16 tro
314 1141 60 19 hvars
388 1141 74 25 tjenare
477 1142 37 19 han
528 1143 28 18 är.
586 1142 43 19 Han
644 1142 41 19 står
700 1142 18 25 ej
733 1146 51 24 öfver
795 1145 111 20 församlin-

161 1173 48 19 gens
224 1174 146 19 gemensamma
385 1173 30 16 tro
429 1171 38 19 och
482 1171 125 24 bekännelse,
619 1170 80 25 ejheller
709 1175 60 18 under
777 1173 68 25 denna,
857 1177 48 18 utan

160 1198 28 17 uti
202 1196 70 26 denna,
288 1197 68 21 såvida
371 1199 38 19 han
424 1201 21 17 är
460 1206 24 13 en
498 1202 69 22 trogen
583 1201 37 18 och
635 1201 98 25 upprigtig
750 1201 87 25 kyrkans
851 1209 52 14 man.

161 1226 7 18 I
170 1226 93 30 motsatt
278 1226 29 19 fall
323 1228 22 18 är
359 1227 38 19 han
412 1227 58 25 enligt
483 1228 45 20 Joh.
545 1230 31 19 10.
594 1235 18 13 v.
628 1230 18 23 5,
660 1235 23 14 en
688 1231 125 25 fremmande,
825 1233 79 20 hvilken

160 1251 54 28 fåren
229 1253 154 27 (församlingen)
399 1255 18 25 ej
431 1256 64 21 kunna
511 1258 47 19 höra
572 1258 47 20 eller
631 1257 51 26 följa;
695 1261 37 18 och
742 1259 80 21 sålunda
833 1265 22 16 är
866 1263 37 20 han

162 1283 17 18 €)
195 1284 22 14 en
233 1282 38 17 rätt
285 1280 69 20 herde.
370 1293 25 2 —
410 1282 29 19 En
454 1283 42 19 utaf
508 1284 37 19 den
561 1282 101 22 lutherska
679 1286 88 23 kyrkans
781 1289 122 19 utmärktare

161 1304 99 25 theologer
276 1308 63 23 yttrar
353 1307 5 18 i
373 1307 64 19 denna
452 1309 42 19 sak:
512 1309 49 20 «Om
576 1312 102 22 presterna
693 1311 73 21 befrias
780 1312 41 20 från
832 1313 72 20 förbin-

160 1329 68 30 delsen
242 1334 28 17 att
284 1331 51 27 hålla
350 1333 36 24 sig,
395 1333 26 22 till
436 1334 38 19 den
488 1341 148 19 gemensamma
653 1336 88 27 kyrkliga
760 1339 131 20 bekännelsen

160 1361 21 24 så
197 1356 53 21 leder
264 1357 54 21 detta
333 1359 90 25 antingen
437 1360 25 20 till
477 1366 25 14 en
518 1361 108 26 fullkomlig
640 1363 116 26 upplösning
769 1365 22 20 af
801 1365 33 20 det
844 1357 61 34 kyrk-

159 1383 36 29 liga
210 1384 117 29 sambandet
340 1385 53 20 inom
407 1386 141 23 konfessionen
564 1388 4 19 i
583 1389 107 21 allmänhet
703 1391 39 18 och
757 1392 82 25 specielt
849 1393 54 21 inom

159 1409 162 27 församlingarne
335 1411 47 22 eller.
397 1413 37 21 ock
449 1414 26 20 till
491 1420 23 14 en
529 1415 77 26 andelig
618 1416 117 27 despotism,
751 1418 78 23 hvilken
844 1419 59 22 inträ-
