1023 1739
295 112 72 24 Nådiga
377 113 141 23 Propositionen
530 115 37 18 N:o
580 115 27 19 12.
670 103 2 2 |
790 117 33 19 227

78 160 62 30 derna
158 161 29 19 för
204 167 24 14 en
245 166 26 22 ny
289 162 142 26 brottmålslag,
448 164 70 20 dervid
531 164 69 25 början
613 166 36 19 bör
664 166 59 24 göras
737 166 92 20 medelst.

78 188 84 24 positiv-
176 188 39 20 och
229 194 98 21 noggrann
342 190 125 26 bestämning
481 192 38 18 och
532 190 67 20 hvilka
609 191 110 21 straffarter
728 192 56 20 skola
793 192 27 21 till

78 214 130 29 användande
222 216 21 18 af
254 215 104 21 framtiden
372 217 112 25 fastställas,
496 218 38 19 och
544 216 78 21 således
631 218 60 20 tillika
700 218 67 20 hvilka
776 220 45 18 här-

78 240 88 20 förinnan
185 240 88 27 nyttjade
293 242 58 20 straff
364 243 82 19 komma
464 246 28 17 att
508 243 113 26 afskaffas»,
638 244 22 20 så
675 245 59 19 hafva
748 245 73 20 under-

77 266 104 26 tecknade,
197 268 67 19 hvilka
278 268 59 26 enligt
353 268 68 26 nådigt
437 270 91 26 uppdrag
542 269 63 20 skolat
619 270 5 19 i
637 270 80 20 Komité
730 272 90 19 utarbeta

76 293 72 26 förslag
166 293 26 20 till
210 294 123 26 proposition
346 294 6 20 i
366 295 53 20 detta
433 296 64 25 ämne,
513 296 97 26 uppfattat
624 296 33 20 sitt
671 296 103 26 åliggande
788 297 33 21 så-

76 319 66 29 lunda,
161 322 29 17 att
207 320 91 20 Komitén
315 321 52 20 hade
383 324 27 17 att
425 322 4 18 i
445 322 81 20 främsta
540 325 88 17 rummet
642 324 87 25 uppgöra
743 326 30 17 ett
785 324 36 20 de-

76 346 94 25 taljeradt
185 347 73 26 förslag
275 347 100 26 angående
392 348 25 20 de
434 348 116 26 straffarter,
569 354 43 14 som
631 349 61 21 borde
709 350 7 18 i
729 350 38 19 den
781 356 39 20 nya

76 372 161 30 brottmålslagen
251 373 44 27 ingå
310 375 38 19 och
362 375 66 26 läggas
443 375 26 20 till
480 376 63 25 grund
553 376 30 18 för
592 375 47 20 dess
649 376 96 20 särskilda
755 376 64 20 straff-

77 399 47 24 bud,
138 402 65 23 jemte
216 400 34 20 det
263 401 91 20 Komitén
368 402 58 19 äfven
439 401 62 21 borde
516 402 97 26 uppställa
628 408 24 13 en
662 402 95 26 öfversigt
766 403 21 19 af
794 403 26 20 de

77 426 126 20 härförinnan
217 426 98 26 påbjudna
329 428 116 24 straffarter,
462 428 66 20 hvilka
542 429 5 19 i
562 428 103 26 anledning
674 428 58 20 deraf
739 429 80 20 komme

76 455 30 17 att
122 452 101 26 afskaffas,
242 457 53 16 samt
311 454 89 25 slutligen
418 454 38 20 ock
471 455 4 18 i
490 455 81 20 korthet
585 454 72 26 antyda
671 455 25 19 de
710 455 61 25 öfriga
785 455 34 21 all-

75 482 72 16 männa
163 479 107 26 principer,
289 480 60 25 enligt
366 481 65 20 hvilka
449 480 36 20 den
502 487 39 20 nya
555 480 119 26 strafflagen,
688 480 79 26 jemlikt
780 482 40 19 Ko-

75 505 72 20 miténs
161 505 58 26 åsigt,
234 506 63 20 borde
310 506 109 20 utarbetas.
740 522 8 3 -

128 532 93 20 Komitén
235 533 36 19 har
285 532 118 21 fördenskull
418 533 73 20 indelat
505 534 33 19 sitt
552 533 73 26 förslag
634 533 6 19 i
650 536 30 17 tre
689 534 127 26 afdelningar,

74 559 22 19 af
107 558 66 20 hvilka
190 558 38 21 den
244 560 62 19 första
320 559 60 25 angår
394 560 25 20 de
433 560 99 20 blifvande
546 560 141 24 straffarterna,
703 560 39 20 den
757 560 61 20 andra

74 584 103 21 meddelar
185 580 8 37 .
195 590 26 15 en
237 586 96 26 &fversigt
349 586 22 19 af
382 586 52 24 dem,
451 592 44 14 som
508 586 81 20 komme
604 588 28 18 att
646 586 101 26 afskaffas,
764 590 54 16 samt

73 610 39 21 den
126 611 64 26 tredje
203 612 84 26 antyder
300 612 25 20 de
339 612 60 25 öfriga
417 612 92 26 grunder,
526 612 24 27 på
564 612 66 20 hvilka
645 613 38 20 den
697 619 40 20 nya
752 613 66 19 strafi-

74 638 58 26 lagen
146 638 63 20 borde
224 638 59 21 hvila.

91 680 6 4 -
127 664 123 21 Beträffande
267 666 140 24 straffarterna,
427 666 36 20 har
479 666 97 24 Komitén,
597 665 66 21 såsom
678 666 38 20 den
730 666 5 20 i
749 666 69 19 försla-

75 694 43 23 gets
136 692 61 19 andra
214 692 97 25 afdelning
325 692 116 20 meddelade
455 692 95 26 ofversigt
564 693 63 25 gifver
641 692 34 20 vid
689 692 85 24 handen,
790 692 27 20 till

76 718 139 25 upphäfvande
233 718 100 26 föreslagit
349 718 45 20 icke
411 719 81 20 allenast
509 718 116 20 döustraffet
641 718 6 19 i
661 719 37 19 alla
711 719 48 19 dess
773 719 45 18 här-

75 744 89 20 förinnan
175 743 98 27 påbjudna
283 745 80 25 former,
373 747 48 18 utan
431 746 58 19 äfven
498 745 60 26 öfriga
568 745 73 26 fysiskt
649 744 94 21 affliktiva
753 744 63 26 straff,

75 771 98 25 nemligen
191 771 130 26 hudstrykning,
361 775 35 22 spö
411 773 37 18 och
463 772 26 19 ris
504 774 52 17 samt
569 773 92 24 gatulopp
677 772 14 24 (i
705 772 25 19 de
744 771 18 20 fä
777 771 38 25 fall,

75 798 57 19 hvari
147 797 122 20 sistnämnda
284 801 40 16 straff
353 798 59 25 enligt
425 799 71 19 allmän
506 798 111 25 författning
627 801 54 17 ännu
690 798 38 19 kan
738 797 79 20 komma

74 824 6 19 i
97 823 71 26 fråga),
188 824 103 20 äfvensom
308 824 86 27 fängelse
408 825 35 20 vid
457 827 67 18 vatten
538 825 37 19 och
589 825 57 24 bröd,
662 824 69 21 arbete
744 824 6 19 i
765 824 53 19 hals-

72 849 52 27 jern,
143 851 106 25 ärelöshet,
269 851 148 26 schavottering
434 852 38 19 och
487 851 61 20 andra
562 851 103 26 skymfliga
679 850 62 27 straff,
757 850 60 20 hvar-

72 876 63 26 Jemte
151 877 107 26 landsflykt
275 880 52 17 samt
343 878 93 25 mistning
452 879 21 18 af
487 878 67 26 näring
571 878 48 19 eller
636 878 21 19 af
672 878 37 20 löst
723 877 39 20 och
776 877 40 21 fast

74 905 48 19 eller
136 904 49 20 blott
199 905 38 19 löst
251 904 50 26 gods
315 904 63 20 blifvit
392 905 21 18 af
425 905 91 27 Komiten
530 905 145 19 utmönstrade.

127 931 8 19 I
149 931 65 20 stället
228 931 36 20 har
277 931 91 20 Komiten
381 931 105 26 föreslagit,
501 933 29 18 att
544 930 69 20 säsom
625 932 94 19 allmänna
729 930 88 20 straffar-

74 959 30 18 ter
119 957 62 20 borde
195 958 98 26 begagnas
308 960 30 17 tre
353 957 95 20 särskilda
463 961 52 16 arter
525 957 21 20 af
553 957 130 20 frihetsstraff
690 959 53 17 samt
751 957 64 24 böter,

74 989 45 14 men
134 983 95 26 derjemte
244 985 61 19 afsett
317 983 126 26 möjligheten
457 987 28 17 att
499 985 5 18 i
519 983 91 26 lämpliga
624 984 31 19 fall
669 983 66 20 kunna
748 983 68 28 förena

73 1010 61 20 dessa
154 1010 110 20 straffarter
281 1011 43 19 dels
341 1009 46 21 med
404 1011 71 19 förlust
491 1011 21 19 af
527 1009 74 21 sädana
618 1011 47 25 ting,
683 1015 44 14 som
743 1011 74 24 utgjort

74 1037 85 26 verktyg
176 1037 48 20 eller
240 1037 64 20 medel
322 1037 29 19 för
369 1037 84 20 brottets
469 1036 108 27 begäende,
599 1037 47 19 eller
660 1036 79 25 vinning
753 1035 62 24 deraf,

74 1063 42 20 dels
134 1063 45 20 med
197 1063 61 26 några
275 1063 105 26 lindrigare
397 1063 97 26 ärestraff,
510 1069 44 20 som
568 1063 91 26 antingen
674 1062 98 24 innebära,
788 1064 29 17 att

73 1089 39 20 den
125 1090 104 25 brottslige
243 1090 29 19 för
285 1090 67 25 längre
366 1090 47 19 eller
427 1089 80 20 kortare
520 1089 28 20 tid
562 1088 53 25 gjort
628 1089 29 25 sig
672 1089 81 25 ovärdig
761 1088 57 21 med-

73 1115 107 27 borgerligt
194 1116 119 25 förtroende,
329 1116 47 19 eller
391 1116 37 19 ock
442 1116 92 19 innefatta
548 1115 71 20 förlust
633 1116 20 19 af
660 1115 100 25 adelskap,
771 1117 44 17 vär-

74 1142 67 26 dighet
158 1148 28 13 m.
204 1148 37 19 m.,
257 1145 52 17 samt
322 1142 43 20 dels
379 1141 61 21 också
454 1142 47 20 med
515 1141 140 21 straffdomens
668 1141 127 26 kungörande
810 1141 5 20 i

74 1169 75 26 tidning
162 1169 27 20 till
204 1169 123 25 upprättelse
341 1169 32 19 för
384 1169 37 20 den
437 1169 88 20 enskilde
538 1168 133 25 målsegande,
687 1173 45 14 som
740 1167 76 20 kunna.

75 1201 72 19 genom
161 1195 100 20 smädelse
274 1195 19 20 få
307 1195 34 20 sitt
354 1195 158 26 medborgerliga
522 1194 99 21 anseende
630 1194 107 26 ifrågasatt.
767 1195 50 18 Der-

73 1221 63 26 jemte
150 1224 33 18 äro
199 1222 97 21 särskilda
310 1222 57 20 straff
378 1222 110 25 föreslagna
502 1222 30 19 för
546 1221 145 25 lifstidsfångar,
709 1226 44 14 som
766 1219 49 27 begå

75 1248 59 26 brott,
150 1249 105 20 äfvensom
269 1249 30 19 för
311 1247 132 27 minderårige
453 1251 53 16 samt
514 1249 28 18 för
552 1247 88 20 embets-
649 1248 38 19 och
696 1247 120 25 tjenstemän

73 1274 63 25 jemte
148 1275 63 20 andre
224 1275 129 20 innehafvare
367 1275 20 19 af
399 1275 95 20 allmänna
507 1275 131 24 befattningar
652 1273 53 20 såväl
720 1273 29 20 för
763 1273 54 19 brott

75 1301 6 19 i
95 1301 92 26 tjensten,
205 1307 43 14 som
263 1301 30 20 för
306 1301 106 25 tjenstefel.
635 1326 4 3 N
735 1324 6 7 ,
794 1325 7 5 N

128 1328 36 19 Vid
182 1328 135 25 uppgörandet
333 1328 20 19 af
369 1327 60 20 dessa
447 1327 73 26 förslag
534 1327 34 19 har
583 1327 91 19 Komiten
689 1327 71 24 uttgätt
774 1325 43 31 från

77 1354 38 19 den
136 1355 139 24 öfvertygelse,
294 1356 28 17 att
335 1354 113 19 strafflagen
462 1353 17 25 ej
494 1354 82 19 allenast
590 1353 35 20 bör
639 1353 42 19 afse
694 1352 123 27 upprätthä]-

75 1379 65 20 landet
154 1379 20 20 af
186 1380 39 19 Jen
239 1380 95 19 allmänna
344 1356 170 51 rättssäkerheten
523 1379 37 19 och
570 1379 69 25 lagens
649 1377 98 20 anseende
755 1377 61 28 jeriite

75 1404 126 27 möjligheten
217 1408 29 17 att
262 1406 6 19 i
285 1408 28 17 ett
329 1405 78 21 rättvist
424 1405 49 20 mått
490 1406 74 18 utmäta
586 1404 75 20 straffet
680 1404 50 19 efter
747 1403 70 25 hvarje
