975 1781
286 124 72 23 Nådiga
368 125 141 23 Propositionen
522 125 36 17 N:o
569 124 29 18 22.
783 124 33 19 567

71 174 84 21 uteslöto
170 174 37 20 ock
221 174 114 26 apostlarne
348 173 50 22 ifrån
412 174 35 20 det
461 174 87 27 kyrkliga
569 174 114 21 :samfundet
700 175 115 25 grofva:af-

70 202 89 24 fällingar
173 201 6 19 i
188 201 40 20 lära
243 202 38 19 och
295 201 94 25 lefverne,
406 201 39 20 tills
459 201 24 20 de
497 202 64 19 skulle
574 200 117 27 ådagalägga
703 201 60 26 ånger
777 202 38 19 och

70 227 140 25 botfärdighet,
226 227 25 20 då
266 227 120 20 återinträde
399 227 6 19 i
419 227 88 26 kyrkans
525 229 59 18 enhet
600 227 61 26 villigt
677 227 20 20 åt
713 228 48 19 dem
777 228 39 19 för-

73 253 95 20 unnades.
198 255 37 18 Det
249 255 22 18 är
285 253 79 20 derföre
377 256 72 17 tvenne
463 254 175 19 hufvudinstanser
653 259 44 14 som
713 253 4 20 i
741 259 24 14 en
786 253 29 20 bi-

73 279 136 26 blisk-kristlig
219 280 108 25 kyrkotukt
337 279 51 28 ingä;
399 280 19 24 1)
434 280 115 25 -npprepade
563 280 103 25 varningar
680 279 5 19 i
700 279 63 21 skilda
771 285 43 20 gra-

72 306 49 24 der,'
131 307 46 23 och,
193 311 32 14 :om
239 306 60 19 dessa
314 305 17 26 ej
346 306 72 25 hjelpa,
434 306 21 25 2)
469 306 135 20 uteslutandet
613 305 43 20 från
664 306 151 25 församlingens

72 333 128 24 gemenskap,
217 332 33 20 det
264 338 17 14 s.
297 333 20 19 k.
334 333 67 19 bannet
416 333 48 19 eller
479 333 211 19 exkommunikationen.

126 361 50 25 Tage
191 361 19 19 vi
224 366 27 14 nu
265 361 50 19 efter
328 360 63 20 Jenna
407 360 126 27 förelöpande
549 360 120 21 betraktelse
686 360 39 20 den
742 360 74 26 kyrko-

74 387 43 20 tukt
134 387 63 20 under
214 387 151 26 skärskälning,
384 393 44 14 som
445 386 112 21 framhälles
574 387 5 19 i
599 387 216 26 Kyrkolagsförslagets

74 414 24 20 43
113 413 47 26 kap.
177 415 10 18 3
202 413 17 26 $,
235 413 22 20 sä
272 413 94 20 återfinna
380 413 20 20 vi
410 414 36 19 här
455 414 25 19 de
489 413 50 20 olika
547 413 198 26 varningsgraderna,
757 413 59 20 hvar-

73 443 53 17 emot
143 441 70 24 sjelfva
231 440 133 21 uteslutandet
380 441 48 20 eller
445 442 71 19 bannet
532 440 63 21 blifvit
611 440 132 20 bortlemnadt
759 441 54 24 elier,

73 468 74 19 rättare
162 467 62 26 sagdt,
240 467 104 20 inskränkt
357 467 27 20 till
399 470 28 17 ett
441 467 213 26 förlustigförklarande
663 467 21 20 af
691 467 55 20 vissa
755 466 60 27 kyrk-

73 494 37 25 liga
124 494 121 25 rättigheter.
275 493 28 20 Dä
318 499 27 14 nu
359 495 42 18 häri
418 495 63 24 ligger
497 499 24 14 en
539 493 115 24 obestridlig
670 493 97 20 afvikelse
784 492 31 21 sä-

73 521 32 19 väl
120 520 43 20 från
177 521 114 19 Frälsarens
305 520 43 25 ord,
364 522 28 18 att
405 526 102 20 personer,
524 520 64 20 hvilka
603 520 26 19 till
643 519 23 20 lif
677 521 38 18 och
728 519 50 20 anda
787 520 28 20 af-

73 547 47 20 fallit
134 546 42 21 från
191 547 146 20 kristendomen
350 547 38 19 och
403 547 58 25 ingen
476 547 80 20 rättelse
569 549 93 22 mottaga,
680 547 56 19 skola
755 545 60 21 hållas

73 573 150 26 för.:hedningar
239 573 48 20 eller
304 573 98 24 okristna,
421 579 45 14 som
480 572 48 21 ifrån
545 573 38 20 den
600 573 119 25 apostoliska
737 573 75 25 praxis,

73 600 80 19 hvilken
167 599 81 20 faktiskt.
265 599 83 20 afskilde
364 599 66 28 dylika
447 599 105 26 affällingar
568 599 43 20 från
629 599 89 27 kyrkans
735 599 81 26 gemen-

73 627 56 25 skap,
145 632 61 20 synes
220 627 61 19 saken
296 632 47 14 vara
357 627 5 18 i
377 626 29 27 sig
419 632 39 20 nog
475 627 60 25 vigtig
550 629 28 16 att
592 625 81 25 förtjena
688 628 28 17 ett
724 627 92 18 närmare

73 653 153 25 öfvervågande.
256 653 37 20 Det
307 655 21 17 är
340 651 22 26 ju
376 652 18 26 ej
408 652 54 26 fråga
477 659 31 14 om
523 652 105 26 någonting
642 652 85 25 mindre,
743 654 25 18 än
782 658 34 14 om

75 685 24 14 en
114 679 19 20 af
149 679 203 26 kyrkolags-komitén
368 679 26 20 till
412 679 76 26 kyrkan
505 679 56 21 ställd
578 679 128 26 uppmaning,
726 679 33 20 det
775 680 40 19 hon

74 707 30 19 för
118 707 23 19 all
157 707 78 19 framtid
250 705 98 26 sjelftmant
360 705 62 20 måtte
436 707 65 24 afsäga
520 706 29 26 sig
565 706 30 19 sin
612 705 92 27 rättighet
720 708 29 17 att
765 705 50 20 ifrån

75 733 29 26 sig
118 734 5 18 i
138 735 53 24 yttre
206 733 112 20 hänseende
333 732 75 26 afskilja
423 733 92 26 ovärdiga
529 733 136 20 medlemmar.
695 731 74 21 Sådant
779 732 36 20 kan

74 760 45 20 med
134 760 43 19 skäl
192 765 59 15 anses
265 759 114 26 betänkligt,
398 759 37 20 och
452 759 60 20 Kristi
529 759 110 26 församling
656 759 58 20 torde
729 759 86 20 behöfva

74 786 60 21 rådas
147 786 28 20 till
190 789 27 18 ett
231 792 49 20 noga
295 786 150 21 eftersinnande,
461 786 57 20 innan
535 786 37 20 den
589 786 114 26 godkänner
720 785 97 26 ifrägava-

74 813 62 20 rande
149 813 58 25 äsigt.
235 814 28 25 Ty
281 819 32 13 om
332 813 75 26 kyrkan
424 814 24 18 än
467 813 56 26 högst
540 813 59 19 sällan
617 813 38 19 och
672 812 144 25 undantagsvis

74 841 100 25 begagnar
188 841 30 25 sig
231 841 20 18 af
264 839 30 20 sin
309 839 249 25 exkommunikationsrätt,
574 839 35 20 bör
623 840 38 19 hon
676 839 57 20 likväl
749 838 19 26 ej
777 839 39 19 för-

74 868 56 18 hasta
144 866 30 25 sig
187 867 46 19 med
250 869 27 16 att
294 869 47 22 göra
357 867 47 19 dess
422 866 125 25 användning
565 865 28 20 för
610 866 29 25 sig
657 865 84 27 omöjlig.
773 866 43 19 Hon

75 893 35 20 bör
124 893 45 19 icke
183 896 46 16 utan
244 893 140 26 sorgfälligaste
397 893 90 25 :pröfning
503 893 56 18 kasta
577 892 107 20 öfverbord
700 892 38 20 den
755 892 61 24 makt,

76 925 43 14 som
135 919 78 20 Kristus
227 919 46 24 sjelf
285 920 64 19 henne
362 919 56 26 gifvit
432 919 37 20 och
485 920 48 19 hans
550 920 87 24 apostlar
654 924 71 21 genom
743 919 34 20 sitt
790 919 29 20 fö-

76 947 82 19 redöme
172 946 139 19 sanktionerat.

128 973 45 19 Men
187 978 32 14 om
233 971 24 26 på
273 972 63 25 grund
351 973 21 18 af
384 972 33 20 det
431 972 80 19 anförda
525 971 83 20 flertalet
621 971 60 20 bland
690 972 80 20 Presta-
779 972 39 19 och

76 998 156 21 Bondeståndets
246 999 122 24 deputerade
382 998 33 19 vid
430 999 99 19 Utskottet
543 998 45 19 känt
602 998 29 26 sig
645 998 79 20 manadt
737 1001 28 16 att
779 998 39 20 för-

76 1026 49 19 orda
140 1025 230 20 exkommunikationens
385 1025 136 20 bibehållande
537 1025 5 18 i
557 1024 82 27 kyrkan,
650 1024 22 20 så
683 1025 36 19 har
728 1025 34 19 det
771 1025 46 19 med

72 1052 116 24 detsamma
203 1051 73 21 åhvälft
290 1053 30 24 sig
334 1052 37 19 den
385 1052 119 25 förpligtelse
518 1053 29 18 att
560 1052 51 19 efter
624 1050 87 27 förmåga
725 1051 48 19 söka
787 1053 31 17 ut-

76 1079 53 22 reda,
145 1080 52 19 huru
211 1085 24 13 en
252 1078 192 19 exkommunikation
462 1078 4 19 i
485 1077 86 26 enlighet
587 1078 46 19 med
650 1078 90 25 kyrkans
757 1083 60 14 sanna

76 1105 88 26 begrepp
177 1104 65 21 måste
256 1105 5 18 i
276 1105 49 20 våra
339 1105 59 25 dagar
412 1105 39 18 och
465 1104 62 20 under
541 1104 121 20 närvarande
674 1103 144 21 samfundsför-

75 1131 102 20 hållanden
191 1131 72 20 tänkas
276 1131 83 26 gestalta
374 1130 35 26 sig.
439 1130 95 25 Rådfråga
549 1131 19 18 vi
583 1130 4 19 i
602 1130 54 19 detta
665 1130 93 19 afseende
768 1131 49 18 först

75 1159 38 18 och
128 1158 69 19 främst
212 1157 79 20 hvilken
305 1157 68 26 praxis
386 1157 20 19 af
418 1157 40 20 den
472 1157 111 25 urkristliga
597 1157 77 26 kyrkan
691 1155 71 20 härvid
775 1155 42 25 följ-

75 1185 42 24 des,
135 1184 21 20 så
172 1185 51 18 möta
238 1189 34 14 oss
286 1184 4 19 i
306 1184 25 19 de
344 1183 119 26 apostoliska
479 1182 143 21 sändebrefven
633 1182 114 26 upprepade
757 1183 60 19 tillsä-

75 1211 65 26 gelser
155 1211 25 19 till
195 1210 25 20 de
233 1210 105 26 nybildade
352 1210 160 25 församlingarne
526 1212 28 17 att
568 1209 44 20 icke
625 1209 71 25 umgås
706 1209 45 19 med
761 1209 53 25 dem,

75 1243 43 14 som
133 1237 51 26 gjort
199 1237 28 25 sig
241 1237 89 26 skyldiga
344 1237 25 19 till
385 1235 202 26 exkommunikation,
601 1238 28 17 att
640 1236 60 25 draga
712 1235 31 26 sig
752 1235 65 20 undan

74 1264 46 20 dem
135 1264 64 25 (Rom.
217 1264 31 23 16,
266 1264 31 19 17.
315 1264 9 18 1
340 1264 46 18 Kor.
403 1264 17 24 5,
439 1264 30 19 11.
486 1263 11 19 2
511 1263 69 19 Thess.
597 1263 18 24 3,
632 1263 19 19 6.
667 1262 35 20 Tit.
718 1262 19 24 3,
753 1263 24 18 10
787 1268 27 13 m.

74 1290 20 20 fl.
110 1291 43 24 st.),
167 1290 20 25 ja
202 1292 28 17 att
245 1290 43 19 icke
303 1290 55 19 helsa
373 1290 46 20 dem
434 1290 19 24 (2
468 1290 44 18 Joh.
529 1290 24 18 10
569 1289 36 25 v.),
621 1288 18 26 ej
654 1289 61 19 heller
729 1289 31 18 äta
771 1288 45 20 med

75 1317 46 20 dem
137 1317 17 25 (4
171 1318 46 18 Kor.
235 1317 20 25 5,
276 1317 39 24 11).
348 1316 154 26 Bannlysningen
519 1315 101 20 medförde
637 1315 76 20 således
730 1314 87 20 omedel-

75 1344 88 24 barligen
178 1346 27 16 ett
219 1343 125 19 uteslutande
358 1342 49 20 ifrän
422 1344 104 24 umgänget
536 1342 44 19 med
590 1342 82 24 kristne,
684 1341 81 26 mycket
775 1347 42 13 me-

76 1376 21 15 ra
111 1369 50 21 ifrån
175 1370 118 25 delaktighet
307 1369 5 19 i
327 1369 25 19 Je
368 1375 17 14 s.
408 1369 20 19 k.
448 1368 194 20 kärleksmältiderna
660 1368 37 20 och
714 1367 38 20 den
770 1367 46 20 med

74 1397 59 19 dessa
146 1396 94 20 förenade
255 1396 126 23 nattvarden,
396 1396 36 19 der
446 1395 75 25 kyrkan
535 1395 62 19 firade
606 1394 37 21 Jen
656 1396 66 23 högsta
734 1394 82 20 fulländ-

75 1423 70 24 ningen
165 1422 21 19 af
204 1422 30 19 sin
251 1422 93 19 lifsenhet
360 1421 45 19 med
423 1422 102 19 Frälsaren
543 1422 38 18 och
597 1420 34 20 sitt
655 1420 92 19 inbördes
771 1420 45 20 brö-

134 1480 12 14 LJ
