<?xml version="1.0" encoding="UTF-8"?>
<alto xmlns="http://www.loc.gov/standards/alto/ns-v3#" xmlns:xlink="http://www.w3.org/1999/xlink" xmlns:xsi="http://www.w3.org/2001/XMLSchema-instance" xsi:schemaLocation="http://www.loc.gov/standards/alto/ns-v3# http://www.loc.gov/alto/v3/alto-3-0.xsd">
	<Description>
		<MeasurementUnit>pixel</MeasurementUnit>
		<sourceImageInformation>
			<fileName>/tmp/tess_m_yavuv0_input.PNG</fileName>
		</sourceImageInformation>
		<OCRProcessing ID="OCR_0">
			<ocrProcessingStep>
				<processingSoftware>
					<softwareName>tesseract 5.3.4</softwareName>
				</processingSoftware>
			</ocrProcessingStep>
		</OCRProcessing>
	</Description>
	<Layout>
		<Page WIDTH="986" HEIGHT="1792" PHYSICAL_IMG_NR="0" ID="page_0">
			<PrintSpace HPOS="0" VPOS="0" WIDTH="986" HEIGHT="1792">
				<ComposedBlock ID="cblock_0" HPOS="176" VPOS="118" WIDTH="530" HEIGHT="32">
					<TextBlock ID="block_0" HPOS="176" VPOS="118" WIDTH="530" HEIGHT="32">
						<TextLine ID="line_0" HPOS="176" VPOS="118" WIDTH="530" HEIGHT="32">
							<String ID="string_0" HPOS="176" VPOS="118" WIDTH="42" HEIGHT="32" WC="0.91" CONTENT="484"/><SP WIDTH="178" VPOS="118" HPOS="218"/>
							<String ID="string_1" HPOS="396" VPOS="122" WIDTH="72" HEIGHT="24" WC="0.91" CONTENT="Nådiga"/><SP WIDTH="10" VPOS="122" HPOS="468"/>
							<String ID="string_2" HPOS="478" VPOS="124" WIDTH="139" HEIGHT="22" WC="0.86" CONTENT="Propositionen"/><SP WIDTH="14" VPOS="124" HPOS="617"/>
							<String ID="string_3" HPOS="631" VPOS="124" WIDTH="35" HEIGHT="18" WC="0.95" CONTENT="N:o"/><SP WIDTH="11" VPOS="124" HPOS="666"/>
							<String ID="string_4" HPOS="677" VPOS="124" WIDTH="29" HEIGHT="18" WC="0.96" CONTENT="18."/>
						</TextLine>
					</TextBlock>
				</ComposedBlock>
				<ComposedBlock ID="cblock_1" HPOS="179" VPOS="172" WIDTH="747" HEIGHT="1264">
					<TextBlock ID="block_1" HPOS="183" VPOS="172" WIDTH="743" HEIGHT="131">
						<TextLine ID="line_1" HPOS="183" VPOS="172" WIDTH="740" HEIGHT="28">
							<String ID="string_5" HPOS="183" VPOS="172" WIDTH="21" HEIGHT="19" WC="0.94" CONTENT="af."/><SP WIDTH="12" VPOS="172" HPOS="204"/>
							<String ID="string_6" HPOS="216" VPOS="172" WIDTH="112" HEIGHT="20" WC="0.94" CONTENT="samfundet"/><SP WIDTH="14" VPOS="172" HPOS="328"/>
							<String ID="string_7" HPOS="342" VPOS="172" WIDTH="65" HEIGHT="20" WC="0.96" CONTENT="kunde"/><SP WIDTH="13" VPOS="172" HPOS="407"/>
							<String ID="string_8" HPOS="420" VPOS="172" WIDTH="25" HEIGHT="26" WC="0.97" CONTENT="pä"/><SP WIDTH="14" VPOS="172" HPOS="445"/>
							<String ID="string_9" HPOS="459" VPOS="174" WIDTH="51" HEIGHT="18" WC="0.96" CONTENT="olika"/><SP WIDTH="16" VPOS="174" HPOS="510"/>
							<String ID="string_10" HPOS="526" VPOS="174" WIDTH="49" HEIGHT="19" WC="0.96" CONTENT="tider"/><SP WIDTH="18" VPOS="174" HPOS="575"/>
							<String ID="string_11" HPOS="593" VPOS="173" WIDTH="50" HEIGHT="19" WC="0.96" CONTENT="hvar"/><SP WIDTH="14" VPOS="173" HPOS="643"/>
							<String ID="string_12" HPOS="657" VPOS="174" WIDTH="31" HEIGHT="19" WC="0.97" CONTENT="för"/><SP WIDTH="13" VPOS="174" HPOS="688"/>
							<String ID="string_13" HPOS="701" VPOS="175" WIDTH="30" HEIGHT="25" WC="0.96" CONTENT="sig"/><SP WIDTH="16" VPOS="175" HPOS="731"/>
							<String ID="string_14" HPOS="747" VPOS="174" WIDTH="50" HEIGHT="20" WC="0.89" CONTENT="åtala"/><SP WIDTH="15" VPOS="174" HPOS="797"/>
							<String ID="string_15" HPOS="812" VPOS="173" WIDTH="111" HEIGHT="21" WC="0.92" CONTENT="smädelsen"/>
						</TextLine>
						<TextLine ID="line_2" HPOS="183" VPOS="198" WIDTH="740" HEIGHT="28">
							<String ID="string_16" HPOS="183" VPOS="199" WIDTH="39" HEIGHT="18" WC="0.93" CONTENT="och"/><SP WIDTH="14" VPOS="199" HPOS="222"/>
							<String ID="string_17" HPOS="236" VPOS="198" WIDTH="114" HEIGHT="26" WC="0.91" CONTENT="derigenom"/><SP WIDTH="13" VPOS="198" HPOS="350"/>
							<String ID="string_18" HPOS="363" VPOS="198" WIDTH="76" HEIGHT="26" WC="0.96" CONTENT="påkalla"/><SP WIDTH="15" VPOS="198" HPOS="439"/>
							<String ID="string_19" HPOS="454" VPOS="200" WIDTH="95" HEIGHT="19" WC="0.95" CONTENT="särskilda"/><SP WIDTH="13" VPOS="200" HPOS="549"/>
							<String ID="string_20" HPOS="562" VPOS="200" WIDTH="65" HEIGHT="25" WC="0.96" CONTENT="utslag"/><SP WIDTH="9" VPOS="200" HPOS="627"/>
							<String ID="string_21" HPOS="636" VPOS="206" WIDTH="32" HEIGHT="13" WC="0.96" CONTENT="om"/><SP WIDTH="14" VPOS="206" HPOS="668"/>
							<String ID="string_22" HPOS="682" VPOS="202" WIDTH="28" HEIGHT="18" WC="0.95" CONTENT="ett"/><SP WIDTH="14" VPOS="202" HPOS="710"/>
							<String ID="string_23" HPOS="724" VPOS="201" WIDTH="39" HEIGHT="19" WC="0.96" CONTENT="och"/><SP WIDTH="10" VPOS="201" HPOS="763"/>
							<String ID="string_24" HPOS="773" VPOS="206" WIDTH="76" HEIGHT="14" WC="0.91" CONTENT="samma"/><SP WIDTH="15" VPOS="206" HPOS="849"/>
							<String ID="string_25" HPOS="864" VPOS="201" WIDTH="59" HEIGHT="25" WC="0.96" CONTENT="brott,"/>
						</TextLine>
						<TextLine ID="line_3" HPOS="183" VPOS="224" WIDTH="742" HEIGHT="28">
							<String ID="string_26" HPOS="183" VPOS="224" WIDTH="75" HEIGHT="20" WC="0.96" CONTENT="hvilket"/><SP WIDTH="14" VPOS="224" HPOS="258"/>
							<String ID="string_27" HPOS="272" VPOS="225" WIDTH="43" HEIGHT="19" WC="0.96" CONTENT="icke"/><SP WIDTH="14" VPOS="225" HPOS="315"/>
							<String ID="string_28" HPOS="329" VPOS="225" WIDTH="61" HEIGHT="20" WC="0.96" CONTENT="borde"/><SP WIDTH="14" VPOS="225" HPOS="390"/>
							<String ID="string_29" HPOS="404" VPOS="226" WIDTH="65" HEIGHT="19" WC="0.96" CONTENT="kunna"/><SP WIDTH="14" VPOS="226" HPOS="469"/>
							<String ID="string_30" HPOS="483" VPOS="226" WIDTH="19" HEIGHT="19" WC="0.95" CONTENT="få"/><SP WIDTH="14" VPOS="226" HPOS="502"/>
							<String ID="string_31" HPOS="516" VPOS="226" WIDTH="105" HEIGHT="19" WC="0.95" CONTENT="bestraffas"/><SP WIDTH="13" VPOS="226" HPOS="621"/>
							<String ID="string_32" HPOS="634" VPOS="232" WIDTH="54" HEIGHT="14" WC="0.96" CONTENT="mera"/><SP WIDTH="18" VPOS="232" HPOS="688"/>
							<String ID="string_33" HPOS="706" VPOS="228" WIDTH="24" HEIGHT="18" WC="0.95" CONTENT="än"/><SP WIDTH="14" VPOS="228" HPOS="730"/>
							<String ID="string_34" HPOS="744" VPOS="232" WIDTH="24" HEIGHT="14" WC="0.95" CONTENT="en"/><SP WIDTH="13" VPOS="232" HPOS="768"/>
							<String ID="string_35" HPOS="781" VPOS="226" WIDTH="57" HEIGHT="26" WC="0.95" CONTENT="gång,"/><SP WIDTH="16" VPOS="226" HPOS="838"/>
							<String ID="string_36" HPOS="854" VPOS="226" WIDTH="21" HEIGHT="20" WC="0.96" CONTENT="så"/><SP WIDTH="15" VPOS="226" HPOS="875"/>
							<String ID="string_37" HPOS="890" VPOS="228" WIDTH="35" HEIGHT="18" WC="0.96" CONTENT="har"/>
						</TextLine>
						<TextLine ID="line_4" HPOS="183" VPOS="250" WIDTH="743" HEIGHT="28">
							<String ID="string_38" HPOS="183" VPOS="250" WIDTH="101" HEIGHT="20" WC="0.96" CONTENT="Utskottet"/><SP WIDTH="19" VPOS="250" HPOS="284"/>
							<String ID="string_39" HPOS="303" VPOS="254" WIDTH="66" HEIGHT="17" WC="0.96" CONTENT="ansett"/><SP WIDTH="21" VPOS="254" HPOS="369"/>
							<String ID="string_40" HPOS="390" VPOS="252" WIDTH="30" HEIGHT="25" WC="0.96" CONTENT="sig"/><SP WIDTH="16" VPOS="252" HPOS="420"/>
							<String ID="string_41" HPOS="436" VPOS="252" WIDTH="48" HEIGHT="20" WC="0.96" CONTENT="böra"/><SP WIDTH="14" VPOS="252" HPOS="484"/>
							<String ID="string_42" HPOS="498" VPOS="252" WIDTH="77" HEIGHT="25" WC="0.96" CONTENT="föreslå,"/><SP WIDTH="20" VPOS="252" HPOS="575"/>
							<String ID="string_43" HPOS="595" VPOS="255" WIDTH="28" HEIGHT="17" WC="0.96" CONTENT="att"/><SP WIDTH="19" VPOS="255" HPOS="623"/>
							<String ID="string_44" HPOS="642" VPOS="252" WIDTH="146" HEIGHT="26" WC="0.96" CONTENT="ifrågavarande"/><SP WIDTH="17" VPOS="252" HPOS="788"/>
							<String ID="string_45" HPOS="805" VPOS="256" WIDTH="87" HEIGHT="16" WC="0.96" CONTENT="moment"/><SP WIDTH="14" VPOS="256" HPOS="892"/>
							<String ID="string_46" HPOS="906" VPOS="254" WIDTH="20" HEIGHT="18" WC="0.96" CONTENT="af"/>
						</TextLine>
						<TextLine ID="line_5" HPOS="184" VPOS="277" WIDTH="685" HEIGHT="26">
							<String ID="string_47" HPOS="184" VPOS="277" WIDTH="24" HEIGHT="19" WC="0.86" CONTENT="13"/><SP WIDTH="16" VPOS="277" HPOS="208"/>
							<String ID="string_48" HPOS="224" VPOS="277" WIDTH="10" HEIGHT="25" WC="0.90" CONTENT="$"/><SP WIDTH="14" VPOS="277" HPOS="234"/>
							<String ID="string_49" HPOS="248" VPOS="278" WIDTH="63" HEIGHT="19" WC="0.96" CONTENT="skulle"/><SP WIDTH="12" VPOS="278" HPOS="311"/>
							<String ID="string_50" HPOS="323" VPOS="277" WIDTH="53" HEIGHT="26" WC="0.96" CONTENT="utgå."/><SP WIDTH="393" VPOS="277" HPOS="376"/>
							<String ID="string_51" HPOS="769" VPOS="287" WIDTH="2" HEIGHT="2" WC="0.81" CONTENT="i"/><SP WIDTH="87" VPOS="287" HPOS="771"/>
							<String ID="string_52" HPOS="858" VPOS="284" WIDTH="11" HEIGHT="7" WC="0.31" CONTENT="7"/>
						</TextLine>
					</TextBlock>
					<TextBlock ID="block_2" HPOS="179" VPOS="304" WIDTH="747" HEIGHT="790">
						<TextLine ID="line_6" HPOS="237" VPOS="304" WIDTH="687" HEIGHT="28">
							<String ID="string_53" HPOS="237" VPOS="304" WIDTH="7" HEIGHT="19" WC="0.94" CONTENT="I"/><SP WIDTH="15" VPOS="304" HPOS="244"/>
							<String ID="string_54" HPOS="259" VPOS="304" WIDTH="24" HEIGHT="19" WC="0.92" CONTENT="45"/><SP WIDTH="15" VPOS="304" HPOS="283"/>
							<String ID="string_55" HPOS="298" VPOS="304" WIDTH="10" HEIGHT="25" WC="0.92" CONTENT="$"/><SP WIDTH="17" VPOS="304" HPOS="308"/>
							<String ID="string_56" HPOS="325" VPOS="304" WIDTH="127" HEIGHT="20" WC="0.90" CONTENT="tillerkännes"/><SP WIDTH="17" VPOS="304" HPOS="452"/>
							<String ID="string_57" HPOS="469" VPOS="305" WIDTH="65" HEIGHT="25" WC="0.96" CONTENT="maka,"/><SP WIDTH="22" VPOS="305" HPOS="534"/>
							<String ID="string_58" HPOS="556" VPOS="305" WIDTH="101" HEIGHT="25" WC="0.96" CONTENT="föräldrar,"/><SP WIDTH="19" VPOS="305" HPOS="657"/>
							<String ID="string_59" HPOS="676" VPOS="306" WIDTH="49" HEIGHT="19" WC="0.96" CONTENT="barn"/><SP WIDTH="17" VPOS="306" HPOS="725"/>
							<String ID="string_60" HPOS="742" VPOS="306" WIDTH="38" HEIGHT="19" WC="0.93" CONTENT="och"/><SP WIDTH="20" VPOS="306" HPOS="780"/>
							<String ID="string_61" HPOS="800" VPOS="306" WIDTH="77" HEIGHT="26" WC="0.80" CONTENT="syskon:"/><SP WIDTH="20" VPOS="306" HPOS="877"/>
							<String ID="string_62" HPOS="897" VPOS="306" WIDTH="27" HEIGHT="20" WC="0.95" CONTENT="till"/>
						</TextLine>
						<TextLine ID="line_7" HPOS="183" VPOS="330" WIDTH="739" HEIGHT="28">
							<String ID="string_63" HPOS="183" VPOS="330" WIDTH="70" HEIGHT="20" WC="0.92" CONTENT="afliden"/><SP WIDTH="13" VPOS="330" HPOS="253"/>
							<String ID="string_64" HPOS="266" VPOS="336" WIDTH="80" HEIGHT="20" WC="0.96" CONTENT="person,"/><SP WIDTH="16" VPOS="336" HPOS="346"/>
							<String ID="string_65" HPOS="362" VPOS="336" WIDTH="45" HEIGHT="14" WC="0.96" CONTENT="som"/><SP WIDTH="3" VPOS="336" HPOS="407"/>
							<String ID="string_66" HPOS="410" VPOS="326" WIDTH="12" HEIGHT="36" WC="0.95" CONTENT="i"/><SP WIDTH="18" VPOS="326" HPOS="422"/>
							<String ID="string_67" HPOS="440" VPOS="331" WIDTH="30" HEIGHT="19" WC="0.93" CONTENT="sin"/><SP WIDTH="17" VPOS="331" HPOS="470"/>
							<String ID="string_68" HPOS="487" VPOS="331" WIDTH="59" HEIGHT="19" WC="0.90" CONTENT="lifstid"/><SP WIDTH="15" VPOS="331" HPOS="546"/>
							<String ID="string_69" HPOS="561" VPOS="331" WIDTH="52" HEIGHT="19" WC="0.93" CONTENT="varit"/><SP WIDTH="20" VPOS="331" HPOS="613"/>
							<String ID="string_70" HPOS="633" VPOS="331" WIDTH="79" HEIGHT="20" WC="0.96" CONTENT="föremål"/><SP WIDTH="18" VPOS="331" HPOS="712"/>
							<String ID="string_71" HPOS="730" VPOS="332" WIDTH="30" HEIGHT="19" WC="0.85" CONTENT="för"/><SP WIDTH="14" VPOS="332" HPOS="760"/>
							<String ID="string_72" HPOS="774" VPOS="332" WIDTH="148" HEIGHT="26" WC="0.96" CONTENT="ärekränkning,"/>
						</TextLine>
						<TextLine ID="line_8" HPOS="183" VPOS="356" WIDTH="741" HEIGHT="28">
							<String ID="string_73" HPOS="183" VPOS="356" WIDTH="47" HEIGHT="20" WC="0.96" CONTENT="eller"/><SP WIDTH="14" VPOS="356" HPOS="230"/>
							<String ID="string_74" HPOS="244" VPOS="359" WIDTH="42" HEIGHT="17" WC="0.91" CONTENT="mot"/><SP WIDTH="20" VPOS="359" HPOS="286"/>
							<String ID="string_75" HPOS="306" VPOS="357" WIDTH="81" HEIGHT="20" WC="0.89" CONTENT="hvilken"/><SP WIDTH="21" VPOS="357" HPOS="387"/>
							<String ID="string_76" HPOS="408" VPOS="357" WIDTH="98" HEIGHT="20" WC="0.82" CONTENT="tillvitelse"/><SP WIDTH="21" VPOS="357" HPOS="506"/>
							<String ID="string_77" HPOS="527" VPOS="358" WIDTH="54" HEIGHT="19" WC="0.96" CONTENT="skett"/><SP WIDTH="16" VPOS="358" HPOS="581"/>
							<String ID="string_78" HPOS="597" VPOS="357" WIDTH="50" HEIGHT="20" WC="0.96" CONTENT="efter"/><SP WIDTH="14" VPOS="357" HPOS="647"/>
							<String ID="string_79" HPOS="661" VPOS="358" WIDTH="49" HEIGHT="20" WC="0.96" CONTENT="hans"/><SP WIDTH="14" VPOS="358" HPOS="710"/>
							<String ID="string_80" HPOS="724" VPOS="358" WIDTH="45" HEIGHT="26" WC="0.96" CONTENT="död,"/><SP WIDTH="22" VPOS="358" HPOS="769"/>
							<String ID="string_81" HPOS="791" VPOS="358" WIDTH="92" HEIGHT="26" WC="0.95" CONTENT="rättighet"/><SP WIDTH="13" VPOS="358" HPOS="883"/>
							<String ID="string_82" HPOS="896" VPOS="361" WIDTH="28" HEIGHT="17" WC="0.96" CONTENT="att"/>
						</TextLine>
						<TextLine ID="line_9" HPOS="183" VPOS="382" WIDTH="742" HEIGHT="27">
							<String ID="string_83" HPOS="183" VPOS="382" WIDTH="68" HEIGHT="20" WC="0.91" CONTENT="säsom"/><SP WIDTH="14" VPOS="382" HPOS="251"/>
							<String ID="string_84" HPOS="265" VPOS="382" WIDTH="125" HEIGHT="27" WC="0.91" CONTENT="mälsegande"/><SP WIDTH="10" VPOS="382" HPOS="390"/>
							<String ID="string_85" HPOS="400" VPOS="383" WIDTH="49" HEIGHT="20" WC="0.93" CONTENT="ätala"/><SP WIDTH="14" VPOS="383" HPOS="449"/>
							<String ID="string_86" HPOS="463" VPOS="389" WIDTH="25" HEIGHT="14" WC="0.93" CONTENT="en"/><SP WIDTH="9" VPOS="389" HPOS="488"/>
							<String ID="string_87" HPOS="497" VPOS="383" WIDTH="61" HEIGHT="20" WC="0.87" CONTENT="sädän"/><SP WIDTH="13" VPOS="383" HPOS="558"/>
							<String ID="string_88" HPOS="571" VPOS="384" WIDTH="124" HEIGHT="25" WC="0.91" CONTENT="förgripelse."/><SP WIDTH="29" VPOS="384" HPOS="695"/>
							<String ID="string_89" HPOS="724" VPOS="384" WIDTH="94" HEIGHT="20" WC="0.89" CONTENT="Häremot"/><SP WIDTH="13" VPOS="384" HPOS="818"/>
							<String ID="string_90" HPOS="831" VPOS="384" WIDTH="38" HEIGHT="20" WC="0.93" CONTENT="kan"/><SP WIDTH="14" VPOS="384" HPOS="869"/>
							<String ID="string_91" HPOS="883" VPOS="385" WIDTH="42" HEIGHT="20" WC="0.92" CONTENT="vis-"/>
						</TextLine>
						<TextLine ID="line_10" HPOS="184" VPOS="409" WIDTH="740" HEIGHT="27">
							<String ID="string_92" HPOS="184" VPOS="410" WIDTH="84" HEIGHT="24" WC="0.91" CONTENT="serligen"/><SP WIDTH="17" VPOS="410" HPOS="268"/>
							<String ID="string_93" HPOS="285" VPOS="410" WIDTH="112" HEIGHT="23" WC="0.90" CONTENT="anmärkas,"/><SP WIDTH="17" VPOS="410" HPOS="397"/>
							<String ID="string_94" HPOS="414" VPOS="409" WIDTH="67" HEIGHT="21" WC="0.93" CONTENT="säsom"/><SP WIDTH="13" VPOS="409" HPOS="481"/>
							<String ID="string_95" HPOS="494" VPOS="410" WIDTH="60" HEIGHT="20" WC="0.93" CONTENT="ocksä"/><SP WIDTH="15" VPOS="410" HPOS="554"/>
							<String ID="string_96" HPOS="569" VPOS="410" WIDTH="5" HEIGHT="19" WC="0.93" CONTENT="i"/><SP WIDTH="15" VPOS="410" HPOS="574"/>
							<String ID="string_97" HPOS="589" VPOS="410" WIDTH="158" HEIGHT="26" WC="0.91" CONTENT="propositionens"/><SP WIDTH="17" VPOS="410" HPOS="747"/>
							<String ID="string_98" HPOS="764" VPOS="412" WIDTH="83" HEIGHT="19" WC="0.93" CONTENT="motiver"/><SP WIDTH="15" VPOS="412" HPOS="847"/>
							<String ID="string_99" HPOS="862" VPOS="412" WIDTH="62" HEIGHT="19" WC="0.88" CONTENT="blifvit"/>
						</TextLine>
						<TextLine ID="line_11" HPOS="183" VPOS="435" WIDTH="741" HEIGHT="28">
							<String ID="string_100" HPOS="183" VPOS="435" WIDTH="118" HEIGHT="25" WC="0.73" CONTENT="framhället,"/><SP WIDTH="23" VPOS="435" HPOS="301"/>
							<String ID="string_101" HPOS="324" VPOS="439" WIDTH="28" HEIGHT="17" WC="0.96" CONTENT="att"/><SP WIDTH="16" VPOS="439" HPOS="352"/>
							<String ID="string_102" HPOS="368" VPOS="442" WIDTH="24" HEIGHT="14" WC="0.96" CONTENT="en"/><SP WIDTH="21" VPOS="442" HPOS="392"/>
							<String ID="string_103" HPOS="413" VPOS="442" WIDTH="73" HEIGHT="20" WC="0.93" CONTENT="person"/><SP WIDTH="16" VPOS="442" HPOS="486"/>
							<String ID="string_104" HPOS="502" VPOS="437" WIDTH="44" HEIGHT="19" WC="0.96" CONTENT="icke"/><SP WIDTH="17" VPOS="437" HPOS="546"/>
							<String ID="string_105" HPOS="563" VPOS="436" WIDTH="38" HEIGHT="20" WC="0.96" CONTENT="kan"/><SP WIDTH="17" VPOS="436" HPOS="601"/>
							<String ID="string_106" HPOS="618" VPOS="437" WIDTH="49" HEIGHT="19" WC="0.96" CONTENT="efter"/><SP WIDTH="14" VPOS="437" HPOS="667"/>
							<String ID="string_107" HPOS="681" VPOS="437" WIDTH="29" HEIGHT="19" WC="0.93" CONTENT="sin"/><SP WIDTH="17" VPOS="437" HPOS="710"/>
							<String ID="string_108" HPOS="727" VPOS="437" WIDTH="87" HEIGHT="20" WC="0.82" CONTENT="död&#39;näs"/><SP WIDTH="14" VPOS="437" HPOS="814"/>
							<String ID="string_109" HPOS="828" VPOS="438" WIDTH="21" HEIGHT="18" WC="0.93" CONTENT="af"/><SP WIDTH="12" VPOS="438" HPOS="849"/>
							<String ID="string_110" HPOS="861" VPOS="437" WIDTH="63" HEIGHT="26" WC="0.96" CONTENT="någon"/>
						</TextLine>
						<TextLine ID="line_12" HPOS="184" VPOS="462" WIDTH="740" HEIGHT="27">
							<String ID="string_111" HPOS="184" VPOS="462" WIDTH="69" HEIGHT="26" WC="0.91" CONTENT="skymf"/><SP WIDTH="19" VPOS="462" HPOS="253"/>
							<String ID="string_112" HPOS="272" VPOS="463" WIDTH="37" HEIGHT="19" WC="0.93" CONTENT="och"/><SP WIDTH="17" VPOS="463" HPOS="309"/>
							<String ID="string_113" HPOS="326" VPOS="462" WIDTH="80" HEIGHT="20" WC="0.96" CONTENT="således"/><SP WIDTH="16" VPOS="462" HPOS="406"/>
							<String ID="string_114" HPOS="422" VPOS="462" WIDTH="18" HEIGHT="25" WC="0.96" CONTENT="ej"/><SP WIDTH="22" VPOS="462" HPOS="440"/>
							<String ID="string_115" HPOS="462" VPOS="463" WIDTH="63" HEIGHT="19" WC="0.96" CONTENT="heller"/><SP WIDTH="16" VPOS="463" HPOS="525"/>
							<String ID="string_116" HPOS="541" VPOS="464" WIDTH="6" HEIGHT="18" WC="0.93" CONTENT="i"/><SP WIDTH="14" VPOS="464" HPOS="547"/>
							<String ID="string_117" HPOS="561" VPOS="463" WIDTH="82" HEIGHT="25" WC="0.96" CONTENT="egentlig"/><SP WIDTH="13" VPOS="463" HPOS="643"/>
							<String ID="string_118" HPOS="656" VPOS="463" WIDTH="78" HEIGHT="26" WC="0.93" CONTENT="mening"/><SP WIDTH="20" VPOS="463" HPOS="734"/>
							<String ID="string_119" HPOS="754" VPOS="464" WIDTH="86" HEIGHT="19" WC="0.65" CONTENT="kränkas"/><SP WIDTH="14" VPOS="464" HPOS="840"/>
							<String ID="string_120" HPOS="854" VPOS="464" WIDTH="25" HEIGHT="20" WC="0.93" CONTENT="till"/><SP WIDTH="15" VPOS="464" HPOS="879"/>
							<String ID="string_121" HPOS="894" VPOS="464" WIDTH="30" HEIGHT="20" WC="0.60" CONTENT="sin"/>
						</TextLine>
						<TextLine ID="line_13" HPOS="184" VPOS="488" WIDTH="740" HEIGHT="26">
							<String ID="string_122" HPOS="184" VPOS="489" WIDTH="42" HEIGHT="24" WC="0.95" CONTENT="ära;"/><SP WIDTH="17" VPOS="489" HPOS="226"/>
							<String ID="string_123" HPOS="243" VPOS="494" WIDTH="46" HEIGHT="14" WC="0.96" CONTENT="men"/><SP WIDTH="13" VPOS="494" HPOS="289"/>
							<String ID="string_124" HPOS="302" VPOS="488" WIDTH="25" HEIGHT="26" WC="0.96" CONTENT="pä"/><SP WIDTH="14" VPOS="488" HPOS="327"/>
							<String ID="string_125" HPOS="341" VPOS="489" WIDTH="25" HEIGHT="20" WC="0.96" CONTENT="de"/><SP WIDTH="14" VPOS="489" HPOS="366"/>
							<String ID="string_126" HPOS="380" VPOS="489" WIDTH="5" HEIGHT="19" WC="0.95" CONTENT="i"/><SP WIDTH="15" VPOS="489" HPOS="385"/>
							<String ID="string_127" HPOS="400" VPOS="494" WIDTH="75" HEIGHT="14" WC="0.93" CONTENT="samma"/><SP WIDTH="14" VPOS="494" HPOS="475"/>
							<String ID="string_128" HPOS="489" VPOS="490" WIDTH="85" HEIGHT="19" WC="0.96" CONTENT="motiver"/><SP WIDTH="14" VPOS="490" HPOS="574"/>
							<String ID="string_129" HPOS="588" VPOS="489" WIDTH="79" HEIGHT="20" WC="0.95" CONTENT="anförda"/><SP WIDTH="9" VPOS="489" HPOS="667"/>
							<String ID="string_130" HPOS="676" VPOS="490" WIDTH="44" HEIGHT="20" WC="0.96" CONTENT="skäl"/><SP WIDTH="8" VPOS="490" HPOS="720"/>
							<String ID="string_131" HPOS="728" VPOS="491" WIDTH="42" HEIGHT="19" WC="0.93" CONTENT="har"/><SP WIDTH="6" VPOS="491" HPOS="770"/>
							<String ID="string_132" HPOS="776" VPOS="490" WIDTH="105" HEIGHT="20" WC="0.93" CONTENT="Utskottet"/><SP WIDTH="8" VPOS="490" HPOS="881"/>
							<String ID="string_133" HPOS="889" VPOS="490" WIDTH="35" HEIGHT="20" WC="0.91" CONTENT="lik-"/>
						</TextLine>
						<TextLine ID="line_14" HPOS="184" VPOS="515" WIDTH="740" HEIGHT="27">
							<String ID="string_134" HPOS="184" VPOS="515" WIDTH="32" HEIGHT="19" WC="0.92" CONTENT="väl"/><SP WIDTH="17" VPOS="515" HPOS="216"/>
							<String ID="string_135" HPOS="233" VPOS="518" WIDTH="64" HEIGHT="16" WC="0.96" CONTENT="ansett"/><SP WIDTH="17" VPOS="518" HPOS="297"/>
							<String ID="string_136" HPOS="314" VPOS="516" WIDTH="37" HEIGHT="18" WC="0.96" CONTENT="den"/><SP WIDTH="17" VPOS="516" HPOS="351"/>
							<String ID="string_137" HPOS="368" VPOS="515" WIDTH="6" HEIGHT="19" WC="0.93" CONTENT="i"/><SP WIDTH="17" VPOS="515" HPOS="374"/>
							<String ID="string_138" HPOS="391" VPOS="516" WIDTH="115" HEIGHT="26" WC="0.96" CONTENT="paragrafen"/><SP WIDTH="17" VPOS="516" HPOS="506"/>
							<String ID="string_139" HPOS="523" VPOS="516" WIDTH="86" HEIGHT="20" WC="0.96" CONTENT="uttalade"/><SP WIDTH="20" VPOS="516" HPOS="609"/>
							<String ID="string_140" HPOS="629" VPOS="516" WIDTH="105" HEIGHT="25" WC="0.92" CONTENT="grundsats"/><SP WIDTH="17" VPOS="516" HPOS="734"/>
							<String ID="string_141" HPOS="751" VPOS="516" WIDTH="62" HEIGHT="20" WC="0.31" CONTENT="kunna"/><SP WIDTH="11" VPOS="516" HPOS="813"/>
							<String ID="string_142" HPOS="824" VPOS="517" WIDTH="100" HEIGHT="19" WC="0.31" CONTENT="-försvara"/>
						</TextLine>
						<TextLine ID="line_15" HPOS="183" VPOS="541" WIDTH="741" HEIGHT="27">
							<String ID="string_143" HPOS="183" VPOS="541" WIDTH="29" HEIGHT="19" WC="0.96" CONTENT="sin"/><SP WIDTH="14" VPOS="541" HPOS="212"/>
							<String ID="string_144" HPOS="226" VPOS="542" WIDTH="52" HEIGHT="25" WC="0.93" CONTENT="plats"/><SP WIDTH="14" VPOS="542" HPOS="278"/>
							<String ID="string_145" HPOS="292" VPOS="541" WIDTH="68" HEIGHT="20" WC="0.93" CONTENT="säsom"/><SP WIDTH="15" VPOS="541" HPOS="360"/>
							<String ID="string_146" HPOS="375" VPOS="545" WIDTH="29" HEIGHT="16" WC="0.96" CONTENT="ett"/><SP WIDTH="14" VPOS="545" HPOS="404"/>
							<String ID="string_147" HPOS="418" VPOS="542" WIDTH="65" HEIGHT="26" WC="0.84" CONTENT="skydd"/><SP WIDTH="13" VPOS="542" HPOS="483"/>
							<String ID="string_148" HPOS="496" VPOS="543" WIDTH="30" HEIGHT="19" WC="0.96" CONTENT="för"/><SP WIDTH="13" VPOS="543" HPOS="526"/>
							<String ID="string_149" HPOS="539" VPOS="542" WIDTH="38" HEIGHT="20" WC="0.93" CONTENT="den"/><SP WIDTH="14" VPOS="542" HPOS="577"/>
							<String ID="string_150" HPOS="591" VPOS="542" WIDTH="67" HEIGHT="26" WC="0.91" CONTENT="pietet,"/><SP WIDTH="16" VPOS="542" HPOS="658"/>
							<String ID="string_151" HPOS="674" VPOS="542" WIDTH="96" HEIGHT="20" WC="0.92" CONTENT="hvarmed"/><SP WIDTH="15" VPOS="542" HPOS="770"/>
							<String ID="string_152" HPOS="785" VPOS="543" WIDTH="27" HEIGHT="20" WC="0.96" CONTENT="de"/><SP WIDTH="10" VPOS="543" HPOS="812"/>
							<String ID="string_153" HPOS="822" VPOS="544" WIDTH="102" HEIGHT="19" WC="0.96" CONTENT="närmaste"/>
						</TextLine>
						<TextLine ID="line_16" HPOS="182" VPOS="568" WIDTH="740" HEIGHT="32">
							<String ID="string_154" HPOS="182" VPOS="568" WIDTH="93" HEIGHT="32" WC="0.95" CONTENT="anhöriga"/><SP WIDTH="13" VPOS="568" HPOS="275"/>
							<String ID="string_155" HPOS="288" VPOS="569" WIDTH="27" HEIGHT="19" WC="0.96" CONTENT="till"/><SP WIDTH="18" VPOS="569" HPOS="315"/>
							<String ID="string_156" HPOS="333" VPOS="574" WIDTH="23" HEIGHT="14" WC="0.93" CONTENT="en"/><SP WIDTH="17" VPOS="574" HPOS="356"/>
							<String ID="string_157" HPOS="373" VPOS="568" WIDTH="70" HEIGHT="20" WC="0.74" CONTENT="aflilen"/><SP WIDTH="20" VPOS="568" HPOS="443"/>
							<String ID="string_158" HPOS="463" VPOS="575" WIDTH="72" HEIGHT="20" WC="0.93" CONTENT="person"/><SP WIDTH="18" VPOS="575" HPOS="535"/>
							<String ID="string_159" HPOS="553" VPOS="568" WIDTH="122" HEIGHT="26" WC="0.89" CONTENT="gemenligen"/><SP WIDTH="20" VPOS="568" HPOS="675"/>
							<String ID="string_160" HPOS="695" VPOS="569" WIDTH="73" HEIGHT="20" WC="0.96" CONTENT="bevara"/><SP WIDTH="16" VPOS="569" HPOS="768"/>
							<String ID="string_161" HPOS="784" VPOS="570" WIDTH="49" HEIGHT="19" WC="0.96" CONTENT="hans"/><SP WIDTH="17" VPOS="570" HPOS="833"/>
							<String ID="string_162" HPOS="850" VPOS="570" WIDTH="72" HEIGHT="19" WC="0.96" CONTENT="minne."/>
						</TextLine>
						<TextLine ID="line_17" HPOS="182" VPOS="594" WIDTH="742" HEIGHT="27">
							<String ID="string_163" HPOS="182" VPOS="594" WIDTH="44" HEIGHT="20" WC="0.96" CONTENT="Men"/><SP WIDTH="14" VPOS="594" HPOS="226"/>
							<String ID="string_164" HPOS="240" VPOS="594" WIDTH="24" HEIGHT="20" WC="0.96" CONTENT="dä"/><SP WIDTH="15" VPOS="594" HPOS="264"/>
							<String ID="string_165" HPOS="279" VPOS="595" WIDTH="34" HEIGHT="19" WC="0.93" CONTENT="det"/><SP WIDTH="13" VPOS="595" HPOS="313"/>
							<String ID="string_166" HPOS="326" VPOS="595" WIDTH="58" HEIGHT="20" WC="0.96" CONTENT="likväl"/><SP WIDTH="11" VPOS="595" HPOS="384"/>
							<String ID="string_167" HPOS="395" VPOS="595" WIDTH="59" HEIGHT="20" WC="0.95" CONTENT="äfven"/><SP WIDTH="15" VPOS="595" HPOS="454"/>
							<String ID="string_168" HPOS="469" VPOS="596" WIDTH="60" HEIGHT="25" WC="0.96" CONTENT="ligger"/><SP WIDTH="13" VPOS="596" HPOS="529"/>
							<String ID="string_169" HPOS="542" VPOS="595" WIDTH="6" HEIGHT="19" WC="0.93" CONTENT="i"/><SP WIDTH="9" VPOS="595" HPOS="548"/>
							<String ID="string_170" HPOS="557" VPOS="595" WIDTH="115" HEIGHT="20" WC="0.96" CONTENT="samhällets"/><SP WIDTH="14" VPOS="595" HPOS="672"/>
							<String ID="string_171" HPOS="686" VPOS="596" WIDTH="91" HEIGHT="25" WC="0.95" CONTENT="intresse,"/><SP WIDTH="10" VPOS="596" HPOS="777"/>
							<String ID="string_172" HPOS="787" VPOS="598" WIDTH="29" HEIGHT="18" WC="0.80" CONTENT="att"/><SP WIDTH="14" VPOS="598" HPOS="816"/>
							<String ID="string_173" HPOS="830" VPOS="595" WIDTH="94" HEIGHT="21" WC="0.96" CONTENT="historien"/>
						</TextLine>
						<TextLine ID="line_18" HPOS="183" VPOS="620" WIDTH="741" HEIGHT="28">
							<String ID="string_174" HPOS="183" VPOS="620" WIDTH="47" HEIGHT="20" WC="0.92" CONTENT="skall"/><SP WIDTH="16" VPOS="620" HPOS="230"/>
							<String ID="string_175" HPOS="246" VPOS="621" WIDTH="18" HEIGHT="19" WC="0.95" CONTENT="få"/><SP WIDTH="14" VPOS="621" HPOS="264"/>
							<String ID="string_176" HPOS="278" VPOS="622" WIDTH="60" HEIGHT="18" WC="0.96" CONTENT="uttala"/><SP WIDTH="17" VPOS="622" HPOS="338"/>
							<String ID="string_177" HPOS="355" VPOS="622" WIDTH="30" HEIGHT="18" WC="0.93" CONTENT="sin"/><SP WIDTH="15" VPOS="622" HPOS="385"/>
							<String ID="string_178" HPOS="400" VPOS="622" WIDTH="94" HEIGHT="25" WC="0.93" CONTENT="omutliga"/><SP WIDTH="13" VPOS="622" HPOS="494"/>
							<String ID="string_179" HPOS="507" VPOS="622" WIDTH="47" HEIGHT="19" WC="0.96" CONTENT="dom"/><SP WIDTH="17" VPOS="622" HPOS="554"/>
							<String ID="string_180" HPOS="571" VPOS="622" WIDTH="56" HEIGHT="19" WC="0.93" CONTENT="öfver"/><SP WIDTH="14" VPOS="622" HPOS="627"/>
							<String ID="string_181" HPOS="641" VPOS="622" WIDTH="69" HEIGHT="20" WC="0.65" CONTENT="afllidna"/><SP WIDTH="18" VPOS="622" HPOS="710"/>
							<String ID="string_182" HPOS="728" VPOS="628" WIDTH="101" HEIGHT="20" WC="0.93" CONTENT="personer,"/><SP WIDTH="19" VPOS="628" HPOS="829"/>
							<String ID="string_183" HPOS="848" VPOS="622" WIDTH="76" HEIGHT="20" WC="0.92" CONTENT="och-en"/>
						</TextLine>
						<TextLine ID="line_19" HPOS="179" VPOS="646" WIDTH="747" HEIGHT="28">
							<String ID="string_184" HPOS="179" VPOS="646" WIDTH="64" HEIGHT="26" WC="0.86" CONTENT="sådan"/><SP WIDTH="14" VPOS="646" HPOS="243"/>
							<String ID="string_185" HPOS="257" VPOS="648" WIDTH="92" HEIGHT="24" WC="0.96" CONTENT="rättighet"/><SP WIDTH="12" VPOS="648" HPOS="349"/>
							<String ID="string_186" HPOS="361" VPOS="648" WIDTH="63" HEIGHT="19" WC="0.92" CONTENT="borde"/><SP WIDTH="14" VPOS="648" HPOS="424"/>
							<String ID="string_187" HPOS="438" VPOS="648" WIDTH="18" HEIGHT="19" WC="0.96" CONTENT="få"/><SP WIDTH="15" VPOS="648" HPOS="456"/>
							<String ID="string_188" HPOS="471" VPOS="649" WIDTH="58" HEIGHT="25" WC="0.96" CONTENT="göras"/><SP WIDTH="18" VPOS="649" HPOS="529"/>
							<String ID="string_189" HPOS="547" VPOS="648" WIDTH="89" HEIGHT="25" WC="0.96" CONTENT="gällande"/><SP WIDTH="16" VPOS="648" HPOS="636"/>
							<String ID="string_190" HPOS="652" VPOS="648" WIDTH="62" HEIGHT="20" WC="0.93" CONTENT="redan"/><SP WIDTH="16" VPOS="648" HPOS="714"/>
							<String ID="string_191" HPOS="730" VPOS="649" WIDTH="48" HEIGHT="25" WC="0.95" CONTENT="förr,"/><SP WIDTH="18" VPOS="649" HPOS="778"/>
							<String ID="string_192" HPOS="796" VPOS="652" WIDTH="26" HEIGHT="16" WC="0.96" CONTENT="än"/><SP WIDTH="14" VPOS="652" HPOS="822"/>
							<String ID="string_193" HPOS="836" VPOS="649" WIDTH="39" HEIGHT="24" WC="0.93" CONTENT="den"/><SP WIDTH="15" VPOS="649" HPOS="875"/>
							<String ID="string_194" HPOS="890" VPOS="648" WIDTH="36" HEIGHT="21" WC="0.91" CONTENT="dö-"/>
						</TextLine>
						<TextLine ID="line_20" HPOS="183" VPOS="673" WIDTH="742" HEIGHT="27">
							<String ID="string_195" HPOS="183" VPOS="673" WIDTH="36" HEIGHT="20" WC="0.96" CONTENT="des"/><SP WIDTH="13" VPOS="673" HPOS="219"/>
							<String ID="string_196" HPOS="232" VPOS="674" WIDTH="50" HEIGHT="20" WC="0.96" CONTENT="barn"/><SP WIDTH="14" VPOS="674" HPOS="282"/>
							<String ID="string_197" HPOS="296" VPOS="674" WIDTH="50" HEIGHT="20" WC="0.96" CONTENT="efter"/><SP WIDTH="14" VPOS="674" HPOS="346"/>
							<String ID="string_198" HPOS="360" VPOS="680" WIDTH="24" HEIGHT="14" WC="0.96" CONTENT="en"/><SP WIDTH="14" VPOS="680" HPOS="384"/>
							<String ID="string_199" HPOS="398" VPOS="673" WIDTH="45" HEIGHT="27" WC="0.93" CONTENT="lång"/><SP WIDTH="14" VPOS="673" HPOS="443"/>
							<String ID="string_200" HPOS="457" VPOS="674" WIDTH="59" HEIGHT="20" WC="0.90" CONTENT="lifstid"/><SP WIDTH="10" VPOS="674" HPOS="516"/>
							<String ID="string_201" HPOS="526" VPOS="675" WIDTH="65" HEIGHT="19" WC="0.96" CONTENT="kunna"/><SP WIDTH="15" VPOS="675" HPOS="591"/>
							<String ID="string_202" HPOS="606" VPOS="674" WIDTH="42" HEIGHT="20" WC="0.96" CONTENT="falla"/><SP WIDTH="14" VPOS="674" HPOS="648"/>
							<String ID="string_203" HPOS="662" VPOS="675" WIDTH="70" HEIGHT="24" WC="0.96" CONTENT="undan,"/><SP WIDTH="12" VPOS="675" HPOS="732"/>
							<String ID="string_204" HPOS="744" VPOS="674" WIDTH="22" HEIGHT="20" WC="0.96" CONTENT="så"/><SP WIDTH="14" VPOS="674" HPOS="766"/>
							<String ID="string_205" HPOS="780" VPOS="675" WIDTH="35" HEIGHT="20" WC="0.96" CONTENT="har"/><SP WIDTH="10" VPOS="675" HPOS="815"/>
							<String ID="string_206" HPOS="825" VPOS="675" WIDTH="100" HEIGHT="20" WC="0.96" CONTENT="Utskottet"/>
						</TextLine>
						<TextLine ID="line_21" HPOS="183" VPOS="700" WIDTH="741" HEIGHT="28">
							<String ID="string_207" HPOS="183" VPOS="702" WIDTH="65" HEIGHT="17" WC="0.92" CONTENT="ansett"/><SP WIDTH="14" VPOS="702" HPOS="248"/>
							<String ID="string_208" HPOS="262" VPOS="700" WIDTH="128" HEIGHT="20" WC="0.91" CONTENT="omförmälda"/><SP WIDTH="12" VPOS="700" HPOS="390"/>
							<String ID="string_209" HPOS="402" VPOS="701" WIDTH="93" HEIGHT="25" WC="0.96" CONTENT="rättighet"/><SP WIDTH="8" VPOS="701" HPOS="495"/>
							<String ID="string_210" HPOS="503" VPOS="701" WIDTH="29" HEIGHT="19" WC="0.96" CONTENT="för"/><SP WIDTH="14" VPOS="701" HPOS="532"/>
							<String ID="string_211" HPOS="546" VPOS="701" WIDTH="65" HEIGHT="25" WC="0.96" CONTENT="maka,"/><SP WIDTH="11" VPOS="701" HPOS="611"/>
							<String ID="string_212" HPOS="622" VPOS="701" WIDTH="101" HEIGHT="23" WC="0.96" CONTENT="föräldrar,"/><SP WIDTH="11" VPOS="701" HPOS="723"/>
							<String ID="string_213" HPOS="734" VPOS="701" WIDTH="48" HEIGHT="20" WC="0.96" CONTENT="barn"/><SP WIDTH="15" VPOS="701" HPOS="782"/>
							<String ID="string_214" HPOS="797" VPOS="702" WIDTH="37" HEIGHT="19" WC="0.96" CONTENT="och"/><SP WIDTH="15" VPOS="702" HPOS="834"/>
							<String ID="string_215" HPOS="849" VPOS="702" WIDTH="75" HEIGHT="26" WC="0.96" CONTENT="syskon"/>
						</TextLine>
						<TextLine ID="line_22" HPOS="182" VPOS="726" WIDTH="742" HEIGHT="22">
							<String ID="string_216" HPOS="182" VPOS="728" WIDTH="29" HEIGHT="18" WC="0.96" CONTENT="att"/><SP WIDTH="13" VPOS="728" HPOS="211"/>
							<String ID="string_217" HPOS="224" VPOS="726" WIDTH="51" HEIGHT="20" WC="0.93" CONTENT="åtala"/><SP WIDTH="13" VPOS="726" HPOS="275"/>
							<String ID="string_218" HPOS="288" VPOS="727" WIDTH="110" HEIGHT="20" WC="0.92" CONTENT="tillvitelser"/><SP WIDTH="14" VPOS="727" HPOS="398"/>
							<String ID="string_219" HPOS="412" VPOS="730" WIDTH="54" HEIGHT="16" WC="0.96" CONTENT="emot"/><SP WIDTH="14" VPOS="730" HPOS="466"/>
							<String ID="string_220" HPOS="480" VPOS="727" WIDTH="58" HEIGHT="20" WC="0.93" CONTENT="deras"/><SP WIDTH="17" VPOS="727" HPOS="538"/>
							<String ID="string_221" HPOS="555" VPOS="727" WIDTH="69" HEIGHT="20" WC="0.92" CONTENT="aflidna"/><SP WIDTH="14" VPOS="727" HPOS="624"/>
							<String ID="string_222" HPOS="638" VPOS="728" WIDTH="117" HEIGHT="19" WC="0.87" CONTENT="anförvandt"/><SP WIDTH="16" VPOS="728" HPOS="755"/>
							<String ID="string_223" HPOS="771" VPOS="728" WIDTH="47" HEIGHT="20" WC="0.71" CONTENT="böra"/><SP WIDTH="15" VPOS="728" HPOS="818"/>
							<String ID="string_224" HPOS="833" VPOS="728" WIDTH="91" HEIGHT="20" WC="0.91" CONTENT="inskrän-"/>
						</TextLine>
						<TextLine ID="line_23" HPOS="183" VPOS="752" WIDTH="740" HEIGHT="28">
							<String ID="string_225" HPOS="183" VPOS="752" WIDTH="37" HEIGHT="21" WC="0.96" CONTENT="kas"/><SP WIDTH="14" VPOS="752" HPOS="220"/>
							<String ID="string_226" HPOS="234" VPOS="753" WIDTH="27" HEIGHT="20" WC="0.93" CONTENT="till"/><SP WIDTH="14" VPOS="753" HPOS="261"/>
							<String ID="string_227" HPOS="275" VPOS="752" WIDTH="55" HEIGHT="28" WC="0.92" CONTENT="tjugu"/><SP WIDTH="13" VPOS="752" HPOS="330"/>
							<String ID="string_228" HPOS="343" VPOS="753" WIDTH="23" HEIGHT="20" WC="0.96" CONTENT="år"/><SP WIDTH="13" VPOS="753" HPOS="366"/>
							<String ID="string_229" HPOS="379" VPOS="754" WIDTH="51" HEIGHT="19" WC="0.96" CONTENT="efter"/><SP WIDTH="13" VPOS="754" HPOS="430"/>
							<String ID="string_230" HPOS="443" VPOS="754" WIDTH="49" HEIGHT="19" WC="0.96" CONTENT="hans"/><SP WIDTH="13" VPOS="754" HPOS="492"/>
							<String ID="string_231" HPOS="505" VPOS="754" WIDTH="46" HEIGHT="20" WC="0.74" CONTENT="död.&#39;"/><SP WIDTH="29" VPOS="754" HPOS="551"/>
							<String ID="string_232" HPOS="580" VPOS="754" WIDTH="34" HEIGHT="20" WC="0.96" CONTENT="Väl"/><SP WIDTH="15" VPOS="754" HPOS="614"/>
							<String ID="string_233" HPOS="629" VPOS="756" WIDTH="22" HEIGHT="17" WC="0.96" CONTENT="är"/><SP WIDTH="9" VPOS="756" HPOS="651"/>
							<String ID="string_234" HPOS="660" VPOS="754" WIDTH="34" HEIGHT="19" WC="0.93" CONTENT="det"/><SP WIDTH="13" VPOS="754" HPOS="694"/>
							<String ID="string_235" HPOS="707" VPOS="756" WIDTH="64" HEIGHT="21" WC="0.69" CONTENT="sannt;"/><SP WIDTH="9" VPOS="756" HPOS="771"/>
							<String ID="string_236" HPOS="780" VPOS="757" WIDTH="31" HEIGHT="16" WC="0.92" CONTENT="att"/><SP WIDTH="13" VPOS="757" HPOS="811"/>
							<String ID="string_237" HPOS="824" VPOS="754" WIDTH="45" HEIGHT="20" WC="0.93" CONTENT="icke"/><SP WIDTH="13" VPOS="754" HPOS="869"/>
							<String ID="string_238" HPOS="882" VPOS="755" WIDTH="41" HEIGHT="19" WC="0.92" CONTENT="hel-"/>
						</TextLine>
						<TextLine ID="line_24" HPOS="182" VPOS="779" WIDTH="742" HEIGHT="27">
							<String ID="string_239" HPOS="182" VPOS="779" WIDTH="30" HEIGHT="19" WC="0.93" CONTENT="ler"/><SP WIDTH="13" VPOS="779" HPOS="212"/>
							<String ID="string_240" HPOS="225" VPOS="779" WIDTH="196" HEIGHT="21" WC="0.91" CONTENT="historieskrifvaren"/><SP WIDTH="13" VPOS="779" HPOS="421"/>
							<String ID="string_241" HPOS="434" VPOS="780" WIDTH="62" HEIGHT="20" WC="0.97" CONTENT="borde"/><SP WIDTH="9" VPOS="780" HPOS="496"/>
							<String ID="string_242" HPOS="505" VPOS="786" WIDTH="48" HEIGHT="14" WC="0.96" CONTENT="vara"/><SP WIDTH="13" VPOS="786" HPOS="553"/>
							<String ID="string_243" HPOS="566" VPOS="780" WIDTH="109" HEIGHT="26" WC="0.96" CONTENT="berättigad"/><SP WIDTH="13" VPOS="780" HPOS="675"/>
							<String ID="string_244" HPOS="688" VPOS="782" WIDTH="28" HEIGHT="18" WC="0.92" CONTENT="att"/><SP WIDTH="12" VPOS="782" HPOS="716"/>
							<String ID="string_245" HPOS="728" VPOS="780" WIDTH="115" HEIGHT="26" WC="0.91" CONTENT="falskeligen"/><SP WIDTH="14" VPOS="780" HPOS="843"/>
							<String ID="string_246" HPOS="857" VPOS="780" WIDTH="20" HEIGHT="26" WC="0.93" CONTENT="få"/><SP WIDTH="11" VPOS="780" HPOS="877"/>
							<String ID="string_247" HPOS="888" VPOS="781" WIDTH="36" HEIGHT="19" WC="0.74" CONTENT="till-"/>
						</TextLine>
						<TextLine ID="line_25" HPOS="182" VPOS="805" WIDTH="741" HEIGHT="27">
							<String ID="string_248" HPOS="182" VPOS="805" WIDTH="40" HEIGHT="20" WC="0.96" CONTENT="vita"/><SP WIDTH="14" VPOS="805" HPOS="222"/>
							<String ID="string_249" HPOS="236" VPOS="812" WIDTH="25" HEIGHT="13" WC="0.96" CONTENT="en"/><SP WIDTH="14" VPOS="812" HPOS="261"/>
							<String ID="string_250" HPOS="275" VPOS="806" WIDTH="38" HEIGHT="20" WC="0.96" CONTENT="död"/><SP WIDTH="13" VPOS="806" HPOS="313"/>
							<String ID="string_251" HPOS="326" VPOS="812" WIDTH="72" HEIGHT="20" WC="0.96" CONTENT="person"/><SP WIDTH="14" VPOS="812" HPOS="398"/>
							<String ID="string_252" HPOS="412" VPOS="805" WIDTH="62" HEIGHT="26" WC="0.96" CONTENT="någon"/><SP WIDTH="17" VPOS="805" HPOS="474"/>
							<String ID="string_253" HPOS="491" VPOS="807" WIDTH="29" HEIGHT="19" WC="0.96" CONTENT="för"/><SP WIDTH="14" VPOS="807" HPOS="520"/>
							<String ID="string_254" HPOS="534" VPOS="807" WIDTH="49" HEIGHT="19" WC="0.96" CONTENT="hans"/><SP WIDTH="14" VPOS="807" HPOS="583"/>
							<String ID="string_255" HPOS="597" VPOS="806" WIDTH="64" HEIGHT="20" WC="0.93" CONTENT="minne"/><SP WIDTH="17" VPOS="806" HPOS="661"/>
							<String ID="string_256" HPOS="678" VPOS="806" WIDTH="245" HEIGHT="26" WC="0.83" CONTENT="nedsättande:handiing;"/>
						</TextLine>
						<TextLine ID="line_26" HPOS="182" VPOS="832" WIDTH="740" HEIGHT="27">
							<String ID="string_257" HPOS="182" VPOS="838" WIDTH="46" HEIGHT="14" WC="0.96" CONTENT="men"/><SP WIDTH="13" VPOS="838" HPOS="228"/>
							<String ID="string_258" HPOS="241" VPOS="832" WIDTH="25" HEIGHT="20" WC="0.96" CONTENT="då"/><SP WIDTH="15" VPOS="832" HPOS="266"/>
							<String ID="string_259" HPOS="281" VPOS="838" WIDTH="23" HEIGHT="14" WC="0.93" CONTENT="en"/><SP WIDTH="14" VPOS="838" HPOS="304"/>
							<String ID="string_260" HPOS="318" VPOS="832" WIDTH="61" HEIGHT="20" WC="0.93" CONTENT="sådan"/><SP WIDTH="17" VPOS="832" HPOS="379"/>
							<String ID="string_261" HPOS="396" VPOS="832" WIDTH="118" HEIGHT="27" WC="0.92" CONTENT="beskylning"/><SP WIDTH="17" VPOS="832" HPOS="514"/>
							<String ID="string_262" HPOS="531" VPOS="834" WIDTH="35" HEIGHT="19" WC="0.96" CONTENT="lätt"/><SP WIDTH="13" VPOS="834" HPOS="566"/>
							<String ID="string_263" HPOS="579" VPOS="833" WIDTH="38" HEIGHT="19" WC="0.93" CONTENT="kan"/><SP WIDTH="14" VPOS="833" HPOS="617"/>
							<String ID="string_264" HPOS="631" VPOS="833" WIDTH="28" HEIGHT="19" WC="0.44" CONTENT="af/"/><SP WIDTH="7" VPOS="833" HPOS="659"/>
							<String ID="string_265" HPOS="666" VPOS="832" WIDTH="24" HEIGHT="20" WC="0.44" CONTENT="de"/><SP WIDTH="15" VPOS="832" HPOS="690"/>
							<String ID="string_266" HPOS="705" VPOS="833" WIDTH="142" HEIGHT="20" WC="0.92" CONTENT="efterlefvanue"/><SP WIDTH="15" VPOS="833" HPOS="847"/>
							<String ID="string_267" HPOS="862" VPOS="833" WIDTH="60" HEIGHT="20" WC="0.89" CONTENT="blifva"/>
						</TextLine>
						<TextLine ID="line_27" HPOS="183" VPOS="858" WIDTH="741" HEIGHT="28">
							<String ID="string_268" HPOS="183" VPOS="858" WIDTH="110" HEIGHT="26" WC="0.87" CONTENT="offentligen"/><SP WIDTH="14" VPOS="858" HPOS="293"/>
							<String ID="string_269" HPOS="307" VPOS="859" WIDTH="141" HEIGHT="26" WC="0.91" CONTENT="tillbakavisad,"/><SP WIDTH="19" VPOS="859" HPOS="448"/>
							<String ID="string_270" HPOS="467" VPOS="859" WIDTH="22" HEIGHT="21" WC="0.97" CONTENT="sä"/><SP WIDTH="14" VPOS="859" HPOS="489"/>
							<String ID="string_271" HPOS="503" VPOS="860" WIDTH="61" HEIGHT="24" WC="0.89" CONTENT="ligger"/><SP WIDTH="13" VPOS="860" HPOS="564"/>
							<String ID="string_272" HPOS="577" VPOS="859" WIDTH="28" HEIGHT="19" WC="0.93" CONTENT="uti"/><SP WIDTH="14" VPOS="859" HPOS="605"/>
							<String ID="string_273" HPOS="619" VPOS="860" WIDTH="168" HEIGHT="19" WC="0.90" CONTENT="ansvarsfriheten"/><SP WIDTH="18" VPOS="860" HPOS="787"/>
							<String ID="string_274" HPOS="805" VPOS="860" WIDTH="29" HEIGHT="19" WC="0.96" CONTENT="för"/><SP WIDTH="14" VPOS="860" HPOS="834"/>
							<String ID="string_275" HPOS="848" VPOS="865" WIDTH="24" HEIGHT="14" WC="0.93" CONTENT="en"/><SP WIDTH="14" VPOS="865" HPOS="872"/>
							<String ID="string_276" HPOS="886" VPOS="860" WIDTH="38" HEIGHT="26" WC="0.91" CONTENT="dy-"/>
						</TextLine>
						<TextLine ID="line_28" HPOS="182" VPOS="885" WIDTH="742" HEIGHT="27">
							<String ID="string_277" HPOS="182" VPOS="885" WIDTH="27" HEIGHT="20" WC="0.93" CONTENT="lik"/><SP WIDTH="14" VPOS="885" HPOS="209"/>
							<String ID="string_278" HPOS="223" VPOS="885" WIDTH="98" HEIGHT="20" WC="0.90" CONTENT="tillvitelse"/><SP WIDTH="13" VPOS="885" HPOS="321"/>
							<String ID="string_279" HPOS="334" VPOS="891" WIDTH="24" HEIGHT="14" WC="0.93" CONTENT="en"/><SP WIDTH="14" VPOS="891" HPOS="358"/>
							<String ID="string_280" HPOS="372" VPOS="886" WIDTH="76" HEIGHT="26" WC="0.91" CONTENT="ringare"/><SP WIDTH="14" VPOS="886" HPOS="448"/>
							<String ID="string_281" HPOS="462" VPOS="886" WIDTH="51" HEIGHT="20" WC="0.93" CONTENT="väda"/><SP WIDTH="14" VPOS="886" HPOS="513"/>
							<String ID="string_282" HPOS="527" VPOS="886" WIDTH="30" HEIGHT="19" WC="0.93" CONTENT="för"/><SP WIDTH="13" VPOS="886" HPOS="557"/>
							<String ID="string_283" HPOS="570" VPOS="886" WIDTH="108" HEIGHT="25" WC="0.96" CONTENT="samhället,"/><SP WIDTH="17" VPOS="886" HPOS="678"/>
							<String ID="string_284" HPOS="695" VPOS="887" WIDTH="24" HEIGHT="18" WC="0.93" CONTENT="än"/><SP WIDTH="14" VPOS="887" HPOS="719"/>
							<String ID="string_285" HPOS="733" VPOS="886" WIDTH="71" HEIGHT="24" WC="0.90" CONTENT="deruti,"/><SP WIDTH="16" VPOS="886" HPOS="804"/>
							<String ID="string_286" HPOS="820" VPOS="888" WIDTH="29" HEIGHT="17" WC="0.93" CONTENT="att"/><SP WIDTH="13" VPOS="888" HPOS="849"/>
							<String ID="string_287" HPOS="862" VPOS="886" WIDTH="62" HEIGHT="19" WC="0.92" CONTENT="histo-"/>
						</TextLine>
						<TextLine ID="line_29" HPOS="182" VPOS="911" WIDTH="742" HEIGHT="27">
							<String ID="string_288" HPOS="182" VPOS="911" WIDTH="146" HEIGHT="26" WC="0.92" CONTENT="rieskrifvaren,"/><SP WIDTH="16" VPOS="911" HPOS="328"/>
							<String ID="string_289" HPOS="344" VPOS="913" WIDTH="20" HEIGHT="18" WC="0.93" CONTENT="af"/><SP WIDTH="12" VPOS="913" HPOS="364"/>
							<String ID="string_290" HPOS="376" VPOS="913" WIDTH="78" HEIGHT="18" WC="0.96" CONTENT="fruktan"/><SP WIDTH="14" VPOS="913" HPOS="454"/>
							<String ID="string_291" HPOS="468" VPOS="913" WIDTH="29" HEIGHT="19" WC="0.93" CONTENT="för"/><SP WIDTH="9" VPOS="913" HPOS="497"/>
							<String ID="string_292" HPOS="506" VPOS="913" WIDTH="87" HEIGHT="25" WC="0.93" CONTENT="ständiga"/><SP WIDTH="14" VPOS="913" HPOS="593"/>
							<String ID="string_293" HPOS="607" VPOS="911" WIDTH="184" HEIGHT="26" WC="0.78" CONTENT="injurieprocesser;"/><SP WIDTH="11" VPOS="911" HPOS="791"/>
							<String ID="string_294" HPOS="802" VPOS="913" WIDTH="44" HEIGHT="18" WC="0.30" CONTENT="icke"/><SP WIDTH="14" VPOS="913" HPOS="846"/>
							<String ID="string_295" HPOS="860" VPOS="913" WIDTH="64" HEIGHT="19" WC="0.97" CONTENT="skulle"/>
						</TextLine>
						<TextLine ID="line_30" HPOS="183" VPOS="937" WIDTH="738" HEIGHT="28">
							<String ID="string_296" HPOS="183" VPOS="937" WIDTH="50" HEIGHT="26" WC="0.95" CONTENT="våga"/><SP WIDTH="10" VPOS="937" HPOS="233"/>
							<String ID="string_297" HPOS="243" VPOS="939" WIDTH="60" HEIGHT="18" WC="0.96" CONTENT="uttala"/><SP WIDTH="10" VPOS="939" HPOS="303"/>
							<String ID="string_298" HPOS="313" VPOS="939" WIDTH="108" HEIGHT="25" WC="0.96" CONTENT="sanningen"/><SP WIDTH="14" VPOS="939" HPOS="421"/>
							<String ID="string_299" HPOS="435" VPOS="944" WIDTH="33" HEIGHT="14" WC="0.96" CONTENT="om"/><SP WIDTH="9" VPOS="944" HPOS="468"/>
							<String ID="string_300" HPOS="477" VPOS="945" WIDTH="23" HEIGHT="14" WC="0.96" CONTENT="en"/><SP WIDTH="14" VPOS="945" HPOS="500"/>
							<String ID="string_301" HPOS="514" VPOS="944" WIDTH="80" HEIGHT="21" WC="0.97" CONTENT="person,"/><SP WIDTH="11" VPOS="944" HPOS="594"/>
							<String ID="string_302" HPOS="605" VPOS="944" WIDTH="44" HEIGHT="13" WC="0.93" CONTENT="som"/><SP WIDTH="15" VPOS="944" HPOS="649"/>
							<String ID="string_303" HPOS="664" VPOS="937" WIDTH="48" HEIGHT="20" WC="0.96" CONTENT="stått"/><SP WIDTH="10" VPOS="937" HPOS="712"/>
							<String ID="string_304" HPOS="722" VPOS="938" WIDTH="49" HEIGHT="19" WC="0.93" CONTENT="hans"/><SP WIDTH="14" VPOS="938" HPOS="771"/>
							<String ID="string_305" HPOS="785" VPOS="939" WIDTH="73" HEIGHT="20" WC="0.96" CONTENT="samtid"/><SP WIDTH="7" VPOS="939" HPOS="858"/>
							<String ID="string_306" HPOS="865" VPOS="940" WIDTH="56" HEIGHT="18" WC="0.96" CONTENT="nära."/>
						</TextLine>
						<TextLine ID="line_31" HPOS="183" VPOS="963" WIDTH="737" HEIGHT="27">
							<String ID="string_307" HPOS="183" VPOS="963" WIDTH="29" HEIGHT="20" WC="0.96" CONTENT="Då"/><SP WIDTH="16" VPOS="963" HPOS="212"/>
							<String ID="string_308" HPOS="228" VPOS="963" WIDTH="42" HEIGHT="20" WC="0.96" CONTENT="åter"/><SP WIDTH="14" VPOS="963" HPOS="270"/>
							<String ID="string_309" HPOS="284" VPOS="965" WIDTH="24" HEIGHT="19" WC="0.93" CONTENT="14"/><SP WIDTH="14" VPOS="965" HPOS="308"/>
							<String ID="string_310" HPOS="322" VPOS="965" WIDTH="11" HEIGHT="24" WC="0.92" CONTENT="$"/><SP WIDTH="14" VPOS="965" HPOS="333"/>
							<String ID="string_311" HPOS="347" VPOS="965" WIDTH="107" HEIGHT="24" WC="0.93" CONTENT="uppställer"/><SP WIDTH="10" VPOS="965" HPOS="454"/>
							<String ID="string_312" HPOS="464" VPOS="970" WIDTH="24" HEIGHT="14" WC="0.93" CONTENT="en"/><SP WIDTH="13" VPOS="970" HPOS="488"/>
							<String ID="string_313" HPOS="501" VPOS="964" WIDTH="76" HEIGHT="26" WC="0.91" CONTENT="tvåårig"/><SP WIDTH="14" VPOS="964" HPOS="577"/>
							<String ID="string_314" HPOS="591" VPOS="964" WIDTH="130" HEIGHT="25" WC="0.91" CONTENT="preskription"/><SP WIDTH="11" VPOS="964" HPOS="721"/>
							<String ID="string_315" HPOS="732" VPOS="965" WIDTH="30" HEIGHT="18" WC="0.93" CONTENT="för"/><SP WIDTH="14" VPOS="965" HPOS="762"/>
							<String ID="string_316" HPOS="776" VPOS="964" WIDTH="71" HEIGHT="20" WC="0.89" CONTENT="sådana"/><SP WIDTH="15" VPOS="964" HPOS="847"/>
							<String ID="string_317" HPOS="862" VPOS="965" WIDTH="58" HEIGHT="24" WC="0.95" CONTENT="brott,"/>
						</TextLine>
						<TextLine ID="line_32" HPOS="183" VPOS="989" WIDTH="740" HEIGHT="27">
							<String ID="string_318" HPOS="183" VPOS="992" WIDTH="54" HEIGHT="17" WC="0.96" CONTENT="emot"/><SP WIDTH="13" VPOS="992" HPOS="237"/>
							<String ID="string_319" HPOS="250" VPOS="990" WIDTH="38" HEIGHT="19" WC="0.96" CONTENT="den"/><SP WIDTH="14" VPOS="990" HPOS="288"/>
							<String ID="string_320" HPOS="302" VPOS="991" WIDTH="108" HEIGHT="25" WC="0.96" CONTENT="föreslagna"/><SP WIDTH="15" VPOS="991" HPOS="410"/>
							<String ID="string_321" HPOS="425" VPOS="991" WIDTH="142" HEIGHT="24" WC="0.96" CONTENT="förordningen,"/><SP WIDTH="12" VPOS="991" HPOS="567"/>
							<String ID="string_322" HPOS="579" VPOS="996" WIDTH="43" HEIGHT="14" WC="0.93" CONTENT="som"/><SP WIDTH="16" VPOS="996" HPOS="622"/>
							<String ID="string_323" HPOS="638" VPOS="989" WIDTH="17" HEIGHT="26" WC="0.95" CONTENT="ej"/><SP WIDTH="14" VPOS="989" HPOS="655"/>
							<String ID="string_324" HPOS="669" VPOS="990" WIDTH="92" HEIGHT="26" WC="0.94" CONTENT="beläggas"/><SP WIDTH="14" VPOS="990" HPOS="761"/>
							<String ID="string_325" HPOS="775" VPOS="991" WIDTH="45" HEIGHT="19" WC="0.93" CONTENT="med"/><SP WIDTH="12" VPOS="991" HPOS="820"/>
							<String ID="string_326" HPOS="832" VPOS="991" WIDTH="91" HEIGHT="19" WC="0.93" CONTENT="tukthus-"/>
						</TextLine>
						<TextLine ID="line_33" HPOS="184" VPOS="1016" WIDTH="738" HEIGHT="25">
							<String ID="string_327" HPOS="184" VPOS="1016" WIDTH="62" HEIGHT="24" WC="0.95" CONTENT="straff,"/><SP WIDTH="16" VPOS="1016" HPOS="246"/>
							<String ID="string_328" HPOS="262" VPOS="1017" WIDTH="35" HEIGHT="19" WC="0.93" CONTENT="har"/><SP WIDTH="15" VPOS="1017" HPOS="297"/>
							<String ID="string_329" HPOS="312" VPOS="1016" WIDTH="99" HEIGHT="20" WC="0.96" CONTENT="Utskottet"/><SP WIDTH="13" VPOS="1016" HPOS="411"/>
							<String ID="string_330" HPOS="424" VPOS="1019" WIDTH="47" HEIGHT="18" WC="0.96" CONTENT="trott"/><SP WIDTH="15" VPOS="1019" HPOS="471"/>
							<String ID="string_331" HPOS="486" VPOS="1017" WIDTH="29" HEIGHT="24" WC="0.93" CONTENT="sig"/><SP WIDTH="14" VPOS="1017" HPOS="515"/>
							<String ID="string_332" HPOS="529" VPOS="1017" WIDTH="47" HEIGHT="20" WC="0.96" CONTENT="böra"/><SP WIDTH="14" VPOS="1017" HPOS="576"/>
							<String ID="string_333" HPOS="590" VPOS="1017" WIDTH="84" HEIGHT="24" WC="0.96" CONTENT="förorda,"/><SP WIDTH="18" VPOS="1017" HPOS="674"/>
							<String ID="string_334" HPOS="692" VPOS="1019" WIDTH="26" HEIGHT="16" WC="0.93" CONTENT="att"/><SP WIDTH="16" VPOS="1019" HPOS="718"/>
							<String ID="string_335" HPOS="734" VPOS="1016" WIDTH="16" HEIGHT="24" WC="0.93" CONTENT="ej"/><SP WIDTH="15" VPOS="1016" HPOS="750"/>
							<String ID="string_336" HPOS="765" VPOS="1017" WIDTH="60" HEIGHT="18" WC="0.86" CONTENT="helter"/><SP WIDTH="13" VPOS="1017" HPOS="825"/>
							<String ID="string_337" HPOS="838" VPOS="1017" WIDTH="84" HEIGHT="20" WC="0.91" CONTENT="tillvitel-"/>
						</TextLine>
						<TextLine ID="line_34" HPOS="183" VPOS="1042" WIDTH="739" HEIGHT="26">
							<String ID="string_338" HPOS="183" VPOS="1047" WIDTH="33" HEIGHT="14" WC="0.96" CONTENT="ser"/><SP WIDTH="14" VPOS="1047" HPOS="216"/>
							<String ID="string_339" HPOS="230" VPOS="1045" WIDTH="52" HEIGHT="17" WC="0.93" CONTENT="emot"/><SP WIDTH="16" VPOS="1045" HPOS="282"/>
							<String ID="string_340" HPOS="298" VPOS="1043" WIDTH="51" HEIGHT="20" WC="0.59" CONTENT="döda"/><SP WIDTH="16" VPOS="1043" HPOS="349"/>
							<String ID="string_341" HPOS="365" VPOS="1048" WIDTH="96" HEIGHT="20" WC="0.96" CONTENT="personer"/><SP WIDTH="21" VPOS="1048" HPOS="461"/>
							<String ID="string_342" HPOS="482" VPOS="1043" WIDTH="63" HEIGHT="20" WC="0.93" CONTENT="skulle"/><SP WIDTH="16" VPOS="1043" HPOS="545"/>
							<String ID="string_343" HPOS="561" VPOS="1043" WIDTH="19" HEIGHT="19" WC="0.96" CONTENT="få"/><SP WIDTH="18" VPOS="1043" HPOS="580"/>
							<String ID="string_344" HPOS="598" VPOS="1043" WIDTH="61" HEIGHT="19" WC="0.96" CONTENT="åtalas"/><SP WIDTH="17" VPOS="1043" HPOS="659"/>
							<String ID="string_345" HPOS="676" VPOS="1043" WIDTH="60" HEIGHT="19" WC="0.93" CONTENT="sedan"/><SP WIDTH="17" VPOS="1043" HPOS="736"/>
							<String ID="string_346" HPOS="753" VPOS="1042" WIDTH="33" HEIGHT="19" WC="0.96" CONTENT="två"/><SP WIDTH="18" VPOS="1042" HPOS="786"/>
							<String ID="string_347" HPOS="804" VPOS="1042" WIDTH="21" HEIGHT="20" WC="0.93" CONTENT="är"/><SP WIDTH="19" VPOS="1042" HPOS="825"/>
							<String ID="string_348" HPOS="844" VPOS="1043" WIDTH="78" HEIGHT="20" WC="0.96" CONTENT="förflutit"/>
						</TextLine>
						<TextLine ID="line_35" HPOS="184" VPOS="1068" WIDTH="280" HEIGHT="26">
							<String ID="string_349" HPOS="184" VPOS="1068" WIDTH="50" HEIGHT="20" WC="0.96" CONTENT="efter"/><SP WIDTH="14" VPOS="1068" HPOS="234"/>
							<String ID="string_350" HPOS="248" VPOS="1069" WIDTH="34" HEIGHT="19" WC="0.96" CONTENT="det"/><SP WIDTH="12" VPOS="1069" HPOS="282"/>
							<String ID="string_351" HPOS="294" VPOS="1069" WIDTH="73" HEIGHT="19" WC="0.93" CONTENT="brottet"/><SP WIDTH="13" VPOS="1069" HPOS="367"/>
							<String ID="string_352" HPOS="380" VPOS="1069" WIDTH="84" HEIGHT="25" WC="0.92" CONTENT="begätts."/>
						</TextLine>
					</TextBlock>
					<TextBlock ID="block_3" HPOS="182" VPOS="1095" WIDTH="741" HEIGHT="229">
						<TextLine ID="line_36" HPOS="235" VPOS="1095" WIDTH="688" HEIGHT="26">
							<String ID="string_353" HPOS="235" VPOS="1096" WIDTH="44" HEIGHT="19" WC="0.96" CONTENT="Den"/><SP WIDTH="14" VPOS="1096" HPOS="279"/>
							<String ID="string_354" HPOS="293" VPOS="1096" WIDTH="6" HEIGHT="19" WC="0.96" CONTENT="i"/><SP WIDTH="14" VPOS="1096" HPOS="299"/>
							<String ID="string_355" HPOS="313" VPOS="1095" WIDTH="60" HEIGHT="20" WC="0.96" CONTENT="slutet"/><SP WIDTH="13" VPOS="1095" HPOS="373"/>
							<String ID="string_356" HPOS="386" VPOS="1096" WIDTH="20" HEIGHT="19" WC="0.97" CONTENT="af"/><SP WIDTH="14" VPOS="1096" HPOS="406"/>
							<String ID="string_357" HPOS="420" VPOS="1096" WIDTH="24" HEIGHT="19" WC="0.93" CONTENT="16"/><SP WIDTH="14" VPOS="1096" HPOS="444"/>
							<String ID="string_358" HPOS="458" VPOS="1095" WIDTH="10" HEIGHT="26" WC="0.93" CONTENT="$"/><SP WIDTH="17" VPOS="1095" HPOS="468"/>
							<String ID="string_359" HPOS="485" VPOS="1095" WIDTH="159" HEIGHT="20" WC="0.96" CONTENT="förekommande"/><SP WIDTH="16" VPOS="1095" HPOS="644"/>
							<String ID="string_360" HPOS="660" VPOS="1095" WIDTH="123" HEIGHT="25" WC="0.93" CONTENT="bestämning"/><SP WIDTH="15" VPOS="1095" HPOS="783"/>
							<String ID="string_361" HPOS="798" VPOS="1095" WIDTH="77" HEIGHT="24" WC="0.81" CONTENT="-derom,"/><SP WIDTH="19" VPOS="1095" HPOS="875"/>
							<String ID="string_362" HPOS="894" VPOS="1098" WIDTH="29" HEIGHT="17" WC="0.96" CONTENT="att"/>
						</TextLine>
						<TextLine ID="line_37" HPOS="183" VPOS="1121" WIDTH="739" HEIGHT="26">
							<String ID="string_363" HPOS="183" VPOS="1121" WIDTH="91" HEIGHT="26" WC="0.96" CONTENT="domstol,"/><SP WIDTH="17" VPOS="1121" HPOS="274"/>
							<String ID="string_364" HPOS="291" VPOS="1127" WIDTH="43" HEIGHT="14" WC="0.93" CONTENT="som"/><SP WIDTH="15" VPOS="1127" HPOS="334"/>
							<String ID="string_365" HPOS="349" VPOS="1121" WIDTH="70" HEIGHT="26" WC="0.92" CONTENT="afgjort"/><SP WIDTH="14" VPOS="1121" HPOS="419"/>
							<String ID="string_366" HPOS="433" VPOS="1125" WIDTH="27" HEIGHT="16" WC="0.93" CONTENT="ett"/><SP WIDTH="17" VPOS="1125" HPOS="460"/>
							<String ID="string_367" HPOS="477" VPOS="1121" WIDTH="199" HEIGHT="26" WC="0.92" CONTENT="ärekränkningsmäl,"/><SP WIDTH="16" VPOS="1121" HPOS="676"/>
							<String ID="string_368" HPOS="692" VPOS="1121" WIDTH="63" HEIGHT="20" WC="0.93" CONTENT="skulle"/><SP WIDTH="14" VPOS="1121" HPOS="755"/>
							<String ID="string_369" HPOS="769" VPOS="1122" WIDTH="47" HEIGHT="19" WC="0.93" CONTENT="böra"/><SP WIDTH="14" VPOS="1122" HPOS="816"/>
							<String ID="string_370" HPOS="830" VPOS="1121" WIDTH="92" HEIGHT="20" WC="0.90" CONTENT="befordra"/>
						</TextLine>
						<TextLine ID="line_38" HPOS="182" VPOS="1147" WIDTH="740" HEIGHT="27">
							<String ID="string_371" HPOS="182" VPOS="1148" WIDTH="86" HEIGHT="25" WC="0.95" CONTENT="utslaget"/><SP WIDTH="13" VPOS="1148" HPOS="268"/>
							<String ID="string_372" HPOS="281" VPOS="1149" WIDTH="28" HEIGHT="19" WC="0.93" CONTENT="till"/><SP WIDTH="14" VPOS="1149" HPOS="309"/>
							<String ID="string_373" HPOS="323" VPOS="1149" WIDTH="109" HEIGHT="25" WC="0.96" CONTENT="tryckning,"/><SP WIDTH="16" VPOS="1149" HPOS="432"/>
							<String ID="string_374" HPOS="448" VPOS="1150" WIDTH="34" HEIGHT="18" WC="0.96" CONTENT="när"/><SP WIDTH="14" VPOS="1150" HPOS="482"/>
							<String ID="string_375" HPOS="496" VPOS="1148" WIDTH="38" HEIGHT="20" WC="0.93" CONTENT="den"/><SP WIDTH="12" VPOS="1148" HPOS="534"/>
							<String ID="string_376" HPOS="546" VPOS="1148" WIDTH="132" HEIGHT="25" WC="0.93" CONTENT="förolämpade"/><SP WIDTH="13" VPOS="1148" HPOS="678"/>
							<String ID="string_377" HPOS="691" VPOS="1147" WIDTH="62" HEIGHT="20" WC="0.64" CONTENT="Jertill"/><SP WIDTH="15" VPOS="1147" HPOS="753"/>
							<String ID="string_378" HPOS="768" VPOS="1147" WIDTH="86" HEIGHT="20" WC="0.91" CONTENT="försköte"/><SP WIDTH="13" VPOS="1147" HPOS="854"/>
							<String ID="string_379" HPOS="867" VPOS="1148" WIDTH="55" HEIGHT="19" WC="0.91" CONTENT="kost-"/>
						</TextLine>
						<TextLine ID="line_39" HPOS="184" VPOS="1173" WIDTH="737" HEIGHT="28">
							<String ID="string_380" HPOS="184" VPOS="1174" WIDTH="70" HEIGHT="24" WC="0.96" CONTENT="naden,"/><SP WIDTH="16" VPOS="1174" HPOS="254"/>
							<String ID="string_381" HPOS="270" VPOS="1180" WIDTH="58" HEIGHT="15" WC="0.93" CONTENT="anser"/><SP WIDTH="16" VPOS="1180" HPOS="328"/>
							<String ID="string_382" HPOS="344" VPOS="1175" WIDTH="99" HEIGHT="19" WC="0.96" CONTENT="Utskottet"/><SP WIDTH="13" VPOS="1175" HPOS="443"/>
							<String ID="string_383" HPOS="456" VPOS="1175" WIDTH="48" HEIGHT="20" WC="0.96" CONTENT="böra"/><SP WIDTH="13" VPOS="1175" HPOS="504"/>
							<String ID="string_384" HPOS="517" VPOS="1174" WIDTH="56" HEIGHT="27" WC="0.96" CONTENT="utgå;"/><SP WIDTH="16" VPOS="1174" HPOS="573"/>
							<String ID="string_385" HPOS="589" VPOS="1174" WIDTH="81" HEIGHT="19" WC="0.96" CONTENT="emedan"/><SP WIDTH="14" VPOS="1174" HPOS="670"/>
							<String ID="string_386" HPOS="684" VPOS="1174" WIDTH="25" HEIGHT="19" WC="0.91" CONTENT="de"/><SP WIDTH="14" VPOS="1174" HPOS="709"/>
							<String ID="string_387" HPOS="723" VPOS="1174" WIDTH="47" HEIGHT="19" WC="0.96" CONTENT="med"/><SP WIDTH="13" VPOS="1174" HPOS="770"/>
							<String ID="string_388" HPOS="783" VPOS="1173" WIDTH="68" HEIGHT="20" WC="0.88" CONTENT="arbete"/><SP WIDTH="13" VPOS="1173" HPOS="851"/>
							<String ID="string_389" HPOS="864" VPOS="1175" WIDTH="57" HEIGHT="18" WC="0.85" CONTENT="äfven"/>
						</TextLine>
						<TextLine ID="line_40" HPOS="184" VPOS="1199" WIDTH="737" HEIGHT="27">
							<String ID="string_390" HPOS="184" VPOS="1199" WIDTH="56" HEIGHT="26" WC="0.93" CONTENT="eljest"/><SP WIDTH="17" VPOS="1199" HPOS="240"/>
							<String ID="string_391" HPOS="257" VPOS="1201" WIDTH="133" HEIGHT="24" WC="0.92" CONTENT="öfverhopade"/><SP WIDTH="20" VPOS="1201" HPOS="390"/>
							<String ID="string_392" HPOS="410" VPOS="1201" WIDTH="132" HEIGHT="20" WC="0.88" CONTENT="domstolarne"/><SP WIDTH="19" VPOS="1201" HPOS="542"/>
							<String ID="string_393" HPOS="561" VPOS="1200" WIDTH="114" HEIGHT="26" WC="0.91" CONTENT="derigenom"/><SP WIDTH="20" VPOS="1200" HPOS="675"/>
							<String ID="string_394" HPOS="695" VPOS="1199" WIDTH="63" HEIGHT="20" WC="0.92" CONTENT="skulle"/><SP WIDTH="20" VPOS="1199" HPOS="758"/>
							<String ID="string_395" HPOS="778" VPOS="1199" WIDTH="102" HEIGHT="20" WC="0.90" CONTENT="åhvälfvas"/><SP WIDTH="17" VPOS="1199" HPOS="880"/>
							<String ID="string_396" HPOS="897" VPOS="1205" WIDTH="24" HEIGHT="14" WC="0.94" CONTENT="en"/>
						</TextLine>
						<TextLine ID="line_41" HPOS="184" VPOS="1226" WIDTH="737" HEIGHT="26">
							<String ID="string_397" HPOS="184" VPOS="1226" WIDTH="118" HEIGHT="26" WC="0.96" CONTENT="skyldighet,"/><SP WIDTH="17" VPOS="1226" HPOS="302"/>
							<String ID="string_398" HPOS="319" VPOS="1232" WIDTH="43" HEIGHT="14" WC="0.93" CONTENT="som"/><SP WIDTH="20" VPOS="1232" HPOS="362"/>
							<String ID="string_399" HPOS="382" VPOS="1226" WIDTH="42" HEIGHT="26" WC="0.92" CONTENT="låge"/><SP WIDTH="14" VPOS="1226" HPOS="424"/>
							<String ID="string_400" HPOS="438" VPOS="1229" WIDTH="54" HEIGHT="18" WC="0.96" CONTENT="utom"/><SP WIDTH="17" VPOS="1229" HPOS="492"/>
							<String ID="string_401" HPOS="509" VPOS="1227" WIDTH="59" HEIGHT="20" WC="0.96" CONTENT="deras"/><SP WIDTH="17" VPOS="1227" HPOS="568"/>
							<String ID="string_402" HPOS="585" VPOS="1227" WIDTH="93" HEIGHT="24" WC="0.93" CONTENT="egentliga"/><SP WIDTH="18" VPOS="1227" HPOS="678"/>
							<String ID="string_403" HPOS="696" VPOS="1226" WIDTH="169" HEIGHT="25" WC="0.92" CONTENT="verkningskrets,"/><SP WIDTH="19" VPOS="1226" HPOS="865"/>
							<String ID="string_404" HPOS="884" VPOS="1227" WIDTH="37" HEIGHT="18" WC="0.96" CONTENT="och"/>
						</TextLine>
						<TextLine ID="line_42" HPOS="183" VPOS="1252" WIDTH="739" HEIGHT="25">
							<String ID="string_405" HPOS="183" VPOS="1252" WIDTH="62" HEIGHT="20" WC="0.96" CONTENT="borde"/><SP WIDTH="13" VPOS="1252" HPOS="245"/>
							<String ID="string_406" HPOS="258" VPOS="1253" WIDTH="64" HEIGHT="19" WC="0.96" CONTENT="kunna"/><SP WIDTH="14" VPOS="1253" HPOS="322"/>
							<String ID="string_407" HPOS="336" VPOS="1258" WIDTH="58" HEIGHT="14" WC="0.96" CONTENT="anses"/><SP WIDTH="15" VPOS="1258" HPOS="394"/>
							<String ID="string_408" HPOS="409" VPOS="1259" WIDTH="46" HEIGHT="13" WC="0.96" CONTENT="vara"/><SP WIDTH="15" VPOS="1259" HPOS="455"/>
							<String ID="string_409" HPOS="470" VPOS="1259" WIDTH="23" HEIGHT="14" WC="0.96" CONTENT="en"/><SP WIDTH="14" VPOS="1259" HPOS="493"/>
							<String ID="string_410" HPOS="507" VPOS="1253" WIDTH="38" HEIGHT="20" WC="0.96" CONTENT="den"/><SP WIDTH="14" VPOS="1253" HPOS="545"/>
							<String ID="string_411" HPOS="559" VPOS="1253" WIDTH="95" HEIGHT="19" WC="0.96" CONTENT="vinnande"/><SP WIDTH="14" VPOS="1253" HPOS="654"/>
							<String ID="string_412" HPOS="668" VPOS="1255" WIDTH="79" HEIGHT="22" WC="0.96" CONTENT="partens"/><SP WIDTH="14" VPOS="1255" HPOS="747"/>
							<String ID="string_413" HPOS="761" VPOS="1253" WIDTH="87" HEIGHT="18" WC="0.93" CONTENT="enskilda"/><SP WIDTH="14" VPOS="1253" HPOS="848"/>
							<String ID="string_414" HPOS="862" VPOS="1257" WIDTH="60" HEIGHT="20" WC="0.92" CONTENT="ange-"/>
						</TextLine>
						<TextLine ID="line_43" HPOS="184" VPOS="1278" WIDTH="737" HEIGHT="26">
							<String ID="string_415" HPOS="184" VPOS="1279" WIDTH="97" HEIGHT="25" WC="0.96" CONTENT="lägenhet,"/><SP WIDTH="15" VPOS="1279" HPOS="281"/>
							<String ID="string_416" HPOS="296" VPOS="1279" WIDTH="25" HEIGHT="19" WC="0.93" CONTENT="då"/><SP WIDTH="14" VPOS="1279" HPOS="321"/>
							<String ID="string_417" HPOS="335" VPOS="1279" WIDTH="133" HEIGHT="25" WC="0.91" CONTENT="kungörandet"/><SP WIDTH="14" VPOS="1279" HPOS="468"/>
							<String ID="string_418" HPOS="482" VPOS="1279" WIDTH="132" HEIGHT="25" WC="0.91" CONTENT="förnämligast"/><SP WIDTH="13" VPOS="1279" HPOS="614"/>
							<String ID="string_419" HPOS="627" VPOS="1278" WIDTH="75" HEIGHT="26" WC="0.96" CONTENT="åsyftar"/><SP WIDTH="17" VPOS="1278" HPOS="702"/>
							<String ID="string_420" HPOS="719" VPOS="1284" WIDTH="25" HEIGHT="14" WC="0.96" CONTENT="en"/><SP WIDTH="13" VPOS="1284" HPOS="744"/>
							<String ID="string_421" HPOS="757" VPOS="1279" WIDTH="121" HEIGHT="25" WC="0.96" CONTENT="upprättelse"/><SP WIDTH="14" VPOS="1279" HPOS="878"/>
							<String ID="string_422" HPOS="892" VPOS="1279" WIDTH="29" HEIGHT="19" WC="0.96" CONTENT="för"/>
						</TextLine>
						<TextLine ID="line_44" HPOS="183" VPOS="1305" WIDTH="79" HEIGHT="19">
							<String ID="string_423" HPOS="183" VPOS="1305" WIDTH="79" HEIGHT="19" WC="0.96" CONTENT="honom."/>
						</TextLine>
					</TextBlock>
					<TextBlock ID="block_4" HPOS="184" VPOS="1331" WIDTH="738" HEIGHT="105">
						<TextLine ID="line_45" HPOS="237" VPOS="1331" WIDTH="682" HEIGHT="24">
							<String ID="string_424" HPOS="237" VPOS="1332" WIDTH="8" HEIGHT="17" WC="0.94" CONTENT="I"/><SP WIDTH="15" VPOS="1332" HPOS="245"/>
							<String ID="string_425" HPOS="260" VPOS="1332" WIDTH="24" HEIGHT="17" WC="0.93" CONTENT="20"/><SP WIDTH="15" VPOS="1332" HPOS="284"/>
							<String ID="string_426" HPOS="299" VPOS="1331" WIDTH="10" HEIGHT="24" WC="0.90" CONTENT="$"/><SP WIDTH="14" VPOS="1331" HPOS="309"/>
							<String ID="string_427" HPOS="323" VPOS="1331" WIDTH="90" HEIGHT="24" WC="0.49" CONTENT="föreslås,"/><SP WIDTH="17" VPOS="1331" HPOS="413"/>
							<String ID="string_428" HPOS="430" VPOS="1334" WIDTH="28" HEIGHT="16" WC="0.95" CONTENT="att"/><SP WIDTH="13" VPOS="1334" HPOS="458"/>
							<String ID="string_429" HPOS="471" VPOS="1331" WIDTH="5" HEIGHT="18" WC="0.96" CONTENT="i"/><SP WIDTH="14" VPOS="1331" HPOS="476"/>
							<String ID="string_430" HPOS="490" VPOS="1331" WIDTH="25" HEIGHT="19" WC="0.96" CONTENT="de"/><SP WIDTH="14" VPOS="1331" HPOS="515"/>
							<String ID="string_431" HPOS="529" VPOS="1332" WIDTH="38" HEIGHT="23" WC="0.95" CONTENT="fall,"/><SP WIDTH="17" VPOS="1332" HPOS="567"/>
							<String ID="string_432" HPOS="584" VPOS="1331" WIDTH="25" HEIGHT="18" WC="0.93" CONTENT="dä"/><SP WIDTH="14" VPOS="1331" HPOS="609"/>
							<String ID="string_433" HPOS="623" VPOS="1331" WIDTH="112" HEIGHT="19" WC="0.92" CONTENT="underrätts"/><SP WIDTH="17" VPOS="1331" HPOS="735"/>
							<String ID="string_434" HPOS="752" VPOS="1331" WIDTH="64" HEIGHT="24" WC="0.96" CONTENT="utslag"/><SP WIDTH="16" VPOS="1331" HPOS="816"/>
							<String ID="string_435" HPOS="832" VPOS="1331" WIDTH="27" HEIGHT="18" WC="0.95" CONTENT="uti"/><SP WIDTH="14" VPOS="1331" HPOS="859"/>
							<String ID="string_436" HPOS="873" VPOS="1331" WIDTH="46" HEIGHT="23" WC="0.78" CONTENT="mål,"/>
						</TextLine>
						<TextLine ID="line_46" HPOS="184" VPOS="1356" WIDTH="737" HEIGHT="26">
							<String ID="string_437" HPOS="184" VPOS="1356" WIDTH="102" HEIGHT="26" WC="0.95" CONTENT="angående"/><SP WIDTH="13" VPOS="1356" HPOS="286"/>
							<String ID="string_438" HPOS="299" VPOS="1357" WIDTH="50" HEIGHT="19" WC="0.93" CONTENT="falsk"/><SP WIDTH="13" VPOS="1357" HPOS="349"/>
							<String ID="string_439" HPOS="362" VPOS="1357" WIDTH="108" HEIGHT="25" WC="0.93" CONTENT="angifvelse"/><SP WIDTH="14" VPOS="1357" HPOS="470"/>
							<String ID="string_440" HPOS="484" VPOS="1357" WIDTH="47" HEIGHT="19" WC="0.96" CONTENT="eller"/><SP WIDTH="10" VPOS="1357" HPOS="531"/>
							<String ID="string_441" HPOS="541" VPOS="1362" WIDTH="62" HEIGHT="14" WC="0.82" CONTENT="annan&#39;"/><SP WIDTH="15" VPOS="1362" HPOS="603"/>
							<String ID="string_442" HPOS="618" VPOS="1357" WIDTH="149" HEIGHT="24" WC="0.96" CONTENT="ärekränkning,"/><SP WIDTH="12" VPOS="1357" HPOS="767"/>
							<String ID="string_443" HPOS="779" VPOS="1357" WIDTH="58" HEIGHT="24" WC="0.96" CONTENT="enligt"/><SP WIDTH="14" VPOS="1357" HPOS="837"/>
							<String ID="string_444" HPOS="851" VPOS="1357" WIDTH="32" HEIGHT="24" WC="0.73" CONTENT="56"/><SP WIDTH="13" VPOS="1357" HPOS="883"/>
							<String ID="string_445" HPOS="896" VPOS="1357" WIDTH="25" HEIGHT="19" WC="0.97" CONTENT="25"/>
						</TextLine>
						<TextLine ID="line_47" HPOS="184" VPOS="1382" WIDTH="738" HEIGHT="27">
							<String ID="string_446" HPOS="184" VPOS="1382" WIDTH="46" HEIGHT="27" WC="0.96" CONTENT="kap."/><SP WIDTH="18" VPOS="1382" HPOS="230"/>
							<String ID="string_447" HPOS="248" VPOS="1383" WIDTH="24" HEIGHT="20" WC="0.92" CONTENT="R."/><SP WIDTH="18" VPOS="1383" HPOS="272"/>
							<String ID="string_448" HPOS="290" VPOS="1384" WIDTH="21" HEIGHT="18" WC="0.92" CONTENT="B."/><SP WIDTH="19" VPOS="1384" HPOS="311"/>
							<String ID="string_449" HPOS="330" VPOS="1383" WIDTH="46" HEIGHT="19" WC="0.95" CONTENT="eller"/><SP WIDTH="20" VPOS="1383" HPOS="376"/>
							<String ID="string_450" HPOS="396" VPOS="1383" WIDTH="85" HEIGHT="20" WC="0.96" CONTENT="särskild"/><SP WIDTH="20" VPOS="1383" HPOS="481"/>
							<String ID="string_451" HPOS="501" VPOS="1383" WIDTH="116" HEIGHT="25" WC="0.93" CONTENT="författning,"/><SP WIDTH="19" VPOS="1383" HPOS="617"/>
							<String ID="string_452" HPOS="636" VPOS="1382" WIDTH="58" HEIGHT="20" WC="0.92" CONTENT="bordt"/><SP WIDTH="13" VPOS="1382" HPOS="694"/>
							<String ID="string_453" HPOS="707" VPOS="1383" WIDTH="114" HEIGHT="18" WC="0.93" CONTENT="hemställas"/><SP WIDTH="18" VPOS="1383" HPOS="821"/>
							<String ID="string_454" HPOS="839" VPOS="1383" WIDTH="83" HEIGHT="19" WC="0.92" CONTENT="hofrätts"/>
						</TextLine>
						<TextLine ID="line_48" HPOS="185" VPOS="1409" WIDTH="736" HEIGHT="27">
							<String ID="string_455" HPOS="185" VPOS="1409" WIDTH="95" HEIGHT="26" WC="0.92" CONTENT="pröfning,"/><SP WIDTH="17" VPOS="1409" HPOS="280"/>
							<String ID="string_456" HPOS="297" VPOS="1416" WIDTH="25" HEIGHT="13" WC="0.93" CONTENT="en"/><SP WIDTH="14" VPOS="1416" HPOS="322"/>
							<String ID="string_457" HPOS="336" VPOS="1409" WIDTH="53" HEIGHT="27" WC="0.92" CONTENT="dylik"/><SP WIDTH="16" VPOS="1409" HPOS="389"/>
							<String ID="string_458" HPOS="405" VPOS="1410" WIDTH="153" HEIGHT="25" WC="0.92" CONTENT="underställning"/><SP WIDTH="16" VPOS="1410" HPOS="558"/>
							<String ID="string_459" HPOS="574" VPOS="1409" WIDTH="58" HEIGHT="20" WC="0.92" CONTENT="äfven"/><SP WIDTH="17" VPOS="1409" HPOS="632"/>
							<String ID="string_460" HPOS="649" VPOS="1409" WIDTH="29" HEIGHT="20" WC="0.96" CONTENT="för"/><SP WIDTH="13" VPOS="1409" HPOS="678"/>
							<String ID="string_461" HPOS="691" VPOS="1409" WIDTH="104" HEIGHT="20" WC="0.96" CONTENT="framtiden"/><SP WIDTH="16" VPOS="1409" HPOS="795"/>
							<String ID="string_462" HPOS="811" VPOS="1409" WIDTH="62" HEIGHT="20" WC="0.93" CONTENT="borde"/><SP WIDTH="13" VPOS="1409" HPOS="873"/>
							<String ID="string_463" HPOS="886" VPOS="1414" WIDTH="35" HEIGHT="21" WC="0.93" CONTENT="ega"/>
						</TextLine>
					</TextBlock>
				</ComposedBlock>
			</PrintSpace>
		</Page>
	</Layout>
</alto>
