1000 1823
285 126 71 23 Nådiga
367 127 139 23 Propositionen
519 128 36 17 N:o
567 128 28 17 12.
778 127 35 21 215

124 176 18 19 3.
172 176 76 19 Förlust
262 176 20 19 af
294 176 82 26 pension
391 176 48 20 eller
453 180 57 17 annat
524 177 80 20 allmänt
617 177 114 21 understöd.

174 202 29 19 för
217 202 62 24 alltid;

174 227 23 26 på
212 228 90 20 bestämd
317 229 34 19 tid.

123 255 19 18 4.
171 255 76 19 Förlust
261 255 20 18 af
293 255 110 25 värdighet,
420 255 61 20 orden
495 256 46 20 eller
554 262 63 13 annan
626 256 128 26 utmärkelse,
765 262 45 14 som

70 280 20 19 af
103 280 98 25 Regenten
216 280 47 20 eller
277 282 167 25 statsmyndighet
458 282 116 25 meddelats,
587 282 63 24 jemte
664 282 57 20 deraf
728 284 83 19 beroen-

69 306 26 20 de
108 306 105 20 förmåner.

123 333 19 19 5.
171 333 76 19 Förlust
261 333 20 19 af
293 333 53 20 ärfdt
359 334 47 20 eller
419 334 96 20 förlänadt
527 334 94 26 adelskap
635 335 38 19 och
681 334 81 21 dermed
772 335 39 20 för-

69 358 62 20 enade
144 359 122 25 rättigheter.

122 386 20 19 6.
170 385 145 20 Straffdomens
328 386 127 26 kungörande
470 386 23 26 pä
507 387 38 19 den
560 387 104 20 sakfälldes
678 387 110 20 bekostnad
802 388 5 18 i

69 412 77 19 landets
161 412 94 19 allmänna
270 412 47 20 eller
331 418 61 14 annan
407 412 80 26 tidning.

123 438 10 19 3
149 438 16 25 $.
194 439 95 19 Föröfvar
301 438 131 25 lifstidsfänge
443 440 70 22 urbota
522 440 59 24 brott,
593 440 61 19 varde
663 440 79 20 straffad
752 440 55 20 med:

193 465 18 19 1.
239 465 125 26 Inspärrning
377 466 5 18 i
398 466 56 18 mörk
469 466 42 24 cell,
527 466 57 26 högst
598 466 38 19 åtta
650 466 67 26 dagar.

193 492 19 18 2.
241 491 112 20 Insättande
366 492 5 18 i
385 491 39 25 ljus
439 492 43 24 cell,
498 493 58 25 högst
570 494 30 18 tre
615 492 28 20 är.

237 517 39 21 Om
290 520 58 18 annat
360 518 53 20 brott
427 518 20 20 af
459 518 130 27 lifstilsfänge
604 520 58 25 säges
676 519 6 19 i
697 520 25 19 38
737 520 17 25 $.

121 545 12 18 4
147 544 18 26 6.
195 544 36 20 För
247 544 49 20 barn
312 544 57 20 öfver
381 544 34 25 tio,
431 550 45 15 men
490 545 62 20 under
566 546 74 19 femton
654 545 23 20 är
691 551 48 15 vare
753 546 58 20 straff

68 571 99 25 antingen:

120 598 40 25 Aga
175 597 46 20 med
235 597 27 19 ris
277 598 20 19 af
309 596 98 21 målsman
422 598 5 18 i
441 598 107 20 exekutors
561 599 91 25 närvaro,
669 599 47 19 eller
729 599 21 19 af
763 605 46 13 exe-

68 623 65 25 kutor,
149 629 33 14 om
195 623 99 21 målsman
307 623 95 20 tredskas
416 624 48 20 eller
477 624 11 20 å
503 627 56 17 orten
573 624 18 25 ej
606 624 71 24 finnes;
693 625 48 19 eller
754 625 38 19 ock

121 650 110 20 Insättande
248 650 5 19 i
270 650 90 26 godkänd
376 650 207 26 uppfostringsanstalt
599 651 29 19 för
644 651 103 26 brottsliga
761 652 47 20 eller

67 675 126 21 vårdslösade
207 676 56 25 barn,
279 682 33 14 om
326 676 71 20 tillfälle
411 676 62 20 dertill
488 677 70 19 finnes.

121 703 11 19 5
146 703 17 25 6.
192 704 94 18 Dömmes
307 703 122 19 embetsman
449 704 50 19 eller
518 703 38 20 den
577 702 60 26 något
659 703 79 21 embete
761 704 47 20 eller

67 729 151 26 melborgerligt
232 730 45 19 värf
289 729 81 19 innehar
385 730 47 19 eller
445 730 78 19 utöfvar
536 730 29 19 för
579 730 59 24 brott,
653 730 98 26 begånget
766 731 3 19 i
774 731 34 19 el-

67 756 29 19 ler
110 758 55 17 utom
179 755 92 25 tjensten,
286 755 32 19 mä
332 755 25 20 de
372 756 5 18 i
392 756 9 19 4
418 756 10 25 $
442 756 115 20 omnämnda
572 756 109 20 straflarter
694 757 5 19 i
709 756 98 21 särskilda

67 782 39 24 fall,
122 782 66 20 hvilka
201 782 6 20 i
221 783 57 24 lagen.
291 782 47 20 böra
352 782 129 23 bestämmas,
496 783 66 19 kunna
576 783 78 19 förenas
668 782 17 25 ej
700 783 48 20 blott
761 783 46 20 med

66 808 26 20 de
108 808 5 20 i
130 809 13 19 2
160 809 12 25 $
189 808 137 26 omförmälda,
345 810 46 18 utan
408 809 57 19 äfven
482 809 47 20 med
545 808 62 27 någon
624 810 20 20 af
659 809 148 21 nedannämnda

67 834 105 26 påföljder
165 830 10 35 :

191 863 9 19 4.
238 861 89 26 Mistning
345 862 20 19 af
380 861 84 25 embete,
481 862 46 20 eller
541 862 144 26 medborgerlig
700 863 106 26 befattning

239 888 46 20 med
299 887 105 26 åtföljande
419 888 121 27 rättigheter,

238 915 30 20 för
281 915 52 20 alltid
348 915 131 26 (afsättning);

240 941 24 26 på
279 941 90 20 bestämd
384 941 27 20 tid
425 941 141 26 (suspension).

191 969 18 18 2.
237 967 91 26 Mistning
342 968 21 19 af
375 968 31 19 lön
419 968 47 19 eller
481 968 73 20 arvode
568 967 25 26 på
607 967 92 20 bestämd
714 968 35 19 tid.

120 995 12 18 6
146 994 17 25 $.
192 995 37 18 För
243 993 107 26 tjenstefel,
366 999 44 14 som
425 993 17 25 ej
457 995 103 19 innefattar
573 994 53 19 brott
640 994 5 19 i
659 993 91 26 tjensten,
763 999 44 14 var-

66 1020 25 20 de
105 1021 124 19 embetsman
244 1019 81 22 straffad
339 1020 46 20 med
398 1020 91 26 mistning
503 1021 21 20 af
536 1020 85 25 embete,
637 1021 46 20 eller
697 1020 21 20 af
725 1021 37 25 lön,
774 1019 33 21 så-

66 1052 44 15 som
124 1047 5 19 i
144 1048 11 19 5
170 1047 10 26 $
194 1049 64 24 säges,
275 1047 48 20 eller
337 1047 45 20 med
398 1047 81 25 varning

370 1115 13 19 2
398 1115 103 25 Kapitlet.

305 1166 40 19 Om
361 1164 205 21 tukthusstraffet.

120 1204 10 18 7
144 1203 17 25 $.
189 1203 148 21 Tukthusstraff
355 1202 31 20 må
409 1203 110 26 förbrytare
542 1202 102 20 ådömmas
666 1203 91 25 antingen
780 1202 25 26 pä

189 1230 58 20 lifstid

189 1257 46 19 eller
251 1246 26 35 på
294 1255 90 21 bestämd
403 1256 26 18 tid
447 1256 4 18 i
467 1255 64 25 jemna
545 1255 93 20 månader
652 1256 49 19 eller
714 1254 29 26 år,
760 1254 43 20 från

191 1283 36 18 och
241 1282 46 20 med
301 1281 33 20 två
348 1281 93 20 månader
455 1282 27 19 till
497 1282 37 19 och
548 1282 46 20 med
607 1282 35 19 tolf
654 1281 29 20 år.

121 1308 10 19 8
147 1308 16 25 $.
193 1308 165 20 Tukthusstraffet
374 1308 59 19 varde
449 1308 107 19 verkställt
569 1307 11 19 å
595 1308 24 20 de
634 1310 53 17 orter
700 1308 53 19 inom
762 1308 43 18 Fin-

66 1334 54 24 land,
140 1334 67 20 hvilka
221 1335 63 19 dertill
299 1334 106 20 framdeles
419 1334 130 24 bestämmas;
565 1335 38 18 och
617 1334 47 19 böra
679 1334 82 19 tukthus
776 1334 29 18 in-

66 1362 61 18 rättas
141 1360 90 20 särskildt
246 1362 30 18 för
289 1361 83 25 manliga
386 1360 38 20 och
437 1360 91 20 särskildt
537 1360 30 19 för
576 1360 84 26 qvinliga
669 1360 134 24 brottslingar.

66 1387 54 19 Dock
130 1386 31 20 må
172 1387 205 25 ensamhetsfängelse,
387 1392 43 13 som
437 1386 139 26 tukthusfånge
583 1387 47 19 skall
637 1385 94 27 undergå,
739 1386 65 19 kunna

66 1414 20 18 af
98 1415 44 18 män
157 1414 38 19 och
210 1414 85 24 qvinnor
308 1412 65 20 utstås
383 1413 5 19 i
399 1412 62 20 skilda
471 1412 120 26 afdelningar
600 1413 20 19 af
627 1418 76 14 samma
713 1412 89 20 tukthus.
