1003 1781
278 121 71 23 Nådiga
360 122 138 24 Propositionen
511 123 36 17 N:o
560 123 27 17 10.
773 121 35 19 189

403 173 10 25 $
430 174 33 19 22.

117 207 40 21 Har
171 203 86 37 domstol
272 208 130 27 värderingen
415 211 94 25 förrättat,
522 211 53 24 gifve
586 211 65 25 utslag
662 209 93 20 deröfver
767 210 37 19 och

64 236 75 19 utsätte
156 235 26 20 de
200 235 48 25 skäl,
265 235 65 26 hvarå
341 237 61 18 slutet
415 238 93 24 grundas;
523 237 111 19 bestämme
647 236 38 19 ock
699 239 32 16 om
746 237 60 18 rätte-

65 261 178 26 gångskostnaden.
272 263 27 18 Är
318 261 111 26 någondera
449 267 69 22 parten
535 263 47 19 med
598 264 85 24 utslaget
699 262 103 25 missnöjd,

66 288 47 19 söke
128 287 81 26 ändring
223 288 41 20 deri
278 287 25 26 på
318 291 40 17 sätt
371 289 30 25 lag
415 295 32 13 om
462 289 99 20 tvistemål
576 290 86 25 stadgar.

405 341 10 26 $
433 343 31 19 23
498 350 51 10 rn
568 349 65 12 ren

119 379 64 21 Hafva
197 379 50 26 gode
260 381 47 18 män
321 379 60 20 saken
395 381 84 26 pröfvat,
494 382 49 25 gälle
557 382 30 19 för
596 381 46 20 dom
651 380 53 20 hvad
713 379 26 21 de
748 380 57 21 fleste

68 408 53 24 säga.
150 406 134 21 Ordföranden
298 405 85 21 afkunne
397 407 5 18 i
417 407 24 20 de
454 409 71 25 öfriges
535 410 83 18 närvaro
627 408 87 20 beslutet
722 407 31 20 för
760 413 46 20 par-

68 435 62 24 terne,
151 436 46 17 utan
214 435 29 17 att
259 433 69 19 skälen
342 433 63 20 dertill
420 435 84 20 behöfva
517 436 113 25 uppgifvas;
645 434 63 20 varde
721 434 34 19 det
768 433 38 20 ock

67 459 135 27 upptecknadt
222 460 39 19 och
277 460 22 19 af
312 459 51 26 gode
379 463 84 18 männen
481 462 156 19 underskrifvet.
666 460 56 21 Hvad
735 461 26 20 de
775 459 31 22 så-

68 487 60 20 lunda
142 487 86 20 beslutat
242 486 49 23 skall
305 486 27 20 till
347 488 130 21 efterrättelse
492 489 63 24 lända,
571 491 47 17 utan
633 490 28 17 att
674 487 82 26 ändring
764 487 42 20 deri

68 514 59 19 sökas
149 512 42 21 mä.
220 512 56 21 Gode
296 514 83 19 männen
400 515 109 20 bestämme
526 516 38 19 ock
581 521 31 14 om
630 515 58 19 deras
708 513 98 27 tidspillan

69 541 38 20 och
121 539 129 21 resekostna!
266 539 61 26 jemte
341 541 60 26 öfriga
416 541 20 20 af
449 542 137 25 förrättningen
600 541 111 20 föranledda
726 542 79 25 utgifter

69 567 55 20 skola
138 567 68 26 gäldas
221 567 20 19 af
253 568 73 19 endera
341 571 67 22 parten
423 574 67 14 ensam
506 567 51 22 eller
567 569 20 19 af
599 569 63 24 bägge
676 571 128 22 gemensamt,

68 593 6 20 i
87 594 77 20 hvilket
177 593 123 21 sistnämnda
315 594 30 20 fall
356 594 133 27 fördelningen
499 595 45 20 dem
554 595 82 20 emellan
646 595 58 19 äfven
713 594 48 20 bör
754 589 9 36 i
771 594 35 20 do-

68 626 46 21 men
128 622 91 19 utsättas.
248 621 65 20 Anser
327 621 36 19 den
378 622 200 26 betalningsskyldige
593 621 37 20 den
639 621 76 20 'honom
725 620 81 21 sålunda

68 647 68 26 älagda
150 648 143 24 ersättningens
307 647 72 26 belopp
393 649 6 18 i
408 648 63 27 någon
481 649 31 20 del
522 655 47 13 vara
579 648 135 24 öfverdrifvet,
725 647 32 20 mä
767 648 39 19 hän

68 675 82 19 rättelse
165 674 43 19 deri
226 674 48 20 söka
291 675 37 19 hos
345 675 127 20 underrätten
486 675 4 20 i
506 677 56 18 orten
576 675 50 20 efter
639 674 106 25 stemning,
762 679 44 14 som

68 701 53 19 inom
135 707 25 13 en
174 699 71 22 månad
260 702 5 18 i
280 701 45 20 stad
339 702 37 19 och
391 702 26 19 till
431 704 56 17 nästa
500 702 41 25 ting
555 701 11 20 å
580 701 66 20 landet
655 699 34 22 bör
699 699 107 27 behörigen

68 727 36 26 ägä
126 727 44 25 den,
192 728 61 19 hvars
274 728 205 25 ersättningsanspräk
493 728 37 20 han
544 728 80 20 klandra
637 728 40 24 vill;
693 727 37 20 och
745 726 61 27 gänge

67 754 84 20 dermed
165 754 60 20 sedan
240 753 69 21 såsom
322 754 48 20 med
383 757 58 18 annat
454 754 107 21 tvistemål.

406 807 9 26 $
433 809 32 19 24.

120 846 45 20 Will
180 844 62 27 nägon
256 845 57 25 klaga
325 845 92 20 deröfver
427 848 28 17 att
463 845 125 26 vederbörlig
597 845 96 25 stämning
702 845 47 20 eller
758 845 48 19 kun-

68 873 79 24 görelse
160 871 45 20 icke
220 871 84 26 föregätt
317 872 52 19 valet
383 871 19 20 af
415 872 50 25 gode
479 874 51 23 män,
547 873 47 18 eller
607 874 28 17 att
648 872 34 19 vid
696 871 110 20 detsamma

67 898 18 25 ej
101 898 21 19 sä
136 897 77 26 tillgätt,
230 903 45 14 som
289 898 59 19 ofvan
362 898 89 26 stadgadt
465 900 28 23 är,
509 899 38 18 den
561 899 50 18 talan
625 897 39 26 mä,
680 898 62 19 sedan
757 897 49 26 gode

67 926 97 19 männens
181 925 67 21 beslut
265 924 65 23 blifvit
342 925 64 21 enligt
422 924 10 25 $
449 925 25 19 23
489 925 113 24 afkunnadt,
617 925 6 18 i
637 924 102 20 Hofrätten
753 925 53 18 föras

67 957 71 20 genom
158 951 79 24 besvär,
261 951 54 18 inom
332 951 25 19 den
389 950 22 21 fid
427 952 10 18 5
452 951 10 24 $
476 952 25 19 25
515 951 80 24 kapitlet
608 950 199 26 Rättegängs-balken

69 977 135 20 föreskrifver.
233 977 86 20 Warder
333 977 38 19 den
384 978 51 19 talan
451 978 64 25 gillad,
526 975 75 22 förfalle
610 978 23 19 all
643 977 75 19 verkan
728 977 21 19 af
756 976 50 25 gode

68 1005 96 19 männens
178 1003 72 26 beslut,
267 1003 21 20 sä
303 1003 42 20 vidt
359 1004 33 19 det
404 1003 120 26 klagandens
538 1005 39 18 rätt
590 1005 62 24 rörer,
668 1004 38 18 och
715 1003 93 19 förordne

66 1031 102 20 Hofrätten
186 1031 26 19 till
229 1032 44 24 nytt
290 1030 30 19 val
336 1030 21 19 af
368 1030 49 26 gode
431 1032 52 18 män.
512 1029 23 27 Ej
551 1029 32 20 mä
597 1031 102 20 Hofrätten
713 1029 25 21 till
754 1029 52 26 pröf-

65 1056 52 26 ning
127 1059 84 23 upptaga
227 1056 34 26 jäf,
281 1062 44 14 som
342 1056 44 20 icke
402 1057 33 19 vid
450 1058 53 19 valet
516 1057 49 19 inför
580 1057 131 19 Underrätten
724 1058 80 44 jopas.

66 1084 9 19 1
91 1084 114 20 Hofrättens
222 1084 65 24 utslag
305 1082 31 20 mä
351 1083 82 25 ändring
448 1084 65 25 sökas,
530 1082 24 27 pä
569 1084 39 18 sätt
622 1084 24 19 18
661 1083 11 25 $
685 1083 26 19 30
740 1082 66 26 kapitlet

66 1110 86 20 nämnde
165 1109 45 21 balk
224 1109 87 25 stadgar.

406 1162 10 26 $
432 1163 33 19 25.

121 1197 26 24 Är
160 1202 43 23 part
217 1199 17 26 ej
249 1200 30 20 för
293 1199 68 20 Rätten
376 1200 94 20 tillstädes
485 1202 34 18 när
528 1200 51 26 gode
588 1201 45 18 män
643 1199 68 25 väljas,
724 1200 38 18 och
772 1199 33 20 vill

67 1227 61 19 sedan
142 1228 43 19 visa
200 1228 27 18 att
243 1226 39 20 han
297 1225 24 21 dä
336 1227 42 19 haft
391 1228 41 24 laga
446 1227 60 19 förfall
522 1227 39 19 och
576 1225 16 25 ej
607 1226 73 19 kunnat
694 1226 33 19 det
736 1226 70 19 Rätten

67 1253 95 26 kungöra,
178 1252 70 21 stände
262 1254 73 18 honom
349 1254 41 18 fritt
404 1256 33 23 att,
453 1254 52 19 inom
521 1260 25 13 en
561 1252 70 20 mänad
646 1252 92 25 derefter,
755 1251 10 19 ä
775 1252 31 19 sin

67 1280 107 26 vederpart
194 1279 27 20 till
243 1284 75 15 samma
339 1280 45 19 Rätt
404 1282 66 23 uttaga
485 1280 104 25 stämning.
618 1279 62 19 Gitter
693 1280 38 18 han
746 1278 60 20 sedan

68 1306 129 26 bevisningen
211 1306 88 26 fullgöra,
315 1306 76 20 förfalle
403 1307 50 26 gode
462 1308 95 18 männens
571 1306 71 25 beslut,
656 1304 65 21 sävidt
730 1304 33 20 det
772 1304 33 22 kä-

65 1333 86 20 randens
165 1335 39 18 rätt
219 1333 63 25 rörer,
299 1332 38 20 och
352 1332 39 21 låte
404 1334 69 19 Rätten
487 1333 50 25 gode
551 1334 46 19 män
611 1332 50 26 ånyo
676 1331 68 25 väljas.

404 1386 10 25 $
432 1386 32 20 26.

118 1418 66 18 Tvista
198 1423 66 19 egare,
281 1418 207 24 inteckningshafvare
503 1418 47 18 eller
564 1417 60 19 andra
638 1422 33 13 om
680 1416 126 19 förmänsrätt
