995 1778
398 103 71 23 Nådiga
479 105 140 22 Propositionen
631 103 36 18 N:o
679 104 28 17 15.

394 154 42 19 eller
457 153 45 20 svår
517 153 130 26 försummelse
667 152 59 20 vållat
744 155 32 18 sitt
788 155 73 24 fosters
883 153 45 24 död,

394 181 74 25 straffes
483 181 42 19 med
539 182 73 18 tukthus
621 181 48 25 från
684 181 33 19 och
731 181 42 18 med
787 188 35 12 sex
838 181 91 20 månader

394 209 26 19 till
435 209 33 19 och
482 209 43 18 med
539 212 27 16 tre
580 208 23 19 år
617 209 44 19 eller
674 209 42 18 med
729 209 87 25 fängelse
829 209 48 26 från
895 209 33 20 och

394 236 41 20 med
450 239 26 17 tre
491 236 90 20 månader
595 236 26 20 till
635 237 33 19 och
682 236 42 20 med
739 236 30 20 två
784 237 28 20 år.

452 265 13 18 4
479 264 22 26 f.
531 265 42 19 Har
580 265 81 25 qvinnan
671 264 41 20 sökt
722 265 88 24 enslighet
818 265 32 20 vid
855 265 75 26 födseln

395 293 33 19 och
443 292 80 21 sålunda
538 293 81 25 beröfvat
634 293 27 25 sig
677 293 70 26 tillfälle
762 295 27 18 att
806 293 70 20 erhålla
895 293 36 20 den

396 321 47 26 hjelp
460 322 33 19 och
507 321 121 23 omvårdnad,
644 327 39 13 som
693 322 35 25 för
740 322 58 19 henne
811 322 32 19 vid
851 323 79 24 förloss-

396 351 67 23 ningen
477 356 34 12 var
525 350 23 24 af
559 349 66 23 nöden,
641 349 33 19 och
688 349 38 25 blef
738 349 74 20 barnets
828 350 42 23 död,
885 353 47 16 utan

397 378 67 18 hennes
478 375 76 27 uppsåt,
569 376 83 20 orsakad
666 378 24 24 af
700 377 31 19 det
744 377 88 26 hjelplösa
843 377 88 24 tillstånd,

397 406 53 18 hvari
465 406 36 19 hon
515 405 80 19 sålunda
609 405 45 25 sjelf
665 406 29 25 sig
702 406 80 25 försatt,
800 406 58 19 varde
878 406 55 19 dömd

398 433 26 19 till
433 434 88 25 fängelse
531 432 47 27 från
595 434 34 19 och
642 434 42 18 med
699 433 30 20 två
745 434 27 19 till
786 434 33 19 och
838 434 43 19 med
899 440 35 14 sex

398 460 95 21 månader.

455 491 13 17 5
483 489 22 26 f.
534 489 43 19 Har
591 490 75 25 qvinna,
676 496 40 13 som
723 490 24 24 af
752 490 60 24 oloflig
820 489 115 21 beblandelse

398 519 49 18 varit
461 518 99 24 hafvande,
575 516 12 20 &
603 518 30 18 lön
651 517 38 26 lagt
707 518 43 18 eller
768 519 75 19 förstört
861 519 32 18 sitt
901 518 32 26 fo-

399 549 43 20 ster,
457 548 47 16 utan
519 548 28 16 alt
560 545 75 19 utredas
651 545 70 20 kunnat
736 552 28 13 om
775 546 102 19 detsamma
893 546 39 26 blif-

400 576 25 18 vit
442 574 42 19 med
503 574 24 25 lif
537 573 99 26 framfödt,
655 574 44 19 eller
716 574 24 25 e&,
764 574 74 25 straffes
853 575 81 25 gvinnan

400 602 42 20 med
450 602 87 26 fängelse
545 601 48 25 från
603 602 34 19 och
646 602 42 19 med
698 608 22 13 en
729 602 71 20 månad
814 602 27 20 till
850 602 33 20 och
893 602 42 20 med

401 633 24 17 ett
439 630 23 19 år
475 630 45 20 eller
533 630 50 19 böter
591 629 49 26 från
657 630 34 20 och
708 631 42 19 med
762 632 74 24 fyratio
857 631 26 19 til
901 631 34 19 och

400 659 41 19 med
450 658 121 26 fyrahundra
586 658 60 22 mark,
662 658 33 20 och
710 658 42 24 den,
768 666 40 12 som
822 659 27 19 till
861 660 74 24 gernin-

399 694 36 18 gen
449 686 43 20 rådt
507 687 43 19 eller
564 686 63 25 hulpit,
643 686 22 20 så
680 689 28 17 att
722 687 36 19 den
767 687 104 25 derigenom
881 686 53 24 skett,

401 715 42 18 med
450 715 88 25 fängelse
546 713 48 26 från
609 714 34 19 och
656 714 42 19 med
713 714 30 19 två
757 714 91 19 månader
862 715 26 18 till
902 715 34 19 och

402 743 40 18 med
457 743 30 19 två
502 742 23 19 år
539 742 42 19 eller
595 741 52 20 böter
654 741 48 27 från
717 743 34 18 och
769 742 42 20 med
830 743 60 19 sextio
911 743 25 19 till

402 771 33 19 och
449 771 42 19 med
505 769 108 20 sexhundra
628 770 59 19 mark.

461 799 66 18 Kan
515 794 15 35 i
547 798 54 19 dessa
610 798 39 25 fall
667 801 83 20 utrönas,
770 801 28 16 att
810 799 70 25 fostret
899 805 36 13 om-

402 827 75 19 kommit
491 829 46 16 utan
551 825 84 20 modrens
649 825 97 24 vållande,
762 827 43 18 eller
819 829 27 16 att
861 826 30 20 det
904 833 31 12 va-

403 856 24 17 rit
441 855 82 25 dödfödt,
540 854 42 19 eller
596 853 22 19 så
633 853 117 27 ofullgånget,
766 857 28 16 att
808 855 30 19 det
856 854 17 26 ej
891 855 45 19 kun-

404 885 33 17 nat
450 883 42 19 med
506 883 23 24 lif
539 881 110 26 framfödas,
668 883 74 25 straffes
762 883 82 26 qvinnan
856 883 36 25 för
910 883 26 19 lä-

402 911 98 25 gersmålet
514 911 66 19 allena.

461 940 14 19 6
489 938 22 27 f.
542 938 76 26 Nyttjar
636 940 74 24 gvinna,
730 945 40 13 som
789 940 24 25 af
828 939 61 26 oloflig
908 939 29 19 be-

404 967 93 20 blandelse
511 967 57 26 blifvit
582 967 99 25 hafvande,
697 969 7 17 i
718 968 57 25 afsigt
789 969 28 18 att
831 967 50 19 döda
896 967 42 19 eller

398 996 95 25 fördrifva
507 997 32 18 sitt
547 995 67 25 foster,
631 997 80 18 invärtes
726 996 44 19 eller
782 997 82 18 utvärtes
873 995 65 23 medel,

404 1030 39 13 som
458 1024 38 19 kan
510 1023 56 27 hafva
580 1022 61 21 sådan
655 1023 76 24 verkan,
750 1024 58 19 varde
828 1023 61 24 dömd,
909 1029 29 14 om

398 1052 71 24 fostret
483 1053 6 17 i
498 1052 51 24 följd
564 1051 55 27 deraf
631 1052 80 18 kommer
725 1054 46 16 utan
786 1052 22 25 lif
825 1051 43 19 eller
887 1051 51 25 ofull-

402 1078 69 27 gånget
479 1080 60 24 fram,
556 1079 25 19 till
596 1080 74 19 tukthus
681 1078 49 26 från
750 1080 33 19 och
801 1079 42 19 med
863 1078 30 20 två
913 1079 26 19 till

404 1108 33 19 och
451 1108 42 19 med
507 1114 35 13 sex
556 1106 27 24 år,
599 1114 42 13 men
655 1113 29 14 om
699 1106 61 21 sådan
772 1106 74 27 påföljd
859 1107 40 20 icke
911 1108 27 18 in-

405 1137 73 24 träffar,
495 1136 25 19 till
531 1136 87 25 fängelse
631 1134 48 27 från:
699 1135 33 26 och
749 1136 41 19 med
810 1134 30 21 två
860 1135 26 20 till
905 1135 33 20 och

405 1165 42 18 med
461 1170 34 13 sex
509 1163 94 20 månader.

463 1193 11 18 7
489 1192 22 26 f.
541 1192 48 23 Den,
604 1199 46 16 som,
665 1192 42 19 med
721 1193 91 24 gvinnans
826 1192 51 25 vilja,
893 1197 45 20 upp-

404 1221 79 25 sätligen
497 1221 58 19 dödat
573 1221 43 19 eller
629 1221 97 25 fördrifvit
744 1220 68 19 hennes
825 1221 68 24 foster,
912 1219 26 26 pä

404 1252 38 17 sätt
460 1251 2 16 i
477 1249 14 18 6
505 1249 14 26 &
534 1252 60 23 säges,
610 1249 75 24 straffes
700 1248 41 19 med
761 1249 73 18 tukthus
843 1247 48 27 från
905 1249 34 18 och

405 1277 41 20 med
461 1280 26 16 tre
503 1278 25 19 till
543 1277 32 20 och
589 1277 42 19 med
645 1276 40 20 åtta
699 1276 28 19 är.
756 1276 99 20 Stadnade
863 1278 73 24 gernin-

403 1312 36 19 gen
453 1305 30 19 vid
491 1305 75 25 försök,
577 1305 74 20 ädömes
663 1305 131 25 tukthusstraff
795 1303 48 27 frän
853 1305 33 19 och
895 1304 42 20 med

405 1332 30 19 tvä
449 1332 91 19 mänader
555 1333 26 19 till
595 1333 33 18 och
643 1333 41 18 med
699 1331 30 20 tvä
744 1332 28 19 är.

463 1360 41 19 Har
518 1360 67 25 nägon,
601 1361 6 17 i
621 1359 69 26 uppsät
704 1362 28 16 att
745 1359 98 20 medverka
853 1359 26 19 till
887 1360 51 25 fost-

404 1391 37 16 rets
456 1387 85 20 dödande
547 1383 52 34 eller
602 1387 137 26 fördrifvande,
750 1387 80 20 allenast
840 1387 97 20 tillhanda-
