1023 1817
287 116 71 22 Nådiga
370 117 140 23 Propositionen
523 118 37 18 N:o
572 119 28 17 12.
784 116 34 24 226

140 165 41 19 8:0.
210 165 73 26 Anslag
298 166 10 20 ä
323 165 101 27 skampäle
439 172 32 14 om
486 168 121 26 förbrytares
620 172 59 16 namn
693 168 48 20 eller
755 168 61 22 brott.

140 192 41 19 9:0.
210 192 122 25 Kungörelse
347 193 5 19 i
366 192 64 27 kyrka
444 200 33 13 om
490 194 81 20 ädömdt
584 194 63 20 straff.

127 218 54 19 10:0.
210 219 130 25 Vanhederlig
354 218 121 27 begrafning.

126 245 54 19 11:0.
209 245 142 20 Smäleskrifts
364 245 156 26 uppbrännande
534 246 21 20 af
567 246 140 25 skarprättare.

126 271 53 19 12:0.
208 271 89 26 Offentlig.
310 271 64 20 albön.

124 297 54 19 13:0.
207 298 74 19 Arbete
294 298 6 19 i
314 297 91 24 halsjern.

124 323 54 20 14:0.
207 323 149 27 Hudstrykning
370 325 20 18 af
402 324 64 20 bödel.

124 350 54 19 15:0.
207 350 39 25 Spö
261 351 47 19 eller
321 350 35 20 ris.

124 377 54 19 16:0.
206 377 105 26 Gatulopp.

124 403 54 20 17:0.
207 404 99 25 Fängelse
315 403 34 20 vid
363 406 67 18 vatten
444 404 38 19 och
497 405 56 24 bröd,
569 404 46 20 med
625 403 135 22 bibehållande
769 405 45 20 der-

70 429 20 20 af
102 429 82 20 allenast
198 429 66 20 såsom
278 435 36 20 aga
328 431 6 18 i
348 430 89 25 tukthus,
454 431 87 26 fängelse
555 431 40 20 och
608 434 71 17 arrest.

124 457 54 19 18:0.
207 457 91 26 Mistning
318 457 22 20 af
358 457 122 26 förbrytares
501 458 42 19 lösa
565 457 36 20 och
621 458 60 24 fasta,
699 458 49 19 eller
764 459 50 19 blott

70 483 41 20 lösa
125 483 57 25 gods.

123 509 25 20 70
162 510 17 25 $.
208 510 8 19 1
230 510 64 20 stället
308 511 28 18 för
350 509 25 20 de
390 511 5 18 i
408 511 56 24 lagen
478 510 93 26 stadgade
586 509 82 21 svårare
680 510 132 25 arbetsstraff,

69 535 105 26 nemligen:
192 536 68 20 arbete
274 535 10 20 å
299 537 47 19 slott
359 537 48 19 eller
421 537 83 26 fästning
518 537 47 20 eller
580 537 6 19 i
600 537 89 20 Kronans
700 537 77 25 smedja
787 538 27 19 el-

69 563 29 19 ler
114 562 6 19 i
137 563 83 19 tukthus
238 563 46 20 eller
302 564 106 25 spinnhus,
426 564 99 25 begagnas
545 563 42 20 dels
608 563 83 20 tukthus
711 564 39 19 och
770 564 43 20 dels

69 590 96 25 fängelse;
181 595 46 14 men
241 590 75 25 arbete,
333 590 76 20 hvartill
425 591 55 19 böter
495 591 32 20 vid
541 589 102 20 bristande
657 589 78 26 tillgång
748 590 65 19 kunna

70 615 108 26 förändras,
194 617 85 19 ersättes
293 621 71 20 genom
378 619 71 18 arrest.

123 643 22 18 71
162 643 17 25 $.
209 643 190 26 Fästningsfängelse
412 645 48 18 utan
475 643 68 20 arbete
557 646 112 17 motsvaras
683 643 21 20 af
716 646 73 17 arrest.

124 669 24 19 72
163 669 17 25 $.
209 669 72 20 Enkelt
294 670 86 25 fängelse
395 672 112 17 motsvaras
521 670 22 20 af
554 672 71 17 arrest.

422 741 40 20 III.

202 780 65 28 Öfriga
278 784 91 20 allmänna
380 784 82 25 grunder
472 784 32 20 för
515 790 23 14 en
549 789 26 19 ny
587 784 92 24 strafflag.

122 826 24 20 73
161 826 18 25 $.
208 826 41 19 Den
266 831 39 20 nya
321 824 161 27 brottmälslagen
498 828 85 23 upptage
600 826 71 19 främst
687 824 73 21 sådana
780 826 34 21 all-

68 854 71 18 männä
155 852 155 25 bestämningar,
330 857 43 14 som
390 852 82 20 hänföra
489 852 29 26 sig
535 852 26 20 till
579 852 78 19 brotten
673 852 5 19 i
699 852 113 25 allmänhet,

69 882 52 17 samt
134 879 86 20 derefter
234 878 105 26 straffbud,
355 878 29 20 för
398 878 25 20 de
437 878 97 20 särskilda
548 879 85 19 brotten.

124 906 24 19 74
162 905 16 25 $.
209 905 28 19 De
254 905 97 19 allmänna
368 905 171 25 bestämningarne
555 904 55 20 skola
627 904 90 20 innefatta
734 904 19 25 ej
767 905 47 19 alle-

68 934 44 17 nast
126 932 94 19 allmänna
234 931 122 19 föreskrifter
370 936 33 15 om
418 931 139 25 straffarterna,
569 933 46 17 utan
625 931 57 19 äfven
693 930 121 26 stadganden

69 964 33 14 om
115 957 84 25 följande
212 959 80 18 ämnen:

123 985 40 19 1:0.
192 984 38 19 Om
243 985 107 23 gränserna
364 983 29 20 för
407 983 124 26 straflagens
545 983 130 25 tillämpning:

122 1010 18 26 a)
155 1010 5 19 i
176 1009 94 21 afseende
284 1009 10 20 å
309 1010 120 25 handlingar,
445 1016 44 13 som
503 1009 18 26 ej
535 1011 34 18 äro
584 1010 5 19 i
601 1008 160 27 brottmälslagen
771 1014 43 14 om-

69 1036 73 25 talade;

122 1064 20 24 b)
158 1064 5 19 i
177 1062 93 20 afseende
284 1062 11 20 ä
309 1063 59 25 brott,
384 1068 45 14 som
443 1064 34 18 äro
492 1062 101 26 begångna
607 1064 56 18 utom
677 1062 90 24 Finland,
787 1061 27 20 el-

69 1090 29 20 ler
110 1090 22 20 af
143 1089 112 26 utländning
269 1089 7 19 i
290 1089 85 20 Finland.

122 1117 40 19 2:0.
192 1116 38 19 Om
244 1115 136 20 tillräknandet
394 1116 21 19 af
427 1115 62 19 brott:

123 1142 19 25 a)
157 1143 5 18 i
176 1142 94 19 afseende
284 1141 12 20 å
310 1141 102 20 föremålet
426 1141 93 26 (verkligt
535 1135 82 36 förment
626 1135 76 36 brott);

120 1169 22 24 b)
157 1169 4 18 i
177 1168 93 20 afseende
284 1167 12 20 å
310 1167 74 20 medlet
398 1167 89 26 (tjenligt,
504 1166 103 27 otjenligt);

122 1195 18 25 c)
156 1195 5 19 i
175 1195 93 19 afseende
283 1193 11 20 ä
309 1193 69 26 viljan:

121 1221 31 25 aa)
168 1220 77 26 uppsåt,
263 1219 99 26 vållande;

121 1247 35 25 bb)
171 1247 49 25 skäl,
236 1253 44 14 som
296 1247 100 25 upphäfva
414 1247 153 20 straffbarheten
585 1245 133 27 (barnaålder,
738 1246 77 19 sinnes-

69 1274 104 27 rubbning,
189 1273 89 20 nödvärn
292 1279 18 14 o.
326 1279 17 15 s.
360 1273 40 25 v.);

123 1301 32 25 ce)
170 1301 49 24 skäl,
235 1306 45 14 som
293 1300 100 20 föranleda
407 1300 145 25 straflmildring
567 1299 161 26 (ungdomsäller
737 1305 28 12 m.
777 1298 36 24 m.)

122 1327 34 25 dd)
172 1327 48 24 skäl,
233 1333 43 14 som
286 1326 98 20 föranleda
393 1327 163 25 straffskärpning
567 1325 82 26 (återfall
659 1326 5 19 i
674 1326 79 19 brott
761 1323 53 25 o.s.v.)

122 1354 41 19 3:0.
192 1353 38 20 Om
245 1353 66 20 försök
326 1353 25 20 till
366 1354 60 19 brott.
551 1352 11 5 -

121 1382 42 18 4:0.
192 1381 38 18 Om
244 1379 120 26 delaktighet
378 1380 5 19 i
397 1380 61 19 brott.

122 1407 40 20 5:0.
191 1407 38 20 Om
243 1406 111 26 grunderna
368 1406 30 20 för
409 1406 91 25 straffets
516 1405 101 21 mätande:
729 1430 25 21 äg
