1014 1784
273 130 71 23 Nådiga
355 132 140 23 Propositionen
507 132 36 18 N:o
556 134 16 17 1.
778 136 20 18 21

61 178 36 20 bör
110 178 59 20 blifva
183 184 54 14 mera
251 180 118 26 oberoende,
385 183 24 18 än
424 182 92 25 hitintills,
533 182 5 19 i
554 183 51 19 valet
618 184 21 18 af
652 184 64 23 make;
729 185 71 20 hvare-

61 207 41 27 mot
115 205 26 19 de
155 205 150 27 bestämningar,
322 208 55 20 hvari
392 208 86 21 Stånden
492 209 50 19 varit
556 210 21 18 af
588 209 51 20 olika
649 210 107 26 meningar,
766 213 33 18 äro

58 232 145 24 jemförelsevis
223 232 156 22 underordnade.
399 235 100 19 Utskottet
512 235 36 19 har
561 236 78 18 derföre
654 237 51 19 velat
719 237 78 25 föreslå,

60 259 28 17 att
101 258 38 19 den
153 258 87 20 önskade
255 259 213 27 sammanjemkningen
482 261 63 19 skulle
559 262 37 18 ske
612 261 24 25 på
653 262 145 21 nedannämnda

59 284 46 19 sätt.

113 309 29 20 Då
157 316 24 14 en
195 309 75 27 afgjord
285 311 97 25 pluralitet
396 312 104 20 förefinnes
514 312 100 26 angående
628 314 32 19 det
678 314 121 20 hufvudsak-

59 335 37 26 liga
109 336 104 20 innehållet
228 337 21 19 af
261 338 10 18 4
286 337 17 25 $,
320 337 21 19 så
356 337 61 21 borde
430 338 64 21 denna
507 339 104 26 paragraf
603 331 11 38 i
622 340 85 25 enlighet
716 340 82 21 dermed

59 362 66 20 uttala:
141 365 28 17 att
183 364 39 24 mö,
238 368 45 14 som
296 364 42 25 fyllt
352 364 72 20 femton
438 364 32 26 år,
486 366 63 19 skulle
565 366 59 19 hafva
638 366 56 19 makt
710 369 28 17 att
752 367 46 20 råda

59 388 55 20 öfver
127 388 40 26 det,
183 390 39 18 hon
237 388 46 26 sjelf
295 390 99 20 förvärfva
408 391 45 24 kan;
469 394 28 17 att
511 392 39 19 hon
563 392 34 19 vid
607 391 84 32 tjuguett
701 392 33 20 års
744 392 54 22 ålder

60 414 62 20 skulle
136 421 35 20 ega
185 417 39 18 rätt
237 418 28 17 att
279 417 33 19 allt
325 417 33 19 sitt
372 417 48 25 gods
434 418 80 25 förestå,
530 418 35 20 der
575 418 37 19 hon
625 424 21 14 så
656 418 94 21 åstundar
760 421 38 19 och

59 440 69 21 sådant
142 442 29 19 för
188 443 70 18 Rätten
275 443 92 24 anmäler;
385 445 28 17 att
429 443 77 26 qvinna,
529 450 43 13 som
593 445 43 25 fyllt
656 444 95 26 tjugufem
768 445 28 26 år,

59 467 64 20 skulle
136 470 46 17 utan
197 469 36 19 slik
248 469 88 19 anmälan
354 475 46 14 vara
417 470 88 26 myndig,
523 476 45 14 men
586 473 37 23 alt,
642 477 33 14 om
692 472 38 19 hon
746 472 51 19 dock

59 494 60 20 hellre
134 495 43 20 ville
192 495 175 26 förmyndarevård
380 495 61 26 njuta,
457 497 69 19 Rätten
540 497 64 19 skulle
618 503 35 20 ega
667 499 35 24 att,
714 497 25 26 på
751 499 47 19 hen-

57 526 36 14 nes
107 521 91 26 begäran,
214 522 69 19 derom
296 522 98 20 förordna.

111 547 69 20 Likaså
195 549 39 18 och
248 549 63 18 ehuru
325 548 49 20 blott
388 548 33 20 två
436 549 60 20 Stånd
510 550 69 19 uttalat
596 550 30 25 sig
643 551 29 18 för
686 553 28 17 ett
728 550 69 21 sådant

57 573 65 27 tillägg
139 575 25 19 till
182 575 121 19 sistnämnda
319 575 132 26 bestämning,
470 579 28 16 att
514 577 70 19 Rätten
602 577 62 19 skulle
684 576 60 27 åligga
764 583 33 14 om

58 600 274 27 förmyndare-förordnandet
345 601 147 27 vederbörligen
507 603 96 25 kungöra,
622 608 58 15 anser
696 603 101 20 Utskottet

58 627 35 26 sig,
109 628 5 19 I
128 627 38 20 den
181 628 93 19 allmänna
288 628 101 20 kreditens
404 629 91 25 intresse,
509 629 46 20 böra
566 629 78 20 förorda
654 630 61 19 sagde
725 630 68 25 tillägg.

57 654 28 25 Ty
99 659 33 15 om
146 654 59 26 ogifta
220 654 82 25 qvinnor
316 655 64 19 blefve
394 655 120 26 berättigade
528 658 27 17 att
569 655 32 20 vid
617 655 41 20 viss
673 656 55 20 ålder
738 657 58 19 blifva

57 681 92 26 myndiga
163 681 39 19 och
215 680 127 20 omhänderfå
360 681 41 19 sina
418 687 48 19 egna
484 682 78 24 affärer,
581 687 44 14 men
642 682 86 20 derefter
746 682 50 27 ånyo

58 706 65 21 kunde
137 707 66 20 ställas
218 707 62 20 under
293 707 182 26 förmyndarevård,
489 711 44 16 utan
544 710 28 17 att
582 707 69 21 sådant
666 709 66 19 blefve
748 709 49 19 kun-

58 732 72 26 gjordt,
141 733 22 20 så
171 734 63 19 skulle
248 733 83 26 mången
341 739 72 20 person
424 734 63 20 ibland
498 735 135 25 allmänheten,
646 741 43 13 som
699 734 24 26 på
734 736 62 25 grund

58 760 21 19 af
91 760 94 25 gvinnors
200 759 5 19 i
219 760 30 25 lag
264 760 94 25 stadgade
371 760 115 26 -myndighet
498 760 61 20 inlåtit
574 761 29 25 sig
613 761 4 19 i
628 761 44 20 aftal
684 761 46 20 med
741 761 54 26 dem,

58 785 65 20 kunna
136 786 43 19 utaf
192 791 23 14 en
229 787 48 19 eller
293 792 61 14 annan
371 787 99 26 bedräglig
484 787 77 25 qvinna,
584 787 78 20 hvilken
687 787 42 20 låtit
745 787 51 26 ånyo

51 811 62 22 ställa
130 813 30 26 sig
176 813 61 19 under
254 813 174 31 förmynderskap,
447 814 82 19 förledas
546 816 29 16 att
594 813 42 26 ingå
658 813 72 20 sådana
750 815 44 19 aftal

58 839 46 20 med
118 839 71 25 henne,
204 839 72 25 hvilka,
293 841 67 18 såsom
374 840 96 20 afslutade
484 840 45 19 med
544 840 92 25 omyndig
649 845 82 20 person,
746 839 50 26 jem-

58 865 35 20 likt
107 865 67 26 Kongl.
190 865 143 20 Förordningen
347 865 38 20 den
400 866 10 19 7
425 867 44 18 Juni
487 867 60 23 1749,
567 867 63 18 skulle
646 867 61 18 sakna
724 867 72 19 förbin-

58 891 63 21 dande
135 892 52 20 kraft
200 893 38 18 och
252 891 78 21 således
343 892 88 20 medföra
448 893 68 19 förlust
529 893 57 19 äfven
604 893 29 19 för
649 892 45 25 den,
712 898 44 14 som
771 893 23 25 på

57 918 38 26 god
109 921 30 16 tro
153 918 61 20 inlåtit
227 918 29 26 sig
269 919 6 18 i
289 918 71 20 affärer
373 919 46 19 med
433 920 69 18 henne.

110 944 121 20 Beträffande
244 945 11 19 2
271 945 10 25 $
295 944 105 20 förefinnes
415 946 29 18 väl
459 946 44 18 icke
516 944 62 26 någon
592 944 76 27 afgjord
682 946 112 24 pluralitet
785 940 13 35 i

57 971 54 26 fråga
125 977 34 13 om
173 970 235 26 detaljbestämningarne.
424 972 43 25 Men
481 971 24 20 då
520 972 35 18 alla
566 971 85 20 Stånden
660 973 34 18 äro
705 977 48 14 ense
762 978 34 13 om

57 997 70 26 sjelfva
142 997 150 25 hufvudfrågan,
309 998 47 19 eller
369 1000 28 17 att
410 998 83 24 qvinnas
506 998 99 19 beroende
618 998 21 19 af
650 998 93 25 giftomän
760 998 36 20 bör

57 1024 123 25 inskränkas,
197 1026 51 16 samt
261 1026 31 17 tre
305 1023 68 25 Stånd,
389 1024 47 19 eller
450 1024 143 25 Ridderskapet
607 1024 38 19 och
656 1024 60 20 Adeln
729 1025 66 19 äfven-

57 1056 44 14 som
121 1051 94 25 Borgare-
232 1050 38 19 och
287 1050 148 20 Bondestånden
450 1049 71 26 jemväl
540 1053 65 16 ansett
623 1050 53 20 detta
696 1050 99 20 beroende

57 1076 47 20 böra
120 1076 31 20 vid
165 1077 44 19 viss
222 1076 55 20 ålder
291 1077 41 19 helt
346 1077 38 19 och
397 1076 59 20 hållet
470 1077 95 25 upphöra,
577 1078 63 18 ehuru
651 1076 144 21 Bondeståndet

57 1103 4 19 i
75 1103 54 26 fråga
144 1109 33 13 om
190 1102 109 20 åldersåret
312 1102 59 26 något
387 1103 75 19 afviker
476 1102 49 28 ifrån
542 1102 25 20 de
584 1104 62 25 begge
662 1103 59 19 andra
738 1103 51 20 Stån

56 1130 44 25 den,
116 1130 22 19 så
153 1130 36 19 har
205 1130 105 23 Utskottet,
326 1130 46 18 enär
386 1130 57 18 äfven
458 1128 158 20 Prestaståndets
630 1128 50 26 åsigt
693 1129 60 25 ligger
770 1130 27 19 de

57 1156 119 20 sistnämnda
191 1156 62 25 begge
267 1154 97 21 Ståndens
378 1156 74 25 ganska
466 1157 52 23 nära,
535 1158 64 16 ansett
613 1155 29 25 sig
656 1156 48 18 böra
714 1156 79 25 föreslå,

57 1185 27 17 att
98 1184 12 18 2
125 1183 10 24 $
149 1182 64 20 skulle
226 1181 73 21 erhålla
313 1182 38 19 den
365 1182 21 19 af
398 1182 143 25 Ridderskapet
554 1183 38 18 och
607 1182 59 19 Adeln
683 1184 52 17 samt
749 1182 45 19 Bor-

56 1208 126 26 gareståndet
195 1208 102 26 godkända
311 1208 82 25 lydelse.
409 1208 7 19 I
430 1207 46 26 följd
490 1208 59 28 häraf
559 1208 63 19 skulle
631 1208 62 19 denna
705 1210 91 23 paragraf

57 1236 78 19 komma
149 1238 28 16 att
191 1234 75 26 stadga,
281 1234 35 20 det
329 1235 38 24 mö,
384 1240 43 14 som
440 1234 83 26 uppnått
537 1236 83 23 tjuguett
633 1233 33 20 års
676 1234 61 25 ålder,
749 1234 45 19 bor-

55 1262 26 19 de
96 1264 47 17 utan
160 1261 103 25 giftomans
281 1260 104 26 samtycke
402 1260 18 20 få
437 1260 43 26 ingå
497 1261 115 24 äktenskap;
631 1266 44 13 men
692 1263 28 16 att
738 1261 55 18 föräl-

56 1288 53 24 drar,
125 1290 53 17 emot
192 1287 77 19 hvilkas
285 1286 43 25 vilja
344 1288 38 18 hon
395 1287 75 25 inginge
484 1286 102 26 giftermål,
602 1286 63 20 skulle
675 1287 58 19 hafva
749 1286 44 20 våld

57 1317 28 17 att
98 1315 46 24 göra
159 1314 63 20 henne
235 1313 59 19 arflös
309 1314 4 18 i
328 1313 25 19 de
366 1314 38 23 fall,
426 1314 6 18 2
448 1313 10 25 $
472 1314 12 18 6
494 1313 44 25 kap.
552 1313 23 19 G.
588 1314 20 18 B.
621 1312 111 29 innehåller.
743 1314 51 27 Den-

55 1346 24 13 na
96 1339 121 20 sistnämnda
233 1339 123 25 bestämning
373 1340 36 18 har
426 1339 113 26 visserligen
557 1339 122 19 härförinnan
696 1339 45 19 icke
758 1339 35 19 till-

56 1367 67 19 vunnit
137 1367 29 25 sig
180 1365 156 21 Bondeständets
352 1365 136 26 godkännade,
507 1371 45 14 men
569 1367 22 18 är
606 1365 99 25 deremot,
724 1365 69 29 såsom

56 1393 35 20 här
104 1393 58 20 ofvan
177 1393 107 24 anmärkts,
301 1392 25 19 tili
342 1398 24 13 en
380 1392 30 20 del
425 1392 111 25 medgifven
550 1393 20 18 af
579 1391 154 25 Prestaständet,
744 1391 49 20 hvil-

55 1419 34 19 ket
104 1419 90 19 hänvisat
208 1419 24 19 till
248 1419 69 18 allmän
332 1419 30 24 lag
376 1419 4 18 i
395 1418 53 25 fråga
463 1423 32 14 om
509 1419 71 23 dotter,
596 1423 44 13 som
655 1417 61 19 vistas
731 1418 4 17 i
751 1417 62 22 sina.
