<?xml version="1.0" encoding="UTF-8"?>
<alto xmlns="http://www.loc.gov/standards/alto/ns-v3#" xmlns:xlink="http://www.w3.org/1999/xlink" xmlns:xsi="http://www.w3.org/2001/XMLSchema-instance" xsi:schemaLocation="http://www.loc.gov/standards/alto/ns-v3# http://www.loc.gov/alto/v3/alto-3-0.xsd">
	<Description>
		<MeasurementUnit>pixel</MeasurementUnit>
		<sourceImageInformation>
			<fileName>/tmp/tess_emd0tuf2_input.PNG</fileName>
		</sourceImageInformation>
		<OCRProcessing ID="OCR_0">
			<ocrProcessingStep>
				<processingSoftware>
					<softwareName>tesseract 5.3.4</softwareName>
				</processingSoftware>
			</ocrProcessingStep>
		</OCRProcessing>
	</Description>
	<Layout>
		<Page WIDTH="1011" HEIGHT="1770" PHYSICAL_IMG_NR="0" ID="page_0">
			<PrintSpace HPOS="0" VPOS="0" WIDTH="1011" HEIGHT="1770">
				<ComposedBlock ID="cblock_0" HPOS="199" VPOS="135" WIDTH="535" HEIGHT="33">
					<TextBlock ID="block_0" HPOS="199" VPOS="135" WIDTH="535" HEIGHT="33">
						<TextLine ID="line_0" HPOS="199" VPOS="135" WIDTH="535" HEIGHT="33">
							<String ID="string_0" HPOS="199" VPOS="135" WIDTH="27" HEIGHT="33" WC="0.92" CONTENT="44"/><SP WIDTH="209" VPOS="135" HPOS="226"/>
							<String ID="string_1" HPOS="435" VPOS="139" WIDTH="70" HEIGHT="21" WC="0.90" CONTENT="Nådiga"/><SP WIDTH="11" VPOS="139" HPOS="505"/>
							<String ID="string_2" HPOS="516" VPOS="139" WIDTH="141" HEIGHT="22" WC="0.96" CONTENT="Propositionen"/><SP WIDTH="13" VPOS="139" HPOS="657"/>
							<String ID="string_3" HPOS="670" VPOS="138" WIDTH="35" HEIGHT="17" WC="0.96" CONTENT="N:o"/><SP WIDTH="12" VPOS="138" HPOS="705"/>
							<String ID="string_4" HPOS="717" VPOS="137" WIDTH="17" HEIGHT="17" WC="0.94" CONTENT="2."/>
						</TextLine>
					</TextBlock>
				</ComposedBlock>
				<ComposedBlock ID="cblock_1" HPOS="202" VPOS="185" WIDTH="748" HEIGHT="581">
					<TextBlock ID="block_1" HPOS="202" VPOS="185" WIDTH="745" HEIGHT="271">
						<TextLine ID="line_1" HPOS="202" VPOS="185" WIDTH="740" HEIGHT="31">
							<String ID="string_5" HPOS="202" VPOS="189" WIDTH="29" HEIGHT="19" WC="0.95" CONTENT="del"/><SP WIDTH="16" VPOS="189" HPOS="231"/>
							<String ID="string_6" HPOS="247" VPOS="189" WIDTH="20" HEIGHT="18" WC="0.92" CONTENT="af"/><SP WIDTH="12" VPOS="189" HPOS="267"/>
							<String ID="string_7" HPOS="279" VPOS="189" WIDTH="224" HEIGHT="26" WC="0.91" CONTENT="landsförsamlingarne,"/><SP WIDTH="16" VPOS="189" HPOS="503"/>
							<String ID="string_8" HPOS="519" VPOS="189" WIDTH="88" HEIGHT="19" WC="0.96" CONTENT="särdeles"/><SP WIDTH="15" VPOS="189" HPOS="607"/>
							<String ID="string_9" HPOS="622" VPOS="189" WIDTH="5" HEIGHT="18" WC="0.96" CONTENT="i"/><SP WIDTH="15" VPOS="189" HPOS="627"/>
							<String ID="string_10" HPOS="642" VPOS="188" WIDTH="24" HEIGHT="19" WC="0.96" CONTENT="de"/><SP WIDTH="21" VPOS="188" HPOS="666"/>
							<String ID="string_11" HPOS="687" VPOS="188" WIDTH="58" HEIGHT="19" WC="0.96" CONTENT="södra"/><SP WIDTH="21" VPOS="188" HPOS="745"/>
							<String ID="string_12" HPOS="766" VPOS="188" WIDTH="63" HEIGHT="23" WC="0.96" CONTENT="länen,"/><SP WIDTH="22" VPOS="188" HPOS="829"/>
							<String ID="string_13" HPOS="851" VPOS="187" WIDTH="38" HEIGHT="18" WC="0.96" CONTENT="kan"/><SP WIDTH="20" VPOS="187" HPOS="889"/>
							<String ID="string_14" HPOS="909" VPOS="185" WIDTH="33" HEIGHT="31" WC="0.96" CONTENT="jag"/>
						</TextLine>
						<TextLine ID="line_2" HPOS="202" VPOS="212" WIDTH="739" HEIGHT="30">
							<String ID="string_15" HPOS="202" VPOS="215" WIDTH="44" HEIGHT="19" WC="0.96" CONTENT="icke"/><SP WIDTH="14" VPOS="215" HPOS="246"/>
							<String ID="string_16" HPOS="260" VPOS="215" WIDTH="61" HEIGHT="20" WC="0.96" CONTENT="heller"/><SP WIDTH="14" VPOS="215" HPOS="321"/>
							<String ID="string_17" HPOS="335" VPOS="219" WIDTH="58" HEIGHT="16" WC="0.95" CONTENT="annat"/><SP WIDTH="14" VPOS="219" HPOS="393"/>
							<String ID="string_18" HPOS="407" VPOS="215" WIDTH="58" HEIGHT="25" WC="0.95" CONTENT="finna,"/><SP WIDTH="16" VPOS="215" HPOS="465"/>
							<String ID="string_19" HPOS="481" VPOS="216" WIDTH="23" HEIGHT="18" WC="0.96" CONTENT="än"/><SP WIDTH="15" VPOS="216" HPOS="504"/>
							<String ID="string_20" HPOS="519" VPOS="218" WIDTH="28" HEIGHT="17" WC="0.96" CONTENT="att"/><SP WIDTH="13" VPOS="218" HPOS="547"/>
							<String ID="string_21" HPOS="560" VPOS="215" WIDTH="25" HEIGHT="20" WC="0.96" CONTENT="de"/><SP WIDTH="14" VPOS="215" HPOS="585"/>
							<String ID="string_22" HPOS="599" VPOS="215" WIDTH="126" HEIGHT="24" WC="0.96" CONTENT="kommuner,"/><SP WIDTH="17" VPOS="215" HPOS="725"/>
							<String ID="string_23" HPOS="742" VPOS="220" WIDTH="42" HEIGHT="14" WC="0.94" CONTENT="som"/><SP WIDTH="22" VPOS="220" HPOS="784"/>
							<String ID="string_24" HPOS="806" VPOS="212" WIDTH="69" HEIGHT="30" WC="0.88" CONTENT="sådant"/><SP WIDTH="21" VPOS="212" HPOS="875"/>
							<String ID="string_25" HPOS="896" VPOS="213" WIDTH="45" HEIGHT="24" WC="0.85" CONTENT="vilja"/>
						</TextLine>
						<TextLine ID="line_3" HPOS="202" VPOS="239" WIDTH="741" HEIGHT="28">
							<String ID="string_26" HPOS="202" VPOS="241" WIDTH="39" HEIGHT="20" WC="0.96" CONTENT="och"/><SP WIDTH="14" VPOS="241" HPOS="241"/>
							<String ID="string_27" HPOS="255" VPOS="242" WIDTH="73" HEIGHT="25" WC="0.96" CONTENT="kunna,"/><SP WIDTH="15" VPOS="242" HPOS="328"/>
							<String ID="string_28" HPOS="343" VPOS="242" WIDTH="62" HEIGHT="19" WC="0.93" CONTENT="måtte"/><SP WIDTH="21" VPOS="242" HPOS="405"/>
							<String ID="string_29" HPOS="426" VPOS="243" WIDTH="75" HEIGHT="18" WC="0.93" CONTENT="lemnas"/><SP WIDTH="14" VPOS="243" HPOS="501"/>
							<String ID="string_30" HPOS="515" VPOS="242" WIDTH="92" HEIGHT="25" WC="0.96" CONTENT="rättighet"/><SP WIDTH="14" VPOS="242" HPOS="607"/>
							<String ID="string_31" HPOS="621" VPOS="244" WIDTH="27" HEIGHT="17" WC="0.96" CONTENT="att"/><SP WIDTH="17" VPOS="244" HPOS="648"/>
							<String ID="string_32" HPOS="665" VPOS="241" WIDTH="53" HEIGHT="19" WC="0.96" CONTENT="inom"/><SP WIDTH="17" VPOS="241" HPOS="718"/>
							<String ID="string_33" HPOS="735" VPOS="241" WIDTH="29" HEIGHT="26" WC="0.96" CONTENT="sig"/><SP WIDTH="17" VPOS="241" HPOS="764"/>
							<String ID="string_34" HPOS="781" VPOS="244" WIDTH="111" HEIGHT="20" WC="0.93" CONTENT="organisera"/><SP WIDTH="15" VPOS="244" HPOS="892"/>
							<String ID="string_35" HPOS="907" VPOS="239" WIDTH="36" HEIGHT="26" WC="0.91" CONTENT="dy-"/>
						</TextLine>
						<TextLine ID="line_4" HPOS="202" VPOS="265" WIDTH="740" HEIGHT="29">
							<String ID="string_36" HPOS="202" VPOS="267" WIDTH="38" HEIGHT="20" WC="0.95" CONTENT="lika"/><SP WIDTH="16" VPOS="267" HPOS="240"/>
							<String ID="string_37" HPOS="256" VPOS="269" WIDTH="95" HEIGHT="25" WC="0.96" CONTENT="styrelser"/><SP WIDTH="13" VPOS="269" HPOS="351"/>
							<String ID="string_38" HPOS="364" VPOS="269" WIDTH="46" HEIGHT="20" WC="0.96" CONTENT="med"/><SP WIDTH="15" VPOS="269" HPOS="410"/>
							<String ID="string_39" HPOS="425" VPOS="269" WIDTH="38" HEIGHT="19" WC="0.93" CONTENT="den"/><SP WIDTH="15" VPOS="269" HPOS="463"/>
							<String ID="string_40" HPOS="478" VPOS="268" WIDTH="195" HEIGHT="25" WC="0.90" CONTENT="maktfullkomlighet"/><SP WIDTH="14" VPOS="268" HPOS="673"/>
							<String ID="string_41" HPOS="687" VPOS="267" WIDTH="6" HEIGHT="19" WC="0.96" CONTENT="i"/><SP WIDTH="14" VPOS="267" HPOS="693"/>
							<String ID="string_42" HPOS="707" VPOS="267" WIDTH="93" HEIGHT="20" WC="0.93" CONTENT="afseende"/><SP WIDTH="17" VPOS="267" HPOS="800"/>
							<String ID="string_43" HPOS="817" VPOS="265" WIDTH="11" HEIGHT="20" WC="0.89" CONTENT="å"/><SP WIDTH="17" VPOS="265" HPOS="828"/>
							<String ID="string_44" HPOS="845" VPOS="266" WIDTH="97" HEIGHT="20" WC="0.89" CONTENT="dithöran-"/>
						</TextLine>
						<TextLine ID="line_5" HPOS="203" VPOS="293" WIDTH="742" HEIGHT="28">
							<String ID="string_45" HPOS="203" VPOS="294" WIDTH="25" HEIGHT="19" WC="0.96" CONTENT="de"/><SP WIDTH="15" VPOS="294" HPOS="228"/>
							<String ID="string_46" HPOS="243" VPOS="295" WIDTH="169" HEIGHT="26" WC="0.95" CONTENT="angelägenheter,"/><SP WIDTH="16" VPOS="295" HPOS="412"/>
							<String ID="string_47" HPOS="428" VPOS="301" WIDTH="44" HEIGHT="13" WC="0.97" CONTENT="som"/><SP WIDTH="14" VPOS="301" HPOS="472"/>
							<String ID="string_48" HPOS="486" VPOS="295" WIDTH="142" HEIGHT="26" WC="0.96" CONTENT="lagstiftningen"/><SP WIDTH="15" VPOS="295" HPOS="628"/>
							<String ID="string_49" HPOS="643" VPOS="294" WIDTH="30" HEIGHT="19" WC="0.93" CONTENT="vill"/><SP WIDTH="16" VPOS="294" HPOS="673"/>
							<String ID="string_50" HPOS="689" VPOS="294" WIDTH="112" HEIGHT="19" WC="0.91" CONTENT="tillerkänna"/><SP WIDTH="15" VPOS="294" HPOS="801"/>
							<String ID="string_51" HPOS="816" VPOS="293" WIDTH="129" HEIGHT="24" WC="0.81" CONTENT="dem;"/><SP WIDTH="-60" VPOS="293" HPOS="945"/>
							<String ID="string_52" HPOS="885" VPOS="289" WIDTH="12" HEIGHT="36" WC="0.81" CONTENT="—"/><SP WIDTH="8" VPOS="289" HPOS="897"/>
							<String ID="string_53" HPOS="905" VPOS="293" WIDTH="40" HEIGHT="24" WC="0.94" CONTENT="och"/>
						</TextLine>
						<TextLine ID="line_6" HPOS="203" VPOS="319" WIDTH="742" HEIGHT="28">
							<String ID="string_54" HPOS="203" VPOS="321" WIDTH="25" HEIGHT="19" WC="0.95" CONTENT="till"/><SP WIDTH="16" VPOS="321" HPOS="228"/>
							<String ID="string_55" HPOS="244" VPOS="321" WIDTH="25" HEIGHT="20" WC="0.96" CONTENT="de"/><SP WIDTH="15" VPOS="321" HPOS="269"/>
							<String ID="string_56" HPOS="284" VPOS="322" WIDTH="106" HEIGHT="19" WC="0.96" CONTENT="förnämsta"/><SP WIDTH="15" VPOS="322" HPOS="390"/>
							<String ID="string_57" HPOS="405" VPOS="321" WIDTH="58" HEIGHT="21" WC="0.96" CONTENT="bland"/><SP WIDTH="15" VPOS="321" HPOS="463"/>
							<String ID="string_58" HPOS="478" VPOS="322" WIDTH="59" HEIGHT="19" WC="0.96" CONTENT="dessa"/><SP WIDTH="15" VPOS="322" HPOS="537"/>
							<String ID="string_59" HPOS="552" VPOS="321" WIDTH="161" HEIGHT="26" WC="0.93" CONTENT="angelägenheter"/><SP WIDTH="15" VPOS="321" HPOS="713"/>
							<String ID="string_60" HPOS="728" VPOS="321" WIDTH="64" HEIGHT="24" WC="0.92" CONTENT="hörer,"/><SP WIDTH="17" VPOS="321" HPOS="792"/>
							<String ID="string_61" HPOS="809" VPOS="319" WIDTH="68" HEIGHT="20" WC="0.96" CONTENT="såsom"/><SP WIDTH="7" VPOS="319" HPOS="877"/>
							<String ID="string_62" HPOS="884" VPOS="319" WIDTH="61" HEIGHT="20" WC="0.96" CONTENT="redan"/>
						</TextLine>
						<TextLine ID="line_7" HPOS="203" VPOS="346" WIDTH="744" HEIGHT="29">
							<String ID="string_63" HPOS="203" VPOS="348" WIDTH="21" HEIGHT="18" WC="0.93" CONTENT="är"/><SP WIDTH="15" VPOS="348" HPOS="224"/>
							<String ID="string_64" HPOS="239" VPOS="348" WIDTH="86" HEIGHT="26" WC="0.90" CONTENT="nämndt,"/><SP WIDTH="16" VPOS="348" HPOS="325"/>
							<String ID="string_65" HPOS="341" VPOS="349" WIDTH="208" HEIGHT="26" WC="0.82" CONTENT="förmyndarevården;"/><SP WIDTH="17" VPOS="349" HPOS="549"/>
							<String ID="string_66" HPOS="566" VPOS="349" WIDTH="92" HEIGHT="19" WC="0.90" CONTENT="hvarföre"/><SP WIDTH="13" VPOS="349" HPOS="658"/>
							<String ID="string_67" HPOS="671" VPOS="346" WIDTH="32" HEIGHT="27" WC="0.96" CONTENT="jag"/><SP WIDTH="14" VPOS="346" HPOS="703"/>
							<String ID="string_68" HPOS="717" VPOS="348" WIDTH="38" HEIGHT="19" WC="0.96" CONTENT="ock"/><SP WIDTH="14" VPOS="348" HPOS="755"/>
							<String ID="string_69" HPOS="769" VPOS="347" WIDTH="30" HEIGHT="19" WC="0.96" CONTENT="för"/><SP WIDTH="7" VPOS="347" HPOS="799"/>
							<String ID="string_70" HPOS="806" VPOS="346" WIDTH="39" HEIGHT="19" WC="0.96" CONTENT="min"/><SP WIDTH="8" VPOS="346" HPOS="845"/>
							<String ID="string_71" HPOS="853" VPOS="347" WIDTH="30" HEIGHT="19" WC="0.93" CONTENT="del"/><SP WIDTH="9" VPOS="347" HPOS="883"/>
							<String ID="string_72" HPOS="892" VPOS="346" WIDTH="55" HEIGHT="20" WC="0.92" CONTENT="skul-"/>
						</TextLine>
						<TextLine ID="line_8" HPOS="203" VPOS="372" WIDTH="743" HEIGHT="29">
							<String ID="string_73" HPOS="203" VPOS="374" WIDTH="18" HEIGHT="19" WC="0.94" CONTENT="le"/><SP WIDTH="14" VPOS="374" HPOS="221"/>
							<String ID="string_74" HPOS="235" VPOS="374" WIDTH="46" HEIGHT="25" WC="0.96" CONTENT="vilja"/><SP WIDTH="14" VPOS="374" HPOS="281"/>
							<String ID="string_75" HPOS="295" VPOS="375" WIDTH="102" HEIGHT="24" WC="0.96" CONTENT="godkänna"/><SP WIDTH="14" VPOS="375" HPOS="397"/>
							<String ID="string_76" HPOS="411" VPOS="375" WIDTH="37" HEIGHT="20" WC="0.96" CONTENT="den"/><SP WIDTH="15" VPOS="375" HPOS="448"/>
							<String ID="string_77" HPOS="463" VPOS="375" WIDTH="68" HEIGHT="26" WC="0.96" CONTENT="nådiga"/><SP WIDTH="15" VPOS="375" HPOS="531"/>
							<String ID="string_78" HPOS="546" VPOS="375" WIDTH="147" HEIGHT="26" WC="0.93" CONTENT="propositionen"/><SP WIDTH="15" VPOS="375" HPOS="693"/>
							<String ID="string_79" HPOS="708" VPOS="373" WIDTH="65" HEIGHT="21" WC="0.91" CONTENT="såvidt"/><SP WIDTH="13" VPOS="373" HPOS="773"/>
							<String ID="string_80" HPOS="786" VPOS="373" WIDTH="38" HEIGHT="20" WC="0.96" CONTENT="den"/><SP WIDTH="14" VPOS="373" HPOS="824"/>
							<String ID="string_81" HPOS="838" VPOS="372" WIDTH="60" HEIGHT="27" WC="0.93" CONTENT="angår"/><SP WIDTH="14" VPOS="372" HPOS="898"/>
							<String ID="string_82" HPOS="912" VPOS="373" WIDTH="34" HEIGHT="20" WC="0.96" CONTENT="det"/>
						</TextLine>
						<TextLine ID="line_9" HPOS="204" VPOS="399" WIDTH="742" HEIGHT="28">
							<String ID="string_83" HPOS="204" VPOS="401" WIDTH="81" HEIGHT="20" WC="0.93" CONTENT="anförda"/><SP WIDTH="13" VPOS="401" HPOS="285"/>
							<String ID="string_84" HPOS="298" VPOS="401" WIDTH="119" HEIGHT="26" WC="0.91" CONTENT="åliggandets"/><SP WIDTH="15" VPOS="401" HPOS="417"/>
							<String ID="string_85" HPOS="432" VPOS="402" WIDTH="138" HEIGHT="20" WC="0.92" CONTENT="ofverförande"/><SP WIDTH="13" VPOS="402" HPOS="570"/>
							<String ID="string_86" HPOS="583" VPOS="401" WIDTH="25" HEIGHT="26" WC="0.96" CONTENT="på"/><SP WIDTH="15" VPOS="401" HPOS="608"/>
							<String ID="string_87" HPOS="623" VPOS="401" WIDTH="206" HEIGHT="26" WC="0.95" CONTENT="kommunalstyrelse,"/><SP WIDTH="16" VPOS="401" HPOS="829"/>
							<String ID="string_88" HPOS="845" VPOS="400" WIDTH="48" HEIGHT="19" WC="0.92" CONTENT="«der"/><SP WIDTH="22" VPOS="400" HPOS="893"/>
							<String ID="string_89" HPOS="915" VPOS="399" WIDTH="31" HEIGHT="20" WC="0.90" CONTENT="så-"/>
						</TextLine>
						<TextLine ID="line_10" HPOS="204" VPOS="427" WIDTH="684" HEIGHT="29">
							<String ID="string_90" HPOS="204" VPOS="427" WIDTH="38" HEIGHT="19" WC="0.95" CONTENT="dan"/><SP WIDTH="14" VPOS="427" HPOS="242"/>
							<String ID="string_91" HPOS="256" VPOS="428" WIDTH="63" HEIGHT="26" WC="0.96" CONTENT="finnes"/><SP WIDTH="14" VPOS="428" HPOS="319"/>
							<String ID="string_92" HPOS="333" VPOS="429" WIDTH="102" HEIGHT="19" WC="0.94" CONTENT="inrättad.»"/><SP WIDTH="450" VPOS="429" HPOS="435"/>
							<String ID="string_93" HPOS="885" VPOS="453" WIDTH="3" HEIGHT="3" WC="0.94" CONTENT="N"/>
						</TextLine>
					</TextBlock>
					<TextBlock ID="block_2" HPOS="204" VPOS="453" WIDTH="746" HEIGHT="313">
						<TextLine ID="line_11" HPOS="258" VPOS="453" WIDTH="688" HEIGHT="28">
							<String ID="string_94" HPOS="258" VPOS="456" WIDTH="16" HEIGHT="18" WC="0.78" CONTENT="Ä"/><SP WIDTH="14" VPOS="456" HPOS="274"/>
							<String ID="string_95" HPOS="288" VPOS="454" WIDTH="25" HEIGHT="20" WC="0.96" CONTENT="de"/><SP WIDTH="15" VPOS="454" HPOS="313"/>
							<String ID="string_96" HPOS="328" VPOS="457" WIDTH="52" HEIGHT="17" WC="0.96" CONTENT="orter"/><SP WIDTH="15" VPOS="457" HPOS="380"/>
							<String ID="string_97" HPOS="395" VPOS="454" WIDTH="49" HEIGHT="26" WC="0.95" CONTENT="åter,"/><SP WIDTH="17" VPOS="454" HPOS="444"/>
							<String ID="string_98" HPOS="461" VPOS="455" WIDTH="35" HEIGHT="19" WC="0.96" CONTENT="der"/><SP WIDTH="15" VPOS="455" HPOS="496"/>
							<String ID="string_99" HPOS="511" VPOS="455" WIDTH="54" HEIGHT="26" WC="0.96" CONTENT="dylik"/><SP WIDTH="15" VPOS="455" HPOS="565"/>
							<String ID="string_100" HPOS="580" VPOS="455" WIDTH="86" HEIGHT="25" WC="0.83" CONTENT="styrelse"/><SP WIDTH="15" VPOS="455" HPOS="666"/>
							<String ID="string_101" HPOS="681" VPOS="454" WIDTH="17" HEIGHT="25" WC="0.96" CONTENT="ej"/><SP WIDTH="15" VPOS="454" HPOS="698"/>
							<String ID="string_102" HPOS="713" VPOS="454" WIDTH="67" HEIGHT="19" WC="0.93" CONTENT="kunde"/><SP WIDTH="17" VPOS="454" HPOS="780"/>
							<String ID="string_103" HPOS="797" VPOS="453" WIDTH="149" HEIGHT="26" WC="0.90" CONTENT="ävägabringas,"/>
						</TextLine>
						<TextLine ID="line_12" HPOS="204" VPOS="480" WIDTH="744" HEIGHT="27">
							<String ID="string_104" HPOS="204" VPOS="480" WIDTH="68" HEIGHT="26" WC="0.96" CONTENT="borde,"/><SP WIDTH="18" VPOS="480" HPOS="272"/>
							<String ID="string_105" HPOS="290" VPOS="482" WIDTH="57" HEIGHT="25" WC="0.96" CONTENT="enligt"/><SP WIDTH="14" VPOS="482" HPOS="347"/>
							<String ID="string_106" HPOS="361" VPOS="482" WIDTH="44" HEIGHT="18" WC="0.93" CONTENT="mitt"/><SP WIDTH="14" VPOS="482" HPOS="405"/>
							<String ID="string_107" HPOS="419" VPOS="482" WIDTH="131" HEIGHT="24" WC="0.91" CONTENT="förmenande,"/><SP WIDTH="17" VPOS="482" HPOS="550"/>
							<String ID="string_108" HPOS="567" VPOS="481" WIDTH="108" HEIGHT="19" WC="0.96" CONTENT="kontrollen"/><SP WIDTH="17" VPOS="481" HPOS="675"/>
							<String ID="string_109" HPOS="692" VPOS="481" WIDTH="55" HEIGHT="19" WC="0.96" CONTENT="öfver"/><SP WIDTH="17" VPOS="481" HPOS="747"/>
							<String ID="string_110" HPOS="764" VPOS="480" WIDTH="127" HEIGHT="26" WC="0.92" CONTENT="förmyndare"/><SP WIDTH="18" VPOS="480" HPOS="891"/>
							<String ID="string_111" HPOS="909" VPOS="480" WIDTH="39" HEIGHT="19" WC="0.92" CONTENT="för-"/>
						</TextLine>
						<TextLine ID="line_13" HPOS="205" VPOS="507" WIDTH="743" HEIGHT="26">
							<String ID="string_112" HPOS="205" VPOS="508" WIDTH="110" HEIGHT="25" WC="0.88" CONTENT="valtningen"/><SP WIDTH="13" VPOS="508" HPOS="315"/>
							<String ID="string_113" HPOS="328" VPOS="508" WIDTH="58" HEIGHT="20" WC="0.95" CONTENT="likväl"/><SP WIDTH="16" VPOS="508" HPOS="386"/>
							<String ID="string_114" HPOS="402" VPOS="508" WIDTH="107" HEIGHT="20" WC="0.95" CONTENT="tillkomma"/><SP WIDTH="14" VPOS="508" HPOS="509"/>
							<String ID="string_115" HPOS="523" VPOS="509" WIDTH="121" HEIGHT="19" WC="0.96" CONTENT="kommunen"/><SP WIDTH="15" VPOS="509" HPOS="644"/>
							<String ID="string_116" HPOS="659" VPOS="510" WIDTH="51" HEIGHT="17" WC="0.96" CONTENT="samt"/><SP WIDTH="11" VPOS="510" HPOS="710"/>
							<String ID="string_117" HPOS="721" VPOS="507" WIDTH="20" HEIGHT="19" WC="0.96" CONTENT="af"/><SP WIDTH="6" VPOS="507" HPOS="741"/>
							<String ID="string_118" HPOS="747" VPOS="507" WIDTH="114" HEIGHT="19" WC="0.90" CONTENT="densamma"/><SP WIDTH="7" VPOS="507" HPOS="861"/>
							<String ID="string_119" HPOS="868" VPOS="508" WIDTH="80" HEIGHT="19" WC="0.90" CONTENT="utöfvas"/>
						</TextLine>
						<TextLine ID="line_14" HPOS="204" VPOS="533" WIDTH="744" HEIGHT="27">
							<String ID="string_120" HPOS="204" VPOS="539" WIDTH="72" HEIGHT="20" WC="0.96" CONTENT="genom"/><SP WIDTH="14" VPOS="539" HPOS="276"/>
							<String ID="string_121" HPOS="290" VPOS="540" WIDTH="25" HEIGHT="14" WC="0.96" CONTENT="en"/><SP WIDTH="13" VPOS="540" HPOS="315"/>
							<String ID="string_122" HPOS="328" VPOS="534" WIDTH="108" HEIGHT="20" WC="0.96" CONTENT="institution"/><SP WIDTH="15" VPOS="534" HPOS="436"/>
							<String ID="string_123" HPOS="451" VPOS="536" WIDTH="20" HEIGHT="18" WC="0.96" CONTENT="af"/><SP WIDTH="13" VPOS="536" HPOS="471"/>
							<String ID="string_124" HPOS="484" VPOS="535" WIDTH="49" HEIGHT="25" WC="0.95" CONTENT="gode"/><SP WIDTH="14" VPOS="535" HPOS="533"/>
							<String ID="string_125" HPOS="547" VPOS="536" WIDTH="52" HEIGHT="23" WC="0.86" CONTENT="män,"/><SP WIDTH="18" VPOS="536" HPOS="599"/>
							<String ID="string_126" HPOS="617" VPOS="540" WIDTH="23" HEIGHT="14" WC="0.96" CONTENT="en"/><SP WIDTH="15" VPOS="540" HPOS="640"/>
							<String ID="string_127" HPOS="655" VPOS="535" WIDTH="46" HEIGHT="19" WC="0.95" CONTENT="eller"/><SP WIDTH="14" VPOS="535" HPOS="701"/>
							<String ID="string_128" HPOS="715" VPOS="534" WIDTH="57" HEIGHT="24" WC="0.96" CONTENT="flere,"/><SP WIDTH="17" VPOS="534" HPOS="772"/>
							<String ID="string_129" HPOS="789" VPOS="533" WIDTH="56" HEIGHT="19" WC="0.83" CONTENT="valde."/><SP WIDTH="14" VPOS="533" HPOS="845"/>
							<String ID="string_130" HPOS="859" VPOS="534" WIDTH="20" HEIGHT="19" WC="0.88" CONTENT="af"/><SP WIDTH="13" VPOS="534" HPOS="879"/>
							<String ID="string_131" HPOS="892" VPOS="534" WIDTH="56" HEIGHT="19" WC="0.92" CONTENT="kom-"/>
						</TextLine>
						<TextLine ID="line_15" HPOS="204" VPOS="560" WIDTH="741" HEIGHT="26">
							<String ID="string_132" HPOS="204" VPOS="566" WIDTH="78" HEIGHT="20" WC="0.93" CONTENT="munen,"/><SP WIDTH="17" VPOS="566" HPOS="282"/>
							<String ID="string_133" HPOS="299" VPOS="561" WIDTH="123" HEIGHT="19" WC="0.90" CONTENT="distriktsvis"/><SP WIDTH="16" VPOS="561" HPOS="422"/>
							<String ID="string_134" HPOS="438" VPOS="556" WIDTH="50" HEIGHT="36" WC="0.95" CONTENT="inom"/><SP WIDTH="13" VPOS="556" HPOS="488"/>
							<String ID="string_135" HPOS="501" VPOS="561" WIDTH="119" HEIGHT="25" WC="0.96" CONTENT="densamma,"/><SP WIDTH="10" VPOS="561" HPOS="620"/>
							<String ID="string_136" HPOS="630" VPOS="561" WIDTH="45" HEIGHT="19" WC="0.92" CONTENT="med"/><SP WIDTH="11" VPOS="561" HPOS="675"/>
							<String ID="string_137" HPOS="686" VPOS="560" WIDTH="259" HEIGHT="26" WC="0.83" CONTENT="tjenstgöringsskyldighet,"/>
						</TextLine>
						<TextLine ID="line_16" HPOS="204" VPOS="586" WIDTH="745" HEIGHT="27">
							<String ID="string_138" HPOS="204" VPOS="586" WIDTH="25" HEIGHT="26" WC="0.95" CONTENT="på"/><SP WIDTH="15" VPOS="586" HPOS="229"/>
							<String ID="string_139" HPOS="244" VPOS="588" WIDTH="101" HEIGHT="19" WC="0.96" CONTENT="enahanda"/><SP WIDTH="15" VPOS="588" HPOS="345"/>
							<String ID="string_140" HPOS="360" VPOS="589" WIDTH="39" HEIGHT="18" WC="0.96" CONTENT="sätt"/><SP WIDTH="14" VPOS="589" HPOS="399"/>
							<String ID="string_141" HPOS="413" VPOS="594" WIDTH="44" HEIGHT="14" WC="0.93" CONTENT="som"/><SP WIDTH="15" VPOS="594" HPOS="457"/>
							<String ID="string_142" HPOS="472" VPOS="587" WIDTH="233" HEIGHT="26" WC="0.92" CONTENT="fattigvårdsledamöter,"/><SP WIDTH="17" VPOS="587" HPOS="705"/>
							<String ID="string_143" HPOS="722" VPOS="587" WIDTH="5" HEIGHT="18" WC="0.96" CONTENT="i"/><SP WIDTH="15" VPOS="587" HPOS="727"/>
							<String ID="string_144" HPOS="742" VPOS="589" WIDTH="30" HEIGHT="17" WC="0.96" CONTENT="tre"/><SP WIDTH="14" VPOS="589" HPOS="772"/>
							<String ID="string_145" HPOS="786" VPOS="586" WIDTH="28" HEIGHT="25" WC="0.96" CONTENT="år,"/><SP WIDTH="11" VPOS="586" HPOS="814"/>
							<String ID="string_146" HPOS="825" VPOS="586" WIDTH="30" HEIGHT="20" WC="0.96" CONTENT="för"/><SP WIDTH="10" VPOS="586" HPOS="855"/>
							<String ID="string_147" HPOS="865" VPOS="589" WIDTH="27" HEIGHT="17" WC="0.93" CONTENT="att"/><SP WIDTH="10" VPOS="589" HPOS="892"/>
							<String ID="string_148" HPOS="902" VPOS="587" WIDTH="47" HEIGHT="20" WC="0.92" CONTENT="der-"/>
						</TextLine>
						<TextLine ID="line_17" HPOS="206" VPOS="612" WIDTH="741" HEIGHT="29">
							<String ID="string_149" HPOS="206" VPOS="614" WIDTH="50" HEIGHT="19" WC="0.95" CONTENT="efter"/><SP WIDTH="24" VPOS="614" HPOS="256"/>
							<String ID="string_150" HPOS="280" VPOS="616" WIDTH="83" HEIGHT="18" WC="0.93" CONTENT="ersättas"/><SP WIDTH="17" VPOS="616" HPOS="363"/>
							<String ID="string_151" HPOS="380" VPOS="615" WIDTH="20" HEIGHT="19" WC="0.96" CONTENT="af"/><SP WIDTH="16" VPOS="615" HPOS="400"/>
							<String ID="string_152" HPOS="416" VPOS="620" WIDTH="45" HEIGHT="21" WC="0.96" CONTENT="nya,"/><SP WIDTH="15" VPOS="620" HPOS="461"/>
							<String ID="string_153" HPOS="476" VPOS="614" WIDTH="94" HEIGHT="20" WC="0.96" CONTENT="likaledes"/><SP WIDTH="14" VPOS="614" HPOS="570"/>
							<String ID="string_154" HPOS="584" VPOS="615" WIDTH="57" HEIGHT="19" WC="0.96" CONTENT="valda"/><SP WIDTH="15" VPOS="615" HPOS="641"/>
							<String ID="string_155" HPOS="656" VPOS="614" WIDTH="4" HEIGHT="19" WC="0.96" CONTENT="i"/><SP WIDTH="15" VPOS="614" HPOS="660"/>
							<String ID="string_156" HPOS="675" VPOS="614" WIDTH="26" HEIGHT="19" WC="0.93" CONTENT="de"/><SP WIDTH="13" VPOS="614" HPOS="701"/>
							<String ID="string_157" HPOS="714" VPOS="612" WIDTH="105" HEIGHT="26" WC="0.92" CONTENT="afgåendes"/><SP WIDTH="15" VPOS="612" HPOS="819"/>
							<String ID="string_158" HPOS="834" VPOS="614" WIDTH="61" HEIGHT="20" WC="0.94" CONTENT="ställe."/><SP WIDTH="23" VPOS="614" HPOS="895"/>
							<String ID="string_159" HPOS="918" VPOS="614" WIDTH="29" HEIGHT="19" WC="0.96" CONTENT="En"/>
						</TextLine>
						<TextLine ID="line_18" HPOS="204" VPOS="639" WIDTH="744" HEIGHT="21">
							<String ID="string_160" HPOS="204" VPOS="640" WIDTH="62" HEIGHT="20" WC="0.96" CONTENT="sådan"/><SP WIDTH="15" VPOS="640" HPOS="266"/>
							<String ID="string_161" HPOS="281" VPOS="641" WIDTH="107" HEIGHT="19" WC="0.96" CONTENT="institution"/><SP WIDTH="15" VPOS="641" HPOS="388"/>
							<String ID="string_162" HPOS="403" VPOS="643" WIDTH="22" HEIGHT="17" WC="0.96" CONTENT="är"/><SP WIDTH="14" VPOS="643" HPOS="425"/>
							<String ID="string_163" HPOS="439" VPOS="642" WIDTH="57" HEIGHT="18" WC="0.96" CONTENT="äfven"/><SP WIDTH="15" VPOS="642" HPOS="496"/>
							<String ID="string_164" HPOS="511" VPOS="641" WIDTH="61" HEIGHT="19" WC="0.96" CONTENT="sedan"/><SP WIDTH="18" VPOS="641" HPOS="572"/>
							<String ID="string_165" HPOS="590" VPOS="642" WIDTH="51" HEIGHT="18" WC="0.91" CONTENT="1845"/><SP WIDTH="14" VPOS="642" HPOS="641"/>
							<String ID="string_166" HPOS="655" VPOS="640" WIDTH="62" HEIGHT="20" WC="0.95" CONTENT="införd"/><SP WIDTH="20" VPOS="640" HPOS="717"/>
							<String ID="string_167" HPOS="737" VPOS="640" WIDTH="52" HEIGHT="19" WC="0.93" CONTENT="inom"/><SP WIDTH="16" VPOS="640" HPOS="789"/>
							<String ID="string_168" HPOS="805" VPOS="639" WIDTH="143" HEIGHT="21" WC="0.91" CONTENT="kommunerne"/>
						</TextLine>
						<TextLine ID="line_19" HPOS="205" VPOS="666" WIDTH="743" HEIGHT="27">
							<String ID="string_169" HPOS="205" VPOS="666" WIDTH="5" HEIGHT="19" WC="0.96" CONTENT="i"/><SP WIDTH="14" VPOS="666" HPOS="210"/>
							<String ID="string_170" HPOS="224" VPOS="667" WIDTH="89" HEIGHT="26" WC="0.96" CONTENT="Sverige,"/><SP WIDTH="16" VPOS="667" HPOS="313"/>
							<String ID="string_171" HPOS="329" VPOS="667" WIDTH="57" HEIGHT="20" WC="0.93" CONTENT="innan"/><SP WIDTH="15" VPOS="667" HPOS="386"/>
							<String ID="string_172" HPOS="401" VPOS="667" WIDTH="174" HEIGHT="20" WC="0.92" CONTENT="socknenämnden"/><SP WIDTH="15" VPOS="667" HPOS="575"/>
							<String ID="string_173" HPOS="590" VPOS="667" WIDTH="103" HEIGHT="20" WC="0.92" CONTENT="derstädes"/><SP WIDTH="22" VPOS="667" HPOS="693"/>
							<String ID="string_174" HPOS="715" VPOS="666" WIDTH="112" HEIGHT="26" WC="0.95" CONTENT="inrättades,"/><SP WIDTH="24" VPOS="666" HPOS="827"/>
							<String ID="string_175" HPOS="851" VPOS="668" WIDTH="38" HEIGHT="18" WC="0.96" CONTENT="och"/><SP WIDTH="20" VPOS="668" HPOS="889"/>
							<String ID="string_176" HPOS="909" VPOS="667" WIDTH="39" HEIGHT="19" WC="0.96" CONTENT="kan"/>
						</TextLine>
						<TextLine ID="line_20" HPOS="205" VPOS="693" WIDTH="742" HEIGHT="26">
							<String ID="string_177" HPOS="205" VPOS="694" WIDTH="46" HEIGHT="19" WC="0.96" CONTENT="med"/><SP WIDTH="15" VPOS="694" HPOS="251"/>
							<String ID="string_178" HPOS="266" VPOS="694" WIDTH="33" HEIGHT="19" WC="0.96" CONTENT="allt"/><SP WIDTH="15" VPOS="694" HPOS="299"/>
							<String ID="string_179" HPOS="314" VPOS="694" WIDTH="40" HEIGHT="20" WC="0.93" CONTENT="skäl"/><SP WIDTH="15" VPOS="694" HPOS="354"/>
							<String ID="string_180" HPOS="369" VPOS="694" WIDTH="90" HEIGHT="20" WC="0.95" CONTENT="förordas"/><SP WIDTH="14" VPOS="694" HPOS="459"/>
							<String ID="string_181" HPOS="473" VPOS="694" WIDTH="57" HEIGHT="19" WC="0.96" CONTENT="äfven"/><SP WIDTH="15" VPOS="694" HPOS="530"/>
							<String ID="string_182" HPOS="545" VPOS="695" WIDTH="37" HEIGHT="19" WC="0.96" CONTENT="hos"/><SP WIDTH="24" VPOS="695" HPOS="582"/>
							<String ID="string_183" HPOS="606" VPOS="700" WIDTH="34" HEIGHT="14" WC="0.96" CONTENT="oss"/><SP WIDTH="20" VPOS="700" HPOS="640"/>
							<String ID="string_184" HPOS="660" VPOS="693" WIDTH="69" HEIGHT="20" WC="0.96" CONTENT="såsom"/><SP WIDTH="21" VPOS="693" HPOS="729"/>
							<String ID="string_185" HPOS="750" VPOS="698" WIDTH="25" HEIGHT="14" WC="0.90" CONTENT="en"/><SP WIDTH="20" VPOS="698" HPOS="775"/>
							<String ID="string_186" HPOS="795" VPOS="693" WIDTH="106" HEIGHT="26" WC="0.90" CONTENT="öfvergång"/><SP WIDTH="20" VPOS="693" HPOS="901"/>
							<String ID="string_187" HPOS="921" VPOS="694" WIDTH="26" HEIGHT="19" WC="0.91" CONTENT="till"/>
						</TextLine>
						<TextLine ID="line_21" HPOS="205" VPOS="719" WIDTH="745" HEIGHT="26">
							<String ID="string_188" HPOS="205" VPOS="719" WIDTH="60" HEIGHT="26" WC="0.96" CONTENT="något"/><SP WIDTH="13" VPOS="719" HPOS="265"/>
							<String ID="string_189" HPOS="278" VPOS="720" WIDTH="65" HEIGHT="20" WC="0.96" CONTENT="bättre"/><SP WIDTH="14" VPOS="720" HPOS="343"/>
							<String ID="string_190" HPOS="357" VPOS="722" WIDTH="38" HEIGHT="18" WC="0.96" CONTENT="och"/><SP WIDTH="14" VPOS="722" HPOS="395"/>
							<String ID="string_191" HPOS="409" VPOS="722" WIDTH="6" HEIGHT="18" WC="0.96" CONTENT="i"/><SP WIDTH="14" VPOS="722" HPOS="415"/>
							<String ID="string_192" HPOS="429" VPOS="721" WIDTH="29" HEIGHT="20" WC="0.96" CONTENT="sin"/><SP WIDTH="14" VPOS="721" HPOS="458"/>
							<String ID="string_193" HPOS="472" VPOS="726" WIDTH="46" HEIGHT="14" WC="0.96" CONTENT="mon"/><SP WIDTH="14" VPOS="726" HPOS="518"/>
							<String ID="string_194" HPOS="532" VPOS="721" WIDTH="103" HEIGHT="19" WC="0.96" CONTENT="väckande"/><SP WIDTH="15" VPOS="721" HPOS="635"/>
							<String ID="string_195" HPOS="650" VPOS="720" WIDTH="24" HEIGHT="20" WC="0.96" CONTENT="till"/><SP WIDTH="15" VPOS="720" HPOS="674"/>
							<String ID="string_196" HPOS="689" VPOS="720" WIDTH="22" HEIGHT="20" WC="0.96" CONTENT="lif"/><SP WIDTH="12" VPOS="720" HPOS="711"/>
							<String ID="string_197" HPOS="723" VPOS="720" WIDTH="38" HEIGHT="19" WC="0.93" CONTENT="den"/><SP WIDTH="15" VPOS="720" HPOS="761"/>
							<String ID="string_198" HPOS="776" VPOS="720" WIDTH="111" HEIGHT="20" WC="0.88" CONTENT="slumrande"/><SP WIDTH="7" VPOS="720" HPOS="887"/>
							<String ID="string_199" HPOS="894" VPOS="720" WIDTH="56" HEIGHT="20" WC="0.83" CONTENT="kom-"/>
						</TextLine>
						<TextLine ID="line_22" HPOS="207" VPOS="747" WIDTH="157" HEIGHT="19">
							<String ID="string_200" HPOS="207" VPOS="747" WIDTH="142" HEIGHT="19" WC="0.84" CONTENT="munal-andan."/><SP WIDTH="6" VPOS="747" HPOS="349"/>
							<String ID="string_201" HPOS="355" VPOS="756" WIDTH="9" HEIGHT="10" WC="0.89" CONTENT="»"/>
						</TextLine>
					</TextBlock>
				</ComposedBlock>
				<ComposedBlock ID="cblock_2" HPOS="205" VPOS="800" WIDTH="745" HEIGHT="660">
					<TextBlock ID="block_3" HPOS="260" VPOS="800" WIDTH="617" HEIGHT="21">
						<TextLine ID="line_23" HPOS="260" VPOS="800" WIDTH="617" HEIGHT="21">
							<String ID="string_202" HPOS="260" VPOS="800" WIDTH="26" HEIGHT="19" WC="0.92" CONTENT="Af"/><SP WIDTH="12" VPOS="800" HPOS="286"/>
							<String ID="string_203" HPOS="298" VPOS="800" WIDTH="228" HEIGHT="20" WC="0.89" CONTENT="Hofrättssekreteraren"/><SP WIDTH="15" VPOS="800" HPOS="526"/>
							<String ID="string_204" HPOS="541" VPOS="801" WIDTH="107" HEIGHT="20" WC="0.92" CONTENT="Aminoff:"/><SP WIDTH="67" VPOS="801" HPOS="648"/>
							<String ID="string_205" HPOS="715" VPOS="807" WIDTH="3" HEIGHT="1" WC="0.0" CONTENT=":"/><SP WIDTH="157" VPOS="807" HPOS="718"/>
							<String ID="string_206" HPOS="875" VPOS="806" WIDTH="2" HEIGHT="2" WC="0.38" CONTENT=":"/>
						</TextLine>
					</TextBlock>
					<TextBlock ID="block_4" HPOS="206" VPOS="826" WIDTH="743" HEIGHT="54">
						<TextLine ID="line_24" HPOS="260" VPOS="826" WIDTH="689" HEIGHT="27">
							<String ID="string_207" HPOS="260" VPOS="827" WIDTH="71" HEIGHT="19" WC="0.93" CONTENT="«Emot"/><SP WIDTH="14" VPOS="827" HPOS="331"/>
							<String ID="string_208" HPOS="345" VPOS="828" WIDTH="148" HEIGHT="24" WC="0.91" CONTENT="Lagutskottets"/><SP WIDTH="13" VPOS="828" HPOS="493"/>
							<String ID="string_209" HPOS="506" VPOS="828" WIDTH="124" HEIGHT="20" WC="0.96" CONTENT="betänkande"/><SP WIDTH="17" VPOS="828" HPOS="630"/>
							<String ID="string_210" HPOS="647" VPOS="828" WIDTH="5" HEIGHT="18" WC="0.93" CONTENT="i"/><SP WIDTH="20" VPOS="828" HPOS="652"/>
							<String ID="string_211" HPOS="672" VPOS="826" WIDTH="68" HEIGHT="26" WC="0.92" CONTENT="frågon"/><SP WIDTH="22" VPOS="826" HPOS="740"/>
							<String ID="string_212" HPOS="762" VPOS="832" WIDTH="32" HEIGHT="15" WC="0.92" CONTENT="om"/><SP WIDTH="20" VPOS="832" HPOS="794"/>
							<String ID="string_213" HPOS="814" VPOS="827" WIDTH="135" HEIGHT="26" WC="0.90" CONTENT="förmyndare-"/>
						</TextLine>
						<TextLine ID="line_25" HPOS="206" VPOS="852" WIDTH="467" HEIGHT="28">
							<String ID="string_214" HPOS="206" VPOS="853" WIDTH="49" HEIGHT="19" WC="0.95" CONTENT="vård"/><SP WIDTH="14" VPOS="853" HPOS="255"/>
							<String ID="string_215" HPOS="269" VPOS="852" WIDTH="31" HEIGHT="20" WC="0.96" CONTENT="får"/><SP WIDTH="12" VPOS="852" HPOS="300"/>
							<String ID="string_216" HPOS="312" VPOS="852" WIDTH="33" HEIGHT="28" WC="0.93" CONTENT="jag"/><SP WIDTH="14" VPOS="852" HPOS="345"/>
							<String ID="string_217" HPOS="359" VPOS="854" WIDTH="72" HEIGHT="25" WC="0.85" CONTENT="afgifva"/><SP WIDTH="14" VPOS="854" HPOS="431"/>
							<String ID="string_218" HPOS="445" VPOS="853" WIDTH="84" HEIGHT="26" WC="0.96" CONTENT="följande"/><SP WIDTH="15" VPOS="853" HPOS="529"/>
							<String ID="string_219" HPOS="544" VPOS="854" WIDTH="129" HEIGHT="20" WC="0.96" CONTENT="reservation:"/>
						</TextLine>
					</TextBlock>
					<TextBlock ID="block_5" HPOS="205" VPOS="880" WIDTH="745" HEIGHT="387">
						<TextLine ID="line_26" HPOS="259" VPOS="880" WIDTH="691" HEIGHT="25">
							<String ID="string_220" HPOS="259" VPOS="880" WIDTH="42" HEIGHT="18" WC="0.96" CONTENT="Den"/><SP WIDTH="13" VPOS="880" HPOS="301"/>
							<String ID="string_221" HPOS="314" VPOS="880" WIDTH="91" HEIGHT="25" WC="0.96" CONTENT="åsyftade"/><SP WIDTH="23" VPOS="880" HPOS="405"/>
							<String ID="string_222" HPOS="428" VPOS="885" WIDTH="134" HEIGHT="20" WC="0.95" CONTENT="noggrannare"/><SP WIDTH="14" VPOS="885" HPOS="562"/>
							<String ID="string_223" HPOS="576" VPOS="880" WIDTH="110" HEIGHT="19" WC="0.96" CONTENT="kontrollen"/><SP WIDTH="17" VPOS="880" HPOS="686"/>
							<String ID="string_224" HPOS="703" VPOS="880" WIDTH="57" HEIGHT="19" WC="0.96" CONTENT="öfver"/><SP WIDTH="16" VPOS="880" HPOS="760"/>
							<String ID="string_225" HPOS="776" VPOS="880" WIDTH="127" HEIGHT="25" WC="0.91" CONTENT="förmyndare"/><SP WIDTH="13" VPOS="880" HPOS="903"/>
							<String ID="string_226" HPOS="916" VPOS="885" WIDTH="34" HEIGHT="14" WC="0.92" CONTENT="an-"/>
						</TextLine>
						<TextLine ID="line_27" HPOS="207" VPOS="904" WIDTH="742" HEIGHT="28">
							<String ID="string_227" HPOS="207" VPOS="911" WIDTH="32" HEIGHT="13" WC="0.96" CONTENT="ser"/><SP WIDTH="13" VPOS="911" HPOS="239"/>
							<String ID="string_228" HPOS="252" VPOS="904" WIDTH="34" HEIGHT="27" WC="0.96" CONTENT="jag"/><SP WIDTH="14" VPOS="904" HPOS="286"/>
							<String ID="string_229" HPOS="300" VPOS="907" WIDTH="44" HEIGHT="18" WC="0.96" CONTENT="bäst"/><SP WIDTH="13" VPOS="907" HPOS="344"/>
							<String ID="string_230" HPOS="357" VPOS="907" WIDTH="66" HEIGHT="18" WC="0.96" CONTENT="kunna"/><SP WIDTH="16" VPOS="907" HPOS="423"/>
							<String ID="string_231" HPOS="439" VPOS="907" WIDTH="68" HEIGHT="18" WC="0.91" CONTENT="vinnas"/><SP WIDTH="15" VPOS="907" HPOS="507"/>
							<String ID="string_232" HPOS="522" VPOS="907" WIDTH="120" HEIGHT="25" WC="0.92" CONTENT="derigenom,"/><SP WIDTH="16" VPOS="907" HPOS="642"/>
							<String ID="string_233" HPOS="658" VPOS="908" WIDTH="27" HEIGHT="17" WC="0.96" CONTENT="att"/><SP WIDTH="14" VPOS="908" HPOS="685"/>
							<String ID="string_234" HPOS="699" VPOS="906" WIDTH="51" HEIGHT="25" WC="0.96" CONTENT="gode"/><SP WIDTH="13" VPOS="906" HPOS="750"/>
							<String ID="string_235" HPOS="763" VPOS="907" WIDTH="45" HEIGHT="18" WC="0.96" CONTENT="män"/><SP WIDTH="15" VPOS="907" HPOS="808"/>
							<String ID="string_236" HPOS="823" VPOS="906" WIDTH="20" HEIGHT="19" WC="0.93" CONTENT="af"/><SP WIDTH="15" VPOS="906" HPOS="843"/>
							<String ID="string_237" HPOS="858" VPOS="906" WIDTH="91" HEIGHT="19" WC="0.92" CONTENT="kommu-"/>
						</TextLine>
						<TextLine ID="line_28" HPOS="207" VPOS="931" WIDTH="742" HEIGHT="28">
							<String ID="string_238" HPOS="207" VPOS="937" WIDTH="60" HEIGHT="14" WC="0.90" CONTENT="nerne"/><SP WIDTH="15" VPOS="937" HPOS="267"/>
							<String ID="string_239" HPOS="282" VPOS="934" WIDTH="55" HEIGHT="18" WC="0.96" CONTENT="utses"/><SP WIDTH="14" VPOS="934" HPOS="337"/>
							<String ID="string_240" HPOS="351" VPOS="933" WIDTH="30" HEIGHT="18" WC="0.96" CONTENT="för"/><SP WIDTH="14" VPOS="933" HPOS="381"/>
							<String ID="string_241" HPOS="395" VPOS="935" WIDTH="28" HEIGHT="17" WC="0.96" CONTENT="att"/><SP WIDTH="14" VPOS="935" HPOS="423"/>
							<String ID="string_242" HPOS="437" VPOS="931" WIDTH="50" HEIGHT="21" WC="0.96" CONTENT="hålla"/><SP WIDTH="15" VPOS="931" HPOS="487"/>
							<String ID="string_243" HPOS="502" VPOS="934" WIDTH="64" HEIGHT="25" WC="0.96" CONTENT="tillsyn"/><SP WIDTH="16" VPOS="934" HPOS="566"/>
							<String ID="string_244" HPOS="582" VPOS="933" WIDTH="56" HEIGHT="19" WC="0.93" CONTENT="öfver"/><SP WIDTH="13" VPOS="933" HPOS="638"/>
							<String ID="string_245" HPOS="651" VPOS="932" WIDTH="189" HEIGHT="25" WC="0.92" CONTENT="förmynderskapen"/><SP WIDTH="14" VPOS="932" HPOS="840"/>
							<String ID="string_246" HPOS="854" VPOS="933" WIDTH="38" HEIGHT="18" WC="0.92" CONTENT="och"/><SP WIDTH="14" VPOS="933" HPOS="892"/>
							<String ID="string_247" HPOS="906" VPOS="932" WIDTH="43" HEIGHT="19" WC="0.92" CONTENT="full-"/>
						</TextLine>
						<TextLine ID="line_29" HPOS="206" VPOS="958" WIDTH="743" HEIGHT="27">
							<String ID="string_248" HPOS="206" VPOS="958" WIDTH="46" HEIGHT="25" WC="0.96" CONTENT="göra"/><SP WIDTH="15" VPOS="958" HPOS="252"/>
							<String ID="string_249" HPOS="267" VPOS="958" WIDTH="25" HEIGHT="19" WC="0.96" CONTENT="de"/><SP WIDTH="14" VPOS="958" HPOS="292"/>
							<String ID="string_250" HPOS="306" VPOS="958" WIDTH="121" HEIGHT="27" WC="0.92" CONTENT="åligganden,"/><SP WIDTH="16" VPOS="958" HPOS="427"/>
							<String ID="string_251" HPOS="443" VPOS="959" WIDTH="216" HEIGHT="25" WC="0.91" CONTENT="författningsförslaget"/><SP WIDTH="13" VPOS="959" HPOS="659"/>
							<String ID="string_252" HPOS="672" VPOS="959" WIDTH="111" HEIGHT="26" WC="0.92" CONTENT="uppdrager"/><SP WIDTH="14" VPOS="959" HPOS="783"/>
							<String ID="string_253" HPOS="797" VPOS="958" WIDTH="20" HEIGHT="20" WC="0.93" CONTENT="åt"/><SP WIDTH="10" VPOS="958" HPOS="817"/>
							<String ID="string_254" HPOS="827" VPOS="959" WIDTH="122" HEIGHT="19" WC="0.92" CONTENT="kommunal-"/>
						</TextLine>
						<TextLine ID="line_30" HPOS="208" VPOS="985" WIDTH="741" HEIGHT="25">
							<String ID="string_255" HPOS="208" VPOS="985" WIDTH="127" HEIGHT="24" WC="0.92" CONTENT="styrelserne."/><SP WIDTH="16" VPOS="985" HPOS="335"/>
							<String ID="string_256" HPOS="351" VPOS="986" WIDTH="29" HEIGHT="19" WC="0.96" CONTENT="En"/><SP WIDTH="15" VPOS="986" HPOS="380"/>
							<String ID="string_257" HPOS="395" VPOS="985" WIDTH="62" HEIGHT="20" WC="0.96" CONTENT="sådan"/><SP WIDTH="14" VPOS="985" HPOS="457"/>
							<String ID="string_258" HPOS="471" VPOS="985" WIDTH="107" HEIGHT="20" WC="0.96" CONTENT="institution"/><SP WIDTH="14" VPOS="985" HPOS="578"/>
							<String ID="string_259" HPOS="592" VPOS="987" WIDTH="22" HEIGHT="18" WC="0.96" CONTENT="är"/><SP WIDTH="14" VPOS="987" HPOS="614"/>
							<String ID="string_260" HPOS="628" VPOS="985" WIDTH="60" HEIGHT="20" WC="0.96" CONTENT="redan"/><SP WIDTH="14" VPOS="985" HPOS="688"/>
							<String ID="string_261" HPOS="702" VPOS="985" WIDTH="62" HEIGHT="20" WC="0.96" CONTENT="införd"/><SP WIDTH="17" VPOS="985" HPOS="764"/>
							<String ID="string_262" HPOS="781" VPOS="985" WIDTH="6" HEIGHT="20" WC="0.96" CONTENT="i"/><SP WIDTH="21" VPOS="985" HPOS="787"/>
							<String ID="string_263" HPOS="808" VPOS="985" WIDTH="81" HEIGHT="25" WC="0.96" CONTENT="Sverige"/><SP WIDTH="22" VPOS="985" HPOS="889"/>
							<String ID="string_264" HPOS="911" VPOS="986" WIDTH="38" HEIGHT="19" WC="0.96" CONTENT="och"/>
						</TextLine>
						<TextLine ID="line_31" HPOS="206" VPOS="1011" WIDTH="743" HEIGHT="26">
							<String ID="string_265" HPOS="206" VPOS="1011" WIDTH="36" HEIGHT="18" WC="0.96" CONTENT="har"/><SP WIDTH="15" VPOS="1011" HPOS="242"/>
							<String ID="string_266" HPOS="257" VPOS="1011" WIDTH="36" HEIGHT="19" WC="0.96" CONTENT="der"/><SP WIDTH="14" VPOS="1011" HPOS="293"/>
							<String ID="string_267" HPOS="307" VPOS="1012" WIDTH="52" HEIGHT="19" WC="0.96" CONTENT="visat"/><SP WIDTH="14" VPOS="1012" HPOS="359"/>
							<String ID="string_268" HPOS="373" VPOS="1011" WIDTH="30" HEIGHT="26" WC="0.96" CONTENT="sig"/><SP WIDTH="15" VPOS="1011" HPOS="403"/>
							<String ID="string_269" HPOS="418" VPOS="1017" WIDTH="47" HEIGHT="14" WC="0.96" CONTENT="vara"/><SP WIDTH="15" VPOS="1017" HPOS="465"/>
							<String ID="string_270" HPOS="480" VPOS="1012" WIDTH="159" HEIGHT="25" WC="0.95" CONTENT="ändamålsenlig."/><SP WIDTH="17" VPOS="1012" HPOS="639"/>
							<String ID="string_271" HPOS="656" VPOS="1013" WIDTH="42" HEIGHT="18" WC="0.96" CONTENT="Den"/><SP WIDTH="14" VPOS="1013" HPOS="698"/>
							<String ID="string_272" HPOS="712" VPOS="1012" WIDTH="66" HEIGHT="19" WC="0.96" CONTENT="kunde"/><SP WIDTH="14" VPOS="1012" HPOS="778"/>
							<String ID="string_273" HPOS="792" VPOS="1012" WIDTH="57" HEIGHT="19" WC="0.0" CONTENT="äfven:"/><SP WIDTH="14" VPOS="1012" HPOS="849"/>
							<String ID="string_274" HPOS="863" VPOS="1012" WIDTH="37" HEIGHT="19" WC="0.96" CONTENT="hos"/><SP WIDTH="15" VPOS="1012" HPOS="900"/>
							<String ID="string_275" HPOS="915" VPOS="1017" WIDTH="34" HEIGHT="14" WC="0.96" CONTENT="oss"/>
						</TextLine>
						<TextLine ID="line_32" HPOS="206" VPOS="1036" WIDTH="744" HEIGHT="26">
							<String ID="string_276" HPOS="206" VPOS="1036" WIDTH="150" HEIGHT="21" WC="0.70" CONTENT="åstadkommas"/><SP WIDTH="14" VPOS="1036" HPOS="356"/>
							<String ID="string_277" HPOS="370" VPOS="1037" WIDTH="6" HEIGHT="19" WC="0.93" CONTENT="i"/><SP WIDTH="14" VPOS="1037" HPOS="376"/>
							<String ID="string_278" HPOS="390" VPOS="1037" WIDTH="69" HEIGHT="25" WC="0.96" CONTENT="hvarje"/><SP WIDTH="15" VPOS="1037" HPOS="459"/>
							<String ID="string_279" HPOS="474" VPOS="1039" WIDTH="43" HEIGHT="20" WC="0.96" CONTENT="stad"/><SP WIDTH="15" VPOS="1039" HPOS="517"/>
							<String ID="string_280" HPOS="532" VPOS="1039" WIDTH="39" HEIGHT="19" WC="0.96" CONTENT="och"/><SP WIDTH="14" VPOS="1039" HPOS="571"/>
							<String ID="string_281" HPOS="585" VPOS="1039" WIDTH="63" HEIGHT="19" WC="0.93" CONTENT="borde"/><SP WIDTH="14" VPOS="1039" HPOS="648"/>
							<String ID="string_282" HPOS="662" VPOS="1037" WIDTH="77" HEIGHT="21" WC="0.96" CONTENT="således"/><SP WIDTH="14" VPOS="1037" HPOS="739"/>
							<String ID="string_283" HPOS="753" VPOS="1039" WIDTH="29" HEIGHT="19" WC="0.93" CONTENT="för"/><SP WIDTH="22" VPOS="1039" HPOS="782"/>
							<String ID="string_284" HPOS="804" VPOS="1038" WIDTH="146" HEIGHT="19" WC="0.79" CONTENT="staiskommu-"/>
						</TextLine>
						<TextLine ID="line_33" HPOS="206" VPOS="1064" WIDTH="744" HEIGHT="27">
							<String ID="string_285" HPOS="206" VPOS="1068" WIDTH="61" HEIGHT="15" WC="0.91" CONTENT="nerne"/><SP WIDTH="14" VPOS="1068" HPOS="267"/>
							<String ID="string_286" HPOS="281" VPOS="1064" WIDTH="128" HEIGHT="27" WC="0.91" CONTENT="ovilkorligen"/><SP WIDTH="14" VPOS="1064" HPOS="409"/>
							<String ID="string_287" HPOS="423" VPOS="1064" WIDTH="104" HEIGHT="25" WC="0.91" CONTENT="pähjudas."/><SP WIDTH="16" VPOS="1064" HPOS="527"/>
							<String ID="string_288" HPOS="543" VPOS="1065" WIDTH="27" HEIGHT="19" WC="0.92" CONTENT="Pä"/><SP WIDTH="15" VPOS="1065" HPOS="570"/>
							<String ID="string_289" HPOS="585" VPOS="1065" WIDTH="65" HEIGHT="19" WC="0.96" CONTENT="landet"/><SP WIDTH="15" VPOS="1065" HPOS="650"/>
							<String ID="string_290" HPOS="665" VPOS="1066" WIDTH="22" HEIGHT="18" WC="0.96" CONTENT="är"/><SP WIDTH="14" VPOS="1066" HPOS="687"/>
							<String ID="string_291" HPOS="701" VPOS="1065" WIDTH="37" HEIGHT="19" WC="0.90" CONTENT="den"/><SP WIDTH="13" VPOS="1065" HPOS="738"/>
							<String ID="string_292" HPOS="751" VPOS="1064" WIDTH="98" HEIGHT="20" WC="0.91" CONTENT="mähända"/><SP WIDTH="14" VPOS="1064" HPOS="849"/>
							<String ID="string_293" HPOS="863" VPOS="1065" WIDTH="44" HEIGHT="19" WC="0.93" CONTENT="icke"/><SP WIDTH="14" VPOS="1065" HPOS="907"/>
							<String ID="string_294" HPOS="921" VPOS="1066" WIDTH="29" HEIGHT="19" WC="0.87" CONTENT="of-"/>
						</TextLine>
						<TextLine ID="line_34" HPOS="206" VPOS="1089" WIDTH="744" HEIGHT="28">
							<String ID="string_295" HPOS="206" VPOS="1091" WIDTH="70" HEIGHT="18" WC="0.91" CONTENT="verallt"/><SP WIDTH="14" VPOS="1091" HPOS="276"/>
							<String ID="string_296" HPOS="290" VPOS="1090" WIDTH="72" HEIGHT="26" WC="0.93" CONTENT="möjlig."/><SP WIDTH="17" VPOS="1090" HPOS="362"/>
							<String ID="string_297" HPOS="379" VPOS="1089" WIDTH="63" HEIGHT="22" WC="0.92" CONTENT="Äfven"/><SP WIDTH="13" VPOS="1089" HPOS="442"/>
							<String ID="string_298" HPOS="455" VPOS="1091" WIDTH="201" HEIGHT="20" WC="0.79" CONTENT="landskommunerne"/><SP WIDTH="14" VPOS="1091" HPOS="656"/>
							<String ID="string_299" HPOS="670" VPOS="1091" WIDTH="62" HEIGHT="20" WC="0.96" CONTENT="borde"/><SP WIDTH="13" VPOS="1091" HPOS="732"/>
							<String ID="string_300" HPOS="745" VPOS="1091" WIDTH="52" HEIGHT="20" WC="0.91" CONTENT="dock"/><SP WIDTH="10" VPOS="1091" HPOS="797"/>
							<String ID="string_301" HPOS="807" VPOS="1092" WIDTH="75" HEIGHT="19" WC="0.83" CONTENT="lemnas"/><SP WIDTH="8" VPOS="1092" HPOS="882"/>
							<String ID="string_302" HPOS="890" VPOS="1092" WIDTH="60" HEIGHT="25" WC="0.96" CONTENT="öppet"/>
						</TextLine>
						<TextLine ID="line_35" HPOS="206" VPOS="1117" WIDTH="743" HEIGHT="27">
							<String ID="string_303" HPOS="206" VPOS="1119" WIDTH="34" HEIGHT="22" WC="0.95" CONTENT="att,"/><SP WIDTH="17" VPOS="1119" HPOS="240"/>
							<String ID="string_304" HPOS="257" VPOS="1122" WIDTH="35" HEIGHT="13" WC="0.96" CONTENT="om"/><SP WIDTH="14" VPOS="1122" HPOS="292"/>
							<String ID="string_305" HPOS="306" VPOS="1117" WIDTH="25" HEIGHT="20" WC="0.96" CONTENT="de"/><SP WIDTH="15" VPOS="1117" HPOS="331"/>
							<String ID="string_306" HPOS="346" VPOS="1117" WIDTH="21" HEIGHT="19" WC="0.93" CONTENT="sä"/><SP WIDTH="16" VPOS="1117" HPOS="367"/>
							<String ID="string_307" HPOS="383" VPOS="1117" WIDTH="68" HEIGHT="26" WC="0.96" CONTENT="önska,"/><SP WIDTH="17" VPOS="1117" HPOS="451"/>
							<String ID="string_308" HPOS="468" VPOS="1124" WIDTH="24" HEIGHT="13" WC="0.93" CONTENT="en"/><SP WIDTH="14" VPOS="1124" HPOS="492"/>
							<String ID="string_309" HPOS="506" VPOS="1117" WIDTH="61" HEIGHT="20" WC="0.93" CONTENT="sådan"/><SP WIDTH="15" VPOS="1117" HPOS="567"/>
							<String ID="string_310" HPOS="582" VPOS="1117" WIDTH="136" HEIGHT="27" WC="0.90" CONTENT="ävägabringa."/><SP WIDTH="16" VPOS="1117" HPOS="718"/>
							<String ID="string_311" HPOS="734" VPOS="1117" WIDTH="84" HEIGHT="25" WC="0.96" CONTENT="Endast,"/><SP WIDTH="20" VPOS="1117" HPOS="818"/>
							<String ID="string_312" HPOS="838" VPOS="1123" WIDTH="33" HEIGHT="14" WC="0.96" CONTENT="om"/><SP WIDTH="12" VPOS="1123" HPOS="871"/>
							<String ID="string_313" HPOS="883" VPOS="1117" WIDTH="34" HEIGHT="21" WC="0.93" CONTENT="det"/><SP WIDTH="10" VPOS="1117" HPOS="917"/>
							<String ID="string_314" HPOS="927" VPOS="1118" WIDTH="22" HEIGHT="26" WC="0.44" CONTENT="ej"/>
						</TextLine>
						<TextLine ID="line_36" HPOS="207" VPOS="1142" WIDTH="743" HEIGHT="28">
							<String ID="string_315" HPOS="207" VPOS="1142" WIDTH="53" HEIGHT="25" WC="0.96" CONTENT="sker,"/><SP WIDTH="16" VPOS="1142" HPOS="260"/>
							<String ID="string_316" HPOS="276" VPOS="1143" WIDTH="69" HEIGHT="25" WC="0.96" CONTENT="borde,"/><SP WIDTH="18" VPOS="1143" HPOS="345"/>
							<String ID="string_317" HPOS="363" VPOS="1144" WIDTH="59" HEIGHT="25" WC="0.95" CONTENT="enligt"/><SP WIDTH="13" VPOS="1144" HPOS="422"/>
							<String ID="string_318" HPOS="435" VPOS="1145" WIDTH="40" HEIGHT="18" WC="0.97" CONTENT="min"/><SP WIDTH="15" VPOS="1145" HPOS="475"/>
							<String ID="string_319" HPOS="490" VPOS="1144" WIDTH="65" HEIGHT="25" WC="0.96" CONTENT="tanke,"/><SP WIDTH="16" VPOS="1144" HPOS="555"/>
							<String ID="string_320" HPOS="571" VPOS="1144" WIDTH="38" HEIGHT="19" WC="0.96" CONTENT="den"/><SP WIDTH="14" VPOS="1144" HPOS="609"/>
							<String ID="string_321" HPOS="623" VPOS="1144" WIDTH="76" HEIGHT="20" WC="0.93" CONTENT="mindre"/><SP WIDTH="13" VPOS="1144" HPOS="699"/>
							<String ID="string_322" HPOS="712" VPOS="1145" WIDTH="127" HEIGHT="19" WC="0.73" CONTENT="verksamma"/><SP WIDTH="10" VPOS="1145" HPOS="839"/>
							<String ID="string_323" HPOS="849" VPOS="1146" WIDTH="60" HEIGHT="24" WC="0.73" CONTENT="utväg"/><SP WIDTH="8" VPOS="1146" HPOS="909"/>
							<String ID="string_324" HPOS="917" VPOS="1150" WIDTH="33" HEIGHT="14" WC="0.92" CONTENT="an-"/>
						</TextLine>
						<TextLine ID="line_37" HPOS="205" VPOS="1169" WIDTH="745" HEIGHT="27">
							<String ID="string_325" HPOS="205" VPOS="1169" WIDTH="51" HEIGHT="24" WC="0.92" CONTENT="litas,"/><SP WIDTH="17" VPOS="1169" HPOS="256"/>
							<String ID="string_326" HPOS="273" VPOS="1175" WIDTH="46" HEIGHT="13" WC="0.93" CONTENT="som"/><SP WIDTH="14" VPOS="1175" HPOS="319"/>
							<String ID="string_327" HPOS="333" VPOS="1170" WIDTH="148" HEIGHT="25" WC="0.92" CONTENT="Lagutskottets"/><SP WIDTH="14" VPOS="1170" HPOS="481"/>
							<String ID="string_328" HPOS="495" VPOS="1171" WIDTH="72" HEIGHT="25" WC="0.96" CONTENT="förslag"/><SP WIDTH="14" VPOS="1171" HPOS="567"/>
							<String ID="string_329" HPOS="581" VPOS="1171" WIDTH="5" HEIGHT="18" WC="0.96" CONTENT="i"/><SP WIDTH="15" VPOS="1171" HPOS="586"/>
							<String ID="string_330" HPOS="601" VPOS="1171" WIDTH="61" HEIGHT="19" WC="0.93" CONTENT="första"/><SP WIDTH="15" VPOS="1171" HPOS="662"/>
							<String ID="string_331" HPOS="677" VPOS="1171" WIDTH="123" HEIGHT="19" WC="0.95" CONTENT="alternativet"/><SP WIDTH="17" VPOS="1171" HPOS="800"/>
							<String ID="string_332" HPOS="817" VPOS="1171" WIDTH="25" HEIGHT="18" WC="0.91" CONTENT="till"/><SP WIDTH="15" VPOS="1171" HPOS="842"/>
							<String ID="string_333" HPOS="857" VPOS="1170" WIDTH="10" HEIGHT="25" WC="0.92" CONTENT="$"/><SP WIDTH="22" VPOS="1170" HPOS="867"/>
							<String ID="string_334" HPOS="889" VPOS="1172" WIDTH="10" HEIGHT="19" WC="0.77" CONTENT="1"/><SP WIDTH="23" VPOS="1172" HPOS="899"/>
							<String ID="string_335" HPOS="922" VPOS="1171" WIDTH="28" HEIGHT="19" WC="0.90" CONTENT="in-"/>
						</TextLine>
						<TextLine ID="line_38" HPOS="206" VPOS="1195" WIDTH="743" HEIGHT="28">
							<String ID="string_336" HPOS="206" VPOS="1195" WIDTH="93" HEIGHT="26" WC="0.90" CONTENT="nehäller,"/><SP WIDTH="15" VPOS="1195" HPOS="299"/>
							<String ID="string_337" HPOS="314" VPOS="1201" WIDTH="46" HEIGHT="14" WC="0.93" CONTENT="men"/><SP WIDTH="14" VPOS="1201" HPOS="360"/>
							<String ID="string_338" HPOS="374" VPOS="1196" WIDTH="45" HEIGHT="20" WC="0.96" CONTENT="icke"/><SP WIDTH="15" VPOS="1196" HPOS="419"/>
							<String ID="string_339" HPOS="434" VPOS="1197" WIDTH="4" HEIGHT="18" WC="0.93" CONTENT="i"/><SP WIDTH="16" VPOS="1197" HPOS="438"/>
							<String ID="string_340" HPOS="454" VPOS="1197" WIDTH="63" HEIGHT="26" WC="0.96" CONTENT="någon"/><SP WIDTH="15" VPOS="1197" HPOS="517"/>
							<String ID="string_341" HPOS="532" VPOS="1197" WIDTH="94" HEIGHT="19" WC="0.93" CONTENT="händelse"/><SP WIDTH="14" VPOS="1197" HPOS="626"/>
							<String ID="string_342" HPOS="640" VPOS="1197" WIDTH="158" HEIGHT="19" WC="0.92" CONTENT="handhafvandet"/><SP WIDTH="21" VPOS="1197" HPOS="798"/>
							<String ID="string_343" HPOS="819" VPOS="1197" WIDTH="21" HEIGHT="18" WC="0.75" CONTENT="af"/><SP WIDTH="18" VPOS="1197" HPOS="840"/>
							<String ID="string_344" HPOS="858" VPOS="1197" WIDTH="91" HEIGHT="26" WC="0.95" CONTENT="tillsynen"/>
						</TextLine>
						<TextLine ID="line_39" HPOS="206" VPOS="1221" WIDTH="744" HEIGHT="46">
							<String ID="string_345" HPOS="206" VPOS="1221" WIDTH="56" HEIGHT="46" WC="0.22" CONTENT="aven"/><SP WIDTH="14" VPOS="1221" HPOS="262"/>
							<String ID="string_346" HPOS="276" VPOS="1222" WIDTH="167" HEIGHT="26" WC="0.92" CONTENT="förmynderskap"/><SP WIDTH="13" VPOS="1222" HPOS="443"/>
							<String ID="string_347" HPOS="456" VPOS="1223" WIDTH="27" HEIGHT="25" WC="0.96" CONTENT="få,"/><SP WIDTH="16" VPOS="1223" HPOS="483"/>
							<String ID="string_348" HPOS="499" VPOS="1223" WIDTH="68" HEIGHT="20" WC="0.96" CONTENT="såsom"/><SP WIDTH="14" VPOS="1223" HPOS="567"/>
							<String ID="string_349" HPOS="581" VPOS="1223" WIDTH="93" HEIGHT="25" WC="0.93" CONTENT="hitintills,"/><SP WIDTH="15" VPOS="1223" HPOS="674"/>
							<String ID="string_350" HPOS="689" VPOS="1223" WIDTH="49" HEIGHT="20" WC="0.96" CONTENT="bero"/><SP WIDTH="14" VPOS="1223" HPOS="738"/>
							<String ID="string_351" HPOS="752" VPOS="1223" WIDTH="24" HEIGHT="26" WC="0.93" CONTENT="på"/><SP WIDTH="16" VPOS="1223" HPOS="776"/>
							<String ID="string_352" HPOS="792" VPOS="1223" WIDTH="114" HEIGHT="20" WC="0.92" CONTENT="frändernes"/><SP WIDTH="11" VPOS="1223" HPOS="906"/>
							<String ID="string_353" HPOS="917" VPOS="1229" WIDTH="33" HEIGHT="20" WC="0.88" CONTENT="go-"/>
						</TextLine>
					</TextBlock>
					<TextBlock ID="block_6" HPOS="221" VPOS="1247" WIDTH="272" HEIGHT="26">
						<TextLine ID="line_40" HPOS="221" VPOS="1247" WIDTH="272" HEIGHT="26">
							<String ID="string_354" HPOS="221" VPOS="1253" WIDTH="10" HEIGHT="14" WC="0.94" CONTENT="a"/><SP WIDTH="15" VPOS="1253" HPOS="231"/>
							<String ID="string_355" HPOS="246" VPOS="1247" WIDTH="53" HEIGHT="26" WC="0.94" CONTENT="vilja."/><SP WIDTH="191" VPOS="1247" HPOS="299"/>
							<String ID="string_356" HPOS="490" VPOS="1264" WIDTH="3" HEIGHT="1" WC="0.80" CONTENT="5"/>
						</TextLine>
					</TextBlock>
					<TextBlock ID="block_7" HPOS="206" VPOS="1275" WIDTH="743" HEIGHT="185">
						<TextLine ID="line_41" HPOS="260" VPOS="1275" WIDTH="689" HEIGHT="26">
							<String ID="string_357" HPOS="260" VPOS="1275" WIDTH="36" HEIGHT="25" WC="0.96" CONTENT="Jag"/><SP WIDTH="14" VPOS="1275" HPOS="296"/>
							<String ID="string_358" HPOS="310" VPOS="1280" WIDTH="58" HEIGHT="14" WC="0.96" CONTENT="anser"/><SP WIDTH="15" VPOS="1280" HPOS="368"/>
							<String ID="string_359" HPOS="383" VPOS="1276" WIDTH="68" HEIGHT="19" WC="0.96" CONTENT="vidare"/><SP WIDTH="14" VPOS="1276" HPOS="451"/>
							<String ID="string_360" HPOS="465" VPOS="1276" WIDTH="33" HEIGHT="20" WC="0.96" CONTENT="det"/><SP WIDTH="14" VPOS="1276" HPOS="498"/>
							<String ID="string_361" HPOS="512" VPOS="1281" WIDTH="47" HEIGHT="14" WC="0.96" CONTENT="vara"/><SP WIDTH="15" VPOS="1281" HPOS="559"/>
							<String ID="string_362" HPOS="574" VPOS="1277" WIDTH="58" HEIGHT="24" WC="0.96" CONTENT="högst"/><SP WIDTH="13" VPOS="1277" HPOS="632"/>
							<String ID="string_363" HPOS="645" VPOS="1276" WIDTH="105" HEIGHT="25" WC="0.96" CONTENT="betänkligt"/><SP WIDTH="22" VPOS="1276" HPOS="750"/>
							<String ID="string_364" HPOS="772" VPOS="1279" WIDTH="27" HEIGHT="16" WC="0.96" CONTENT="att"/><SP WIDTH="20" VPOS="1279" HPOS="799"/>
							<String ID="string_365" HPOS="819" VPOS="1276" WIDTH="75" HEIGHT="20" WC="0.93" CONTENT="belasta"/><SP WIDTH="21" VPOS="1276" HPOS="894"/>
							<String ID="string_366" HPOS="915" VPOS="1277" WIDTH="34" HEIGHT="19" WC="0.93" CONTENT="do-"/>
						</TextLine>
						<TextLine ID="line_42" HPOS="207" VPOS="1301" WIDTH="742" HEIGHT="26">
							<String ID="string_367" HPOS="207" VPOS="1306" WIDTH="67" HEIGHT="13" WC="0.96" CONTENT="maren"/><SP WIDTH="14" VPOS="1306" HPOS="274"/>
							<String ID="string_368" HPOS="288" VPOS="1301" WIDTH="46" HEIGHT="20" WC="0.95" CONTENT="med"/><SP WIDTH="15" VPOS="1301" HPOS="334"/>
							<String ID="string_369" HPOS="349" VPOS="1307" WIDTH="23" HEIGHT="13" WC="0.95" CONTENT="en"/><SP WIDTH="19" VPOS="1307" HPOS="372"/>
							<String ID="string_370" HPOS="391" VPOS="1303" WIDTH="113" HEIGHT="18" WC="0.96" CONTENT="omedelbar"/><SP WIDTH="19" VPOS="1303" HPOS="504"/>
							<String ID="string_371" HPOS="523" VPOS="1303" WIDTH="39" HEIGHT="18" WC="0.93" CONTENT="och"/><SP WIDTH="20" VPOS="1303" HPOS="562"/>
							<String ID="string_372" HPOS="582" VPOS="1303" WIDTH="92" HEIGHT="18" WC="0.90" CONTENT="minutiös"/><SP WIDTH="21" VPOS="1303" HPOS="674"/>
							<String ID="string_373" HPOS="695" VPOS="1303" WIDTH="83" HEIGHT="18" WC="0.92" CONTENT="kontroll"/><SP WIDTH="21" VPOS="1303" HPOS="778"/>
							<String ID="string_374" HPOS="799" VPOS="1303" WIDTH="98" HEIGHT="24" WC="0.91" CONTENT="deröfver,"/><SP WIDTH="20" VPOS="1303" HPOS="897"/>
							<String ID="string_375" HPOS="917" VPOS="1305" WIDTH="32" HEIGHT="16" WC="0.96" CONTENT="att"/>
						</TextLine>
						<TextLine ID="line_43" HPOS="206" VPOS="1326" WIDTH="742" HEIGHT="28">
							<String ID="string_376" HPOS="206" VPOS="1326" WIDTH="151" HEIGHT="26" WC="0.91" CONTENT="förmyndarene"/><SP WIDTH="13" VPOS="1326" HPOS="357"/>
							<String ID="string_377" HPOS="370" VPOS="1327" WIDTH="81" HEIGHT="25" WC="0.95" CONTENT="fullgöra"/><SP WIDTH="23" VPOS="1327" HPOS="451"/>
							<String ID="string_378" HPOS="474" VPOS="1328" WIDTH="30" HEIGHT="18" WC="0.93" CONTENT="sin"/><SP WIDTH="16" VPOS="1328" HPOS="504"/>
							<String ID="string_379" HPOS="520" VPOS="1327" WIDTH="257" HEIGHT="27" WC="0.87" CONTENT="redovisningsskyldighet,"/><SP WIDTH="22" VPOS="1327" HPOS="777"/>
							<String ID="string_380" HPOS="799" VPOS="1327" WIDTH="68" HEIGHT="20" WC="0.96" CONTENT="såsom"/><SP WIDTH="20" VPOS="1327" HPOS="867"/>
							<String ID="string_381" HPOS="887" VPOS="1328" WIDTH="61" HEIGHT="19" WC="0.92" CONTENT="första"/>
						</TextLine>
						<TextLine ID="line_44" HPOS="207" VPOS="1352" WIDTH="742" HEIGHT="26">
							<String ID="string_382" HPOS="207" VPOS="1352" WIDTH="123" HEIGHT="20" WC="0.96" CONTENT="alternativet"/><SP WIDTH="14" VPOS="1352" HPOS="330"/>
							<String ID="string_383" HPOS="344" VPOS="1353" WIDTH="25" HEIGHT="20" WC="0.93" CONTENT="till"/><SP WIDTH="16" VPOS="1353" HPOS="369"/>
							<String ID="string_384" HPOS="385" VPOS="1354" WIDTH="10" HEIGHT="24" WC="0.92" CONTENT="$"/><SP WIDTH="15" VPOS="1354" HPOS="395"/>
							<String ID="string_385" HPOS="410" VPOS="1354" WIDTH="11" HEIGHT="18" WC="0.96" CONTENT="6"/><SP WIDTH="15" VPOS="1354" HPOS="421"/>
							<String ID="string_386" HPOS="436" VPOS="1353" WIDTH="88" HEIGHT="20" WC="0.96" CONTENT="föreslår."/><SP WIDTH="16" VPOS="1353" HPOS="524"/>
							<String ID="string_387" HPOS="540" VPOS="1354" WIDTH="61" HEIGHT="19" WC="0.95" CONTENT="Utom"/><SP WIDTH="13" VPOS="1354" HPOS="601"/>
							<String ID="string_388" HPOS="614" VPOS="1354" WIDTH="34" HEIGHT="19" WC="0.96" CONTENT="det"/><SP WIDTH="14" VPOS="1354" HPOS="648"/>
							<String ID="string_389" HPOS="662" VPOS="1356" WIDTH="27" HEIGHT="17" WC="0.96" CONTENT="att"/><SP WIDTH="14" VPOS="1356" HPOS="689"/>
							<String ID="string_390" HPOS="703" VPOS="1354" WIDTH="94" HEIGHT="19" WC="0.96" CONTENT="domaren"/><SP WIDTH="17" VPOS="1354" HPOS="797"/>
							<String ID="string_391" HPOS="814" VPOS="1354" WIDTH="37" HEIGHT="20" WC="0.96" CONTENT="bör"/><SP WIDTH="20" VPOS="1354" HPOS="851"/>
							<String ID="string_392" HPOS="871" VPOS="1355" WIDTH="58" HEIGHT="19" WC="0.93" CONTENT="älven"/><SP WIDTH="14" VPOS="1355" HPOS="929"/>
							<String ID="string_393" HPOS="943" VPOS="1355" WIDTH="6" HEIGHT="18" WC="0.96" CONTENT="i"/>
						</TextLine>
						<TextLine ID="line_45" HPOS="206" VPOS="1378" WIDTH="743" HEIGHT="28">
							<String ID="string_394" HPOS="206" VPOS="1378" WIDTH="61" HEIGHT="20" WC="0.96" CONTENT="dessa"/><SP WIDTH="14" VPOS="1378" HPOS="267"/>
							<String ID="string_395" HPOS="281" VPOS="1378" WIDTH="38" HEIGHT="20" WC="0.96" CONTENT="mål"/><SP WIDTH="16" VPOS="1378" HPOS="319"/>
							<String ID="string_396" HPOS="335" VPOS="1378" WIDTH="18" HEIGHT="21" WC="0.96" CONTENT="få"/><SP WIDTH="15" VPOS="1378" HPOS="353"/>
							<String ID="string_397" HPOS="368" VPOS="1386" WIDTH="51" HEIGHT="13" WC="0.96" CONTENT="vara"/><SP WIDTH="14" VPOS="1386" HPOS="419"/>
							<String ID="string_398" HPOS="433" VPOS="1379" WIDTH="21" HEIGHT="21" WC="0.96" CONTENT="så"/><SP WIDTH="15" VPOS="1379" HPOS="454"/>
							<String ID="string_399" HPOS="469" VPOS="1380" WIDTH="81" HEIGHT="26" WC="0.96" CONTENT="mycket"/><SP WIDTH="15" VPOS="1380" HPOS="550"/>
							<String ID="string_400" HPOS="565" VPOS="1386" WIDTH="44" HEIGHT="14" WC="0.96" CONTENT="som"/><SP WIDTH="13" VPOS="1386" HPOS="609"/>
							<String ID="string_401" HPOS="622" VPOS="1380" WIDTH="74" HEIGHT="26" WC="0.96" CONTENT="möjligt"/><SP WIDTH="14" VPOS="1380" HPOS="696"/>
							<String ID="string_402" HPOS="710" VPOS="1380" WIDTH="82" HEIGHT="20" WC="0.96" CONTENT="domare"/><SP WIDTH="14" VPOS="1380" HPOS="792"/>
							<String ID="string_403" HPOS="806" VPOS="1382" WIDTH="38" HEIGHT="18" WC="0.96" CONTENT="och"/><SP WIDTH="15" VPOS="1382" HPOS="844"/>
							<String ID="string_404" HPOS="859" VPOS="1380" WIDTH="17" HEIGHT="26" WC="0.96" CONTENT="ej"/><SP WIDTH="15" VPOS="1380" HPOS="876"/>
							<String ID="string_405" HPOS="891" VPOS="1381" WIDTH="58" HEIGHT="25" WC="0.96" CONTENT="göras"/>
						</TextLine>
						<TextLine ID="line_46" HPOS="207" VPOS="1405" WIDTH="741" HEIGHT="28">
							<String ID="string_406" HPOS="207" VPOS="1405" WIDTH="25" HEIGHT="20" WC="0.94" CONTENT="till"/><SP WIDTH="17" VPOS="1405" HPOS="232"/>
							<String ID="string_407" HPOS="249" VPOS="1405" WIDTH="76" HEIGHT="20" WC="0.93" CONTENT="enskild"/><SP WIDTH="15" VPOS="1405" HPOS="325"/>
							<String ID="string_408" HPOS="340" VPOS="1407" WIDTH="151" HEIGHT="20" WC="0.91" CONTENT="rättsbevakare"/><SP WIDTH="14" VPOS="1407" HPOS="491"/>
							<String ID="string_409" HPOS="505" VPOS="1408" WIDTH="46" HEIGHT="19" WC="0.95" CONTENT="eller"/><SP WIDTH="22" VPOS="1408" HPOS="551"/>
							<String ID="string_410" HPOS="573" VPOS="1408" WIDTH="74" HEIGHT="19" WC="0.96" CONTENT="ombud"/><SP WIDTH="21" VPOS="1408" HPOS="647"/>
							<String ID="string_411" HPOS="668" VPOS="1408" WIDTH="37" HEIGHT="19" WC="0.96" CONTENT="och"/><SP WIDTH="21" VPOS="1408" HPOS="705"/>
							<String ID="string_412" HPOS="726" VPOS="1408" WIDTH="81" HEIGHT="19" WC="0.96" CONTENT="domare"/><SP WIDTH="21" VPOS="1408" HPOS="807"/>
							<String ID="string_413" HPOS="828" VPOS="1407" WIDTH="24" HEIGHT="26" WC="0.96" CONTENT="på"/><SP WIDTH="21" VPOS="1407" HPOS="852"/>
							<String ID="string_414" HPOS="873" VPOS="1413" WIDTH="75" HEIGHT="14" WC="0.96" CONTENT="samma"/>
						</TextLine>
						<TextLine ID="line_47" HPOS="207" VPOS="1431" WIDTH="742" HEIGHT="29">
							<String ID="string_415" HPOS="207" VPOS="1431" WIDTH="57" HEIGHT="26" WC="0.96" CONTENT="gång,"/><SP WIDTH="16" VPOS="1431" HPOS="264"/>
							<String ID="string_416" HPOS="280" VPOS="1434" WIDTH="34" HEIGHT="18" WC="0.93" CONTENT="äro"/><SP WIDTH="14" VPOS="1434" HPOS="314"/>
							<String ID="string_417" HPOS="328" VPOS="1433" WIDTH="171" HEIGHT="20" WC="0.91" CONTENT="underdomarene"/><SP WIDTH="13" VPOS="1433" HPOS="499"/>
							<String ID="string_418" HPOS="512" VPOS="1434" WIDTH="52" HEIGHT="20" WC="0.96" CONTENT="förut"/><SP WIDTH="14" VPOS="1434" HPOS="564"/>
							<String ID="string_419" HPOS="578" VPOS="1434" WIDTH="21" HEIGHT="19" WC="0.93" CONTENT="så"/><SP WIDTH="23" VPOS="1434" HPOS="599"/>
							<String ID="string_420" HPOS="622" VPOS="1434" WIDTH="110" HEIGHT="26" WC="0.92" CONTENT="betungade"/><SP WIDTH="20" VPOS="1434" HPOS="732"/>
							<String ID="string_421" HPOS="752" VPOS="1435" WIDTH="46" HEIGHT="19" WC="0.92" CONTENT="med"/><SP WIDTH="22" VPOS="1435" HPOS="798"/>
							<String ID="string_422" HPOS="820" VPOS="1434" WIDTH="129" HEIGHT="26" WC="0.89" CONTENT="tjenstegöro-"/>
						</TextLine>
					</TextBlock>
				</ComposedBlock>
			</PrintSpace>
		</Page>
	</Layout>
</alto>
