975 1792
260 132 73 24 Nådiga
343 133 141 23 Propositionen
497 134 36 18 N:o
545 134 30 17 22.
771 135 33 19 561

58 182 21 20 af
91 181 63 21 nöden
169 184 28 17 att
209 182 48 20 med
270 183 76 19 besked
356 183 38 19 och
406 183 100 20 önskvärd
515 182 100 28 framgång
624 183 45 21 leda
678 184 123 26 ungdomens

57 208 87 21 litterära
157 209 156 25 'undervisning.
344 209 58 20 Skola
418 209 25 21 dä
460 211 46 18 män
523 210 20 20 af
557 210 54 20 detta
628 211 42 25 slag
686 213 116 24 utestängas

58 234 43 21 från
114 235 123 25 deltagandet.
251 236 6 18 i
271 238 28 17 ett
312 236 190 26 kyrkoregemente,
521 236 36 20 der
573 236 24 20 de
613 237 46 19 med
672 239 43 17 stor
729 238 71 25 välsig-

57 262 55 20 nelse
126 261 65 20 kunde
205 262 68 25 verka,
289 262 49 19 blott
351 262 79 20 derföre
445 265 27 17 att
485 262 25 19 de
524 262 26 20 till
569 262 129 26 domkapitlet
712 264 88 19 hörande

55 287 111 26 tjensterna
184 288 63 19 blifvit
263 288 127 26 förknippade
406 289 47 20 med
469 290 29 18 ett
515 291 57 18 annat
588 289 59 26 yrke,
666 289 76 20 hvilket
759 289 43 20 må-

55 314 63 21 hända
134 315 21 18 är
170 314 37 20 lika
225 315 123 19 främmande
363 316 31 18 för
411 315 149 26 ifrågavarande.
576 321 107 19 personers
700 315 39 26 håg
756 322 44 14 som

55 341 31 20 för
99 341 60 19 deras
173 341 94 25 egentliga
282 341 88 26 kyrkliga
385 341 90 20 kallelse?
501 342 35 19 Eu
550 341 69 20 sådant
631 341 82 26 menligt
727 342 74 20 förhål-

55 367 57 20 lande
126 367 37 20 bör:
175 366 22 25 ju
211 366 40 20 förr
265 367 47 20 dess
324 368 62 19 hellre
394 369 119 24 upphäfvas.

106 394 45 19 Men
164 393 64 20 under
241 394 34 19 det
288 394 120 20 Utskottet:
403 389 17 36 i.
423 395 53 19 detta
490 394 93 21 afseende
593 394 17 25 ej
621 395 39 20 kan
674 395 50 26 hysa
738 395 62 26 några

55 420 70 20 tvifvel
139 426 34 13 om
186 420 53 20 hvad
253 425 44 15 som
312 421 36 19 bör
361 421 59 25 göras
434 421 47 20 eller
495 421 121 25 underlåtas,
631 422 38 19 har
683 421 118 20 Utskottet
790 416 14 34 i

54 447 67 20 andra:
130 446 106 20 afseenden
250 447 50 19 känt
313 447 25 19 de
352 446 131 27 svårigheter,
499 452 44 15 som
557 449 53 18 möta
625 447 33 20 vid
675 447 72 25 hvarje
762 449 39 18 för-

55 473 37 20 sök
106 475 28 17 att
147 473 26 26 på
187 475 29 18 ett
230 473 5 19 i
249 474 37 19 allo
297 473 90 26 lämpligt
396 475 38 18 och
444 473 161 26 ändamålsenligt
615 476 40 17 sätt
665 474 69 19 inrätta
744 473 57 21 dom-

54 499 98 26 kapitlens
166 499 137 26 organisation;
319 499 5 19 i
339 500 33 19 det
385 499 64 20 å:ena
464 501 54 20 sidan
532 500 38 20 den
585 500 90 25 religiösa
690 501 38 18 och
739 500 61 26 kyrk-

54 526 37 26 liga
106 526 118 25 erfarenhet,
241 531 43 14 som
299 526 100 20 erfordras
414 527 37 18 hos
468 527 57 19 deras
543 527 117 24 ledamöter,
679 527 64 19 skulle
761 527 38 20 tala

56 553 28 20 till
98 551 77 21 förmån
189 552 30 20 för
232 553 71 20 aktade
317 552 150 26 kyrkoherdars
481 553 118 20 tillsättande
613 553 25 20 till
653 553 59 20 dessa
725 553 76 24 platser

56 579 34 20 vid
105 579 214 25 stiftskonsistorierna,
335 579 83 20 emedah
432 580 36 19 här
481 585 54 14 mera
549 581 22 18 är
585 578 54 27 fråga
653 585 33 14 om
699 579 34 20 det
743 579 57 26 prak-

56 605 52 20 tiska
125 605 55 20 lifvet
196 608 25 17 än
239 611 32 14 om
289 606 121 19 theoretiska
427 606 60 25 läror,
506 611 55 15 mera
578 612 33 13 om
628 611 24 14 en
669 605 78 26 kristlig
763 605 38 20 och

57 631 79 27 kyrklig
150 632 66 19 vishet
229 633 24 18 än
269 637 32 14 om
316 632 144 25 vetenskapligt
474 632 125 26 skarpsinne;
617 637 46 14 men
679 631 44 20 frän
740 631 61 20 andra

57 658 55 20 sidan
126 659 39 18 kan
179 659 33 19 det
226 658 57 20 likväl
299 659 45 19 icke
358 659 68 25 nekas,
442 661 28 17 att
482 659 22 25 ju
518 659 25 20 de
557 659 100 24 examina,
676 664 43 14 som
737 658 6 19 i
761 658 39 20 Jen

57 685 118 20 förändrade
189 686 60 23 form,
265 685 80 20 hvilken
365 685 5 19 i
389 685 201 26 kyrkolagsförslaget
607 685 63 20 bli:vit
686 684 114 26 utvecklad,

58 712 47 20 böra
128 712 58 25 enligt
203 711 112 20 Utskottets
333 712 77 25 mening
426 712 129 23 fortfarande,
574 711 23 26 på
615 711 105 20 derstädes
741 710 58 25 (sidd.

59 738 114 25 132—136)
188 738 80 19 anförda
282 739 50 24 skäl,
349 738 32 20 vid
394 737 133 27 domkapitlen
541 738 91 20 anställas
645 737 46 20 med
702 737 100 20 blifvande

58 768 78 22 prester
151 765 38 19 och
204 767 97 23 pastorer,
317 765 103 19 förutsätta
434 765 64 19 större
513 765 110 25 theologisk
636 763 59 26 insigt
709 764 36 19 hos
756 769 47 14 exa-

57 791 140 25 minatorerna,
213 793 24 18 än
252 791 92 26 billigtvis
358 792 37 19 hos
409 791 138 26 kyrkoherdar
561 791 5 19 i
584 791 106 19 allmänhet
707 789 39 20 kan
763 790 39 19 for-

57 818 54 20 dras.
141 818 67 20 Härtill
223 819 91 19 kommer
328 820 34 23 att,
378 817 82 21 såframt
473 817 139 26 domkapitlets
626 817 108 20 ledamöter
751 816 52 20 efter

58 844 62 26 några
135 845 22 20 år
172 845 98 26 ombytas,
285 845 63 19 denna
362 844 66 20 tidtals
443 844 161 20 återkommande
618 843 111 25 omvexling
739 843 21 19 af
767 843 36 19 ka-

59 872 94 25 pitulares
174 871 65 20 måste
260 871 89 20 medföra
366 876 24 14 en
407 872 43 19 viss
467 871 130 26 ombytlighet
613 871 59 19 äfven
688 870 6 19 i
711 869 92 26 åtgärder

59 898 191 24 dersammastädes;
267 898 128 20 hvarförutan
409 898 34 19 det
457 897 101 26 ingalunda
570 898 21 18 är
601 895 108 21 önskvärdt
718 898 29 17 att
756 895 47 26 kyr-

59 925 100 20 koherdar
172 926 30 18 för
215 926 44 18 hela
273 924 63 20 denna
350 924 55 26 långa
419 925 27 19 tid
464 924 67 25 skiljas
547 923 51 20 ifrån
613 923 25 19 de
656 922 145 25 församlingar,

59 952 67 20 hvilka
140 952 25 20 de
181 950 23 26 pä
221 954 28 17 ett
262 952 88 19 utmärkt
364 952 39 18 sätt
416 950 97 25 förestått,
529 952 38 18 och
584 949 114 20 sedermera
715 948 88 25 återigen

59 978 98 26 aflägsnas
171 978 49 20 ifrån
235 978 143 25 domkapitlen,
397 979 35 17 när
449 978 24 19 de
488 978 30 19 väl
537 977 69 19 hunnit
623 976 79 19 komma
719 975 31 25 sig
763 974 19 20 in
796 974 6 20 i

59 1005 108 20 ärenderna
183 1007 50 17 samt
249 1005 66 19 vunnit
330 1004 56 25 insigt
400 1005 39 18 och
454 1010 49 13 vana
520 1003 33 19 vid
571 1003 58 19 deras
647 1001 166 25 behandling;—
804 997 12 36 .

54 1032 62 20 -älven
131 1037 34 14 om
176 1034 49 17 nan
239 1031 79 19 bortser
332 1030 42 20 från
388 1030 39 20 Jen
443 1030 110 25 menskliga
570 1028 122 25 svagheten,
710 1029 29 29 att
755 1028 47 19 män

60 1064 44 14 som
118 1058 64 20 blifvit
196 1062 51 15 vana
265 1060 28 16 att
306 1057 46 20 sitta
369 1058 5 18 i
391 1058 73 25 styret,
481 1056 6 20 i
503 1057 106 19 allmänhet
625 1055 60 19 hafva
702 1056 57 17 svärt
775 1055 29 17 att

58 1084 44 21 åter
116 1084 106 26 nedflyttas
237 1084 26 20 till
278 1089 24 14 en
317 1084 53 24 lägre
384 1083 113 25 befattning.
526 1082 37 21 Vid
578 1081 117 26 afvägandet
709 1080 21 19 af
742 1080 61 19 dessa

60 1112 39 20 och
113 1111 60 20 andra
188 1110 123 26 svårigheter
325 1111 36 19 har
375 1109 101 20 Utskottet
490 1111 47 18 trott
550 1109 30 25 sig
590 1108 59 25 hafva
659 1106 42 20 skäl
713 1108 28 17 att
750 1106 55 29 stad-

60 1144 23 14 na
98 1138 33 19 vid
145 1138 38 19 den
198 1136 176 26 sammansättning
387 1136 21 20 af
420 1136 139 25 domkapitlen,
575 1140 44 15 som
632 1134 7 19 i
653 1132 94 29 förslaget
760 1132 43 30 blif-

60 1166 28 18 vit
101 1164 99 24 förordad,
216 1163 57 25 (Kap.
290 1163 24 19 22
329 1162 10 26 $
357 1162 21 26 1)
395 1163 38 19 och
451 1163 58 25 enligt
525 1162 79 19 hvilken
620 1160 184 20 stiftskonsistoriet

60 1192 64 20 skullé
138 1191 80 19 komma
231 1192 29 17 att
273 1188 64 26 bestå,
352 1192 56 16 utom
422 1189 70 25 biskop
506 1189 37 19 och
557 1188 114 24 domprost,
689 1185 21 20 af
725 1187 79 25 tvenne

59 1217 138 21 ecclesiastika
211 1216 37 20 och
263 1222 24 13 en
302 1216 46 19 civil
361 1215 92 23 medlem;
469 1215 25 20 de
507 1214 54 20 förre
573 1214 109 25 prestmän,
698 1216 45 24 som
752 1216 52 19 Jem-

60 1247 21 17 te
94 1244 112 20 erfarenhet
219 1243 6 19 i
239 1243 91 30 kyrkliga
344 1242 161 25 angelägenheter
519 1241 103 19 innehafva
636 1238 101 30 grundliga
746 1237 57 19 theo-

60 1271 77 25 logiska
150 1270 88 24 insigter,
253 1268 118 26 ådagalagda
384 1268 68 20 såsom
466 1268 5 18 i
486 1268 45 24 kap.
547 1267 25 19 15
586 1267 11 24 $
611 1266 24 20 19
647 1265 24 29 af
683 1263 123 29 Kyrkolags-

62 1298 92 24 förslaget
168 1296 57 25 sagdt
238 1296 28 22 är,
283 1295 38 19 den
334 1294 84 20 sednare
432 1300 25 13 en
473 1300 45 13 man
531 1292 46 29 med
594 1290 109 29 bepröfvad
717 1288 87 32 juridisk

61 1323 85 24 bildning
161 1322 38 19 och
213 1321 117 20 erfarenhet.
360 1320 43 20 Och
415 1319 26 21 då
455 1320 54 19 Hans
519 1319 108 25 Kejserliga
636 1317 91 27 Majestät
737 1319 68 15 röran-

61 1350 25 20 de
100 1350 63 19 denne
177 1348 122 20 sistnämnde
313 1347 6 19 i
333 1346 61 20 nåder
407 1346 54 20 velat
475 1347 47 19 höra
537 1345 119 19 Ständernas
670 1346 88 19 mening,
771 1341 36 19 hu-

61 1376 71 20 ruvida
144 1380 25 14 en
184 1374 61 20 sådan
259 1374 44 19 civil
318 1373 125 20 embetsman
457 1372 33 20 vid
499 1371 133 25 Domkapitlet
641 1369 49 20 skall
700 1372 62 16 anses
771 1367 35 31 be-

61 1402 65 26 höflig,
142 1402 38 18 :och
195 1401 5 19 i
214 1401 54 19 detta
282 1400 32 20 fall
328 1400 62 20 under
404 1399 67 20 hvilka
485 1399 64 19 vilkor
563 1398 39 19 han
616 1397 36 27 der
663 1395 55 30 "skall
734 1394 73 28 anstäl-

62 1432 36 20 las,
115 1428 60 25 vågar
188 1426 107 23 Utskottet,
311 1426 53 18 hvad
377 1426 50 18 först
443 1424 94 20 behofvet
554 1424 21 18 af
589 1428 24 14 en
629 1421 95 26 juridiskt
741 1419 65 19 bildad

728 1455 24 17 36
