1003 1800
205 124 33 31 154
427 127 72 23 Nädiga
511 128 140 23 Propositionen
665 128 35 16 N:o
713 129 17 16 9.

208 178 124 25 lägenheter
332 172 10 35 ,
352 177 76 19 hvilkas
446 176 129 26 äbyggnader
592 177 59 19 redan
666 178 34 18 äro
714 177 48 19 eller
776 176 104 20 framdeles
894 176 59 20 blifva

209 204 26 19 till
254 204 111 24 försäkring
384 204 3 18 i
405 204 77 24 bolaget
498 206 94 23 antagna,
611 203 110 19 vidkännas
735 203 219 26 brandstodsbetalning

213 230 53 19 inom
284 230 82 19 häradet
384 230 46 19 eller
448 230 96 25 socknen,
564 230 89 19 kommer
668 229 3 19 i
687 228 44 26 följd
746 230 58 20 häraf
816 232 28 17 att
857 230 95 25 upphöra,

211 256 61 20 tillika
286 256 46 20 med
348 256 87 26 bolagets
450 258 38 18 rätt
502 260 28 16 att
544 256 60 20 sådan
618 256 98 26 betalning
730 256 29 20 för
773 261 75 15 samma
863 256 93 26 lägenhe-

208 286 31 17 ter
254 282 143 27 tillgodonjuta:
412 283 44 20 Och
471 282 72 27 åligger
557 283 88 25 bolagets
659 282 97 20 direktion
772 285 28 17 att
813 288 32 14 om
860 283 35 19 alla
910 283 46 19 der-

209 310 69 20 städes
295 310 26 19 till
341 310 110 25 försäkring
468 313 82 23 antagna
567 310 121 25 lägenheter,
708 310 66 19 hvilka
792 308 80 21 sålunda
893 310 62 19 varda

210 336 62 20 skilda
290 335 43 21 från
351 336 120 26 delaktighet
485 336 4 20 i
505 336 93 20 häradets
612 336 48 20 eller
674 336 98 20 socknens
787 336 168 20 brandstodsföre-

208 363 54 26 ning,
278 363 90 20 meddela
384 363 152 20 vederbörande
551 362 175 21 Häradsskrifvare
740 363 75 25 uppgift
829 365 52 17 samt
895 362 61 26 öfrige

208 389 228 21 brandstodsbetalande
451 396 73 19 genom
539 389 119 25 kungörelse
673 390 3 18 i
692 390 86 19 socknen
792 389 120 24 underrätta.

558 443 10 25 $
582 443 19 18 2.

261 481 36 20 Vill
312 481 235 20 hemmansinnehafvare
562 479 43 21 från
619 480 33 19 det
668 480 97 20 allmänna
779 481 76 24 bolaget
870 479 30 26 sig
909 480 45 20 skil-

207 507 19 26 ja
240 509 39 18 och
293 508 6 19 i
312 507 94 20 häradets
420 508 47 19 eller
482 507 98 20 socknens
594 506 209 25 brandstodsförening
817 505 43 20 åter
869 506 84 25 inträda,

208 534 32 19 må
258 534 95 25 rättighet
369 533 64 20 dertill
451 534 20 19 af
484 533 141 21 Häradsrätten
640 533 72 20 honom
725 533 132 24 tillerkännas,
874 539 33 14 om
920 533 34 20 det

210 561 21 20 af
245 560 123 20 sistnämnde
383 561 99 25 förenings
497 560 92 25 delegare
602 559 44 20 icke
659 563 109 22 motsäges,
785 561 82 18 hvarom
883 560 24 20 de
921 565 33 20 ge-

208 593 47 14 nom
271 587 71 20 allmän
360 587 80 20 kallelse
458 587 48 19 böra
524 589 63 17 sättas
602 586 4 19 i
622 586 71 20 tillfälle
707 589 29 17 att
750 586 48 20 inför
813 586 140 20 Häradsrätten

209 614 29 24 sig
252 614 69 20 utlåta.

557 666 11 26 $
582 667 19 19 3.

264 704 61 21 Hafva
343 704 42 20 från
404 705 81 19 härads-
501 705 47 19 eller
566 704 161 25 socknefören:ng
741 703 21 21 sä
777 703 69 28 många
861 705 93 26 lägenhe-

209 735 30 15 ter
254 730 100 26 öfvergätt
368 732 26 19 til
409 731 33 19 det
456 732 96 19 allmänna
567 730 205 26 brandstodsbolaget,
788 734 28 16 att
831 732 83 19 härads-
927 732 28 19 el-

208 759 29 19 ler
255 758 173 25 sockneförenings
446 757 135 21 bibehållande
599 757 63 19 finnes
682 757 44 19 icke
747 762 49 14 vara
816 758 30 19 för
866 758 25 19 de
911 758 43 19 deri

209 784 126 20 äterstäende
352 784 258 25 lägenhetsinnehafvarene
628 782 120 27 förmänligt,
767 784 36 20 och
821 784 58 20 äskar
902 784 52 26 förty

209 810 64 26 någon
293 810 21 20 af
333 811 46 19 dem
400 816 76 14 samma
498 810 99 26 förenings
613 810 127 25 upplösning,
760 815 35 21 ege
812 810 142 21 Häradsrätten

210 837 63 20 dertill
289 837 99 25 förordna,
404 836 22 20 sä
442 838 58 18 framt
514 837 34 20 det
562 838 50 19 efter
627 836 88 27 samtlige
725 836 126 26 Jelegarenes
861 837 92 20 inkallan-

215 864 25 19 de
254 864 39 19 och
309 863 87 21 hörande
409 863 97 25 befinnes,
522 866 26 18 att
563 864 25 20 de
601 864 57 19 fleste
672 863 68 19 derom
754 869 49 15 ense
817 866 42 17 äro.

559 917 10 26 $
583 918 19 18 4.

269 955 30 21 Uti
312 954 68 27 frågor
393 956 20 18 af
426 955 39 19 Jen
479 955 135 20 beskaffenhet
628 955 22 25 $$
664 955 12 19 2
690 956 38 19 och
743 956 10 19 3
769 956 122 25 omförmäla,
907 956 50 26 gälle

213 982 38 19 den
267 982 86 26 mening,
369 987 43 13 som
428 981 86 21 biträdes
528 983 21 18 af
561 982 25 19 de
595 982 57 19 fleste
662 982 215 21 tillstädeskommande
885 983 72 20 brand-

214 1008 147 20 stodsbetalare
377 1008 51 19 efter
445 1007 130 21 hufvudtalet.
607 1008 42 20 Den
666 1014 44 13 som
726 1008 46 20 med
790 1009 80 19 Rättens
891 1009 39 20 slut
950 1010 6 19 i

215 1034 66 26 dylika
296 1034 65 26 frågor
376 1034 43 20 icke
434 1034 81 26 ätnöjes,
531 1034 32 20 mä
578 1034 41 20 deri
634 1034 47 20 söka
694 1035 83 25 ändring
789 1036 36 19 hos
834 1036 87 25 Hofrätt,
931 1036 25 26 pä

214 1062 39 18 sält
268 1062 11 18 5
294 1061 10 25 $
319 1062 25 19 25
358 1061 81 25 kapitlet
452 1060 197 27 Rättegängs-balken
662 1062 116 25 medgifver.

422 1114 64 26 Enligt
506 1114 61 20 Hans
587 1113 135 27 Kejserliga
740 1114 122 26 Majestäts
879 1114 77 27 Nädiga

352 1140 114 27 befallning,
485 1142 67 24 gifven
570 1140 4 20 i
589 1140 104 25 Tsarskoje
708 1142 44 18 Selo
768 1142 37 19 den
821 1141 25 20 16
861 1140 42 26 (28)
918 1140 36 26 Maj

353 1167 57 20 1863.

476 1221 74 17 Alex.
563 1219 125 20 Armfelt.

680 1314 21 18 A.
713 1314 29 19 W.
752 1313 132 20 Wallensköld.
