995 1761
289 91 71 24 Nådiga
372 93 139 23 Propositionen
524 93 37 18 N:o
572 93 28 18 15.
782 93 34 19 409

76 142 38 20 Det
130 143 5 19 i
153 143 24 19 45
195 142 10 26 $
221 141 29 21 för
266 142 64 20 denna
347 143 94 20 händelse
458 143 109 26 föreslagna
581 143 63 25 straff,
660 143 36 20 har
709 143 58 20 äfven
781 149 34 13 an-

75 171 50 18 setts
143 174 47 15 vara
206 168 64 21 alltför
284 169 64 25 ringa,
366 175 46 14 men
429 169 83 20 emedan
529 170 26 19 de
570 170 53 24 skäl,
639 175 44 14 som
697 169 76 26 påkalla
787 171 28 18 ett

74 197 102 24 strängare
192 195 58 20 straff
263 195 29 19 för
309 195 37 20 den
363 201 55 19 man,
437 201 43 14 som
495 196 25 19 till
535 196 56 19 otukt
604 195 68 20 förfört
686 201 23 14 en
723 201 40 19 ung
776 197 39 19 och

73 222 91 19 oerfaren
181 222 82 25 qvinna,
282 221 44 20 icke
343 227 55 14 mera
414 223 34 18 äro
465 222 115 25 förhanden,
598 223 36 18 när
650 222 84 25 qvinnan
754 221 61 22 redan

74 247 64 20 blifvit
151 247 71 26 lägrad,
239 248 57 19 hafva
311 248 105 19 ständerne
429 248 29 20 till
472 247 149 26 ifrågavarande
630 243 9 35 $
634 247 72 27 gjort
715 250 28 17 ett
752 247 63 26 tillägg

74 273 76 21 hvilket
166 273 94 25 angäfve,
276 276 27 17 att
317 274 33 20 det
364 275 80 24 skärpta
457 277 94 17 ansvaret
564 274 44 21 icke.
622 274 62 19 borde
698 274 96 24 tillämpas
809 275 6 18 i

73 298 62 21 sådan
149 299 101 24 händelse,
266 302 28 16 att
307 300 38 19 den
359 300 63 25 ogifta
431 300 92 25 gvinnan,
539 299 79 22 oaktadt
632 300 30 19 sin
675 300 93 25 ungdom,
784 305 31 14 re-

74 325 39 21 dan
128 325 64 21 blifvit
204 325 75 25 lägrad.

128 352 94 25 Slutligen
236 352 59 20 hafva
309 352 107 20 ständerne
428 355 65 17 ansett
506 352 30 26 sig
549 353 47 20 böra
610 351 139 27 underdånigst
765 352 51 19 före-

73 377 37 26 slå,
126 381 28 17 att
167 378 39 20 den
220 378 6 20 i
242 379 24 20 17
281 378 10 25 $
304 378 161 21 förekommande
479 379 123 26 bestämning
616 384 32 14 om
663 378 62 26 tiden,
740 378 24 20 dä
779 378 37 21 den

73 404 147 26 ifrågavarande
234 404 135 26 författningen
384 405 63 20 skulle
461 405 56 21 träda
529 406 6 18 i
550 406 136 23 verksamhet,
697 405 74 19 lemnas
781 407 36 22 öp-

73 435 38 21 pen
128 431 29 20 för
173 431 63 20 Eders
254 430 108 27 Kejserliga
378 431 100 26 Majestäts
495 432 69 25 nådiga
581 430 130 21 förordnande
729 431 31 20 vid
777 430 40 20 för-

73 457 117 32 fattningens
205 457 132 26 kungörande,

127 485 26 18 På
160 483 79 20 anförde
246 485 49 23 skäl,
307 483 18 20 få
335 485 112 23 ständerne,
455 485 63 20 under
525 484 123 20 förklarande
654 484 34 20 det
694 483 38 20 den
739 483 78 26 nädigst

75 510 109 25 föreslagna
201 510 134 26 författningen
351 511 45 19 icke
409 511 76 20 kunnat
501 511 22 20 af
535 511 45 19 dem
594 509 116 21 oförändrad
725 512 88 23 antagas,

75 537 31 20 för
119 537 30 18 sin
163 536 31 20 del
208 535 140 27 underdänigst
361 537 78 20 besluta
453 543 23 14 en
485 537 108 26 sälydande
602 537 112 24 förordning
723 536 5 19 i
737 537 78 20 ämnet;

341 588 102 19 Förordning
468 587 92 29 angående
572 588 110 19 barnamord
694 588 47 18 samt
747 587 69 21 fosters

279 610 128 26 fördrifvande
420 616 20 14 och
464 611 110 23 utsättande,
587 609 21 23 så
620 611 34 19 ock
666 615 28 14 om
706 614 69 19 ansvar
784 610 33 21 för

280 638 51 14 vissa
343 634 34 21 fall
389 634 22 18 af
420 632 105 26 lägersmål.

337 674 45 20 Med
400 675 79 27 ändring
496 676 35 19 och
547 674 132 26 upphäfvande
697 674 23 26 af
730 673 12 19 1
757 674 33 19 och
804 673 13 19 2

279 702 34 27 JJ
331 703 26 20 16
377 703 76 25 kapitlet
472 702 211 27 Missgerningshalken,
703 701 72 21 sådane
793 701 24 20 de

279 731 46 26 lyda
339 732 16 26 ej
370 732 71 19 mindre
455 733 7 18 i
476 731 53 19 1734
542 730 32 20 års
589 731 31 26 lag
635 733 26 18 än
674 732 8 17 i
692 730 67 25 Kongl,
770 730 46 20 För-

279 759 102 27 ordningen
399 760 36 20 den
454 760 28 19 20
500 760 82 19 Januari
601 758 62 23 1779,
684 759 93 26 äfvensom
796 758 24 27 af

280 788 60 25 öfriga
355 789 114 25 paragrafer
485 789 7 17 i
509 794 72 13 samma
596 787 75 25 kapitel,
687 786 67 26 Kongl.
770 786 46 19 För:

279 816 55 20 budet
351 819 39 17 mot
406 816 113 19 barnamord
535 816 35 18 den
588 815 25 19 12
627 815 40 19 Juli
682 814 61 23 1750,
752 815 65 24 första

280 845 33 19 och
331 844 61 20 andra
409 846 125 18 momenterna
549 845 6 17 i
570 842 104 26 Kejserliga
689 842 128 26 Kungörelsen

280 872 96 26 angående
394 871 88 26 åtgärder
499 872 26 19 till
539 870 153 27 förekommande
711 871 23 24 af
749 869 67 20 barna-

280 900 53 20 mord
350 900 35 19 den
403 900 14 19 6
435 899 41 26 Maj
493 899 52 19 1861
563 901 48 17 samt
628 899 14 18 3
660 897 16 26 f
694 898 28 20 53
741 897 76 25 kapitlet

280 928 78 19 berörda
376 928 44 19 balk
432 928 58 25 jemte
507 927 67 26 Kongl.
595 926 78 26 Brefven
690 926 35 19 den
743 925 14 20 9
771 925 46 21 Juni

281 956 54 20 1780
350 957 34 19 och
398 956 35 20 den
447 955 25 22 14
482 956 79 26 Augusti
569 953 59 25 1784,
643 954 61 20 sävidt
718 955 98 19 sistnämn-

281 985 26 19 da
323 985 73 26 lagrum
414 985 33 19 och
463 985 133 25 författningar
610 982 51 26 angä
671 982 112 27 förändring
797 983 24 25 af

282 1013 55 24 böter,
353 1013 27 19 till
394 1012 62 20 hvilka
471 1014 68 24 gvinna
553 1013 29 20 för
596 1011 108 25 lönskaläge
718 1010 56 26 tredje
784 1011 34 19 och

275 1042 63 24 fjerde
355 1048 57 12 resan
429 1041 43 19 eller
489 1041 59 25 oftare
565 1040 71 22 dömes,
652 1040 94 25 äfvensom
760 1039 24 24 af
795 1038 23 20 de

276 1070 37 25 för
325 1070 55 26 öfrigt
395 1070 7 18 i
416 1069 93 19 särskilda
518 1068 138 26 författningar
664 1066 154 27 förekommande

282 1097 192 26 straffbestämmelser
485 1098 35 24 för
536 1096 56 23 brott,
608 1095 62 19 hvilka
684 1096 8 18 i
706 1094 61 20 denna
775 1095 42 25 för-

283 1126 77 25 ordning
378 1125 43 20 med
439 1132 70 13 ansvar
527 1124 99 26 beläggas,
644 1123 69 22 varder
729 1122 90 26 stadgadt

282 1160 40 13 som
331 1154 68 25 följer:

339 1180 48 27 1f.
418 1181 42 19 Har
477 1182 76 24 gvinna,
572 1186 40 13 som
629 1180 23 25 af
668 1179 60 26 oloflig
746 1178 72 20 beblan-

283 1209 49 20 delse
349 1209 59 26 blifvit
424 1209 101 25 hafvande,
543 1208 32 19 vid
586 1207 77 26 födseln
680 1207 44 19 eller
741 1207 79 25 derefter

282 1237 116 26 uppsåtligen
416 1237 58 19 dödat
491 1238 31 18 sitt
533 1237 71 24 foster,
623 1235 69 23 dömes,
708 1234 60 19 ehvad
777 1235 42 25 för-

283 1266 90 25 brytelsen
391 1265 68 19 skedde
475 1271 67 19 genom
559 1263 113 20 misshandel
690 1263 43 19 eller
741 1263 79 25 fostrets

284 1289 113 27 utsältande,
413 1293 43 19 eller
468 1299 66 19 genom
547 1291 139 20 underlåtenhet
700 1291 23 25 af
733 1290 36 23 det,
781 1296 39 13 som

283 1322 27 19 till
327 1321 42 20 dess
388 1321 126 19 bibehållande
531 1320 32 19 vid
580 1320 23 25 lif
617 1325 35 14 var
665 1319 70 25 nödigt,
751 1321 28 16 alt
787 1318 35 25 för

283 1349 113 20 barnamord
414 1349 60 19 hållas
492 1350 7 17 i
517 1348 73 20 tukthus
602 1346 48 27 från
669 1347 33 19 och
719 1346 42 19 med
772 1347 49 25 fyra

284 1378 26 19 till
329 1378 32 20 och
380 1377 43 20 med
442 1378 24 19 tio
486 1376 33 23 år;
535 1376 36 20 och
591 1375 47 23 den,
656 1381 40 14 som
713 1374 25 49 <
