1003 1764
206 116 36 32 194
419 119 70 23 Nådiga
501 119 139 23 Propositionen
652 118 37 18 N:o
701 118 27 18 11.

259 169 44 20 Med
320 170 62 19 denna
399 168 112 25 förordning
527 169 53 19 afses
597 167 17 26 ej
630 167 62 26 någon
706 167 82 26 ändring
802 166 5 20 i
821 166 125 21 härförinnan

207 196 99 20 tillkomna
323 196 39 19 och
375 196 20 18 af
407 195 115 25 regeringen
536 194 102 26 godkända
651 194 129 25 aktie-bolags
794 193 108 20 fastställda
916 198 31 14 re-

206 224 119 24 glementen.
346 225 4 2 '

381 316 23 19 I.
427 316 31 19 Om
469 316 52 24 tystä
532 316 47 19 eller
589 315 182 25 kommandit-bolag.

555 376 43 24 $1.

262 415 98 25 Upptager
374 412 52 20 finsk
441 413 129 25 medborgare
584 413 48 19 eller
646 413 59 26 öppet
718 413 66 26 bolag,
800 418 44 14 som
857 413 92 21 hanidels-

208 442 46 19 eller
262 440 158 20 industrirörelse
433 439 100 20 bedrifver
547 440 46 18 eller
607 439 89 19 bedrifva
710 440 40 25 vill,
765 440 27 19 till
806 439 91 26 delegare
906 440 42 20 Jeri

207 473 25 14 en
248 467 46 19 eller
308 465 48 20 flere
376 468 52 23 tysta
448 466 126 25 bolagsmän,
597 466 47 19 eller
661 465 99 21 såkallade
774 466 173 25 kommanditärer,

207 496 92 23 upprätte
313 492 71 20 derom
398 492 93 25 skriftligt
504 492 100 19 kontrakt.

555 544 10 26 $
579 545 20 19 2.

261 584 57 20 Detta
332 581 92 21 kontrakt
437 582 36 20 bör
487 580 106 21 innehålla:

262 611 40 18 4:0.
331 608 116 26 Fullständig
461 608 76 26 uppgift
550 607 11 20 å
575 608 38 20 den
627 609 48 19 eller
688 609 25 19 de
726 613 106 21 personers
842 615 59 14 namn
910 610 39 19 och

208 637 96 24 hemvist,
323 641 44 14 som
383 636 87 19 rörelsen
486 634 73 20 forestä
580 636 38 19 och
638 635 30 19 för
688 635 117 20 densamma
825 636 124 26 personligen

207 668 92 20 ansvara,
315 664 52 18 samt
380 661 12 20 å
405 662 100 19 rörelsens
519 660 89 21 föremål.

262 690 40 19 2:0.
331 687 106 20 Enahanda
450 687 76 26 uppgift
539 687 12 20 å
565 690 41 23 tyst
619 688 120 25 bolagsman,
754 687 63 26 jemte
829 689 93 26 beloppet
931 689 20 19 af

207 716 49 20 hans
271 716 69 19 insats.

261 743 40 18 3:0.
330 742 90 24 Bolagets
436 741 116 25 benämning
571 741 47 19 eller
638 740 71 26 firma,
731 741 39 19 och
790 744 56 17 orten
867 742 83 19 hvarest

208 769 46 19 dess
269 768 74 19 rörelse
357 767 91 19 kommer
461 769 29 16 att
504 766 108 21 bedrifvas.

261 796 40 18 4:0.
331 795 63 19 Sättet
407 794 52 18 huru
473 796 41 23 tyst
527 793 125 26 bolagsmans
666 793 57 20 andel
738 793 5 20 i
757 793 78 21 vinsten
850 794 48 20 skall
916 794 35 20 be-

208 821 72 20 räknas
296 822 39 19 och
353 821 130 24 bestämmas,
502 823 53 16 samt
571 821 52 18 huru
641 821 39 18 ofta
697 821 39 18 och
752 820 6 19 i
775 821 80 19 hvilken
869 821 82 25 ordning

207 847 126 26 redovisning
348 847 65 19 härför
427 846 49 19 skall
491 846 20 19 af
523 846 217 25 bolagsföreståndaren
754 847 90 26 afgifvas.

261 875 40 19 5:0.
329 873 61 21 Tiden
403 873 29 19 for
446 873 79 20 hvilken
539 874 76 25 bolaget
623 873 63 20 blifvit
694 873 99 26 ingånget,
805 873 67 20 derest
881 874 70 19 härom

208 901 201 20 öfverenskommelse
422 899 84 21 träffats.

556 953 11 27 $
580 953 20 20 3.

260 992 116 21 Kontraktet
392 992 57 24 skall,
469 991 6 19 i
491 992 44 20 stad
552 992 51 19 inom
620 991 71 25 fjorton
708 992 60 26 dagar
785 992 39 20 och
841 992 24 26 pä
885 992 66 21 landet

207 1019 33 20 vid
254 1021 56 18 nästa
324 1019 40 25 ting
377 1019 50 19 efter
441 1018 46 20 dess
502 1018 116 25 afslutande,
633 1021 72 23 upptes
719 1019 30 19 för
758 1018 152 21 Rädstufvurätt
925 1020 27 19 el-

206 1046 30 20 ler
253 1045 124 25 Häradsrätt,
396 1044 33 20 vid
449 1044 90 26 äfventyr
559 1047 28 17 att
606 1044 34 20 det
660 1044 56 25 eljest
736 1045 29 19 för
786 1045 76 25 ogiltigt
883 1050 66 15 anses.

206 1073 70 19 Rätten
290 1072 64 25 intage
368 1070 103 20 innehållet
485 1071 56 19 deraf
554 1070 119 26 fullständigt
686 1071 6 19 i
707 1071 35 19 sitt
754 1072 99 24 protokoll
867 1072 38 19 och
923 1072 27 19 lä-

207 1102 29 22 te,
254 1099 7 19 i
277 1098 95 20 händelse
389 1097 77 26 bolaget
482 1097 59 20 tillika
561 1097 73 25 antagit
656 1097 85 21 särskild
765 1098 119 25 benämning
905 1099 46 19 eller

207 1124 63 25 firma,
286 1125 70 19 härom
370 1123 25 26 på
409 1124 88 25 bolagets
511 1124 108 23 bekostnad
634 1123 62 21 införa
710 1124 116 25 kungörelse
839 1124 6 19 i
855 1124 96 20 allmänna

207 1152 127 24 tidningarne.
364 1150 55 20 Dock
436 1150 31 20 må
485 1151 6 18 i
507 1150 63 20 denna
587 1150 117 25 kungörelse
720 1152 43 24 tyst
776 1150 115 25 bolagsman
906 1151 44 19 icke

206 1178 124 25 namngifvas
345 1177 47 19 eller
406 1177 93 26 beloppet
512 1177 21 19 af
546 1177 49 19 hans
609 1177 63 19 insats
686 1182 72 21 yppas.

556 1229 11 25 $
581 1230 19 18 4.

259 1269 48 25 Tyst
323 1268 125 24 bolagsmans
465 1273 60 14 namn
543 1266 32 20 mä
592 1266 18 24 ej
628 1267 6 19 i
652 1267 87 25 bolagets
756 1266 57 21 firma
830 1267 53 26 ingå,
903 1268 48 19 eller

207 1294 48 20 hans
269 1294 119 24 delaktighet
401 1294 114 25 Jerigenom
529 1293 117 20 annorledes
659 1294 118 19 betecknas.
807 1292 5 4 *

557 1344 10 25 $
581 1344 19 19 5.

260 1383 48 26 Tyst
328 1382 114 26 bolagsman
462 1388 95 14 ansvarar
577 1382 29 20 för
626 1381 89 26 bolagets
732 1381 129 21 förbindelser
879 1382 70 20 endast

206 1410 45 20 med
266 1411 33 18 det
312 1410 169 25 penningebelopp
495 1410 47 19 eller
555 1409 38 20 den
608 1409 106 25 egendom,
729 1414 45 15 som
788 1409 36 20 han
839 1410 5 19 i
859 1410 88 19 rörelsen
