<?xml version="1.0" encoding="UTF-8"?>
<alto xmlns="http://www.loc.gov/standards/alto/ns-v3#" xmlns:xlink="http://www.w3.org/1999/xlink" xmlns:xsi="http://www.w3.org/2001/XMLSchema-instance" xsi:schemaLocation="http://www.loc.gov/standards/alto/ns-v3# http://www.loc.gov/alto/v3/alto-3-0.xsd">
	<Description>
		<MeasurementUnit>pixel</MeasurementUnit>
		<sourceImageInformation>
			<fileName>/tmp/tess_kgty2eeb_input.PNG</fileName>
		</sourceImageInformation>
		<OCRProcessing ID="OCR_0">
			<ocrProcessingStep>
				<processingSoftware>
					<softwareName>tesseract 5.3.4</softwareName>
				</processingSoftware>
			</ocrProcessingStep>
		</OCRProcessing>
	</Description>
	<Layout>
		<Page WIDTH="1003" HEIGHT="1825" PHYSICAL_IMG_NR="0" ID="page_0">
			<PrintSpace HPOS="0" VPOS="0" WIDTH="1003" HEIGHT="1825">
				<ComposedBlock ID="cblock_0" HPOS="280" VPOS="129" WIDTH="526" HEIGHT="25">
					<TextBlock ID="block_0" HPOS="280" VPOS="129" WIDTH="526" HEIGHT="25">
						<TextLine ID="line_0" HPOS="280" VPOS="129" WIDTH="526" HEIGHT="25">
							<String ID="string_0" HPOS="280" VPOS="129" WIDTH="70" HEIGHT="23" WC="0.88" CONTENT="Nådiga"/><SP WIDTH="12" VPOS="129" HPOS="350"/>
							<String ID="string_1" HPOS="362" VPOS="131" WIDTH="138" HEIGHT="23" WC="0.96" CONTENT="Propositionen"/><SP WIDTH="12" VPOS="131" HPOS="500"/>
							<String ID="string_2" HPOS="512" VPOS="132" WIDTH="37" HEIGHT="18" WC="0.96" CONTENT="N:o"/><SP WIDTH="13" VPOS="132" HPOS="549"/>
							<String ID="string_3" HPOS="562" VPOS="131" WIDTH="27" HEIGHT="19" WC="0.93" CONTENT="11."/><SP WIDTH="58" VPOS="131" HPOS="589"/>
							<String ID="string_4" HPOS="647" VPOS="138" WIDTH="2" HEIGHT="2" WC="0.59" CONTENT=":"/><SP WIDTH="123" VPOS="138" HPOS="649"/>
							<String ID="string_5" HPOS="772" VPOS="132" WIDTH="34" HEIGHT="20" WC="0.94" CONTENT="209"/>
						</TextLine>
					</TextBlock>
				</ComposedBlock>
				<ComposedBlock ID="cblock_1" HPOS="263" VPOS="182" WIDTH="542" HEIGHT="149">
					<TextBlock ID="block_1" HPOS="263" VPOS="182" WIDTH="542" HEIGHT="149">
						<TextLine ID="line_1" HPOS="508" VPOS="182" WIDTH="50" HEIGHT="26">
							<String ID="string_6" HPOS="508" VPOS="182" WIDTH="50" HEIGHT="26" WC="0.79" CONTENT="f4"/>
						</TextLine>
						<TextLine ID="line_2" HPOS="326" VPOS="220" WIDTH="479" HEIGHT="28">
							<String ID="string_7" HPOS="326" VPOS="220" WIDTH="118" HEIGHT="27" WC="0.95" CONTENT="Förändring"/><SP WIDTH="16" VPOS="220" HPOS="444"/>
							<String ID="string_8" HPOS="460" VPOS="223" WIDTH="24" HEIGHT="25" WC="0.96" CONTENT="af"/><SP WIDTH="10" VPOS="223" HPOS="484"/>
							<String ID="string_9" HPOS="494" VPOS="221" WIDTH="166" HEIGHT="26" WC="0.93" CONTENT="bolagsordningen"/><SP WIDTH="14" VPOS="221" HPOS="660"/>
							<String ID="string_10" HPOS="674" VPOS="228" WIDTH="33" HEIGHT="19" WC="0.92" CONTENT="ege"/><SP WIDTH="14" VPOS="228" HPOS="707"/>
							<String ID="string_11" HPOS="721" VPOS="223" WIDTH="16" HEIGHT="25" WC="0.89" CONTENT="ej"/><SP WIDTH="9" VPOS="223" HPOS="737"/>
							<String ID="string_12" HPOS="746" VPOS="224" WIDTH="59" HEIGHT="24" WC="0.91" CONTENT="giltig-"/>
						</TextLine>
						<TextLine ID="line_3" HPOS="267" VPOS="246" WIDTH="538" HEIGHT="29">
							<String ID="string_13" HPOS="267" VPOS="246" WIDTH="36" HEIGHT="25" WC="0.96" CONTENT="het,"/><SP WIDTH="14" VPOS="246" HPOS="303"/>
							<String ID="string_14" HPOS="317" VPOS="247" WIDTH="43" HEIGHT="21" WC="0.95" CONTENT="med"/><SP WIDTH="14" VPOS="247" HPOS="360"/>
							<String ID="string_15" HPOS="374" VPOS="249" WIDTH="71" HEIGHT="19" WC="0.96" CONTENT="mindre"/><SP WIDTH="13" VPOS="249" HPOS="445"/>
							<String ID="string_16" HPOS="458" VPOS="250" WIDTH="36" HEIGHT="19" WC="0.88" CONTENT="den"/><SP WIDTH="14" VPOS="250" HPOS="494"/>
							<String ID="string_17" HPOS="508" VPOS="249" WIDTH="69" HEIGHT="20" WC="0.93" CONTENT="varder"/><SP WIDTH="13" VPOS="249" HPOS="577"/>
							<String ID="string_18" HPOS="590" VPOS="250" WIDTH="115" HEIGHT="25" WC="0.92" CONTENT="stadfästad;"/><SP WIDTH="13" VPOS="250" HPOS="705"/>
							<String ID="string_19" HPOS="718" VPOS="251" WIDTH="34" HEIGHT="19" WC="0.96" CONTENT="och"/><SP WIDTH="8" VPOS="251" HPOS="752"/>
							<String ID="string_20" HPOS="760" VPOS="257" WIDTH="45" HEIGHT="13" WC="0.96" CONTENT="vare"/>
						</TextLine>
						<TextLine ID="line_4" HPOS="263" VPOS="276" WIDTH="540" HEIGHT="27">
							<String ID="string_21" HPOS="263" VPOS="276" WIDTH="71" HEIGHT="25" WC="0.51" CONTENT="jemväl"/><SP WIDTH="13" VPOS="276" HPOS="334"/>
							<String ID="string_22" HPOS="347" VPOS="283" WIDTH="30" HEIGHT="13" WC="0.95" CONTENT="om"/><SP WIDTH="14" VPOS="283" HPOS="377"/>
							<String ID="string_23" HPOS="391" VPOS="279" WIDTH="90" HEIGHT="19" WC="0.96" CONTENT="anmälan"/><SP WIDTH="13" VPOS="279" HPOS="481"/>
							<String ID="string_24" HPOS="494" VPOS="278" WIDTH="34" HEIGHT="19" WC="0.93" CONTENT="hos"/><SP WIDTH="16" VPOS="278" HPOS="528"/>
							<String ID="string_25" HPOS="544" VPOS="276" WIDTH="71" HEIGHT="20" WC="0.96" CONTENT="Rätten"/><SP WIDTH="14" VPOS="276" HPOS="615"/>
							<String ID="string_26" HPOS="629" VPOS="278" WIDTH="24" HEIGHT="25" WC="0.96" CONTENT="af"/><SP WIDTH="11" VPOS="278" HPOS="653"/>
							<String ID="string_27" HPOS="664" VPOS="276" WIDTH="61" HEIGHT="21" WC="0.93" CONTENT="sådan"/><SP WIDTH="11" VPOS="276" HPOS="725"/>
							<String ID="string_28" HPOS="736" VPOS="279" WIDTH="67" HEIGHT="24" WC="0.92" CONTENT="förän-"/>
						</TextLine>
						<TextLine ID="line_5" HPOS="267" VPOS="303" WIDTH="344" HEIGHT="28">
							<String ID="string_29" HPOS="267" VPOS="303" WIDTH="55" HEIGHT="26" WC="0.92" CONTENT="dring"/><SP WIDTH="14" VPOS="303" HPOS="322"/>
							<String ID="string_30" HPOS="336" VPOS="304" WIDTH="31" HEIGHT="26" WC="0.96" CONTENT="lag"/><SP WIDTH="15" VPOS="304" HPOS="367"/>
							<String ID="string_31" HPOS="382" VPOS="311" WIDTH="39" HEIGHT="13" WC="0.96" CONTENT="som"/><SP WIDTH="14" VPOS="311" HPOS="421"/>
							<String ID="string_32" HPOS="435" VPOS="306" WIDTH="7" HEIGHT="18" WC="0.92" CONTENT="i"/><SP WIDTH="14" VPOS="306" HPOS="442"/>
							<String ID="string_33" HPOS="456" VPOS="306" WIDTH="12" HEIGHT="24" WC="0.91" CONTENT="$"/><SP WIDTH="16" VPOS="306" HPOS="468"/>
							<String ID="string_34" HPOS="484" VPOS="306" WIDTH="14" HEIGHT="19" WC="0.93" CONTENT="3"/><SP WIDTH="14" VPOS="306" HPOS="498"/>
							<String ID="string_35" HPOS="512" VPOS="305" WIDTH="57" HEIGHT="26" WC="0.93" CONTENT="sagdi"/><SP WIDTH="12" VPOS="305" HPOS="569"/>
							<String ID="string_36" HPOS="581" VPOS="308" WIDTH="30" HEIGHT="18" WC="0.96" CONTENT="är."/>
						</TextLine>
					</TextBlock>
				</ComposedBlock>
				<ComposedBlock ID="cblock_2" HPOS="263" VPOS="362" WIDTH="541" HEIGHT="264">
					<TextBlock ID="block_2" HPOS="508" VPOS="362" WIDTH="50" HEIGHT="27">
						<TextLine ID="line_6" HPOS="508" VPOS="362" WIDTH="50" HEIGHT="27">
							<String ID="string_37" HPOS="508" VPOS="362" WIDTH="17" HEIGHT="27" WC="0.84" CONTENT="g"/><SP WIDTH="13" VPOS="362" HPOS="525"/>
							<String ID="string_38" HPOS="538" VPOS="363" WIDTH="20" HEIGHT="18" WC="0.83" CONTENT="5."/>
						</TextLine>
					</TextBlock>
					<TextBlock ID="block_3" HPOS="263" VPOS="401" WIDTH="541" HEIGHT="225">
						<TextLine ID="line_7" HPOS="323" VPOS="401" WIDTH="480" HEIGHT="28">
							<String ID="string_39" HPOS="323" VPOS="401" WIDTH="30" HEIGHT="20" WC="0.92" CONTENT="De"/><SP WIDTH="14" VPOS="401" HPOS="353"/>
							<String ID="string_40" HPOS="367" VPOS="402" WIDTH="111" HEIGHT="26" WC="0.90" CONTENT="sysslömän,"/><SP WIDTH="16" VPOS="402" HPOS="478"/>
							<String ID="string_41" HPOS="494" VPOS="409" WIDTH="40" HEIGHT="14" WC="0.96" CONTENT="som"/><SP WIDTH="14" VPOS="409" HPOS="534"/>
							<String ID="string_42" HPOS="548" VPOS="405" WIDTH="65" HEIGHT="23" WC="0.93" CONTENT="utgöra"/><SP WIDTH="16" VPOS="405" HPOS="613"/>
							<String ID="string_43" HPOS="629" VPOS="403" WIDTH="81" HEIGHT="26" WC="0.90" CONTENT="bolagets"/><SP WIDTH="10" VPOS="403" HPOS="710"/>
							<String ID="string_44" HPOS="720" VPOS="404" WIDTH="83" HEIGHT="25" WC="0.90" CONTENT="styrelse,"/>
						</TextLine>
						<TextLine ID="line_8" HPOS="267" VPOS="429" WIDTH="536" HEIGHT="27">
							<String ID="string_45" HPOS="267" VPOS="430" WIDTH="79" HEIGHT="25" WC="0.66" CONTENT="ege-för"/><SP WIDTH="14" VPOS="430" HPOS="346"/>
							<String ID="string_46" HPOS="360" VPOS="429" WIDTH="72" HEIGHT="27" WC="0.96" CONTENT="bolaget"/><SP WIDTH="14" VPOS="429" HPOS="432"/>
							<String ID="string_47" HPOS="446" VPOS="431" WIDTH="39" HEIGHT="19" WC="0.96" CONTENT="tala"/><SP WIDTH="14" VPOS="431" HPOS="485"/>
							<String ID="string_48" HPOS="499" VPOS="431" WIDTH="34" HEIGHT="20" WC="0.93" CONTENT="och"/><SP WIDTH="9" VPOS="431" HPOS="533"/>
							<String ID="string_49" HPOS="542" VPOS="437" WIDTH="58" HEIGHT="13" WC="0.96" CONTENT="svara"/><SP WIDTH="13" VPOS="437" HPOS="600"/>
							<String ID="string_50" HPOS="613" VPOS="433" WIDTH="49" HEIGHT="17" WC="0.95" CONTENT="samt"/><SP WIDTH="10" VPOS="433" HPOS="662"/>
							<String ID="string_51" HPOS="672" VPOS="431" WIDTH="45" HEIGHT="19" WC="0.96" CONTENT="böra"/><SP WIDTH="10" VPOS="431" HPOS="717"/>
							<String ID="string_52" HPOS="727" VPOS="432" WIDTH="39" HEIGHT="19" WC="0.93" CONTENT="alla"/><SP WIDTH="10" VPOS="432" HPOS="766"/>
							<String ID="string_53" HPOS="776" VPOS="433" WIDTH="27" HEIGHT="23" WC="0.83" CONTENT="af-"/>
						</TextLine>
						<TextLine ID="line_9" HPOS="266" VPOS="457" WIDTH="538" HEIGHT="27">
							<String ID="string_54" HPOS="266" VPOS="457" WIDTH="119" HEIGHT="26" WC="0.86" CONTENT="handlingar,"/><SP WIDTH="15" VPOS="457" HPOS="385"/>
							<String ID="string_55" HPOS="400" VPOS="464" WIDTH="40" HEIGHT="13" WC="0.95" CONTENT="som"/><SP WIDTH="14" VPOS="464" HPOS="440"/>
							<String ID="string_56" HPOS="454" VPOS="459" WIDTH="23" HEIGHT="19" WC="0.95" CONTENT="de"/><SP WIDTH="8" VPOS="459" HPOS="477"/>
							<String ID="string_57" HPOS="485" VPOS="460" WIDTH="36" HEIGHT="24" WC="0.96" CONTENT="för"/><SP WIDTH="14" VPOS="460" HPOS="521"/>
							<String ID="string_58" HPOS="535" VPOS="459" WIDTH="72" HEIGHT="24" WC="0.96" CONTENT="bolaget"/><SP WIDTH="14" VPOS="459" HPOS="607"/>
							<String ID="string_59" HPOS="621" VPOS="459" WIDTH="51" HEIGHT="25" WC="0.96" CONTENT="ingå,"/><SP WIDTH="8" VPOS="459" HPOS="672"/>
							<String ID="string_60" HPOS="680" VPOS="459" WIDTH="124" HEIGHT="20" WC="0.96" CONTENT="underteckna"/>
						</TextLine>
						<TextLine ID="line_10" HPOS="267" VPOS="484" WIDTH="536" HEIGHT="31">
							<String ID="string_61" HPOS="267" VPOS="485" WIDTH="12" HEIGHT="19" WC="0.81" CONTENT="ä"/><SP WIDTH="16" VPOS="485" HPOS="279"/>
							<String ID="string_62" HPOS="295" VPOS="484" WIDTH="81" HEIGHT="27" WC="0.96" CONTENT="bolagets"/><SP WIDTH="19" VPOS="484" HPOS="376"/>
							<String ID="string_63" HPOS="395" VPOS="489" WIDTH="73" HEIGHT="22" WC="0.96" CONTENT="vägnar"/><SP WIDTH="18" VPOS="489" HPOS="468"/>
							<String ID="string_64" HPOS="486" VPOS="487" WIDTH="34" HEIGHT="19" WC="0.95" CONTENT="och"/><SP WIDTH="16" VPOS="487" HPOS="520"/>
							<String ID="string_65" HPOS="536" VPOS="487" WIDTH="44" HEIGHT="28" WC="0.93" CONTENT="med"/><SP WIDTH="17" VPOS="487" HPOS="580"/>
							<String ID="string_66" HPOS="597" VPOS="487" WIDTH="107" HEIGHT="20" WC="0.94" CONTENT="utsättande"/><SP WIDTH="20" VPOS="487" HPOS="704"/>
							<String ID="string_67" HPOS="724" VPOS="488" WIDTH="24" HEIGHT="23" WC="0.96" CONTENT="af"/><SP WIDTH="14" VPOS="488" HPOS="748"/>
							<String ID="string_68" HPOS="762" VPOS="487" WIDTH="41" HEIGHT="20" WC="0.96" CONTENT="dess"/>
						</TextLine>
						<TextLine ID="line_11" HPOS="265" VPOS="514" WIDTH="538" HEIGHT="27">
							<String ID="string_69" HPOS="265" VPOS="516" WIDTH="85" HEIGHT="23" WC="0.82" CONTENT="antagna"/><SP WIDTH="18" VPOS="516" HPOS="350"/>
							<String ID="string_70" HPOS="368" VPOS="514" WIDTH="117" HEIGHT="26" WC="0.93" CONTENT="benämning."/><SP WIDTH="28" VPOS="514" HPOS="485"/>
							<String ID="string_71" HPOS="513" VPOS="515" WIDTH="65" HEIGHT="26" WC="0.84" CONTENT="Åligge"/><SP WIDTH="17" VPOS="515" HPOS="578"/>
							<String ID="string_72" HPOS="595" VPOS="515" WIDTH="34" HEIGHT="19" WC="0.92" CONTENT="ock"/><SP WIDTH="20" VPOS="515" HPOS="629"/>
							<String ID="string_73" HPOS="649" VPOS="515" WIDTH="154" HEIGHT="26" WC="0.92" CONTENT="bolagsstyrelsen"/>
						</TextLine>
						<TextLine ID="line_12" HPOS="265" VPOS="542" WIDTH="538" HEIGHT="27">
							<String ID="string_74" HPOS="265" VPOS="544" WIDTH="29" HEIGHT="17" WC="0.86" CONTENT="att"/><SP WIDTH="13" VPOS="544" HPOS="294"/>
							<String ID="string_75" HPOS="307" VPOS="543" WIDTH="9" HEIGHT="18" WC="0.62" CONTENT="6"/><SP WIDTH="7" VPOS="543" HPOS="316"/>
							<String ID="string_76" HPOS="323" VPOS="542" WIDTH="97" HEIGHT="20" WC="0.93" CONTENT="allmänna"/><SP WIDTH="10" VPOS="542" HPOS="420"/>
							<String ID="string_77" HPOS="430" VPOS="543" WIDTH="116" HEIGHT="26" WC="0.90" CONTENT="tidningarne"/><SP WIDTH="10" VPOS="543" HPOS="546"/>
							<String ID="string_78" HPOS="556" VPOS="543" WIDTH="89" HEIGHT="25" WC="0.92" CONTENT="kungöra,"/><SP WIDTH="12" VPOS="543" HPOS="645"/>
							<String ID="string_79" HPOS="657" VPOS="544" WIDTH="23" HEIGHT="25" WC="0.96" CONTENT="af"/><SP WIDTH="12" VPOS="544" HPOS="680"/>
							<String ID="string_80" HPOS="692" VPOS="543" WIDTH="61" HEIGHT="20" WC="0.91" CONTENT="hvilka"/><SP WIDTH="8" VPOS="543" HPOS="753"/>
							<String ID="string_81" HPOS="761" VPOS="550" WIDTH="42" HEIGHT="19" WC="0.93" CONTENT="per-"/>
						</TextLine>
						<TextLine ID="line_13" HPOS="265" VPOS="570" WIDTH="537" HEIGHT="27">
							<String ID="string_82" HPOS="265" VPOS="575" WIDTH="57" HEIGHT="15" WC="0.75" CONTENT="soner"/><SP WIDTH="13" VPOS="575" HPOS="322"/>
							<String ID="string_83" HPOS="335" VPOS="570" WIDTH="59" HEIGHT="25" WC="0.92" CONTENT="sagde"/><SP WIDTH="14" VPOS="570" HPOS="394"/>
							<String ID="string_84" HPOS="408" VPOS="571" WIDTH="76" HEIGHT="26" WC="0.95" CONTENT="styrelse"/><SP WIDTH="14" VPOS="571" HPOS="484"/>
							<String ID="string_85" HPOS="498" VPOS="571" WIDTH="68" HEIGHT="24" WC="0.96" CONTENT="består,"/><SP WIDTH="16" VPOS="571" HPOS="566"/>
							<String ID="string_86" HPOS="582" VPOS="571" WIDTH="34" HEIGHT="19" WC="0.96" CONTENT="och"/><SP WIDTH="9" VPOS="571" HPOS="616"/>
							<String ID="string_87" HPOS="625" VPOS="571" WIDTH="63" HEIGHT="20" WC="0.93" CONTENT="hvilka"/><SP WIDTH="4" VPOS="571" HPOS="688"/>
							<String ID="string_88" HPOS="692" VPOS="571" WIDTH="110" HEIGHT="26" WC="0.92" CONTENT="förändrin-"/>
						</TextLine>
						<TextLine ID="line_14" HPOS="263" VPOS="598" WIDTH="309" HEIGHT="28">
							<String ID="string_89" HPOS="263" VPOS="605" WIDTH="38" HEIGHT="19" WC="0.96" CONTENT="gar"/><SP WIDTH="13" VPOS="605" HPOS="301"/>
							<String ID="string_90" HPOS="314" VPOS="598" WIDTH="43" HEIGHT="20" WC="0.96" CONTENT="dess"/><SP WIDTH="13" VPOS="598" HPOS="357"/>
							<String ID="string_91" HPOS="370" VPOS="599" WIDTH="89" HEIGHT="25" WC="0.93" CONTENT="personal"/><SP WIDTH="13" VPOS="599" HPOS="459"/>
							<String ID="string_92" HPOS="472" VPOS="599" WIDTH="100" HEIGHT="27" WC="0.92" CONTENT="undergår."/>
						</TextLine>
					</TextBlock>
				</ComposedBlock>
				<ComposedBlock ID="cblock_3" HPOS="257" VPOS="657" WIDTH="544" HEIGHT="516">
					<TextBlock ID="block_4" HPOS="505" VPOS="657" WIDTH="51" HEIGHT="27">
						<TextLine ID="line_15" HPOS="505" VPOS="657" WIDTH="51" HEIGHT="27">
							<String ID="string_93" HPOS="505" VPOS="657" WIDTH="17" HEIGHT="27" WC="0.91" CONTENT="g"/><SP WIDTH="15" VPOS="657" HPOS="522"/>
							<String ID="string_94" HPOS="537" VPOS="657" WIDTH="19" HEIGHT="19" WC="0.95" CONTENT="6."/>
						</TextLine>
					</TextBlock>
					<TextBlock ID="block_5" HPOS="257" VPOS="695" WIDTH="544" HEIGHT="310">
						<TextLine ID="line_16" HPOS="322" VPOS="695" WIDTH="479" HEIGHT="27">
							<String ID="string_95" HPOS="322" VPOS="695" WIDTH="62" HEIGHT="21" WC="0.93" CONTENT="Innan"/><SP WIDTH="15" VPOS="695" HPOS="384"/>
							<String ID="string_96" HPOS="399" VPOS="696" WIDTH="72" HEIGHT="26" WC="0.96" CONTENT="bolaget"/><SP WIDTH="13" VPOS="696" HPOS="471"/>
							<String ID="string_97" HPOS="484" VPOS="697" WIDTH="87" HEIGHT="25" WC="0.96" CONTENT="upplöses"/><SP WIDTH="14" VPOS="697" HPOS="571"/>
							<String ID="string_98" HPOS="585" VPOS="696" WIDTH="34" HEIGHT="20" WC="0.96" CONTENT="och"/><SP WIDTH="14" VPOS="696" HPOS="619"/>
							<String ID="string_99" HPOS="633" VPOS="697" WIDTH="39" HEIGHT="19" WC="0.96" CONTENT="alla"/><SP WIDTH="19" VPOS="697" HPOS="672"/>
							<String ID="string_100" HPOS="691" VPOS="697" WIDTH="43" HEIGHT="20" WC="0.93" CONTENT="dess"/><SP WIDTH="18" VPOS="697" HPOS="734"/>
							<String ID="string_101" HPOS="752" VPOS="697" WIDTH="49" HEIGHT="20" WC="0.91" CONTENT="skul-"/>
						</TextLine>
						<TextLine ID="line_17" HPOS="262" VPOS="722" WIDTH="539" HEIGHT="29">
							<String ID="string_102" HPOS="262" VPOS="722" WIDTH="34" HEIGHT="22" WC="0.96" CONTENT="der"/><SP WIDTH="13" VPOS="722" HPOS="296"/>
							<String ID="string_103" HPOS="309" VPOS="723" WIDTH="59" HEIGHT="27" WC="0.79" CONTENT="blifvit"/><SP WIDTH="12" VPOS="723" HPOS="368"/>
							<String ID="string_104" HPOS="380" VPOS="725" WIDTH="118" HEIGHT="25" WC="0.92" CONTENT="godtgjorda,"/><SP WIDTH="18" VPOS="725" HPOS="498"/>
							<String ID="string_105" HPOS="516" VPOS="724" WIDTH="31" HEIGHT="20" WC="0.96" CONTENT="mä"/><SP WIDTH="19" VPOS="724" HPOS="547"/>
							<String ID="string_106" HPOS="566" VPOS="724" WIDTH="16" HEIGHT="26" WC="0.59" CONTENT="e&amp;"/><SP WIDTH="18" VPOS="724" HPOS="582"/>
							<String ID="string_107" HPOS="600" VPOS="724" WIDTH="73" HEIGHT="26" WC="0.95" CONTENT="bolaget"/><SP WIDTH="19" VPOS="724" HPOS="673"/>
							<String ID="string_108" HPOS="692" VPOS="726" WIDTH="24" HEIGHT="25" WC="0.93" CONTENT="af"/><SP WIDTH="15" VPOS="726" HPOS="716"/>
							<String ID="string_109" HPOS="731" VPOS="725" WIDTH="70" HEIGHT="26" WC="0.90" CONTENT="tillgån-"/>
						</TextLine>
						<TextLine ID="line_18" HPOS="260" VPOS="753" WIDTH="540" HEIGHT="27">
							<String ID="string_110" HPOS="260" VPOS="758" WIDTH="61" HEIGHT="20" WC="0.89" CONTENT="garne"/><SP WIDTH="11" VPOS="758" HPOS="321"/>
							<String ID="string_111" HPOS="332" VPOS="754" WIDTH="49" HEIGHT="24" WC="0.96" CONTENT="göra"/><SP WIDTH="14" VPOS="754" HPOS="381"/>
							<String ID="string_112" HPOS="395" VPOS="753" WIDTH="64" HEIGHT="19" WC="0.96" CONTENT="vidare"/><SP WIDTH="17" VPOS="753" HPOS="459"/>
							<String ID="string_113" HPOS="476" VPOS="753" WIDTH="94" HEIGHT="25" WC="0.96" CONTENT="utdelning"/><SP WIDTH="20" VPOS="753" HPOS="570"/>
							<String ID="string_114" HPOS="590" VPOS="753" WIDTH="77" HEIGHT="19" WC="0.93" CONTENT="emellan"/><SP WIDTH="17" VPOS="753" HPOS="667"/>
							<String ID="string_115" HPOS="684" VPOS="753" WIDTH="116" HEIGHT="27" WC="0.92" CONTENT="bolagsmän-"/>
						</TextLine>
						<TextLine ID="line_19" HPOS="262" VPOS="780" WIDTH="539" HEIGHT="26">
							<String ID="string_116" HPOS="262" VPOS="787" WIDTH="41" HEIGHT="17" WC="0.95" CONTENT="nen,"/><SP WIDTH="16" VPOS="787" HPOS="303"/>
							<String ID="string_117" HPOS="319" VPOS="784" WIDTH="26" HEIGHT="16" WC="0.95" CONTENT="än"/><SP WIDTH="14" VPOS="784" HPOS="345"/>
							<String ID="string_118" HPOS="359" VPOS="784" WIDTH="34" HEIGHT="20" WC="0.96" CONTENT="att,"/><SP WIDTH="16" VPOS="784" HPOS="393"/>
							<String ID="string_119" HPOS="409" VPOS="782" WIDTH="55" HEIGHT="24" WC="0.93" CONTENT="enligt"/><SP WIDTH="13" VPOS="782" HPOS="464"/>
							<String ID="string_120" HPOS="477" VPOS="780" WIDTH="152" HEIGHT="26" WC="0.91" CONTENT="nästföregående"/><SP WIDTH="10" VPOS="780" HPOS="629"/>
							<String ID="string_121" HPOS="639" VPOS="780" WIDTH="32" HEIGHT="20" WC="0.96" CONTENT="års"/><SP WIDTH="10" VPOS="780" HPOS="671"/>
							<String ID="string_122" HPOS="681" VPOS="781" WIDTH="79" HEIGHT="23" WC="0.82" CONTENT="bokslut,"/><SP WIDTH="11" VPOS="781" HPOS="760"/>
							<String ID="string_123" HPOS="771" VPOS="781" WIDTH="30" HEIGHT="20" WC="0.92" CONTENT="så-"/>
						</TextLine>
						<TextLine ID="line_20" HPOS="263" VPOS="806" WIDTH="538" HEIGHT="29">
							<String ID="string_124" HPOS="263" VPOS="806" WIDTH="47" HEIGHT="23" WC="0.92" CONTENT="dant"/><SP WIDTH="14" VPOS="806" HPOS="310"/>
							<String ID="string_125" HPOS="324" VPOS="808" WIDTH="101" HEIGHT="27" WC="0.86" CONTENT="öfverskott"/><SP WIDTH="14" VPOS="808" HPOS="425"/>
							<String ID="string_126" HPOS="439" VPOS="810" WIDTH="7" HEIGHT="18" WC="0.96" CONTENT="i"/><SP WIDTH="8" VPOS="810" HPOS="446"/>
							<String ID="string_127" HPOS="454" VPOS="808" WIDTH="121" HEIGHT="27" WC="0.96" CONTENT="förhållande"/><SP WIDTH="11" VPOS="808" HPOS="575"/>
							<String ID="string_128" HPOS="586" VPOS="809" WIDTH="26" HEIGHT="19" WC="0.93" CONTENT="till"/><SP WIDTH="10" VPOS="809" HPOS="612"/>
							<String ID="string_129" HPOS="622" VPOS="809" WIDTH="179" HEIGHT="26" WC="0.88" CONTENT="teckningssumman"/>
						</TextLine>
						<TextLine ID="line_21" HPOS="257" VPOS="837" WIDTH="543" HEIGHT="26">
							<String ID="string_130" HPOS="257" VPOS="838" WIDTH="70" HEIGHT="25" WC="0.62" CONTENT="jinnes,"/><SP WIDTH="16" VPOS="838" HPOS="327"/>
							<String ID="string_131" HPOS="343" VPOS="844" WIDTH="39" HEIGHT="12" WC="0.95" CONTENT="som"/><SP WIDTH="15" VPOS="844" HPOS="382"/>
							<String ID="string_132" HPOS="397" VPOS="837" WIDTH="165" HEIGHT="26" WC="0.95" CONTENT="bolagsordningen"/><SP WIDTH="14" VPOS="837" HPOS="562"/>
							<String ID="string_133" HPOS="576" VPOS="837" WIDTH="115" HEIGHT="19" WC="0.93" CONTENT="bestämmer."/><SP WIDTH="21" VPOS="837" HPOS="691"/>
							<String ID="string_134" HPOS="712" VPOS="838" WIDTH="88" HEIGHT="20" WC="0.90" CONTENT="Medlem-"/>
						</TextLine>
						<TextLine ID="line_22" HPOS="262" VPOS="865" WIDTH="538" HEIGHT="27">
							<String ID="string_135" HPOS="262" VPOS="873" WIDTH="42" HEIGHT="13" WC="0.95" CONTENT="mar"/><SP WIDTH="14" VPOS="873" HPOS="304"/>
							<String ID="string_136" HPOS="318" VPOS="866" WIDTH="23" HEIGHT="26" WC="0.95" CONTENT="af"/><SP WIDTH="12" VPOS="866" HPOS="341"/>
							<String ID="string_137" HPOS="353" VPOS="866" WIDTH="89" HEIGHT="25" WC="0.95" CONTENT="styrelsen"/><SP WIDTH="10" VPOS="866" HPOS="442"/>
							<String ID="string_138" HPOS="452" VPOS="866" WIDTH="44" HEIGHT="19" WC="0.96" CONTENT="eller"/><SP WIDTH="9" VPOS="866" HPOS="496"/>
							<String ID="string_139" HPOS="505" VPOS="865" WIDTH="79" HEIGHT="26" WC="0.96" CONTENT="bolaget,"/><SP WIDTH="12" VPOS="865" HPOS="584"/>
							<String ID="string_140" HPOS="596" VPOS="865" WIDTH="62" HEIGHT="20" WC="0.95" CONTENT="hvilka"/><SP WIDTH="14" VPOS="865" HPOS="658"/>
							<String ID="string_141" HPOS="672" VPOS="867" WIDTH="6" HEIGHT="17" WC="0.96" CONTENT="i"/><SP WIDTH="14" VPOS="867" HPOS="678"/>
							<String ID="string_142" HPOS="692" VPOS="865" WIDTH="57" HEIGHT="27" WC="0.93" CONTENT="något"/><SP WIDTH="9" VPOS="865" HPOS="749"/>
							<String ID="string_143" HPOS="758" VPOS="866" WIDTH="42" HEIGHT="20" WC="0.91" CONTENT="här-"/>
						</TextLine>
						<TextLine ID="line_23" HPOS="262" VPOS="893" WIDTH="536" HEIGHT="27">
							<String ID="string_144" HPOS="262" VPOS="896" WIDTH="48" HEIGHT="18" WC="0.95" CONTENT="emot"/><SP WIDTH="13" VPOS="896" HPOS="310"/>
							<String ID="string_145" HPOS="323" VPOS="894" WIDTH="97" HEIGHT="20" WC="0.95" CONTENT="stridande"/><SP WIDTH="14" VPOS="894" HPOS="420"/>
							<String ID="string_146" HPOS="434" VPOS="893" WIDTH="58" HEIGHT="20" WC="0.82" CONTENT="beslut"/><SP WIDTH="15" VPOS="893" HPOS="492"/>
							<String ID="string_147" HPOS="507" VPOS="894" WIDTH="81" HEIGHT="25" WC="0.96" CONTENT="deltaga,"/><SP WIDTH="15" VPOS="894" HPOS="588"/>
							<String ID="string_148" HPOS="603" VPOS="894" WIDTH="43" HEIGHT="19" WC="0.93" CONTENT="eller"/><SP WIDTH="13" VPOS="894" HPOS="646"/>
							<String ID="string_149" HPOS="659" VPOS="894" WIDTH="139" HEIGHT="26" WC="0.90" CONTENT="bolagsordnin-"/>
						</TextLine>
						<TextLine ID="line_24" HPOS="259" VPOS="921" WIDTH="541" HEIGHT="28">
							<String ID="string_150" HPOS="259" VPOS="929" WIDTH="38" HEIGHT="20" WC="0.95" CONTENT="gen"/><SP WIDTH="13" VPOS="929" HPOS="297"/>
							<String ID="string_151" HPOS="310" VPOS="924" WIDTH="7" HEIGHT="18" WC="0.96" CONTENT="i"/><SP WIDTH="15" VPOS="924" HPOS="317"/>
							<String ID="string_152" HPOS="332" VPOS="929" WIDTH="65" HEIGHT="13" WC="0.95" CONTENT="annan"/><SP WIDTH="13" VPOS="929" HPOS="397"/>
							<String ID="string_153" HPOS="410" VPOS="921" WIDTH="57" HEIGHT="21" WC="0.93" CONTENT="måtto"/><SP WIDTH="15" VPOS="921" HPOS="467"/>
							<String ID="string_154" HPOS="482" VPOS="921" WIDTH="112" HEIGHT="28" WC="0.92" CONTENT="öfverträda,"/><SP WIDTH="15" VPOS="921" HPOS="594"/>
							<String ID="string_155" HPOS="609" VPOS="928" WIDTH="45" HEIGHT="13" WC="0.96" CONTENT="vare"/><SP WIDTH="14" VPOS="928" HPOS="654"/>
							<String ID="string_156" HPOS="668" VPOS="922" WIDTH="84" HEIGHT="26" WC="0.95" CONTENT="skyldige"/><SP WIDTH="14" VPOS="922" HPOS="752"/>
							<String ID="string_157" HPOS="766" VPOS="925" WIDTH="34" HEIGHT="21" WC="0.96" CONTENT="att,"/>
						</TextLine>
						<TextLine ID="line_25" HPOS="261" VPOS="950" WIDTH="539" HEIGHT="27">
							<String ID="string_158" HPOS="261" VPOS="955" WIDTH="23" HEIGHT="16" WC="0.93" CONTENT="en"/><SP WIDTH="8" VPOS="955" HPOS="284"/>
							<String ID="string_159" HPOS="292" VPOS="951" WIDTH="36" HEIGHT="26" WC="0.96" CONTENT="för"/><SP WIDTH="13" VPOS="951" HPOS="328"/>
							<String ID="string_160" HPOS="341" VPOS="951" WIDTH="39" HEIGHT="19" WC="0.96" CONTENT="alla"/><SP WIDTH="15" VPOS="951" HPOS="380"/>
							<String ID="string_161" HPOS="395" VPOS="950" WIDTH="33" HEIGHT="20" WC="0.96" CONTENT="och"/><SP WIDTH="14" VPOS="950" HPOS="428"/>
							<String ID="string_162" HPOS="442" VPOS="951" WIDTH="39" HEIGHT="19" WC="0.96" CONTENT="alla"/><SP WIDTH="8" VPOS="951" HPOS="481"/>
							<String ID="string_163" HPOS="489" VPOS="952" WIDTH="35" HEIGHT="25" WC="0.96" CONTENT="för"/><SP WIDTH="14" VPOS="952" HPOS="524"/>
							<String ID="string_164" HPOS="538" VPOS="957" WIDTH="28" HEIGHT="16" WC="0.96" CONTENT="en,"/><SP WIDTH="15" VPOS="957" HPOS="566"/>
							<String ID="string_165" HPOS="581" VPOS="953" WIDTH="70" HEIGHT="17" WC="0.96" CONTENT="ersätta"/><SP WIDTH="10" VPOS="953" HPOS="651"/>
							<String ID="string_166" HPOS="661" VPOS="950" WIDTH="25" HEIGHT="20" WC="0.95" CONTENT="all"/><SP WIDTH="8" VPOS="950" HPOS="686"/>
							<String ID="string_167" HPOS="694" VPOS="957" WIDTH="66" HEIGHT="19" WC="0.93" CONTENT="genom"/><SP WIDTH="10" VPOS="957" HPOS="760"/>
							<String ID="string_168" HPOS="770" VPOS="950" WIDTH="30" HEIGHT="21" WC="0.93" CONTENT="så-"/>
						</TextLine>
						<TextLine ID="line_26" HPOS="261" VPOS="978" WIDTH="401" HEIGHT="27">
							<String ID="string_169" HPOS="261" VPOS="979" WIDTH="40" HEIGHT="20" WC="0.92" CONTENT="dan"/><SP WIDTH="13" VPOS="979" HPOS="301"/>
							<String ID="string_170" HPOS="314" VPOS="978" WIDTH="131" HEIGHT="27" WC="0.90" CONTENT="öfverträdelse"/><SP WIDTH="13" VPOS="978" HPOS="445"/>
							<String ID="string_171" HPOS="458" VPOS="979" WIDTH="122" HEIGHT="25" WC="0.96" CONTENT="uppkommen"/><SP WIDTH="14" VPOS="979" HPOS="580"/>
							<String ID="string_172" HPOS="594" VPOS="978" WIDTH="68" HEIGHT="20" WC="0.95" CONTENT="skada."/>
						</TextLine>
					</TextBlock>
					<TextBlock ID="block_6" HPOS="260" VPOS="1006" WIDTH="540" HEIGHT="133">
						<TextLine ID="line_27" HPOS="319" VPOS="1006" WIDTH="480" HEIGHT="26">
							<String ID="string_173" HPOS="319" VPOS="1006" WIDTH="34" HEIGHT="21" WC="0.96" CONTENT="En"/><SP WIDTH="7" VPOS="1006" HPOS="353"/>
							<String ID="string_174" HPOS="360" VPOS="1008" WIDTH="36" HEIGHT="24" WC="0.96" CONTENT="för"/><SP WIDTH="13" VPOS="1008" HPOS="396"/>
							<String ID="string_175" HPOS="409" VPOS="1007" WIDTH="39" HEIGHT="18" WC="0.96" CONTENT="alla"/><SP WIDTH="14" VPOS="1007" HPOS="448"/>
							<String ID="string_176" HPOS="462" VPOS="1007" WIDTH="33" HEIGHT="19" WC="0.96" CONTENT="och"/><SP WIDTH="15" VPOS="1007" HPOS="495"/>
							<String ID="string_177" HPOS="510" VPOS="1007" WIDTH="38" HEIGHT="19" WC="0.96" CONTENT="alla"/><SP WIDTH="9" VPOS="1007" HPOS="548"/>
							<String ID="string_178" HPOS="557" VPOS="1007" WIDTH="35" HEIGHT="24" WC="0.96" CONTENT="för"/><SP WIDTH="13" VPOS="1007" HPOS="592"/>
							<String ID="string_179" HPOS="605" VPOS="1013" WIDTH="24" HEIGHT="13" WC="0.93" CONTENT="en"/><SP WIDTH="14" VPOS="1013" HPOS="629"/>
							<String ID="string_180" HPOS="643" VPOS="1013" WIDTH="55" HEIGHT="13" WC="0.91" CONTENT="svare"/><SP WIDTH="9" VPOS="1013" HPOS="698"/>
							<String ID="string_181" HPOS="707" VPOS="1007" WIDTH="35" HEIGHT="19" WC="0.93" CONTENT="ock"/><SP WIDTH="9" VPOS="1007" HPOS="742"/>
							<String ID="string_182" HPOS="751" VPOS="1007" WIDTH="48" HEIGHT="20" WC="0.92" CONTENT="med-"/>
						</TextLine>
						<TextLine ID="line_28" HPOS="260" VPOS="1034" WIDTH="539" HEIGHT="27">
							<String ID="string_183" HPOS="260" VPOS="1036" WIDTH="77" HEIGHT="19" WC="0.94" CONTENT="lemmar"/><SP WIDTH="17" VPOS="1036" HPOS="337"/>
							<String ID="string_184" HPOS="354" VPOS="1035" WIDTH="23" HEIGHT="26" WC="0.96" CONTENT="af"/><SP WIDTH="14" VPOS="1035" HPOS="377"/>
							<String ID="string_185" HPOS="391" VPOS="1034" WIDTH="90" HEIGHT="25" WC="0.95" CONTENT="styrelsen"/><SP WIDTH="18" VPOS="1034" HPOS="481"/>
							<String ID="string_186" HPOS="499" VPOS="1035" WIDTH="43" HEIGHT="19" WC="0.96" CONTENT="eller"/><SP WIDTH="17" VPOS="1035" HPOS="542"/>
							<String ID="string_187" HPOS="559" VPOS="1034" WIDTH="72" HEIGHT="25" WC="0.96" CONTENT="bolaget"/><SP WIDTH="11" VPOS="1034" HPOS="631"/>
							<String ID="string_188" HPOS="642" VPOS="1036" WIDTH="36" HEIGHT="24" WC="0.96" CONTENT="för"/><SP WIDTH="16" VPOS="1036" HPOS="678"/>
							<String ID="string_189" HPOS="694" VPOS="1035" WIDTH="36" HEIGHT="19" WC="0.93" CONTENT="den"/><SP WIDTH="17" VPOS="1035" HPOS="730"/>
							<String ID="string_190" HPOS="747" VPOS="1035" WIDTH="52" HEIGHT="25" WC="0.92" CONTENT="gäld,"/>
						</TextLine>
						<TextLine ID="line_29" HPOS="260" VPOS="1060" WIDTH="540" HEIGHT="28">
							<String ID="string_191" HPOS="260" VPOS="1063" WIDTH="23" HEIGHT="21" WC="0.88" CONTENT="de"/><SP WIDTH="19" VPOS="1063" HPOS="283"/>
							<String ID="string_192" HPOS="302" VPOS="1063" WIDTH="89" HEIGHT="20" WC="0.54" CONTENT="Gsamkat"/><SP WIDTH="17" VPOS="1063" HPOS="391"/>
							<String ID="string_193" HPOS="408" VPOS="1062" WIDTH="73" HEIGHT="25" WC="0.88" CONTENT="bolaget"/><SP WIDTH="18" VPOS="1062" HPOS="481"/>
							<String ID="string_194" HPOS="499" VPOS="1060" WIDTH="114" HEIGHT="28" WC="0.91" CONTENT="derigenom,"/><SP WIDTH="24" VPOS="1060" HPOS="613"/>
							<String ID="string_195" HPOS="637" VPOS="1065" WIDTH="28" HEIGHT="17" WC="0.96" CONTENT="att"/><SP WIDTH="19" VPOS="1065" HPOS="665"/>
							<String ID="string_196" HPOS="684" VPOS="1062" WIDTH="23" HEIGHT="19" WC="0.94" CONTENT="de"/><SP WIDTH="13" VPOS="1062" HPOS="707"/>
							<String ID="string_197" HPOS="720" VPOS="1063" WIDTH="80" HEIGHT="25" WC="0.94" CONTENT="fortsatt"/>
						</TextLine>
						<TextLine ID="line_30" HPOS="261" VPOS="1089" WIDTH="537" HEIGHT="28">
							<String ID="string_198" HPOS="261" VPOS="1092" WIDTH="43" HEIGHT="19" WC="0.96" CONTENT="dess"/><SP WIDTH="9" VPOS="1092" HPOS="304"/>
							<String ID="string_199" HPOS="313" VPOS="1092" WIDTH="74" HEIGHT="22" WC="0.96" CONTENT="rörelse,"/><SP WIDTH="12" VPOS="1092" HPOS="387"/>
							<String ID="string_200" HPOS="399" VPOS="1090" WIDTH="59" HEIGHT="20" WC="0.96" CONTENT="sedan"/><SP WIDTH="10" VPOS="1090" HPOS="458"/>
							<String ID="string_201" HPOS="468" VPOS="1090" WIDTH="81" HEIGHT="26" WC="0.96" CONTENT="bolagets"/><SP WIDTH="9" VPOS="1090" HPOS="549"/>
							<String ID="string_202" HPOS="558" VPOS="1089" WIDTH="90" HEIGHT="21" WC="0.96" CONTENT="obestånd"/><SP WIDTH="7" VPOS="1089" HPOS="648"/>
							<String ID="string_203" HPOS="655" VPOS="1091" WIDTH="36" HEIGHT="25" WC="0.96" CONTENT="för"/><SP WIDTH="13" VPOS="1091" HPOS="691"/>
							<String ID="string_204" HPOS="704" VPOS="1091" WIDTH="41" HEIGHT="19" WC="0.92" CONTENT="dem"/><SP WIDTH="15" VPOS="1091" HPOS="745"/>
							<String ID="string_205" HPOS="760" VPOS="1091" WIDTH="38" HEIGHT="26" WC="0.91" CONTENT="blif-"/>
						</TextLine>
						<TextLine ID="line_31" HPOS="260" VPOS="1119" WIDTH="105" HEIGHT="20">
							<String ID="string_206" HPOS="260" VPOS="1121" WIDTH="27" HEIGHT="18" WC="0.91" CONTENT="vit"/><SP WIDTH="14" VPOS="1121" HPOS="287"/>
							<String ID="string_207" HPOS="301" VPOS="1119" WIDTH="64" HEIGHT="20" WC="0.96" CONTENT="kändt."/>
						</TextLine>
					</TextBlock>
					<TextBlock ID="block_7" HPOS="500" VPOS="1147" WIDTH="50" HEIGHT="26">
						<TextLine ID="line_32" HPOS="500" VPOS="1147" WIDTH="50" HEIGHT="26">
							<String ID="string_208" HPOS="500" VPOS="1147" WIDTH="17" HEIGHT="26" WC="0.90" CONTENT="$"/><SP WIDTH="15" VPOS="1147" HPOS="517"/>
							<String ID="string_209" HPOS="532" VPOS="1147" WIDTH="18" HEIGHT="20" WC="0.86" CONTENT="7."/>
						</TextLine>
					</TextBlock>
				</ComposedBlock>
				<ComposedBlock ID="cblock_4" HPOS="258" VPOS="1180" WIDTH="541" HEIGHT="167">
					<TextBlock ID="block_8" HPOS="258" VPOS="1180" WIDTH="541" HEIGHT="167">
						<TextLine ID="line_33" HPOS="320" VPOS="1180" WIDTH="479" HEIGHT="26">
							<String ID="string_210" HPOS="320" VPOS="1181" WIDTH="72" HEIGHT="19" WC="0.89" CONTENT="Träder"/><SP WIDTH="20" VPOS="1181" HPOS="392"/>
							<String ID="string_211" HPOS="412" VPOS="1181" WIDTH="114" HEIGHT="25" WC="0.86" CONTENT="aktie-bolag"/><SP WIDTH="18" VPOS="1181" HPOS="526"/>
							<String ID="string_212" HPOS="544" VPOS="1182" WIDTH="6" HEIGHT="18" WC="0.96" CONTENT="i"/><SP WIDTH="17" VPOS="1182" HPOS="550"/>
							<String ID="string_213" HPOS="567" VPOS="1180" WIDTH="116" HEIGHT="20" WC="0.96" CONTENT="verksamhet"/><SP WIDTH="21" VPOS="1180" HPOS="683"/>
							<String ID="string_214" HPOS="704" VPOS="1183" WIDTH="46" HEIGHT="16" WC="0.96" CONTENT="utan"/><SP WIDTH="21" VPOS="1183" HPOS="750"/>
							<String ID="string_215" HPOS="771" VPOS="1183" WIDTH="28" HEIGHT="17" WC="0.96" CONTENT="att"/>
						</TextLine>
						<TextLine ID="line_34" HPOS="259" VPOS="1208" WIDTH="538" HEIGHT="28">
							<String ID="string_216" HPOS="259" VPOS="1209" WIDTH="60" HEIGHT="27" WC="0.94" CONTENT="hafva"/><SP WIDTH="14" VPOS="1209" HPOS="319"/>
							<String ID="string_217" HPOS="333" VPOS="1208" WIDTH="72" HEIGHT="21" WC="0.95" CONTENT="erhållit"/><SP WIDTH="14" VPOS="1208" HPOS="405"/>
							<String ID="string_218" HPOS="419" VPOS="1208" WIDTH="61" HEIGHT="20" WC="0.93" CONTENT="sådan"/><SP WIDTH="14" VPOS="1208" HPOS="480"/>
							<String ID="string_219" HPOS="494" VPOS="1208" WIDTH="124" HEIGHT="27" WC="0.89" CONTENT="stadfästelse,"/><SP WIDTH="15" VPOS="1208" HPOS="618"/>
							<String ID="string_220" HPOS="633" VPOS="1215" WIDTH="41" HEIGHT="13" WC="0.96" CONTENT="som"/><SP WIDTH="14" VPOS="1215" HPOS="674"/>
							<String ID="string_221" HPOS="688" VPOS="1211" WIDTH="6" HEIGHT="17" WC="0.96" CONTENT="i"/><SP WIDTH="16" VPOS="1211" HPOS="694"/>
							<String ID="string_222" HPOS="710" VPOS="1209" WIDTH="12" HEIGHT="24" WC="0.76" CONTENT="$"/><SP WIDTH="16" VPOS="1209" HPOS="722"/>
							<String ID="string_223" HPOS="738" VPOS="1208" WIDTH="14" HEIGHT="20" WC="0.91" CONTENT="3"/><SP WIDTH="15" VPOS="1208" HPOS="752"/>
							<String ID="string_224" HPOS="767" VPOS="1211" WIDTH="30" HEIGHT="17" WC="0.91" CONTENT="sä-"/>
						</TextLine>
						<TextLine ID="line_35" HPOS="258" VPOS="1236" WIDTH="540" HEIGHT="28">
							<String ID="string_225" HPOS="258" VPOS="1244" WIDTH="41" HEIGHT="20" WC="0.93" CONTENT="ges,"/><SP WIDTH="20" VPOS="1244" HPOS="299"/>
							<String ID="string_226" HPOS="319" VPOS="1236" WIDTH="65" HEIGHT="21" WC="0.87" CONTENT="stånde"/><SP WIDTH="20" VPOS="1236" HPOS="384"/>
							<String ID="string_227" HPOS="404" VPOS="1238" WIDTH="52" HEIGHT="22" WC="0.96" CONTENT="hvar,"/><SP WIDTH="20" VPOS="1238" HPOS="456"/>
							<String ID="string_228" HPOS="476" VPOS="1243" WIDTH="40" HEIGHT="13" WC="0.93" CONTENT="som"/><SP WIDTH="18" VPOS="1243" HPOS="516"/>
							<String ID="string_229" HPOS="534" VPOS="1236" WIDTH="99" HEIGHT="20" WC="0.92" CONTENT="emellertid"/><SP WIDTH="19" VPOS="1236" HPOS="633"/>
							<String ID="string_230" HPOS="652" VPOS="1236" WIDTH="12" HEIGHT="20" WC="0.92" CONTENT="&amp;"/><SP WIDTH="20" VPOS="1236" HPOS="664"/>
							<String ID="string_231" HPOS="684" VPOS="1237" WIDTH="30" HEIGHT="19" WC="0.93" CONTENT="det"/><SP WIDTH="19" VPOS="1237" HPOS="714"/>
							<String ID="string_232" HPOS="733" VPOS="1236" WIDTH="65" HEIGHT="26" WC="0.96" CONTENT="bolags"/>
						</TextLine>
						<TextLine ID="line_36" HPOS="259" VPOS="1264" WIDTH="539" HEIGHT="28">
							<String ID="string_233" HPOS="259" VPOS="1266" WIDTH="75" HEIGHT="26" WC="0.96" CONTENT="vägnar"/><SP WIDTH="7" VPOS="1266" HPOS="334"/>
							<String ID="string_234" HPOS="341" VPOS="1265" WIDTH="115" HEIGHT="26" WC="0.96" CONTENT="förbindelse"/><SP WIDTH="14" VPOS="1265" HPOS="456"/>
							<String ID="string_235" HPOS="470" VPOS="1264" WIDTH="64" HEIGHT="26" WC="0.96" CONTENT="ingår,"/><SP WIDTH="15" VPOS="1264" HPOS="534"/>
							<String ID="string_236" HPOS="549" VPOS="1265" WIDTH="62" HEIGHT="25" WC="0.96" CONTENT="derför"/><SP WIDTH="18" VPOS="1265" HPOS="611"/>
							<String ID="string_237" HPOS="629" VPOS="1266" WIDTH="7" HEIGHT="18" WC="0.94" CONTENT="i"/><SP WIDTH="16" VPOS="1266" HPOS="636"/>
							<String ID="string_238" HPOS="652" VPOS="1265" WIDTH="94" HEIGHT="25" WC="0.93" CONTENT="personlig"/><SP WIDTH="20" VPOS="1265" HPOS="746"/>
							<String ID="string_239" HPOS="766" VPOS="1271" WIDTH="32" HEIGHT="13" WC="0.91" CONTENT="an-"/>
						</TextLine>
						<TextLine ID="line_37" HPOS="261" VPOS="1292" WIDTH="538" HEIGHT="27">
							<String ID="string_240" HPOS="261" VPOS="1294" WIDTH="94" HEIGHT="24" WC="0.92" CONTENT="svarighet"/><SP WIDTH="14" VPOS="1294" HPOS="355"/>
							<String ID="string_241" HPOS="369" VPOS="1294" WIDTH="26" HEIGHT="19" WC="0.90" CONTENT="till"/><SP WIDTH="13" VPOS="1294" HPOS="395"/>
							<String ID="string_242" HPOS="408" VPOS="1293" WIDTH="174" HEIGHT="26" WC="0.90" CONTENT="fordringsegaren,"/><SP WIDTH="21" VPOS="1293" HPOS="582"/>
							<String ID="string_243" HPOS="603" VPOS="1292" WIDTH="62" HEIGHT="20" WC="0.96" CONTENT="såsom"/><SP WIDTH="16" VPOS="1292" HPOS="665"/>
							<String ID="string_244" HPOS="681" VPOS="1294" WIDTH="36" HEIGHT="24" WC="0.95" CONTENT="för"/><SP WIDTH="18" VPOS="1294" HPOS="717"/>
							<String ID="string_245" HPOS="735" VPOS="1299" WIDTH="64" HEIGHT="13" WC="0.95" CONTENT="annan"/>
						</TextLine>
						<TextLine ID="line_38" HPOS="260" VPOS="1320" WIDTH="357" HEIGHT="27">
							<String ID="string_246" HPOS="260" VPOS="1323" WIDTH="29" HEIGHT="18" WC="0.96" CONTENT="sin"/><SP WIDTH="9" VPOS="1323" HPOS="289"/>
							<String ID="string_247" HPOS="298" VPOS="1321" WIDTH="122" HEIGHT="26" WC="0.96" CONTENT="förbindelse,"/><SP WIDTH="16" VPOS="1321" HPOS="420"/>
							<String ID="string_248" HPOS="436" VPOS="1322" WIDTH="46" HEIGHT="24" WC="0.96" CONTENT="efter"/><SP WIDTH="13" VPOS="1322" HPOS="482"/>
							<String ID="string_249" HPOS="495" VPOS="1321" WIDTH="69" HEIGHT="19" WC="0.96" CONTENT="allmän"/><SP WIDTH="16" VPOS="1321" HPOS="564"/>
							<String ID="string_250" HPOS="580" VPOS="1320" WIDTH="37" HEIGHT="25" WC="0.96" CONTENT="lag:"/>
						</TextLine>
					</TextBlock>
				</ComposedBlock>
				<ComposedBlock ID="cblock_5" HPOS="501" VPOS="1375" WIDTH="49" HEIGHT="29">
					<TextBlock ID="block_9" HPOS="501" VPOS="1375" WIDTH="49" HEIGHT="29">
						<TextLine ID="line_39" HPOS="501" VPOS="1375" WIDTH="49" HEIGHT="29">
							<String ID="string_251" HPOS="501" VPOS="1375" WIDTH="13" HEIGHT="29" WC="0.64" CONTENT="g"/><SP WIDTH="14" VPOS="1375" HPOS="514"/>
							<String ID="string_252" HPOS="528" VPOS="1359" WIDTH="22" HEIGHT="50" WC="0.88" CONTENT="8."/>
						</TextLine>
					</TextBlock>
				</ComposedBlock>
				<ComposedBlock ID="cblock_6" HPOS="319" VPOS="1413" WIDTH="476" HEIGHT="51">
					<TextBlock ID="block_10" HPOS="319" VPOS="1413" WIDTH="476" HEIGHT="51">
						<TextLine ID="line_40" HPOS="319" VPOS="1413" WIDTH="476" HEIGHT="27">
							<String ID="string_253" HPOS="319" VPOS="1415" WIDTH="54" HEIGHT="21" WC="0.95" CONTENT="Utom"/><SP WIDTH="14" VPOS="1415" HPOS="373"/>
							<String ID="string_254" HPOS="387" VPOS="1416" WIDTH="6" HEIGHT="17" WC="0.96" CONTENT="i"/><SP WIDTH="16" VPOS="1416" HPOS="393"/>
							<String ID="string_255" HPOS="409" VPOS="1415" WIDTH="22" HEIGHT="19" WC="0.96" CONTENT="de"/><SP WIDTH="9" VPOS="1415" HPOS="431"/>
							<String ID="string_256" HPOS="440" VPOS="1415" WIDTH="44" HEIGHT="25" WC="0.93" CONTENT="fall,"/><SP WIDTH="17" VPOS="1415" HPOS="484"/>
							<String ID="string_257" HPOS="501" VPOS="1415" WIDTH="75" HEIGHT="19" WC="0.72" CONTENT="hwarom"/><SP WIDTH="15" VPOS="1415" HPOS="576"/>
							<String ID="string_258" HPOS="591" VPOS="1415" WIDTH="34" HEIGHT="19" WC="0.96" CONTENT="här"/><SP WIDTH="16" VPOS="1415" HPOS="625"/>
							<String ID="string_259" HPOS="641" VPOS="1415" WIDTH="55" HEIGHT="24" WC="0.94" CONTENT="ofvan"/><SP WIDTH="15" VPOS="1415" HPOS="696"/>
							<String ID="string_260" HPOS="711" VPOS="1413" WIDTH="84" HEIGHT="25" WC="0.96" CONTENT="stadgas,"/>
						</TextLine>
						<TextLine ID="line_41" HPOS="723" VPOS="1446" WIDTH="23" HEIGHT="18">
							<String ID="string_261" HPOS="723" VPOS="1446" WIDTH="23" HEIGHT="18" WC="0.96" CONTENT="14"/>
						</TextLine>
					</TextBlock>
				</ComposedBlock>
				<GraphicalElement ID="cblock_7" HPOS="997" VPOS="0" WIDTH="6" HEIGHT="394"></GraphicalElement >
			</PrintSpace>
		</Page>
	</Layout>
</alto>
