986 1756
186 129 34 18 482
401 128 71 23 Nådiga
483 129 139 22 Propositionen
636 129 35 17 N:o
684 129 27 17 18.

189 178 130 25 utredningen
333 177 113 20 sedermera
461 177 63 21 skulle
533 177 66 20 kunna
613 177 115 26 framläggas
742 175 30 21 för
783 177 38 20 den
834 177 92 26 domstol,

189 205 21 18 af
221 204 79 19 hvilken
313 203 215 26 ärekränkningsmålet
541 203 64 20 blifvit
617 206 94 23 upptaget
724 204 39 18 och
775 203 80 20 hvilken
869 205 60 18 emel-

189 230 56 20 lertid
258 230 62 19 borde
333 229 37 20 låta
384 229 54 20 detta
455 230 124 19 sistnämnda
593 229 38 20 mål
649 229 63 20 anstå.
740 229 66 26 Enligt
821 229 54 20 detta
891 230 38 19 för-

189 257 41 26 slag
245 256 62 20 skulle
327 261 24 14 en
366 257 56 24 hvar,
445 261 44 14 som
503 256 85 19 tilltalats
608 256 31 19 för
652 257 28 18 att
700 256 58 19 hafva
775 255 78 21 tillvitat
866 261 63 14 annan

188 282 60 26 något
261 283 59 24 brott,
339 285 52 17 samt
408 281 111 21 förbehållit
533 282 30 26 sig
580 284 29 17 att
622 281 18 20 få
658 282 69 25 styrka
744 287 109 20 sanningen
866 282 62 25 deraf,

188 315 48 14 vara
251 309 76 26 skyldig
339 311 29 17 att
380 309 30 19 för
424 309 29 20 sin
464 314 48 20 egen
525 309 91 19 befrielse
628 307 44 21 från
683 313 72 15 ansvar
765 308 18 25 ej
793 309 82 19 allenast
886 309 45 20 full-

188 336 46 25 göra
248 335 30 20 sin
293 335 68 25 åtagna
374 335 233 26 bevisningsskyldighet,
620 337 46 17 utan
678 335 65 23 äfven,
757 334 6 20 i
776 335 32 20 fall
823 336 107 25 gerningen

188 362 54 19 skett
255 361 11 20 å
276 366 62 15 annan
347 363 37 23 ort,
396 361 77 26 begifva
488 362 31 25 sig
529 361 28 20 dit
570 361 29 19 för
609 364 29 17 att
647 361 35 20 der
692 361 70 20 såsom
772 361 100 26 angifvare
882 362 48 19 eller

188 391 28 16 ett
230 389 52 24 slags
293 387 91 26 åklagare
398 389 64 18 utföra
471 387 36 21 åtal
523 390 54 17 emot
590 388 183 25 gerningsmannen.
797 387 75 21 Sådant
881 393 51 14 vore

188 414 109 20 emellertid
312 414 4 19 i
331 414 54 19 vissa
400 414 32 20 fall
446 413 92 27 omöjligt,
551 415 47 19 eller
611 414 118 19 åtminstone
742 414 90 20 förenadt
844 415 47 19 med
904 415 27 19 de

188 442 73 19 största
276 439 130 27 svårigheter,
426 441 96 26 nemligen
543 446 32 14 om
592 441 74 19 brottet
686 440 54 19 skett
756 440 76 20 utrikes
846 443 15 16 t.
877 445 31 15 ex:
923 441 6 18 i

188 467 102 24 Amerika;
313 472 44 15 men
372 467 60 20 äfven
453 472 33 14 om
501 467 34 20 det
549 467 53 20 skett
616 467 54 19 inom
690 469 45 23 eget
751 466 51 25 land,
821 471 62 15 synes
896 467 36 20 det

187 499 49 14 vara
250 493 78 26 obilligt,
344 495 29 18 att
387 499 24 14 en
425 499 81 20 person,
523 499 44 15 som
581 495 14 17 t.
607 499 32 14 ex.
655 493 5 19 i
674 493 121 26 Helsingfors
808 493 78 20 tilltalas
900 493 31 20 för

188 520 105 21 smädelse.
305 520 48 20 skall
367 520 73 26 nödgas
450 523 34 22 att,
496 521 29 18 för
539 519 116 26 undgående
669 520 21 19 af
697 525 74 14 ansvar
785 519 30 20 för
822 519 108 20 ärekränk-

186 547 78 26 ningen,
281 547 77 25 begifva
373 546 30 27 sig
417 547 26 19 till
452 545 74 22 Torneå
541 547 29 19 för
579 548 29 17 att
621 546 35 20 der
669 545 61 21 leda
722 541 12 36 i
744 545 58 20 bevis
815 548 28 18 att
857 551 26 14 en
896 551 34 14 an-

187 579 36 14 nan
237 573 36 20 der
286 573 67 25 begått
366 573 60 25 brott,
442 573 63 20 ehuru
522 573 38 20 han
577 573 87 19 hvarken
685 574 22 18 är
725 572 86 26 offentlig
827 571 101 27 åklagare,

188 601 46 19 eller
248 605 36 15 ens
298 599 41 20 haft
352 600 29 19 för
395 599 58 26 afsigt
469 602 27 17 att
510 601 47 24 göra
577 599 64 26 någon
655 599 115 26 angifvelse,
789 602 45 17 utan
847 599 83 20 allenast

186 629 28 17 att
228 628 103 18 omnämna
341 628 28 17 ett
383 625 24 26 på
421 627 80 24 sanning
514 625 97 27 grundadt
625 625 124 20 förhållande.
774 625 101 20 Utskottet
887 625 42 20 hål-

186 654 29 19 ler
229 653 78 20 derföre
320 653 48 24 före,
384 655 28 17 att
432 658 24 13 en
471 653 28 19 för
517 652 141 26 ärekränkning
674 652 82 20 tilltalad
776 657 75 20 person
866 652 63 20 borde

186 680 5 19 i
206 679 66 27 dylika
286 679 29 20 fall
330 684 67 20 anses,
420 679 43 19 icke
480 678 67 21 såsom
564 679 105 25 angifvare,
691 681 48 18 utan
757 679 83 20 allenast
860 678 69 20 såsom

187 712 23 14 en
225 705 147 26 svarandepart,
388 706 80 19 hvilken
485 706 58 25 enligt
560 705 25 19 33
600 705 10 25 $
624 705 24 19 17
663 705 45 25 kap.
724 706 24 19 R.
763 706 21 18 B.
800 710 49 14 vore
863 706 65 19 berät-

186 732 59 26 tigad,
261 734 34 22 att,
311 732 27 19 till
353 732 34 19 sitt
400 734 44 23 eget
461 732 72 26 skydd,
551 730 19 20 få
585 731 34 19 vid
635 736 77 15 samma
728 732 93 25 domstol,
837 731 36 20 der
890 732 39 18 han

186 759 76 20 tilltalas
276 758 30 19 för
319 758 151 26 ärekränkning,
486 758 69 26 styrka
569 763 24 14 en
607 758 119 24 invändning
740 762 34 15 om
787 758 109 25 sanningen
910 758 20 19 af

186 785 34 19 sitt
234 784 117 26 påstående;
367 784 38 20 och
414 784 34 19 det
461 784 43 19 icke
516 784 81 20 allenast
611 788 32 15 om
653 783 117 26 påståendet
778 783 104 21 innefattat
893 784 38 19 be-

186 811 97 26 skyllning
297 810 30 20 för
340 816 24 14 en
378 810 91 26 handling
483 810 46 20 eller
543 812 28 18 ett
585 809 125 26 förhållande,
726 816 44 14 som
785 809 18 26 ej
818 812 23 18 är
854 811 6 18 i
873 810 57 26 tagen

186 838 78 25 belagdt
277 837 46 20 med
337 842 77 20 ansvar,
433 840 46 16 utan
497 837 58 20 äfven
573 842 32 14 om
619 836 34 20 det
672 836 98 20 inneburit
788 836 98 20 tillvitelse
899 836 31 20 för

186 864 59 26 något
258 864 59 19 brott.
346 864 67 20 Blefve
426 863 34 21 det
474 864 5 18 i
493 863 67 27 dylika
575 863 30 19 fall
623 863 117 26 nödvändigt
758 865 28 17 att
802 862 38 20 låta
861 863 68 19 afhöra

185 890 75 20 vittnen
274 891 57 19 äfven
346 890 33 20 vid
394 895 61 14 annan
469 890 93 24 domstol,
574 889 21 20 så
611 890 61 19 borde
686 889 78 25 sådant,
780 889 59 26 enligt
851 890 13 19 4
879 889 9 25 $
903 889 26 20 47

186 917 44 25 kap.
247 918 23 19 R.
285 917 30 23 B.,
331 916 37 20 ock
383 916 63 20 kunna
460 916 19 20 få
494 916 42 20 ske.
565 916 9 19 I
587 916 85 26 enlighet
682 916 47 20 med
742 916 64 19 denna
816 915 114 21 Utskottets

185 943 51 26 äsigt
250 943 62 19 borde
325 942 55 20 alltså
396 943 23 19 11
431 942 10 26 $
455 943 133 25 omredigeras
603 942 5 19 i
622 942 60 20 sådan
698 942 92 26 syftning,
806 944 28 18 att
847 942 38 20 den
898 943 32 19 för

185 969 142 25 ärekränkning
341 968 97 25 tilltalade,
462 974 44 14 som
523 969 21 19 af
555 968 87 20 domstol
662 968 72 20 tillätes
750 971 29 17 att
798 968 69 20 bevisa
884 974 45 14 san-

184 996 71 26 ningen
269 995 20 20 af
305 996 33 18 sitt
359 994 114 26 påstående,
493 994 61 21 borde
568 995 6 19 i
588 994 69 26 hvarje
674 994 97 20 händelse
788 994 18 20 få
821 995 108 19 framställa

185 1022 127 25 bevisningen
326 1021 69 20 derom
410 1021 32 20 vid
457 1027 76 21 samma
546 1021 93 24 domstol,
649 1020 36 20 der
700 1022 37 18 han
751 1020 46 26 sjelf
808 1020 41 20 står
863 1021 63 19 under

184 1048 53 20 tilltal
255 1048 29 20 för
304 1048 174 25 ärekränkningen.
507 1048 63 20 Äfven
587 1048 62 19 borde
666 1048 22 20 11
705 1047 17 25 $,
741 1048 59 24 enligt
814 1047 115 20 Utskottets

185 1074 57 26 åsigt,
258 1073 72 21 erhålla
344 1074 34 20 det
392 1074 70 25 tillägg,
478 1077 27 17 att
519 1074 38 20 den
571 1074 30 18 för
615 1073 144 26 ärekränkning
776 1073 93 20 tilltalade
882 1078 46 20 per-

185 1106 43 20 son,
244 1106 44 14 som
302 1100 51 20 visat
370 1100 102 20 sannolika
492 1100 43 20 skäl
552 1101 29 19 för
595 1100 107 25 sanningen
722 1099 20 20 af
758 1100 33 20 sitt
811 1098 116 27 påstående,

185 1128 47 19 skall
247 1126 64 26 undgå
326 1132 72 14 ansvar
408 1127 29 19 för
449 1132 24 14 en
488 1127 106 24 tillvitelse,
606 1132 43 14 som
664 1126 39 20 han
718 1125 18 25 ej
750 1126 56 25 gittat
819 1126 44 20 fullt
876 1128 52 24 styr-

184 1154 32 19 ka.
245 1154 29 26 Ty
288 1153 23 20 då
326 1158 24 15 en
364 1153 108 25 angifvare,
488 1152 51 20 både
553 1152 60 26 enligt
631 1153 10 19 3
659 1152 10 25 S
684 1153 24 19 60
723 1152 45 26 kap.
784 1153 25 19 M.
825 1153 21 19 B.
862 1152 39 20 och
914 1153 15 18 4

184 1180 10 24 $
208 1180 4 19 i
228 1180 38 20 den
279 1179 68 26 nådiga
364 1180 155 25 propositionen,
538 1180 37 19 har
588 1181 28 17 att
636 1179 5 19 i
656 1178 61 20 sådan
731 1179 94 19 händelse
841 1178 87 26 päräkna

185 1206 59 20 frihet
258 1206 43 20 från
316 1211 78 19 ansvar,
410 1205 22 20 sä
446 1206 61 20 borde
521 1206 39 19 ock
574 1205 100 19 enahanda
689 1205 144 19 ansvarsfrihet
847 1204 81 20 komma

184 1233 38 19 den
236 1238 72 19 person
322 1231 86 27 tillgodo,
424 1238 43 14 som
479 1232 77 20 tillvitat
570 1237 64 14 annan
643 1236 24 14 en
681 1232 98 25 handling,
791 1232 62 19 hvars
867 1232 61 19 verk-

184 1258 60 27 lighet
257 1260 39 19 han
311 1258 38 21 kan
363 1259 47 24 göra
424 1259 92 24 sannolik,
532 1264 33 14 om
579 1258 34 19 det
626 1259 25 18 än
664 1258 45 19 icke
726 1258 69 26 lyckas
811 1258 74 19 honom
899 1259 29 18 att

184 1285 43 19 fullt
241 1285 69 26 styrka
324 1285 122 19 densamma.

237 1311 28 19 De
279 1310 59 26 öfriga
353 1310 156 25 anmärkningar,
525 1311 26 19 till
567 1310 65 19 hvilka
646 1309 38 20 den
698 1309 69 26 nådiga
781 1309 147 26 propositionen

184 1337 55 25 gifvit
253 1336 110 25 anledning,
380 1339 34 17 äro
428 1336 95 25 följande:

236 1363 32 20 11
285 1362 11 26 $
310 1363 36 19 har
361 1362 99 20 Utskottet
474 1362 69 21 saknat
556 1362 38 20 den
608 1362 6 19 i
628 1361 158 27 propositionens
802 1361 86 20 motiver
902 1361 26 26 pä

183 1389 50 26 goda
248 1389 41 20 skäl
304 1389 103 20 förordade
421 1389 134 26 bestämning,
571 1391 30 18 att
614 1394 24 14 en
652 1391 75 18 statens
741 1387 125 28 tjensteman,
883 1393 44 16 som

184 1417 6 19 i
204 1416 101 26 egenskap
322 1416 20 19 af
357 1416 71 20 allmän
449 1415 90 26 åklagare
555 1418 54 17 emot
627 1415 64 21 bättre
708 1416 86 19 vetande
808 1415 79 21 tilltalar
902 1421 25 14 en
