998 1803
406 148 72 23 Nådiga
489 148 139 23 Propositionen
643 147 34 16 N:o
688 146 29 17 13.

391 198 72 24 förbud
480 203 67 20 genom
566 200 64 23 sträng
649 197 131 25 öfvervakning
798 197 7 17 i
824 197 22 20 de
864 203 71 20 gemen-

398 232 72 13 samma
485 226 112 25 sofrummen
611 225 111 20 handhafdt.

460 253 24 20 13
495 263 26 4 —
531 254 23 19 21
571 253 27 24 $$.
629 253 33 25 (Af
674 253 100 19 enahanda
789 253 82 20 innehåll
891 253 45 20 med

398 285 75 14 samma
488 279 21 25 $$
523 281 5 18 i
543 280 161 25 propositionen).

457 307 25 19 22
496 306 18 25 $.
545 307 106 19 Inkomsten
670 307 24 25 af
712 306 135 26 tvångsarbetet
869 307 70 24 tillfalle

400 335 80 20 Kronan
497 339 46 17 utan
560 337 28 17 att
595 335 98 26 fängarne
709 336 63 19 kunna
787 335 63 20 säsom
864 343 23 12 en
901 339 38 16 rät-

401 364 55 25 tighet
465 365 70 25 fordra
551 363 55 20 andel
620 364 45 19 deri.

461 392 35 20 Fill
513 395 127 24 uppmuntran
651 393 35 25 för
696 392 68 26 fånge,
784 399 39 13 som
838 392 103 26 ådagalagt

404 420 46 26 godt
464 420 122 26 uppförande,
603 423 49 17 samt
660 421 36 25 för
710 420 142 20 underlättande
863 422 24 24 af
893 421 48 19 hans

402 448 113 20 äterinträde
534 450 7 18 i
560 448 108 24 samhället,
687 448 31 20 mä
738 449 66 19 honom
824 449 67 23 likväl,
911 455 30 13 om

402 478 38 18 han
455 477 61 19 tillhör
531 477 60 25 någon
607 478 23 24 af
642 477 22 19 de
679 480 27 16 tre
720 477 56 25 högre
785 476 155 26 fängklasserna,

402 506 44 18 eller
456 506 36 25 för
508 505 81 26 ungdom
607 505 57 25 enligt
677 505 13 19 4
705 504 16 27 G
736 504 58 20 hålles
808 507 6 17 i
830 512 64 12 enrum
908 505 33 19 och

402 533 33 19 der
451 534 59 20 redan
530 534 80 25 tillbragt
619 534 49 26 fyra
682 533 97 24 månader,
796 533 146 26 tillgodoräknas

403 568 22 12 en
439 564 126 24 sparpenning
579 564 24 24 af
608 562 86 26 följande
710 562 70 26 belopp,
797 562 98 25 nemligen:

456 592 7 18 i
478 590 187 26 ensamhetsfängelse
679 590 29 19 20
720 592 58 24 penni
792 592 6 18 i
812 590 77 24 veckan,

458 620 6 19 i
479 620 62 19 andra
555 619 75 20 klassen
678 619 32 19 30
737 634 15 8 ,
839 634 13 8 »”

457 650 7 18 i
479 648 56 26 tredje
551 648 74 19 klassen
679 647 30 19 40
738 662 13 8 ,,

458 678 6 18 i
473 676 63 26 fjerde
551 676 81 20 klassen
678 676 30 19 60
738 690 13 9 ,,

462 704 63 20 Skulle
534 704 67 27 fånge,
617 710 40 13 som
671 707 24 16 är
709 704 69 25 kunnig
792 706 7 17 i
812 691 38 39 någ
846 692 24 31 jot
884 704 59 19 hand-

404 733 70 24 arbete,
488 733 105 26 föredraga
611 735 37 21 att,
663 734 7 17 i
684 733 62 19 stället
754 733 36 25 för
803 707 106 56 erhållande
924 733 24 25 af

405 761 35 19 slik
459 761 142 25 veckopenning,
614 760 26 26 få
658 762 23 25 af
692 754 112 26 arbetstiden
819 761 88 19 använda
923 767 22 13 en

406 791 60 18 timme
480 796 31 13 om
525 789 60 26 dagen
594 789 36 24 för
644 795 44 20 egen
702 790 82 24 vinning,
797 788 31 19 må
838 789 31 20 det
879 789 66 19 honom

400 817 105 25 förunnas,
526 815 43 22 med
585 817 61 20 vilkor
664 819 28 17 att
710 817 38 19 han
765 816 27 26 på
812 817 61 19 sådan
889 817 57 25 fritid

399 845 121 26 fSörfärdigar
537 845 56 26 något
611 845 121 26 inbringande
750 845 68 23 arbete,
834 845 67 20 hvilket
914 852 31 19 ge-

406 879 42 14 nom
463 875 102 19 anstaltens
574 873 134 26 föreståndare
723 874 33 19 bör
764 875 35 24 för
807 873 83 26 fångens
902 873 43 20 räk-

406 903 44 24 ning
459 903 99 26 försäljas.

464 931 12 19 I
492 928 93 22 hvardera
601 930 52 23 fallet
667 931 48 19 skall
730 931 34 19 den
780 931 24 24 af
808 930 61 26 fånge
879 931 67 25 förtje-

408 959 48 19 nade
464 931 135 54 rd
617 959 32 19 vid
665 958 93 27 utgången
776 959 24 25 af
811 959 64 25 hvarje
889 959 57 18 vecka

407 986 88 27 bokföras
513 987 54 20 såväl
583 988 7 18 i
608 987 102 19 anstaltens
728 987 136 25 räkenskaper,
883 993 40 13 som
941 988 6 17 i

407 1015 81 19 särskild
501 1016 34 25 för
552 1015 63 25 hvarje
625 1014 61 27 fånge
700 1015 84 20 inrättad
798 1015 34 20 och
846 1016 24 24 af
881 1015 66 19 honom

402 1043 96 26 förvarad
515 1043 82 22 motbok,
617 1049 42 13 men
672 1042 37 26 får
727 1043 66 19 honom
812 1043 16 26 ej
847 1043 100 23 tillställas,

407 1072 58 18 innan
482 1071 38 19 han
539 1070 43 22 från
596 1071 92 19 anstalten
697 1072 94 24 frigifves,
802 1073 50 17 utan
867 1071 33 19 bör
914 1078 32 12 un-

408 1099 33 19 der
458 1099 105 25 strafftiden
574 1099 36 25 för
626 1099 48 19 hans
692 1099 89 25 räkning,
799 1098 62 20 såvidt
878 1099 70 25 möjligt

408 1130 36 20 är,
466 1128 7 18 i
494 1126 95 26 sparbank
605 1128 107 24 förräntas.
746 1126 136 27 Lifstidsfänge
903 1133 44 13 vare

409 1155 47 19 dock
475 1155 65 19 tillåtet
558 1157 27 17 att
605 1161 67 19 genom.
694 1156 102 19 anstaltens
812 1154 135 27 föreståndare

408 1183 88 19 använda
510 1184 30 18 sin
554 1184 126 24 sparperning
695 1184 26 18 till
735 1183 101 19 understöd
844 1184 35 24 för
891 1183 57 19 maka

408 1212 33 18 och
459 1211 56 23 barn,
534 1211 94 25 äfvensom
647 1211 27 20 till
691 1211 116 20 skadestånd
821 1210 20 20 åt
855 1210 36 20 den
905 1211 44 19 eller

411 1239 47 24 dem,
472 1240 62 19 hvilka
542 1246 66 19 genom
618 1240 48 19 hans
676 1240 113 25 brottslighet
798 1240 58 25 blifvit
866 1239 81 20 lidande.

466 1268 28 25 Ej
508 1267 31 20 må
554 1268 125 26 sparpenning
694 1268 90 25 tillgripas
794 1268 34 25 för
840 1268 53 24 gäld,
908 1274 40 13 som

402 1294 61 28 fänge
471 1297 46 25 före
530 1296 105 26 strafftiden
650 1298 28 24 sig
694 1296 92 22 äsamkat,
802 1302 41 13 men
858 1302 45 13 vare
917 1296 31 19 vid

409 1324 182 26 klassnedflyttning,
610 1324 44 19 eller
670 1324 106 20 insättande
794 1325 6 17 i
815 1330 65 13 enrum
893 1325 8 17 i
915 1330 32 12 an-

409 1352 74 25 ledning
497 1353 24 23 af
531 1352 49 19 brott
593 1352 45 18 eller
651 1351 58 25 däligt
722 1352 123 24 uppförande,
860 1352 44 18 eller
917 1352 32 18 vid

408 1380 86 24 rymning
509 1379 45 19 eller
567 1379 159 26 rymningsförsök
734 1378 106 26 förverkad
850 1379 26 19 till
886 1379 61 25 straf-

409 1407 98 20 anstalten.

467 1436 42 19 Dör
522 1434 55 27 fånge
591 1436 34 19 och
639 1436 71 19 lemnar
719 1437 126 26 sparpenning
858 1438 46 25 efter
912 1437 35 25 sig,

837 662 14 9 ”
