1003 1736
170 129 41 34 206
389 133 71 23 Nådiga
471 132 140 25 Propositionen
623 132 37 17 N:o
672 133 27 16 11.

229 182 11 25 $
254 182 18 18 3.
303 180 29 20 Då
346 182 33 20 det
394 183 26 19 uti
435 182 68 25 Kongl.
519 181 136 25 förordningen
672 180 38 20 den
724 180 25 20 28
763 179 43 19 Juni
821 178 52 20 1798
887 178 30 19 fö-

176 202 117 30 reskrifves,
312 211 28 17 att
356 208 25 20 de
394 208 27 20 till
435 208 127 25 bolagsfirma
576 196 86 32 hörande
676 212 96 24 personer
784 206 47 20 böra
845 210 68 26 namn-

177 234 63 26 gifvas
261 223 32 30 uti
310 219 242 46 inteckningsprotokollet
569 235 5 19 i
591 234 43 19 stad
649 234 37 19 bos
700 233 125 27 Magistraten
839 232 37 18 och
890 230 25 27 på

177 261 65 20 landet
257 262 37 19 hos
309 262 148 26 Häradsrätten,
475 268 48 13 anse
537 261 106 20 ständerne
658 261 33 20 det
704 248 39 32 för
747 258 168 32 likformighetens

177 288 58 25 skull,
252 293 48 14 vara
314 288 67 24 nödigt
394 291 28 17 att
436 279 76 29 samma
528 288 80 24 ordning
623 287 96 26 iakttages
734 288 57 19 äfven
807 287 4 18 i
825 285 93 20 afseende

178 314 11 20 å
204 304 116 35 aktiebolag,
336 315 78 19 hvilkas
428 316 133 24 reglementen
576 313 79 20 således
669 314 64 19 skulle
747 313 43 26 ingå
803 314 5 19 i
819 312 100 25 Magistra-

178 344 44 17 tens
236 341 39 20 och
290 341 43 20 icke
347 341 5 19 i
367 331 186 30 Rådstufvurättens
568 340 103 27 protokoll,
688 341 67 20 såsom
768 341 5 19 i
788 327 73 32 denna
865 339 8 25 $
884 339 35 25 be-

177 370 113 20 stämmas;'
301 369 37 18 och
356 367 61 20 borde
432 368 4 19 i
452 368 58 24 öfrigt
523 367 175 26 bolagsordningen
713 367 53 20 alltid
780 366 138 25 inregistreras

177 395 28 28 uti
222 394 249 31 inteckningsprotokollet,
491 383 88 31 emedan
587 394 34 19 det
635 383 91 41 åsyftade
740 393 118 24 ändamålet,
875 398 43 14 som

179 420 18 25 ej
211 422 37 19 kan
262 426 48 15 vara
325 423 57 18 annat
391 422 24 17 än
425 421 185 25 bolagsordningens
620 420 165 25 bekantgörande,
796 419 57 26 eljest
862 419 56 19 kom-

179 453 33 15 me
229 450 28 17 att
273 447 87 23 förfelas.
389 447 42 20 Den
449 435 125 32 omnämnda.
579 447 130 24 kungörelsen
722 453 33 14 om
770 436 74 30 bildadt
857 446 62 19 aktie-

179 475 56 24 bolag
256 474 57 20 torde
333 474 47 19 böra
401 474 72 19 införas
491 475 5 18 i
514 473 76 20 landets
607 461 96 32 allmänna
721 473 54 20 säväl
793 473 63 20 finska
874 477 45 15 som

179 500 86 21 svenska
280 500 96 25 tidningar
389 501 39 18 och
442 499 69 20 sådant
525 500 5 19 i
545 499 63 21 denna
623 499 10 24 $
646 500 86 25 tydligen
746 499 87 26 stadgas.

232 528 12 24 $
260 527 18 19 5.
308 526 149 25 Omredigering
473 527 21 20 af
508 527 63 19 denna
587 527 11 24 $
614 529 23 16 är
653 527 117 24 nödvändig,
792 531 39 19 om,
851 525 68 20 såsom

181 553 106 20 ständerne
303 553 51 20 hålla
371 553 48 24 före,
438 553 110 24 aktiebolag
562 552 17 25 ej
594 553 66 19 kunna
674 553 64 20 drifva
752 553 30 20 sin
796 542 75 30 rörelse
883 558 37 13 un-

179 579 35 20 der
226 580 65 19 firma.

234 606 10 24 $
258 606 20 18 6.
307 606 8 19 I
332 606 143 26 sammanhang
490 605 46 20 med
553 605 172 24 bestämningarne
742 605 5 19 i
764 606 62 18 denna
843 604 11 26 $
871 610 48 14 anse

180 626 109 26 ständerne
304 632 48 20 böra
370 632 78 24 stadgas
463 621 36 35 att,
519 632 5 19 i
539 632 30 20 fall
584 624 130 28 medlemmar
727 632 21 19 af
760 625 98 32 styrelsen
873 632 46 18 eller

179 658 79 26 bolaget
278 658 89 20 fortsätta
389 647 47 31 dess
453 648 74 30 rörelse
545 658 37 20 och
596 664 70 18 genom
680 658 42 20 sina
736 658 66 20 beslut
815 658 36 19 öka
866 658 54 20 bola-

179 687 44 22 gets
232 680 56 30 gäld,
304 684 61 20 sedan
379 685 48 19 dess
441 684 95 21 obestånd
546 685 35 19 för
595 684 46 20 dem
655 684 64 20 blifvit
732 684 66 24 kändt,
815 684 24 20 de
850 684 29 19 för
888 683 32 20 sä-

179 711 37 20 dan
233 717 27 20 ny
278 710 42 26 gäld
338 712 35 18 äro
390 712 110 24 ansvarige,
519 716 24 14 en
561 711 29 19 för
604 711 36 19 alla
654 711 39 19 och
707 711 36 19 alla
757 710 29 20 för
800 716 31 14 en.
859 710 33 20 Till
907 710 12 20 6

179 738 11 25 $
207 738 5 18 i
229 738 93 24 förslaget.
338 737 62 20 borde
417 737 78 20 derföre
512 738 55 25 fogas
581 739 28 17 ett
622 736 64 26 tredje
699 740 91 16 moment
803 737 21 19 af
835 736 85 26 följande

179 764 85 26 lydelse:

234 790 40 20 «En
291 790 30 19 för
339 790 35 19 alla
392 790 37 19 och
444 791 35 19 alla
494 791 30 18 för
539 796 22 14 en
577 795 59 14 svare
650 790 37 18 ock
702 790 129 20 medlemmar
845 790 20 19 af
878 792 42 24 sty-

180 817 65 21 relsen
259 816 48 20 eller
321 812 78 28 bolaget
412 818 29 18 för
455 817 38 19 den
507 816 50 26 gäld,
573 816 25 19 de
610 815 91 21 åsamkat
709 816 78 25 bolaget
796 816 121 25 derigenorn,

181 845 27 18 att:
228 843 25 19 de
273 843 79 19 fortsatt
371 842 47 20 dess
439 836 80 30 rörelse,
539 829 60 44 sedan
616 843 88 25 bolagets
718 842 96 21 obestånd
828 843 29 19 för
872 832 46 30 dem

179 869 64 20 blifvit
256 869 81 21 kändt.»

232 896 39 21 För
288 895 57 24 öfrigt
361 895 58 20 hafva
434 895 104 20 ständerne
551 895 62 19 funnit
626 895 66 24 nödigt
706 897 28 18 att
748 895 5 19 i
767 895 64 20 denna
845 895 74 20 författ-

180 922 44 25 ning
237 921 73 24 jemväl
320 921 64 20 skulle
395 921 42 26 ingå
449 924 26 17 ett
485 921 106 26 sålydande
600 921 106 26 stadgande
718 921 64 20 «aktie
791 921 68 25 bolags
869 922 50 19 fasta

181 948 95 25 egendom
292 947 32 20 må
342 947 18 25 ej
378 948 100 19 intecknas
496 949 29 18 för
541 948 126 25 bolagsmans
688 947 88 20 enskilda
796 947 63 26 gäld;»
880 948 39 19 och

180 975 57 19 torde
250 974 53 20 detta
319 974 107 26 stadgande
439 975 110 24 lämpligast
563 974 18 19 få
596 975 29 18 sin
639 975 50 24 plats
704 975 83 19 emellan
801 975 12 20 8
827 975 38 18 och
875 975 13 19 9
897 973 22 26 $$

181 1001 5 18 i
201 1001 99 27 förslaget.

239 1069 98 25 Förslaget
347 1069 32 20 till
391 1069 110 25 förordning
513 1075 27 14 om
552 1071 51 23 tysta
614 1069 46 20 eller
671 1070 113 19 kommandit
794 1070 61 24 bolag.

230 1105 11 24 $
256 1105 18 19 5.
305 1104 132 20 Redaktionen
453 1105 20 19 af
485 1105 62 20 denna
561 1105 10 24 $
584 1105 37 19 har
635 1107 55 23 synts
705 1105 105 20 ständerne
819 1105 99 20 förvillan-

180 1131 31 25 de,
228 1131 83 20 emedan
325 1131 59 19 derur
397 1131 67 20 kunde
477 1131 71 25 dragas
562 1131 38 19 den
615 1131 88 24 slutsats,
718 1133 28 18 att
755 1134 41 23 tyst
804 1131 113 25 bolagsman

180 1157 44 19 icke
242 1162 48 14 vore
307 1157 77 25 skyldig
401 1158 26 18 till
442 1158 101 24 personlig
557 1157 127 25 ansvarighet
697 1157 30 19 för
740 1157 34 19 det
787 1158 131 24 penningebe-

179 1184 45 24 lopp
247 1184 38 18 han
308 1182 63 26 bordt,
394 1189 46 13 men
461 1183 101 20 uraktlätit
578 1183 6 19 i
598 1184 87 19 rörelsen
700 1184 77 19 insätta.
805 1182 29 21 Då
849 1183 69 21 sådant

179 1209 57 20 likväl
251 1209 66 20 måste
331 1215 47 14 vara
392 1208 116 21 händelsen”
523 1210 72 24 kunde,
611 1210 30 19 för
653 1209 125 20 undvikande
792 1210 21 19 af
820 1209 22 20 all
853 1212 66 23 tvety-

179 1235 73 26 dighet,
268 1235 101 20 slutorden
383 1235 5 19 i
402 1237 124 24 paragrafen:
543 1238 65 17 «samt
622 1235 78 20 således
710 1235 18 26 ej
738 1236 123 25 personligen
871 1237 48 18 eller

179 1262 46 19 med
240 1262 29 19 sin
283 1262 61 25 öfriga
358 1262 111 24 egendom»
483 1262 53 25 utgå,
552 1263 51 19 helst
616 1262 106 24 meningen
734 1261 82 20 dermed
826 1261 49 20 blott
885 1268 33 19 sy-

179 1293 35 13 nes
229 1293 47 14 vara
290 1293 31 19 en,
338 1288 58 24 enligt
410 1288 116 19 ständernes
541 1288 65 23 tanke,
623 1288 96 24 obehöflig
734 1288 104 25 förklaring
853 1289 20 18 af
885 1288 34 19 det

179 1313 113 26 stadgande,
309 1319 43 13 som
367 1314 5 18 i
386 1315 115 23 paragrafen
515 1313 115 20 innehålles.

232 1339 10 24 &
256 1340 18 19 7.
304 1340 8 19 I
328 1339 95 20 afseende
440 1339 10 20 å
468 1340 155 19 kommanditärs
640 1341 38 18 rätt
692 1342 28 17 att
734 1339 54 20 träda
801 1345 25 14 ur
840 1340 78 25 bolaget

178 1365 93 21 hänvisas
285 1365 36 20 här
335 1366 25 19 till
377 1365 50 20 hvad
443 1366 4 19 i
464 1367 23 19 15
501 1367 46 25 kap.
564 1367 25 19 H.
605 1367 19 19 B.
641 1372 32 14 om
687 1369 63 23 öppna
761 1366 56 24 bolag
827 1367 92 23 stadgadt

177 1393 33 24 är;:
224 1393 28 19 till
269 1391 45 26 följe
332 1393 71 19 hvaraf
419 1393 142 20 kommanditär
578 1393 44 20 icke
638 1393 64 20 skulle
716 1399 35 20 ega
766 1393 29 20 sin
805 1381 113 38 Dolagsrätt

177 1419 11 20 å
204 1425 63 14 annan
281 1419 102 26 öfverläta,
399 1419 36 20 der
449 1419 16 26 ej
480 1420 37 20 den
532 1421 46 20 eller
592 1420 25 20 de
630 1420 60 26 öirige
705 1407 154 39 bolagsmännen
873 1420 45 20 der-
