<?xml version="1.0" encoding="UTF-8"?>
<alto xmlns="http://www.loc.gov/standards/alto/ns-v3#" xmlns:xlink="http://www.w3.org/1999/xlink" xmlns:xsi="http://www.w3.org/2001/XMLSchema-instance" xsi:schemaLocation="http://www.loc.gov/standards/alto/ns-v3# http://www.loc.gov/alto/v3/alto-3-0.xsd">
	<Description>
		<MeasurementUnit>pixel</MeasurementUnit>
		<sourceImageInformation>
			<fileName>/tmp/tess_hzr2bcdy_input.PNG</fileName>
		</sourceImageInformation>
		<OCRProcessing ID="OCR_0">
			<ocrProcessingStep>
				<processingSoftware>
					<softwareName>tesseract 5.3.4</softwareName>
				</processingSoftware>
			</ocrProcessingStep>
		</OCRProcessing>
	</Description>
	<Layout>
		<Page WIDTH="1003" HEIGHT="1792" PHYSICAL_IMG_NR="0" ID="page_0">
			<PrintSpace HPOS="0" VPOS="0" WIDTH="1003" HEIGHT="1792">
				<ComposedBlock ID="cblock_0" HPOS="182" VPOS="139" WIDTH="530" HEIGHT="32">
					<TextBlock ID="block_0" HPOS="182" VPOS="139" WIDTH="530" HEIGHT="32">
						<TextLine ID="line_0" HPOS="182" VPOS="139" WIDTH="530" HEIGHT="32">
							<String ID="string_0" HPOS="182" VPOS="139" WIDTH="42" HEIGHT="32" WC="0.95" CONTENT="220"/><SP WIDTH="177" VPOS="139" HPOS="224"/>
							<String ID="string_1" HPOS="401" VPOS="142" WIDTH="71" HEIGHT="23" WC="0.91" CONTENT="Nådiga"/><SP WIDTH="11" VPOS="142" HPOS="472"/>
							<String ID="string_2" HPOS="483" VPOS="142" WIDTH="138" HEIGHT="23" WC="0.96" CONTENT="Propositionen"/><SP WIDTH="14" VPOS="142" HPOS="621"/>
							<String ID="string_3" HPOS="635" VPOS="142" WIDTH="36" HEIGHT="18" WC="0.96" CONTENT="N:o"/><SP WIDTH="11" VPOS="142" HPOS="671"/>
							<String ID="string_4" HPOS="682" VPOS="142" WIDTH="30" HEIGHT="18" WC="0.96" CONTENT="12."/>
						</TextLine>
					</TextBlock>
				</ComposedBlock>
				<ComposedBlock ID="cblock_1" HPOS="189" VPOS="190" WIDTH="746" HEIGHT="1267">
					<TextBlock ID="block_1" HPOS="189" VPOS="190" WIDTH="740" HEIGHT="52">
						<TextLine ID="line_1" HPOS="189" VPOS="190" WIDTH="740" HEIGHT="26">
							<String ID="string_5" HPOS="189" VPOS="193" WIDTH="38" HEIGHT="18" WC="0.96" CONTENT="och"/><SP WIDTH="16" VPOS="193" HPOS="227"/>
							<String ID="string_6" HPOS="243" VPOS="191" WIDTH="61" HEIGHT="20" WC="0.93" CONTENT="sedan"/><SP WIDTH="17" VPOS="191" HPOS="304"/>
							<String ID="string_7" HPOS="321" VPOS="191" WIDTH="11" HEIGHT="20" WC="0.89" CONTENT="å"/><SP WIDTH="17" VPOS="191" HPOS="332"/>
							<String ID="string_8" HPOS="349" VPOS="192" WIDTH="61" HEIGHT="19" WC="0.96" CONTENT="första"/><SP WIDTH="16" VPOS="192" HPOS="410"/>
							<String ID="string_9" HPOS="426" VPOS="192" WIDTH="63" HEIGHT="24" WC="0.96" CONTENT="dagen"/><SP WIDTH="17" VPOS="192" HPOS="489"/>
							<String ID="string_10" HPOS="506" VPOS="192" WIDTH="20" HEIGHT="18" WC="0.96" CONTENT="af"/><SP WIDTH="15" VPOS="192" HPOS="526"/>
							<String ID="string_11" HPOS="541" VPOS="190" WIDTH="69" HEIGHT="26" WC="0.96" CONTENT="hvarje"/><SP WIDTH="17" VPOS="190" HPOS="610"/>
							<String ID="string_12" HPOS="627" VPOS="191" WIDTH="81" HEIGHT="25" WC="0.96" CONTENT="månad,"/><SP WIDTH="19" VPOS="191" HPOS="708"/>
							<String ID="string_13" HPOS="727" VPOS="196" WIDTH="43" HEIGHT="15" WC="0.96" CONTENT="som"/><SP WIDTH="18" VPOS="196" HPOS="770"/>
							<String ID="string_14" HPOS="788" VPOS="191" WIDTH="20" HEIGHT="19" WC="0.96" CONTENT="af"/><SP WIDTH="13" VPOS="191" HPOS="808"/>
							<String ID="string_15" HPOS="821" VPOS="191" WIDTH="108" HEIGHT="20" WC="0.96" CONTENT="strafftiden"/>
						</TextLine>
						<TextLine ID="line_2" HPOS="189" VPOS="217" WIDTH="95" HEIGHT="25">
							<String ID="string_16" HPOS="189" VPOS="217" WIDTH="95" HEIGHT="25" WC="0.79" CONTENT="återstår;"/>
						</TextLine>
					</TextBlock>
					<TextBlock ID="block_2" HPOS="189" VPOS="243" WIDTH="742" HEIGHT="106">
						<TextLine ID="line_3" HPOS="241" VPOS="243" WIDTH="690" HEIGHT="26">
							<String ID="string_17" HPOS="241" VPOS="243" WIDTH="106" HEIGHT="20" WC="0.91" CONTENT="Enahanda"/><SP WIDTH="16" VPOS="243" HPOS="347"/>
							<String ID="string_18" HPOS="363" VPOS="244" WIDTH="90" HEIGHT="20" WC="0.87" CONTENT="anmälan"/><SP WIDTH="16" VPOS="244" HPOS="453"/>
							<String ID="string_19" HPOS="469" VPOS="243" WIDTH="63" HEIGHT="26" WC="0.92" CONTENT="åligge"/><SP WIDTH="16" VPOS="243" HPOS="532"/>
							<String ID="string_20" HPOS="548" VPOS="244" WIDTH="73" HEIGHT="19" WC="0.96" CONTENT="honom"/><SP WIDTH="13" VPOS="244" HPOS="621"/>
							<String ID="string_21" HPOS="634" VPOS="243" WIDTH="37" HEIGHT="20" WC="0.96" CONTENT="ock"/><SP WIDTH="15" VPOS="243" HPOS="671"/>
							<String ID="string_22" HPOS="686" VPOS="243" WIDTH="34" HEIGHT="21" WC="0.96" CONTENT="vid"/><SP WIDTH="14" VPOS="243" HPOS="720"/>
							<String ID="string_23" HPOS="734" VPOS="244" WIDTH="81" HEIGHT="25" WC="0.96" CONTENT="ombyte"/><SP WIDTH="14" VPOS="244" HPOS="815"/>
							<String ID="string_24" HPOS="829" VPOS="244" WIDTH="21" HEIGHT="19" WC="0.92" CONTENT="af"/><SP WIDTH="12" VPOS="244" HPOS="850"/>
							<String ID="string_25" HPOS="862" VPOS="244" WIDTH="69" HEIGHT="20" WC="0.92" CONTENT="vistel-"/>
						</TextLine>
						<TextLine ID="line_4" HPOS="189" VPOS="270" WIDTH="742" HEIGHT="26">
							<String ID="string_26" HPOS="189" VPOS="273" WIDTH="64" HEIGHT="22" WC="0.92" CONTENT="seort,"/><SP WIDTH="18" VPOS="273" HPOS="253"/>
							<String ID="string_27" HPOS="271" VPOS="276" WIDTH="44" HEIGHT="14" WC="0.96" CONTENT="som"/><SP WIDTH="14" VPOS="276" HPOS="315"/>
							<String ID="string_28" HPOS="329" VPOS="270" WIDTH="46" HEIGHT="20" WC="0.96" CONTENT="sker"/><SP WIDTH="13" VPOS="270" HPOS="375"/>
							<String ID="string_29" HPOS="388" VPOS="270" WIDTH="63" HEIGHT="20" WC="0.96" CONTENT="under"/><SP WIDTH="14" VPOS="270" HPOS="451"/>
							<String ID="string_30" HPOS="465" VPOS="270" WIDTH="116" HEIGHT="24" WC="0.95" CONTENT="strafftiden,"/><SP WIDTH="17" VPOS="270" HPOS="581"/>
							<String ID="string_31" HPOS="598" VPOS="270" WIDTH="38" HEIGHT="20" WC="0.96" CONTENT="och"/><SP WIDTH="15" VPOS="270" HPOS="636"/>
							<String ID="string_32" HPOS="651" VPOS="270" WIDTH="48" HEIGHT="20" WC="0.92" CONTENT="skall"/><SP WIDTH="14" VPOS="270" HPOS="699"/>
							<String ID="string_33" HPOS="713" VPOS="270" WIDTH="70" HEIGHT="20" WC="0.92" CONTENT="dervid"/><SP WIDTH="15" VPOS="270" HPOS="783"/>
							<String ID="string_34" HPOS="798" VPOS="270" WIDTH="58" HEIGHT="20" WC="0.92" CONTENT="äfven"/><SP WIDTH="15" VPOS="270" HPOS="856"/>
							<String ID="string_35" HPOS="871" VPOS="270" WIDTH="60" HEIGHT="26" WC="0.91" CONTENT="polis-"/>
						</TextLine>
						<TextLine ID="line_5" HPOS="189" VPOS="296" WIDTH="742" HEIGHT="27">
							<String ID="string_36" HPOS="189" VPOS="297" WIDTH="115" HEIGHT="26" WC="0.96" CONTENT="myndighet"/><SP WIDTH="13" VPOS="297" HPOS="304"/>
							<String ID="string_37" HPOS="317" VPOS="297" WIDTH="48" HEIGHT="20" WC="0.92" CONTENT="eller"/><SP WIDTH="13" VPOS="297" HPOS="365"/>
							<String ID="string_38" HPOS="378" VPOS="297" WIDTH="225" HEIGHT="26" WC="0.92" CONTENT="kommunalbestyrelse"/><SP WIDTH="13" VPOS="297" HPOS="603"/>
							<String ID="string_39" HPOS="616" VPOS="296" WIDTH="11" HEIGHT="20" WC="0.93" CONTENT="å"/><SP WIDTH="15" VPOS="296" HPOS="627"/>
							<String ID="string_40" HPOS="642" VPOS="297" WIDTH="39" HEIGHT="20" WC="0.96" CONTENT="den"/><SP WIDTH="13" VPOS="297" HPOS="681"/>
							<String ID="string_41" HPOS="694" VPOS="299" WIDTH="38" HEIGHT="23" WC="0.96" CONTENT="ort,"/><SP WIDTH="16" VPOS="299" HPOS="732"/>
							<String ID="string_42" HPOS="748" VPOS="303" WIDTH="44" HEIGHT="14" WC="0.93" CONTENT="som"/><SP WIDTH="9" VPOS="303" HPOS="792"/>
							<String ID="string_43" HPOS="801" VPOS="297" WIDTH="85" HEIGHT="26" WC="0.91" CONTENT="lemnas,"/><SP WIDTH="11" VPOS="297" HPOS="886"/>
							<String ID="string_44" HPOS="897" VPOS="303" WIDTH="34" HEIGHT="14" WC="0.92" CONTENT="an-"/>
						</TextLine>
						<TextLine ID="line_6" HPOS="189" VPOS="323" WIDTH="325" HEIGHT="26">
							<String ID="string_45" HPOS="189" VPOS="323" WIDTH="74" HEIGHT="25" WC="0.93" CONTENT="gående"/><SP WIDTH="14" VPOS="323" HPOS="263"/>
							<String ID="string_46" HPOS="277" VPOS="323" WIDTH="90" HEIGHT="26" WC="0.92" CONTENT="ombytet"/><SP WIDTH="13" VPOS="323" HPOS="367"/>
							<String ID="string_47" HPOS="380" VPOS="324" WIDTH="134" HEIGHT="24" WC="0.89" CONTENT="underrättas;"/>
						</TextLine>
					</TextBlock>
					<TextBlock ID="block_3" HPOS="244" VPOS="349" WIDTH="343" HEIGHT="26">
						<TextLine ID="line_7" HPOS="244" VPOS="349" WIDTH="343" HEIGHT="26">
							<String ID="string_48" HPOS="244" VPOS="349" WIDTH="20" HEIGHT="25" WC="0.96" CONTENT="3)"/><SP WIDTH="14" VPOS="349" HPOS="264"/>
							<String ID="string_49" HPOS="278" VPOS="352" WIDTH="28" HEIGHT="17" WC="0.96" CONTENT="att"/><SP WIDTH="13" VPOS="352" HPOS="306"/>
							<String ID="string_50" HPOS="319" VPOS="349" WIDTH="85" HEIGHT="20" WC="0.96" CONTENT="undvika"/><SP WIDTH="15" VPOS="349" HPOS="404"/>
							<String ID="string_51" HPOS="419" VPOS="349" WIDTH="59" HEIGHT="26" WC="0.96" CONTENT="dåligt"/><SP WIDTH="14" VPOS="349" HPOS="478"/>
							<String ID="string_52" HPOS="492" VPOS="350" WIDTH="95" HEIGHT="25" WC="0.96" CONTENT="sällskap;"/>
						</TextLine>
					</TextBlock>
					<TextBlock ID="block_4" HPOS="243" VPOS="375" WIDTH="516" HEIGHT="26">
						<TextLine ID="line_8" HPOS="243" VPOS="375" WIDTH="516" HEIGHT="26">
							<String ID="string_53" HPOS="243" VPOS="375" WIDTH="21" HEIGHT="25" WC="0.96" CONTENT="4)"/><SP WIDTH="15" VPOS="375" HPOS="264"/>
							<String ID="string_54" HPOS="279" VPOS="378" WIDTH="28" HEIGHT="17" WC="0.93" CONTENT="att"/><SP WIDTH="13" VPOS="378" HPOS="307"/>
							<String ID="string_55" HPOS="320" VPOS="375" WIDTH="71" HEIGHT="20" WC="0.93" CONTENT="afhålla"/><SP WIDTH="13" VPOS="375" HPOS="391"/>
							<String ID="string_56" HPOS="404" VPOS="377" WIDTH="29" HEIGHT="24" WC="0.96" CONTENT="sig"/><SP WIDTH="15" VPOS="377" HPOS="433"/>
							<String ID="string_57" HPOS="448" VPOS="375" WIDTH="41" HEIGHT="20" WC="0.93" CONTENT="från"/><SP WIDTH="15" VPOS="375" HPOS="489"/>
							<String ID="string_58" HPOS="504" VPOS="375" WIDTH="116" HEIGHT="26" WC="0.91" CONTENT="oordentligt"/><SP WIDTH="13" VPOS="375" HPOS="620"/>
							<String ID="string_59" HPOS="633" VPOS="375" WIDTH="126" HEIGHT="24" WC="0.92" CONTENT="lefnadssätt;"/>
						</TextLine>
					</TextBlock>
					<TextBlock ID="block_5" HPOS="244" VPOS="401" WIDTH="367" HEIGHT="26">
						<TextLine ID="line_9" HPOS="244" VPOS="401" WIDTH="367" HEIGHT="26">
							<String ID="string_60" HPOS="244" VPOS="401" WIDTH="21" HEIGHT="26" WC="0.96" CONTENT="5)"/><SP WIDTH="14" VPOS="401" HPOS="265"/>
							<String ID="string_61" HPOS="279" VPOS="404" WIDTH="28" HEIGHT="17" WC="0.95" CONTENT="att"/><SP WIDTH="13" VPOS="404" HPOS="307"/>
							<String ID="string_62" HPOS="320" VPOS="402" WIDTH="85" HEIGHT="19" WC="0.92" CONTENT="undvika"/><SP WIDTH="16" VPOS="402" HPOS="405"/>
							<String ID="string_63" HPOS="421" VPOS="401" WIDTH="190" HEIGHT="26" WC="0.91" CONTENT="lagöfverträdelser."/>
						</TextLine>
					</TextBlock>
					<TextBlock ID="block_6" HPOS="190" VPOS="428" WIDTH="745" HEIGHT="158">
						<TextLine ID="line_10" HPOS="243" VPOS="428" WIDTH="692" HEIGHT="26">
							<String ID="string_64" HPOS="243" VPOS="429" WIDTH="72" HEIGHT="25" WC="0.95" CONTENT="Bryter"/><SP WIDTH="13" VPOS="429" HPOS="315"/>
							<String ID="string_65" HPOS="328" VPOS="429" WIDTH="48" HEIGHT="24" WC="0.96" CONTENT="han,"/><SP WIDTH="15" VPOS="429" HPOS="376"/>
							<String ID="string_66" HPOS="391" VPOS="429" WIDTH="72" HEIGHT="19" WC="0.93" CONTENT="medan"/><SP WIDTH="15" VPOS="429" HPOS="463"/>
							<String ID="string_67" HPOS="478" VPOS="428" WIDTH="110" HEIGHT="21" WC="0.95" CONTENT="strafftiden"/><SP WIDTH="15" VPOS="428" HPOS="588"/>
							<String ID="string_68" HPOS="603" VPOS="433" WIDTH="67" HEIGHT="20" WC="0.96" CONTENT="varar,"/><SP WIDTH="14" VPOS="433" HPOS="670"/>
							<String ID="string_69" HPOS="684" VPOS="431" WIDTH="42" HEIGHT="16" WC="0.95" CONTENT="mot"/><SP WIDTH="14" VPOS="431" HPOS="726"/>
							<String ID="string_70" HPOS="740" VPOS="434" WIDTH="24" HEIGHT="13" WC="0.95" CONTENT="en"/><SP WIDTH="13" VPOS="434" HPOS="764"/>
							<String ID="string_71" HPOS="777" VPOS="429" WIDTH="47" HEIGHT="19" WC="0.96" CONTENT="eller"/><SP WIDTH="13" VPOS="429" HPOS="824"/>
							<String ID="string_72" HPOS="837" VPOS="434" WIDTH="62" HEIGHT="15" WC="0.95" CONTENT="annan"/><SP WIDTH="13" VPOS="434" HPOS="899"/>
							<String ID="string_73" HPOS="912" VPOS="429" WIDTH="23" HEIGHT="20" WC="0.95" CONTENT="af"/>
						</TextLine>
						<TextLine ID="line_11" HPOS="190" VPOS="454" WIDTH="742" HEIGHT="26">
							<String ID="string_74" HPOS="190" VPOS="454" WIDTH="60" HEIGHT="19" WC="0.96" CONTENT="dessa"/><SP WIDTH="16" VPOS="454" HPOS="250"/>
							<String ID="string_75" HPOS="266" VPOS="455" WIDTH="132" HEIGHT="24" WC="0.96" CONTENT="föreskrifter,"/><SP WIDTH="19" VPOS="455" HPOS="398"/>
							<String ID="string_76" HPOS="417" VPOS="455" WIDTH="70" HEIGHT="24" WC="0.96" CONTENT="varde,"/><SP WIDTH="19" VPOS="455" HPOS="487"/>
							<String ID="string_77" HPOS="506" VPOS="454" WIDTH="24" HEIGHT="26" WC="0.93" CONTENT="på"/><SP WIDTH="18" VPOS="454" HPOS="530"/>
							<String ID="string_78" HPOS="548" VPOS="454" WIDTH="178" HEIGHT="26" WC="0.91" CONTENT="polismyndighets"/><SP WIDTH="17" VPOS="454" HPOS="726"/>
							<String ID="string_79" HPOS="743" VPOS="455" WIDTH="100" HEIGHT="25" WC="0.92" CONTENT="anmälan,"/><SP WIDTH="18" VPOS="455" HPOS="843"/>
							<String ID="string_80" HPOS="861" VPOS="455" WIDTH="71" HEIGHT="20" WC="0.96" CONTENT="derom"/>
						</TextLine>
						<TextLine ID="line_12" HPOS="190" VPOS="481" WIDTH="743" HEIGHT="24">
							<String ID="string_81" HPOS="190" VPOS="481" WIDTH="109" HEIGHT="19" WC="0.96" CONTENT="undersökt"/><SP WIDTH="16" VPOS="481" HPOS="299"/>
							<String ID="string_82" HPOS="315" VPOS="481" WIDTH="33" HEIGHT="19" WC="0.96" CONTENT="vid"/><SP WIDTH="17" VPOS="481" HPOS="348"/>
							<String ID="string_83" HPOS="365" VPOS="481" WIDTH="83" HEIGHT="20" WC="0.94" CONTENT="domstol"/><SP WIDTH="18" VPOS="481" HPOS="448"/>
							<String ID="string_84" HPOS="466" VPOS="481" WIDTH="6" HEIGHT="19" WC="0.96" CONTENT="i"/><SP WIDTH="18" VPOS="481" HPOS="472"/>
							<String ID="string_85" HPOS="490" VPOS="484" WIDTH="64" HEIGHT="21" WC="0.95" CONTENT="orten,"/><SP WIDTH="19" VPOS="484" HPOS="554"/>
							<String ID="string_86" HPOS="573" VPOS="481" WIDTH="79" HEIGHT="19" WC="0.96" CONTENT="hvilken"/><SP WIDTH="18" VPOS="481" HPOS="652"/>
							<String ID="string_87" HPOS="670" VPOS="486" WIDTH="46" HEIGHT="19" WC="0.96" CONTENT="eger"/><SP WIDTH="13" VPOS="486" HPOS="716"/>
							<String ID="string_88" HPOS="729" VPOS="481" WIDTH="92" HEIGHT="20" WC="0.96" CONTENT="förordna"/><SP WIDTH="14" VPOS="481" HPOS="821"/>
							<String ID="string_89" HPOS="835" VPOS="487" WIDTH="32" HEIGHT="14" WC="0.96" CONTENT="om"/><SP WIDTH="16" VPOS="487" HPOS="867"/>
							<String ID="string_90" HPOS="883" VPOS="483" WIDTH="50" HEIGHT="18" WC="0.96" CONTENT="hans"/>
						</TextLine>
						<TextLine ID="line_13" HPOS="190" VPOS="506" WIDTH="743" HEIGHT="28">
							<String ID="string_91" HPOS="190" VPOS="506" WIDTH="152" HEIGHT="21" WC="0.92" CONTENT="återinsättande"/><SP WIDTH="16" VPOS="506" HPOS="342"/>
							<String ID="string_92" HPOS="358" VPOS="507" WIDTH="6" HEIGHT="19" WC="0.93" CONTENT="i"/><SP WIDTH="16" VPOS="507" HPOS="364"/>
							<String ID="string_93" HPOS="380" VPOS="507" WIDTH="104" HEIGHT="20" WC="0.92" CONTENT="tukthuset"/><SP WIDTH="16" VPOS="507" HPOS="484"/>
							<String ID="string_94" HPOS="500" VPOS="508" WIDTH="30" HEIGHT="19" WC="0.96" CONTENT="för"/><SP WIDTH="17" VPOS="508" HPOS="530"/>
							<String ID="string_95" HPOS="547" VPOS="506" WIDTH="22" HEIGHT="21" WC="0.96" CONTENT="så"/><SP WIDTH="16" VPOS="506" HPOS="569"/>
							<String ID="string_96" HPOS="585" VPOS="507" WIDTH="44" HEIGHT="25" WC="0.96" CONTENT="lång"/><SP WIDTH="17" VPOS="507" HPOS="629"/>
							<String ID="string_97" HPOS="646" VPOS="507" WIDTH="38" HEIGHT="25" WC="0.96" CONTENT="tid,"/><SP WIDTH="19" VPOS="507" HPOS="684"/>
							<String ID="string_98" HPOS="703" VPOS="513" WIDTH="44" HEIGHT="14" WC="0.93" CONTENT="som"/><SP WIDTH="17" VPOS="513" HPOS="747"/>
							<String ID="string_99" HPOS="764" VPOS="508" WIDTH="33" HEIGHT="19" WC="0.92" CONTENT="vid"/><SP WIDTH="14" VPOS="508" HPOS="797"/>
							<String ID="string_100" HPOS="811" VPOS="508" WIDTH="122" HEIGHT="26" WC="0.91" CONTENT="frigifningen"/>
						</TextLine>
						<TextLine ID="line_14" HPOS="191" VPOS="533" WIDTH="743" HEIGHT="26">
							<String ID="string_101" HPOS="191" VPOS="533" WIDTH="88" HEIGHT="20" WC="0.95" CONTENT="återstod"/><SP WIDTH="17" VPOS="533" HPOS="279"/>
							<String ID="string_102" HPOS="296" VPOS="534" WIDTH="21" HEIGHT="18" WC="0.96" CONTENT="af"/><SP WIDTH="14" VPOS="534" HPOS="317"/>
							<String ID="string_103" HPOS="331" VPOS="533" WIDTH="34" HEIGHT="20" WC="0.96" CONTENT="det"/><SP WIDTH="15" VPOS="533" HPOS="365"/>
							<String ID="string_104" HPOS="380" VPOS="533" WIDTH="72" HEIGHT="20" WC="0.95" CONTENT="honom"/><SP WIDTH="17" VPOS="533" HPOS="452"/>
							<String ID="string_105" HPOS="469" VPOS="534" WIDTH="136" HEIGHT="19" WC="0.93" CONTENT="dessförinnan"/><SP WIDTH="14" VPOS="534" HPOS="605"/>
							<String ID="string_106" HPOS="619" VPOS="533" WIDTH="84" HEIGHT="20" WC="0.92" CONTENT="ådömda"/><SP WIDTH="14" VPOS="533" HPOS="703"/>
							<String ID="string_107" HPOS="717" VPOS="534" WIDTH="61" HEIGHT="25" WC="0.96" CONTENT="straff,"/><SP WIDTH="16" VPOS="534" HPOS="778"/>
							<String ID="string_108" HPOS="794" VPOS="537" WIDTH="47" HEIGHT="17" WC="0.96" CONTENT="utan"/><SP WIDTH="14" VPOS="537" HPOS="841"/>
							<String ID="string_109" HPOS="855" VPOS="537" WIDTH="29" HEIGHT="17" WC="0.93" CONTENT="att"/><SP WIDTH="13" VPOS="537" HPOS="884"/>
							<String ID="string_110" HPOS="897" VPOS="535" WIDTH="37" HEIGHT="20" WC="0.91" CONTENT="ho-"/>
						</TextLine>
						<TextLine ID="line_15" HPOS="191" VPOS="559" WIDTH="610" HEIGHT="27">
							<String ID="string_111" HPOS="191" VPOS="565" WIDTH="46" HEIGHT="14" WC="0.96" CONTENT="nom"/><SP WIDTH="13" VPOS="565" HPOS="237"/>
							<String ID="string_112" HPOS="250" VPOS="559" WIDTH="31" HEIGHT="20" WC="0.96" CONTENT="får"/><SP WIDTH="13" VPOS="559" HPOS="281"/>
							<String ID="string_113" HPOS="294" VPOS="559" WIDTH="151" HEIGHT="26" WC="0.96" CONTENT="tillgodoräknas"/><SP WIDTH="15" VPOS="559" HPOS="445"/>
							<String ID="string_114" HPOS="460" VPOS="560" WIDTH="38" HEIGHT="19" WC="0.96" CONTENT="den"/><SP WIDTH="15" VPOS="560" HPOS="498"/>
							<String ID="string_115" HPOS="513" VPOS="560" WIDTH="27" HEIGHT="19" WC="0.96" CONTENT="tid"/><SP WIDTH="14" VPOS="560" HPOS="540"/>
							<String ID="string_116" HPOS="554" VPOS="559" WIDTH="38" HEIGHT="20" WC="0.93" CONTENT="han"/><SP WIDTH="13" VPOS="559" HPOS="592"/>
							<String ID="string_117" HPOS="605" VPOS="559" WIDTH="11" HEIGHT="20" WC="0.93" CONTENT="å"/><SP WIDTH="15" VPOS="559" HPOS="616"/>
							<String ID="string_118" HPOS="631" VPOS="560" WIDTH="24" HEIGHT="19" WC="0.96" CONTENT="fri"/><SP WIDTH="14" VPOS="560" HPOS="655"/>
							<String ID="string_119" HPOS="669" VPOS="560" WIDTH="27" HEIGHT="19" WC="0.93" CONTENT="fot"/><SP WIDTH="14" VPOS="560" HPOS="696"/>
							<String ID="string_120" HPOS="710" VPOS="560" WIDTH="91" HEIGHT="26" WC="0.92" CONTENT="tillbragt."/>
						</TextLine>
					</TextBlock>
					<TextBlock ID="block_7" HPOS="191" VPOS="585" WIDTH="743" HEIGHT="53">
						<TextLine ID="line_16" HPOS="245" VPOS="585" WIDTH="689" HEIGHT="27">
							<String ID="string_121" HPOS="245" VPOS="586" WIDTH="39" HEIGHT="19" WC="0.95" CONTENT="Har"/><SP WIDTH="16" VPOS="586" HPOS="284"/>
							<String ID="string_122" HPOS="300" VPOS="587" WIDTH="38" HEIGHT="18" WC="0.96" CONTENT="han"/><SP WIDTH="16" VPOS="587" HPOS="338"/>
							<String ID="string_123" HPOS="354" VPOS="586" WIDTH="63" HEIGHT="19" WC="0.96" CONTENT="under"/><SP WIDTH="17" VPOS="586" HPOS="417"/>
							<String ID="string_124" HPOS="434" VPOS="586" WIDTH="123" HEIGHT="20" WC="0.96" CONTENT="frihetstiden"/><SP WIDTH="19" VPOS="586" HPOS="557"/>
							<String ID="string_125" HPOS="576" VPOS="585" WIDTH="68" HEIGHT="26" WC="0.96" CONTENT="begått"/><SP WIDTH="20" VPOS="585" HPOS="644"/>
							<String ID="string_126" HPOS="664" VPOS="586" WIDTH="67" HEIGHT="26" WC="0.95" CONTENT="brott,"/><SP WIDTH="23" VPOS="586" HPOS="731"/>
							<String ID="string_127" HPOS="754" VPOS="587" WIDTH="61" HEIGHT="20" WC="0.96" CONTENT="varde"/><SP WIDTH="21" VPOS="587" HPOS="815"/>
							<String ID="string_128" HPOS="836" VPOS="587" WIDTH="24" HEIGHT="20" WC="0.96" CONTENT="då"/><SP WIDTH="22" VPOS="587" HPOS="860"/>
							<String ID="string_129" HPOS="882" VPOS="587" WIDTH="52" HEIGHT="20" WC="0.96" CONTENT="hans"/>
						</TextLine>
						<TextLine ID="line_17" HPOS="191" VPOS="612" WIDTH="624" HEIGHT="26">
							<String ID="string_130" HPOS="191" VPOS="612" WIDTH="58" HEIGHT="20" WC="0.93" CONTENT="straff"/><SP WIDTH="11" VPOS="612" HPOS="249"/>
							<String ID="string_131" HPOS="260" VPOS="612" WIDTH="97" HEIGHT="26" WC="0.92" CONTENT="förlängdt"/><SP WIDTH="13" VPOS="612" HPOS="357"/>
							<String ID="string_132" HPOS="370" VPOS="613" WIDTH="48" HEIGHT="19" WC="0.96" CONTENT="eller"/><SP WIDTH="14" VPOS="613" HPOS="418"/>
							<String ID="string_133" HPOS="432" VPOS="612" WIDTH="68" HEIGHT="26" WC="0.96" CONTENT="skärpt"/><SP WIDTH="13" VPOS="612" HPOS="500"/>
							<String ID="string_134" HPOS="513" VPOS="613" WIDTH="49" HEIGHT="19" WC="0.96" CONTENT="efter"/><SP WIDTH="13" VPOS="613" HPOS="562"/>
							<String ID="string_135" HPOS="575" VPOS="613" WIDTH="85" HEIGHT="19" WC="0.96" CONTENT="brottets"/><SP WIDTH="15" VPOS="613" HPOS="660"/>
							<String ID="string_136" HPOS="675" VPOS="613" WIDTH="140" HEIGHT="20" WC="0.95" CONTENT="beskaffenhet."/>
						</TextLine>
					</TextBlock>
					<TextBlock ID="block_8" HPOS="191" VPOS="638" WIDTH="744" HEIGHT="158">
						<TextLine ID="line_18" HPOS="244" VPOS="638" WIDTH="689" HEIGHT="27">
							<String ID="string_137" HPOS="244" VPOS="640" WIDTH="25" HEIGHT="19" WC="0.93" CONTENT="35"/><SP WIDTH="14" VPOS="640" HPOS="269"/>
							<String ID="string_138" HPOS="283" VPOS="639" WIDTH="19" HEIGHT="26" WC="0.88" CONTENT="$."/><SP WIDTH="28" VPOS="639" HPOS="302"/>
							<String ID="string_139" HPOS="330" VPOS="639" WIDTH="120" HEIGHT="20" WC="0.88" CONTENT="Tukthusets"/><SP WIDTH="16" VPOS="639" HPOS="450"/>
							<String ID="string_140" HPOS="466" VPOS="639" WIDTH="96" HEIGHT="20" WC="0.96" CONTENT="direktion"/><SP WIDTH="17" VPOS="639" HPOS="562"/>
							<String ID="string_141" HPOS="579" VPOS="638" WIDTH="38" HEIGHT="21" WC="0.96" CONTENT="låte"/><SP WIDTH="17" VPOS="638" HPOS="617"/>
							<String ID="string_142" HPOS="634" VPOS="639" WIDTH="30" HEIGHT="25" WC="0.96" CONTENT="sig"/><SP WIDTH="18" VPOS="639" HPOS="664"/>
							<String ID="string_143" HPOS="682" VPOS="640" WIDTH="101" HEIGHT="25" WC="0.96" CONTENT="angeläget"/><SP WIDTH="17" VPOS="640" HPOS="783"/>
							<String ID="string_144" HPOS="800" VPOS="645" WIDTH="47" HEIGHT="15" WC="0.96" CONTENT="vara"/><SP WIDTH="18" VPOS="645" HPOS="847"/>
							<String ID="string_145" HPOS="865" VPOS="643" WIDTH="37" HEIGHT="17" WC="0.87" CONTENT="att"/><SP WIDTH="11" VPOS="643" HPOS="902"/>
							<String ID="string_146" HPOS="913" VPOS="640" WIDTH="20" HEIGHT="21" WC="0.95" CONTENT="åt"/>
						</TextLine>
						<TextLine ID="line_19" HPOS="192" VPOS="664" WIDTH="743" HEIGHT="29">
							<String ID="string_147" HPOS="192" VPOS="664" WIDTH="64" HEIGHT="27" WC="0.96" CONTENT="fånge,"/><SP WIDTH="19" VPOS="664" HPOS="256"/>
							<String ID="string_148" HPOS="275" VPOS="666" WIDTH="60" HEIGHT="19" WC="0.96" CONTENT="hvars"/><SP WIDTH="17" VPOS="666" HPOS="335"/>
							<String ID="string_149" HPOS="352" VPOS="665" WIDTH="83" HEIGHT="20" WC="0.93" CONTENT="strafftid"/><SP WIDTH="17" VPOS="665" HPOS="435"/>
							<String ID="string_150" HPOS="452" VPOS="665" WIDTH="122" HEIGHT="27" WC="0.92" CONTENT="tilländagår,"/><SP WIDTH="12" VPOS="665" HPOS="574"/>
							<String ID="string_151" HPOS="586" VPOS="666" WIDTH="55" HEIGHT="27" WC="0.96" CONTENT="eller"/><SP WIDTH="14" VPOS="666" HPOS="641"/>
							<String ID="string_152" HPOS="655" VPOS="671" WIDTH="44" HEIGHT="14" WC="0.96" CONTENT="som"/><SP WIDTH="13" VPOS="671" HPOS="699"/>
							<String ID="string_153" HPOS="712" VPOS="665" WIDTH="52" HEIGHT="26" WC="0.96" CONTENT="gjort"/><SP WIDTH="14" VPOS="665" HPOS="764"/>
							<String ID="string_154" HPOS="778" VPOS="667" WIDTH="29" HEIGHT="24" WC="0.93" CONTENT="sig"/><SP WIDTH="14" VPOS="667" HPOS="807"/>
							<String ID="string_155" HPOS="821" VPOS="666" WIDTH="79" HEIGHT="25" WC="0.92" CONTENT="förtjent"/><SP WIDTH="14" VPOS="666" HPOS="900"/>
							<String ID="string_156" HPOS="914" VPOS="668" WIDTH="21" HEIGHT="19" WC="0.96" CONTENT="af"/>
						</TextLine>
						<TextLine ID="line_20" HPOS="191" VPOS="691" WIDTH="744" HEIGHT="28">
							<String ID="string_157" HPOS="191" VPOS="691" WIDTH="91" HEIGHT="26" WC="0.91" CONTENT="vilkorlig"/><SP WIDTH="17" VPOS="691" HPOS="282"/>
							<String ID="string_158" HPOS="299" VPOS="691" WIDTH="105" HEIGHT="26" WC="0.91" CONTENT="frigifning,"/><SP WIDTH="18" VPOS="691" HPOS="404"/>
							<String ID="string_159" HPOS="422" VPOS="693" WIDTH="38" HEIGHT="19" WC="0.95" CONTENT="och"/><SP WIDTH="16" VPOS="693" HPOS="460"/>
							<String ID="string_160" HPOS="476" VPOS="693" WIDTH="80" HEIGHT="19" WC="0.95" CONTENT="hvilken"/><SP WIDTH="16" VPOS="693" HPOS="556"/>
							<String ID="string_161" HPOS="572" VPOS="697" WIDTH="18" HEIGHT="20" WC="0.96" CONTENT="ej"/><SP WIDTH="18" VPOS="697" HPOS="590"/>
							<String ID="string_162" HPOS="608" VPOS="693" WIDTH="36" HEIGHT="18" WC="0.96" CONTENT="har"/><SP WIDTH="17" VPOS="693" HPOS="644"/>
							<String ID="string_163" HPOS="661" VPOS="695" WIDTH="28" HEIGHT="17" WC="0.93" CONTENT="att"/><SP WIDTH="13" VPOS="695" HPOS="689"/>
							<String ID="string_164" HPOS="702" VPOS="692" WIDTH="88" HEIGHT="26" WC="0.90" CONTENT="påräkna"/><SP WIDTH="13" VPOS="692" HPOS="790"/>
							<String ID="string_165" HPOS="803" VPOS="693" WIDTH="58" HEIGHT="20" WC="0.93" CONTENT="säker"/><SP WIDTH="15" VPOS="693" HPOS="861"/>
							<String ID="string_166" HPOS="876" VPOS="694" WIDTH="59" HEIGHT="25" WC="0.90" CONTENT="berg-"/>
						</TextLine>
						<TextLine ID="line_21" HPOS="191" VPOS="718" WIDTH="742" HEIGHT="26">
							<String ID="string_167" HPOS="191" VPOS="718" WIDTH="44" HEIGHT="26" WC="0.96" CONTENT="ning"/><SP WIDTH="14" VPOS="718" HPOS="235"/>
							<String ID="string_168" HPOS="249" VPOS="719" WIDTH="50" HEIGHT="19" WC="0.91" CONTENT="efter"/><SP WIDTH="14" VPOS="719" HPOS="299"/>
							<String ID="string_169" HPOS="313" VPOS="718" WIDTH="129" HEIGHT="26" WC="0.91" CONTENT="frigifvandet,"/><SP WIDTH="16" VPOS="718" HPOS="442"/>
							<String ID="string_170" HPOS="458" VPOS="719" WIDTH="48" HEIGHT="20" WC="0.96" CONTENT="söka"/><SP WIDTH="14" VPOS="719" HPOS="506"/>
							<String ID="string_171" HPOS="520" VPOS="719" WIDTH="86" HEIGHT="20" WC="0.93" CONTENT="anskaffa"/><SP WIDTH="15" VPOS="719" HPOS="606"/>
							<String ID="string_172" HPOS="621" VPOS="718" WIDTH="61" HEIGHT="26" WC="0.92" CONTENT="tjenst"/><SP WIDTH="14" VPOS="718" HPOS="682"/>
							<String ID="string_173" HPOS="696" VPOS="720" WIDTH="37" HEIGHT="19" WC="0.96" CONTENT="hos"/><SP WIDTH="13" VPOS="720" HPOS="733"/>
							<String ID="string_174" HPOS="746" VPOS="719" WIDTH="85" HEIGHT="21" WC="0.93" CONTENT="välkänd"/><SP WIDTH="13" VPOS="719" HPOS="831"/>
							<String ID="string_175" HPOS="844" VPOS="720" WIDTH="89" HEIGHT="20" WC="0.90" CONTENT="husbon-"/>
						</TextLine>
						<TextLine ID="line_22" HPOS="191" VPOS="744" WIDTH="742" HEIGHT="29">
							<String ID="string_176" HPOS="191" VPOS="744" WIDTH="34" HEIGHT="25" WC="0.94" CONTENT="de,"/><SP WIDTH="20" VPOS="744" HPOS="225"/>
							<String ID="string_177" HPOS="245" VPOS="745" WIDTH="46" HEIGHT="20" WC="0.96" CONTENT="eller"/><SP WIDTH="18" VPOS="745" HPOS="291"/>
							<String ID="string_178" HPOS="309" VPOS="750" WIDTH="62" HEIGHT="14" WC="0.96" CONTENT="annan"/><SP WIDTH="18" VPOS="750" HPOS="371"/>
							<String ID="string_179" HPOS="389" VPOS="745" WIDTH="60" HEIGHT="20" WC="0.96" CONTENT="sådan"/><SP WIDTH="17" VPOS="745" HPOS="449"/>
							<String ID="string_180" HPOS="466" VPOS="745" WIDTH="113" HEIGHT="26" WC="0.96" CONTENT="anställning"/><SP WIDTH="13" VPOS="745" HPOS="579"/>
							<String ID="string_181" HPOS="592" VPOS="747" WIDTH="29" HEIGHT="18" WC="0.96" CONTENT="att"/><SP WIDTH="13" VPOS="747" HPOS="621"/>
							<String ID="string_182" HPOS="634" VPOS="745" WIDTH="38" HEIGHT="19" WC="0.93" CONTENT="han"/><SP WIDTH="14" VPOS="745" HPOS="672"/>
							<String ID="string_183" HPOS="686" VPOS="745" WIDTH="115" HEIGHT="26" WC="0.92" CONTENT="derigenom"/><SP WIDTH="14" VPOS="745" HPOS="801"/>
							<String ID="string_184" HPOS="815" VPOS="746" WIDTH="29" HEIGHT="27" WC="0.93" CONTENT="sig"/><SP WIDTH="14" VPOS="746" HPOS="844"/>
							<String ID="string_185" HPOS="858" VPOS="747" WIDTH="75" HEIGHT="26" WC="0.91" CONTENT="ärligen"/>
						</TextLine>
						<TextLine ID="line_23" HPOS="191" VPOS="770" WIDTH="143" HEIGHT="26">
							<String ID="string_186" HPOS="191" VPOS="770" WIDTH="38" HEIGHT="20" WC="0.96" CONTENT="kan"/><SP WIDTH="14" VPOS="770" HPOS="229"/>
							<String ID="string_187" HPOS="243" VPOS="770" WIDTH="91" HEIGHT="26" WC="0.96" CONTENT="försörja."/>
						</TextLine>
					</TextBlock>
					<TextBlock ID="block_9" HPOS="189" VPOS="797" WIDTH="746" HEIGHT="239">
						<TextLine ID="line_24" HPOS="244" VPOS="797" WIDTH="690" HEIGHT="28">
							<String ID="string_188" HPOS="244" VPOS="798" WIDTH="26" HEIGHT="20" WC="0.92" CONTENT="36"/><SP WIDTH="27" VPOS="798" HPOS="270"/>
							<String ID="string_189" HPOS="297" VPOS="815" WIDTH="3" HEIGHT="2" WC="0.92" CONTENT="$."/><SP WIDTH="29" VPOS="815" HPOS="300"/>
							<String ID="string_190" HPOS="329" VPOS="797" WIDTH="40" HEIGHT="21" WC="0.96" CONTENT="Har"/><SP WIDTH="17" VPOS="797" HPOS="369"/>
							<String ID="string_191" HPOS="386" VPOS="797" WIDTH="20" HEIGHT="21" WC="0.96" CONTENT="åt"/><SP WIDTH="16" VPOS="797" HPOS="406"/>
							<String ID="string_192" HPOS="422" VPOS="798" WIDTH="97" HEIGHT="21" WC="0.96" CONTENT="arbetsför"/><SP WIDTH="17" VPOS="798" HPOS="519"/>
							<String ID="string_193" HPOS="536" VPOS="798" WIDTH="70" HEIGHT="26" WC="0.96" CONTENT="manlig"/><SP WIDTH="17" VPOS="798" HPOS="606"/>
							<String ID="string_194" HPOS="623" VPOS="797" WIDTH="123" HEIGHT="28" WC="0.69" CONTENT="förbrytare,"/><SP WIDTH="22" VPOS="797" HPOS="746"/>
							<String ID="string_195" HPOS="768" VPOS="799" WIDTH="60" HEIGHT="21" WC="0.95" CONTENT="hvars"/><SP WIDTH="21" VPOS="799" HPOS="828"/>
							<String ID="string_196" HPOS="849" VPOS="800" WIDTH="85" HEIGHT="20" WC="0.95" CONTENT="strafftid"/>
						</TextLine>
						<TextLine ID="line_25" HPOS="192" VPOS="824" WIDTH="742" HEIGHT="28">
							<String ID="string_197" HPOS="192" VPOS="824" WIDTH="127" HEIGHT="27" WC="0.89" CONTENT="tilländagått,"/><SP WIDTH="16" VPOS="824" HPOS="319"/>
							<String ID="string_198" HPOS="335" VPOS="825" WIDTH="44" HEIGHT="20" WC="0.96" CONTENT="icke"/><SP WIDTH="15" VPOS="825" HPOS="379"/>
							<String ID="string_199" HPOS="394" VPOS="825" WIDTH="74" HEIGHT="21" WC="0.96" CONTENT="kunnat"/><SP WIDTH="13" VPOS="825" HPOS="468"/>
							<String ID="string_200" HPOS="481" VPOS="826" WIDTH="6" HEIGHT="19" WC="0.96" CONTENT="i"/><SP WIDTH="14" VPOS="826" HPOS="487"/>
							<String ID="string_201" HPOS="501" VPOS="825" WIDTH="50" HEIGHT="20" WC="0.96" CONTENT="brist"/><SP WIDTH="13" VPOS="825" HPOS="551"/>
							<String ID="string_202" HPOS="564" VPOS="825" WIDTH="25" HEIGHT="26" WC="0.96" CONTENT="på"/><SP WIDTH="14" VPOS="825" HPOS="589"/>
							<String ID="string_203" HPOS="603" VPOS="831" WIDTH="64" HEIGHT="14" WC="0.93" CONTENT="annan"/><SP WIDTH="14" VPOS="831" HPOS="667"/>
							<String ID="string_204" HPOS="681" VPOS="826" WIDTH="95" HEIGHT="26" WC="0.91" CONTENT="bergning"/><SP WIDTH="14" VPOS="826" HPOS="776"/>
							<String ID="string_205" HPOS="790" VPOS="826" WIDTH="97" HEIGHT="21" WC="0.93" CONTENT="anskaffas"/><SP WIDTH="14" VPOS="826" HPOS="887"/>
							<String ID="string_206" HPOS="901" VPOS="827" WIDTH="33" HEIGHT="20" WC="0.91" CONTENT="så-"/>
						</TextLine>
						<TextLine ID="line_26" HPOS="191" VPOS="851" WIDTH="742" HEIGHT="27">
							<String ID="string_207" HPOS="191" VPOS="851" WIDTH="39" HEIGHT="19" WC="0.95" CONTENT="dan"/><SP WIDTH="14" VPOS="851" HPOS="230"/>
							<String ID="string_208" HPOS="244" VPOS="851" WIDTH="117" HEIGHT="27" WC="0.95" CONTENT="försörjning"/><SP WIDTH="14" VPOS="851" HPOS="361"/>
							<String ID="string_209" HPOS="375" VPOS="852" WIDTH="46" HEIGHT="20" WC="0.96" CONTENT="eller"/><SP WIDTH="14" VPOS="852" HPOS="421"/>
							<String ID="string_210" HPOS="435" VPOS="853" WIDTH="119" HEIGHT="25" WC="0.95" CONTENT="anställning,"/><SP WIDTH="17" VPOS="853" HPOS="554"/>
							<String ID="string_211" HPOS="571" VPOS="858" WIDTH="43" HEIGHT="14" WC="0.96" CONTENT="som"/><SP WIDTH="15" VPOS="858" HPOS="614"/>
							<String ID="string_212" HPOS="629" VPOS="852" WIDTH="5" HEIGHT="19" WC="0.95" CONTENT="i"/><SP WIDTH="15" VPOS="852" HPOS="634"/>
							<String ID="string_213" HPOS="649" VPOS="853" WIDTH="25" HEIGHT="19" WC="0.92" CONTENT="35"/><SP WIDTH="15" VPOS="853" HPOS="674"/>
							<String ID="string_214" HPOS="689" VPOS="852" WIDTH="10" HEIGHT="26" WC="0.91" CONTENT="$"/><SP WIDTH="14" VPOS="852" HPOS="699"/>
							<String ID="string_215" HPOS="713" VPOS="854" WIDTH="64" HEIGHT="24" WC="0.96" CONTENT="säges,"/><SP WIDTH="15" VPOS="854" HPOS="777"/>
							<String ID="string_216" HPOS="792" VPOS="858" WIDTH="48" HEIGHT="15" WC="0.96" CONTENT="vare"/><SP WIDTH="15" VPOS="858" HPOS="840"/>
							<String ID="string_217" HPOS="855" VPOS="854" WIDTH="39" HEIGHT="19" WC="0.96" CONTENT="han"/><SP WIDTH="13" VPOS="854" HPOS="894"/>
							<String ID="string_218" HPOS="907" VPOS="854" WIDTH="26" HEIGHT="20" WC="0.95" CONTENT="då"/>
						</TextLine>
						<TextLine ID="line_27" HPOS="191" VPOS="878" WIDTH="744" HEIGHT="27">
							<String ID="string_219" HPOS="191" VPOS="878" WIDTH="78" HEIGHT="26" WC="0.96" CONTENT="skyldig"/><SP WIDTH="13" VPOS="878" HPOS="269"/>
							<String ID="string_220" HPOS="282" VPOS="881" WIDTH="28" HEIGHT="17" WC="0.96" CONTENT="att"/><SP WIDTH="14" VPOS="881" HPOS="310"/>
							<String ID="string_221" HPOS="324" VPOS="879" WIDTH="53" HEIGHT="19" WC="0.95" CONTENT="inom"/><SP WIDTH="15" VPOS="879" HPOS="377"/>
							<String ID="string_222" HPOS="392" VPOS="884" WIDTH="23" HEIGHT="14" WC="0.96" CONTENT="en"/><SP WIDTH="13" VPOS="884" HPOS="415"/>
							<String ID="string_223" HPOS="428" VPOS="878" WIDTH="72" HEIGHT="20" WC="0.96" CONTENT="månad"/><SP WIDTH="14" VPOS="878" HPOS="500"/>
							<String ID="string_224" HPOS="514" VPOS="879" WIDTH="50" HEIGHT="19" WC="0.93" CONTENT="efter"/><SP WIDTH="15" VPOS="879" HPOS="564"/>
							<String ID="string_225" HPOS="579" VPOS="878" WIDTH="124" HEIGHT="26" WC="0.92" CONTENT="frigifvandet"/><SP WIDTH="14" VPOS="878" HPOS="703"/>
							<String ID="string_226" HPOS="717" VPOS="880" WIDTH="37" HEIGHT="18" WC="0.96" CONTENT="hos"/><SP WIDTH="13" VPOS="880" HPOS="754"/>
							<String ID="string_227" HPOS="767" VPOS="880" WIDTH="168" HEIGHT="25" WC="0.96" CONTENT="polismyndighet"/>
						</TextLine>
						<TextLine ID="line_28" HPOS="191" VPOS="903" WIDTH="743" HEIGHT="28">
							<String ID="string_228" HPOS="191" VPOS="903" WIDTH="11" HEIGHT="20" WC="0.90" CONTENT="å"/><SP WIDTH="17" VPOS="903" HPOS="202"/>
							<String ID="string_229" HPOS="219" VPOS="904" WIDTH="142" HEIGHT="20" WC="0.90" CONTENT="vistelseorten"/><SP WIDTH="17" VPOS="904" HPOS="361"/>
							<String ID="string_230" HPOS="378" VPOS="906" WIDTH="68" HEIGHT="25" WC="0.96" CONTENT="styrka"/><SP WIDTH="18" VPOS="906" HPOS="446"/>
							<String ID="string_231" HPOS="464" VPOS="906" WIDTH="30" HEIGHT="25" WC="0.93" CONTENT="sig"/><SP WIDTH="16" VPOS="906" HPOS="494"/>
							<String ID="string_232" HPOS="510" VPOS="911" WIDTH="34" HEIGHT="20" WC="0.92" CONTENT="ega"/><SP WIDTH="18" VPOS="911" HPOS="544"/>
							<String ID="string_233" HPOS="562" VPOS="905" WIDTH="59" HEIGHT="26" WC="0.92" CONTENT="lofligt"/><SP WIDTH="16" VPOS="905" HPOS="621"/>
							<String ID="string_234" HPOS="637" VPOS="904" WIDTH="135" HEIGHT="27" WC="0.91" CONTENT="näringsfång,"/><SP WIDTH="19" VPOS="904" HPOS="772"/>
							<String ID="string_235" HPOS="791" VPOS="906" WIDTH="46" HEIGHT="20" WC="0.95" CONTENT="eller"/><SP WIDTH="18" VPOS="906" HPOS="837"/>
							<String ID="string_236" HPOS="855" VPOS="908" WIDTH="56" HEIGHT="18" WC="0.95" CONTENT="träde"/><SP WIDTH="17" VPOS="908" HPOS="911"/>
							<String ID="string_237" HPOS="928" VPOS="907" WIDTH="6" HEIGHT="19" WC="0.96" CONTENT="i"/>
						</TextLine>
						<TextLine ID="line_29" HPOS="189" VPOS="930" WIDTH="744" HEIGHT="27">
							<String ID="string_238" HPOS="189" VPOS="930" WIDTH="91" HEIGHT="21" WC="0.93" CONTENT="Kronans"/><SP WIDTH="17" VPOS="930" HPOS="280"/>
							<String ID="string_239" HPOS="297" VPOS="931" WIDTH="61" HEIGHT="25" WC="0.92" CONTENT="tjenst"/><SP WIDTH="17" VPOS="931" HPOS="358"/>
							<String ID="string_240" HPOS="375" VPOS="932" WIDTH="33" HEIGHT="19" WC="0.96" CONTENT="vid"/><SP WIDTH="16" VPOS="932" HPOS="408"/>
							<String ID="string_241" HPOS="424" VPOS="932" WIDTH="79" HEIGHT="20" WC="0.93" CONTENT="allmänt"/><SP WIDTH="16" VPOS="932" HPOS="503"/>
							<String ID="string_242" HPOS="519" VPOS="932" WIDTH="171" HEIGHT="25" WC="0.90" CONTENT="arbetskompani,"/><SP WIDTH="20" VPOS="932" HPOS="690"/>
							<String ID="string_243" HPOS="710" VPOS="932" WIDTH="28" HEIGHT="19" WC="0.96" CONTENT="för"/><SP WIDTH="15" VPOS="932" HPOS="738"/>
							<String ID="string_244" HPOS="753" VPOS="934" WIDTH="28" HEIGHT="17" WC="0.96" CONTENT="att"/><SP WIDTH="13" VPOS="934" HPOS="781"/>
							<String ID="string_245" HPOS="794" VPOS="932" WIDTH="36" HEIGHT="20" WC="0.90" CONTENT="der"/><SP WIDTH="14" VPOS="932" HPOS="830"/>
							<String ID="string_246" HPOS="844" VPOS="932" WIDTH="89" HEIGHT="21" WC="0.90" CONTENT="förblifva"/>
						</TextLine>
						<TextLine ID="line_30" HPOS="190" VPOS="958" WIDTH="743" HEIGHT="26">
							<String ID="string_247" HPOS="190" VPOS="958" WIDTH="39" HEIGHT="19" WC="0.96" CONTENT="tills"/><SP WIDTH="14" VPOS="958" HPOS="229"/>
							<String ID="string_248" HPOS="243" VPOS="960" WIDTH="28" HEIGHT="17" WC="0.96" CONTENT="att"/><SP WIDTH="13" VPOS="960" HPOS="271"/>
							<String ID="string_249" HPOS="284" VPOS="958" WIDTH="38" HEIGHT="19" WC="0.96" CONTENT="han"/><SP WIDTH="14" VPOS="958" HPOS="322"/>
							<String ID="string_250" HPOS="336" VPOS="963" WIDTH="63" HEIGHT="14" WC="0.96" CONTENT="annan"/><SP WIDTH="15" VPOS="963" HPOS="399"/>
							<String ID="string_251" HPOS="414" VPOS="958" WIDTH="58" HEIGHT="20" WC="0.93" CONTENT="säker"/><SP WIDTH="14" VPOS="958" HPOS="472"/>
							<String ID="string_252" HPOS="486" VPOS="958" WIDTH="93" HEIGHT="26" WC="0.91" CONTENT="bergning"/><SP WIDTH="14" VPOS="958" HPOS="579"/>
							<String ID="string_253" HPOS="593" VPOS="958" WIDTH="74" HEIGHT="20" WC="0.96" CONTENT="erhålla"/><SP WIDTH="13" VPOS="958" HPOS="667"/>
							<String ID="string_254" HPOS="680" VPOS="958" WIDTH="46" HEIGHT="20" WC="0.96" CONTENT="kan."/><SP WIDTH="16" VPOS="958" HPOS="726"/>
							<String ID="string_255" HPOS="742" VPOS="959" WIDTH="52" HEIGHT="19" WC="0.96" CONTENT="Vare"/><SP WIDTH="7" VPOS="959" HPOS="794"/>
							<String ID="string_256" HPOS="801" VPOS="959" WIDTH="79" HEIGHT="23" WC="0.96" CONTENT="honom"/><SP WIDTH="15" VPOS="959" HPOS="880"/>
							<String ID="string_257" HPOS="895" VPOS="960" WIDTH="38" HEIGHT="20" WC="0.96" CONTENT="ock"/>
						</TextLine>
						<TextLine ID="line_31" HPOS="191" VPOS="984" WIDTH="744" HEIGHT="28">
							<String ID="string_258" HPOS="191" VPOS="984" WIDTH="91" HEIGHT="25" WC="0.91" CONTENT="obetaget"/><SP WIDTH="16" VPOS="984" HPOS="282"/>
							<String ID="string_259" HPOS="298" VPOS="987" WIDTH="29" HEIGHT="17" WC="0.96" CONTENT="att"/><SP WIDTH="15" VPOS="987" HPOS="327"/>
							<String ID="string_260" HPOS="342" VPOS="987" WIDTH="70" HEIGHT="23" WC="0.95" CONTENT="genast"/><SP WIDTH="16" VPOS="987" HPOS="412"/>
							<String ID="string_261" HPOS="428" VPOS="984" WIDTH="49" HEIGHT="20" WC="0.92" CONTENT="efter"/><SP WIDTH="14" VPOS="984" HPOS="477"/>
							<String ID="string_262" HPOS="491" VPOS="984" WIDTH="126" HEIGHT="26" WC="0.91" CONTENT="frigifvandet"/><SP WIDTH="14" VPOS="984" HPOS="617"/>
							<String ID="string_263" HPOS="631" VPOS="985" WIDTH="48" HEIGHT="19" WC="0.96" CONTENT="söka"/><SP WIDTH="14" VPOS="985" HPOS="679"/>
							<String ID="string_264" HPOS="693" VPOS="986" WIDTH="37" HEIGHT="18" WC="0.96" CONTENT="och"/><SP WIDTH="17" VPOS="986" HPOS="730"/>
							<String ID="string_265" HPOS="747" VPOS="986" WIDTH="56" HEIGHT="19" WC="0.96" CONTENT="vinna"/><SP WIDTH="14" VPOS="986" HPOS="803"/>
							<String ID="string_266" HPOS="817" VPOS="987" WIDTH="118" HEIGHT="25" WC="0.95" CONTENT="anställning"/>
						</TextLine>
						<TextLine ID="line_32" HPOS="191" VPOS="1010" WIDTH="298" HEIGHT="26">
							<String ID="string_267" HPOS="191" VPOS="1010" WIDTH="33" HEIGHT="20" WC="0.96" CONTENT="vid"/><SP WIDTH="15" VPOS="1010" HPOS="224"/>
							<String ID="string_268" HPOS="239" VPOS="1010" WIDTH="70" HEIGHT="21" WC="0.93" CONTENT="sådant"/><SP WIDTH="14" VPOS="1010" HPOS="309"/>
							<String ID="string_269" HPOS="323" VPOS="1011" WIDTH="166" HEIGHT="25" WC="0.91" CONTENT="arbetskompani."/>
						</TextLine>
					</TextBlock>
					<TextBlock ID="block_10" HPOS="191" VPOS="1037" WIDTH="742" HEIGHT="131">
						<TextLine ID="line_33" HPOS="244" VPOS="1037" WIDTH="689" HEIGHT="27">
							<String ID="string_270" HPOS="244" VPOS="1038" WIDTH="25" HEIGHT="18" WC="0.93" CONTENT="37"/><SP WIDTH="15" VPOS="1038" HPOS="269"/>
							<String ID="string_271" HPOS="284" VPOS="1037" WIDTH="17" HEIGHT="25" WC="0.89" CONTENT="$."/><SP WIDTH="29" VPOS="1037" HPOS="301"/>
							<String ID="string_272" HPOS="330" VPOS="1037" WIDTH="159" HEIGHT="27" WC="0.89" CONTENT="Tukthusfänges"/><SP WIDTH="17" VPOS="1037" HPOS="489"/>
							<String ID="string_273" HPOS="506" VPOS="1038" WIDTH="27" HEIGHT="19" WC="0.96" CONTENT="till"/><SP WIDTH="17" VPOS="1038" HPOS="533"/>
							<String ID="string_274" HPOS="550" VPOS="1038" WIDTH="95" HEIGHT="19" WC="0.93" CONTENT="anstalten"/><SP WIDTH="15" VPOS="1038" HPOS="645"/>
							<String ID="string_275" HPOS="660" VPOS="1038" WIDTH="102" HEIGHT="20" WC="0.90" CONTENT="medförda"/><SP WIDTH="18" VPOS="1038" HPOS="762"/>
							<String ID="string_276" HPOS="780" VPOS="1039" WIDTH="45" HEIGHT="19" WC="0.96" CONTENT="eller"/><SP WIDTH="17" VPOS="1039" HPOS="825"/>
							<String ID="string_277" HPOS="842" VPOS="1039" WIDTH="36" HEIGHT="19" WC="0.93" CONTENT="der"/><SP WIDTH="17" VPOS="1039" HPOS="878"/>
							<String ID="string_278" HPOS="895" VPOS="1040" WIDTH="38" HEIGHT="19" WC="0.92" CONTENT="för-"/>
						</TextLine>
						<TextLine ID="line_34" HPOS="191" VPOS="1062" WIDTH="742" HEIGHT="29">
							<String ID="string_279" HPOS="191" VPOS="1062" WIDTH="78" HEIGHT="26" WC="0.93" CONTENT="tjenade"/><SP WIDTH="14" VPOS="1062" HPOS="269"/>
							<String ID="string_280" HPOS="283" VPOS="1064" WIDTH="96" HEIGHT="25" WC="0.96" CONTENT="egendom"/><SP WIDTH="14" VPOS="1064" HPOS="379"/>
							<String ID="string_281" HPOS="393" VPOS="1064" WIDTH="47" HEIGHT="20" WC="0.96" CONTENT="skall"/><SP WIDTH="15" VPOS="1064" HPOS="440"/>
							<String ID="string_282" HPOS="455" VPOS="1064" WIDTH="63" HEIGHT="20" WC="0.96" CONTENT="under"/><SP WIDTH="14" VPOS="1064" HPOS="518"/>
							<String ID="string_283" HPOS="532" VPOS="1064" WIDTH="108" HEIGHT="20" WC="0.96" CONTENT="strafftiden"/><SP WIDTH="14" VPOS="1064" HPOS="640"/>
							<String ID="string_284" HPOS="654" VPOS="1064" WIDTH="93" HEIGHT="20" WC="0.96" CONTENT="förvaltas"/><SP WIDTH="14" VPOS="1064" HPOS="747"/>
							<String ID="string_285" HPOS="761" VPOS="1065" WIDTH="20" HEIGHT="19" WC="0.93" CONTENT="af"/><SP WIDTH="13" VPOS="1065" HPOS="781"/>
							<String ID="string_286" HPOS="794" VPOS="1066" WIDTH="139" HEIGHT="25" WC="0.92" CONTENT="inrättningens"/>
						</TextLine>
						<TextLine ID="line_35" HPOS="191" VPOS="1089" WIDTH="742" HEIGHT="27">
							<String ID="string_287" HPOS="191" VPOS="1089" WIDTH="143" HEIGHT="21" WC="0.96" CONTENT="föreståndare."/><SP WIDTH="29" VPOS="1089" HPOS="334"/>
							<String ID="string_288" HPOS="363" VPOS="1090" WIDTH="39" HEIGHT="19" WC="0.96" CONTENT="Har"/><SP WIDTH="18" VPOS="1090" HPOS="402"/>
							<String ID="string_289" HPOS="420" VPOS="1090" WIDTH="56" HEIGHT="26" WC="0.91" CONTENT="fånge"/><SP WIDTH="17" VPOS="1090" HPOS="476"/>
							<String ID="string_290" HPOS="493" VPOS="1090" WIDTH="11" HEIGHT="19" WC="0.91" CONTENT="å"/><SP WIDTH="14" VPOS="1090" HPOS="504"/>
							<String ID="string_291" HPOS="518" VPOS="1096" WIDTH="62" HEIGHT="14" WC="0.95" CONTENT="annan"/><SP WIDTH="14" VPOS="1096" HPOS="580"/>
							<String ID="string_292" HPOS="594" VPOS="1093" WIDTH="31" HEIGHT="16" WC="0.95" CONTENT="ort"/><SP WIDTH="14" VPOS="1093" HPOS="625"/>
							<String ID="string_293" HPOS="639" VPOS="1090" WIDTH="60" HEIGHT="20" WC="0.96" CONTENT="sådan"/><SP WIDTH="15" VPOS="1090" HPOS="699"/>
							<String ID="string_294" HPOS="714" VPOS="1091" WIDTH="101" HEIGHT="25" WC="0.96" CONTENT="egendom,"/><SP WIDTH="17" VPOS="1091" HPOS="815"/>
							<String ID="string_295" HPOS="832" VPOS="1097" WIDTH="44" HEIGHT="14" WC="0.92" CONTENT="som"/><SP WIDTH="15" VPOS="1097" HPOS="876"/>
							<String ID="string_296" HPOS="891" VPOS="1095" WIDTH="42" HEIGHT="17" WC="0.91" CONTENT="sär-"/>
						</TextLine>
						<TextLine ID="line_36" HPOS="191" VPOS="1115" WIDTH="742" HEIGHT="27">
							<String ID="string_297" HPOS="191" VPOS="1115" WIDTH="51" HEIGHT="20" WC="0.96" CONTENT="skild"/><SP WIDTH="21" VPOS="1115" HPOS="242"/>
							<String ID="string_298" HPOS="263" VPOS="1115" WIDTH="122" HEIGHT="21" WC="0.93" CONTENT="omvårdnad"/><SP WIDTH="20" VPOS="1115" HPOS="385"/>
							<String ID="string_299" HPOS="405" VPOS="1116" WIDTH="93" HEIGHT="26" WC="0.92" CONTENT="kräfver,"/><SP WIDTH="22" VPOS="1116" HPOS="498"/>
							<String ID="string_300" HPOS="520" VPOS="1116" WIDTH="62" HEIGHT="20" WC="0.96" CONTENT="varde"/><SP WIDTH="20" VPOS="1116" HPOS="582"/>
							<String ID="string_301" HPOS="602" VPOS="1116" WIDTH="25" HEIGHT="20" WC="0.96" CONTENT="dä"/><SP WIDTH="18" VPOS="1116" HPOS="627"/>
							<String ID="string_302" HPOS="645" VPOS="1117" WIDTH="29" HEIGHT="19" WC="0.96" CONTENT="för"/><SP WIDTH="17" VPOS="1117" HPOS="674"/>
							<String ID="string_303" HPOS="691" VPOS="1116" WIDTH="76" HEIGHT="21" WC="0.96" CONTENT="vården"/><SP WIDTH="18" VPOS="1116" HPOS="767"/>
							<String ID="string_304" HPOS="785" VPOS="1118" WIDTH="68" HEIGHT="20" WC="0.96" CONTENT="derom"/><SP WIDTH="18" VPOS="1118" HPOS="853"/>
							<String ID="string_305" HPOS="871" VPOS="1118" WIDTH="62" HEIGHT="20" WC="0.96" CONTENT="under"/>
						</TextLine>
						<TextLine ID="line_37" HPOS="191" VPOS="1142" WIDTH="512" HEIGHT="26">
							<String ID="string_306" HPOS="191" VPOS="1142" WIDTH="110" HEIGHT="20" WC="0.96" CONTENT="strafftiden"/><SP WIDTH="14" VPOS="1142" HPOS="301"/>
							<String ID="string_307" HPOS="315" VPOS="1142" WIDTH="124" HEIGHT="26" WC="0.96" CONTENT="förmyndare"/><SP WIDTH="13" VPOS="1142" HPOS="439"/>
							<String ID="string_308" HPOS="452" VPOS="1143" WIDTH="6" HEIGHT="19" WC="0.96" CONTENT="i"/><SP WIDTH="14" VPOS="1143" HPOS="458"/>
							<String ID="string_309" HPOS="472" VPOS="1143" WIDTH="42" HEIGHT="25" WC="0.96" CONTENT="laga"/><SP WIDTH="15" VPOS="1143" HPOS="514"/>
							<String ID="string_310" HPOS="529" VPOS="1143" WIDTH="81" HEIGHT="25" WC="0.96" CONTENT="ordning"/><SP WIDTH="14" VPOS="1143" HPOS="610"/>
							<String ID="string_311" HPOS="624" VPOS="1143" WIDTH="79" HEIGHT="20" WC="0.96" CONTENT="utsedd."/>
						</TextLine>
					</TextBlock>
					<TextBlock ID="block_11" HPOS="191" VPOS="1168" WIDTH="743" HEIGHT="104">
						<TextLine ID="line_38" HPOS="244" VPOS="1168" WIDTH="689" HEIGHT="27">
							<String ID="string_312" HPOS="244" VPOS="1168" WIDTH="23" HEIGHT="25" WC="0.96" CONTENT="Ej"/><SP WIDTH="16" VPOS="1168" HPOS="267"/>
							<String ID="string_313" HPOS="283" VPOS="1168" WIDTH="33" HEIGHT="20" WC="0.93" CONTENT="må"/><SP WIDTH="17" VPOS="1168" HPOS="316"/>
							<String ID="string_314" HPOS="333" VPOS="1168" WIDTH="139" HEIGHT="26" WC="0.92" CONTENT="tukthusfånge"/><SP WIDTH="16" VPOS="1168" HPOS="472"/>
							<String ID="string_315" HPOS="488" VPOS="1169" WIDTH="64" HEIGHT="20" WC="0.96" CONTENT="under"/><SP WIDTH="16" VPOS="1169" HPOS="552"/>
							<String ID="string_316" HPOS="568" VPOS="1169" WIDTH="109" HEIGHT="20" WC="0.95" CONTENT="strafftiden"/><SP WIDTH="15" VPOS="1169" HPOS="677"/>
							<String ID="string_317" HPOS="692" VPOS="1175" WIDTH="33" HEIGHT="14" WC="0.96" CONTENT="om"/><SP WIDTH="14" VPOS="1175" HPOS="725"/>
							<String ID="string_318" HPOS="739" VPOS="1170" WIDTH="31" HEIGHT="19" WC="0.96" CONTENT="sin"/><SP WIDTH="14" VPOS="1170" HPOS="770"/>
							<String ID="string_319" HPOS="784" VPOS="1170" WIDTH="96" HEIGHT="25" WC="0.92" CONTENT="egendom"/><SP WIDTH="15" VPOS="1170" HPOS="880"/>
							<String ID="string_320" HPOS="895" VPOS="1171" WIDTH="38" HEIGHT="19" WC="0.92" CONTENT="för-"/>
						</TextLine>
						<TextLine ID="line_39" HPOS="191" VPOS="1194" WIDTH="743" HEIGHT="26">
							<String ID="string_321" HPOS="191" VPOS="1194" WIDTH="43" HEIGHT="25" WC="0.96" CONTENT="foga"/><SP WIDTH="14" VPOS="1194" HPOS="234"/>
							<String ID="string_322" HPOS="248" VPOS="1194" WIDTH="25" HEIGHT="26" WC="0.96" CONTENT="på"/><SP WIDTH="14" VPOS="1194" HPOS="273"/>
							<String ID="string_323" HPOS="287" VPOS="1197" WIDTH="58" HEIGHT="17" WC="0.96" CONTENT="annat"/><SP WIDTH="13" VPOS="1197" HPOS="345"/>
							<String ID="string_324" HPOS="358" VPOS="1196" WIDTH="39" HEIGHT="18" WC="0.96" CONTENT="sätt"/><SP WIDTH="14" VPOS="1196" HPOS="397"/>
							<String ID="string_325" HPOS="411" VPOS="1196" WIDTH="24" HEIGHT="18" WC="0.96" CONTENT="än"/><SP WIDTH="14" VPOS="1196" HPOS="435"/>
							<String ID="string_326" HPOS="449" VPOS="1200" WIDTH="71" HEIGHT="20" WC="0.96" CONTENT="genom"/><SP WIDTH="15" VPOS="1200" HPOS="520"/>
							<String ID="string_327" HPOS="535" VPOS="1198" WIDTH="125" HEIGHT="17" WC="0.93" CONTENT="testamente."/><SP WIDTH="24" VPOS="1198" HPOS="660"/>
							<String ID="string_328" HPOS="684" VPOS="1195" WIDTH="58" HEIGHT="25" WC="0.92" CONTENT="Njute"/><SP WIDTH="14" VPOS="1195" HPOS="742"/>
							<String ID="string_329" HPOS="756" VPOS="1196" WIDTH="53" HEIGHT="20" WC="0.96" CONTENT="dock"/><SP WIDTH="13" VPOS="1196" HPOS="809"/>
							<String ID="string_330" HPOS="822" VPOS="1197" WIDTH="58" HEIGHT="19" WC="0.96" CONTENT="maka"/><SP WIDTH="15" VPOS="1197" HPOS="880"/>
							<String ID="string_331" HPOS="895" VPOS="1197" WIDTH="39" HEIGHT="19" WC="0.96" CONTENT="och"/>
						</TextLine>
						<TextLine ID="line_40" HPOS="191" VPOS="1220" WIDTH="743" HEIGHT="28">
							<String ID="string_332" HPOS="191" VPOS="1220" WIDTH="48" HEIGHT="20" WC="0.96" CONTENT="barn"/><SP WIDTH="17" VPOS="1220" HPOS="239"/>
							<String ID="string_333" HPOS="256" VPOS="1220" WIDTH="34" HEIGHT="20" WC="0.96" CONTENT="sitt"/><SP WIDTH="16" VPOS="1220" HPOS="290"/>
							<String ID="string_334" HPOS="306" VPOS="1220" WIDTH="102" HEIGHT="20" WC="0.96" CONTENT="underhåll"/><SP WIDTH="17" VPOS="1220" HPOS="408"/>
							<String ID="string_335" HPOS="425" VPOS="1221" WIDTH="57" HEIGHT="20" WC="0.95" CONTENT="deraf"/><SP WIDTH="15" VPOS="1221" HPOS="482"/>
							<String ID="string_336" HPOS="497" VPOS="1222" WIDTH="4" HEIGHT="18" WC="0.96" CONTENT="i"/><SP WIDTH="17" VPOS="1222" HPOS="501"/>
							<String ID="string_337" HPOS="518" VPOS="1222" WIDTH="43" HEIGHT="26" WC="0.96" CONTENT="laga"/><SP WIDTH="21" VPOS="1222" HPOS="561"/>
							<String ID="string_338" HPOS="582" VPOS="1222" WIDTH="90" HEIGHT="24" WC="0.95" CONTENT="ordning."/><SP WIDTH="32" VPOS="1222" HPOS="672"/>
							<String ID="string_339" HPOS="704" VPOS="1222" WIDTH="37" HEIGHT="19" WC="0.91" CONTENT="Om"/><SP WIDTH="20" VPOS="1222" HPOS="741"/>
							<String ID="string_340" HPOS="761" VPOS="1223" WIDTH="131" HEIGHT="25" WC="0.91" CONTENT="sparpenning"/><SP WIDTH="19" VPOS="1223" HPOS="892"/>
							<String ID="string_341" HPOS="911" VPOS="1224" WIDTH="23" HEIGHT="19" WC="0.96" CONTENT="är"/>
						</TextLine>
						<TextLine ID="line_41" HPOS="193" VPOS="1246" WIDTH="149" HEIGHT="26">
							<String ID="string_342" HPOS="193" VPOS="1246" WIDTH="59" HEIGHT="25" WC="0.92" CONTENT="sagdt"/><SP WIDTH="13" VPOS="1246" HPOS="252"/>
							<String ID="string_343" HPOS="265" VPOS="1247" WIDTH="5" HEIGHT="19" WC="0.96" CONTENT="i"/><SP WIDTH="15" VPOS="1247" HPOS="270"/>
							<String ID="string_344" HPOS="285" VPOS="1248" WIDTH="25" HEIGHT="18" WC="0.92" CONTENT="30"/><SP WIDTH="15" VPOS="1248" HPOS="310"/>
							<String ID="string_345" HPOS="325" VPOS="1247" WIDTH="17" HEIGHT="25" WC="0.91" CONTENT="$."/>
						</TextLine>
					</TextBlock>
					<TextBlock ID="block_12" HPOS="191" VPOS="1272" WIDTH="744" HEIGHT="130">
						<TextLine ID="line_42" HPOS="245" VPOS="1272" WIDTH="687" HEIGHT="28">
							<String ID="string_346" HPOS="245" VPOS="1273" WIDTH="24" HEIGHT="19" WC="0.96" CONTENT="38"/><SP WIDTH="15" VPOS="1273" HPOS="269"/>
							<String ID="string_347" HPOS="284" VPOS="1273" WIDTH="18" HEIGHT="25" WC="0.81" CONTENT="$."/><SP WIDTH="29" VPOS="1273" HPOS="302"/>
							<String ID="string_348" HPOS="331" VPOS="1272" WIDTH="73" HEIGHT="26" WC="0.92" CONTENT="Förgår"/><SP WIDTH="14" VPOS="1272" HPOS="404"/>
							<String ID="string_349" HPOS="418" VPOS="1274" WIDTH="29" HEIGHT="25" WC="0.96" CONTENT="sig"/><SP WIDTH="13" VPOS="1274" HPOS="447"/>
							<String ID="string_350" HPOS="460" VPOS="1274" WIDTH="58" HEIGHT="26" WC="0.96" CONTENT="fånge"/><SP WIDTH="9" VPOS="1274" HPOS="518"/>
							<String ID="string_351" HPOS="527" VPOS="1277" WIDTH="55" HEIGHT="17" WC="0.93" CONTENT="emot"/><SP WIDTH="8" VPOS="1277" HPOS="582"/>
							<String ID="string_352" HPOS="590" VPOS="1274" WIDTH="192" HEIGHT="26" WC="0.92" CONTENT="tukthusordningen"/><SP WIDTH="9" VPOS="1274" HPOS="782"/>
							<String ID="string_353" HPOS="791" VPOS="1280" WIDTH="70" HEIGHT="20" WC="0.96" CONTENT="genom"/><SP WIDTH="9" VPOS="1280" HPOS="861"/>
							<String ID="string_354" HPOS="870" VPOS="1274" WIDTH="62" HEIGHT="26" WC="0.96" CONTENT="lättja,"/>
						</TextLine>
						<TextLine ID="line_43" HPOS="193" VPOS="1299" WIDTH="741" HEIGHT="27">
							<String ID="string_355" HPOS="193" VPOS="1299" WIDTH="134" HEIGHT="25" WC="0.93" CONTENT="ohörsamhet,"/><SP WIDTH="17" VPOS="1299" HPOS="327"/>
							<String ID="string_356" HPOS="344" VPOS="1300" WIDTH="152" HEIGHT="26" WC="0.90" CONTENT="uppstudsighet"/><SP WIDTH="13" VPOS="1300" HPOS="496"/>
							<String ID="string_357" HPOS="509" VPOS="1301" WIDTH="47" HEIGHT="19" WC="0.96" CONTENT="eller"/><SP WIDTH="14" VPOS="1301" HPOS="556"/>
							<String ID="string_358" HPOS="570" VPOS="1300" WIDTH="25" HEIGHT="26" WC="0.96" CONTENT="på"/><SP WIDTH="14" VPOS="1300" HPOS="595"/>
							<String ID="string_359" HPOS="609" VPOS="1303" WIDTH="57" HEIGHT="17" WC="0.95" CONTENT="annat"/><SP WIDTH="14" VPOS="1303" HPOS="666"/>
							<String ID="string_360" HPOS="680" VPOS="1302" WIDTH="45" HEIGHT="23" WC="0.96" CONTENT="sätt,"/><SP WIDTH="16" VPOS="1302" HPOS="725"/>
							<String ID="string_361" HPOS="741" VPOS="1301" WIDTH="47" HEIGHT="20" WC="0.93" CONTENT="eller"/><SP WIDTH="13" VPOS="1301" HPOS="788"/>
							<String ID="string_362" HPOS="801" VPOS="1301" WIDTH="86" HEIGHT="20" WC="0.90" CONTENT="föröfvar"/><SP WIDTH="9" VPOS="1301" HPOS="887"/>
							<String ID="string_363" HPOS="896" VPOS="1302" WIDTH="38" HEIGHT="19" WC="0.96" CONTENT="han"/>
						</TextLine>
						<TextLine ID="line_44" HPOS="191" VPOS="1325" WIDTH="744" HEIGHT="27">
							<String ID="string_364" HPOS="191" VPOS="1325" WIDTH="78" HEIGHT="25" WC="0.92" CONTENT="ringare"/><SP WIDTH="17" VPOS="1325" HPOS="269"/>
							<String ID="string_365" HPOS="286" VPOS="1326" WIDTH="128" HEIGHT="25" WC="0.89" CONTENT="förbrytelse,"/><SP WIDTH="18" VPOS="1326" HPOS="414"/>
							<String ID="string_366" HPOS="432" VPOS="1326" WIDTH="29" HEIGHT="19" WC="0.96" CONTENT="för"/><SP WIDTH="17" VPOS="1326" HPOS="461"/>
							<String ID="string_367" HPOS="478" VPOS="1327" WIDTH="79" HEIGHT="19" WC="0.96" CONTENT="hvilken"/><SP WIDTH="17" VPOS="1327" HPOS="557"/>
							<String ID="string_368" HPOS="574" VPOS="1327" WIDTH="46" HEIGHT="19" WC="0.96" CONTENT="med"/><SP WIDTH="17" VPOS="1327" HPOS="620"/>
							<String ID="string_369" HPOS="637" VPOS="1328" WIDTH="107" HEIGHT="24" WC="0.93" CONTENT="penningar"/><SP WIDTH="21" VPOS="1328" HPOS="744"/>
							<String ID="string_370" HPOS="765" VPOS="1328" WIDTH="56" HEIGHT="18" WC="0.91" CONTENT="bötas"/><SP WIDTH="20" VPOS="1328" HPOS="821"/>
							<String ID="string_371" HPOS="841" VPOS="1328" WIDTH="48" HEIGHT="22" WC="0.96" CONTENT="kan;"/><SP WIDTH="24" VPOS="1328" HPOS="889"/>
							<String ID="string_372" HPOS="913" VPOS="1328" WIDTH="22" HEIGHT="19" WC="0.96" CONTENT="så"/>
						</TextLine>
						<TextLine ID="line_45" HPOS="192" VPOS="1351" WIDTH="743" HEIGHT="28">
							<String ID="string_373" HPOS="192" VPOS="1351" WIDTH="48" HEIGHT="20" WC="0.95" CONTENT="skall"/><SP WIDTH="16" VPOS="1351" HPOS="240"/>
							<String ID="string_374" HPOS="256" VPOS="1351" WIDTH="38" HEIGHT="19" WC="0.93" CONTENT="han"/><SP WIDTH="14" VPOS="1351" HPOS="294"/>
							<String ID="string_375" HPOS="308" VPOS="1351" WIDTH="79" HEIGHT="20" WC="0.92" CONTENT="derföre"/><SP WIDTH="12" VPOS="1351" HPOS="387"/>
							<String ID="string_376" HPOS="399" VPOS="1352" WIDTH="21" HEIGHT="19" WC="0.93" CONTENT="af"/><SP WIDTH="12" VPOS="1352" HPOS="420"/>
							<String ID="string_377" HPOS="432" VPOS="1352" WIDTH="115" HEIGHT="20" WC="0.92" CONTENT="tukthusets"/><SP WIDTH="14" VPOS="1352" HPOS="547"/>
							<String ID="string_378" HPOS="561" VPOS="1352" WIDTH="97" HEIGHT="20" WC="0.93" CONTENT="direktion"/><SP WIDTH="14" VPOS="1352" HPOS="658"/>
							<String ID="string_379" HPOS="672" VPOS="1353" WIDTH="90" HEIGHT="20" WC="0.91" CONTENT="dömmas"/><SP WIDTH="17" VPOS="1353" HPOS="762"/>
							<String ID="string_380" HPOS="779" VPOS="1353" WIDTH="25" HEIGHT="20" WC="0.93" CONTENT="till"/><SP WIDTH="18" VPOS="1353" HPOS="804"/>
							<String ID="string_381" HPOS="822" VPOS="1353" WIDTH="113" HEIGHT="26" WC="0.92" CONTENT="disciplinär"/>
						</TextLine>
						<TextLine ID="line_46" HPOS="192" VPOS="1376" WIDTH="354" HEIGHT="26">
							<String ID="string_382" HPOS="192" VPOS="1376" WIDTH="135" HEIGHT="26" WC="0.92" CONTENT="bestraffning,"/><SP WIDTH="16" VPOS="1376" HPOS="327"/>
							<String ID="string_383" HPOS="343" VPOS="1377" WIDTH="77" HEIGHT="20" WC="0.91" CONTENT="hvartill"/><SP WIDTH="15" VPOS="1377" HPOS="420"/>
							<String ID="string_384" HPOS="435" VPOS="1379" WIDTH="111" HEIGHT="19" WC="0.96" CONTENT="användas:"/>
						</TextLine>
					</TextBlock>
					<TextBlock ID="block_13" HPOS="245" VPOS="1403" WIDTH="292" HEIGHT="26">
						<TextLine ID="line_47" HPOS="245" VPOS="1403" WIDTH="292" HEIGHT="26">
							<String ID="string_385" HPOS="245" VPOS="1404" WIDTH="18" HEIGHT="19" WC="0.94" CONTENT="1."/><SP WIDTH="30" VPOS="1404" HPOS="263"/>
							<String ID="string_386" HPOS="293" VPOS="1403" WIDTH="7" HEIGHT="20" WC="0.91" CONTENT="I"/><SP WIDTH="15" VPOS="1403" HPOS="300"/>
							<String ID="string_387" HPOS="315" VPOS="1403" WIDTH="222" HEIGHT="26" WC="0.88" CONTENT="ensamhetsfängelset."/>
						</TextLine>
					</TextBlock>
					<TextBlock ID="block_14" HPOS="291" VPOS="1431" WIDTH="395" HEIGHT="26">
						<TextLine ID="line_48" HPOS="291" VPOS="1431" WIDTH="395" HEIGHT="26">
							<String ID="string_388" HPOS="291" VPOS="1432" WIDTH="66" HEIGHT="18" WC="0.96" CONTENT="vatten"/><SP WIDTH="14" VPOS="1432" HPOS="357"/>
							<String ID="string_389" HPOS="371" VPOS="1431" WIDTH="37" HEIGHT="19" WC="0.96" CONTENT="och"/><SP WIDTH="14" VPOS="1431" HPOS="408"/>
							<String ID="string_390" HPOS="422" VPOS="1431" WIDTH="56" HEIGHT="25" WC="0.96" CONTENT="bröd,"/><SP WIDTH="15" VPOS="1431" HPOS="478"/>
							<String ID="string_391" HPOS="493" VPOS="1432" WIDTH="58" HEIGHT="25" WC="0.96" CONTENT="högst"/><SP WIDTH="13" VPOS="1432" HPOS="551"/>
							<String ID="string_392" HPOS="564" VPOS="1431" WIDTH="40" HEIGHT="20" WC="0.96" CONTENT="åtta"/><SP WIDTH="13" VPOS="1431" HPOS="604"/>
							<String ID="string_393" HPOS="617" VPOS="1431" WIDTH="69" HEIGHT="26" WC="0.92" CONTENT="dagar;"/>
						</TextLine>
					</TextBlock>
				</ComposedBlock>
			</PrintSpace>
		</Page>
	</Layout>
</alto>
