1000 1748
272 115 71 23 Nådiga
355 117 138 23 Propositionen
507 116 36 18 N:o
556 117 27 17 12.
765 115 34 19 269

57 166 78 27 fånge,
146 172 50 14 som
210 165 80 26 begått
304 167 83 20 urbota
401 166 73 25 brott,
485 166 115 27 visserligen
610 166 44 19 icke
663 166 97 24 förbisett,
772 169 28 17 att

56 194 36 20 alla
106 194 44 25 fyra
163 193 88 20 Ständen
264 193 70 20 uttalat
348 193 29 26 sig
391 195 54 17 emot
458 193 86 26 fängelse
558 193 34 20 vid
609 195 69 17 vatten
696 193 38 19 och
749 193 50 20 bröd

57 219 67 20 såsom
141 225 25 14 en
184 220 84 19 allmän
285 220 116 19 'straffart.
429 215 51 33 Men.
490 219 25 20 då
531 220 34 19 det
581 219 50 20 blott
647 219 5 19 i
671 219 8 19 4
699 219 10 24 $
725 220 21 19 af
760 220 38 19 den

56 245 73 26 Nådiga
139 246 146 25 propositionen
300 247 22 18 är
336 245 53 26 fråga
404 251 32 14 om
450 246 115 19 allmänna
580 245 146 25 straffarter,
738 246 38 19 och
786 247 12 18 3

55 273 11 24 $
80 260 92 31 deremot
186 272 80 19 handlar
280 278 32 13 om
327 272 117 19 särskildt
457 273 72 18 straff
542 273 34 18 för
590 262 170 36 lifstidsfånge,
776 272 22 20 så

56 299 36 19 har
106 298 108 25 Utskottet,
230 299 47 18 enär
289 297 74 26 jemväl
377 298 26 19 de
417 298 94 19 allmänna
526 298 133 19 straffarterne
678 288 70 35 (böter,
768 304 31 14 ar-

56 321 48 33 rest,
123 314 91 35 fängelse
228 324 38 20 och
283 325 91 28 tukthus)
391 324 44 19 icke
451 325 64 19 kunna
534 325 96 29 tillämpas
647 323 10 20 å
675 329 25 26 en
717 330 79 20 person,

57 357 43 14 som
117 351 61 19 redan
196 353 22 17 är
234 351 59 20 insatt
310 357 5 12 i
331 351 83 19 tukthus
431 351 30 18 för
477 352 44 19 hela
538 351 30 19 sin
584 350 69 25 lifstid,
676 349 21 21 så
718 351 81 26 mycket

56 377 78 20 mindre
148 377 68 19 tvekat
230 380 28 17 att
271 377 93 20 vidblifva
379 378 33 19 sitt
425 378 96 31 tillförene
534 378 5 19 i
553 377 54 20 detta
621 362 93 45 afseende
728 378 70 25 afgifna

56 405 80 24 förslag,
152 406 27 17 att
193 407 66 17 vatten
274 404 37 20 och
326 404 49 20 bröd
389 404 64 20 skulle
467 403 42 28 ingå
523 403 58 22 bland
596 403 80 20 straffen
690 405 30 19 för
728 393 71 31 urbota

56 431 54 20 brott
124 431 20 19 af
155 430 136 27 lifstidsfånge,
307 437 44 14 som
366 433 67 17 vatten
447 432 39 19 och
499 431 49 20 bröd
564 430 86 25 ändock,
668 430 76 25 jemlikt
759 431 39 20 den

57 458 20 19 af
90 457 109 20 Ständerna
212 457 102 26 godkända
329 458 24 19 38
368 457 10 26 $
392 458 6 19 i
411 458 155 25 propositionen,
582 446 68 31 skulle
662 457 18 20 få
699 458 100 19 användas

57 484 69 20 såsom
140 484 58 20 straff
209 485 29 19 för
252 485 107 22 förseelser
368 487 41 16 mot
420 484 190 25 tukthusordningen
620 483 38 20 och
667 484 73 20 sådana
750 485 50 18 min-

58 511 36 20 dre
108 511 135 26 förbrytelser,
259 517 45 14 som
318 510 58 26 eljest
389 511 18 19 få
418 512 45 19 med
473 510 152 27 penningeböter
635 511 101 26 umgällas,
748 513 52 17 samt

58 538 33 19 det
105 540 53 17 stora
173 538 71 19 antalet
258 538 22 19 af
292 537 69 20 urbota
375 538 54 19 brott
442 539 57 18 äfven
514 543 60 21 synes
588 537 75 24 kräfva,
670 530 33 27 att
712 527 88 30 domsto-

57 565 53 19 larne
124 564 55 20 skola
192 565 68 18 kunna
275 563 51 26 välja
340 565 70 19 mellan
424 565 47 19 flera
487 564 107 20 straffarter
609 554 61 30 också
684 564 6 19 i
704 563 54 30 fråga
766 569 32 14 om

58 590 57 21 straff
126 591 30 18 för
170 591 70 20 urbota
254 591 54 19 brott
322 591 20 18 af
354 591 137 25 lifstidsfånge.
520 591 8 19 1
542 590 84 25 enlighet
639 591 47 19 med
700 590 34 19 sitt
740 591 59 30 förra

57 617 123 20 betänkande
194 617 6 19 i
213 618 72 23 ämnet,
301 617 31 20 får
345 617 102 20 Utskottet
460 606 57 31 alltså
530 606 104 30 vördsamt
647 616 81 20 föreslå:

262 653 28 17 att
303 651 73 20 landets
391 651 98 25 höglofliga
504 649 83 21 Ständer
598 649 56 20 måtte
663 650 61 19 uttala
734 651 29 28 sig
771 643 32 31 för

263 686 23 13 en
300 678 61 21 sådan
376 679 88 26 afvikelse
477 679 43 24 från
535 678 22 19 de
572 679 8 18 i
593 678 36 20 den
640 677 77 26 Nädiga
732 684 69 19 propo-

262 709 89 18 sitionens
365 707 14 20 3
394 707 17 26 G
422 708 112 25 föreslagna
553 707 59 25 straff
624 707 31 24 för
671 706 130 27 lifstidsfänge,

263 742 40 13 som
312 737 88 25 föröfvar
413 736 67 19 urbota
495 736 54 22 brott,
564 737 28 18 att
607 735 26 19 till
647 735 59 26 straff
715 736 3 18 i
728 734 74 21 sådana

257 765 39 24 fall
310 764 31 19 mä
355 765 105 25 begagnas:

320 793 19 19 1.
373 793 66 20 Vatten
454 793 33 19 och
502 791 45 21 bröd
558 791 47 26 från
619 791 34 20 och
667 791 42 20 med
715 792 55 26 fyra
776 791 28 24 till

264 821 34 19 och
312 821 42 20 med
369 821 91 26 ijuguätta
473 821 56 26 dygn.

322 850 19 20 2.
370 849 111 20 Insättande
496 850 6 18 i
516 849 53 19 mörk
582 849 39 22 cell,
633 848 53 26 högst
693 847 43 20 ätta
746 847 56 27 dygn.

322 878 20 19 3.
372 878 111 19 Insättande
497 879 7 17 i
519 877 34 26 ljus
569 877 38 23 cell,
623 878 54 24 högst
690 883 35 13 sex
740 875 28 21 är.

323 906 19 19 4.
375 906 39 19 Tvä
429 907 23 24 af
460 905 127 26 förenämndu
606 905 107 25 sirafarter
729 906 7 18 i
749 906 53 24 före-

265 936 51 24 ning,
331 934 43 20 med
387 934 122 25 iakttagande
523 934 24 25 af
558 933 30 19 det
597 934 35 24 för
649 932 93 20 hvardera
750 934 52 24 före-

266 963 73 26 skrifna
353 963 67 25 högsta
435 962 70 26 belopp.

113 996 59 20 Hvad
185 996 81 21 dernäst
283 996 93 20 beträffar
392 996 21 24 2)
431 995 80 27 fänges
529 994 123 26 vilkorliga
669 994 132 27 frigifning,

61 1023 22 21 sä
98 1030 58 13 anser
169 1023 99 21 Utskottet
283 1024 115 19 densamma
412 1015 69 27 äfven
483 1023 6 19 i
503 1022 60 21 sädan
577 1022 58 24 form,
652 1026 43 14 som
709 1022 29 19 för
748 1021 55 26 dylik

61 1051 97 25 frigifning
172 1050 63 20 blifvit
252 1051 20 19 af
286 1050 103 25 höglofliga
405 1049 144 30 Ridderskapet
566 1049 37 19 och
620 1038 62 30 Adeln
700 1050 51 18 samt
770 1048 34 20 he-

60 1077 98 21 dervärda
172 1077 144 20 Bondeständet
330 1076 97 26 godkänd,
439 1076 79 20 kunna
508 1070 12 36 i
529 1075 104 20 allmänhet
643 1074 59 20 blifva
714 1075 30 19 för
752 1080 53 14 sam-

60 1104 60 20 hället
134 1102 71 26 vällig;
220 1105 38 18 och
273 1109 44 14 som
330 1096 45 32 det,
391 1092 59 35 enligt
466 1102 77 20 landets
559 1101 127 27 grundlagar,
707 1100 41 20 stär
764 1102 40 18 Mo-

61 1130 76 20 narken
151 1130 41 19 fritt
206 1133 28 17 att
247 1136 72 20 genom
332 1118 110 37 benådning
457 1129 85 19 förkorta
560 1127 107 20 strafftiden
684 1128 30 19 för
732 1127 71 20 sådana

62 1156 73 26 fångar,
152 1156 64 20 hvilka
230 1144 101 38 verkligen
347 1156 64 19 kunna
426 1162 45 13 vara
486 1155 55 21 deraf
554 1153 97 26 förtjente,
665 1154 23 19 så
698 1154 61 20 håller
769 1154 35 20 Ut-

61 1172 74 31 skottet
149 1183 58 20 äfven
217 1179 52 35 före,
286 1172 28 30 alt
327 1185 28 17 ett
365 1182 94 20 särskildt
473 1181 104 26 stadgande
593 1186 32 14 om
639 1180 89 26 vilkorlig
745 1180 61 26 frigif-

61 1210 45 25 ning
122 1210 42 19 före
182 1200 119 29 strafftidens
318 1210 40 19 slut
375 1208 61 20 också
454 1215 49 13 vore
520 1207 129 26 öfverflödigt.
679 1208 8 18 1
703 1196 101 30 öfverens-

62 1236 116 20 stämmelse
192 1237 46 19 med
252 1237 34 18 sitt
299 1237 52 18 förra
365 1235 124 20 betänkande
503 1235 6 19 i
523 1236 67 18 ämnet
608 1221 28 32 får
652 1234 103 19 Utskottet
770 1233 35 26 föl-

61 1262 93 27 jaktligen
169 1263 102 20 vördsamt
284 1262 107 26 tillstyrka:

268 1298 28 17 att
311 1294 108 21 Ständerna
432 1294 56 20 måtte
496 1294 95 26 förklara,
608 1293 27 20 att
649 1292 36 21 den
699 1295 8 17 i
720 1273 36 42 20,
768 1292 36 23 30,

270 1323 34 24 33,
320 1323 27 19 34
362 1323 33 20 och
409 1323 28 19 35
451 1322 34 27 ff
493 1323 23 26 af
527 1323 35 19 den
577 1321 76 26 Nådiga
666 1321 140 26 propositionen

264 1352 112 27 föreslagna
397 1351 97 26 vilkorliga
510 1351 101 26 frigifning
633 1350 39 20 icke
693 1349 56 20 borde
770 1355 37 19 ego

270 1387 49 12 TUM.

118 1414 127 25 Helsingfors,
261 1413 37 19 den
313 1413 11 18 8
339 1413 51 19 Mars
406 1413 57 19 1864.
