981 1753
270 131 71 22 Nådiga
352 132 141 22 Propositionen
505 133 36 17 N:o
553 133 28 17 18.
764 131 35 20 493

109 179 41 20 Den
165 179 196 27 sammanjemkning,
372 185 49 15 'som
436 181 29 19 för
479 181 175 20 åstadkommande
667 182 21 19 af
701 184 27 17 ett
742 183 57 18 Stän-

57 204 72 21 dernas
143 205 65 20 beslut
222 207 5 18 i
243 207 124 20 förenämnda
381 207 84 26 punkter
479 213 49 14 vore
543 209 19 18 af
575 208 69 24 nöden,
656 213 58 14 anser
728 208 71 25 Lagut-

56 231 74 20 skottet
143 232 109 25 lämpligast
267 233 66 19 kunna
348 233 117 20 verkställas
480 233 23 25 på
514 233 83 25 följande
607 236 49 17 sätt:

112 258 7 19 I
134 257 54 26 fråga
202 263 32 13 om
251 259 19 23 1)
286 259 79 20 tionde
382 260 149 24 paragrafen,
552 259 99 26 angående
668 260 79 19 hvilken
765 259 33 20 två

58 282 63 21 Stånd
136 284 77 19 stadnat
225 287 42 16 mot
283 284 40 26 två,
339 285 36 19 har
389 285 99 20 Utskottet
505 288 65 17 ansett
584 286 29 25 sig
629 287 46 18 böra
690 285 107 25 framhålla,

56 311 29 17 att
100 309 38 20 den
152 310 20 19 af
185 310 144 25 Ridderskapet
343 311 37 19 och
394 311 61 20 Adeln
470 315 51 16 samt
535 311 144 20 Bondeståndet
692 311 106 20 omfattade

56 336 80 25 mening
155 338 89 17 närmast
261 337 188 20 (fverensstämmer
465 338 46 19 med
528 338 115 25 nugällande
660 338 117 24 lagstiftning
793 338 7 18 i

56 362 74 24 ämnet;
145 362 82 20 emedan
242 368 24 13 en
281 362 114 20 oinskränkt
417 363 91 26 rättighet
525 366 25 17 att
569 363 68 20 bevisa
655 364 108 25 sanningen
780 364 22 20 af

58 390 28 17 ett
100 387 64 26 gjordt
178 389 78 19 tillmäle
269 389 65 19 finnes
348 390 112 25 medgifven
475 390 52 20 både
541 390 4 19 i
561 391 10 19 2
582 390 10 25 $
603 391 10 19 5
624 390 44 26 kap.
679 390 25 20 M.
715 390 29 25 B.,
756 396 44 14 som

57 414 83 20 handlar
154 420 33 14 om
201 415 94 25 ärerörigt
309 416 78 20 tillmäle
401 419 42 17 mot
456 417 62 19 rikets
533 416 42 24 råd,
592 416 38 20 och
644 418 5 17 i
665 418 9 18 7
690 416 10 26 $
715 417 24 19 14
754 416 44 26 kap.

58 441 23 19 R.
99 441 29 25 B.,
148 441 5 19 i
171 442 52 19 hvad
240 441 53 20 detta
310 442 76 26 lagrum
403 442 59 26 angår
479 443 140 25 ärekränkning
635 446 42 16 mot
695 442 105 26 vederpart

58 467 50 19 inför
125 469 57 18 rätta.
214 468 7 19 1
239 468 99 20 anseende
355 470 63 19 härtill
435 471 38 18 och
489 468 25 21 då
532 470 36 19 alla
585 470 43 25 fyra
645 469 86 20 Ständen
747 470 53 24 gillat

58 494 39 19 den
112 494 133 26 obetydligare
262 495 83 25 ändring
361 496 21 19 af
397 496 114 24 nugällande
527 496 40 25 lag,
583 502 44 13 som
644 496 133 19 förekommer
794 496 5 18 i

60 521 25 18 40
99 520 10 24 $
123 521 21 23 af
156 520 113 20 Utskottets
282 520 130 27 betänkande,
428 527 46 15 men
491 523 89 19 deremot
594 523 82 19 allenast
689 522 34 20 två
738 521 62 21 Stånd

58 546 69 20 bifallit
140 547 26 19 till
182 547 37 19 den
237 552 54 15 mera
309 549 120 19 omfattande
442 549 83 25 ändring
539 548 20 20 af
571 554 76 14 samma
660 549 39 25 lag,
715 554 44 14 som
776 551 22 17 är

58 573 110 25 föreslagen
184 574 5 18 i
203 574 11 18 2
228 579 61 14 mom.
306 575 25 19 10
345 574 10 25 $
369 575 20 19 af
401 576 37 18 den
452 575 68 26 nådiga
534 575 152 25 propositionen,
697 580 58 14 anser
767 575 33 19 Ut-

59 599 75 20 skottet
148 600 33 19 det
196 606 47 13 vara
257 600 76 26 tydligt,
349 604 28 16 att
391 602 119 19 sistnämnda
525 600 80 26 ändring
619 601 43 19 icke
672 602 100 24 uppbäres
781 600 21 20 af

59 626 38 20 den
112 626 95 20 allmänna
221 627 103 26 meningen
339 627 5 19 i
357 628 74 19 landet.
460 627 100 22 Utskottet
574 627 35 20 har
622 627 78 20 derföre
709 630 48 18 trott
771 628 29 25 sig

59 653 49 20 böra
123 653 102 19 vördsamt
239 653 104 26 tillstyrka.

264 710 29 16 att
307 707 114 26 högvördiga
435 707 140 21 Prestaståndet
590 708 33 19 och
641 708 94 26 vällofliga
754 708 47 19 Bor-

263 735 121 25 gareståndet
398 735 65 23 måtte,
477 737 42 19 med
527 735 120 27 frångående
662 737 23 24 af
696 737 43 18 sina
748 737 55 24 förut

263 765 7 17 i
278 762 61 27 fråga
353 769 30 14 om
399 763 28 19 10
442 763 17 26 G
472 764 73 24 fattade
559 764 59 20 beslut
632 763 33 20 och
679 764 6 18 i
696 764 55 19 likhet
760 764 43 18 med

263 792 23 18 de
301 791 30 19 två
346 792 61 24 öfriga
423 791 90 24 Stånden,
534 795 71 23 antaga
625 792 28 18 10
672 791 17 26 f
708 793 7 18 i
733 792 70 25 Lagut-

267 820 76 19 skottets
359 820 90 24 tillförene
463 822 7 17 i
483 820 59 20 saken
556 819 72 27 a/gifna
643 819 121 20 betänkande.

115 872 57 20 Hvad
187 872 81 20 dernäst
282 871 59 27 angår
355 873 20 25 2)
393 873 58 19 elfte
466 874 152 26 paragrafen,
636 873 82 19 hvilken
735 872 68 20 hänför

61 899 30 25 sig
107 900 27 19 till
150 900 24 19 10
189 899 10 25 $
213 900 38 18 och
266 900 77 19 derföre
357 902 22 17 är
393 900 100 19 beroende
506 900 21 19 af
539 900 62 20 Jenna
611 898 81 21 sednare
703 898 100 27 paragrafs

61 926 84 25 lydelse,
162 925 21 20 så
199 925 35 19 har
248 926 108 25 Utskottet,
372 926 43 20 dels
429 926 5 18 i
449 926 98 20 anseende
561 926 25 20 till
597 927 34 18 sitt
640 926 163 25 nyssframstälda

60 952 73 26 förslag
148 952 25 20 till
189 951 190 26 sammanjemkning
393 952 20 19 af
426 952 97 20 Ståndens
538 953 65 19 beslut
617 952 4 18 i
635 952 53 25 fråga
702 956 32 15 om
750 953 24 19 40
784 951 16 25 $,

60 979 37 18 och
112 978 42 20 dels
169 978 84 20 emedan
267 978 32 20 två
322 978 69 26 Stånd,
412 979 95 25 nemligen
525 978 143 26 Ridderskapet
686 979 38 19 och
740 977 62 21 Adeln

60 1007 52 17 samt
127 1004 152 25 Bondeståndet,
296 1005 117 25 obetingädt,
430 1006 38 18 och
482 1008 28 16 ett
523 1004 64 26 tredje
604 1004 70 24 Stånd,
694 1004 48 20 eller
756 1004 46 20 Pre-

60 1030 118 25 staståndet,
195 1031 25 20 till
236 1031 99 25 principen
350 1032 85 25 godkänt
449 1032 141 20 ofvannämnda
607 1032 43 19 utaf
662 1031 96 25 åtskilliga
772 1036 31 14 re-

61 1060 104 17 servanter
179 1057 4 19 i
199 1058 136 25 Lagutskottet
349 1058 109 26 föreslagna
473 1058 101 20 redaktion
588 1058 20 19 af
621 1059 22 18 11
660 1057 18 26 $,
694 1059 65 18 ansett
773 1057 30 25 sig

60 1083 48 20 böra
123 1083 103 20 vördsamt
240 1083 80 20 föreslå:

265 1125 30 17 att
307 1123 114 25 högvördiga
435 1123 144 20 Prestaståndet
592 1123 34 19 och
643 1123 94 25 vällofliga
756 1123 49 18 Bor-

264 1150 120 26 gareständet
401 1152 42 18 ville
464 1151 42 20 med
528 1151 138 25 Ridderskapet
689 1151 34 19 och
743 1150 59 19 Adeln

267 1181 49 17 samt
331 1179 139 20 Bondeståndet
479 1180 70 25 förena
566 1180 29 24 sig
615 1185 30 13 om
664 1179 35 19 den
713 1179 24 25 af
748 1178 55 19 dessa

267 1207 79 19 sednare
361 1206 61 20 Stånd
434 1207 103 26 godkända
552 1207 69 26 lydelse
629 1208 36 24 för
677 1206 24 19 11
715 1205 23 27 f.

116 1260 28 20 Då
162 1261 42 20 åter
221 1261 4 19 i
243 1261 53 26 fråga
314 1266 32 14 om
365 1261 22 24 3)
406 1260 189 26 tjugondeförsta
613 1261 139 25 paragrafen
770 1259 34 20 två

64 1287 70 25 Stånd,
150 1288 47 19 eller
211 1287 144 26 Ridderskapet
369 1288 37 19 och
421 1288 60 19 Adeln
495 1290 52 17 samt
563 1287 151 25 Bondeståndet,
730 1287 75 19 förenat

63 1315 29 25 sig
106 1319 33 14 om
153 1317 28 16 att
196 1313 19 20 åt
230 1315 54 18 Hans
298 1313 107 26 Kejserliga
419 1314 101 25 Majestäts
533 1313 70 25 nådiga
622 1314 103 25 afgörande
739 1313 66 20 öfver-

63 1341 63 19 lemna
148 1341 159 19 bestämmandet
323 1341 21 19 af
359 1340 64 25 tiden,
441 1341 26 20 då
483 1341 40 20 den
539 1340 110 25 föreslagna
668 1339 136 26 författningen

62 1367 64 20 borde
135 1367 69 19 träda
200 1361 12 35 i
215 1368 135 24 verksamhet,
362 1369 52 17 samt
428 1369 57 18 äfven
500 1370 28 17 ett
543 1365 62 25 tredje
618 1366 68 24 Stånd,
702 1367 47 19 eller
759 1367 46 19 Bor-

64 1392 128 26 gareståndet
206 1393 143 25 väsendtligen,
365 1394 63 17 ehuru
442 1394 45 18 med
501 1392 62 26 någon
573 1393 45 19 liten
628 1393 96 19 afvikelse
733 1392 75 19 biträdt

64 1424 79 15 samma
156 1419 71 24 beslut,
244 1419 23 20 så
281 1425 60 14 anser
354 1419 101 20 Utskottet
469 1419 29 25 sig
512 1419 47 20 böra
574 1418 100 20 vördsamt
688 1417 79 20 föreslå:
