1025 1734
312 87 71 23 Nådiga
394 88 142 24 Propositionen
548 88 37 20 N:o
597 77 28 31 14.
806 90 34 21 878

96 161 2 5 +
126 132 11 38 =
148 136 66 20 Afven
229 137 106 20 ständerne
350 144 47 14 anse
412 139 38 19 Jen
465 142 87 23 tvungna
565 140 107 26 botgöring,
683 145 45 15 som
737 141 103 21 innefattas

94 169 5 13 i
115 162 148 27 kyrkoplikten,
280 164 48 20 böra
343 164 91 21 afskallas
450 167 38 19 och
502 169 27 16 att
544 168 5 18 i
564 167 47 19 dess
625 168 56 19 ställe
694 168 28 20 till
732 167 108 27 kyrkotuk-

96 192 44 18 tens
153 190 172 26 upprätthållande
343 192 69 20 endast
430 193 62 20 borde
506 193 129 19 föreskrifvas
650 199 23 14 en
688 193 60 21 sådan
763 194 77 27 kyrklig

96 216 153 26 försoningsakt,
266 223 44 14 som
324 218 94 25 förslaget
427 222 103 22 upptager.
546 220 53 19 Enär
609 220 109 20 emellertid
728 220 39 20 den
792 224 47 16 brott-

95 243 50 25 sliga
160 242 97 28 handling,
274 249 43 14 som
328 245 54 19 'stört
396 245 62 20 friden
471 246 52 20 inom
537 246 38 19 den
590 246 86 26 kristliga
693 247 144 26 församlingen,

94 275 71 20 genom
187 270 39 20 den
247 270 136 26 försiggängna
403 272 141 25 ransakningen
562 272 37 20 och
614 272 82 21 domens
712 273 126 20 afkunnandc

94 296 64 20 blifvit
173 297 79 19 allmänt
265 297 59 25 känd,
340 297 51 20 hålla
406 298 106 20 ständerne
529 299 29 19 för
573 299 30 19 sin
617 299 31 20 del
663 300 5 18 i
682 299 156 27 underdänighet

94 323 48 25 före,
162 325 27 18 att
206 323 33 20 vid
259 324 132 24 aflösningens
410 325 131 20 meddelande
559 325 33 19 två
610 326 47 20 eller
674 329 30 16 tre
721 327 21 19 af
757 329 79 23 presten

94 350 86 20 utsedde
197 350 74 20 vittnen
288 350 63 20 borde
365 350 10 20 ä
390 351 148 25 församlingens
553 353 72 24 vägnar
639 354 91 18 närvara.
759 353 37 19 För
810 354 28 18 öf-

95 377 38 19 rigt
147 376 64 20 skulle
225 376 39 25 det,
281 377 60 25 enligt
355 377 116 21 ständernas
488 378 65 25 tanke,
572 378 62 26 åligga
647 380 83 24 enhvar,
747 385 43 14 som
805 380 33 19 be-

94 405 42 23 gätt
152 402 60 26 något
227 404 63 22 brott,
308 402 48 21 derå
373 404 59 26 enligt
449 410 26 14 nu
493 405 89 25 gällande
599 406 29 25 lag
642 405 87 25 offentlig
743 406 48 19 eller
806 412 34 13 en-

94 429 52 28 skild
160 430 115 25 kyrkoplikt
288 430 62 25 följer,
366 433 34 22 att,
416 430 25 25 pä
456 432 39 19 sätt
507 431 83 20 nämndt
604 433 27 22 är,
647 431 49 20 inför
708 431 31 20 sin
748 431 90 25 själasör-

93 461 43 19 jare
150 457 87 18 erkänna
251 456 30 19 sin
295 456 133 26 brottslighet,
445 458 55 19 innan
513 457 39 20 han
566 458 52 25 finge
627 457 73 26 ätnjuta
710 459 127 23 nattvarden
826 452 13 35 ;

94 483 39 19 och
146 482 81 20 komme
241 482 52 21 detta
307 482 100 27 äliggande
420 486 28 17 att
462 485 49 24 gälla
524 483 45 20 icke
578 485 82 19 allenast
669 485 25 19 de
703 484 132 26 brottslingar,

94 515 45 14 som
156 511 117 18 omnämnas
291 510 5 19 i
313 510 11 19 3
342 510 10 25 $
369 510 21 19 af
404 510 100 27 förslaget,
524 514 47 17 utan
588 511 58 20 äfven
663 512 35 19 alla
715 511 55 24 dem,
792 517 45 14 som

94 536 92 19 förbrutit
200 537 29 24 sig
243 541 70 20 genom
329 536 113 26 lägersmäl,
459 537 88 26 snatteri,
563 538 48 20 eller
625 537 70 20 sådant
708 537 92 21 vållande
810 539 26 19 till

93 568 75 15 annans
185 562 48 26 död,
252 568 44 15 som
313 564 22 18 är
351 563 79 26 belaglt
445 564 46 20 med
508 564 41 20 hel-
566 565 47 19 eller
630 565 142 25 halfmansbot,
788 565 48 19 eller

93 589 39 20 ock
148 588 52 26 gjort
216 589 30 26 sig
262 589 26 20 till
306 589 109 20 dödsstraff
428 590 99 26 förfaline,
545 596 46 14 men
607 591 105 20 förskonas
730 591 26 20 till
774 591 60 20 lifvet.

93 616 28 26 Ty
137 615 24 20 dä
179 616 36 20 alla
232 616 25 19 Je
274 617 62 23 brott,
355 617 30 19 för
402 617 66 20 hvilka
485 617 111 26 kyrkoplikt
613 617 62 20 finnes
696 617 139 26 foreskrifven,

93 643 34 19 äro
144 643 21 18 af
179 643 38 19 den
234 643 145 25 beskaffenhet,
399 646 27 17 att
443 644 25 19 de
486 643 117 27 ädagalägga
620 644 53 19 såväl
688 643 149 27 förbrytarenes

92 669 62 20 behof
168 669 21 20 af
204 669 99 26 försoning
320 670 46 19 med
383 670 53 25 Gud,
456 675 42 14 som
517 669 125 27 möjligheten
656 670 62 24 deraf,
734 673 28 17 att
775 670 61 20 desse

92 695 66 21 kunde
170 696 47 19 mel
232 696 118 25 obotfärdigt
364 695 63 26 hjerta
440 697 88 25 begagna
543 697 29 25 sig
585 697 23 20 af
618 696 138 27 nälemedlen,
771 696 22 20 sä
803 703 33 20 sy-

91 727 37 15 nes
145 722 45 19 icke
207 721 58 27 något
283 723 42 19 skäl
343 723 25 20 till
386 723 98 26 undantag
500 723 30 20 för
546 723 63 25 nägon
626 723 49 20 enda
693 724 21 19 af
728 723 46 20 dem
789 729 47 14 vara

91 749 114 20 förhanden.

144 776 38 19 För
200 777 28 18 att
245 775 22 20 sä
284 778 55 17 snart
356 782 44 14 som
417 775 74 28 möjligt
508 777 76 25 afbryta
601 776 143 26 tillämpningen
761 776 21 20 af
798 776 38 20 den

92 801 99 28 offentliga
208 802 147 26 kyrkoplikten,
375 809 43 14 som
435 803 60 20 redan
512 803 30 20 för
558 803 45 25 lång
620 803 27 20 tid
665 803 78 19 tillbaka
757 803 80 20 förlorat

90 828 119 27 betydelsen
226 829 21 20 af
262 835 24 14 en
303 829 79 26 kyrklig
397 829 154 26 försoningsakt,
567 829 58 21 tillåta
640 830 29 26 sig
683 829 105 20 ständerne
801 836 36 13 un-

90 855 115 26 derdänigst
224 856 111 26 tillstyrka,
358 859 27 17 att
406 856 39 20 den
465 856 99 21 hblifvande
583 856 137 26 författningen
741 856 4 19 i
769 858 67 19 ämnet

91 882 64 20 skulle
169 883 56 19 träda
239 883 5 19 i
259 883 130 20 verksamhet
402 883 123 20 omedelbart
538 883 51 20 efter
598 884 47 19 Jess
655 883 131 25 kungörande,
797 884 38 19 och

90 909 46 20 icke
149 910 51 18 först
213 909 34 20 vid
261 908 67 26 början
344 910 21 19 af
377 910 22 20 är
414 910 58 25 1865,
488 909 67 21 säsom
569 910 34 20 det
616 910 5 19 i
635 910 38 19 den
686 909 68 26 nädiga
765 916 71 19 propo-

90 936 95 20 sitionens
199 936 12 19 6
226 936 9 24 $
249 937 22 19 är
286 936 110 26 föreslaget.

143 964 9 18 I
168 962 99 20 anseende
284 963 63 20 härtill
365 963 58 20 hafva
440 963 105 20 ständerne
559 963 36 19 ock
610 966 65 16 ansett
688 963 34 19 det
736 962 98 27 svärligen

90 989 66 20 kunna
173 989 79 19 komma
269 990 4 18 i
291 989 54 26 fräga
363 993 27 16 att
409 990 3 19 i
433 995 24 14 en
478 990 84 20 särskild
582 990 102 25 paragraf,
707 995 44 14 som
771 990 62 19 skulle

89 1018 102 18 motsvara
206 1015 158 26 propositionens
378 1017 11 19 3
404 1016 18 26 $,
439 1016 101 26 uppräkna
555 1016 36 20 alla
605 1016 25 20 de
644 1016 38 25 fall,
699 1016 4 18 i
718 1016 67 20 hvilka
799 1016 34 19 det

89 1042 97 20 särskilda
201 1042 140 20 skriftermälet
356 1042 61 21 borde
431 1048 35 20 ega
480 1048 51 14 rum.
556 1044 27 24 Ty
597 1048 33 14 om
644 1048 27 14 nu
684 1042 148 26 ifrägavarande

89 1069 110 25 författning
214 1070 63 19 skulle
291 1070 56 19 träda
360 1070 6 18 i
381 1069 128 21 verksamhet
523 1072 68 23 genast
605 1070 50 19 efter
667 1069 47 20 dess
723 1069 110 25 kungöran-

89 1096 33 24 de,
142 1101 45 15 men
201 1096 61 25 öfriga
276 1096 33 20 vid
323 1096 64 20 denna
402 1096 90 26 landtdag
506 1096 21 20 af
539 1096 109 20 Ständerne
663 1098 82 24 antagna
760 1096 73 19 författ-

88 1123 67 25 ningar
173 1122 101 26 angående
291 1122 91 20 brottmål
400 1122 44 20 icke
460 1122 65 20 kunde
539 1122 100 26 samtidigt
653 1122 96 25 kungöras
764 1122 26 20 till
805 1122 28 19 ef-

88 1150 101 23 terlefnad,
204 1148 23 21 så
242 1149 67 20 blefve
322 1150 34 19 det
370 1149 124 25 nödvändigt,
510 1152 29 17 att
553 1150 4 18 i
572 1148 37 20 den
624 1149 92 25 paragraf
728 1148 20 20 af
758 1148 75 20 författ-

88 1176 70 26 ningen
173 1182 32 14 om
220 1176 150 27 kyrkopliktens
384 1176 146 26 upphäfvande,
547 1182 42 14 som
604 1175 80 20 komme
694 1178 28 17 att
732 1177 100 29 motsvara

88 1203 158 25 propositionens
264 1204 10 18 3
293 1202 20 26 $,
329 1203 84 19 hänvisa
431 1203 25 19 till
475 1203 51 19 4734
543 1202 33 20 års
590 1203 38 25 lag,
644 1202 53 20 såväl
712 1202 5 18 i
732 1202 53 25 fråga
800 1207 32 14 om

88 1230 24 19 de
127 1229 4 20 i
146 1229 61 26 sagde
221 1230 30 25 lag
264 1229 46 20 med
324 1229 108 20 dödsstraff
444 1229 81 25 belagda
540 1229 59 24 brott,
615 1234 44 14 som
669 1228 121 20 beträffande
800 1227 32 21 så-

86 1256 51 20 dana
154 1255 50 26 dråp
221 1256 20 19 af
258 1255 98 25 vållande,
374 1256 65 20 hvilka
456 1261 26 14 nu
498 1257 35 18 äro
550 1255 81 25 belagda
651 1255 46 19 med
718 1255 46 19 hel-
784 1255 48 19 eller

87 1282 138 20 halfmansbot.
257 1283 43 18 Men
318 1288 43 13 som
382 1282 66 25 dylika
469 1282 138 25 hänvisningar
627 1282 64 19 skulle
712 1281 70 19 förlora
802 1282 30 18 sin

87 1308 101 26 praktiska
202 1309 109 25 betydelse,
327 1308 78 19 såsnart
419 1308 25 19 Je
458 1308 59 25 öfriga
532 1307 134 26 nyssberörda
675 1307 109 19 kriminella
795 1307 38 29 för-

87 1335 130 25 fattningarne
237 1335 67 19 hunnit
324 1334 58 20 blifva"
403 1333 165 27 offentliggjorda,
591 1334 36 19 och
648 1333 62 26 någon
734 1334 99 25 synnerlig

88 1361 101 24 svårighet
203 1361 44 18 icke
261 1361 61 19 borde
336 1361 65 18 kunna
417 1361 110 18 föranledas
541 1360 61 23 derat,
617 1363 28 15 att
655 1359 135 25 författningen
799 1365 33 24 om

89 1387 148 25 kyrkopliktens
254 1386 138 25 upphäfvande
410 1387 80 19 allenast
508 1386 94 19 förklarar
617 1388 25 16 att
658 1385 36 20 alla
708 1385 24 19 de
747 1385 58 23 brott,
822 1390 10 14 å
