995 1784
276 144 71 22 Nådiga
359 146 139 22 Propositionen
510 146 36 18 N:o
559 146 27 18 15.
769 145 31 19 381

61 199 24 14 ur
99 196 73 17 tvenne
186 194 50 20 olika
251 194 39 20 skäl
306 196 21 17 är
342 195 133 25 väsendtligen
489 194 79 20 åtskildt
581 194 42 20 från
637 198 59 16 annat
710 196 55 18 mord
776 196 27 19 el-

60 220 29 19 ler
102 220 89 19 dödande
205 220 52 20 efter
270 220 146 26 öfverläggning
430 217 38 23 och
483 222 25 18 till
524 220 44 26 följe
581 222 61 23 häraf,
658 222 57 19 äfven
730 227 32 13 om
775 222 27 19 öf-

61 246 88 24 verlagdt
165 245 72 29 uppsåt
255 247 36 18 hos
307 247 38 19 den
363 247 100 25 brottsliga
480 247 84 19 modren
581 238 65 28 kunde
666 246 135 26 ådagaläggas,

60 271 57 20 likväl
132 271 109 25 förtjenade
255 275 28 17 ett
296 272 83 20 mildare
393 266 150 26 bedömmande.
570 274 77 18 Främst
660 274 62 18 borde
735 274 68 19 nämli-

61 302 38 20 gen
115 298 94 19 afseende
226 298 60 19 fästas
304 298 10 19 å
332 298 24 19 de
373 299 202 25 bevekelsegrunder,
594 304 43 14 som
652 299 98 19 föranleda
764 300 37 19 den

60 324 21 19 af
93 324 64 31 oloflig
171 324 127 20 beblandelse
313 325 97 19 hafvande
424 328 28 16 att
466 325 83 19 afhända
564 326 34 18 sitt
611 325 61 19 foster
686 325 63 23 lifvet;
763 326 38 19 och

61 356 45 14 man
121 350 64 20 måste
199 351 70 19 härvid
283 350 50 20 finna
348 354 28 16 att
389 351 59 20 dessa
464 351 201 25 bevekelsegrunder,
681 354 55 17 snart
746 340 56 37 sagdt

60 376 6 20 i
80 378 37 19 alla
130 377 41 31 fall,
187 377 51 19 varit
251 377 43 19 dels
308 377 78 19 fruktan
400 378 30 19 för
444 380 81 21 vanära,
541 378 42 19 dels
597 377 37 20 ock
648 376 91 27 farhågan
755 367 27 30 att
796 378 4 19 i

59 403 52 19 brist
125 402 23 26 på
163 388 63 45 medel
241 402 18 26 ej
273 404 65 19 kunna
351 404 103 29 tillgodose
467 394 79 30 barnets
560 405 38 18 och
612 409 50 19 egna
676 393 66 31 behof.
757 405 43 19 Men

59 429 104 20 dessutom
181 430 61 19 borde
259 430 56 19 äfven
333 436 96 19 qvinnans
445 431 75 25 fysiska
542 431 37 18 och
599 430 94 26 psykiska
714 431 85 19 tillstånd

59 456 35 19 vid
108 456 76 19 födseln
198 456 116 25 tillbörligen
328 456 60 25 afses,
404 456 24 20 Jå
443 457 33 19 det
489 457 61 25 gällde
564 459 28 17 att
606 456 104 21 bedömma
724 463 24 14 en
758 463 43 19 ger-

60 482 52 25 ning,
128 482 39 20 den
182 483 46 23 hon,
244 471 70 31 medan
329 473 59 29 detta
396 483 86 20 tillstånd
489 468 86 45 varade,
591 483 92 24 föröfvat;
695 484 37 19 och
742 484 58 19 äfven

60 514 23 15 ur
101 509 65 19 denna
184 499 101 35 synpunkt
301 508 114 26 betingades
432 509 84 20 brottets
530 499 81 29 mildare
625 499 143 30 bedömmande
782 510 21 19 af

60 534 35 21 det
111 533 125 26 själslidande
255 535 37 19 och
309 535 37 19 den
360 532 114 29 kroppsliga
492 538 83 23 smärta,
591 536 30 19 för
635 536 66 20 hvilka
715 536 85 25 qvinnan

60 560 54 21 såväl
130 561 41 20 före
185 567 44 13 som
244 561 37 19 ock
294 561 45 20 kort
353 562 50 19 efter
413 548 192 44 förlossningsakten
619 565 23 16 är
656 565 28 16 ett
697 562 55 19 offer.

113 589 38 18 Det
167 589 22 18 är
207 593 23 14 en
246 587 52 20 känd
316 588 35 19 sak
369 590 28 17 att
413 587 25 20 de
455 588 55 19 flesta
523 576 123 32 främmande
660 589 140 25 lagstiftningar

59 614 112 20 bestämma
186 619 23 14 en
224 614 43 19 viss
280 613 102 32 tidslängd,
399 620 25 14 en
438 615 30 19 del
484 614 96 30 tjugufyra
596 615 83 24 timmar,
696 615 59 20 andra
766 608 33 26 tre

60 641 53 30 dygn
129 639 49 21 ifrån
196 641 84 24 födseln,
299 639 67 21 såsom
383 641 37 19 den
435 641 76 25 termin,
527 641 50 20 efter
591 641 61 20 hvars
667 631 76 36 förlopp
757 647 44 20 ger-

59 673 69 20 ningen
147 666 16 25 ej
181 673 54 13 mera
253 657 37 30 kan
304 667 91 20 hänföras
410 667 26 20 till
451 658 123 29 barnamord.
603 667 29 20 En
646 667 54 26 dylik
713 668 87 20 bestäm-

59 694 44 25 ning
120 694 36 19 har
173 693 56 20 likväl
247 693 45 20 icke
308 694 63 19 blifvit
388 694 5 18 i
412 695 90 24 förslaget
518 696 114 29 upptagen,
654 694 43 20 dels
717 695 82 19 emedan

59 719 116 21 densamma
192 720 89 20 förefallit
297 726 38 19 nog
352 720 122 27 godtycklig,
492 721 42 20 dels
552 721 36 18 ock
606 710 67 30 såvida
691 726 44 15 man
755 721 45 19 icke

59 747 53 20 velat
126 747 106 19 inskränka
246 747 104 19 domarens
365 747 89 25 pröfning
469 748 104 24 hurulänge
587 747 97 25 gvinnans
698 748 103 25 svaghets-

59 772 86 21 tillstånd
163 774 5 18 i
187 773 33 20 det
237 773 97 20 konkreta
349 774 51 19 fallet
414 773 66 20 kunde
494 779 58 14 anses
566 773 85 25 fortfara,
667 776 52 17 samt
733 762 68 31 barnet

59 805 50 14 vore
123 802 28 17 att
165 799 66 21 såsom
246 801 61 18 foster
320 800 108 19 betraktas.

115 825 69 21 Såsom
203 826 108 31 begreppet
328 826 20 19 af
367 827 117 19 barnamord
503 827 60 30 enligt
582 826 93 26 förslaget
695 827 104 29 uppfattas,

61 853 99 19 erfordras
181 853 45 18 icke
247 852 66 20 såsom
334 852 133 20 kännetecken
487 852 24 26 pä
532 853 53 20 detta
605 851 52 21 brott
673 855 29 17 att
718 853 84 24 gvinnan

61 879 49 20 skall
128 879 60 20 hafva
205 879 40 20 dolt
263 879 33 20 sitt
313 879 98 20 hafvande
427 879 84 20 tillstånd
529 879 37 20 och
587 879 44 19 sökt
651 880 98 24 enslighet
769 879 33 20 vid

61 906 83 20 födseln.
173 906 14 19 Ty
215 911 32 14 om
262 906 37 19 ock
314 906 84 25 qvinnan
413 906 54 24 gifvit
481 906 29 19 sin
524 905 103 26 omgifning
641 906 31 19 del
686 907 21 18 af
721 906 29 19 sin
767 906 34 19 be-

59 932 90 26 lägenhet
167 938 23 13 och
221 933 75 19 hennes
313 932 69 25 felsteg
400 932 81 20 sålunda
497 932 29 20 för
540 932 45 20 dem
600 931 17 26 ej
633 938 54 14 mera
702 934 21 18 är
737 932 62 26 någon

58 958 115 26 hemlighet.
184 959 54 19 .skall
252 958 27 20 till
294 958 74 20 förmån
383 958 30 20 för
427 960 64 18 henne
504 958 52 20 alltid
570 958 66 20 kunna
654 958 97 26 åberopas
767 959 34 20 det

59 984 86 20 tillstånd
162 985 20 19 af
198 985 83 25 kropps-
298 986 37 19 och
353 984 133 26 själslidande,
507 984 55 20 hvari
576 986 39 18 hon
628 985 6 19 i
648 986 153 24 förlossningens

59 1011 60 20 stund
133 1012 38 19 och
185 1012 59 19 äfven
257 1011 64 31 någon
336 1011 26 20 tid
377 1012 86 19 derefter
476 1010 87 21 befinner
577 1012 30 24 sig
621 1012 38 18 och
677 1017 44 14 som
739 1012 59 24 alltid,

59 1040 78 18 ensamt
154 1039 29 19 för
201 1038 35 25 sig,
255 1037 65 21 måste
336 1038 118 25 grundlägga
472 1044 23 13 en
512 1037 82 20 mildare
607 1038 122 26 uppfattning
743 1038 20 19 af
775 1027 24 30 de

58 1063 115 26 handlingar
186 1064 39 19 hon
238 1064 99 20 derunder
350 1053 92 31 föröfvat.

111 1091 47 19 Icke
173 1090 61 20 heller
249 1091 35 19 har
298 1096 46 14 man
359 1091 4 18 i
379 1091 91 25 förslaget
484 1091 54 19 velat
551 1093 84 23 upptaga
647 1090 81 20 fostrets
737 1090 63 20 vitali-

58 1119 28 18 tet
100 1118 48 19 eller
160 1117 88 31 förmåga
263 1120 27 16 att
304 1116 103 26 uppehålla
423 1106 27 30 ett
464 1116 127 25 sjelfständigt
605 1117 22 19 lif
642 1116 67 20 såsom
726 1117 73 19 känne-

57 1144 72 19 tecken
144 1143 24 25 på
183 1144 79 19 brottet.
288 1144 52 18 Inför
355 1144 38 30 lag.
398 1143 64 19 måste
476 1143 96 25 nämligen
587 1142 68 24 hvarje
670 1143 21 19 lif
703 1142 96 20 erkännas

57 1175 48 15 vara
122 1170 61 26 heligt
199 1172 45 17 utan
262 1169 92 20 afseende
371 1169 24 25 på
413 1169 37 19 den
468 1157 80 31 kortare
564 1169 46 19 eller
627 1170 67 24 längre
711 1169 85 25 tidrymd

57 1185 116 31 detsamma
191 1196 30 19 må
243 1196 64 19 kunna
329 1196 86 19 fortfara.
451 1196 52 19 Vore
523 1195 33 20 det
573 1196 30 19 fall
621 1183 50 32 från
680 1195 117 20 barnamord

57 1223 104 25 uteslutet,
181 1222 25 20 då
224 1225 27 17 ett
269 1222 5 20 i
290 1222 57 20 förtid
365 1222 92 20 framfödt
473 1222 49 19 barn
538 1223 22 29 är
576 1222 6 19 i
602 1221 55 20 stånd
679 1224 29 16 att
728 1221 82 19 endast'

58 1249 45 19 kort
119 1249 26 19 tid
158 1239 56 29 efter
230 1248 75 20 födseln
322 1249 90 19 fortsätta
429 1248 33 20 sitt
479 1248 28 22 lif,
527 1247 21 20 så
566 1248 63 19 skulle
649 1247 111 30 följdriktigt
780 1247 18 25 ej

58 1276 61 19 heller
133 1275 67 20 såsom
215 1275 116 20 barnamord
348 1275 64 19 kunna
428 1280 58 14 anses
499 1266 37 28 den
551 1274 94 20 händelse
659 1274 24 20 då
698 1276 28 17 ett
740 1274 5 19 i
763 1274 36 19 allo

57 1301 106 26 fullgånget
179 1302 61 19 foster
256 1301 62 20 blifvit
334 1301 82 24 dödadt,
435 1306 43 14 som
493 1302 25 19 till
534 1300 44 25 följe
592 1301 21 19 af
625 1300 59 25 något
698 1300 101 26 organiskt

57 1328 25 20 fel
97 1328 74 19 kunnat
185 1328 50 19 lefva
250 1328 69 19 endast
333 1328 43 19 kort
391 1328 33 19 tid.

111 1355 32 18 Alt
156 1355 75 19 brottet
244 1356 21 17 är
279 1354 115 24 detsamma,
411 1353 89 26 antingen
514 1354 34 19 det
561 1353 86 20 föröfvas
661 1359 69 20 genom
741 1353 58 19 miss-

57 1380 70 21 handel
143 1381 48 19 eller
206 1381 80 19 fostrets
300 1380 111 19 utsättande
426 1380 46 19 eller
486 1385 72 20 genom
572 1379 149 20 underlåtenhet
730 1380 20 19 af
758 1379 39 23 det,

58 1412 45 15 som
118 1407 26 19 till
161 1407 81 19 fostrets
256 1405 135 20 bibehållande
405 1406 32 19 vil
452 1407 22 18 lif
486 1408 21 17 är
521 1406 72 24 nödigt,
609 1411 60 20 synes
683 1406 42 18 icke
735 1406 65 18 kunna

57 1438 46 14 vara
118 1433 66 18 tvifvel
199 1432 147 20 underkastadt.
372 1432 7 19 I
394 1432 92 24 förslaget
500 1433 22 18 är
536 1431 36 20 ock
588 1431 68 20 endast
669 1435 38 15 uen
723 1431 76 19 skilnad
