992 1764
409 358 44 52 16.

267 496 66 24 Häns
349 496 154 30 Kejserliga
512 496 136 29 Majestäts
658 496 84 31 Nådiga
752 496 50 25 Prö-

200 525 96 28 position
314 525 36 23 till
368 525 104 24 Finlands
488 525 99 28 Ständer,
598 531 35 18 om
643 527 124 27 antagande
780 526 26 23 af

199 559 28 16 en
241 552 135 30 förfättning
389 552 114 29 angående
518 553 65 28 dråp,
601 555 54 22 utan
671 551 82 33 uppsåt
770 555 35 22 att

201 581 56 23 döda
271 579 41 26 och
326 586 74 19 annan
413 581 134 27 misshandel
558 588 18 23 å
590 587 89 24 person.

70 660 2 2 ==
98 637 12 35 =
118 642 32 19 Att
163 642 38 19 den
215 642 5 19 i
234 641 65 21 landet
311 642 88 25 gällande
413 642 142 26 brottmälslag,
571 648 45 15 som
629 642 65 21 finnes
708 642 77 21 affattad
798 644 5 19 i

63 667 212 27 Missgerningsbalken
286 669 46 20 med.
347 667 49 22 flere
409 669 61 20 dertill
486 669 85 20 hörande
583 669 140 26 författningar,
736 669 3 19 i
748 669 57 20 mån-

64 700 23 21 ga
100 695 107 19 afseenden
221 695 44 19 icke
278 698 113 17 motsvarar
405 695 122 20 närvarande
541 695 38 20 tids
592 695 115 26 fordringar;
718 696 36 19 har
764 696 40 19 ofta

65 720 43 23 och,
118 721 45 20 med
178 721 41 20 skäl
233 716 69 35 blifvit.
314 721 136 26 öfverklagadt,
465 723 39 19 och
518 727 25 14 en
557 722 115 25 förbättring
682 722 22 20 af
711 721 93 21 densam-

56 752 42 15 -ma
112 747 36 21 har
161 747 77 20 derföre
251 747 74 26 utgjort
340 750 30 17 ett
387 748 22 20 af
423 747 107 22 föremålen
546 749 30 19 för
592 748 63 24 Hans
672 747 132 27 Kejserliga

64 773 123 21 Majestäts
202 773 73 26 Nädiga
285 774 105 21 omtanka..
400 773 29 20 Då
442 775 58 20 likväl
515 780 25 15 en
558 775 134 25 omarbetning
708 775 22 19 af
742 775 62 22 brott-

62 799 198 28 mälslagstiftningen
281 801 5 18 i
303 800 31 21 sin
351 800 68 21 helhet
436 804 75 17 ansetts
528 801 44 20 icke
587 801 67 20 kunna
671 803 47 18 utan
739 801 68 26 längre

64 826 132 26 stidsutdrägt
209 827 132 26 genomföras,
355 827 39 20 och
404 827 108 21 emellertid
521 833 25 14 en
560 827 112 26 förändring
685 827 5 19 i
699 827 39 20 Jen
750 827 57 20 delen

65 853 62 26 deraf,
143 859 43 14 som
201 853 61 26 angår
276 853 46 22 våld
337 856 53 17 emot
403 859 81 21 person,
500 854 72 19 funnits
587 859 48 14 -vara
648 855 21 18 af
684 854 69 25 högsta
770 854 34 21 be-

65 879 35 20 hof
112 879 96 26 påkallad,
225 881 34 19 har
274 881 63 18 Hans
351 879 133 27 Kejserliga
497 879 110 26 Majestät
616 879 42 21 låtit
666 883 92 22 upprätta
769 880 39 19 för-

65 906 41 26 slag
121 906 26 20 till
163 907 111 25 författning
288 906 7 19 i
307 906 54 20 detta
375 908 64 23 ämne;
456 908 38 19 och
503 907 73 23 varder
584 906 83 21 berörda
677 907 73 25 förslag
760 907 46 20 med

65 932 62 21 dertill
142 932 86 21 hörande
241 933 93 24 motiver,
347 931 78 27 jemlikt
438 935 25 18 42
477 933 12 26 $
501 933 186 26 Regeringsformen
700 933 22 20 af
734 933 38 20 den
781 933 24 20 21

66 959 82 26 Augusti
164 960 57 24 1772,
237 960 121 20 härmelelst
372 960 25 20 till
412 960 78 20 landets
501 960 87 20 Ständer
602 960 150 20 öfverlemnalt.

269 1028 94 24 Förslag
374 1028 31 20 till
417 1027 97 21 förordning
540 1028 92 20 angående
644 1026 52 27 dråp,
707 1029 45 20 utan
762 1031 45 23 upp-

202 1050 36 21 sått
249 1052 30 19 att
288 1051 57 23 döda,
356 1051 34 19 och
402 1055 60 15 annan
472 1050 114 20 misshandel
597 1050 11 20 å
619 1053 74 22 person.

119 1092 44 20 Med
177 1092 140 26 upphäfvande
330 1092 21 19 af
364 1092 24 19 12
403 1091 80 26 kapitlet
502 1092 6 20 2
522 1091 36 26 $.2
576 1096 62 15 mom.
656 1092 38 20 och
712 1093 11 19 3
740 1092 21 26 $;
781 1094 25 19 14

67 1119 80 25 kapitlet
160 1120 11 18 2
187 1119 10 25 $
210 1119 39 19 och
263 1118 62 25 3.43
339 1123 73 19 mom.;
429 1119 25 19 45
467 1118 81 26 kapitlet
561 1118 20 25 2,
597 1118 19 25 6,
632 1118 12 20 8
658 1119 39 19 och
710 1120 12 19 9
736 1118 28 26 $$;
781 1120 24 18 17

67 1146 81 25 kapitlet
168 1146 3 19 1
188 1145 9 25 $
219 1146 4 19 2
239 1150 61 14 mom.
315 1147 52 17 samt
381 1145 12 19 2
407 1145 39 19 och
461 1146 10 18 3
487 1144 29 26 $$;
533 1145 27 20 18
571 1144 83 26 kapitlet
667 1146 10 18 4
693 1144 19 26 $,
729 1145 11 19 3
758 1145 10 25 $
783 1146 21 24 4,

67 1174 11 18 3
93 1172 39 20 och
146 1173 13 19 4
173 1177 72 20 mom.,
261 1172 22 24 4,
299 1172 19 24 5,
335 1171 12 19 6
361 1171 38 19 och
413 1172 11 18 7
440 1171 29 25 $$,
486 1172 11 19 8
511 1170 10 26 $
536 1172 87 19 1-.mom.
638 1172 40 18 och
690 1172 13 18 9
717 1170 11 26 $
742 1170 10 21 4
768 1172 38 19 och

66 1200 13 19 4
93 1204 69 18 mom.;
178 1199 25 19 20
218 1198 81 26 kapitlet
312 1198 9 20 1
338 1197 11 25 $
368 1198 6 26 2
389 1198 38 18 och
442 1198 11 18 3
467 1203 69 19 mom.,
551 1198 20 24 2,
586 1197 20 25 3,
622 1198 13 18 4
648 1197 38 20 och
701 1198 11 19 5
727 1197 27 25 $$,
770 1197 37 25 6$

66 1226 12 18 2
93 1230 70 19 mom.,
181 1225 10 19 7
205 1225 38 19 och
258 1224 11 20 8
284 1224 29 26 $$,
329 1224 24 20 10
367 1224 12 25 $
391 1225 13 19 4
418 1224 40 19 och
471 1224 12 20 2
496 1228 63 15 mom.
574 1226 52 17 samt
640 1224 25 19 13
678 1224 11 25 $
704 1224 9 20 1
732 1228 72 20 mom,;

67 1252 23 20 21
107 1251 80 26 kapitlet
207 1252 4 18 3
234 1250 3 26 $
258 1252 5 18 2
277 1256 62 14 mom.
355 1252 52 18 samt
421 1250 12 19 6
447 1251 38 19 och
500 1251 10 19 7
525 1250 29 25 $$;
570 1250 26 19 22
610 1250 80 25 kapitlet
704 1250 12 19 7
725 1249 31 26 $2
768 1251 38 19 och

67 1279 11 19 3
92 1283 70 18 mom.;
178 1278 26 19 24
217 1277 82 26 kapitlet
313 1278 18 24 5,
347 1277 19 25 6,
383 1277 20 23 7,
420 1277 12 19 8
446 1278 38 18 och
498 1277 12 20 9
524 1276 30 26 $$;
573 1276 25 20 26
615 1276 82 26 kapitlet
712 1278 13 18 4
742 1276 20 26 $;
781 1277 25 19 28

68 1304 80 26 kapitlet
162 1305 18 24 1,
199 1304 20 24 2,
237 1304 20 24 3,
271 1304 13 18 4
299 1304 39 19 och
352 1303 11 19 5
377 1302 29 26 $$;
422 1303 26 19 29
463 1303 80 25 kapitlet
557 1304 21 22 1,
595 1303 21 25 2,
632 1303 24 24 3,
670 1304 14 18 4
697 1303 39 19 och
751 1303 11 19 5
776 1302 29 25 46;

68 1331 32 25 30,
116 1330 32 26 33,
165 1330 31 25 34,
213 1331 32 24 35,
261 1330 26 19 36
300 1330 38 19 och
352 1329 25 20 38
391 1329 94 25 kapitlen;
501 1329 25 19 39
540 1329 82 25 kapitlet
635 1329 13 21 2
661 1330 39 18 och
714 1329 12 19 3
741 1327 66 27 $$;40

67 1356 81 26 kapitlet
167 1357 5 18 7
188 1356 11 26 $
213 1358 52 18 samt
279 1356 26 20 52
319 1355 80 26 kapitlet
413 1355 11 20 3
439 1355 10 25 $
463 1355 232 26 Missgernings-balken;.
704 1356 12 19 4
725 1355 82 25 kapitlet

67 1384 17 19 3
92 1383 13 25 $
117 1382 140 24 Straffbalken;
274 1383 25 20 16
313 1382 80 26 kapitlet
407 1382 11 21 8
433 1382 10 25 $
457 1382 12 19 3
483 1387 60 14 mom.
558 1381 145 24 Jordla-balken;
719 1384 51 17 samt
780 1381 26 20 28
