1006 1800
420 332 27 33 7.

242 471 5 4 =
261 442 76 33 Hans
352 442 154 30 Kejserliga
518 444 136 28 Majestäts
664 444 84 29 Nädiga
757 445 50 24 Pro-

200 472 97 49 fojition
312 471 37 23 till
363 471 104 25 Finlands
482 472 100 29 Ständer,
595 472 114 30 angående
723 475 84 22 vatten-

210 499 109 29 edningar
333 501 56 22 samt
404 501 140 23 vattenverk.
779 517 2 5 :

79 590 2 3 .
104 561 4 39 =
116 565 96 21 Behofvet
228 567 21 19 af
261 567 146 27 fullständigare
421 569 151 26 lägstadganden
585 569 101 26 angående
700 569 107 20 vattenled-

63 595 69 23 ningar
148 593 36 21 har
201 593 59 20 redan
277 595 56 26 länge
350 595 51 20 varit
417 595 70 21 insedt.
517 597 30 19 De
562 602 26 14 nu
604 596 88 25 gällande
706 595 101 21 föreskrif-

63 620 54 19 terna
138 620 69 20 derom
228 621 59 21 hafva
307 622 25 20 till
351 624 73 18 största
441 622 55 21 delen
514 623 111 20 tillkommit
642 622 24 26 på
684 628 24 14 en
725 622 37 26 tid,
781 622 24 20 dä

63 641 127 41 ekonomiska
211 648 38 19 och
271 650 60 19 andra
348 650 82 19 orsaker
447 649 44 20 icke
507 650 60 20 tilläto
584 649 60 26 nägra
660 649 146 20 vidsträcktare

63 674 92 24 åtgärder
168 676 30 19 för
212 674 222 26 sjökommunikationer
448 677 47 20 eller
506 676 190 27 jordförbättringar,
713 676 38 20 och
760 676 45 19 der-

63 700 41 20 före
121 702 106 20 innehäller
244 702 88 21 Finländ$
347 703 118 26 lagstiftning
479 705 5 18 i
499 704 83 20 nämnda
596 704 95 20 afseende
704 704 44 24 föga
762 706 43 16 mer

61 728 24 19 än
102 728 60 25 några
179 730 117 26 nödtorftiga
312 730 38 20 och
367 730 5 19 i
390 730 46 19 flera
454 730 54 20 delar
524 730 44 20 icke
582 736 36 14 ens
632 736 38 22 nog
683 729 72 27 tydliga
770 730 35 18 be-

62 755 120 27 stämningar
197 762 32 14 om
244 757 65 25 vanlig
323 756 86 24 dikning.
437 757 67 20 Denna
517 756 51 22 brist
582 759 22 18 är
618 756 22 21 sä
654 757 82 27 mycket
749 761 55 15 mera

62 782 99 27 kännbar
160 778 9 36 ,
185 789 44 15 som
250 784 77 20 landets
345 783 45 26 jord
411 784 22 19 är
450 785 25 19 till
492 784 75 26 ganska
585 786 42 18 stor
643 784 31 20 del
693 782 111 25 vattensjuk

61 812 53 17 samt
133 816 44 14 mer
196 812 24 18 än
239 810 70 26 jorden
330 811 5 19 i
357 810 69 26 många
447 811 60 20 andra
525 811 67 20 länder
608 810 88 27 uppfylld
714 812 22 18 af
750 810 53 24 kärr,

60 836 68 20 hvilka
144 837 37 20 öka
195 838 127 24 strängheten
336 838 21 19 af
369 837 47 20 dess
431 838 68 19 klimat
513 838 38 20 och
565 836 89 22 försvåra
668 837 48 20 dess
731 837 70 25 odling:

61 862 84 26 Insigten
162 864 69 20 derom
249 866 36 18 har
301 865 63 19 under
381 869 70 15 senare
468 865 51 19 tider
530 864 100 20 -föranledt
644 864 71 25 många
729 863 74 27 nyttiga

62 889 83 27 företag,
164 897 45 13 men
224 891 59 20 deras
297 890 104 21 utförande
414 891 37 20 har
464 892 29 18 för
506 892 156 25 lagstiftningens
676 890 73 20 brister
761 889 44 21 blif-

63 916 28 19 vit
104 916 114 22 försvåradt
232 918 47 20 eller
293 917 95 26 fördröjdt
403 917 37 20 och
455 918 4 19 i
474 918 47 20 flere
535 918 30 20 fall
580 918 27 20 till
622 918 38 20 och
668 917 46 20 med
724 917 81 21 alldeles

60 942 93 27 omöjligt.

112 970 34 20 Ett
162 971 149 25 hufvudsakligt
327 971 70 20 hinder
413 972 30 19 för
459 972 75 25 företag
551 972 21 20 af
587 972 122 26 nyssnämnd
723 971 80 20 beskaf-

60 997 68 19 fenhet
144 999 22 18 är
183 998 101 20 saknaden
301 998 21 20 af
337 1004 23 13 en
377 997 112 25 fullständig
505 1000 40 24 lag,
566 1004 70 21 genom
650 998 80 20 hvilken
744 1002 60 21 egare

60 1023 21 19 af
94 1022 44 26 jord
157 1024 38 20 och
213 1025 116 19 vattenverk
346 1024 67 20 kunde
431 1024 100 26 förpligtas
545 1027 27 17 att
587 1024 50 21 afstä
653 1026 29 18 sin
697 1023 103 28 egendom,

60 1049 24 21 då
102 1050 69 21 sådant
187 1052 23 19 är
226 1050 93 26 behöfligt
333 1051 29 19 för
377 1052 64 24 nyttig
456 1049 112 27 sjöfällning,
585 1052 156 24 strömrensning
755 1051 48 19 eller

60 1077 177 27 kanalanläggning.
268 1077 33 21 Att
316 1084 26 13 en
359 1077 60 20 sådan
437 1078 112 25 uppoffring
562 1078 122 26 rättvisligen
698 1078 38 20 kan
750 1077 53 25 äläg-

59 1103 35 25 gäs
114 1104 46 20 dem
181 1110 62 21 synes
264 1110 47 19 vara
329 1103 132 26 obestridligt,
480 1110 45 14 men
542 1104 89 21 deremot
648 1105 38 20 kan
704 1105 34 19 det
754 1110 48 14 vara

34 1140 2 2 +
59 1130 131 26 tvifvelaktigt
207 1131 97 20 huruvida
321 1132 108 24 ersättning
445 1132 29 18 för
491 1132 43 24 det,
553 1137 43 14 som
610 1131 68 24 afstås,
695 1132 36 19 bör
745 1131 5 18 i
765 1131 37 19 alla

60 1157 31 20 fall
112 1163 35 19 ega
167 1163 52 15 rum.
250 1157 37 21 Det
308 1159 22 18 är
347 1163 25 13 en
390 1158 28 19 uti
435 1158 24 19 de
477 1158 55 19 fleste
549 1158 144 24 lagstiftningar
709 1157 92 26 godkänd

60 1184 105 24 grundsats
179 1188 28 17 att
221 1184 141 25 eganderätten
377 1184 25 20 till
418 1184 116 24 vattendrag
547 1184 44 20 icke
606 1186 21 18 är
641 1184 38 21 lika
693 1184 108 24 fullkomlig

59 1212 39 18 och
112 1211 107 26 betryggad
235 1217 44 13 som
293 1210 139 25 eganderätten
446 1211 26 19 till
486 1210 51 26 jord,
554 1211 36 19 och
604 1211 152 23 mångenstädes
765 1210 36 20 har

59 1237 62 20 denna
136 1238 105 25 grundsats
255 1236 64 21 blifvit
332 1237 99 19 utsträckt
446 1238 47 19 ända
507 1232 73 36 derhän
596 1240 28 17 att
637 1237 36 20 alla
687 1237 61 20 floder
762 1237 38 18 och

60 1265 105 18 strömmar
182 1265 20 18 af
217 1264 63 25 någon
297 1263 121 26 betydenhet
434 1263 64 20 blifvit
511 1263 116 20 betraktade
641 1263 66 20 såsom
722 1264 79 18 Statens

60 1290 102 25 egendom.
192 1289 7 21 I
216 1291 36 19 alla
270 1291 30 19 fall
315 1290 38 19 kan
368 1289 63 25 någon
444 1290 33 19 full
492 1289 113 26 eganderätt
619 1290 26 20 till
660 1289 141 24 vattendragen

60 1316 21 21 af
95 1317 31 25 lag
142 1315 45 21 icke
203 1317 118 24 medgifvas,
337 1314 68 21 såvida
421 1316 64 19 öfver-
498 1316 38 19 och
550 1317 162 26 underbyggares
726 1318 39 16 rätt
779 1318 22 16 är

61 1347 43 17 mer
124 1345 25 18 'än'
169 1349 71 14 annars
261 1342 98 21 beroende
381 1343 20 19 af
416 1342 33 20 det
465 1343 51 19 bruk
534 1348 43 14 som
595 1347 72 21 'egaren
684 1343 34 25 gör
736 1343 19 19 af
765 1341 35 19 sin

60 1369 103 26 egendom.
169 1364 10 35 '
192 1370 8 19 I
214 1371 32 19 fall
260 1368 46 22 man
320 1368 101 26 rådfrågar
435 1369 38 20 den
487 1369 54 19 äldre
556 1369 142 25 lagstiftningen
712 1369 4 19 i
726 1369 73 23 ämnet,

60 1396 22 21 så
104 1396 61 20 finner
187 1402 44 14 man
249 1399 26 17 att
292 1394 34 22 det
341 1394 76 28 jemlikt
433 1396 228 26 Jernbergs-ordningen
678 1396 38 20 den
733 1395 13 20 6
762 1395 38 19 Juli

61 1423 51 19 1649
128 1422 63 26 någon
208 1423 27 18 til
249 1422 45 26 gällt
309 1422 66 19 såsom
391 1422 31 23 lag
437 1425 26 17 att
478 1423 36 18 alla
529 1423 94 19 strömfall
638 1421 62 21 borde
713 1421 87 20 behand-
