1006 1800
290 111 70 23 Nådiga
372 112 139 23 Propositionen
524 113 36 17 N:o
573 113 16 17 7.
781 112 31 18 117

68 161 163 25 tillandningarne
247 162 35 18 äro
299 161 77 20 skattfri
392 162 44 24 jord
454 163 39 19 och
509 162 59 20 deras
588 162 115 25 afskiljande
725 162 42 20 från
787 162 26 20 de

66 189 131 27 lägenheter
194 184 9 36 ,
220 188 78 19 hvartill
319 188 26 20 de
365 188 110 26 egentligen
498 189 60 24 höra,
578 188 119 26 följaktligen
713 188 44 20 icke
774 188 38 20 kan

68 216 89 20 medföra
171 214 60 26 något
245 215 94 25 äfventyr
353 216 30 18 för
397 216 151 25 lägenheternas
562 215 91 19 framtida
667 214 92 21 bestånd.

123 241 90 26 Särskild
233 242 179 24 uppmärksamhet
432 241 93 25 förtjenar
544 242 82 20 dernäst
646 241 67 26 frågan
734 246 33 15 om
787 241 25 20 de

67 265 178 28 undersökningar,
261 267 66 21 hvilka
341 268 47 20 böra
403 268 65 25 föregå
484 268 130 24 sjöfällningar
628 268 36 20 och
679 268 130 20 vattenverks

68 296 143 25 anläggningar.
240 294 69 20 Ehuru
325 295 65 19 öfver-
406 295 38 19 och
458 294 161 27 underbyggares
632 296 39 18 rätt
684 295 22 18 är
720 294 5 18 i
739 294 70 26 många

67 323 32 19 fall
117 321 100 21 beroende
233 322 20 18 af
267 321 67 26 dylika
350 322 84 25 företag,
453 321 21 19 sä
492 322 74 19 händer
579 321 34 19 det
626 321 58 19 likväl
699 320 45 20 icke
757 320 51 21 alltid

68 351 29 19 att
116 349 60 20 dessa
196 348 65 19 kunna
281 348 67 19 utöfva
369 348 58 25 något
448 348 105 27 inflytande
569 348 25 26 pä
611 353 76 15 annans
704 348 45 19 rätt.
781 346 27 21 Då

67 375 124 21 sistnämnda
208 374 119 20 förhållande
345 381 46 19 eger
408 381 54 18 rum,
478 381 63 20 synes
556 375 117 20 åtminstone
687 374 45 20 icke
747 373 62 27 någon

68 402 148 25 fullständigare
233 401 145 26 undersökning
395 402 84 19 :behöfva
496 403 48 19 eller
559 402 48 19 böra
625 402 20 19 af
659 402 32 25 lag
704 400 104 26 påbjudas,

69 430 51 19 helst
135 429 101 23 företagen
250 428 24 20 då
289 428 91 26 vanligen
394 430 33 18 äro
442 430 20 18 af
473 429 77 25 ringare
564 428 122 27 betydenhet
700 428 37 20 och
751 428 60 20 sköli-

69 462 36 20 gen
122 456 45 19 icke
182 455 47 20 böra
247 455 102 20 försvåras
363 461 72 20 genom
449 456 24 19 de
488 455 105 26 omgånger
607 455 37 20 och
658 455 84 26 drygare
756 454 53 20 kost-

69 483 69 24 nader,
154 488 43 14 som
210 482 173 25 undersökningen
398 482 83 20 medför.
504 483 44 20 Men
563 483 59 19 äfven
636 483 4 18 i
655 482 61 26 öfriga
730 482 38 23 fall,
785 481 24 20 Jä

69 515 24 14 en
110 509 146 25 fullständigare
272 509 145 25 undersökning
434 510 22 19 är
469 509 91 25 behöflig,
575 509 67 19 kunna
655 508 26 21 de
694 507 114 28 omgånger,

69 541 45 15 som
130 542 27 13 nu
173 535 88 26 gällande
276 537 33 24 lag
326 536 37 19 och
380 536 133 25 författningar
530 535 95 26 påbjuda,
644 535 97 20 förenklas
757 537 52 18 samt

68 565 59 24 göras
148 563 29 19 för
197 563 122 20 sökanderna
335 562 78 20 mindre'
430 563 109 25 besvärliga
556 563 39 20 och
611 562 131 26 betungande.
769 562 41 19 Un-

69 589 166 27 dersökningarne
249 595 49 15 voro
311 589 149 26 ursprungligen
474 589 114 21 föreskrifna
600 589 31 20 för
641 588 60 27 några
711 588 98 22 särskilda

68 616 32 21 fall
118 617 38 19 och
172 617 132 20 verkställdes
321 616 70 20 endast
406 616 22 21 af
443 616 155 26 Häradshöfding
614 616 38 20 och
663 616 80 20 Nämnd
755 618 54 18 samt

67 643 72 26 afsågo
155 644 48 19 flere
220 643 99 24 ändamål,
337 644 22 20 af
373 644 67 20 hvilka
456 649 106 19 omsorgen
579 644 30 18 för
630 643 179 24 vattenledningars

67 670 110 20 inrättande
193 676 36 14 var
242 671 39 20 den
294 671 61 20 minst
369 670 79 26 vigtiga.
477 670 117 20 Sedermera
608 670 37 20 har
659 670 67 25 frägan
736 670 73 20 derera

69 696 79 22 erhållit
159 704 29 13 en
205 698 145 26 öfvervägande
365 697 112 27 betydelse,
495 703 43 14 som
557 697 52 25 gjort
620 696 169 26 undersökningar
803 696 6 19 i

69 723 48 21 flere
134 724 60 20 andra
211 725 30 19 fall
256 724 98 25 behöfliga
369 727 50 17 samt
434 723 86 27 påkallat
531 724 60 20 andra
603 724 152 25 myndigheters
768 723 41 20 :del-

70 750 83 27 tagande
166 750 38 20 och
218 757 55 14 mera
287 751 126 20 verksamma
429 750 113 26 ingripande
554 750 50 20 deri.
630 749 31 21 Dä
676 749 81 21 sålunda
771 750 38 20 Jen

69 778 6 19 i
93 778 31 26 lag
133 776 106 26 -päbjudna
257 784 38 20 syn
308 778 21 20 af
339 777 155 26 Häradehäfding
508 777 38 20 och
560 776 77 21 Nämnd
649 782 83 14 numera
742 776 67 20 blifvit

68 804 115 20 förvanalad
198 807 69 17 nästan
281 804 26 20 till
323 810 23 14 en
360 804 63 24 bisak,
439 810 43 14 som
494 804 71 20 endast
574 803 46 20 ökar
630 802 132 27 omgängerna
771 803 38 20 och

68 831 103 20 invecklar
184 830 75 25 frågan,
275 832 56 19 torde
346 832 65 19 denna
425 837 38 20 syn
476 830 42 21 helt
531 831 38 20 och
582 830 59 20 hållet
656 830 101 20 afskaffas.
773 830 36 19 För

68 860 28 17 att
113 862 23 15 en
153 857 62 21 sådan
229 858 116 25 förändring
358 857 35 20 mä
413 858 70 20 lättare
499 858 70 20 kunna
588 857 140 25 genomföras
723 852 9 35 ;
748 856 62 20 borde

68 884 60 20 tillika
144 884 38 20 den
199 884 160 26 monopolattade
374 886 40 18 rätt
430 884 119 25 upphäfvas,
568 889 45 14 som
630 884 12 19 4
658 883 11 25 $
686 884 26 19 20
728 883 82 26 kapitlet

68 911 196 26 Byggninga-balken
281 911 126 20 tillerkänner
423 916 60 20 egare
498 911 22 19 af
534 910 54 20 äldre
603 909 145 26 mjölgvarnar;
769 910 40 19 och

68 943 45 14 som
126 937 45 20 icke
185 938 31 19 väl
231 938 188 20 öfverensstämmer
434 938 45 19 med
494 937 115 25 stadgandet
623 938 5 18 i
643 936 93 26 Kungliga
745 936 65 20 försä-

67 963 49 21 kran
131 964 39 20 den
188 964 24 20 23
229 964 94 20 Februari
340 964 52 20 1789
409 964 11 25 $
435 965 11 19 2
460 963 98 26 angående
573 963 155 25 obehörigheten
741 963 20 19 af
773 962 36 21 alla

68 990 123 26 menopolier
205 990 38 20 och
258 990 104 21 exklusiva
376 990 119 26 privilegier.
517 990 35 20 Ett
565 989 149 27 inigripande:af
725 989 84 21 domstol

68 1018 29 19 uti
114 1017 125 19 förenämnda
257 1017 168 25 undersökningar
442 1017 62 19 borde
522 1016 69 20 endast
605 1022 35 19 ega
654 1022 44 14 rum
712 1014 24 21 dä
750 1014 59 26 några

69 1043 168 25 omständigheter
254 1044 83 19 rörande
353 1044 112 25 anläggning
482 1044 20 18 af
517 1042 120 20 vattenverk
652 1045 59 22 göras
728 1042 82 24 tvistiga

69 1070 33 20 vid
119 1070 25 20 de
161 1075 70 21 syner,
250 1072 49 18 som'
309 1070 23 20 af
350 1070 154 20 administrativa
526 1069 139 26 myndigheter
680 1068 129 20 verkställas.

69 1097 37 20 Det
123 1098 22 18 är
161 1096 30 19 för
207 1097 117 25 anläggaren
342 1098 20 18 af
378 1097 41 24 vigt
435 1098 28 18 att
480 1095 17 20 få
515 1095 99 20 orubbadt
632 1094 135 27 tillgodorijuta
785 1094 26 20 de

69 1123 115 26 rättigheter
197 1123 25 20 till
238 1124 87 19 vattnets
339 1122 107 27 nyttjande,
462 1128 42 14 som
520 1122 63 20 blifvit
596 1122 75 19 honom
681 1122 9 19 i
697 1121 114 20 wederbär-

69 1150 26 25 lig
112 1148 82 27 ordning
209 1149 126 23 tillerkända,
354 1150 46 20 intill
416 1149 48 20 dess
478 1150 39 18 han
528 1149 41 19 kan
583 1148 59 20 blifva
654 1150 73 23 genom
740 1153 71 19 expro-

68 1176 95 26 priations
181 1182 84 19 process
282 1176 102 26 förpligtad
400 1178 29 18 att
445 1178 52 18 emot
514 1175 108 25 ersättning
636 1170 50 36 afstä
700 1170 109 36 desamma.

68 1204 44 19 Men
129 1209 24 14 en
170 1202 61 21 sådan
247 1203 77 25 förmån
340 1203 37 20 kan
393 1203 122 24 rättvisligen
532 1203 72 19 honom
623 1201 44 20 icke
683 1202 103 22 förunnas,
805 1200 5 19 i

68 1230 31 20 fall
112 1229 23 26 -ej
152 1229 151 21 vederbörande
318 1230 69 19 öfver-
402 1229 38 20 och
456 1229 154 26 underbyggare
626 1228 33 20 vid
677 1227 134 26 anläggnings-

68 1256 167 47 TIN
251 1256 211 26 antägeningsvilkoren
480 1256 46 20 eller
539 1255 135 20 lemnat:dem
688 1253 120 23 obestridde,

88 1283 30 20 ler
129 1283 43 19 ock
190 1283 5 18 |
213 1276 81 35 motsatt
305 1283 36 20 fall
355 1283 42 19 haft
411 1283 71 19 tillfälle
495 1285 28 17 att
536 1281 120 20 underkasta
670 1276 45 35 sina
725 1276 74 35 ansprä

71 1311 41 24 laga
124 1309 99 20 domstols
235 1309 146 25 undersökning
394 1308 37 21 och
446 1309 53 20 dom.
690 1333 3 2 .
793 1315 2 2 :

123 1335 127 21 Beträffande
265 1335 67 27 frågan
345 1340 37 15 om
400 1335 54 26 olaga
471 1335 136 26 uppdämning
616 1334 58 19 torde
686 1333 77 29 jemväl
772 1337 39 22 uya

69 1362 179 26 lagbestämningar
260 1368 49 14 vara
323 1362 129 25 nödvändiga.
468 1362 30 20 Uti
514 1362 12 19 6
540 1361 10 24 $
565 1362 25 19 29
596 1356 90 36 -kapitlet
698 1356 117 36 Byggninga-

72 1388 76 21 balken'
159 1388 123 21 bestämmes
296 1388 55 20 tiden
368 1388 24 20 dä
410 1388 102 20 Jamlueka
530 1393 32 14 om:
580 1386 62 21 våren
655 1387 155 24 skall
718 1382 10 35 :
737 1387 73 24 öppnas,

70 1419 49 16 men
133 1415 89 21 deremot
236 1414 63 21 finnes
313 1409 53 36 ingen
379 1409 113 36 föreskrift
497 1420 33 15 om
545 1413 91 21 tiden'dä
650 1413 115 21 densamma
779 1418 32 14 om
