1000 1823
199 145 38 33 20
418 146 71 24 Nådiga
500 147 140 23 Propositionen
653 145 36 18 N:o
701 144 28 18 12.

205 198 67 25 fattige
285 196 52 27 finge
351 196 40 20 helt
405 197 37 19 och
457 196 59 20 hållet
529 196 95 20 utblottas
634 200 69 20 genom
714 197 28 17 ett
750 193 136 26 bötesbelopp,
897 192 50 21 hvil-

205 224 34 20 ket
252 225 31 19 för
295 223 39 20 den
348 222 101 25 förmögne
466 228 49 14 vore
531 228 24 14 en
567 222 54 25 ringa
631 220 118 26 uppoffring.
777 219 50 20 Från
841 219 105 20 statsklok-

205 252 72 19 hetens:
291 248 120 27 ståndpunkt
425 248 42 20 åter
481 254 62 20 synes
557 248 34 20 det
604 253 47 14 vara
666 247 45 20 vida
720 250 77 22 vägnar
806 246 102 26 vigtigare,
919 248 28 17 att

205 277 116 20 samhällets
334 275 129 20 medlemmar
478 275 57 20 hafva
551 274 29 20 sin
593 273 115 25 tillräckliga
716 273 91 20 utkomst
816 274 24 18 än
849 274 29 18 att
888 274 60 18 stats-

206 304 73 20 kassan
292 301 63 21 riktas
368 306 71 21 genom
453 302 62 23 böter;
531 300 38 20 och
583 300 34 20 det
629 300 38 20 kan
681 300 79 19 derföre
773 298 18 26 ej
806 300 61 19 heller
880 298 66 26 ligga
935 294 14 37 i

205 332 76 18 statens
294 328 91 24 intresse,
401 330 28 17 att
443 328 110 26 förbrytare
566 326 55 21 skola
635 332 72 20 genom
721 326 76 20 straffet
810 325 22 20 så
849 328 95 20 utarmas,

206 359 28 18 att
248 356 25 20 de
289 355 115 26 derigenom
420 354 80 19 komme
517 356 28 18 att
561 354 49 24 ligga
626 353 103 19 samhället
747 353 28 19 till
792 352 44 20 last.
866 352 24 28 Af
905 353 43 19 sär-

205 382 51 21 skild
270 382 41 25 vigt
324 386 61 21 synes
399 381 6 19 i
419 380 54 20 detta
487 380 93 21 afseende
594 385 54 19 vara,
664 382 29 17 att
705 379 39 20 den
757 379 46 19 med
817 378 60 25 familj
894 378 11 20 å
923 384 24 13 en

205 408 55 26 ringa
273 406 136 21 hemmansdel
423 407 93 19 besuttne
529 406 78 20 bonden
621 405 29 20 får
664 406 76 20 behålla
755 405 30 20 sin
794 405 98 25 lägenhet;
908 405 39 19 och

206 436 33 20 det
253 436 22 22 är
289 435 30 19 väl
334 434 77 19 derföre
428 433 70 24 bättre,
513 435 28 17 att
559 434 37 18 han
612 432 64 25 någon
692 433 80 19 kortare
789 432 27 19 tid
833 431 29 19 får
878 432 46 19 sitta
941 430 6 20 i

207 464 70 22 arrest,
293 462 24 18 än
332 462 29 17 att
374 460 44 19 hela
432 459 50 19 hans
496 458 59 26 familj
573 458 47 20 skall
635 458 29 19 för
681 458 118 20 husfadrens
816 458 56 19 böter
888 457 60 20 blifva

206 488 42 23 från
262 485 163 22 hemmansdelen
438 485 99 20 utdrifven
550 485 37 19 och
599 485 42 19 falla
651 483 199 26 fattigförsörjningen
862 483 28 20 till
901 484 44 19 last.

206 514 76 20 Endast
301 517 72 22 genom
388 511 126 20 undvikande
531 511 21 20 af
567 511 72 20 sådana
655 511 136 26 ytterligheter
807 511 66 19 kunna
892 510 56 20 böter

207 541 58 20 blifva
279 539 51 20 både
344 538 82 19 rättvisa
441 538 38 19 och
491 537 47 20 med
553 537 113 20 samhällets
681 537 75 20 välfärd
770 537 99 25 förenliga.

259 566 38 19 För
310 564 73 21 sådana
400 563 110 26 händelser,
528 566 28 17 att
572 564 55 19 böter
644 563 33 20 vid
693 563 100 20 bristande
810 562 77 27 tillgång
903 563 45 20 icke

206 593 66 20 kunna
286 590 42 21 fullt
342 590 55 26 utgå,
413 592 46 17 utan
473 591 78 19 derföre
567 589 64 20 måste
647 589 28 21 till
692 589 129 20 frihetsstraff
836 589 110 24 förändras,

207 620 36 19 har
256 617 91 22 Komitén
361 616 106 26 föreslagit,
483 619 28 18 att
524 617 57 24 böter
594 616 26 20 till
638 617 39 19 och
692 615 46 20 med
756 617 40 18 fem
812 616 58 19 mark
886 615 62 20 borde

207 651 59 14 svara
280 647 42 17 mot
337 645 28 18 ett
377 643 54 26 dygn
440 643 6 18 i
455 645 70 22 arrest,
537 645 52 18 samt
598 645 28 17 att
634 643 53 20 hvad
696 642 114 20 derutöfver
819 642 57 26 ginge
886 642 63 20 skulle

207 671 102 20 förändras
323 669 49 20 efter
387 669 100 20 enahanda
500 669 71 26 grund,
587 668 22 20 så
623 671 28 17 att
664 669 57 20 böter
739 669 55 19 öfver
811 669 41 19 fem
869 669 25 19 till
910 669 39 19 och

207 697 46 20 med
267 698 26 19 tio
307 695 57 21 mark
377 696 82 19 komme
473 698 27 17 att
514 701 58 14 svara
586 697 42 18 mot
641 695 34 20 två
689 695 55 26 dygn
748 691 13 35 i
778 697 70 23 arrest,
860 700 18 14 0.
890 700 16 14 s.
918 700 29 21 v.,

207 729 45 14 men
267 726 28 17 att
309 723 62 20 sextio
385 722 53 25 dygn
451 721 61 20 likväl
526 721 65 21 skulle
604 727 47 14 vara
665 721 40 20 den
721 723 75 24 längsta
812 721 35 26 tid,
863 721 86 20 hvarun-

207 750 36 20 der
257 749 63 26 någon
335 749 30 19 för
377 749 58 19 böter
448 748 51 25 finge
513 747 62 21 hållas
588 748 6 19 i
607 751 70 17 arrest.
706 748 91 19 Komitén
805 748 38 19 har
851 747 98 26 nemligen

207 779 65 18 ansett
285 776 34 20 det
333 781 47 14 vara
394 777 53 17 mest
460 774 89 25 förenligt
561 774 47 20 med
624 774 89 25 rättvisa,
732 777 29 17 att
777 779 76 16 samma
867 779 83 21 propor-

208 803 39 20 tion
261 803 65 20 blefve
340 801 97 25 iakttagen
451 801 30 19 för
494 800 148 26 arreststraffet,
657 806 44 15 som
715 801 31 20 för
759 801 88 25 böterna,
861 802 52 18 samt
921 803 28 17 att

207 829 78 20 derföre
299 828 59 20 äfven
371 830 28 17 ett
412 827 60 26 dygn,
488 827 37 20 och
539 827 43 20 icke
597 829 30 17 tre
640 827 47 20 eller
701 827 50 26 fyra,
767 826 69 21 såsom
850 827 100 25 nugällan-

208 855 24 21 de
245 857 32 23 lag
293 854 89 26 stadgar,
400 853 62 21 borde
479 854 68 25 utgöra
563 853 102 20 minimum
682 853 21 20 af
717 853 130 20 frihetsstraff
860 853 6 20 i
873 849 76 54 Jyhika

207 882 38 21 fall.
274 881 114 24 Maximum,
404 881 63 18 sextio
481 880 58 26 dygn,
556 880 191 20 öfverensstämmer
755 879 121 21 deremot
861 875 40 35 med
915 879 34 20 det

208 909 5 19 i
229 910 8 19 1
253 908 11 26 $
274 908 25 20 10
308 907 46 26 kap.
369 906 200 26 Utsöknings-balken
583 907 93 25 stadgade
685 907 110 20 maximum
806 907 20 19 af
833 907 65 19 enkelt
908 907 41 19 fän-

209 936 60 24 gelse,
285 934 77 20 hvartill
376 933 56 20 böter
446 939 26 14 nu
487 932 18 20 få
519 932 110 21 förändras.

224 959 44 21 "I
285 960 64 26 tredje
365 959 122 26 afdelningen
503 960 21 19 af
539 960 34 19 sitt
590 960 70 26 förslag
677 960 37 20 har
730 959 93 21 Komitén
843 960 6 18 i
868 959 81 20 korthet

208 988 68 26 antydt
289 987 25 19 de
327 986 60 26 öfriga
402 987 95 18 allmänna
511 986 106 25 principer,
632 986 65 20 hvilka
714 986 59 26 enligt
789 986 103 20 Komiténs
907 989 41 16 tan-

208 1014 31 25 ke,
255 1013 62 21 borde
330 1013 65 26 läggas
409 1013 26 19 till
449 1013 63 25 grund
526 1013 29 19 för
569 1017 24 15 en
607 1018 28 21 ny
649 1013 152 26 brottsmålslag.
831 1013 28 19 De
868 1014 80 24 utgöras

208 1040 164 25 hufvudsakligen
385 1039 21 19 af
419 1038 73 21 sådana
507 1039 95 20 allmänna
615 1039 154 26 bestämningar,
785 1038 101 27 angående
895 1039 54 20 brot-

208 1069 32 18 ten
255 1067 5 18 i
274 1067 116 23 allmänhet,
406 1071 44 14 som
463 1065 61 25 ingått
538 1065 5 19 i
557 1065 25 20 de
595 1065 57 20 flesta
665 1071 62 21 nyare
741 1065 120 26 strafflagar,
880 1065 68 20 såsom

207 1092 127 22 beträffande:
356 1093 105 24 gränserna
481 1091 30 20 för
527 1091 123 26 strafflagens
667 1092 128 26 tillämpning,
814 1091 135 20 tillräknandet

208 1120 20 19 af
240 1119 59 25 brott,
315 1118 65 20 försök
394 1118 27 19 till
436 1117 59 25 brott,
511 1117 121 26 delaktighet
648 1117 49 27 deri,
716 1118 112 25 grunderna
845 1118 30 19 för
891 1118 58 19 straf-

208 1145 37 20 fets
260 1144 98 25 mätande,
373 1144 49 25 skäl,
438 1149 44 14 som
495 1144 85 20 utesluta
595 1143 38 20 åtal
647 1145 47 19 eller
708 1144 58 20 straff
777 1145 30 19 för
820 1145 60 24 brott,
896 1147 52 17 samt

208 1171 128 21 skadestånd.
365 1170 90 20 Komitén
472 1171 36 19 har
525 1172 48 18 trott
589 1171 30 25 sig
635 1171 70 20 härvid
724 1171 47 20 böra
792 1170 105 20 inskränka
917 1171 31 24 sig

208 1198 26 20 till
248 1198 61 21 blotta
319 1196 134 27 antydningar,
465 1197 83 20 emedan
563 1196 66 27 dylika
643 1197 146 26 bestämningar
799 1196 17 26 ej
827 1197 81 20 allenast
917 1196 30 21 stå

208 1224 6 19 i
227 1224 34 20 det
269 1226 101 18 närmaste
379 1223 142 26 sammanhang
529 1222 47 21 med
585 1223 124 26 strafflagens
719 1224 61 24 öfriga
792 1223 90 25 innehåll,
897 1226 51 17 samt

209 1250 77 20 derföre
300 1250 59 19 äfven
373 1249 26 20 till
413 1249 64 25 någon
490 1249 31 20 del
536 1248 64 21 måste
615 1252 57 23 göras
686 1250 99 20 beroende
799 1250 22 21 af
828 1249 118 26 detsamma,

208 1279 47 17 utan
269 1277 59 19 äfven
342 1276 49 19 först
405 1276 34 19 vid
450 1275 113 25 jemförelse
577 1276 46 20 med
636 1276 55 20 detta
708 1275 83 21 innehåll
808 1276 65 19 kunna
889 1277 59 18 fram-

208 1302 31 20 stå
252 1302 6 19 i
273 1303 30 19 sin
316 1303 51 19 rätta
380 1302 109 26 belysning.
517 1302 91 20 Komitén
623 1307 58 16 anser
694 1303 34 20 det
741 1302 119 26 följaktligen
872 1307 48 15 vara
929 1302 21 19 af

209 1329 41 30 vigt
263 1329 30 19 för
307 1329 39 19 den
359 1328 100 20 blifvande
473 1329 119 25 strafflagen,
608 1331 29 17 att
652 1329 35 20 det
704 1331 91 18 närmare
812 1328 104 21 innehållet
930 1328 20 20 af

208 1354 148 25 ifrågavarande
375 1355 97 19 allmänna
493 1355 143 24 bestämningar
652 1355 44 19 icke
709 1355 65 20 blefve
790 1355 96 20 definitivt
901 1355 48 19 fast-

209 1380 71 27 ställdt,
296 1380 57 19 innan
367 1379 112 26 strafflagen
492 1380 6 19 i
512 1380 30 20 sin
555 1381 68 18 helhet
636 1380 63 20 blifvit
716 1380 112 24 utarbetad,
847 1383 51 17 samt
912 1381 36 18 har

208 1405 78 20 derföre
299 1405 59 20 äfven
372 1406 29 19 för
415 1407 30 18 sin
459 1406 30 19 del
504 1406 53 20 velat
570 1406 86 20 undvika
670 1409 28 17 att
711 1407 52 24 gifva
773 1406 102 25 anledning
885 1406 26 20 till
920 1409 28 17 ett

209 1433 82 19 motsatt
304 1431 115 20 förfarande.
