995 1784
192 147 42 33 382
412 151 70 23 Nädiga
494 152 139 22 Propositionen
646 151 36 17 N.o
695 152 27 16 15.

197 201 82 19 emellan
296 200 59 20 dessa
372 200 50 20 olika
440 201 39 18 sätt
496 200 29 19 för
540 200 83 19 brottets
637 200 99 24 begäende
751 200 98 24 uppställd
863 202 28 16 att
905 200 32 19 Jet

197 227 50 19 förra
270 227 46 19 eller
337 226 37 20 den
393 225 85 26 positiva
498 226 125 25 handlingen,
647 226 78 19 hvilken
742 226 155 25 tillkännagifver
914 230 23 15 en

197 254 64 19 större
275 253 66 24 energi
356 253 4 19 i
375 253 38 18 Jen
427 252 101 25 brottsliga
541 252 57 25 viljan
613 252 62 20 blifvit
689 251 78 26 belagdt
780 252 46 19 med
840 255 29 16 ett
882 252 4 18 i
905 251 33 20 nä-

196 285 38 20 gon
251 279 45 20 män
314 280 101 24 strängare
431 284 73 14 ansvar
521 280 24 18 än
561 279 37 19 den
613 278 94 26 afsigtliga
721 278 174 20 underlätenheten
909 281 27 16 att

197 306 80 25 vidtaga
290 305 25 20 de
329 305 98 26 ätgärder,
443 310 44 15 som
502 305 29 19 för
546 305 81 19 fostrets
642 304 134 21 bibehällande
790 304 34 20 vid
838 305 21 20 lif
871 306 33 19 äro
919 305 20 19 af

196 332 70 20 nöden.

251 359 7 19 I
275 359 11 18 2
302 358 12 25 $
330 359 20 18 af
366 358 91 25 förslaget
472 359 34 18 äro
523 357 209 22 strafibestämmelser
750 361 96 22 upptagna
864 358 29 19 för
911 357 27 20 de

197 385 31 19 fall
246 384 23 20 dä
288 385 82 24 gvinnan
388 383 51 26 gjort
456 384 66 19 försök
539 386 28 18 att
583 385 50 18 döda
651 384 33 19 sitt
701 385 61 18 foster
779 385 38 18 och
834 384 69 20 endast
919 385 20 19 af

198 411 174 25 omständigheter,
388 416 43 14 som
446 416 48 14 voro
507 411 22 18 af
541 411 74 19 hennes
629 409 46 26 vilja
689 411 117 24 oberoende,
823 411 63 19 blifvit
899 411 39 19 för-

197 437 83 20 hindrad
294 439 28 18 att
335 437 96 20 fullborda
445 437 35 20 sitt
492 437 80 24 uppsåt.
601 437 102 19 Härunder
716 438 22 18 är
756 437 81 20 sålunda
853 437 84 25 inbegri-

195 470 39 20 pen
251 464 57 20 äfven
324 463 38 20 den
380 463 93 20 händelse
490 463 24 20 då
532 463 83 25 qvinnan
633 463 122 26 uppsåtligen
773 463 76 20 lemnar
862 464 34 19 sitt
909 464 28 19 fo-

196 493 41 17 ster
251 491 5 19 i
271 490 49 25 skog
335 490 38 19 och
387 489 55 20 mark
458 490 47 19 eller
518 489 5 20 i
538 490 106 19 allmänhet
657 489 11 19 å
683 489 71 20 sådant
768 490 62 25 ställe,
844 490 35 19 der
889 490 47 20 dess

196 517 94 26 räddning
308 515 16 26 ej
342 517 46 19 med
405 516 49 20 sken
471 517 21 18 af
504 516 124 20 sannolikhet
642 517 38 18 kan
694 517 76 22 väntas,
786 516 110 26 hvaremot,
912 515 24 21 då

196 544 195 25 omständigheterna
411 542 32 20 vid
464 543 84 19 brottets
568 542 101 26 begående
689 543 50 25 gifva
759 543 33 19 vid
813 543 76 20 handen
909 546 28 16 att

196 570 85 25 qvinnan
296 570 52 19 velat
362 569 72 20 bevara
448 569 80 20 fostrets
542 569 22 20 lif
577 570 38 18 och
630 569 69 20 endast
712 569 70 26 frigöra
797 569 29 26 sig
841 569 40 20 från
894 569 41 20 sina

196 596 158 26 moderspligter,
370 601 71 14 ansvar
455 596 44 19 icke
513 596 50 19 efter
577 597 12 18 2
603 595 10 25 $
627 598 46 17 utan
688 596 49 19 efter
751 597 12 18 9
778 596 46 19 eller
839 596 45 25 10
874 591 13 35 $
898 596 37 19 kan

195 623 109 20 ädömmaäs.

249 649 28 20 Då
293 650 36 18 hos
344 649 84 25 gvinnan
442 648 73 26 uppsåt
527 649 45 19 icke
586 649 38 19 kan
639 648 129 26 ädagaläggas
782 651 28 17 att
824 648 64 20 allifva
902 649 34 19 sitt

196 676 71 24 foster,
287 680 46 14 men
351 676 63 18 henne
430 676 5 18 i
454 676 36 19 alla
504 675 31 20 fall
550 677 79 17 stannar
643 675 25 20 till
683 675 39 19 last
734 674 63 20 sådan
811 674 125 21 vårdslöshet

196 702 49 20 eller
257 702 140 20 försummelse
410 704 27 16 att
451 702 39 19 hon
503 701 104 20 underlåtit
621 704 28 16 att
662 701 92 19 förskaffa
767 702 30 25 sig
810 702 46 19 eller
865 702 71 25 begag-

195 734 25 14 na
237 728 25 20 Je
277 728 76 24 medel,
372 733 43 14 som
433 727 32 21 vid
482 728 144 24 förlossningen
643 728 48 19 eller
708 731 62 16 straxt
786 728 86 19 derefter
886 728 50 20 varit

197 754 122 26 nödvändiga
336 754 30 20 för
383 754 81 20 fostrets
481 753 136 21 bibehällande
634 754 32 19 vid
683 754 29 25 lif,
731 754 116 20 bedömmes
861 756 74 18 hennes

195 780 127 26 brottslighet
335 780 24 26 pä
374 782 39 18 sätt
427 781 4 19 i
446 781 11 19 3
472 781 38 19 och
525 781 12 19 4
551 780 20 26 $$
586 782 21 17 är
622 780 114 25 föreslaget,
751 781 35 19 allt
800 781 50 19 efter
863 781 71 25 graden

196 806 21 20 af
228 808 38 19 den
280 807 146 25 försummelse,
441 807 77 19 hvartill
533 806 37 20 hon
583 806 52 26 gjort
649 807 28 25 sig
692 807 84 26 skyldig.
928 817 4 6 i

249 834 31 19 Uti
296 834 10 18 5
322 833 10 25 $
345 834 21 18 af
378 834 92 24 förslaget
483 835 23 17 är
519 834 5 18 i
539 832 135 21 rättsvärdens
692 834 86 19 intresse
794 839 72 14 ansvar
883 834 52 19 stad-

195 860 47 25 gadt
255 860 30 20 för
298 859 34 21 d6t
345 860 31 20 fall
391 862 29 17 att
433 861 79 23 gvinna,
529 865 42 14 som
585 860 21 19 af
619 860 64 24 oloflig
697 860 125 20 beblandelse
835 860 51 20 varit
894 860 42 20 haf-

196 886 73 23 vande,
288 885 120 27 undangömt
425 886 47 20 eller
486 886 40 20 helt
539 887 38 19 och
592 885 58 21 hållet
664 886 80 20 förstört
757 886 33 20 sitt
804 888 68 18 foster.
900 888 35 19 Er-

195 913 115 20 farenheten
328 913 51 20 lärer
396 913 97 26 nämligen
510 916 28 16 att
557 913 45 19 med
623 913 116 19 barnamord
761 913 81 20 fostrets
860 914 74 19 undan-

195 938 102 21 skaffande
313 940 7 18 i
336 939 26 20 de
378 939 56 20 flesta
451 940 33 19 fall
501 941 22 18 är
537 939 97 24 förenadt;
648 939 39 19 och
702 945 33 14 om
749 940 65 25 äfven,
830 940 32 19 vid
876 942 59 17 rätts-

195 965 147 25 vetenskapens
355 966 122 19 närvarande
491 965 125 26 ståndpunkt,
633 966 4 18 i
652 966 53 19 detta
719 966 112 25 tillgörande
843 965 18 26 ej
871 972 63 19 mera,

195 992 68 19 såsom
277 992 6 19 i
295 992 56 19 äldre
364 992 50 19 tider
428 997 35 14 var
477 992 59 25 fallet,
552 992 37 19 kan
603 991 70 26 spåras
688 995 27 17 ett
729 993 64 25 lagligt
807 993 93 20 indicium
909 993 24 25 pä

195 1019 127 24 barnamord,
341 1018 21 20 sä
379 1017 64 20 måste
461 1018 57 19 likväl
533 1018 24 20 de
572 1018 5 19 i
592 1019 11 19 5
618 1018 10 25 $
641 1021 73 17 utsatta
728 1018 206 21 sirafibestämmelser

195 1050 24 14 ur
232 1044 168 25 kriminalpolitisk
415 1045 99 25 synpunkt
528 1040 57 35 anses
593 1045 138 25 fulikomligen
746 1045 127 26 berättigade.

247 1071 68 19 Medan
330 1071 5 18 i
350 1072 10 18 1
376 1081 26 4 —
416 1072 12 17 4
443 1071 20 24 $$
478 1072 109 17 omnämnts
601 1071 25 19 de
640 1072 63 23 brott,
718 1077 44 14 som
778 1071 10 20 ä
802 1072 61 19 foster
877 1072 58 19 föröf-

194 1099 45 17 vats
256 1097 45 19 kort
318 1097 49 19 efter
384 1097 33 19 det
433 1097 24 19 de
474 1097 63 19 blifvit
553 1097 44 19 med
615 1097 22 19 lif
649 1097 115 25 framfödda,
780 1101 83 22 upptaga
879 1099 55 19 Jere-

195 1125 41 17 mot
253 1124 13 18 6
280 1134 26 3 —
320 1122 12 20 8
350 1122 20 26 $$
388 1123 20 19 af
423 1123 92 25 förslaget
531 1122 71 20 sådana
621 1122 136 28 förbrytelser,
776 1130 44 13 som
838 1124 50 26 syfta
909 1125 24 25 pä

193 1152 30 17 att
235 1149 59 20 innan
307 1148 70 26 sjelfva
391 1150 142 24 förlossningen
548 1149 87 20 utsläcka
650 1150 80 20 fostrets
744 1150 26 19 lif.
790 1151 7 19 I
811 1150 25 20 de
851 1153 83 18 sednare

193 1176 57 20 fallen
265 1176 35 19 har
314 1181 44 14 man
373 1178 64 17 ansett
451 1176 232 20 straffbestämmelserna
697 1176 64 19 kunna
775 1179 84 17 utsättas
876 1177 56 25 något

191 1202 56 25 lägre
263 1204 23 17 än
304 1201 33 21 vid
347 1202 128 24 barnamord,
493 1202 45 20 med
552 1202 92 20 afseende
659 1202 12 19 å
685 1203 99 19 skilnaden
799 1204 83 19 emeltan
896 1204 38 20 den

192 1228 47 20 med
255 1228 83 20 modren
355 1230 51 17 ännu
424 1228 117 26 oskiljaktigt
557 1228 92 20 förenade
669 1229 110 19 lifsfrukten
799 1231 38 18 och
857 1231 74 24 barnet,

191 1260 46 14 som
251 1255 51 19 efter
314 1254 76 20 födseln
405 1255 59 19 redan
478 1255 62 19 lefver
553 1257 28 17 ett
595 1254 128 26 sjellständigt
736 1256 28 19 lif.

245 1281 9 19 1
271 1283 83 17 motsats
370 1281 28 19 till
416 1281 51 19 hvad
484 1282 5 18 i
506 1280 47 20 flere
569 1286 37 21 nya
623 1282 140 25 lagstiftningar
780 1282 62 20 blifvit
855 1286 78 22 antaget

192 1307 58 25 göres
265 1308 6 18 i
286 1308 11 18 6
307 1306 10 25 $
331 1307 20 19 af
363 1308 92 24 förslaget
469 1308 142 25 tillämpningen
625 1308 21 19 af
658 1312 92 16 ansvaret
764 1310 29 18 för
806 1309 74 19 fosters
895 1310 37 18 för-

190 1332 105 20 drifvande
308 1333 100 19 beroende
422 1334 55 18 deraf
489 1336 28 16 att
531 1334 46 18 dess
591 1334 39 18 död
645 1335 46 18 eller
705 1335 88 25 förtidiga
808 1335 61 19 födsel
884 1336 50 18 varit

193 1364 23 14 en
233 1358 47 25 följd
297 1358 21 20 af
332 1358 26 20 de
371 1358 114 26 begagnade
499 1359 159 19 abortivmedlen.
687 1360 33 19 Et
734 1363 58 16 annat
806 1361 126 19 betraktelse-

192 1386 40 18 sätt
249 1390 60 20 synes
327 1384 37 20 ock
382 1384 32 20 vid
432 1388 91 17 närmare
541 1385 143 26 öfvervägande
701 1387 51 25 gifva
773 1387 76 25 upphof
868 1386 20 20 åt
908 1392 23 14 en

191 1411 103 26 orättvisa,
310 1417 44 14 som
369 1411 64 20 måste
448 1412 83 20 förefalla
548 1412 20 20 så
584 1412 80 27 mycket
678 1418 54 14 mera
746 1412 105 27 betänklig,
864 1412 25 21 då
899 1414 31 19 det

193 1439 22 19 är
232 1437 54 27 fråga
304 1444 32 14 om
353 1441 28 17 att
395 1439 4 19 i
415 1439 71 20 allmän
500 1439 29 26 lag
543 1439 51 25 gifva
609 1439 114 20 densamma
738 1440 96 20 sanktion.
864 1440 67 20 Skulle
