998 1761
275 113 70 22 Nådiga
356 115 139 23 Propositionen
509 116 35 18 N:o
557 117 27 17 13.
767 117 31 20 341

61 160 29 20 för
106 161 104 29 afvikande:
225 163 83 26 mening,
325 169 44 15 som
383 165 38 19 han
436 165 16 25 ej
468 165 59 20 söker
540 167 96 24 utsprida.
665 167 68 20 Ehuru
747 169 53 18 stän-

60 187 61 30 derne
135 189 4 18 i
155 189 69 24 sjelfva
239 189 60 20 saken
314 191 105 20 instämma
433 192 5 19 i
453 193 53 19 detta
520 193 77 26 förslag,
614 193 21 20 sä
649 197 31 16 tro
695 194 104 20 ständerne

59 214 34 21 det
106 215 60 20 likväl
181 219 46 16 vara
241 217 123 27 öfverflödigt
378 221 27 17 att
419 219 6 18 i
435 219 63 20 denna
509 221 91 24 paragraf
608 220 60 19 införa
677 220 123 25 påminnelse

60 246 32 15 om
107 247 24 24 en
146 243 4 18 i
165 242 38 19 Jen
217 243 88 26 kyrkliga
319 245 144 24 lagstiftningen
478 246 130 19 föreskrifven
623 247 80 25 varning
717 249 38 18 och
765 253 34 13 un-

60 267 118 27 dervisning,
201 275 43 14 som
266 269 45 20 icke
332 271 63 20 skulle
412 273 70 22 utgöra
498 273 63 19 vilkor
578 272 28 19 för
624 276 27 16 ett
665 273 133 25 efterföljande

60 294 44 25 åtal,
122 295 67 19 såsom
204 296 51 19 fallet
270 297 21 17 är
305 296 45 20 med
365 297 38 20 den
417 297 5 19 i
437 297 127 25 nästföljande
578 299 26 19 28
618 299 10 24 $
641 302 52 17 samt
707 299 4 19 i
728 300 9 18 4
755 299 8 25 S
774 300 24 18 14

59 320 46 26 kap.
122 321 22 19 G.
161 322 21 18 B.
198 323 37 19 och
251 322 11 19 3
277 322 10 25 $
302 323 10 19 3
327 323 45 25 kap.
388 324 24 19 M.
428 324 21 19 B.
465 325 98 19 omtalade
573 326 88 25 varning,
672 325 80 20 hvilken
763 326 35 18 bör

59 346 66 26 föregå
140 348 38 19 åtal
192 349 33 19 vid
240 349 93 19 domstol.
361 350 109 20 Ständerne
482 357 47 13 anse
538 351 64 25 alltså,
613 355 28 16 att
649 351 148 26 ifrågavarande

59 374 78 19 erinran
152 380 32 14 om
199 375 60 25 sagde
274 376 130 20 annorstädes
419 377 115 20 föreskrifna
549 378 81 26 varning
643 379 38 19 och
695 378 104 20 undervis-

58 401 45 25 ning
117 401 62 20 borde
194 407 23 14 ur
231 402 24 19 27
271 402 10 24 $
295 402 52 26 utgå,
364 408 45 14 men
427 404 115 25 paragrafen
556 405 30 19 för
600 405 57 25 öfrigt
670 405 108 20 bibehållas
792 405 6 19 i

58 426 46 20 dess
122 428 109 26 föreslagna
249 428 64 25 skick,
332 428 68 21 såsom
417 430 132 21 innefattande
566 437 25 13 en
607 432 81 25 ändring
703 432 20 19 af
735 432 11 19 3
761 432 10 25 $
786 433 8 18 1

57 454 45 26 kap.
118 455 24 19 M.
159 456 21 18 B.

110 490 60 20 Emot
184 491 9 19 1
209 496 62 15 mom.
287 491 5 19 i
307 492 25 19 28
347 491 16 26 $,
379 492 61 20 hvars
455 492 68 26 början
536 493 66 26 lyder:
620 493 116 26 «Utsprider
745 493 53 20 finsk

57 516 130 26 medborgare
200 518 21 18 af
231 518 103 20 lutherska
343 519 175 20 trosbekännelsen
529 520 113 20 villfarande
651 520 90 25 lärosats,
753 526 44 14 som

58 546 41 17 mot
116 544 37 19 Jen
171 550 46 14 rena
235 545 124 25 evangeliska
377 546 52 19 läran
447 546 78 27 strider,
542 547 37 19 och
594 547 49 19 efter
657 546 81 25 varning
751 547 45 19 der-

58 570 45 20 med
118 570 18 25 ej
151 570 81 26 afstär»,
249 577 48 14 anse
311 572 105 19 ständerne
426 573 28 25 sig
464 573 47 19 böra
521 571 100 26 anmärka,
633 575 28 16 att
669 573 62 19 denna
741 573 56 20 orda-

57 597 77 25 lydelse
148 597 65 20 kunde
227 597 51 25 gifva
296 598 102 25 anledning
412 598 26 20 till
453 598 38 19 åtal
506 599 57 20 äfven
577 602 41 16 mot
632 599 43 24 den,
692 605 43 14 som
745 599 51 20 utan

57 623 99 26 brottsligt
176 623 79 26 uppsåt,
277 624 89 26 antingen
383 624 5 19 i
405 625 147 26 vetenskapligt
571 625 85 20 intresse
676 626 47 19 eller
739 625 58 25 eljest

58 652 46 17 utan
125 650 57 25 afsigt
202 653 27 16 att
249 651 46 24 göra
312 651 118 26 proselyter,
453 651 155 27 offentliggjorde
624 651 64 26 någon
705 653 90 24 lärosats,

58 676 78 20 hvilken
157 683 48 13 vore
226 677 98 20 stridande
345 680 42 17 mot
406 677 37 20 den
460 679 101 19 lutherska
578 679 86 25 kyrkans
681 678 116 20 trosbekän-

57 703 62 23 nelse;
135 703 38 19 och
187 709 43 13 som
245 709 24 13 en
285 703 60 20 sådan
360 703 93 26 tolkning,
471 705 24 19 till
512 704 126 20 undvikande
652 705 21 18 af
685 704 70 25 otidiga
765 711 31 13 re-

56 729 194 26 ligionsförföljelser,
267 730 35 19 bör
316 730 141 26 förekommas,
474 730 48 20 hålla
537 731 106 20 ständerne
656 731 49 24 före,
721 733 28 18 att
759 731 37 20 den

56 756 36 19 här
110 755 147 26 ifrågavarande
275 756 141 26 förbrytelsens
433 757 89 26 begrepp
536 757 61 20 borde
611 757 80 20 sålunda
706 759 89 19 närmare

56 782 131 25 bestämmas,
202 785 28 17 att
243 783 145 26 utspridandet,
405 784 28 19 för
448 787 27 16 att
489 789 45 14 vara
544 783 105 26 straffbart,
661 784 67 19 skett
721 778 9 36 i
739 784 58 26 alsigt

56 811 28 18 att
101 809 45 20 med
164 809 37 20 den
218 809 115 20 villfarande
350 810 108 19 lärosatsen
475 810 86 25 bedraga
576 811 48 19 eller
638 811 73 19 förleda
726 815 67 20 annan;

56 837 38 18 och
111 835 73 26 kunde,
202 837 5 18 i
224 836 97 20 atseende
338 835 11 20 ä
367 837 37 20 den
419 837 4 18 i
438 838 25 19 28
478 837 10 25 $
503 837 96 20 omtalade
614 837 87 26 varning,
717 837 79 20 hänvis-

56 863 47 25 ning
117 863 37 19 ske
169 863 24 19 till
214 865 6 17 4
236 863 10 25 $
260 863 5 19 i
280 863 67 25 Kongl.
365 863 85 25 Stadgan
465 864 21 18 af
497 863 38 19 den
550 864 25 18 20
589 864 51 18 Mars
655 864 58 19 1735.

110 897 28 20 Då
154 898 24 18 52
194 898 10 25 $
219 899 10 18 7
239 898 46 25 kap.
296 897 91 26 möjligen
397 898 64 20 kunde
471 898 124 20 missförstås
606 898 87 26 sålunda,
705 901 28 17 att
743 899 52 19 tukt-

56 924 98 20 husstraff
166 924 128 25 ovilkorligen
308 925 61 19 borde
383 923 44 27 följa
442 926 56 18 äfven
513 924 11 20 å
537 924 60 20 sådan
608 926 48 18 stöld
667 928 33 18 ute
710 924 10 20 ä
731 925 64 25 mark,

55 956 43 14 som
120 951 103 19 innefattar
239 949 111 26 mjölkande
368 952 20 19 af
403 957 73 14 annans
490 952 10 19 å
515 952 46 19 bete
575 951 74 26 gående
662 952 81 20 kreatur
757 952 38 19 och

54 980 23 17 är
98 978 106 18 omnämnd
221 978 5 18 i
245 978 24 18 37
287 978 16 24 $,
323 978 63 19 ehuru
404 978 110 19 motiverne
530 978 92 26 upplysa,
642 981 28 17 att
683 978 53 20 detta
752 978 43 20 icke

54 1004 52 20 varit
123 1004 90 26 afsigten,
232 1007 48 17 utan
297 1007 28 17 att
341 1004 142 20 tukthusstraff
499 1004 61 20 borde
574 1006 30 18 för
618 1004 52 26 dylik
685 1004 49 20 stöld
749 1004 46 20 ådö-

55 1036 44 15 mas
113 1031 82 19 allenast
209 1031 33 19 vid
257 1030 128 20 försvårande
400 1032 172 25 omständigheter,
590 1030 21 21 så
620 1032 59 19 hafva
689 1031 105 20 ständerne

54 1063 45 14 som
117 1058 59 19 äfven
194 1057 27 20 för
236 1058 29 19 sin
280 1058 30 19 del
325 1058 72 19 biträdt
411 1058 61 19 denna
487 1058 57 25 äsigt,
560 1060 65 18 ansett
640 1058 23 20 52
678 1057 10 26 &
702 1058 47 19 böra
764 1064 30 13 er-

54 1084 51 20 hålla
122 1084 40 20 den
179 1084 115 20 förändrade
310 1084 82 26 lydelse,
409 1087 27 17 att
451 1087 26 17 ett
493 1084 70 22 sådant
576 1084 137 20 missförstånd
728 1085 66 19 blefve

53 1111 113 26 förebygdt.

108 1147 7 19 1
135 1147 23 19 58
177 1146 10 26 $
203 1148 12 19 9
233 1148 55 25 kap.,
307 1147 35 20 der
359 1147 34 20 det
409 1147 89 25 föreslås,
514 1150 28 17 att
558 1147 110 20 strafftiden
682 1147 64 20 skulle
760 1147 33 19 vid

54 1173 153 19 frihetsstraffen
223 1173 98 20 beräknas
339 1174 50 19 efter
406 1174 71 19 allmän
496 1174 96 25 borgerlig
606 1173 127 25 tideräkning,
749 1173 46 19 med

55 1200 101 24 undantag
176 1200 30 19 för
226 1200 88 26 fängelse
330 1200 34 20 vid
382 1203 67 17 vatten
467 1200 38 19 och
523 1200 54 24 bröd,
597 1201 70 18 hvaraf
683 1206 23 13 en
724 1199 72 20 månad

55 1226 62 20 borde
131 1226 72 19 räknas
217 1227 25 19 till
257 1226 99 25 tjuguätta
370 1226 66 25 dagar,
448 1229 52 16 samt
509 1228 29 18 för
548 1229 57 16 annat
615 1226 128 20 frihetsstraff
751 1232 45 13 som

54 1252 17 24 ej
89 1253 119 25 öfverstiger
224 1255 28 16 ett
269 1253 48 19 halft
334 1252 28 26 år,
380 1253 69 19 dervid
467 1259 24 13 en
508 1252 72 20 månad
598 1253 61 19 skulle
677 1253 71 19 räknäs
766 1252 29 20 till

53 1279 66 19 trettio
137 1278 65 26 dagar,
222 1279 58 19 hafva
298 1279 105 19 ständerne
420 1282 66 16 ansett
502 1286 23 12 en
544 1278 60 20 sådan
622 1279 110 25 förändring
749 1284 46 14 vara

54 1304 122 26 erforderlig,
192 1307 27 17 att
233 1304 70 26 hvarje
317 1304 70 20 månad
403 1305 20 19 af
435 1305 90 19 tukthus-
535 1305 46 19 eller
591 1305 149 25 fängelsestraff,
751 1310 46 14 som

55 1331 6 19 i
74 1330 94 21 månader
182 1331 87 25 ådömes,
286 1331 63 20 skulle
363 1331 71 19 räknas
448 1332 25 18 till
485 1331 65 19 trettio
561 1331 67 25 dagar,
639 1331 24 25 på
673 1332 34 18 det
717 1331 24 19 de
752 1331 45 19 bor-

54 1358 72 25 gerliga
140 1356 130 21 månadernas
284 1358 51 19 olika
349 1357 56 25 längd
420 1358 66 19 blefve
496 1358 112 25 derigenom
617 1358 108 24 utjen.nad;
737 1358 59 18 bvar-

58 1387 54 16 emot
126 1384 151 24 bestämningen
291 1390 33 13 om
338 1385 51 18 huru
404 1384 89 24 fängelse
506 1384 33 19 vid
554 1386 67 16 vatten
635 1385 37 17 och
687 1384 47 18 bröd
751 1384 41 18 skal

56 1410 78 23 räknas,
150 1409 65 20 kunde
229 1409 42 19 från
285 1410 64 19 denna
363 1410 90 24 paragraf
465 1412 97 17 uteslutas
576 1410 38 18 och
628 1410 84 18 ersättas
725 1414 70 20 genom
