1006 1811
312 137 70 24 Nådiga
393 139 140 24 Propositionen
547 140 35 23 N:o
595 140 16 17 7.
804 140 31 19 135

93 188 116 26 följaktligen
223 189 43 20 icke
280 188 62 21 heller
356 187 21 23 så
392 193 44 16 sent
450 190 24 25 på
490 191 75 24 hösten,
582 192 28 18 att
624 190 53 21 stark
692 191 50 20 frost
757 190 38 20 kan
808 191 27 20 in-

93 216 61 24 träffa,
171 216 58 20 innan
243 216 33 19 det
290 217 174 20 öfversvämmade
479 217 90 20 området
584 216 41 21 åter
644 217 68 20 hunnit
728 218 105 25 upptorka.

92 242 68 26 Någon
175 242 60 21 sådan
250 244 126 25 anmärkning
391 245 98 18 föranleda
504 244 44 19 icke
565 245 25 18 de
607 245 137 24 grundsatser,
763 250 73 19 propo-

92 269 84 20 sitionen
190 269 108 26 uppställer
313 270 29 19 för
356 276 25 13 en
395 271 30 24 lag
440 276 31 14 om
486 271 134 25 täckdikning.
648 271 42 19 Men
700 271 92 19 deremot
802 277 33 20 sy-

92 301 36 14 nes
143 296 147 25 propositionen
304 297 5 18 i
325 297 61 19 denna
402 296 30 20 del
451 297 45 19 icke
513 297 42 19 fullt
573 300 100 16 motsvara
690 297 121 25 ändamålet,
829 298 4 18 i

91 322 34 20 det
138 322 38 20 den
191 322 43 20 icke
248 322 84 20 bereder
344 322 137 26 jordbrukare,
498 328 44 15 som
556 324 78 19 inrättat
648 322 64 20 täckta
722 323 59 19 diken
796 324 38 18 och

92 349 4 18 i
111 350 94 19 afseende
220 348 10 20 ä
247 352 85 17 vattnets
342 349 174 20 afledande-beror
530 350 61 24 deraf,
603 352 28 17 att
640 350 133 25 afloppsdiket
782 350 51 19 inom

90 382 98 20 grannens
210 376 105 20 nedanföre
332 376 81 26 belägna
430 377 57 19 mark
506 376 28 21 till
554 376 126 26 erforderliga
699 376 134 20 dimensioner

92 402 102 26 utgräfves
208 404 38 18 och
260 403 159 25 vidmakthäiles,
436 403 58 25 något
509 404 101 19 verksamt
627 402 64 20 medel
710 406 28 16 att
755 402 78 21 tillhälla

92 429 63 19 denne
168 432 29 21 att
211 430 29 18 sin
258 430 110 25 skyldighet
382 430 117 19 Jerutinnan
517 430 105 25 behörigen
639 430 87 25 fullgöra.
756 430 7 18 I
780 430 53 19 Jetta

83 455 102 25 afseende
198 457 22 18 är
235 455 98 20 Utskottet
348 457 20 18 af
380 455 38 20 den
432 455 56 26 äsigt,
505 459 28 16 att
546 456 38 20 den
600 455 98 21 blifvande
712 456 55 25 lagen
778 456 5 19 i
793 457 40 18 äm-

92 485 33 17 net
140 483 61 19 borde
218 483 68 25 stadga
303 483 131 19 bötesansvar
451 483 29 18 för
497 483 83 19 nämnde
598 482 122 26 skyldighets
736 481 97 20 äsidosät-

92 509 58 20 tande
164 512 51 17 samt
228 509 105 20 dessutom
348 509 94 25 berättiga
458 509 36 20 den
509 509 130 20 förfördelade
653 511 33 22 att,
703 509 35 19 ifall
751 509 37 19 han
799 509 34 19 be-

93 535 81 26 visligen
190 538 105 23 uppmanat
308 535 38 20 den
361 536 113 25 försumlige
486 541 86 20 grannen
587 538 27 17 att
631 535 53 20 inom
701 535 42 19 viss
760 536 27 19 tid
804 535 29 20 af-

92 561 64 27 hjelpa
170 563 34 19 Jet
220 563 100 20 bristande
339 569 44 13 men
401 563 63 20 denne
481 563 76 20 ändock
574 563 92 19 tredskar
682 565 28 17 att
727 563 47 24 göra
790 562 40 24 det,

94 589 105 20 verkställa
214 590 33 19 det
261 589 80 20 sålunda
356 589 102 19 eftersatta
471 589 46 20 med
531 589 95 25 rättighet
641 589 24 19 till
681 589 107 25 ersättning
803 589 29 19 för

91 615 78 20 arbetet
182 617 38 18 och
234 615 109 20 kostnaden
356 616 78 20 dervid.
459 616 34 18 För
508 616 56 25 öfrigt
578 615 38 19 och
629 614 61 25 jemte
704 614 34 20 det
752 615 82 20 Utskot-

92 644 28 17 tet
135 642 61 20 håller
212 643 42 19 före
271 645 28 17 att
319 642 148 26 ifrågavarande
487 641 197 27 lagstiftningsåtgärd
707 641 44 20 icke
772 641 61 20 borde

67 688 10 8 .
92 668 64 26 åsyfta
171 668 62 26 någon
248 669 80 25 ändring
341 669 6 19 i
361 669 53 19 hvad
428 669 94 19 allmänna
538 669 55 24 lagen
612 668 79 26 stadgar
708 674 32 13 om
757 668 34 20 det
807 674 26 14 nu

66 695 10 9 *
93 696 75 24 vanliga
182 696 161 25 dikningssättet,
359 696 113 19 hemställer
488 695 99 20 Utskottet
605 694 109 24 vördsamt,
733 697 29 17 att
779 695 54 19 Stän-

92 722 61 19 derne
168 722 62 20 skulle
245 722 4 19 i
264 722 58 20 deras
338 722 127 19 merberörda
482 720 132 26 underdåniga
633 720 101 21 utlåtande
750 721 84 25 gillande

93 748 102 20 framhålla
210 748 84 26 följande
308 748 137 26 grundsatser:

217 805 29 17 att
258 801 132 26 jordbrukare
405 802 35 19 bör
455 802 105 25 berättigas
574 804 27 16 att
616 800 41 20 från
672 800 36 26 sjö,
724 801 31 25 elf,
767 800 10 20 ä
787 801 48 20 eller

164 829 50 19 bäck
229 828 25 27 pä
269 829 29 19 sin
313 834 50 19 egen
378 829 112 19 bekostnad
504 828 38 20 och
556 827 21 20 så
593 828 58 19 framt
665 833 74 14 annans
754 830 40 17 rätt
808 828 26 19 till

165 858 75 17 vattnet
254 855 114 25 derigenom
383 855 43 19 icke
442 856 114 24 förnärmas,
572 854 64 20 inleda
656 854 94 20 rinnande
767 856 68 18 vatten

164 882 11 19 å
191 883 28 19 sin
234 884 38 23 äng
286 883 47 19 eller
346 882 109 24 beteshage
468 882 4 19 i
486 881 94 20 afseende
591 880 10 20 å
611 881 58 20 deras
679 880 154 26 öfvervattning;

217 912 28 17 alt
258 909 38 20 den
311 909 65 18 öfver-
390 909 39 18 och
442 909 151 25 underbyggare
607 907 93 26 tillhöriga
716 907 63 24 mark,
791 913 43 14 som

164 936 5 18 i
184 937 38 18 och
237 936 29 19 för
280 935 60 20 sådan
356 935 144 25 vattenledning
515 938 102 23 upptages,
633 934 36 19 bör
683 934 106 25 behörigen
805 939 30 14 er-

164 964 72 22 sättas;

217 992 28 16 att
259 989 169 25 öfvervattningen
443 988 16 25 ej
475 988 29 19 får
518 988 35 20 ske
567 987 25 26 på
607 987 60 20 sådan
682 987 26 20 tid
720 987 21 19 af
749 986 49 25 året,
809 986 24 20 Jå

164 1021 73 20 granne
250 1015 56 20 deraf
318 1015 39 20 kan
371 1015 58 19 hafva
443 1021 45 14 men
502 1015 47 20 eller
564 1013 68 25 skada,
648 1015 36 18 oc':
700 1013 79 20 således
791 1013 44 20 icke

165 1043 61 19 heller
240 1041 21 20 så
276 1044 44 17 sent
334 1041 24 26 på
373 1043 76 24 hösten,
461 1045 27 16 att
498 1042 33 19 det
540 1041 173 19 öfversvämmade
727 1041 55 18 fältet
791 1040 44 19 icke

164 1069 69 19 hinner
248 1069 106 25 upptorka,
371 1069 57 18 innan
442 1068 50 19 frost
505 1067 96 23 inträder;

218 1098 28 17 att
258 1095 138 26 jordbrukare,
412 1100 44 14 som
470 1095 80 19 inrättar
565 1093 66 20 täckta
645 1093 63 25 diken,
725 1093 36 20 bör
771 1093 62 20 berät-

165 1123 49 25 tigas
228 1125 29 17 att
271 1122 85 20 medelst
369 1121 122 26 afloppsdike
506 1122 20 19 af
538 1120 57 26 nödig
609 1120 61 20 bredd
685 1120 37 20 ock
732 1119 48 26 djup
789 1120 47 19 afle-

164 1150 24 19 da
204 1151 75 18 vattnet
293 1148 46 20 från
356 1149 102 19 desamma
475 1149 56 19 öfver
547 1147 187 26 underbyggarenes
751 1147 56 19 mark
824 1145 10 20 å

165 1177 33 19 det
212 1176 62 24 ställe,
291 1175 35 20 der
340 1175 71 20 sådant
424 1175 46 20 dike
484 1175 88 20 befinnes
586 1174 120 25 lämpligast;

219 1205 28 17 att
260 1202 160 26 underbyggare,
437 1207 43 13 som
494 1201 45 25 sjelf
552 1201 34 19 har
600 1200 61 20 behof
676 1201 48 19 eller
740 1200 62 20 fördel
817 1200 20 18 af

166 1229 71 20 sådant
251 1228 127 26 afloppsdike,
394 1228 36 20 bör
445 1234 47 14 vara
506 1227 77 27 skyldig
598 1230 34 22 att,
651 1227 2 18 i
667 1226 45 20 mån
722 1226 62 25 deraf,
795 1226 41 19 del-

167 1259 43 23 taga
224 1255 16 26 ej
256 1255 78 20 mindre
349 1256 4 18 i
370 1255 65 20 dikets
452 1254 148 26 uppgräfvande
617 1255 23 18 än
657 1253 6 19 i
680 1253 48 20 dess
744 1252 91 20 framtida

168 1282 150 20 underhållande
333 1282 4 18 i
353 1281 105 25 tjenstbart
472 1282 66 20 skick;

221 1312 27 16 alt
269 1308 139 23 försummelse
425 1308 5 18 i
442 1307 65 23 sådan
525 1307 121 26 skyldighets
664 1306 119 26 fullgörande
801 1306 35 19 bör

166 1336 92 25 beläggas
272 1333 45 21 med
332 1334 88 26 lämpligt
433 1339 72 14 ansvar
520 1336 52 17 samt
588 1334 33 18 det
638 1334 100 24 äfventyr,
755 1334 28 17 att
797 1332 38 19 den

166 1362 114 24 derigenom
302 1361 134 24 —förfördelade,
460 1360 60 20 sedan
542 1361 38 18 han
600 1359 108 25 bevisligen
728 1361 108 23 uppmanat

144 1408 2 3 .
166 1389 40 19 den
219 1388 112 26 försumlige
346 1387 162 26 underbyggaren
522 1388 28 18 att
564 1386 51 20 inom
633 1386 41 19 viss
692 1385 26 20 tid
728 1386 30 18 sin
767 1387 69 17 änom-

167 1415 93 20 förmälda
274 1410 112 30 skyldighet
403 1414 80 25 fullgöra
500 1418 46 14 men
563 1413 63 19 denne
643 1412 77 20 ändock
737 1411 96 25 tredskat,

167 1447 46 19 eger
227 1441 45 24 sjelf
284 1440 37 19 låta
335 1440 106 19 verkställa
455 1440 33 18 det
502 1439 135 19 försummade
651 1438 77 19 arbetet
741 1438 46 18 med
797 1438 40 18 rät-
