<?xml version="1.0" encoding="UTF-8"?>
<alto xmlns="http://www.loc.gov/standards/alto/ns-v3#" xmlns:xlink="http://www.w3.org/1999/xlink" xmlns:xsi="http://www.w3.org/2001/XMLSchema-instance" xsi:schemaLocation="http://www.loc.gov/standards/alto/ns-v3# http://www.loc.gov/alto/v3/alto-3-0.xsd">
	<Description>
		<MeasurementUnit>pixel</MeasurementUnit>
		<sourceImageInformation>
			<fileName>/tmp/tess_mco4zlt4_input.PNG</fileName>
		</sourceImageInformation>
		<OCRProcessing ID="OCR_0">
			<ocrProcessingStep>
				<processingSoftware>
					<softwareName>tesseract 5.3.4</softwareName>
				</processingSoftware>
			</ocrProcessingStep>
		</OCRProcessing>
	</Description>
	<Layout>
		<Page WIDTH="1023" HEIGHT="1750" PHYSICAL_IMG_NR="0" ID="page_0">
			<PrintSpace HPOS="0" VPOS="0" WIDTH="1023" HEIGHT="1750">
				<ComposedBlock ID="cblock_0" HPOS="309" VPOS="117" WIDTH="525" HEIGHT="25">
					<TextBlock ID="block_0" HPOS="309" VPOS="117" WIDTH="525" HEIGHT="25">
						<TextLine ID="line_0" HPOS="309" VPOS="117" WIDTH="525" HEIGHT="25">
							<String ID="string_0" HPOS="309" VPOS="117" WIDTH="70" HEIGHT="23" WC="0.91" CONTENT="Nådiga"/><SP WIDTH="11" VPOS="117" HPOS="379"/>
							<String ID="string_1" HPOS="390" VPOS="119" WIDTH="139" HEIGHT="23" WC="0.96" CONTENT="Propositionen"/><SP WIDTH="13" VPOS="119" HPOS="529"/>
							<String ID="string_2" HPOS="542" VPOS="120" WIDTH="36" HEIGHT="17" WC="0.96" CONTENT="N:o"/><SP WIDTH="12" VPOS="120" HPOS="578"/>
							<String ID="string_3" HPOS="590" VPOS="120" WIDTH="27" HEIGHT="18" WC="0.96" CONTENT="14."/><SP WIDTH="185" VPOS="120" HPOS="617"/>
							<String ID="string_4" HPOS="802" VPOS="120" WIDTH="32" HEIGHT="20" WC="0.96" CONTENT="367"/>
						</TextLine>
					</TextBlock>
				</ComposedBlock>
				<ComposedBlock ID="cblock_1" HPOS="93" VPOS="166" WIDTH="741" HEIGHT="30">
					<TextBlock ID="block_1" HPOS="93" VPOS="166" WIDTH="741" HEIGHT="30">
						<TextLine ID="line_1" HPOS="93" VPOS="166" WIDTH="741" HEIGHT="30">
							<String ID="string_5" HPOS="93" VPOS="166" WIDTH="45" HEIGHT="19" WC="0.94" CONTENT="med"/><SP WIDTH="15" VPOS="166" HPOS="138"/>
							<String ID="string_6" HPOS="153" VPOS="166" WIDTH="25" HEIGHT="19" WC="0.90" CONTENT="de"/><SP WIDTH="14" VPOS="166" HPOS="178"/>
							<String ID="string_7" HPOS="192" VPOS="166" WIDTH="154" HEIGHT="20" WC="0.87" CONTENT="modificationer"/><SP WIDTH="13" VPOS="166" HPOS="346"/>
							<String ID="string_8" HPOS="359" VPOS="167" WIDTH="31" HEIGHT="27" WC="0.96" CONTENT="jag"/><SP WIDTH="15" VPOS="167" HPOS="390"/>
							<String ID="string_9" HPOS="405" VPOS="170" WIDTH="37" HEIGHT="18" WC="0.96" CONTENT="här"/><SP WIDTH="14" VPOS="170" HPOS="442"/>
							<String ID="string_10" HPOS="456" VPOS="168" WIDTH="40" HEIGHT="21" WC="0.96" CONTENT="haft"/><SP WIDTH="14" VPOS="168" HPOS="496"/>
							<String ID="string_11" HPOS="510" VPOS="171" WIDTH="46" HEIGHT="17" WC="0.96" CONTENT="äran"/><SP WIDTH="15" VPOS="171" HPOS="556"/>
							<String ID="string_12" HPOS="571" VPOS="170" WIDTH="78" HEIGHT="25" WC="0.96" CONTENT="antyda,"/><SP WIDTH="16" VPOS="170" HPOS="649"/>
							<String ID="string_13" HPOS="665" VPOS="170" WIDTH="60" HEIGHT="20" WC="0.93" CONTENT="måtte"/><SP WIDTH="14" VPOS="170" HPOS="725"/>
							<String ID="string_14" HPOS="739" VPOS="171" WIDTH="95" HEIGHT="25" WC="0.91" CONTENT="antagas"/><SP WIDTH="-12" VPOS="171" HPOS="834"/>
							<String ID="string_15" HPOS="822" VPOS="162" WIDTH="16" HEIGHT="38" WC="0.96" CONTENT="i"/>
						</TextLine>
					</TextBlock>
				</ComposedBlock>
				<ComposedBlock ID="cblock_2" HPOS="92" VPOS="192" WIDTH="743" HEIGHT="292">
					<TextBlock ID="block_2" HPOS="92" VPOS="192" WIDTH="743" HEIGHT="292">
						<TextLine ID="line_2" HPOS="94" VPOS="192" WIDTH="739" HEIGHT="29">
							<String ID="string_16" HPOS="94" VPOS="192" WIDTH="66" HEIGHT="20" WC="0.96" CONTENT="stället"/><SP WIDTH="15" VPOS="192" HPOS="160"/>
							<String ID="string_17" HPOS="175" VPOS="192" WIDTH="29" HEIGHT="19" WC="0.91" CONTENT="för"/><SP WIDTH="20" VPOS="192" HPOS="204"/>
							<String ID="string_18" HPOS="224" VPOS="193" WIDTH="155" HEIGHT="25" WC="0.90" CONTENT="Lagutskottets;"/><SP WIDTH="22" VPOS="193" HPOS="379"/>
							<String ID="string_19" HPOS="401" VPOS="198" WIDTH="52" HEIGHT="16" WC="0.96" CONTENT="samt"/><SP WIDTH="17" VPOS="198" HPOS="453"/>
							<String ID="string_20" HPOS="470" VPOS="199" WIDTH="27" HEIGHT="16" WC="0.96" CONTENT="att"/><SP WIDTH="17" VPOS="199" HPOS="497"/>
							<String ID="string_21" HPOS="514" VPOS="196" WIDTH="138" HEIGHT="25" WC="0.95" CONTENT="skyldigheten"/><SP WIDTH="17" VPOS="196" HPOS="652"/>
							<String ID="string_22" HPOS="669" VPOS="199" WIDTH="28" HEIGHT="17" WC="0.95" CONTENT="att"/><SP WIDTH="16" VPOS="199" HPOS="697"/>
							<String ID="string_23" HPOS="713" VPOS="197" WIDTH="120" HEIGHT="20" WC="0.96" CONTENT="underkasta"/>
						</TextLine>
						<TextLine ID="line_3" HPOS="93" VPOS="218" WIDTH="741" HEIGHT="31">
							<String ID="string_24" HPOS="93" VPOS="219" WIDTH="29" HEIGHT="25" WC="0.96" CONTENT="sig"/><SP WIDTH="14" VPOS="219" HPOS="122"/>
							<String ID="string_25" HPOS="136" VPOS="218" WIDTH="38" HEIGHT="20" WC="0.96" CONTENT="den"/><SP WIDTH="14" VPOS="218" HPOS="174"/>
							<String ID="string_26" HPOS="188" VPOS="218" WIDTH="82" HEIGHT="20" WC="0.96" CONTENT="sålunda"/><SP WIDTH="16" VPOS="218" HPOS="270"/>
							<String ID="string_27" HPOS="286" VPOS="219" WIDTH="101" HEIGHT="21" WC="0.93" CONTENT="bestämda"/><SP WIDTH="14" VPOS="219" HPOS="387"/>
							<String ID="string_28" HPOS="401" VPOS="222" WIDTH="136" HEIGHT="19" WC="0.91" CONTENT="absolutionen"/><SP WIDTH="10" VPOS="222" HPOS="537"/>
							<String ID="string_29" HPOS="547" VPOS="233" WIDTH="26" HEIGHT="3" WC="0.91" CONTENT="—"/><SP WIDTH="10" VPOS="233" HPOS="573"/>
							<String ID="string_30" HPOS="583" VPOS="227" WIDTH="44" HEIGHT="14" WC="0.95" CONTENT="som"/><SP WIDTH="17" VPOS="227" HPOS="627"/>
							<String ID="string_31" HPOS="644" VPOS="222" WIDTH="35" HEIGHT="20" WC="0.95" CONTENT="bör"/><SP WIDTH="15" VPOS="222" HPOS="679"/>
							<String ID="string_32" HPOS="694" VPOS="228" WIDTH="47" HEIGHT="14" WC="0.96" CONTENT="vara"/><SP WIDTH="14" VPOS="228" HPOS="741"/>
							<String ID="string_33" HPOS="755" VPOS="224" WIDTH="21" HEIGHT="18" WC="0.93" CONTENT="af"/><SP WIDTH="12" VPOS="224" HPOS="776"/>
							<String ID="string_34" HPOS="788" VPOS="224" WIDTH="46" HEIGHT="25" WC="0.91" CONTENT="kyr-"/>
						</TextLine>
						<TextLine ID="line_4" HPOS="94" VPOS="245" WIDTH="738" HEIGHT="29">
							<String ID="string_35" HPOS="94" VPOS="245" WIDTH="37" HEIGHT="19" WC="0.96" CONTENT="kan"/><SP WIDTH="18" VPOS="245" HPOS="131"/>
							<String ID="string_36" HPOS="149" VPOS="245" WIDTH="89" HEIGHT="20" WC="0.95" CONTENT="bestämd"/><SP WIDTH="21" VPOS="245" HPOS="238"/>
							<String ID="string_37" HPOS="259" VPOS="246" WIDTH="59" HEIGHT="19" WC="0.95" CONTENT="äfven"/><SP WIDTH="18" VPOS="246" HPOS="318"/>
							<String ID="string_38" HPOS="336" VPOS="247" WIDTH="25" HEIGHT="19" WC="0.95" CONTENT="till"/><SP WIDTH="18" VPOS="247" HPOS="361"/>
							<String ID="string_39" HPOS="379" VPOS="248" WIDTH="75" HEIGHT="18" WC="0.96" CONTENT="formen"/><SP WIDTH="18" VPOS="248" HPOS="454"/>
							<String ID="string_40" HPOS="472" VPOS="248" WIDTH="5" HEIGHT="18" WC="0.96" CONTENT="i"/><SP WIDTH="17" VPOS="248" HPOS="477"/>
							<String ID="string_41" HPOS="494" VPOS="248" WIDTH="53" HEIGHT="19" WC="0.96" CONTENT="detta"/><SP WIDTH="18" VPOS="248" HPOS="547"/>
							<String ID="string_42" HPOS="565" VPOS="248" WIDTH="41" HEIGHT="23" WC="0.96" CONTENT="fall;"/><SP WIDTH="19" VPOS="248" HPOS="606"/>
							<String ID="string_43" HPOS="625" VPOS="252" WIDTH="21" HEIGHT="22" WC="0.95" CONTENT="ty"/><SP WIDTH="17" VPOS="252" HPOS="646"/>
							<String ID="string_44" HPOS="663" VPOS="249" WIDTH="53" HEIGHT="19" WC="0.95" CONTENT="detta"/><SP WIDTH="17" VPOS="249" HPOS="716"/>
							<String ID="string_45" HPOS="733" VPOS="251" WIDTH="22" HEIGHT="17" WC="0.95" CONTENT="är"/><SP WIDTH="14" VPOS="251" HPOS="755"/>
							<String ID="string_46" HPOS="769" VPOS="248" WIDTH="23" HEIGHT="26" WC="0.94" CONTENT="ju"/><SP WIDTH="17" VPOS="248" HPOS="792"/>
							<String ID="string_47" HPOS="809" VPOS="255" WIDTH="23" HEIGHT="13" WC="0.94" CONTENT="en"/>
						</TextLine>
						<TextLine ID="line_5" HPOS="92" VPOS="271" WIDTH="741" HEIGHT="28">
							<String ID="string_48" HPOS="92" VPOS="271" WIDTH="78" HEIGHT="25" WC="0.96" CONTENT="kyrklig"/><SP WIDTH="14" VPOS="271" HPOS="170"/>
							<String ID="string_49" HPOS="184" VPOS="271" WIDTH="39" HEIGHT="24" WC="0.96" CONTENT="akt,"/><SP WIDTH="16" VPOS="271" HPOS="223"/>
							<String ID="string_50" HPOS="239" VPOS="272" WIDTH="35" HEIGHT="19" WC="0.93" CONTENT="der"/><SP WIDTH="14" VPOS="272" HPOS="274"/>
							<String ID="string_51" HPOS="288" VPOS="275" WIDTH="92" HEIGHT="21" WC="0.92" CONTENT="prestens"/><SP WIDTH="14" VPOS="275" HPOS="380"/>
							<String ID="string_52" HPOS="394" VPOS="273" WIDTH="124" HEIGHT="21" WC="0.81" CONTENT="individuella"/><SP WIDTH="14" VPOS="273" HPOS="518"/>
							<String ID="string_53" HPOS="532" VPOS="273" WIDTH="51" HEIGHT="26" WC="0.91" CONTENT="åsigt"/><SP WIDTH="16" VPOS="273" HPOS="583"/>
							<String ID="string_54" HPOS="599" VPOS="280" WIDTH="18" HEIGHT="18" WC="0.96" CONTENT="ej"/><SP WIDTH="18" VPOS="280" HPOS="617"/>
							<String ID="string_55" HPOS="635" VPOS="274" WIDTH="34" HEIGHT="20" WC="0.96" CONTENT="bör"/><SP WIDTH="18" VPOS="274" HPOS="669"/>
							<String ID="string_56" HPOS="687" VPOS="280" WIDTH="47" HEIGHT="14" WC="0.96" CONTENT="vara"/><SP WIDTH="17" VPOS="280" HPOS="734"/>
							<String ID="string_57" HPOS="751" VPOS="276" WIDTH="37" HEIGHT="19" WC="0.92" CONTENT="den"/><SP WIDTH="18" VPOS="276" HPOS="788"/>
							<String ID="string_58" HPOS="806" VPOS="276" WIDTH="27" HEIGHT="18" WC="0.88" CONTENT="af-"/>
						</TextLine>
						<TextLine ID="line_6" HPOS="92" VPOS="298" WIDTH="740" HEIGHT="28">
							<String ID="string_59" HPOS="92" VPOS="298" WIDTH="92" HEIGHT="24" WC="0.91" CONTENT="görande,"/><SP WIDTH="12" VPOS="298" HPOS="184"/>
							<String ID="string_60" HPOS="196" VPOS="308" WIDTH="25" HEIGHT="3" WC="0.91" CONTENT="—"/><SP WIDTH="11" VPOS="308" HPOS="221"/>
							<String ID="string_61" HPOS="232" VPOS="298" WIDTH="63" HEIGHT="20" WC="0.93" CONTENT="skulle"/><SP WIDTH="14" VPOS="298" HPOS="295"/>
							<String ID="string_62" HPOS="309" VPOS="300" WIDTH="113" HEIGHT="18" WC="0.89" CONTENT="utsträckas"/><SP WIDTH="15" VPOS="300" HPOS="422"/>
							<String ID="string_63" HPOS="437" VPOS="300" WIDTH="24" HEIGHT="19" WC="0.96" CONTENT="till"/><SP WIDTH="16" VPOS="300" HPOS="461"/>
							<String ID="string_64" HPOS="477" VPOS="301" WIDTH="36" HEIGHT="19" WC="0.96" CONTENT="alla"/><SP WIDTH="14" VPOS="301" HPOS="513"/>
							<String ID="string_65" HPOS="527" VPOS="300" WIDTH="25" HEIGHT="20" WC="0.96" CONTENT="de"/><SP WIDTH="13" VPOS="300" HPOS="552"/>
							<String ID="string_66" HPOS="565" VPOS="300" WIDTH="40" HEIGHT="25" WC="0.95" CONTENT="fall,"/><SP WIDTH="16" VPOS="300" HPOS="605"/>
							<String ID="string_67" HPOS="621" VPOS="301" WIDTH="36" HEIGHT="19" WC="0.94" CONTENT="der"/><SP WIDTH="13" VPOS="301" HPOS="657"/>
							<String ID="string_68" HPOS="670" VPOS="302" WIDTH="102" HEIGHT="24" WC="0.96" CONTENT="uppenbar"/><SP WIDTH="13" VPOS="302" HPOS="772"/>
							<String ID="string_69" HPOS="785" VPOS="302" WIDTH="47" HEIGHT="18" WC="0.96" CONTENT="eller"/>
						</TextLine>
						<TextLine ID="line_7" HPOS="92" VPOS="324" WIDTH="740" HEIGHT="30">
							<String ID="string_70" HPOS="92" VPOS="324" WIDTH="76" HEIGHT="20" WC="0.92" CONTENT="enskild"/><SP WIDTH="14" VPOS="324" HPOS="168"/>
							<String ID="string_71" HPOS="182" VPOS="324" WIDTH="112" HEIGHT="26" WC="0.92" CONTENT="kyrkoplikt"/><SP WIDTH="14" VPOS="324" HPOS="294"/>
							<String ID="string_72" HPOS="308" VPOS="325" WIDTH="80" HEIGHT="20" WC="0.92" CONTENT="härintill"/><SP WIDTH="17" VPOS="325" HPOS="388"/>
							<String ID="string_73" HPOS="405" VPOS="326" WIDTH="49" HEIGHT="19" WC="0.93" CONTENT="varit"/><SP WIDTH="14" VPOS="326" HPOS="454"/>
							<String ID="string_74" HPOS="468" VPOS="326" WIDTH="137" HEIGHT="20" WC="0.87" CONTENT="föreskrifven."/><SP WIDTH="30" VPOS="326" HPOS="605"/>
							<String ID="string_75" HPOS="635" VPOS="325" WIDTH="63" HEIGHT="21" WC="0.83" CONTENT="Äfven"/><SP WIDTH="15" VPOS="325" HPOS="698"/>
							<String ID="string_76" HPOS="713" VPOS="327" WIDTH="72" HEIGHT="20" WC="0.96" CONTENT="önskar"/><SP WIDTH="15" VPOS="327" HPOS="785"/>
							<String ID="string_77" HPOS="800" VPOS="327" WIDTH="32" HEIGHT="27" WC="0.96" CONTENT="jag"/>
						</TextLine>
						<TextLine ID="line_8" HPOS="93" VPOS="350" WIDTH="739" HEIGHT="26">
							<String ID="string_78" HPOS="93" VPOS="351" WIDTH="59" HEIGHT="19" WC="0.96" CONTENT="hafva"/><SP WIDTH="14" VPOS="351" HPOS="152"/>
							<String ID="string_79" HPOS="166" VPOS="350" WIDTH="59" HEIGHT="26" WC="0.96" CONTENT="tillagt"/><SP WIDTH="15" VPOS="350" HPOS="225"/>
							<String ID="string_80" HPOS="240" VPOS="353" WIDTH="28" HEIGHT="17" WC="0.93" CONTENT="att"/><SP WIDTH="14" VPOS="353" HPOS="268"/>
							<String ID="string_81" HPOS="282" VPOS="351" WIDTH="90" HEIGHT="20" WC="0.92" CONTENT="hvarken"/><SP WIDTH="14" VPOS="351" HPOS="372"/>
							<String ID="string_82" HPOS="386" VPOS="352" WIDTH="56" HEIGHT="20" WC="0.96" CONTENT="böter"/><SP WIDTH="14" VPOS="352" HPOS="442"/>
							<String ID="string_83" HPOS="456" VPOS="352" WIDTH="48" HEIGHT="20" WC="0.96" CONTENT="eller"/><SP WIDTH="17" VPOS="352" HPOS="504"/>
							<String ID="string_84" HPOS="521" VPOS="353" WIDTH="59" HEIGHT="20" WC="0.93" CONTENT="andra"/><SP WIDTH="18" VPOS="353" HPOS="580"/>
							<String ID="string_85" HPOS="598" VPOS="353" WIDTH="118" HEIGHT="20" WC="0.91" CONTENT="irritamenta"/><SP WIDTH="17" VPOS="353" HPOS="716"/>
							<String ID="string_86" HPOS="733" VPOS="354" WIDTH="48" HEIGHT="20" WC="0.93" CONTENT="böra"/><SP WIDTH="17" VPOS="354" HPOS="781"/>
							<String ID="string_87" HPOS="798" VPOS="360" WIDTH="34" HEIGHT="14" WC="0.92" CONTENT="an-"/>
						</TextLine>
						<TextLine ID="line_9" HPOS="93" VPOS="377" WIDTH="738" HEIGHT="29">
							<String ID="string_88" HPOS="93" VPOS="378" WIDTH="76" HEIGHT="19" WC="0.96" CONTENT="vändas"/><SP WIDTH="14" VPOS="378" HPOS="169"/>
							<String ID="string_89" HPOS="183" VPOS="378" WIDTH="30" HEIGHT="19" WC="0.95" CONTENT="för"/><SP WIDTH="14" VPOS="378" HPOS="213"/>
							<String ID="string_90" HPOS="227" VPOS="380" WIDTH="27" HEIGHT="17" WC="0.95" CONTENT="att"/><SP WIDTH="14" VPOS="380" HPOS="254"/>
							<String ID="string_91" HPOS="268" VPOS="377" WIDTH="62" HEIGHT="21" WC="0.96" CONTENT="förmå"/><SP WIDTH="15" VPOS="377" HPOS="330"/>
							<String ID="string_92" HPOS="345" VPOS="378" WIDTH="37" HEIGHT="20" WC="0.92" CONTENT="den"/><SP WIDTH="14" VPOS="378" HPOS="382"/>
							<String ID="string_93" HPOS="396" VPOS="379" WIDTH="57" HEIGHT="19" WC="0.92" CONTENT="fallne"/><SP WIDTH="10" VPOS="379" HPOS="453"/>
							<String ID="string_94" HPOS="463" VPOS="382" WIDTH="28" HEIGHT="16" WC="0.96" CONTENT="att"/><SP WIDTH="10" VPOS="382" HPOS="491"/>
							<String ID="string_95" HPOS="501" VPOS="380" WIDTH="71" HEIGHT="26" WC="0.96" CONTENT="begära"/><SP WIDTH="9" VPOS="380" HPOS="572"/>
							<String ID="string_96" HPOS="581" VPOS="380" WIDTH="62" HEIGHT="19" WC="0.93" CONTENT="denna"/><SP WIDTH="12" VPOS="380" HPOS="643"/>
							<String ID="string_97" HPOS="655" VPOS="380" WIDTH="118" HEIGHT="26" WC="0.91" CONTENT="absolution,"/><SP WIDTH="12" VPOS="380" HPOS="773"/>
							<String ID="string_98" HPOS="785" VPOS="383" WIDTH="46" HEIGHT="17" WC="0.96" CONTENT="utan"/>
						</TextLine>
						<TextLine ID="line_10" HPOS="92" VPOS="404" WIDTH="741" HEIGHT="27">
							<String ID="string_99" HPOS="92" VPOS="404" WIDTH="71" HEIGHT="20" WC="0.96" CONTENT="endast"/><SP WIDTH="14" VPOS="404" HPOS="163"/>
							<String ID="string_100" HPOS="177" VPOS="407" WIDTH="109" HEIGHT="17" WC="0.93" CONTENT="samvetets"/><SP WIDTH="15" VPOS="407" HPOS="286"/>
							<String ID="string_101" HPOS="301" VPOS="404" WIDTH="44" HEIGHT="20" WC="0.92" CONTENT="kraf"/><SP WIDTH="12" VPOS="404" HPOS="345"/>
							<String ID="string_102" HPOS="357" VPOS="406" WIDTH="37" HEIGHT="18" WC="0.96" CONTENT="och"/><SP WIDTH="14" VPOS="406" HPOS="394"/>
							<String ID="string_103" HPOS="408" VPOS="405" WIDTH="34" HEIGHT="20" WC="0.96" CONTENT="det"/><SP WIDTH="13" VPOS="405" HPOS="442"/>
							<String ID="string_104" HPOS="455" VPOS="406" WIDTH="112" HEIGHT="25" WC="0.96" CONTENT="gudomliga"/><SP WIDTH="17" VPOS="406" HPOS="567"/>
							<String ID="string_105" HPOS="584" VPOS="406" WIDTH="67" HEIGHT="20" WC="0.93" CONTENT="ordets"/><SP WIDTH="17" VPOS="406" HPOS="651"/>
							<String ID="string_106" HPOS="668" VPOS="407" WIDTH="89" HEIGHT="19" WC="0.91" CONTENT="kallande"/><SP WIDTH="18" VPOS="407" HPOS="757"/>
							<String ID="string_107" HPOS="775" VPOS="408" WIDTH="58" HEIGHT="19" WC="0.96" CONTENT="kraft."/>
						</TextLine>
						<TextLine ID="line_11" HPOS="94" VPOS="430" WIDTH="741" HEIGHT="28">
							<String ID="string_108" HPOS="94" VPOS="430" WIDTH="100" HEIGHT="26" WC="0.92" CONTENT="Derjemte"/><SP WIDTH="14" VPOS="430" HPOS="194"/>
							<String ID="string_109" HPOS="208" VPOS="431" WIDTH="64" HEIGHT="20" WC="0.95" CONTENT="skulle"/><SP WIDTH="15" VPOS="431" HPOS="272"/>
							<String ID="string_110" HPOS="287" VPOS="432" WIDTH="58" HEIGHT="19" WC="0.96" CONTENT="äfven"/><SP WIDTH="15" VPOS="432" HPOS="345"/>
							<String ID="string_111" HPOS="360" VPOS="431" WIDTH="24" HEIGHT="20" WC="0.96" CONTENT="de"/><SP WIDTH="15" VPOS="431" HPOS="384"/>
							<String ID="string_112" HPOS="399" VPOS="432" WIDTH="68" HEIGHT="26" WC="0.93" CONTENT="nödiga"/><SP WIDTH="14" VPOS="432" HPOS="467"/>
							<String ID="string_113" HPOS="481" VPOS="432" WIDTH="130" HEIGHT="26" WC="0.92" CONTENT="ändringarne"/><SP WIDTH="14" VPOS="432" HPOS="611"/>
							<String ID="string_114" HPOS="625" VPOS="433" WIDTH="4" HEIGHT="18" WC="0.96" CONTENT="i"/><SP WIDTH="16" VPOS="433" HPOS="629"/>
							<String ID="string_115" HPOS="645" VPOS="433" WIDTH="111" HEIGHT="20" WC="0.93" CONTENT="Utskottets"/><SP WIDTH="10" VPOS="433" HPOS="756"/>
							<String ID="string_116" HPOS="766" VPOS="433" WIDTH="69" HEIGHT="20" WC="0.90" CONTENT="redak-"/>
						</TextLine>
						<TextLine ID="line_12" HPOS="92" VPOS="458" WIDTH="714" HEIGHT="26">
							<String ID="string_117" HPOS="92" VPOS="458" WIDTH="40" HEIGHT="19" WC="0.95" CONTENT="tion"/><SP WIDTH="17" VPOS="458" HPOS="132"/>
							<String ID="string_118" HPOS="149" VPOS="458" WIDTH="4" HEIGHT="18" WC="0.95" CONTENT="i"/><SP WIDTH="16" VPOS="458" HPOS="153"/>
							<String ID="string_119" HPOS="169" VPOS="458" WIDTH="59" HEIGHT="25" WC="0.95" CONTENT="öfrigt"/><SP WIDTH="13" VPOS="458" HPOS="228"/>
							<String ID="string_120" HPOS="241" VPOS="458" WIDTH="5" HEIGHT="19" WC="0.96" CONTENT="i"/><SP WIDTH="15" VPOS="458" HPOS="246"/>
							<String ID="string_121" HPOS="261" VPOS="458" WIDTH="85" HEIGHT="25" WC="0.96" CONTENT="enlighet"/><SP WIDTH="14" VPOS="458" HPOS="346"/>
							<String ID="string_122" HPOS="360" VPOS="458" WIDTH="46" HEIGHT="20" WC="0.96" CONTENT="med"/><SP WIDTH="13" VPOS="458" HPOS="406"/>
							<String ID="string_123" HPOS="419" VPOS="459" WIDTH="60" HEIGHT="19" WC="0.96" CONTENT="dessa"/><SP WIDTH="16" VPOS="459" HPOS="479"/>
							<String ID="string_124" HPOS="495" VPOS="460" WIDTH="130" HEIGHT="24" WC="0.96" CONTENT="grundsatser"/><SP WIDTH="17" VPOS="460" HPOS="625"/>
							<String ID="string_125" HPOS="642" VPOS="465" WIDTH="47" HEIGHT="15" WC="0.93" CONTENT="vara"/><SP WIDTH="17" VPOS="465" HPOS="689"/>
							<String ID="string_126" HPOS="706" VPOS="459" WIDTH="100" HEIGHT="25" WC="0.89" CONTENT="sjelffalna."/>
						</TextLine>
					</TextBlock>
				</ComposedBlock>
				<ComposedBlock ID="cblock_3" HPOS="226" VPOS="633" WIDTH="608" HEIGHT="168">
					<TextBlock ID="block_3" HPOS="226" VPOS="633" WIDTH="608" HEIGHT="168">
						<TextLine ID="line_13" HPOS="297" VPOS="633" WIDTH="537" HEIGHT="26">
							<String ID="string_127" HPOS="297" VPOS="633" WIDTH="159" HEIGHT="26" WC="0.91" CONTENT="Lagutskottets"/><SP WIDTH="14" VPOS="633" HPOS="456"/>
							<String ID="string_128" HPOS="470" VPOS="634" WIDTH="130" HEIGHT="21" WC="0.96" CONTENT="betänkande"/><SP WIDTH="11" VPOS="634" HPOS="600"/>
							<String ID="string_129" HPOS="611" VPOS="633" WIDTH="38" HEIGHT="21" WC="0.95" CONTENT="N:o"/><SP WIDTH="14" VPOS="633" HPOS="649"/>
							<String ID="string_130" HPOS="663" VPOS="634" WIDTH="32" HEIGHT="25" WC="0.92" CONTENT="31,"/><SP WIDTH="12" VPOS="634" HPOS="695"/>
							<String ID="string_131" HPOS="707" VPOS="635" WIDTH="127" HEIGHT="21" WC="0.95" CONTENT="innefattande"/>
						</TextLine>
						<TextLine ID="line_14" HPOS="229" VPOS="661" WIDTH="604" HEIGHT="27">
							<String ID="string_132" HPOS="229" VPOS="661" WIDTH="70" HEIGHT="26" WC="0.95" CONTENT="förslag"/><SP WIDTH="15" VPOS="661" HPOS="299"/>
							<String ID="string_133" HPOS="314" VPOS="662" WIDTH="28" HEIGHT="19" WC="0.93" CONTENT="till"/><SP WIDTH="13" VPOS="662" HPOS="342"/>
							<String ID="string_134" HPOS="355" VPOS="662" WIDTH="178" HEIGHT="25" WC="0.90" CONTENT="sammanjemkning"/><SP WIDTH="15" VPOS="662" HPOS="533"/>
							<String ID="string_135" HPOS="548" VPOS="663" WIDTH="24" HEIGHT="23" WC="0.93" CONTENT="af"/><SP WIDTH="12" VPOS="663" HPOS="572"/>
							<String ID="string_136" HPOS="584" VPOS="661" WIDTH="93" HEIGHT="21" WC="0.90" CONTENT="Ståndens"/><SP WIDTH="10" VPOS="661" HPOS="677"/>
							<String ID="string_137" HPOS="687" VPOS="662" WIDTH="108" HEIGHT="26" WC="0.93" CONTENT="skiljaktiga"/><SP WIDTH="10" VPOS="662" HPOS="795"/>
							<String ID="string_138" HPOS="805" VPOS="663" WIDTH="28" HEIGHT="19" WC="0.92" CONTENT="be-"/>
						</TextLine>
						<TextLine ID="line_15" HPOS="229" VPOS="689" WIDTH="605" HEIGHT="27">
							<String ID="string_139" HPOS="229" VPOS="690" WIDTH="37" HEIGHT="19" WC="0.95" CONTENT="slut"/><SP WIDTH="14" VPOS="690" HPOS="266"/>
							<String ID="string_140" HPOS="280" VPOS="691" WIDTH="6" HEIGHT="17" WC="0.95" CONTENT="i"/><SP WIDTH="14" VPOS="691" HPOS="286"/>
							<String ID="string_141" HPOS="300" VPOS="690" WIDTH="98" HEIGHT="25" WC="0.95" CONTENT="anledning"/><SP WIDTH="16" VPOS="690" HPOS="398"/>
							<String ID="string_142" HPOS="414" VPOS="691" WIDTH="23" HEIGHT="24" WC="0.96" CONTENT="af"/><SP WIDTH="11" VPOS="691" HPOS="437"/>
							<String ID="string_143" HPOS="448" VPOS="689" WIDTH="55" HEIGHT="20" WC="0.96" CONTENT="Hans"/><SP WIDTH="15" VPOS="689" HPOS="503"/>
							<String ID="string_144" HPOS="518" VPOS="690" WIDTH="105" HEIGHT="26" WC="0.95" CONTENT="Kejserliga"/><SP WIDTH="23" VPOS="690" HPOS="623"/>
							<String ID="string_145" HPOS="646" VPOS="690" WIDTH="99" HEIGHT="26" WC="0.85" CONTENT="Majestäts"/><SP WIDTH="18" VPOS="690" HPOS="745"/>
							<String ID="string_146" HPOS="763" VPOS="690" WIDTH="71" HEIGHT="26" WC="0.96" CONTENT="nådiga"/>
						</TextLine>
						<TextLine ID="line_16" HPOS="226" VPOS="718" WIDTH="607" HEIGHT="27">
							<String ID="string_147" HPOS="226" VPOS="719" WIDTH="123" HEIGHT="24" WC="0.87" CONTENT="proposition,"/><SP WIDTH="15" VPOS="719" HPOS="349"/>
							<String ID="string_148" HPOS="364" VPOS="718" WIDTH="96" HEIGHT="25" WC="0.96" CONTENT="angående"/><SP WIDTH="15" VPOS="718" HPOS="460"/>
							<String ID="string_149" HPOS="475" VPOS="719" WIDTH="80" HEIGHT="25" WC="0.96" CONTENT="ändring"/><SP WIDTH="15" VPOS="719" HPOS="555"/>
							<String ID="string_150" HPOS="570" VPOS="719" WIDTH="23" HEIGHT="25" WC="0.96" CONTENT="af"/><SP WIDTH="12" VPOS="719" HPOS="593"/>
							<String ID="string_151" HPOS="605" VPOS="725" WIDTH="25" HEIGHT="13" WC="0.96" CONTENT="nu"/><SP WIDTH="12" VPOS="725" HPOS="630"/>
							<String ID="string_152" HPOS="642" VPOS="719" WIDTH="88" HEIGHT="24" WC="0.93" CONTENT="gällande"/><SP WIDTH="14" VPOS="719" HPOS="730"/>
							<String ID="string_153" HPOS="744" VPOS="719" WIDTH="89" HEIGHT="26" WC="0.92" CONTENT="stadgan-"/>
						</TextLine>
						<TextLine ID="line_17" HPOS="229" VPOS="746" WIDTH="605" HEIGHT="27">
							<String ID="string_154" HPOS="229" VPOS="746" WIDTH="35" HEIGHT="19" WC="0.96" CONTENT="den"/><SP WIDTH="15" VPOS="746" HPOS="264"/>
							<String ID="string_155" HPOS="279" VPOS="753" WIDTH="29" HEIGHT="12" WC="0.92" CONTENT="om"/><SP WIDTH="16" VPOS="753" HPOS="308"/>
							<String ID="string_156" HPOS="324" VPOS="746" WIDTH="104" HEIGHT="27" WC="0.92" CONTENT="kyrkoplikt"/><SP WIDTH="15" VPOS="746" HPOS="428"/>
							<String ID="string_157" HPOS="443" VPOS="747" WIDTH="33" HEIGHT="19" WC="0.92" CONTENT="och"/><SP WIDTH="14" VPOS="747" HPOS="476"/>
							<String ID="string_158" HPOS="490" VPOS="747" WIDTH="132" HEIGHT="26" WC="0.91" CONTENT="upphäfvande"/><SP WIDTH="19" VPOS="747" HPOS="622"/>
							<String ID="string_159" HPOS="641" VPOS="748" WIDTH="24" HEIGHT="25" WC="0.96" CONTENT="af"/><SP WIDTH="16" VPOS="748" HPOS="665"/>
							<String ID="string_160" HPOS="681" VPOS="747" WIDTH="35" HEIGHT="19" WC="0.95" CONTENT="den"/><SP WIDTH="14" VPOS="747" HPOS="716"/>
							<String ID="string_161" HPOS="730" VPOS="748" WIDTH="36" HEIGHT="25" WC="0.96" CONTENT="för"/><SP WIDTH="16" VPOS="748" HPOS="766"/>
							<String ID="string_162" HPOS="782" VPOS="749" WIDTH="52" HEIGHT="18" WC="0.95" CONTENT="vissa"/>
						</TextLine>
						<TextLine ID="line_18" HPOS="229" VPOS="773" WIDTH="348" HEIGHT="28">
							<String ID="string_163" HPOS="229" VPOS="775" WIDTH="48" HEIGHT="19" WC="0.95" CONTENT="brott"/><SP WIDTH="12" VPOS="775" HPOS="277"/>
							<String ID="string_164" HPOS="289" VPOS="773" WIDTH="97" HEIGHT="27" WC="0.92" CONTENT="påbjudna"/><SP WIDTH="16" VPOS="773" HPOS="386"/>
							<String ID="string_165" HPOS="402" VPOS="775" WIDTH="54" HEIGHT="25" WC="0.90" CONTENT="afgift"/><SP WIDTH="14" VPOS="775" HPOS="456"/>
							<String ID="string_166" HPOS="470" VPOS="775" WIDTH="26" HEIGHT="19" WC="0.94" CONTENT="till"/><SP WIDTH="15" VPOS="775" HPOS="496"/>
							<String ID="string_167" HPOS="511" VPOS="775" WIDTH="66" HEIGHT="26" WC="0.95" CONTENT="kyrka."/>
						</TextLine>
					</TextBlock>
				</ComposedBlock>
				<ComposedBlock ID="cblock_4" HPOS="76" VPOS="828" WIDTH="760" HEIGHT="578">
					<TextBlock ID="block_4" HPOS="93" VPOS="828" WIDTH="742" HEIGHT="133">
						<TextLine ID="line_19" HPOS="147" VPOS="828" WIDTH="687" HEIGHT="27">
							<String ID="string_168" HPOS="147" VPOS="828" WIDTH="37" HEIGHT="21" WC="0.96" CONTENT="Vid"/><SP WIDTH="14" VPOS="828" HPOS="184"/>
							<String ID="string_169" HPOS="198" VPOS="829" WIDTH="135" HEIGHT="26" WC="0.96" CONTENT="föredragning"/><SP WIDTH="14" VPOS="829" HPOS="333"/>
							<String ID="string_170" HPOS="347" VPOS="829" WIDTH="20" HEIGHT="19" WC="0.93" CONTENT="af"/><SP WIDTH="16" VPOS="829" HPOS="367"/>
							<String ID="string_171" HPOS="383" VPOS="829" WIDTH="147" HEIGHT="26" WC="0.91" CONTENT="Lagutskottets"/><SP WIDTH="17" VPOS="829" HPOS="530"/>
							<String ID="string_172" HPOS="547" VPOS="829" WIDTH="37" HEIGHT="20" WC="0.96" CONTENT="den"/><SP WIDTH="19" VPOS="829" HPOS="584"/>
							<String ID="string_173" HPOS="603" VPOS="830" WIDTH="24" HEIGHT="19" WC="0.93" CONTENT="30"/><SP WIDTH="17" VPOS="830" HPOS="627"/>
							<String ID="string_174" HPOS="644" VPOS="829" WIDTH="95" HEIGHT="20" WC="0.91" CONTENT="nästlidne"/><SP WIDTH="16" VPOS="829" HPOS="739"/>
							<String ID="string_175" HPOS="755" VPOS="829" WIDTH="79" HEIGHT="20" WC="0.96" CONTENT="Januari"/>
						</TextLine>
						<TextLine ID="line_20" HPOS="93" VPOS="855" WIDTH="740" HEIGHT="26">
							<String ID="string_176" HPOS="93" VPOS="856" WIDTH="51" HEIGHT="25" WC="0.91" CONTENT="gifna"/><SP WIDTH="15" VPOS="856" HPOS="144"/>
							<String ID="string_177" HPOS="159" VPOS="855" WIDTH="123" HEIGHT="20" WC="0.96" CONTENT="betänkande"/><SP WIDTH="14" VPOS="855" HPOS="282"/>
							<String ID="string_178" HPOS="296" VPOS="856" WIDTH="4" HEIGHT="19" WC="0.96" CONTENT="i"/><SP WIDTH="15" VPOS="856" HPOS="300"/>
							<String ID="string_179" HPOS="315" VPOS="855" WIDTH="102" HEIGHT="26" WC="0.96" CONTENT="anledning"/><SP WIDTH="21" VPOS="855" HPOS="417"/>
							<String ID="string_180" HPOS="438" VPOS="856" WIDTH="21" HEIGHT="19" WC="0.93" CONTENT="af"/><SP WIDTH="19" VPOS="856" HPOS="459"/>
							<String ID="string_181" HPOS="478" VPOS="856" WIDTH="125" HEIGHT="19" WC="0.90" CONTENT="förenämnda"/><SP WIDTH="22" VPOS="856" HPOS="603"/>
							<String ID="string_182" HPOS="625" VPOS="855" WIDTH="67" HEIGHT="26" WC="0.96" CONTENT="nådiga"/><SP WIDTH="21" VPOS="855" HPOS="692"/>
							<String ID="string_183" HPOS="713" VPOS="856" WIDTH="120" HEIGHT="25" WC="0.96" CONTENT="proposition"/>
						</TextLine>
						<TextLine ID="line_21" HPOS="93" VPOS="881" WIDTH="741" HEIGHT="27">
							<String ID="string_184" HPOS="93" VPOS="883" WIDTH="36" HEIGHT="19" WC="0.96" CONTENT="har"/><SP WIDTH="17" VPOS="883" HPOS="129"/>
							<String ID="string_185" HPOS="146" VPOS="882" WIDTH="60" HEIGHT="20" WC="0.90" CONTENT="sådan"/><SP WIDTH="18" VPOS="882" HPOS="206"/>
							<String ID="string_186" HPOS="224" VPOS="881" WIDTH="130" HEIGHT="27" WC="0.90" CONTENT="skiljaktighet"/><SP WIDTH="17" VPOS="881" HPOS="354"/>
							<String ID="string_187" HPOS="371" VPOS="884" WIDTH="31" HEIGHT="23" WC="0.96" CONTENT="egt"/><SP WIDTH="18" VPOS="884" HPOS="402"/>
							<String ID="string_188" HPOS="420" VPOS="887" WIDTH="45" HEIGHT="14" WC="0.96" CONTENT="rum"/><SP WIDTH="17" VPOS="887" HPOS="465"/>
							<String ID="string_189" HPOS="482" VPOS="882" WIDTH="82" HEIGHT="20" WC="0.96" CONTENT="emellan"/><SP WIDTH="17" VPOS="882" HPOS="564"/>
							<String ID="string_190" HPOS="581" VPOS="882" WIDTH="24" HEIGHT="20" WC="0.96" CONTENT="de"/><SP WIDTH="18" VPOS="882" HPOS="605"/>
							<String ID="string_191" HPOS="623" VPOS="883" WIDTH="94" HEIGHT="19" WC="0.93" CONTENT="särskilda"/><SP WIDTH="20" VPOS="883" HPOS="717"/>
							<String ID="string_192" HPOS="737" VPOS="882" WIDTH="97" HEIGHT="20" WC="0.92" CONTENT="Ståndens"/>
						</TextLine>
						<TextLine ID="line_22" HPOS="93" VPOS="907" WIDTH="742" HEIGHT="27">
							<String ID="string_193" HPOS="93" VPOS="909" WIDTH="66" HEIGHT="20" WC="0.96" CONTENT="beslut"/><SP WIDTH="13" VPOS="909" HPOS="159"/>
							<String ID="string_194" HPOS="172" VPOS="909" WIDTH="5" HEIGHT="18" WC="0.96" CONTENT="i"/><SP WIDTH="15" VPOS="909" HPOS="177"/>
							<String ID="string_195" HPOS="192" VPOS="907" WIDTH="52" HEIGHT="27" WC="0.95" CONTENT="fråga"/><SP WIDTH="15" VPOS="907" HPOS="244"/>
							<String ID="string_196" HPOS="259" VPOS="914" WIDTH="32" HEIGHT="13" WC="0.96" CONTENT="om"/><SP WIDTH="15" VPOS="914" HPOS="291"/>
							<String ID="string_197" HPOS="306" VPOS="910" WIDTH="12" HEIGHT="18" WC="0.93" CONTENT="4"/><SP WIDTH="14" VPOS="910" HPOS="318"/>
							<String ID="string_198" HPOS="332" VPOS="909" WIDTH="10" HEIGHT="24" WC="0.90" CONTENT="$"/><SP WIDTH="14" VPOS="909" HPOS="342"/>
							<String ID="string_199" HPOS="356" VPOS="908" WIDTH="5" HEIGHT="19" WC="0.96" CONTENT="i"/><SP WIDTH="15" VPOS="908" HPOS="361"/>
							<String ID="string_200" HPOS="376" VPOS="909" WIDTH="38" HEIGHT="19" WC="0.96" CONTENT="den"/><SP WIDTH="15" VPOS="909" HPOS="414"/>
							<String ID="string_201" HPOS="429" VPOS="909" WIDTH="69" HEIGHT="25" WC="0.96" CONTENT="nådiga"/><SP WIDTH="15" VPOS="909" HPOS="498"/>
							<String ID="string_202" HPOS="513" VPOS="909" WIDTH="145" HEIGHT="25" WC="0.96" CONTENT="propositionen"/><SP WIDTH="15" VPOS="909" HPOS="658"/>
							<String ID="string_203" HPOS="673" VPOS="911" WIDTH="52" HEIGHT="17" WC="0.96" CONTENT="samt"/><SP WIDTH="13" VPOS="911" HPOS="725"/>
							<String ID="string_204" HPOS="738" VPOS="909" WIDTH="38" HEIGHT="19" WC="0.93" CONTENT="den"/><SP WIDTH="14" VPOS="909" HPOS="776"/>
							<String ID="string_205" HPOS="790" VPOS="909" WIDTH="45" HEIGHT="19" WC="0.78" CONTENT="der-"/>
						</TextLine>
						<TextLine ID="line_23" HPOS="93" VPOS="935" WIDTH="741" HEIGHT="26">
							<String ID="string_206" HPOS="93" VPOS="937" WIDTH="53" HEIGHT="17" WC="0.96" CONTENT="emot"/><SP WIDTH="15" VPOS="937" HPOS="146"/>
							<String ID="string_207" HPOS="161" VPOS="936" WIDTH="98" HEIGHT="19" WC="0.95" CONTENT="svarande"/><SP WIDTH="15" VPOS="936" HPOS="259"/>
							<String ID="string_208" HPOS="274" VPOS="935" WIDTH="36" HEIGHT="19" WC="0.95" CONTENT="och"/><SP WIDTH="15" VPOS="935" HPOS="310"/>
							<String ID="string_209" HPOS="325" VPOS="935" WIDTH="38" HEIGHT="18" WC="0.95" CONTENT="lika"/><SP WIDTH="15" VPOS="935" HPOS="363"/>
							<String ID="string_210" HPOS="378" VPOS="935" WIDTH="84" HEIGHT="26" WC="0.93" CONTENT="lydande"/><SP WIDTH="14" VPOS="935" HPOS="462"/>
							<String ID="string_211" HPOS="476" VPOS="936" WIDTH="10" HEIGHT="18" WC="0.93" CONTENT="3"/><SP WIDTH="16" VPOS="936" HPOS="486"/>
							<String ID="string_212" HPOS="502" VPOS="935" WIDTH="11" HEIGHT="24" WC="0.89" CONTENT="$"/><SP WIDTH="13" VPOS="935" HPOS="513"/>
							<String ID="string_213" HPOS="526" VPOS="935" WIDTH="5" HEIGHT="19" WC="0.96" CONTENT="i"/><SP WIDTH="11" VPOS="935" HPOS="531"/>
							<String ID="string_214" HPOS="542" VPOS="935" WIDTH="111" HEIGHT="19" WC="0.92" CONTENT="Utskottets"/><SP WIDTH="10" VPOS="935" HPOS="653"/>
							<String ID="string_215" HPOS="663" VPOS="935" WIDTH="127" HEIGHT="20" WC="0.92" CONTENT="omförmälda"/><SP WIDTH="10" VPOS="935" HPOS="790"/>
							<String ID="string_216" HPOS="800" VPOS="935" WIDTH="34" HEIGHT="20" WC="0.92" CONTENT="be-"/>
						</TextLine>
					</TextBlock>
					<TextBlock ID="block_5" HPOS="76" VPOS="961" WIDTH="759" HEIGHT="156">
						<TextLine ID="line_24" HPOS="76" VPOS="961" WIDTH="758" HEIGHT="25">
							<String ID="string_217" HPOS="76" VPOS="964" WIDTH="3" HEIGHT="3" WC="0.92" CONTENT="*"/><SP WIDTH="14" VPOS="964" HPOS="79"/>
							<String ID="string_218" HPOS="93" VPOS="961" WIDTH="105" HEIGHT="24" WC="0.96" CONTENT="tänkande,"/><SP WIDTH="17" VPOS="961" HPOS="198"/>
							<String ID="string_219" HPOS="215" VPOS="964" WIDTH="28" HEIGHT="17" WC="0.93" CONTENT="att"/><SP WIDTH="13" VPOS="964" HPOS="243"/>
							<String ID="string_220" HPOS="256" VPOS="961" WIDTH="232" HEIGHT="25" WC="0.90" CONTENT="Expeditionsutskottet."/><SP WIDTH="16" VPOS="961" HPOS="488"/>
							<String ID="string_221" HPOS="504" VPOS="967" WIDTH="43" HEIGHT="13" WC="0.96" CONTENT="som"/><SP WIDTH="15" VPOS="967" HPOS="547"/>
							<String ID="string_222" HPOS="562" VPOS="961" WIDTH="71" HEIGHT="19" WC="0.89" CONTENT="saknat"/><SP WIDTH="13" VPOS="961" HPOS="633"/>
							<String ID="string_223" HPOS="646" VPOS="961" WIDTH="37" HEIGHT="20" WC="0.96" CONTENT="den"/><SP WIDTH="14" VPOS="961" HPOS="683"/>
							<String ID="string_224" HPOS="697" VPOS="962" WIDTH="30" HEIGHT="18" WC="0.96" CONTENT="för"/><SP WIDTH="14" VPOS="962" HPOS="727"/>
							<String ID="string_225" HPOS="741" VPOS="964" WIDTH="28" HEIGHT="17" WC="0.93" CONTENT="ett"/><SP WIDTH="9" VPOS="964" HPOS="769"/>
							<String ID="string_226" HPOS="778" VPOS="962" WIDTH="56" HEIGHT="19" WC="0.93" CONTENT="Stän-"/>
						</TextLine>
						<TextLine ID="line_25" HPOS="93" VPOS="987" WIDTH="740" HEIGHT="26">
							<String ID="string_227" HPOS="93" VPOS="987" WIDTH="71" HEIGHT="20" WC="0.92" CONTENT="dernas"/><SP WIDTH="14" VPOS="987" HPOS="164"/>
							<String ID="string_228" HPOS="178" VPOS="988" WIDTH="66" HEIGHT="19" WC="0.93" CONTENT="beslut"/><SP WIDTH="14" VPOS="988" HPOS="244"/>
							<String ID="string_229" HPOS="258" VPOS="987" WIDTH="126" HEIGHT="25" WC="0.92" CONTENT="erforderliga"/><SP WIDTH="14" VPOS="987" HPOS="384"/>
							<String ID="string_230" HPOS="398" VPOS="988" WIDTH="99" HEIGHT="24" WC="0.90" CONTENT="pluralitet"/><SP WIDTH="15" VPOS="988" HPOS="497"/>
							<String ID="string_231" HPOS="512" VPOS="989" WIDTH="4" HEIGHT="17" WC="0.90" CONTENT="i"/><SP WIDTH="11" VPOS="989" HPOS="516"/>
							<String ID="string_232" HPOS="527" VPOS="987" WIDTH="53" HEIGHT="26" WC="0.90" CONTENT="fräga"/><SP WIDTH="10" VPOS="987" HPOS="580"/>
							<String ID="string_233" HPOS="590" VPOS="993" WIDTH="33" HEIGHT="14" WC="0.96" CONTENT="om"/><SP WIDTH="9" VPOS="993" HPOS="623"/>
							<String ID="string_234" HPOS="632" VPOS="988" WIDTH="37" HEIGHT="19" WC="0.96" CONTENT="den"/><SP WIDTH="11" VPOS="988" HPOS="669"/>
							<String ID="string_235" HPOS="680" VPOS="987" WIDTH="29" HEIGHT="20" WC="0.96" CONTENT="för"/><SP WIDTH="9" VPOS="987" HPOS="709"/>
							<String ID="string_236" HPOS="718" VPOS="988" WIDTH="54" HEIGHT="19" WC="0.97" CONTENT="vissa"/><SP WIDTH="10" VPOS="988" HPOS="772"/>
							<String ID="string_237" HPOS="782" VPOS="988" WIDTH="51" HEIGHT="19" WC="0.96" CONTENT="brott"/>
						</TextLine>
						<TextLine ID="line_26" HPOS="93" VPOS="1013" WIDTH="742" HEIGHT="26">
							<String ID="string_238" HPOS="93" VPOS="1013" WIDTH="99" HEIGHT="26" WC="0.93" CONTENT="påbjudna"/><SP WIDTH="14" VPOS="1013" HPOS="192"/>
							<String ID="string_239" HPOS="206" VPOS="1014" WIDTH="53" HEIGHT="25" WC="0.91" CONTENT="afgift"/><SP WIDTH="14" VPOS="1014" HPOS="259"/>
							<String ID="string_240" HPOS="273" VPOS="1015" WIDTH="26" HEIGHT="18" WC="0.90" CONTENT="till"/><SP WIDTH="15" VPOS="1015" HPOS="299"/>
							<String ID="string_241" HPOS="314" VPOS="1014" WIDTH="70" HEIGHT="25" WC="0.96" CONTENT="kyrka,"/><SP WIDTH="20" VPOS="1014" HPOS="384"/>
							<String ID="string_242" HPOS="404" VPOS="1014" WIDTH="4" HEIGHT="18" WC="0.92" CONTENT="i"/><SP WIDTH="18" VPOS="1014" HPOS="408"/>
							<String ID="string_243" HPOS="426" VPOS="1014" WIDTH="102" HEIGHT="25" WC="0.95" CONTENT="anledning"/><SP WIDTH="16" VPOS="1014" HPOS="528"/>
							<String ID="string_244" HPOS="544" VPOS="1014" WIDTH="57" HEIGHT="19" WC="0.96" CONTENT="deraf"/><SP WIDTH="16" VPOS="1014" HPOS="601"/>
							<String ID="string_245" HPOS="617" VPOS="1013" WIDTH="19" HEIGHT="20" WC="0.93" CONTENT="ät"/><SP WIDTH="17" VPOS="1013" HPOS="636"/>
							<String ID="string_246" HPOS="653" VPOS="1014" WIDTH="137" HEIGHT="25" WC="0.90" CONTENT="Lagutskottet"/><SP WIDTH="17" VPOS="1014" HPOS="790"/>
							<String ID="string_247" HPOS="807" VPOS="1014" WIDTH="28" HEIGHT="19" WC="0.81" CONTENT="&amp;f-"/>
						</TextLine>
						<TextLine ID="line_27" HPOS="94" VPOS="1040" WIDTH="741" HEIGHT="25">
							<String ID="string_248" HPOS="94" VPOS="1041" WIDTH="108" HEIGHT="19" WC="0.91" CONTENT="verlemnat"/><SP WIDTH="14" VPOS="1041" HPOS="202"/>
							<String ID="string_249" HPOS="216" VPOS="1040" WIDTH="212" HEIGHT="25" WC="0.0" CONTENT="remisshanulingarne"/><SP WIDTH="14" VPOS="1040" HPOS="428"/>
							<String ID="string_250" HPOS="442" VPOS="1040" WIDTH="6" HEIGHT="19" WC="0.93" CONTENT="i"/><SP WIDTH="14" VPOS="1040" HPOS="448"/>
							<String ID="string_251" HPOS="462" VPOS="1042" WIDTH="66" HEIGHT="18" WC="0.96" CONTENT="ämnet"/><SP WIDTH="14" VPOS="1042" HPOS="528"/>
							<String ID="string_252" HPOS="542" VPOS="1040" WIDTH="28" HEIGHT="19" WC="0.93" CONTENT="för"/><SP WIDTH="14" VPOS="1040" HPOS="570"/>
							<String ID="string_253" HPOS="584" VPOS="1040" WIDTH="126" HEIGHT="25" WC="0.91" CONTENT="uppgörande"/><SP WIDTH="17" VPOS="1040" HPOS="710"/>
							<String ID="string_254" HPOS="727" VPOS="1041" WIDTH="21" HEIGHT="18" WC="0.96" CONTENT="af"/><SP WIDTH="15" VPOS="1041" HPOS="748"/>
							<String ID="string_255" HPOS="763" VPOS="1041" WIDTH="72" HEIGHT="24" WC="0.96" CONTENT="förslag"/>
						</TextLine>
						<TextLine ID="line_28" HPOS="95" VPOS="1065" WIDTH="740" HEIGHT="26">
							<String ID="string_256" HPOS="95" VPOS="1067" WIDTH="25" HEIGHT="19" WC="0.80" CONTENT="till"/><SP WIDTH="22" VPOS="1067" HPOS="120"/>
							<String ID="string_257" HPOS="142" VPOS="1066" WIDTH="189" HEIGHT="25" WC="0.82" CONTENT="sammanjemkning"/><SP WIDTH="17" VPOS="1066" HPOS="331"/>
							<String ID="string_258" HPOS="348" VPOS="1066" WIDTH="21" HEIGHT="20" WC="0.93" CONTENT="af"/><SP WIDTH="15" VPOS="1066" HPOS="369"/>
							<String ID="string_259" HPOS="384" VPOS="1065" WIDTH="97" HEIGHT="21" WC="0.92" CONTENT="Ständens"/><SP WIDTH="20" VPOS="1065" HPOS="481"/>
							<String ID="string_260" HPOS="501" VPOS="1067" WIDTH="66" HEIGHT="20" WC="0.93" CONTENT="beslut"/><SP WIDTH="19" VPOS="1067" HPOS="567"/>
							<String ID="string_261" HPOS="586" VPOS="1066" WIDTH="100" HEIGHT="25" WC="0.93" CONTENT="angående"/><SP WIDTH="20" VPOS="1066" HPOS="686"/>
							<String ID="string_262" HPOS="706" VPOS="1067" WIDTH="129" HEIGHT="19" WC="0.75" CONTENT="omförmälda"/>
						</TextLine>
						<TextLine ID="line_29" HPOS="95" VPOS="1093" WIDTH="62" HEIGHT="24">
							<String ID="string_263" HPOS="95" VPOS="1093" WIDTH="62" HEIGHT="24" WC="0.88" CONTENT="afgift."/>
						</TextLine>
					</TextBlock>
					<TextBlock ID="block_6" HPOS="95" VPOS="1118" WIDTH="741" HEIGHT="288">
						<TextLine ID="line_30" HPOS="148" VPOS="1118" WIDTH="688" HEIGHT="26">
							<String ID="string_264" HPOS="148" VPOS="1119" WIDTH="117" HEIGHT="20" WC="0.95" CONTENT="Sedermera"/><SP WIDTH="15" VPOS="1119" HPOS="265"/>
							<String ID="string_265" HPOS="280" VPOS="1120" WIDTH="35" HEIGHT="18" WC="0.93" CONTENT="har"/><SP WIDTH="14" VPOS="1120" HPOS="315"/>
							<String ID="string_266" HPOS="329" VPOS="1119" WIDTH="59" HEIGHT="19" WC="0.96" CONTENT="äfven"/><SP WIDTH="10" VPOS="1119" HPOS="388"/>
							<String ID="string_267" HPOS="398" VPOS="1119" WIDTH="37" HEIGHT="19" WC="0.92" CONTENT="den"/><SP WIDTH="7" VPOS="1119" HPOS="435"/>
							<String ID="string_268" HPOS="442" VPOS="1125" WIDTH="70" HEIGHT="19" WC="0.96" CONTENT="genom"/><SP WIDTH="10" VPOS="1125" HPOS="512"/>
							<String ID="string_269" HPOS="522" VPOS="1122" WIDTH="29" HEIGHT="16" WC="0.93" CONTENT="tre"/><SP WIDTH="10" VPOS="1122" HPOS="551"/>
							<String ID="string_270" HPOS="561" VPOS="1118" WIDTH="71" HEIGHT="20" WC="0.91" CONTENT="Ständs"/><SP WIDTH="9" VPOS="1118" HPOS="632"/>
							<String ID="string_271" HPOS="641" VPOS="1119" WIDTH="150" HEIGHT="24" WC="0.93" CONTENT="samstämmiga"/><SP WIDTH="9" VPOS="1119" HPOS="791"/>
							<String ID="string_272" HPOS="800" VPOS="1119" WIDTH="36" HEIGHT="20" WC="0.91" CONTENT="be-"/>
						</TextLine>
						<TextLine ID="line_31" HPOS="95" VPOS="1145" WIDTH="740" HEIGHT="26">
							<String ID="string_273" HPOS="95" VPOS="1146" WIDTH="39" HEIGHT="19" WC="0.93" CONTENT="slut"/><SP WIDTH="14" VPOS="1146" HPOS="134"/>
							<String ID="string_274" HPOS="148" VPOS="1145" WIDTH="100" HEIGHT="26" WC="0.96" CONTENT="angående"/><SP WIDTH="14" VPOS="1145" HPOS="248"/>
							<String ID="string_275" HPOS="262" VPOS="1146" WIDTH="11" HEIGHT="19" WC="0.96" CONTENT="2"/><SP WIDTH="15" VPOS="1146" HPOS="273"/>
							<String ID="string_276" HPOS="288" VPOS="1146" WIDTH="39" HEIGHT="19" WC="0.95" CONTENT="och"/><SP WIDTH="14" VPOS="1146" HPOS="327"/>
							<String ID="string_277" HPOS="341" VPOS="1146" WIDTH="11" HEIGHT="19" WC="0.96" CONTENT="3"/><SP WIDTH="14" VPOS="1146" HPOS="352"/>
							<String ID="string_278" HPOS="366" VPOS="1145" WIDTH="22" HEIGHT="26" WC="0.93" CONTENT="$$"/><SP WIDTH="13" VPOS="1145" HPOS="388"/>
							<String ID="string_279" HPOS="401" VPOS="1145" WIDTH="5" HEIGHT="19" WC="0.93" CONTENT="i"/><SP WIDTH="18" VPOS="1145" HPOS="406"/>
							<String ID="string_280" HPOS="424" VPOS="1146" WIDTH="37" HEIGHT="19" WC="0.96" CONTENT="den"/><SP WIDTH="18" VPOS="1146" HPOS="461"/>
							<String ID="string_281" HPOS="479" VPOS="1145" WIDTH="68" HEIGHT="26" WC="0.96" CONTENT="nådiga"/><SP WIDTH="17" VPOS="1145" HPOS="547"/>
							<String ID="string_282" HPOS="564" VPOS="1146" WIDTH="146" HEIGHT="25" WC="0.96" CONTENT="propositionen"/><SP WIDTH="19" VPOS="1146" HPOS="710"/>
							<String ID="string_283" HPOS="729" VPOS="1147" WIDTH="52" HEIGHT="17" WC="0.96" CONTENT="samt"/><SP WIDTH="16" VPOS="1147" HPOS="781"/>
							<String ID="string_284" HPOS="797" VPOS="1145" WIDTH="38" HEIGHT="20" WC="0.83" CONTENT="den"/>
						</TextLine>
						<TextLine ID="line_32" HPOS="95" VPOS="1172" WIDTH="740" HEIGHT="26">
							<String ID="string_285" HPOS="95" VPOS="1175" WIDTH="52" HEIGHT="16" WC="0.96" CONTENT="emot"/><SP WIDTH="16" VPOS="1175" HPOS="147"/>
							<String ID="string_286" HPOS="163" VPOS="1172" WIDTH="59" HEIGHT="20" WC="0.82" CONTENT="dessa"/><SP WIDTH="16" VPOS="1172" HPOS="222"/>
							<String ID="string_287" HPOS="238" VPOS="1172" WIDTH="103" HEIGHT="24" WC="0.92" CONTENT="svarande,"/><SP WIDTH="17" VPOS="1172" HPOS="341"/>
							<String ID="string_288" HPOS="358" VPOS="1178" WIDTH="44" HEIGHT="13" WC="0.93" CONTENT="men"/><SP WIDTH="15" VPOS="1178" HPOS="402"/>
							<String ID="string_289" HPOS="417" VPOS="1172" WIDTH="50" HEIGHT="19" WC="0.92" CONTENT="ifrän"/><SP WIDTH="14" VPOS="1172" HPOS="467"/>
							<String ID="string_290" HPOS="481" VPOS="1172" WIDTH="46" HEIGHT="20" WC="0.93" CONTENT="dem"/><SP WIDTH="17" VPOS="1172" HPOS="527"/>
							<String ID="string_291" HPOS="544" VPOS="1172" WIDTH="115" HEIGHT="24" WC="0.91" CONTENT="afvikande,"/><SP WIDTH="22" VPOS="1172" HPOS="659"/>
							<String ID="string_292" HPOS="681" VPOS="1174" WIDTH="11" HEIGHT="18" WC="0.91" CONTENT="2"/><SP WIDTH="21" VPOS="1174" HPOS="692"/>
							<String ID="string_293" HPOS="713" VPOS="1172" WIDTH="9" HEIGHT="24" WC="0.91" CONTENT="$"/><SP WIDTH="20" VPOS="1172" HPOS="722"/>
							<String ID="string_294" HPOS="742" VPOS="1172" WIDTH="5" HEIGHT="19" WC="0.91" CONTENT="i"/><SP WIDTH="18" VPOS="1172" HPOS="747"/>
							<String ID="string_295" HPOS="765" VPOS="1172" WIDTH="70" HEIGHT="26" WC="0.91" CONTENT="Lagut-"/>
						</TextLine>
						<TextLine ID="line_33" HPOS="95" VPOS="1198" WIDTH="741" HEIGHT="25">
							<String ID="string_296" HPOS="95" VPOS="1198" WIDTH="85" HEIGHT="20" WC="0.91" CONTENT="skottets"/><SP WIDTH="10" VPOS="1198" HPOS="180"/>
							<String ID="string_297" HPOS="190" VPOS="1198" WIDTH="141" HEIGHT="20" WC="0.90" CONTENT="ofvannämnua"/><SP WIDTH="9" VPOS="1198" HPOS="331"/>
							<String ID="string_298" HPOS="340" VPOS="1198" WIDTH="123" HEIGHT="20" WC="0.95" CONTENT="betänkande"/><SP WIDTH="10" VPOS="1198" HPOS="463"/>
							<String ID="string_299" HPOS="473" VPOS="1199" WIDTH="59" HEIGHT="19" WC="0.96" CONTENT="redan"/><SP WIDTH="10" VPOS="1199" HPOS="532"/>
							<String ID="string_300" HPOS="542" VPOS="1198" WIDTH="97" HEIGHT="20" WC="0.92" CONTENT="tillkomna"/><SP WIDTH="27" VPOS="1198" HPOS="639"/>
							<String ID="string_301" HPOS="666" VPOS="1198" WIDTH="83" HEIGHT="20" WC="0.92" CONTENT="pluralitet"/><SP WIDTH="14" VPOS="1198" HPOS="749"/>
							<String ID="string_302" HPOS="763" VPOS="1198" WIDTH="5" HEIGHT="18" WC="0.93" CONTENT="i"/><SP WIDTH="15" VPOS="1198" HPOS="768"/>
							<String ID="string_303" HPOS="783" VPOS="1198" WIDTH="53" HEIGHT="25" WC="0.96" CONTENT="fråga"/>
						</TextLine>
						<TextLine ID="line_34" HPOS="96" VPOS="1224" WIDTH="740" HEIGHT="26">
							<String ID="string_304" HPOS="96" VPOS="1230" WIDTH="33" HEIGHT="14" WC="0.96" CONTENT="om"/><SP WIDTH="14" VPOS="1230" HPOS="129"/>
							<String ID="string_305" HPOS="143" VPOS="1225" WIDTH="33" HEIGHT="19" WC="0.83" CONTENT="Jet"/><SP WIDTH="14" VPOS="1225" HPOS="176"/>
							<String ID="string_306" HPOS="190" VPOS="1225" WIDTH="113" HEIGHT="25" WC="0.95" CONTENT="stadgande,"/><SP WIDTH="17" VPOS="1225" HPOS="303"/>
							<String ID="string_307" HPOS="320" VPOS="1230" WIDTH="43" HEIGHT="14" WC="0.96" CONTENT="som"/><SP WIDTH="15" VPOS="1230" HPOS="363"/>
							<String ID="string_308" HPOS="378" VPOS="1224" WIDTH="62" HEIGHT="20" WC="0.81" CONTENT="borde"/><SP WIDTH="14" VPOS="1224" HPOS="440"/>
							<String ID="string_309" HPOS="454" VPOS="1226" WIDTH="73" HEIGHT="18" WC="0.96" CONTENT="ersätta"/><SP WIDTH="15" VPOS="1226" HPOS="527"/>
							<String ID="string_310" HPOS="542" VPOS="1230" WIDTH="26" HEIGHT="14" WC="0.96" CONTENT="nu"/><SP WIDTH="15" VPOS="1230" HPOS="568"/>
							<String ID="string_311" HPOS="583" VPOS="1224" WIDTH="88" HEIGHT="25" WC="0.93" CONTENT="gällande"/><SP WIDTH="14" VPOS="1224" HPOS="671"/>
							<String ID="string_312" HPOS="685" VPOS="1224" WIDTH="151" HEIGHT="25" WC="0.91" CONTENT="hufvudsakliga"/>
						</TextLine>
						<TextLine ID="line_35" HPOS="96" VPOS="1250" WIDTH="740" HEIGHT="27">
							<String ID="string_313" HPOS="96" VPOS="1251" WIDTH="122" HEIGHT="19" WC="0.96" CONTENT="föreskrifter"/><SP WIDTH="14" VPOS="1251" HPOS="218"/>
							<String ID="string_314" HPOS="232" VPOS="1257" WIDTH="33" HEIGHT="13" WC="0.93" CONTENT="om"/><SP WIDTH="15" VPOS="1257" HPOS="265"/>
							<String ID="string_315" HPOS="280" VPOS="1250" WIDTH="116" HEIGHT="27" WC="0.91" CONTENT="kyrkoplikt,"/><SP WIDTH="16" VPOS="1250" HPOS="396"/>
							<String ID="string_316" HPOS="412" VPOS="1251" WIDTH="62" HEIGHT="19" WC="0.93" CONTENT="blifvit"/><SP WIDTH="14" VPOS="1251" HPOS="474"/>
							<String ID="string_317" HPOS="488" VPOS="1250" WIDTH="129" HEIGHT="25" WC="0.81" CONTENT="tillintetgjord"/><SP WIDTH="11" VPOS="1250" HPOS="617"/>
							<String ID="string_318" HPOS="628" VPOS="1250" WIDTH="118" HEIGHT="26" WC="0.90" CONTENT="derigenom,"/><SP WIDTH="14" VPOS="1250" HPOS="746"/>
							<String ID="string_319" HPOS="760" VPOS="1253" WIDTH="28" HEIGHT="17" WC="0.93" CONTENT="att"/><SP WIDTH="14" VPOS="1253" HPOS="788"/>
							<String ID="string_320" HPOS="802" VPOS="1250" WIDTH="34" HEIGHT="20" WC="0.93" CONTENT="he-"/>
						</TextLine>
						<TextLine ID="line_36" HPOS="96" VPOS="1276" WIDTH="740" HEIGHT="26">
							<String ID="string_321" HPOS="96" VPOS="1277" WIDTH="97" HEIGHT="19" WC="0.74" CONTENT="dervärda"/><SP WIDTH="18" VPOS="1277" HPOS="193"/>
							<String ID="string_322" HPOS="211" VPOS="1276" WIDTH="146" HEIGHT="20" WC="0.90" CONTENT="Bondeständet"/><SP WIDTH="16" VPOS="1276" HPOS="357"/>
							<String ID="string_323" HPOS="373" VPOS="1278" WIDTH="72" HEIGHT="24" WC="0.96" CONTENT="antagit"/><SP WIDTH="18" VPOS="1278" HPOS="445"/>
							<String ID="string_324" HPOS="463" VPOS="1277" WIDTH="37" HEIGHT="19" WC="0.96" CONTENT="den"/><SP WIDTH="17" VPOS="1277" HPOS="500"/>
							<String ID="string_325" HPOS="517" VPOS="1278" WIDTH="20" HEIGHT="18" WC="0.93" CONTENT="af"/><SP WIDTH="16" VPOS="1278" HPOS="537"/>
							<String ID="string_326" HPOS="553" VPOS="1277" WIDTH="118" HEIGHT="25" WC="0.26" CONTENT="högvördiga"/><SP WIDTH="18" VPOS="1277" HPOS="671"/>
							<String ID="string_327" HPOS="689" VPOS="1276" WIDTH="147" HEIGHT="20" WC="0.85" CONTENT="Prestaständet"/>
						</TextLine>
						<TextLine ID="line_37" HPOS="96" VPOS="1302" WIDTH="739" HEIGHT="26">
							<String ID="string_328" HPOS="96" VPOS="1302" WIDTH="68" HEIGHT="26" WC="0.89" CONTENT="gjorda"/><SP WIDTH="14" VPOS="1302" HPOS="164"/>
							<String ID="string_329" HPOS="178" VPOS="1302" WIDTH="113" HEIGHT="26" WC="0.91" CONTENT="inbjudning"/><SP WIDTH="15" VPOS="1302" HPOS="291"/>
							<String ID="string_330" HPOS="306" VPOS="1306" WIDTH="27" HEIGHT="16" WC="0.92" CONTENT="att"/><SP WIDTH="14" VPOS="1306" HPOS="333"/>
							<String ID="string_331" HPOS="347" VPOS="1304" WIDTH="65" HEIGHT="18" WC="0.96" CONTENT="förena"/><SP WIDTH="15" VPOS="1304" HPOS="412"/>
							<String ID="string_332" HPOS="427" VPOS="1304" WIDTH="29" HEIGHT="24" WC="0.96" CONTENT="sig"/><SP WIDTH="14" VPOS="1304" HPOS="456"/>
							<String ID="string_333" HPOS="470" VPOS="1309" WIDTH="32" HEIGHT="13" WC="0.96" CONTENT="om"/><SP WIDTH="14" VPOS="1309" HPOS="502"/>
							<String ID="string_334" HPOS="516" VPOS="1303" WIDTH="33" HEIGHT="20" WC="0.93" CONTENT="det"/><SP WIDTH="14" VPOS="1303" HPOS="549"/>
							<String ID="string_335" HPOS="563" VPOS="1303" WIDTH="119" HEIGHT="25" WC="0.93" CONTENT="högvördiga"/><SP WIDTH="9" VPOS="1303" HPOS="682"/>
							<String ID="string_336" HPOS="691" VPOS="1302" WIDTH="93" HEIGHT="20" WC="0.67" CONTENT="Ständets"/><SP WIDTH="9" VPOS="1302" HPOS="784"/>
							<String ID="string_337" HPOS="793" VPOS="1302" WIDTH="42" HEIGHT="20" WC="0.96" CONTENT="från"/>
						</TextLine>
						<TextLine ID="line_38" HPOS="95" VPOS="1328" WIDTH="737" HEIGHT="27">
							<String ID="string_338" HPOS="95" VPOS="1330" WIDTH="25" HEIGHT="19" WC="0.93" CONTENT="de"/><SP WIDTH="14" VPOS="1330" HPOS="120"/>
							<String ID="string_339" HPOS="134" VPOS="1330" WIDTH="61" HEIGHT="25" WC="0.91" CONTENT="öfriga"/><SP WIDTH="14" VPOS="1330" HPOS="195"/>
							<String ID="string_340" HPOS="209" VPOS="1329" WIDTH="99" HEIGHT="20" WC="0.91" CONTENT="Ständens"/><SP WIDTH="17" VPOS="1329" HPOS="308"/>
							<String ID="string_341" HPOS="325" VPOS="1329" WIDTH="50" HEIGHT="26" WC="0.92" CONTENT="äsigt"/><SP WIDTH="16" VPOS="1329" HPOS="375"/>
							<String ID="string_342" HPOS="391" VPOS="1330" WIDTH="107" HEIGHT="19" WC="0.70" CONTENT="afvikande"/><SP WIDTH="17" VPOS="1330" HPOS="498"/>
							<String ID="string_343" HPOS="515" VPOS="1330" WIDTH="64" HEIGHT="20" WC="0.94" CONTENT="beslut"/><SP WIDTH="17" VPOS="1330" HPOS="579"/>
							<String ID="string_344" HPOS="596" VPOS="1329" WIDTH="5" HEIGHT="19" WC="0.93" CONTENT="i"/><SP WIDTH="16" VPOS="1329" HPOS="601"/>
							<String ID="string_345" HPOS="617" VPOS="1331" WIDTH="74" HEIGHT="22" WC="0.96" CONTENT="ämnet,"/><SP WIDTH="20" VPOS="1331" HPOS="691"/>
							<String ID="string_346" HPOS="711" VPOS="1328" WIDTH="79" HEIGHT="20" WC="0.90" CONTENT="hvilken"/><SP WIDTH="18" VPOS="1328" HPOS="790"/>
							<String ID="string_347" HPOS="808" VPOS="1329" WIDTH="24" HEIGHT="19" WC="0.84" CONTENT="in-"/>
						</TextLine>
						<TextLine ID="line_39" HPOS="96" VPOS="1355" WIDTH="739" HEIGHT="26">
							<String ID="string_348" HPOS="96" VPOS="1355" WIDTH="93" HEIGHT="26" WC="0.89" CONTENT="bjudning"/><SP WIDTH="15" VPOS="1355" HPOS="189"/>
							<String ID="string_349" HPOS="204" VPOS="1356" WIDTH="99" HEIGHT="24" WC="0.92" CONTENT="höglofliga"/><SP WIDTH="15" VPOS="1356" HPOS="303"/>
							<String ID="string_350" HPOS="318" VPOS="1356" WIDTH="144" HEIGHT="24" WC="0.91" CONTENT="Ridderskapet"/><SP WIDTH="18" VPOS="1356" HPOS="462"/>
							<String ID="string_351" HPOS="480" VPOS="1356" WIDTH="37" HEIGHT="19" WC="0.93" CONTENT="och"/><SP WIDTH="14" VPOS="1356" HPOS="517"/>
							<String ID="string_352" HPOS="531" VPOS="1356" WIDTH="60" HEIGHT="19" WC="0.90" CONTENT="Adein"/><SP WIDTH="18" VPOS="1356" HPOS="591"/>
							<String ID="string_353" HPOS="609" VPOS="1358" WIDTH="51" HEIGHT="17" WC="0.93" CONTENT="samt"/><SP WIDTH="16" VPOS="1358" HPOS="660"/>
							<String ID="string_354" HPOS="676" VPOS="1355" WIDTH="95" HEIGHT="25" WC="0.92" CONTENT="vällofliga"/><SP WIDTH="19" VPOS="1355" HPOS="771"/>
							<String ID="string_355" HPOS="790" VPOS="1356" WIDTH="45" HEIGHT="18" WC="0.93" CONTENT="Bor-"/>
						</TextLine>
						<TextLine ID="line_40" HPOS="95" VPOS="1381" WIDTH="367" HEIGHT="25">
							<String ID="string_356" HPOS="95" VPOS="1381" WIDTH="126" HEIGHT="24" WC="0.47" CONTENT="gareständet"/><SP WIDTH="14" VPOS="1381" HPOS="221"/>
							<String ID="string_357" HPOS="235" VPOS="1382" WIDTH="29" HEIGHT="18" WC="0.96" CONTENT="för"/><SP WIDTH="14" VPOS="1382" HPOS="264"/>
							<String ID="string_358" HPOS="278" VPOS="1382" WIDTH="58" HEIGHT="18" WC="0.80" CONTENT="deras"/><SP WIDTH="14" VPOS="1382" HPOS="336"/>
							<String ID="string_359" HPOS="350" VPOS="1382" WIDTH="30" HEIGHT="18" WC="0.93" CONTENT="del"/><SP WIDTH="14" VPOS="1382" HPOS="380"/>
							<String ID="string_360" HPOS="394" VPOS="1382" WIDTH="68" HEIGHT="24" WC="0.91" CONTENT="afböjt."/>
						</TextLine>
					</TextBlock>
				</ComposedBlock>
				<ComposedBlock ID="cblock_5" HPOS="150" VPOS="1406" WIDTH="686" HEIGHT="26">
					<TextBlock ID="block_7" HPOS="150" VPOS="1406" WIDTH="686" HEIGHT="26">
						<TextLine ID="line_41" HPOS="150" VPOS="1406" WIDTH="686" HEIGHT="26">
							<String ID="string_361" HPOS="150" VPOS="1408" WIDTH="7" HEIGHT="18" WC="0.92" CONTENT="I"/><SP WIDTH="15" VPOS="1408" HPOS="157"/>
							<String ID="string_362" HPOS="172" VPOS="1407" WIDTH="102" HEIGHT="25" WC="0.91" CONTENT="anlédning"/><SP WIDTH="14" VPOS="1407" HPOS="274"/>
							<String ID="string_363" HPOS="288" VPOS="1407" WIDTH="57" HEIGHT="19" WC="0.96" CONTENT="häraf"/><SP WIDTH="11" VPOS="1407" HPOS="345"/>
							<String ID="string_364" HPOS="356" VPOS="1406" WIDTH="62" HEIGHT="20" WC="0.93" CONTENT="finner"/><SP WIDTH="14" VPOS="1406" HPOS="418"/>
							<String ID="string_365" HPOS="432" VPOS="1408" WIDTH="135" HEIGHT="24" WC="0.92" CONTENT="Lagutskottet"/><SP WIDTH="15" VPOS="1408" HPOS="567"/>
							<String ID="string_366" HPOS="582" VPOS="1407" WIDTH="29" HEIGHT="25" WC="0.84" CONTENT="si:;"/><SP WIDTH="14" VPOS="1407" HPOS="611"/>
							<String ID="string_367" HPOS="625" VPOS="1406" WIDTH="55" HEIGHT="21" WC="0.93" CONTENT="alltså"/><SP WIDTH="10" VPOS="1406" HPOS="680"/>
							<String ID="string_368" HPOS="690" VPOS="1406" WIDTH="105" HEIGHT="20" WC="0.84" CONTENT="föranlätet"/><SP WIDTH="13" VPOS="1406" HPOS="795"/>
							<String ID="string_369" HPOS="808" VPOS="1408" WIDTH="28" HEIGHT="17" WC="0.96" CONTENT="att"/>
						</TextLine>
					</TextBlock>
				</ComposedBlock>
				<GraphicalElement ID="cblock_6" HPOS="1014" VPOS="0" WIDTH="9" HEIGHT="510"></GraphicalElement >
			</PrintSpace>
		</Page>
	</Layout>
</alto>
