970 1773
275 148 70 23 Nådiga
356 149 139 22 Propositionen
508 149 36 17 N:o
555 149 29 17 23.
765 148 34 19 589

408 197 9 25 $
432 199 19 18 5.

114 234 118 25 Härigenom
246 235 110 24 upphäives
365 235 37 23 allt
416 235 52 20 hvad
481 236 4 18 i
496 235 114 20 förberörde
619 236 125 19 hänseenden
754 237 45 18 här-

61 262 54 18 emot
131 260 99 19 stridande
247 260 64 19 finnes
328 261 90 25 stadgadt
434 261 28 18 uti
480 261 156 25 presterskapets
651 261 112 26 privilegier
779 262 23 19 af

61 285 38 26 den
113 286 28 19 16
158 286 88 19 Oktober
264 287 49 18 1723
332 292 60 14 mom.
412 287 33 23 21,
465 287 68 24 Kongl.
552 287 52 19 Cirk.
623 287 77 20 brefvet
717 287 37 20 den
771 288 24 19 24

61 311 81 25 Augusti
158 312 51 19 1786
223 312 10 25 $
247 313 19 24 4,
282 312 68 26 Kongl.
366 312 78 20 brefvet
458 313 36 19 Jen
510 314 22 19 11
552 313 108 20 December
679 313 58 24 1799,
753 313 45 25 Kej-

61 338 70 25 serliga
146 338 135 26 förordningen
296 338 99 26 angäende
409 339 52 19 hvad
476 339 32 20 vid
525 339 120 19 anställande
661 340 20 18 af
697 342 101 22 prestexa-

60 364 52 28 mina
127 365 5 18 i
147 364 24 19 de
186 364 62 21 finska
262 365 66 19 stiften
343 365 94 25 iakttagas
455 365 43 24 bör,
517 365 37 19 den
573 366 23 19 17
615 365 50 25 April
685 365 50 20 1849
753 365 9 25 $
777 367 18 22 1,

60 389 109 26 Kejserliga
184 391 135 25 förordningen
333 390 100 26 angående
447 391 24 20 de
488 391 154 25 kunskapsprof,
659 397 43 14 som
716 391 26 20 till
758 392 40 19 vin-

61 417 65 19 nande
140 417 20 19 af
173 417 91 25 rättighet
278 420 28 16 att
319 417 47 19 söka
381 417 209 26 kyrkoherdetjenster
603 417 5 18 i
623 418 25 19 de
659 417 62 20 finska
732 418 65 19 stiften

61 442 47 20 böra
122 442 92 26 afläggas,
230 444 64 24 gifven
310 443 36 20 den
362 444 11 19 8
386 443 38 20 Juli
439 444 48 19 1851
505 443 11 26 $
531 445 18 20 1.
564 446 53 17 samt
626 443 106 26 Kejserliga
742 449 56 21 gym-

61 469 59 19 nasii-
134 470 38 19 och
186 469 148 26 skolordningen
348 470 22 19 af
381 469 37 20 den
434 471 10 18 7
459 470 52 25 April
527 471 51 19 1856
592 470 10 25 $
616 471 32 19 40.

271 507 63 26 Enligt
353 507 62 20 Hans
434 507 133 26 Kejserliga
583 507 122 26 Majestäts
722 507 75 26 Nädiga

201 533 113 26 befallning,
334 534 66 25 gifven
417 534 4 18 i
440 535 31 18 S:t
484 535 119 25 Petersburg
620 534 37 20 den
671 535 23 19 21
710 535 52 19 Mars
777 535 20 25 (2

201 559 61 25 April)
277 560 58 19 1863.

324 612 74 17 Alex.
410 612 125 18 Armfelt.

526 668 21 19 A.
559 669 27 18 W.
599 669 131 19 Wallensköld.

262 833 158 26 Lagutskottets
434 833 130 20 betänkande
579 832 39 21 N:o
630 833 23 20 11
668 834 7 18 i
697 832 100 26 anledning

195 861 24 26 af
223 860 61 20 :Hans
299 861 104 26 Kejserliga
422 861 99 26 Majestäts
540 860 70 26 nådiga.
622 862 125 24 proposition;
763 868 32 12 :an-

193 889 72 26 gående
279 887 130 28 upphäfvande
423 891 23 24 af
457 890 165 25 indigenatsrätten
631 890 35 25 för
682 889 114 20 läroständet

195 918 49 18 inom
258 918 68 19 landet.

114 971 66 18 Denna
193 970 126 25 proposition,
335 971 79 19 hvilken
428 970 63 20 blifvit
504 971 21 19 af
537 971 88 25 samtliga
634 969 123 21 riksständen
768 970 28 19 öf-

60 997 114 19 verlemnad
187 997 25 19 till
231 997 111 20 Utskottets
358 997 123 25 behandling,
501 998 35 18 har
553 996 99 20 Utskottet
669 996 82 19 förehaft.
768 996 26 20 till

59 1023 125 25 granskning,
200 1023 84 19 hvarvid
297 1023 101 19 Utskottet
412 1023 43 19 icke
470 1023 62 19 funnit
545 1023 41 19 skäl
597 1022 25 20 till
633 1028 60 13 annan
703 1023 93 18 anmärk-

59 1049 53 24 ning,
128 1050 25 18 än
167 1049 53 19 hvad
234 1048 58 26 angår
306 1049 33 20 det
352 1050 6 18 i
372 1049 46 20 sista
433 1051 108 18 momentet
554 1049 21 19 af
586 1049 12 20 4
612 1049 11 24 $
636 1048 5 20 i
661 1048 31 20 den
696 1049 99 24 föreslag-

59 1081 24 14 na
97 1075 135 25 författningen
242 1075 74 19 införda
326 1075 113 26 stadgande,
451 1078 28 17 att
488 1075 86 20 sökande
584 1075 25 20 till
620 1074 175 25 skollärare-tjenst

59 1101 62 20 borde
135 1101 5 19 i
155 1101 54 20 vissa
223 1102 31 19 fall
269 1101 62 26 bifoga
345 1101 130 26 ansökningen
488 1101 57 20 bevis
558 1101 78 24 derom,
656 1103 28 17 att
700 1101 37 19 han
751 1100 43 20 icke

59 1128 53 19 inom
126 1130 57 17 annat
197 1128 40 19 stift
251 1128 69 19 ansökt
333 1127 53 26 dylik
400 1126 69 27 tjenst,
489 1127 56 25 eller,
561 1127 5 19 i
584 1127 94 20 händelse
696 1128 37 18 han
750 1127 45 19 sökt

59 1153 60 25 tjenst
133 1153 44 20 icke
191 1153 81 25 erhållit,
287 1154 91 19 deröfver
392 1152 18 26 ej
425 1154 72 19 anmält
509 1153 100 26 missnöje,
620 1153 75 19 hvilket
704 1153 91 25 stalgan-

59 1180 31 25 de,
107 1179 67 20 såvida
188 1180 33 19 det
234 1180 43 19 icke
290 1181 22 18 är
326 1180 82 25 lagligen
420 1179 109 20 förmenadt
543 1182 27 17 att
584 1179 24 26 på
618 1185 75 14 samma
701 1178 51 26 gång
761 1184 33 14 an-

59 1206 47 19 söka
120 1206 49 19 flere
183 1206 94 19 särskilda
291 1205 205 25 skollärare-tjenster,
512 1205 56 20 torde
582 1206 46 19 böra
642 1205 53 25 utgå.

113 1232 100 20 Utskottet
226 1231 30 20 får
270 1231 62 25 alltså,
348 1231 24 26 på
386 1231 25 20 de
424 1232 6 19 i
443 1233 109 18 motiverna
566 1231 25 20 till
607 1231 145 26 propositionen
761 1236 33 14 an-

59 1258 55 19 förda
127 1259 49 24 skäl,
193 1258 77 19 hvilkas
284 1258 86 26 giltighet
383 1258 99 19 Utskottet
496 1257 116 26 fullkomligt
623 1257 102 24 erkänner,
738 1257 57 19 vörd-

59 1287 53 16 samt
125 1283 81 20 föreslå
199 1279 12 35 :

262 1313 28 18 att
303 1311 72 19 landets
390 1311 93 25 högloflige
498 1309 81 21 Ständer
592 1309 66 24 måtte,
668 1311 35 24 för
716 1310 29 19 sin
759 1309 36 23 del,

262 1339 41 19 med
316 1338 116 20 uteslutande
446 1339 24 25 af
481 1338 137 26 ofvannämnda
632 1340 85 20 moment,
731 1337 65 24 bifalla

263 1367 25 19 till
303 1367 35 19 den
346 1366 112 26 föreslagna
467 1367 142 25 författningen.

112 1394 132 25 Helsingfors,
259 1394 37 19 den
310 1395 25 18 25
350 1394 113 19 November
479 1394 57 19 1863.
