986 1786
278 110 70 23 Nådiga
359 110 142 23 Propositionen
513 111 36 17 N:o
561 111 29 18 18.
772 111 34 20 483

63 159 92 27 oskyldig
168 161 32 20 för
212 159 60 26 brott,
282 159 63 21 borde
359 159 30 20 för
399 162 28 17 ett
441 160 45 19 slikt
494 160 107 25 betänkligt
610 159 101 21 missbruk
724 161 22 18 af
757 159 49 26 tjen-

64 187 248 25 stemannabefogenheten
326 185 96 22 förklaras
436 187 88 25 förlustig
541 186 30 20 sin
585 185 68 26 tjenst;
671 186 93 20 hvarföre
778 189 28 16 ett

63 212 64 26 tillägg
141 212 77 25 derom,
234 212 58 25 enligt
303 212 115 25 Utskottets
434 212 65 26 tanke,
521 212 62 21 borde
599 213 58 24 göras
675 212 25 19 till
722 213 3 19 4
742 218 61 15 mom,

62 239 21 20 af
95 238 61 26 sagde
168 239 98 26 paragraf.

115 263 72 21 Såsom
202 265 57 19 straff
270 265 30 19 för
313 264 38 20 den
360 265 76 25 ringare
450 266 31 17 art
490 265 21 19 af
523 264 151 25 ärekränkning,
686 269 45 14 som
744 265 6 18 i
759 265 45 25 pro-

61 291 110 25 positionen
185 291 110 20 benämnes
310 291 174 25 :«förolämpning,»
498 289 84 22 föreslås
595 290 6 18 i
621 291 4 18 1
636 295 61 15 mom.
714 291 11 18 7
740 290 10 25 $
764 291 40 19 fän-

61 317 56 25 gelse
130 316 44 20 från
187 317 38 19 och
245 316 46 21 med
307 319 31 16 tre
351 316 61 26 dagar
432 316 26 20 till
477 318 38 18 och
527 316 46 20 med
594 315 33 20 två
644 315 94 21 månader
756 317 47 19 eiler

61 342 57 21 böter
131 342 42 21 från
188 344 38 19 och
240 342 46 20 med
299 343 41 21 fem
353 342 27 20 till
394 343 38 19 och
446 343 46 19 med
509 342 107 21 trehundra
630 342 63 24 mark,
710 342 39 20 och
762 349 42 13 me-

60 370 71 25 ningen
144 369 57 21 torde
215 370 30 19 väl
260 374 54 20 vara,
329 371 29 17 att
371 369 163 25 fängelsestraffet
550 368 63 21 borde
627 368 96 27 tillämpas
737 368 7 20 i
756 369 47 20 svå-

61 401 46 15 rare
120 398 53 17 samt
190 395 56 21 böter
263 396 6 18 i
284 395 104 25 lindrigare
405 396 39 19 fall.
473 396 43 20 Men
532 395 26 21 då
578 398 30 16 tre
625 395 69 25 dagars
715 396 88 26 fängelse

60 427 62 21 synes
136 427 49 15 vara
199 424 29 18 ett
240 422 62 20 alltför
316 421 78 26 lindrigt
411 421 57 21 straff
482 422 30 20 för
528 427 25 14 en
565 421 141 26 förolämpning
720 422 22 19 af
756 421 47 20 svå-

59 453 45 15 rare
117 448 143 25 beskaffenhet,
275 449 36 20 har
326 447 98 21 Utskottet
438 451 65 17 ansett
516 448 30 26 sig
559 448 48 22 böra
620 447 80 26 föreslå,
711 450 29 17 att
754 448 49 20 min-

60 476 31 19 sta
104 474 72 26 belopp
190 475 21 19 af
224 475 87 25 fängelse
324 474 6 20 i
344 473 64 27 dylika
423 474 30 20 fall
468 474 65 20 skulle
548 480 46 15 vara
609 474 39 20 åtta
662 474 66 26 dagar.

112 501 26 20 Af
151 506 75 15 samma
241 501 43 21 skäl
297 501 36 24 har
347 500 100 21 Utskottet
461 502 37 19 ock
512 503 48 19 trott
574 501 30 24 sig
618 500 46 20 böra
679 501 79 25 föreslå,
774 504 28 17 att

59 527 35 21 det
106 527 6 19 i
125 528 12 20 8
152 527 11 25 $
176 527 29 20 för
219 527 169 25 förolämpningar,
405 527 67 20 hvilka
482 532 49 15 vore.
544 529 29 17 att
586 532 60 14 anses
660 526 68 20 såsom.
742 527 60 20 sked-

59 553 25 22 da
98 553 65 22 under
176 554 124 26 synnerligen
314 552 128 22 försvårande
456 553 174 26 omständigheter,
642 552 33 29 till
690 554 36 19 tolf
741 554 60 25 dagar

58 581 31 46 du
129 576 41 55 Ena
186 581 72 21 minsta
278 581 72 25 belopp
365 580 22 20 af
404 581 86 25 fängelse
506 580 63 21 skulle
583 579 86 26 förhöjas
686 580 26 20 till
730 583 70 18 sexton

73 612 53 20 lagar.

74 642 2 2 +
111 633 35 21 12
159 638 61 16 mom.
236 634 10 19 7
262 633 11 26 $-
286 632 90 26 föreslås,
390 635 30 19 att
434 632 75 21 straffet
525 634 30 18 för
571 632 169 27 förolämpningar,
756 639 44 15 som

59 659 92 21 innefatta
165 666 86 20 angrepp
264 663 42 18 mot
323 660 83 25 gvinnas
427 660 132 26 blygsamhet,
577 658 32 21 mä
624 659 64 20 kunna
703 658 56 27 höjas
774 660 25 21 till

58 686 89 26 fängelse
162 687 58 25 högst
236 692 36 14 sex
286 685 94 23 månader
394 686 47 21 eller
460 662 57 54 böter
532 686 59 25 högst
607 686 113 20 sexhundra
734 686 64 20 mark.

58 712 64 21 Äfven
136 712 101 21 Utskottet
251 718 58 16 anser
321 712 61 21 dessa
396 712 201 25 straffbestämningar
605 712 65 20 kunna
684 712 30 20 för
722 713 78 24 vanliga

58 739 33 20 fall
106 739 21 21 af
135 738 149 26 ifrågavarande
297 739 53 20 brott
358 744 48 14 vara
420 738 41 21 fullt
470 737 122 27 tillräckliga;
607 744 46 14 men
667 738 24 20 då
700 738 100 23 Utskottet

58 765 40 19 och
112 765 36 21 har
157 765 29 26 sig
200 764 81 26 bekant,
290 767 29 18 att.
330 763 73 27 jemväl
414 764 72 21 sådana
500 770 88 21 angrepp
597 767 42 18 mot
648 765 84 25 qvinnas.
744 766 55 25 blyg-

58 792 81 20 samhet
151 791 64 22 blifvit
228 792 107 24 föröfvade,
354 796 43 15 som
419 790 76 26 påkalla
509 794 31 23 ett
553 792 52 19 ännu
622 791 60 26 högre
698 792 63 25 straff,
776 792 23 22 sä

57 818 38 20 har
107 818 108 24 Utskottet,
231 818 63 20 ehuru.
311 817 159 27 anständigheten
487 816 17 26 ej
518 817 71 21 tillåter
603 817 102 21 Utskottet
721 820 28 18 att
765 824 34 14 an-

56 844 42 20 föra
115 844 58 26 något
190 845 90 25 exempel
297 844 25 26 på
338 844 66 26 dylika
421 844 131 26 förgripelser,
571 846 64 18 ansett
652 844 29 26 sig
697 844 48 21 böra
762 844 37 21 till-

57 871 77 25 styrka,
157 873 28 18 att
201 872 69 25 högsta
290 871 92 25 beloppet
400 871 22 21 af
440 870 145 26 fängelsestraff
601 871 30 19 för
651 870 148 27 ifrågavarande

57 897 55 20 brott
124 896 63 21 måtte
201 897 123 20 bestämmas
337 899 29 17 att
379 902 47 14 vara
440 900 29 17 ett
482 897 29 20 år.

111 922 29 21 Då
155 923 167 26 ärekränkningar
341 925 42 18 mot
396 923 147 26 landtdagsmän
561 923 5 20 i
580 923 48 20 eller
647 924 28 19 för
689 923 59 20 deras
764 923 34 20 be-

57 949 81 26 fattning
152 949 64 21 blifvit
232 950 3 19 i
250 950 11 19 8
276 949 10 25 $
299 952 98 23 upptagna
411 949 59 21 bland
483 949 25 21 de
522 950 38 25 fall,
576 955 45 15 som
635 955 49 14 vore
697 952 28 17 att
738 949 60 20 anses

56 975 69 21 såsom
138 975 76 20 skedda
227 976 63 20 under
300 976 125 25 synnerligen
437 975 129 22 försvårande
575 975 174 26 omständigheter,
761 977 35 18 har

56 1001 101 21 Utskottet
179 1001 64 20 ehuru
264 1002 34 19 det
316 1003 29 18 för
365 1002 30 20 sin
418 1002 30 20 del
472 1002 84 25 godkänt
579 1001 62 21 denna
664 1002 131 25 bestämning,

56 1030 49 19 trott.
118 1027 30 26 sig
161 1027 47 21 böra
222 1029 52 19 fästa
288 1028 100 25 höglofliga
403 1028 120 21 Ständernas
539 1027 175 26 uppmärksamhet
727 1028 69 25 derpå,

56 1056 29 17 att
98 1054 61 25 sagde
173 1054 126 26 bestämning
312 1055 82 19 innebär
408 1060 24 13 en
445 1054 81 26 ändring
539 1055 21 19 af
569 1055 22 19 51
607 1054 12 25 $
632 1055 6 18 i
649 1055 51 18 1772
713 1054 33 20 års
759 1055 38 18 Re-

56 1080 136 25 geringsform,
207 1081 79 19 hvilken
300 1081 59 24 högst
375 1080 100 27 olämpligt
488 1080 86 26 stadgar,
590 1082 29 18 att
631 1080 165 26 herredagsmans

56 1107 116 19 antastande
189 1107 46 19 med
256 1107 35 20 ord
309 1107 47 19 eller
372 1107 80 25 gerning
466 1107 46 20 skall
529 1107 96 24 umgällas
645 1107 45 20 med
705 1107 91 19 edsöres-

56 1133 56 24 plikt,
128 1133 64 20 eburu
206 1133 48 19 intet
270 1133 49 21 enda
333 1133 21 19 af
365 1133 26 20 de
404 1133 27 19 uti
447 1133 51 20 4734
511 1132 34 20 års
561 1133 31 26 lag
606 1133 96 20 omtalade
716 1133 80 19 edsöre-

55 1158 55 20 brott
122 1158 39 21 kan
175 1158 85 20 föröfvas
274 1159 45 19 med
333 1159 43 19 ord.
405 1159 67 20 Skulle
485 1159 157 26 propositionens
656 1159 12 19 8
683 1159 10 25 $
707 1159 28 19 uti
748 1159 48 20 den-

55 1190 24 14 na
93 1185 30 19 del
139 1185 86 19 tillvinna
240 1185 29 25 sig
282 1185 118 20 ständernas
414 1185 59 25 bifall,
484 1185 21 21 så
519 1185 62 21 borde
595 1185 38 19 den
647 1185 87 26 ändring,
750 1191 44 14 som

56 1212 24 20 31
96 1210 10 26 $
120 1210 5 19 i
139 1211 181 26 Regeringsformen
329 1211 115 26 Jerigenom
458 1211 78 21 komme
549 1214 29 18 att
591 1210 92 29 undergå,
695 1212 59 20 blifva
767 1212 28 21 uti

56 1238 102 25 ingressen
171 1237 100 20 omnämd.
489 1237 2 2 |

110 1263 8 21 I
132 1264 83 20 sednare
233 1266 106 18 momentet
356 1264 20 19 af
390 1265 24 21 13
428 1264 10 25 $
452 1263 90 26 föreslås,
558 1266 28 18 att
599 1263 39 20 åtal
652 1265 29 19 för
695 1265 99 19 smädelse

56 1292 42 17 mot
113 1289 84 20 -enskildt
211 1290 64 25 bolag,
286 1290 90 19 samfund
391 1291 47 19 eller
447 1291 101 24 menighet
561 1290 45 20 icke
615 1290 62 20 borde
692 1290 16 19 få
723 1291 72 20 anstäl-

55 1317 29 19 las
98 1316 21 20 af
131 1316 83 26 bolaget,
234 1316 111 21 samfundet
365 1316 47 21 eller
426 1317 123 25 menigheten
566 1315 66 23 säsom
651 1316 80 24 sädana,
747 1319 45 17 utan

54 1345 29 18 att
96 1342 34 21 det
144 1342 63 21 skulle
222 1341 24 29 få
254 1343 103 24 ankomma
367 1342 25 25 pä
407 1343 69 26 hvarje
489 1343 76 20 enskild
575 1343 85 20 medlem
674 1343 20 20 af
706 1344 87 19 samiun-

54 1368 35 24 det.
100 1371 30 21 att
144 1368 28 28 för
187 1369 29 24 sig
231 1369 45 24 sjelf
289 1369 47 24 söka
352 1369 120 26 upprättelse
485 1370 6 19 i
503 1369 104 25 anledning
620 1369 61 21 deraf.
710 1370 43 19 Men
768 1369 24 20 då

54 1394 40 25 det,
108 1395 9 20 i
128 1394 47 25 följd
190 1395 60 25 häraf,
273 1395 65 22 kunde
351 1395 81 25 inträffa,
451 1398 29 19 att
492 1395 48 22 flere
556 1395 90 22 enskilda
662 1396 130 21 medlemmar
