1000 1792
184 123 34 33 320
399 126 71 22 Nädiga
482 126 140 22 Propositionen
634 125 37 17 N:o
683 124 28 18 13.

186 178 87 18 närmast
287 174 117 26 föregående
418 174 146 26 paragraferna,
580 174 37 19 och
632 174 5 18 i
652 173 65 19 stället
731 172 62 20 skulle
808 171 121 21 bestämnin-

186 208 36 20 gen
237 202 68 20 derom
319 207 24 14 ur
357 202 25 19 20
397 201 10 25 $
420 200 54 26 utgå.

240 229 7 19 I
261 229 24 18 27
301 228 10 25 $
325 229 11 17 3
351 228 46 24 kap.
413 230 22 16 är
450 227 110 24 föreslaget,
576 229 28 16 att
617 225 45 25 den,
679 231 43 13 som
733 225 73 19 affaller
815 224 44 20 från
870 229 59 15 evan-

187 254 74 26 geliska
275 255 60 23 läran,
350 254 62 19 borde
431 254 20 18 af
466 252 128 26 presterskap
610 252 38 19 och
665 252 118 24 domkapitel
802 256 70 14 varnas
891 250 37 20 och

187 280 126 25 undervisas,
329 286 45 13 men
388 280 42 19 icke
446 280 33 19 vid
494 279 84 19 domstol
593 279 76 19 tilltalas
685 279 46 19 eller
746 278 68 19 dömas
829 278 26 19 till
874 277 57 19 straff

189 308 29 19 för
231 307 104 20 afvikande
352 306 85 25 mening,
458 312 43 13 som
518 305 38 20 han
573 305 18 25 ej
609 306 60 19 söker
684 305 96 25 utsprida.
809 305 69 18 Ehuru
896 304 34 19 Ut-

189 333 91 20 skottet
274 325 10 37 i
295 333 70 25 sjelfva
380 333 60 20 saken
455 332 116 20 instämmer
587 332 6 19 i
610 331 54 20 detta
681 332 80 24 förslag,
781 329 21 21 sä
820 336 59 14 anser
896 330 34 20 Ut-

189 361 72 18 skottet
275 359 33 20 Jet
321 360 57 19 likväl
394 365 46 13 vara
455 358 123 25 öfverflödigt
592 361 29 16 att
634 358 6 18 i
654 358 64 19 denna
727 357 91 26 paragraf
826 357 60 19 införa
896 356 34 27 pä-

189 387 95 19 minnelse
299 391 33 14 om
346 391 24 14 en
384 385 5 19 i
404 385 37 20 den
455 385 89 26 kyrkliga
557 384 142 26 lagstiftningen
709 384 129 19 föreskrifven
850 385 80 24 varning

189 414 38 18 och
242 412 144 25 undervisning,
403 417 43 14 som
460 411 44 20 icke
518 411 63 19 skulle
595 411 69 25 utgöra
679 411 63 19 vilkor
757 410 29 19 för
800 412 28 17 ett
846 411 85 19 efterföl-

188 439 57 25 jande
259 439 45 23 åtal,
320 437 67 20 såsom
402 439 52 18 fallet
468 439 21 18 är
502 437 46 20 med
565 437 38 20 den
621 438 4 18 i
644 436 129 25 nästföljande
790 437 24 19 28
832 436 10 25 $
860 437 70 19 samt
917 432 17 36 i

190 467 10 18 1
216 466 10 25 $
242 467 24 18 14
280 466 45 24 kap.
342 465 23 19 G.
382 465 20 19 B.
418 465 38 18 och
471 464 10 19 3
497 464 9 25 $
521 464 11 19 3
547 464 45 25 kap.
605 464 23 19 M.
640 464 20 18 B.
673 463 97 20 omtalade
778 463 88 26 varning,
882 463 49 19 hvil-

189 491 37 20 ken
240 492 36 19 bör
289 489 66 31 föregå
370 490 36 20 åtal
422 491 34 20 vid
469 490 92 19 domstol.
592 490 100 19 Utskottet
706 495 59 14 anser
775 489 62 25 alltså,
849 492 27 17 att
887 489 44 20 ifrä-

190 518 109 26 gavarande
313 523 77 14 erinran
404 523 32 13 om
450 517 60 24 sagde
524 517 129 19 annorstädes
667 516 117 19 föreskrifna
798 517 82 24 varning
894 516 37 19 och

190 545 140 24 undervisning
347 543 61 20 borde
425 549 23 14 ur
466 543 24 19 27
508 543 10 25 $
532 543 52 25 utgå,
600 548 46 14 men
661 543 115 25 paragrafen
790 543 30 18 för
833 543 57 25 öfrigt
904 542 28 20 bi-

190 571 89 20 behälles
296 571 5 18 i
318 571 47 18 dess
382 570 109 25 föreslagna
510 569 61 26 skick,
588 569 67 20 säsom
669 569 130 20 innefattande
813 574 25 13 en
852 569 80 25 ändring

191 598 21 18 af
224 599 10 18 3
250 597 10 25 $
276 598 8 19 1
301 597 46 24 kap.
363 597 25 18 M.
403 597 21 18 B.

243 624 59 19 Emot
316 624 9 18 1
342 628 60 14 mom.
418 622 6 19 i
438 623 24 19 28
478 621 16 26 $,
510 623 61 18 hvars
585 621 67 26 början
666 622 67 26 lyder:
751 621 115 26 «Utsprider
881 621 53 20 finsk

191 650 130 24 medborgare
336 649 20 19 af
367 649 101 19 lutherska
478 649 175 20 troshekännelsen
663 648 114 20 vilifarande
786 649 90 24 lärosats,
889 654 45 14 som

191 679 42 17 mot
249 676 38 19 den
302 681 48 14 rena
367 675 124 25 evangeliska
509 675 53 19 läran
580 675 80 24 strider,
678 675 38 20 och
730 675 50 19 efter
794 675 82 25 varning
890 675 44 20 der-

192 703 45 19 med
255 701 17 26 ej
291 701 81 24 afstär,»
391 702 35 19 har
444 701 100 20 Utskottet
562 701 99 25 anmärkt,
681 704 28 17 att
725 701 65 20 denna
811 701 123 26 ordalydelse

192 729 64 20 kunde
274 729 51 25 gifva
342 728 104 25 anledning
463 728 26 19 till
504 727 37 20 åtal
556 727 58 20 äfven
628 730 42 17 mot
683 728 44 23 den,
744 733 42 14 som
801 730 46 17 utan
861 728 74 19 brotts-

192 755 34 25 ligt
239 755 78 26 uppsåt,
333 754 89 24 antingen
437 755 4 18 i
458 749 142 36 vetenskapligt
613 754 87 19 intresse
715 754 47 19 eller
777 753 57 26 eljest
849 757 45 16 utan
908 755 28 18 af-

194 781 36 26 sigt
247 784 28 17 att
291 782 46 25 göra
354 781 120 26 proselyter,
494 780 153 25 offentliggjorde
663 780 63 26 någon
743 781 92 24 lärosats,
855 781 79 19 hvilken

194 813 47 14 vore
259 807 99 20 stridande
374 810 42 16 mot
432 807 37 19 den
486 807 102 19 lutherska
605 807 87 25 kyrkans
709 807 172 26 trosbekännelse,
897 807 38 20 och

194 840 47 17 som,
253 834 101 20 Utskottet
370 839 58 14 anser
445 839 25 14 en
487 833 61 20 sådan
565 833 85 26 tolkning
667 833 54 24 böra,
737 833 25 20 till
778 833 124 20 undvikande
916 835 21 19 af

194 861 71 26 otidiga
279 859 213 26 religionsförföljelser,
509 860 143 24 förekommas,
668 860 36 19 har
721 860 100 19 Utskottet
838 861 53 19 velat
908 861 28 18 fö-

195 887 56 25 reslä,
267 889 29 17 att
309 887 39 19 den
362 887 36 19 här
412 885 147 27 ifrågavarande
570 887 141 25 förbrytelsens
721 886 87 26 begrepp
819 887 64 20 skulle
892 888 44 18 när-

195 920 54 13 mare
263 914 121 19 bestämmas
399 912 79 25 derhan,
495 915 28 17 att
538 912 140 26 utspridandet,
694 914 29 18 för
733 916 27 16 att
770 919 46 14 vara
826 914 108 25 straffbart,

194 940 62 20 borde
271 940 36 20 ske
322 940 4 19 i
342 940 57 25 afsigt
413 942 27 17 att
455 940 46 20 med
514 940 39 19 den
567 940 113 19 villfarande
695 940 108 20 lärosatsen
815 940 85 26 bedraga
910 941 27 19 el-

195 968 29 18 ler
237 966 74 20 förleda
325 972 71 18 annan;
415 967 38 18 och
467 966 71 24 kunde,
555 966 5 19 i
575 966 92 19 afseende
682 966 11 19 å
708 967 37 19 Jen
759 967 5 19 i
779 967 24 19 28
814 967 11 25 $
838 967 98 19 omtalade

194 993 88 25 varning,
299 992 114 25 hänvisning
427 993 35 19 ske
477 993 28 20 till
519 994 12 18 4
545 992 11 26 $
568 992 6 19 i
589 992 67 26 Kongl.
673 993 85 25 Stadgan
771 994 21 18 af
800 993 39 19 den
849 994 25 19 20
884 994 52 20 Mars

198 1020 57 20 1735.

251 1046 27 19 Dä
295 1046 25 19 52
338 1045 9 25 $
366 1046 11 18 7
389 1045 51 26 kap.
458 1045 91 26 möjligen
566 1045 67 20 kunde
648 1046 124 19 missförstäs
794 1045 93 27 sälunda,
910 1049 28 17 att

197 1072 141 20 tukthusstraff
352 1072 127 26 ovilkorligen
497 1072 62 20 borde
576 1071 44 25 följa
637 1072 58 20 äfven
712 1072 10 20 ä
739 1072 60 20 sådan
814 1073 50 20 stöld
878 1076 34 17 ute
927 1073 11 20 å

198 1099 62 23 mark,
277 1104 44 14 som
334 1099 102 19 innefattar
450 1098 110 25 mjölkande
574 1099 20 19 af
606 1104 74 14 annans
695 1098 10 20 ä
720 1099 45 20 bete
774 1099 75 25 gående
858 1100 80 20 kreatur

198 1126 36 19 och
249 1127 22 17 är
285 1125 104 19 omnämnd
404 1124 6 19 i
425 1126 23 18 37
464 1125 16 25 $,
496 1127 63 18 ehuru
568 1124 218 22 Redaktionskomitens
796 1126 84 19 motiver
889 1132 50 20 upp-

198 1152 51 26 lysa,
269 1154 28 17 att
313 1152 53 19 detta
383 1151 44 19 icke
443 1152 51 19 varit
511 1152 93 25 alsigten,
623 1154 47 17 utan
685 1154 27 17 att
725 1152 143 20 tukthusstraff
878 1153 62 20 borde

198 1179 30 18 för
244 1178 53 26 dylik
315 1178 51 20 stöld
382 1178 82 20 ädömas
478 1178 83 20 allenast
575 1178 32 20 vid
623 1178 127 20 försvärande
764 1179 174 25 omständigheter,

199 1204 21 20 sä
235 1204 36 19 har
285 1204 107 25 Utskottet,
410 1209 43 14 som
466 1205 57 19 äfven
538 1205 29 19 för
582 1205 30 18 sin
627 1204 29 20 del
673 1204 73 20 biträdt
759 1205 62 19 denna
836 1205 57 25 äsigt,
908 1212 32 14 an-

198 1233 40 17 sett
255 1231 24 19 52
297 1230 9 24 $
323 1230 47 20 böra
388 1236 69 20 genom
475 1230 143 26 omredigering
632 1231 73 19 erhålla
719 1232 38 19 den
772 1232 82 26 lydelse,
870 1234 28 17 att
913 1235 27 17 ett

199 1256 71 20 sådant
283 1257 138 20 missförstånd
434 1258 66 18 blefve
514 1257 109 26 förebygdt.

252 1283 68 19 Ehuru
335 1283 99 20 Utskottet
448 1284 96 20 erkänner
558 1284 143 25 behöfligheten
716 1285 20 18 af
747 1286 28 18 ett
784 1284 70 20 sådant
862 1285 78 20 allmänt

198 1309 107 26 stadgande
323 1316 33 13 om
373 1310 118 19 skadestånd
508 1311 6 18 i
528 1310 103 26 anledning
645 1310 20 19 af
678 1311 59 23 brott,
754 1316 44 14 som
812 1310 108 21 innehälles
935 1312 4 18 i

200 1336 24 18 54
237 1336 15 24 $,
269 1338 51 16 samt
334 1336 77 18 derföre
424 1336 59 18 äfven
497 1337 29 18 för
540 1336 29 18 sin
584 1336 30 18 del
629 1336 84 24 godkänt
727 1337 62 19 denna
802 1338 99 24 paragraf,
918 1336 22 20 sä

199 1361 35 19 har
248 1362 101 18 Utskottet
363 1361 67 23 likväl,
448 1362 5 18 i
467 1362 102 24 anledning
583 1361 63 25 deraf,
663 1364 48 17 trott
726 1362 29 26 sig
768 1362 48 20 böra
830 1363 49 19 fästa
894 1364 47 24 hög-

198 1387 62 25 lofliga
277 1387 120 19 Ständernas
414 1388 176 24 uppmärksamhet
608 1387 32 20 vid
660 1394 24 13 en
704 1388 51 20 brist
775 1389 27 19 uti
823 1389 117 25 nugällande

198 1414 117 25 lagstiftning
334 1420 31 13 om
384 1414 118 20 skadestånd
520 1415 4 18 i
542 1414 103 25 anledning
661 1414 21 20 af
697 1415 57 25 brott,
772 1415 77 19 hvilken
864 1416 5 18 i
885 1421 55 19 para-
