1003 1759
277 109 70 24 Nådiga
358 110 139 23 Propositionen
509 110 37 18 N:o
558 110 28 17 11.
771 110 46 24 199.

264 158 73 26 gående
355 160 86 19 säkerhet
454 160 35 24 för
500 159 121 27 fullgörande
640 160 23 25 af
684 159 118 27 delegarenes

260 187 132 25 förbindelser,
407 194 31 12 om
453 188 61 26 tillsyn
528 187 13 19 &
558 188 53 25 gifna
623 187 130 26 föreskrifters
773 188 29 19 be-

266 215 65 26 höriga
346 216 121 24 iakttagande
481 216 45 18 eller
538 216 8 18 i
560 218 58 16 annat
635 214 92 27 syftemäl.
757 216 44 19 Fin

266 249 33 13 nes
313 243 42 19 skäl
369 245 28 17 att
411 243 35 19 den
456 244 54 18 sökta
519 243 130 25 stadfästelsen
659 243 90 23 meddela,
759 250 42 13 var-

266 271 23 19 de
298 270 166 26 bolagsordningen
474 272 33 18 och
517 271 76 19 beslutet
596 270 98 26 företedde
704 271 34 19 hos
748 270 53 20 Räd-

266 300 122 25 stufvurätten
402 299 43 19 eller
459 299 139 19 Häradsrätten
611 300 7 17 i
633 299 35 18 den
682 301 36 21 ort,
728 299 34 19 der
771 299 29 19 bo-

266 328 58 24 lagets
338 327 78 25 styrelse
425 328 56 24 enligt
490 326 165 26 bolagsordningen
668 326 36 19 har
713 328 32 18 sitt
753 329 47 17 säte.

267 354 69 20 Rätten
351 356 61 23 intage
431 354 99 20 innehållet
543 354 57 26 deraf
608 354 122 26 fullständigt
746 355 7 18 i
771 355 31 18 sitt

264 382 92 27 protokoll
366 383 33 19 och
409 382 37 20 låte
455 382 132 20 underrättelse
597 388 30 14 om
636 382 79 26 bolaget,
725 381 28 26 på
763 382 38 19 det-

266 417 83 15 sammas
364 410 107 24 bekostnad,
487 412 7 17 i
508 410 72 20 landets
594 410 96 19 allmänna
704 410 54 19 säväl
767 410 34 22 fin-

265 440 36 20 ska
315 445 40 13 som
369 439 79 19 svenska
463 438 93 26 tidningar
570 439 77 25 införas,
663 438 60 19 derest
737 438 24 26 ej,
771 444 30 13 en-

266 470 32 24 ligt
317 466 90 20 Senatens
420 466 142 26 förordnande,
582 466 70 20 allmän
670 466 107 26 kungörelse
794 467 7 17 i

266 498 61 18 ämnet
342 495 58 26 blifvit
412 495 96 26 utfärdad.

507 565 12 27 g
538 565 19 19 4.

323 612 119 25 Förändring
457 618 20 19 aj
492 610 165 27 bolagsordningen
671 616 32 20 ege
718 610 16 26 &
742 610 59 26 giltig-

266 642 35 22 het,
316 640 41 20 med
371 640 72 20 mindre
457 640 35 19 den
506 639 69 20 varder
588 638 115 26 stadfästad;
716 638 33 20 och
758 644 45 14 vare

261 669 71 26 jemväl
346 675 29 13 om
389 669 89 19 anmälan
493 668 33 20 hos
542 666 70 20 Rätten
626 668 25 24 af
661 666 62 20 sädan
734 667 68 25 förän-

266 698 54 25 dring
335 697 31 26 lag
381 703 39 13 som
434 698 6 17 i
455 698 12 23 $
482 696 14 20 3
510 694 56 27 sagdi
581 697 29 19 är.

508 764 12 26 g
534 750 24 46 5.

323 810 30 19 De
367 809 111 26 sysslomän,
494 814 40 14 som
547 808 66 24 utgöra
628 806 81 24 bolagets
719 806 84 26 styrelse,

268 844 32 20 ege
310 839 35 24 för
359 837 71 25 bolaget
445 837 39 19 tala
498 836 33 20 och
542 840 56 14 svara
613 836 48 18 samt
671 834 46 18 böra
727 834 38 19 alla
775 834 27 24 af-

268 866 117 25 handlingar,
401 871 39 13 som
454 865 24 19 de
486 865 35 25 för
536 862 71 26 bolaget
621 861 54 26 ingå,
690 861 114 20 undertekna

268 894 10 20 &
281 894 96 28 bolagets
395 896 73 22 vägnar
487 892 43 27 och
538 890 42 20 med
598 889 106 21 utsättande
723 890 24 24 af
761 890 43 19 dess

267 925 84 23 antagna
369 921 116 25 benämning.
514 920 64 24 Aligge
595 919 34 19 ock
648 918 156 26 bolagsstyrelsen

267 953 28 17 att
309 952 6 17 i
325 950 95 19 allmänna
430 949 117 25 tidningarne
556 947 91 25 kungöra,
657 946 24 25 af
692 946 62 19 hvilka
761 952 43 19 per-

268 985 55 13 soner
337 977 58 25 sagde
409 978 77 25 styrelse
500 974 68 25 består,
583 975 34 19 och
626 974 61 20 hvilka
691 974 112 25 förändrin-

266 1014 37 18 gar
317 1007 42 19 dess
373 1006 88 24 personal
475 1002 100 27 undergår.
813 1018 2 2 N

508 1072 72 27 $6..

326 1114 62 20 Innan
402 1114 72 25 bolaget
488 1112 86 26 upplöses
588 1110 34 20 och
636 1110 39 20 alla
693 1110 43 20 dess
753 1110 49 20 skul-

268 1144 33 19 der
314 1142 59 26 blifvit
385 1142 118 25 godtgjorda,
521 1139 31 21 mä
570 1140 16 25 &
604 1139 73 25 bolaget
695 1140 24 24 af
733 1137 71 27 tillgän-

266 1177 59 20 garne
337 1172 48 24 göra
399 1170 64 19 vidare
480 1169 95 24 utdelning
594 1167 77 19 emellan
688 1167 115 25 bolagsmän-

267 1206 42 16 nen,
324 1201 25 16 än
363 1200 34 21 att,
413 1198 54 24 enligt
481 1195 152 27 nästföregäende
643 1194 33 20 års
686 1194 78 24 bokslut,
775 1194 30 20 sä-

268 1228 46 18 dant
329 1226 100 26 öfverskott
443 1227 6 17 i
458 1224 121 26 förhållande
590 1224 25 18 till
626 1223 179 25 teckningssumman

261 1256 71 25 finnes,
347 1260 40 12 som
400 1252 166 26 bolagsordningen
581 1251 115 19 bestämmer.
716 1250 87 20 Medlem-

267 1290 42 12 mar
322 1282 24 25 af
357 1282 90 25 styrelsen
457 1281 44 19 eller
510 1280 78 26 bolaget,
600 1278 61 19 hvilka
675 1280 7 17 i
696 1278 57 25 något
762 1278 42 19 här-

266 1312 47 18 emot
327 1309 96 19 stridande
438 1308 57 19 beslut
510 1308 82 24 deltaga,
607 1306 44 19 eller
663 1306 139 25 bolagsordnin-

264 1345 37 19 gen
315 1339 6 17 i
336 1344 64 12 annan
414 1336 56 19 måtto
485 1335 113 27 öfverträda,
613 1341 45 12 vare
672 1334 84 26 skyldige
769 1336 33 21 att,

266 1374 22 12 en
296 1367 36 24 för
345 1365 38 19 alla
398 1365 34 19 och
446 1365 38 18 alla
492 1366 36 24 för
541 1369 29 17 en,
584 1365 70 17 ersätta
663 1363 26 19 all
697 1368 66 20 genom
772 1361 30 20 så-

266 1396 39 18 dan
319 1392 129 26 öfverträdelse
462 1392 122 25 uppkommen
598 1390 68 20 skada.
