<?xml version="1.0" encoding="UTF-8"?>
<alto xmlns="http://www.loc.gov/standards/alto/ns-v3#" xmlns:xlink="http://www.w3.org/1999/xlink" xmlns:xsi="http://www.w3.org/2001/XMLSchema-instance" xsi:schemaLocation="http://www.loc.gov/standards/alto/ns-v3# http://www.loc.gov/alto/v3/alto-3-0.xsd">
	<Description>
		<MeasurementUnit>pixel</MeasurementUnit>
		<sourceImageInformation>
			<fileName>/tmp/tess_ew0pz8do_input.PNG</fileName>
		</sourceImageInformation>
		<OCRProcessing ID="OCR_0">
			<ocrProcessingStep>
				<processingSoftware>
					<softwareName>tesseract 5.3.4</softwareName>
				</processingSoftware>
			</ocrProcessingStep>
		</OCRProcessing>
	</Description>
	<Layout>
		<Page WIDTH="1014" HEIGHT="1806" PHYSICAL_IMG_NR="0" ID="page_0">
			<PrintSpace HPOS="0" VPOS="0" WIDTH="1014" HEIGHT="1806">
				<ComposedBlock ID="cblock_0" HPOS="277" VPOS="120" WIDTH="529" HEIGHT="23">
					<TextBlock ID="block_0" HPOS="277" VPOS="120" WIDTH="529" HEIGHT="23">
						<TextLine ID="line_0" HPOS="277" VPOS="120" WIDTH="529" HEIGHT="23">
							<String ID="string_0" HPOS="277" VPOS="120" WIDTH="72" HEIGHT="23" WC="0.91" CONTENT="Nådiga"/><SP WIDTH="11" VPOS="120" HPOS="349"/>
							<String ID="string_1" HPOS="360" VPOS="121" WIDTH="139" HEIGHT="22" WC="0.95" CONTENT="Propositionen"/><SP WIDTH="14" VPOS="121" HPOS="499"/>
							<String ID="string_2" HPOS="513" VPOS="121" WIDTH="35" HEIGHT="18" WC="0.96" CONTENT="N:o"/><SP WIDTH="12" VPOS="121" HPOS="548"/>
							<String ID="string_3" HPOS="560" VPOS="121" WIDTH="17" HEIGHT="17" WC="0.95" CONTENT="2."/><SP WIDTH="207" VPOS="121" HPOS="577"/>
							<String ID="string_4" HPOS="784" VPOS="121" WIDTH="22" HEIGHT="20" WC="0.62" CONTENT="57"/>
						</TextLine>
					</TextBlock>
				</ComposedBlock>
				<ComposedBlock ID="cblock_1" HPOS="262" VPOS="170" WIDTH="547" HEIGHT="401">
					<TextBlock ID="block_1" HPOS="512" VPOS="170" WIDTH="46" HEIGHT="25">
						<TextLine ID="line_1" HPOS="512" VPOS="170" WIDTH="46" HEIGHT="25">
							<String ID="string_5" HPOS="512" VPOS="172" WIDTH="12" HEIGHT="23" WC="0.60" CONTENT="$"/><SP WIDTH="16" VPOS="172" HPOS="524"/>
							<String ID="string_6" HPOS="540" VPOS="170" WIDTH="18" HEIGHT="19" WC="0.93" CONTENT="8."/>
						</TextLine>
					</TextBlock>
					<TextBlock ID="block_2" HPOS="262" VPOS="206" WIDTH="547" HEIGHT="365">
						<TextLine ID="line_2" HPOS="324" VPOS="206" WIDTH="482" HEIGHT="30">
							<String ID="string_7" HPOS="324" VPOS="206" WIDTH="40" HEIGHT="23" WC="0.91" CONTENT="Äro"/><SP WIDTH="8" VPOS="206" HPOS="364"/>
							<String ID="string_8" HPOS="372" VPOS="211" WIDTH="50" HEIGHT="24" WC="0.95" CONTENT="flere"/><SP WIDTH="8" VPOS="211" HPOS="422"/>
							<String ID="string_9" HPOS="430" VPOS="210" WIDTH="125" HEIGHT="26" WC="0.96" CONTENT="förmyndare"/><SP WIDTH="15" VPOS="210" HPOS="555"/>
							<String ID="string_10" HPOS="570" VPOS="210" WIDTH="33" HEIGHT="19" WC="0.93" CONTENT="och"/><SP WIDTH="14" VPOS="210" HPOS="603"/>
							<String ID="string_11" HPOS="617" VPOS="210" WIDTH="45" HEIGHT="26" WC="0.96" CONTENT="vilja"/><SP WIDTH="14" VPOS="210" HPOS="662"/>
							<String ID="string_12" HPOS="676" VPOS="210" WIDTH="24" HEIGHT="19" WC="0.93" CONTENT="de"/><SP WIDTH="14" VPOS="210" HPOS="700"/>
							<String ID="string_13" HPOS="714" VPOS="210" WIDTH="42" HEIGHT="20" WC="0.93" CONTENT="dela"/><SP WIDTH="10" VPOS="210" HPOS="756"/>
							<String ID="string_14" HPOS="766" VPOS="212" WIDTH="40" HEIGHT="24" WC="0.87" CONTENT="för-"/>
						</TextLine>
						<TextLine ID="line_3" HPOS="269" VPOS="238" WIDTH="539" HEIGHT="25">
							<String ID="string_15" HPOS="269" VPOS="238" WIDTH="106" HEIGHT="25" WC="0.91" CONTENT="valtningen"/><SP WIDTH="25" VPOS="238" HPOS="375"/>
							<String ID="string_16" HPOS="400" VPOS="240" WIDTH="28" HEIGHT="23" WC="0.93" CONTENT="sig"/><SP WIDTH="26" VPOS="240" HPOS="428"/>
							<String ID="string_17" HPOS="454" VPOS="239" WIDTH="85" HEIGHT="22" WC="0.89" CONTENT="emellan,"/><SP WIDTH="21" VPOS="239" HPOS="539"/>
							<String ID="string_18" HPOS="560" VPOS="239" WIDTH="65" HEIGHT="24" WC="0.91" CONTENT="pröfve"/><SP WIDTH="22" VPOS="239" HPOS="625"/>
							<String ID="string_19" HPOS="647" VPOS="238" WIDTH="77" HEIGHT="24" WC="0.90" CONTENT="Rätten,"/><SP WIDTH="25" VPOS="238" HPOS="724"/>
							<String ID="string_20" HPOS="749" VPOS="239" WIDTH="59" HEIGHT="19" WC="0.96" CONTENT="under"/>
						</TextLine>
						<TextLine ID="line_4" HPOS="269" VPOS="265" WIDTH="539" HEIGHT="27">
							<String ID="string_21" HPOS="269" VPOS="265" WIDTH="58" HEIGHT="19" WC="0.80" CONTENT="hoars"/><SP WIDTH="14" VPOS="265" HPOS="327"/>
							<String ID="string_22" HPOS="341" VPOS="265" WIDTH="87" HEIGHT="20" WC="0.93" CONTENT="vårdnad"/><SP WIDTH="8" VPOS="265" HPOS="428"/>
							<String ID="string_23" HPOS="436" VPOS="266" WIDTH="179" HEIGHT="26" WC="0.91" CONTENT="förmynderskapet"/><SP WIDTH="13" VPOS="266" HPOS="615"/>
							<String ID="string_24" HPOS="628" VPOS="266" WIDTH="48" HEIGHT="23" WC="0.96" CONTENT="står,"/><SP WIDTH="20" VPOS="266" HPOS="676"/>
							<String ID="string_25" HPOS="696" VPOS="273" WIDTH="30" HEIGHT="13" WC="0.95" CONTENT="om"/><SP WIDTH="20" VPOS="273" HPOS="726"/>
							<String ID="string_26" HPOS="746" VPOS="267" WIDTH="34" HEIGHT="19" WC="0.95" CONTENT="och"/><SP WIDTH="21" VPOS="267" HPOS="780"/>
							<String ID="string_27" HPOS="801" VPOS="268" WIDTH="7" HEIGHT="17" WC="0.96" CONTENT="i"/>
						</TextLine>
						<TextLine ID="line_5" HPOS="270" VPOS="293" WIDTH="536" HEIGHT="26">
							<String ID="string_28" HPOS="270" VPOS="294" WIDTH="51" HEIGHT="18" WC="0.96" CONTENT="hvad"/><SP WIDTH="13" VPOS="294" HPOS="321"/>
							<String ID="string_29" HPOS="334" VPOS="293" WIDTH="44" HEIGHT="19" WC="0.96" CONTENT="män"/><SP WIDTH="16" VPOS="293" HPOS="378"/>
							<String ID="string_30" HPOS="394" VPOS="294" WIDTH="30" HEIGHT="19" WC="0.93" CONTENT="det"/><SP WIDTH="16" VPOS="294" HPOS="424"/>
							<String ID="string_31" HPOS="440" VPOS="294" WIDTH="68" HEIGHT="19" WC="0.96" CONTENT="tillåtas"/><SP WIDTH="15" VPOS="294" HPOS="508"/>
							<String ID="string_32" HPOS="523" VPOS="294" WIDTH="39" HEIGHT="24" WC="0.96" CONTENT="mä;"/><SP WIDTH="15" VPOS="294" HPOS="562"/>
							<String ID="string_33" HPOS="577" VPOS="294" WIDTH="33" HEIGHT="19" WC="0.93" CONTENT="och"/><SP WIDTH="12" VPOS="294" HPOS="610"/>
							<String ID="string_34" HPOS="622" VPOS="296" WIDTH="46" HEIGHT="23" WC="0.96" CONTENT="göre"/><SP WIDTH="14" VPOS="296" HPOS="668"/>
							<String ID="string_35" HPOS="682" VPOS="301" WIDTH="23" HEIGHT="12" WC="0.93" CONTENT="en"/><SP WIDTH="14" VPOS="301" HPOS="705"/>
							<String ID="string_36" HPOS="719" VPOS="295" WIDTH="47" HEIGHT="18" WC="0.93" CONTENT="hvar"/><SP WIDTH="14" VPOS="295" HPOS="766"/>
							<String ID="string_37" HPOS="780" VPOS="300" WIDTH="26" HEIGHT="13" WC="0.90" CONTENT="se-"/>
						</TextLine>
						<TextLine ID="line_6" HPOS="270" VPOS="321" WIDTH="538" HEIGHT="26">
							<String ID="string_38" HPOS="270" VPOS="322" WIDTH="40" HEIGHT="18" WC="0.93" CONTENT="dan"/><SP WIDTH="15" VPOS="322" HPOS="310"/>
							<String ID="string_39" HPOS="325" VPOS="321" WIDTH="44" HEIGHT="19" WC="0.90" CONTENT="redo"/><SP WIDTH="9" VPOS="321" HPOS="369"/>
							<String ID="string_40" HPOS="378" VPOS="322" WIDTH="36" HEIGHT="24" WC="0.96" CONTENT="för"/><SP WIDTH="14" VPOS="322" HPOS="414"/>
							<String ID="string_41" HPOS="428" VPOS="323" WIDTH="30" HEIGHT="18" WC="0.96" CONTENT="sin"/><SP WIDTH="14" VPOS="323" HPOS="458"/>
							<String ID="string_42" HPOS="472" VPOS="322" WIDTH="35" HEIGHT="19" WC="0.93" CONTENT="del."/><SP WIDTH="12" VPOS="322" HPOS="507"/>
							<String ID="string_43" HPOS="519" VPOS="322" WIDTH="64" HEIGHT="25" WC="0.91" CONTENT="Hafva"/><SP WIDTH="14" VPOS="322" HPOS="583"/>
							<String ID="string_44" HPOS="597" VPOS="322" WIDTH="23" HEIGHT="18" WC="0.93" CONTENT="de"/><SP WIDTH="15" VPOS="322" HPOS="620"/>
							<String ID="string_45" HPOS="635" VPOS="322" WIDTH="173" HEIGHT="25" WC="0.89" CONTENT="förmynderskapet"/>
						</TextLine>
						<TextLine ID="line_7" HPOS="271" VPOS="349" WIDTH="536" HEIGHT="26">
							<String ID="string_46" HPOS="271" VPOS="349" WIDTH="81" HEIGHT="23" WC="0.91" CONTENT="odeladt,"/><SP WIDTH="17" VPOS="349" HPOS="352"/>
							<String ID="string_47" HPOS="369" VPOS="356" WIDTH="54" HEIGHT="12" WC="0.91" CONTENT="svare"/><SP WIDTH="15" VPOS="356" HPOS="423"/>
							<String ID="string_48" HPOS="438" VPOS="349" WIDTH="24" HEIGHT="19" WC="0.93" CONTENT="dä"/><SP WIDTH="16" VPOS="349" HPOS="462"/>
							<String ID="string_49" HPOS="478" VPOS="350" WIDTH="92" HEIGHT="19" WC="0.91" CONTENT="hvardera"/><SP WIDTH="16" VPOS="350" HPOS="570"/>
							<String ID="string_50" HPOS="586" VPOS="350" WIDTH="26" HEIGHT="18" WC="0.95" CONTENT="till"/><SP WIDTH="14" VPOS="350" HPOS="612"/>
							<String ID="string_51" HPOS="626" VPOS="350" WIDTH="38" HEIGHT="19" WC="0.96" CONTENT="lika"/><SP WIDTH="14" VPOS="350" HPOS="664"/>
							<String ID="string_52" HPOS="678" VPOS="350" WIDTH="30" HEIGHT="18" WC="0.96" CONTENT="del"/><SP WIDTH="8" VPOS="350" HPOS="708"/>
							<String ID="string_53" HPOS="716" VPOS="351" WIDTH="36" HEIGHT="24" WC="0.96" CONTENT="för"/><SP WIDTH="14" VPOS="351" HPOS="752"/>
							<String ID="string_54" HPOS="766" VPOS="350" WIDTH="41" HEIGHT="18" WC="0.97" CONTENT="hela"/>
						</TextLine>
						<TextLine ID="line_8" HPOS="262" VPOS="378" WIDTH="546" HEIGHT="25">
							<String ID="string_55" HPOS="262" VPOS="378" WIDTH="150" HEIGHT="25" WC="0.90" CONTENT="förvaltningen;"/><SP WIDTH="14" VPOS="378" HPOS="412"/>
							<String ID="string_56" HPOS="426" VPOS="378" WIDTH="47" HEIGHT="19" WC="0.93" CONTENT="dock"/><SP WIDTH="15" VPOS="378" HPOS="473"/>
							<String ID="string_57" HPOS="488" VPOS="384" WIDTH="43" HEIGHT="12" WC="0.95" CONTENT="vare"/><SP WIDTH="18" VPOS="384" HPOS="531"/>
							<String ID="string_58" HPOS="549" VPOS="378" WIDTH="17" HEIGHT="25" WC="0.95" CONTENT="ej"/><SP WIDTH="18" VPOS="378" HPOS="566"/>
							<String ID="string_59" HPOS="584" VPOS="378" WIDTH="35" HEIGHT="18" WC="0.96" CONTENT="den"/><SP WIDTH="18" VPOS="378" HPOS="619"/>
							<String ID="string_60" HPOS="637" VPOS="384" WIDTH="33" HEIGHT="12" WC="0.93" CONTENT="ene"/><SP WIDTH="18" VPOS="384" HPOS="670"/>
							<String ID="string_61" HPOS="688" VPOS="378" WIDTH="74" HEIGHT="25" WC="0.96" CONTENT="skyldig"/><SP WIDTH="19" VPOS="378" HPOS="762"/>
							<String ID="string_62" HPOS="781" VPOS="380" WIDTH="27" HEIGHT="16" WC="0.91" CONTENT="att"/>
						</TextLine>
						<TextLine ID="line_9" HPOS="267" VPOS="406" WIDTH="540" HEIGHT="25">
							<String ID="string_63" HPOS="267" VPOS="406" WIDTH="83" HEIGHT="25" WC="0.83" CONTENT="umgälla"/><SP WIDTH="20" VPOS="406" HPOS="350"/>
							<String ID="string_64" HPOS="370" VPOS="406" WIDTH="34" HEIGHT="19" WC="0.91" CONTENT="den"/><SP WIDTH="23" VPOS="406" HPOS="404"/>
							<String ID="string_65" HPOS="427" VPOS="406" WIDTH="68" HEIGHT="19" WC="0.94" CONTENT="andres"/><SP WIDTH="21" VPOS="406" HPOS="495"/>
							<String ID="string_66" HPOS="516" VPOS="406" WIDTH="116" HEIGHT="19" WC="0.94" CONTENT="vårdslöshet"/><SP WIDTH="22" VPOS="406" HPOS="632"/>
							<String ID="string_67" HPOS="654" VPOS="406" WIDTH="43" HEIGHT="19" WC="0.93" CONTENT="eller"/><SP WIDTH="12" VPOS="406" HPOS="697"/>
							<String ID="string_68" HPOS="709" VPOS="406" WIDTH="98" HEIGHT="25" WC="0.95" CONTENT="förseelse,"/>
						</TextLine>
						<TextLine ID="line_10" HPOS="269" VPOS="434" WIDTH="539" HEIGHT="25">
							<String ID="string_69" HPOS="269" VPOS="440" WIDTH="40" HEIGHT="13" WC="0.96" CONTENT="som"/><SP WIDTH="15" VPOS="440" HPOS="309"/>
							<String ID="string_70" HPOS="324" VPOS="434" WIDTH="37" HEIGHT="18" WC="0.93" CONTENT="han"/><SP WIDTH="16" VPOS="434" HPOS="361"/>
							<String ID="string_71" HPOS="377" VPOS="434" WIDTH="16" HEIGHT="25" WC="0.95" CONTENT="ej"/><SP WIDTH="9" VPOS="434" HPOS="393"/>
							<String ID="string_72" HPOS="402" VPOS="434" WIDTH="119" HEIGHT="25" WC="0.96" CONTENT="förekomma"/><SP WIDTH="15" VPOS="434" HPOS="521"/>
							<String ID="string_73" HPOS="536" VPOS="434" WIDTH="76" HEIGHT="19" WC="0.92" CONTENT="kunnat."/><SP WIDTH="17" VPOS="434" HPOS="612"/>
							<String ID="string_74" HPOS="629" VPOS="434" WIDTH="76" HEIGHT="19" WC="0.96" CONTENT="Saknas"/><SP WIDTH="15" VPOS="434" HPOS="705"/>
							<String ID="string_75" HPOS="720" VPOS="434" WIDTH="34" HEIGHT="19" WC="0.96" CONTENT="hos"/><SP WIDTH="19" VPOS="434" HPOS="754"/>
							<String ID="string_76" HPOS="773" VPOS="434" WIDTH="35" HEIGHT="18" WC="0.96" CONTENT="den"/>
						</TextLine>
						<TextLine ID="line_11" HPOS="268" VPOS="461" WIDTH="541" HEIGHT="26">
							<String ID="string_77" HPOS="268" VPOS="468" WIDTH="33" HEIGHT="12" WC="0.93" CONTENT="ene"/><SP WIDTH="16" VPOS="468" HPOS="301"/>
							<String ID="string_78" HPOS="317" VPOS="461" WIDTH="75" HEIGHT="26" WC="0.91" CONTENT="lillgång"/><SP WIDTH="16" VPOS="461" HPOS="392"/>
							<String ID="string_79" HPOS="408" VPOS="463" WIDTH="27" HEIGHT="18" WC="0.93" CONTENT="till"/><SP WIDTH="15" VPOS="463" HPOS="435"/>
							<String ID="string_80" HPOS="450" VPOS="463" WIDTH="49" HEIGHT="18" WC="0.96" CONTENT="hvad"/><SP WIDTH="14" VPOS="463" HPOS="499"/>
							<String ID="string_81" HPOS="513" VPOS="463" WIDTH="38" HEIGHT="18" WC="0.93" CONTENT="han"/><SP WIDTH="13" VPOS="463" HPOS="551"/>
							<String ID="string_82" HPOS="564" VPOS="462" WIDTH="61" HEIGHT="19" WC="0.96" CONTENT="betala"/><SP WIDTH="15" VPOS="462" HPOS="625"/>
							<String ID="string_83" HPOS="640" VPOS="462" WIDTH="38" HEIGHT="23" WC="0.93" CONTENT="bör,"/><SP WIDTH="14" VPOS="462" HPOS="678"/>
							<String ID="string_84" HPOS="692" VPOS="468" WIDTH="45" HEIGHT="13" WC="0.96" CONTENT="vare"/><SP WIDTH="10" VPOS="468" HPOS="737"/>
							<String ID="string_85" HPOS="747" VPOS="461" WIDTH="20" HEIGHT="25" WC="0.96" CONTENT="ej"/><SP WIDTH="7" VPOS="461" HPOS="767"/>
							<String ID="string_86" HPOS="774" VPOS="461" WIDTH="35" HEIGHT="19" WC="0.97" CONTENT="den"/>
						</TextLine>
						<TextLine ID="line_12" HPOS="268" VPOS="489" WIDTH="540" HEIGHT="26">
							<String ID="string_87" HPOS="268" VPOS="489" WIDTH="59" HEIGHT="19" WC="0.92" CONTENT="andre"/><SP WIDTH="17" VPOS="489" HPOS="327"/>
							<String ID="string_88" HPOS="344" VPOS="490" WIDTH="65" HEIGHT="25" WC="0.92" CONTENT="pligtig"/><SP WIDTH="15" VPOS="490" HPOS="409"/>
							<String ID="string_89" HPOS="424" VPOS="493" WIDTH="28" HEIGHT="16" WC="0.93" CONTENT="att"/><SP WIDTH="17" VPOS="493" HPOS="452"/>
							<String ID="string_90" HPOS="469" VPOS="490" WIDTH="97" HEIGHT="25" WC="0.92" CONTENT="omyndigs"/><SP WIDTH="13" VPOS="490" HPOS="566"/>
							<String ID="string_91" HPOS="579" VPOS="491" WIDTH="72" HEIGHT="24" WC="0.91" CONTENT="förlust"/><SP WIDTH="19" VPOS="491" HPOS="651"/>
							<String ID="string_92" HPOS="670" VPOS="489" WIDTH="56" HEIGHT="26" WC="0.91" CONTENT="deraf"/><SP WIDTH="16" VPOS="489" HPOS="726"/>
							<String ID="string_93" HPOS="742" VPOS="489" WIDTH="66" HEIGHT="25" WC="0.91" CONTENT="gälda,"/>
						</TextLine>
						<TextLine ID="line_13" HPOS="267" VPOS="517" WIDTH="541" HEIGHT="26">
							<String ID="string_94" HPOS="267" VPOS="517" WIDTH="81" HEIGHT="26" WC="0.95" CONTENT="såframt"/><SP WIDTH="14" VPOS="517" HPOS="348"/>
							<String ID="string_95" HPOS="362" VPOS="518" WIDTH="38" HEIGHT="20" WC="0.96" CONTENT="han"/><SP WIDTH="20" VPOS="518" HPOS="400"/>
							<String ID="string_96" HPOS="420" VPOS="518" WIDTH="39" HEIGHT="19" WC="0.96" CONTENT="icke"/><SP WIDTH="13" VPOS="518" HPOS="459"/>
							<String ID="string_97" HPOS="472" VPOS="519" WIDTH="115" HEIGHT="24" WC="0.95" CONTENT="försummat"/><SP WIDTH="21" VPOS="519" HPOS="587"/>
							<String ID="string_98" HPOS="608" VPOS="521" WIDTH="29" HEIGHT="16" WC="0.94" CONTENT="att"/><SP WIDTH="21" VPOS="521" HPOS="637"/>
							<String ID="string_99" HPOS="658" VPOS="519" WIDTH="6" HEIGHT="18" WC="0.96" CONTENT="i"/><SP WIDTH="22" VPOS="519" HPOS="664"/>
							<String ID="string_100" HPOS="686" VPOS="518" WIDTH="27" HEIGHT="19" WC="0.96" CONTENT="tid"/><SP WIDTH="21" VPOS="518" HPOS="713"/>
							<String ID="string_101" HPOS="734" VPOS="517" WIDTH="74" HEIGHT="19" WC="0.96" CONTENT="skadan"/>
						</TextLine>
						<TextLine ID="line_14" HPOS="267" VPOS="546" WIDTH="84" HEIGHT="25">
							<String ID="string_102" HPOS="267" VPOS="546" WIDTH="84" HEIGHT="25" WC="0.90" CONTENT="afvärja."/>
						</TextLine>
					</TextBlock>
				</ComposedBlock>
				<ComposedBlock ID="cblock_2" HPOS="512" VPOS="603" WIDTH="50" HEIGHT="26">
					<TextBlock ID="block_3" HPOS="512" VPOS="603" WIDTH="50" HEIGHT="26">
						<TextLine ID="line_15" HPOS="512" VPOS="603" WIDTH="50" HEIGHT="26">
							<String ID="string_103" HPOS="512" VPOS="603" WIDTH="16" HEIGHT="26" WC="0.91" CONTENT="f"/><SP WIDTH="13" VPOS="603" HPOS="528"/>
							<String ID="string_104" HPOS="541" VPOS="589" WIDTH="21" HEIGHT="45" WC="0.77" CONTENT="9."/>
						</TextLine>
					</TextBlock>
				</ComposedBlock>
				<ComposedBlock ID="cblock_3" HPOS="265" VPOS="648" WIDTH="546" HEIGHT="279">
					<TextBlock ID="block_4" HPOS="265" VPOS="648" WIDTH="546" HEIGHT="279">
						<TextLine ID="line_16" HPOS="327" VPOS="648" WIDTH="482" HEIGHT="27">
							<String ID="string_105" HPOS="327" VPOS="648" WIDTH="90" HEIGHT="26" WC="0.91" CONTENT="Afträder"/><SP WIDTH="8" VPOS="648" HPOS="417"/>
							<String ID="string_106" HPOS="425" VPOS="649" WIDTH="125" HEIGHT="26" WC="0.92" CONTENT="förmyndare"/><SP WIDTH="16" VPOS="649" HPOS="550"/>
							<String ID="string_107" HPOS="566" VPOS="650" WIDTH="32" HEIGHT="17" WC="0.91" CONTENT="sitt"/><SP WIDTH="12" VPOS="650" HPOS="598"/>
							<String ID="string_108" HPOS="610" VPOS="649" WIDTH="48" HEIGHT="24" WC="0.96" CONTENT="gods"/><SP WIDTH="17" VPOS="649" HPOS="658"/>
							<String ID="string_109" HPOS="675" VPOS="649" WIDTH="27" HEIGHT="18" WC="0.93" CONTENT="till"/><SP WIDTH="19" VPOS="649" HPOS="702"/>
							<String ID="string_110" HPOS="721" VPOS="648" WIDTH="88" HEIGHT="25" WC="0.92" CONTENT="borgenä-"/>
						</TextLine>
						<TextLine ID="line_17" HPOS="269" VPOS="677" WIDTH="540" HEIGHT="26">
							<String ID="string_111" HPOS="269" VPOS="683" WIDTH="42" HEIGHT="13" WC="0.92" CONTENT="rers"/><SP WIDTH="9" VPOS="683" HPOS="311"/>
							<String ID="string_112" HPOS="320" VPOS="677" WIDTH="121" HEIGHT="26" WC="0.92" CONTENT="förnöjande,"/><SP WIDTH="16" VPOS="677" HPOS="441"/>
							<String ID="string_113" HPOS="457" VPOS="677" WIDTH="48" HEIGHT="19" WC="0.93" CONTENT="skall"/><SP WIDTH="15" VPOS="677" HPOS="505"/>
							<String ID="string_114" HPOS="520" VPOS="677" WIDTH="70" HEIGHT="18" WC="0.92" CONTENT="Rätten"/><SP WIDTH="15" VPOS="677" HPOS="590"/>
							<String ID="string_115" HPOS="605" VPOS="677" WIDTH="44" HEIGHT="18" WC="0.93" CONTENT="eller"/><SP WIDTH="15" VPOS="677" HPOS="649"/>
							<String ID="string_116" HPOS="664" VPOS="677" WIDTH="145" HEIGHT="25" WC="0.92" CONTENT="kommunalsty-"/>
						</TextLine>
						<TextLine ID="line_18" HPOS="269" VPOS="705" WIDTH="540" HEIGHT="26">
							<String ID="string_117" HPOS="269" VPOS="705" WIDTH="61" HEIGHT="20" WC="0.95" CONTENT="relsen"/><SP WIDTH="15" VPOS="705" HPOS="330"/>
							<String ID="string_118" HPOS="345" VPOS="705" WIDTH="43" HEIGHT="19" WC="0.93" CONTENT="eller"/><SP WIDTH="8" VPOS="705" HPOS="388"/>
							<String ID="string_119" HPOS="396" VPOS="705" WIDTH="218" HEIGHT="26" WC="0.87" CONTENT="förmyndarenämnden"/><SP WIDTH="15" VPOS="705" HPOS="614"/>
							<String ID="string_120" HPOS="629" VPOS="705" WIDTH="129" HEIGHT="25" WC="0.92" CONTENT="ofördröjligen"/><SP WIDTH="13" VPOS="705" HPOS="758"/>
							<String ID="string_121" HPOS="771" VPOS="705" WIDTH="38" HEIGHT="18" WC="0.91" CONTENT="vid-"/>
						</TextLine>
						<TextLine ID="line_19" HPOS="270" VPOS="732" WIDTH="539" HEIGHT="27">
							<String ID="string_122" HPOS="270" VPOS="735" WIDTH="46" HEIGHT="23" WC="0.89" CONTENT="taga"/><SP WIDTH="14" VPOS="735" HPOS="316"/>
							<String ID="string_123" HPOS="330" VPOS="732" WIDTH="74" HEIGHT="26" WC="0.90" CONTENT="ätgärd,"/><SP WIDTH="16" VPOS="732" HPOS="404"/>
							<String ID="string_124" HPOS="420" VPOS="736" WIDTH="28" HEIGHT="16" WC="0.94" CONTENT="att"/><SP WIDTH="14" VPOS="736" HPOS="448"/>
							<String ID="string_125" HPOS="462" VPOS="741" WIDTH="64" HEIGHT="13" WC="0.93" CONTENT="annan"/><SP WIDTH="7" VPOS="741" HPOS="526"/>
							<String ID="string_126" HPOS="533" VPOS="733" WIDTH="126" HEIGHT="26" WC="0.92" CONTENT="förmyndare"/><SP WIDTH="17" VPOS="733" HPOS="659"/>
							<String ID="string_127" HPOS="676" VPOS="733" WIDTH="133" HEIGHT="25" WC="0.90" CONTENT="tillförordnas,"/>
						</TextLine>
						<TextLine ID="line_20" HPOS="270" VPOS="761" WIDTH="539" HEIGHT="26">
							<String ID="string_128" HPOS="270" VPOS="762" WIDTH="34" HEIGHT="19" WC="0.96" CONTENT="och"/><SP WIDTH="14" VPOS="762" HPOS="304"/>
							<String ID="string_129" HPOS="318" VPOS="761" WIDTH="58" HEIGHT="19" WC="0.93" CONTENT="varde"/><SP WIDTH="15" VPOS="761" HPOS="376"/>
							<String ID="string_130" HPOS="391" VPOS="761" WIDTH="61" HEIGHT="26" WC="0.72" CONTENT="slullig"/><SP WIDTH="14" VPOS="761" HPOS="452"/>
							<String ID="string_131" HPOS="466" VPOS="762" WIDTH="116" HEIGHT="24" WC="0.96" CONTENT="redovisning"/><SP WIDTH="4" VPOS="762" HPOS="582"/>
							<String ID="string_132" HPOS="586" VPOS="762" WIDTH="36" HEIGHT="25" WC="0.93" CONTENT="för"/><SP WIDTH="3" VPOS="762" HPOS="622"/>
							<String ID="string_133" HPOS="625" VPOS="761" WIDTH="184" HEIGHT="25" WC="0.92" CONTENT="förmynderskapet,"/>
						</TextLine>
						<TextLine ID="line_21" HPOS="268" VPOS="789" WIDTH="541" HEIGHT="27">
							<String ID="string_134" HPOS="268" VPOS="795" WIDTH="31" HEIGHT="14" WC="0.96" CONTENT="om"/><SP WIDTH="15" VPOS="795" HPOS="299"/>
							<String ID="string_135" HPOS="314" VPOS="789" WIDTH="35" HEIGHT="19" WC="0.93" CONTENT="den"/><SP WIDTH="15" VPOS="789" HPOS="349"/>
							<String ID="string_136" HPOS="364" VPOS="789" WIDTH="113" HEIGHT="27" WC="0.93" CONTENT="afträdande"/><SP WIDTH="15" VPOS="789" HPOS="477"/>
							<String ID="string_137" HPOS="492" VPOS="790" WIDTH="44" HEIGHT="25" WC="0.96" CONTENT="sjelf"/><SP WIDTH="11" VPOS="790" HPOS="536"/>
							<String ID="string_138" HPOS="547" VPOS="789" WIDTH="16" HEIGHT="25" WC="0.87" CONTENT="ej"/><SP WIDTH="15" VPOS="789" HPOS="563"/>
							<String ID="string_139" HPOS="578" VPOS="789" WIDTH="61" HEIGHT="19" WC="0.93" CONTENT="sådan"/><SP WIDTH="13" VPOS="789" HPOS="639"/>
							<String ID="string_140" HPOS="652" VPOS="790" WIDTH="59" HEIGHT="24" WC="0.92" CONTENT="gifvit,"/><SP WIDTH="21" VPOS="790" HPOS="711"/>
							<String ID="string_141" HPOS="732" VPOS="789" WIDTH="24" HEIGHT="25" WC="0.96" CONTENT="af"/><SP WIDTH="11" VPOS="789" HPOS="756"/>
							<String ID="string_142" HPOS="767" VPOS="789" WIDTH="42" HEIGHT="23" WC="0.96" CONTENT="den,"/>
						</TextLine>
						<TextLine ID="line_22" HPOS="269" VPOS="817" WIDTH="541" HEIGHT="26">
							<String ID="string_143" HPOS="269" VPOS="824" WIDTH="40" HEIGHT="13" WC="0.96" CONTENT="som"/><SP WIDTH="15" VPOS="824" HPOS="309"/>
							<String ID="string_144" HPOS="324" VPOS="817" WIDTH="46" HEIGHT="19" WC="0.93" CONTENT="hans"/><SP WIDTH="16" VPOS="817" HPOS="370"/>
							<String ID="string_145" HPOS="386" VPOS="817" WIDTH="22" HEIGHT="20" WC="0.92" CONTENT="bo"/><SP WIDTH="14" VPOS="817" HPOS="408"/>
							<String ID="string_146" HPOS="422" VPOS="824" WIDTH="30" HEIGHT="13" WC="0.93" CONTENT="om"/><SP WIDTH="15" VPOS="824" HPOS="452"/>
							<String ID="string_147" HPOS="467" VPOS="817" WIDTH="71" HEIGHT="20" WC="0.91" CONTENT="händer"/><SP WIDTH="14" VPOS="817" HPOS="538"/>
							<String ID="string_148" HPOS="552" VPOS="819" WIDTH="58" HEIGHT="24" WC="0.91" CONTENT="tager,"/><SP WIDTH="17" VPOS="819" HPOS="610"/>
							<String ID="string_149" HPOS="627" VPOS="819" WIDTH="67" HEIGHT="23" WC="0.93" CONTENT="genast"/><SP WIDTH="14" VPOS="819" HPOS="694"/>
							<String ID="string_150" HPOS="708" VPOS="817" WIDTH="102" HEIGHT="25" WC="0.92" CONTENT="upprättad"/>
						</TextLine>
						<TextLine ID="line_23" HPOS="271" VPOS="845" WIDTH="540" HEIGHT="26">
							<String ID="string_151" HPOS="271" VPOS="846" WIDTH="34" HEIGHT="19" WC="0.93" CONTENT="och"/><SP WIDTH="14" VPOS="846" HPOS="305"/>
							<String ID="string_152" HPOS="319" VPOS="845" WIDTH="137" HEIGHT="26" WC="0.93" CONTENT="vederbörande"/><SP WIDTH="16" VPOS="845" HPOS="456"/>
							<String ID="string_153" HPOS="472" VPOS="846" WIDTH="83" HEIGHT="23" WC="0.81" CONTENT="tillstäld;"/><SP WIDTH="21" VPOS="846" HPOS="555"/>
							<String ID="string_154" HPOS="576" VPOS="845" WIDTH="48" HEIGHT="20" WC="0.93" CONTENT="vake"/><SP WIDTH="22" VPOS="845" HPOS="624"/>
							<String ID="string_155" HPOS="646" VPOS="845" WIDTH="32" HEIGHT="19" WC="0.96" CONTENT="ock"/><SP WIDTH="23" VPOS="845" HPOS="678"/>
							<String ID="string_156" HPOS="701" VPOS="845" WIDTH="37" HEIGHT="18" WC="0.95" CONTENT="han"/><SP WIDTH="22" VPOS="845" HPOS="738"/>
							<String ID="string_157" HPOS="760" VPOS="845" WIDTH="51" HEIGHT="25" WC="0.95" CONTENT="öfver"/>
						</TextLine>
						<TextLine ID="line_24" HPOS="272" VPOS="873" WIDTH="538" HEIGHT="26">
							<String ID="string_158" HPOS="272" VPOS="874" WIDTH="36" HEIGHT="19" WC="0.92" CONTENT="den"/><SP WIDTH="15" VPOS="874" HPOS="308"/>
							<String ID="string_159" HPOS="323" VPOS="873" WIDTH="107" HEIGHT="26" WC="0.91" CONTENT="omyndiges"/><SP WIDTH="16" VPOS="873" HPOS="430"/>
							<String ID="string_160" HPOS="446" VPOS="874" WIDTH="87" HEIGHT="25" WC="0.96" CONTENT="egendom"/><SP WIDTH="15" VPOS="874" HPOS="533"/>
							<String ID="string_161" HPOS="548" VPOS="874" WIDTH="33" HEIGHT="19" WC="0.96" CONTENT="och"/><SP WIDTH="15" VPOS="874" HPOS="581"/>
							<String ID="string_162" HPOS="596" VPOS="876" WIDTH="38" HEIGHT="17" WC="0.95" CONTENT="rätt"/><SP WIDTH="15" VPOS="876" HPOS="634"/>
							<String ID="string_163" HPOS="649" VPOS="873" WIDTH="27" HEIGHT="19" WC="0.96" CONTENT="till"/><SP WIDTH="14" VPOS="873" HPOS="676"/>
							<String ID="string_164" HPOS="690" VPOS="873" WIDTH="42" HEIGHT="19" WC="0.96" CONTENT="dess"/><SP WIDTH="14" VPOS="873" HPOS="732"/>
							<String ID="string_165" HPOS="746" VPOS="879" WIDTH="64" HEIGHT="13" WC="0.96" CONTENT="annan"/>
						</TextLine>
						<TextLine ID="line_25" HPOS="265" VPOS="901" WIDTH="293" HEIGHT="26">
							<String ID="string_166" HPOS="265" VPOS="901" WIDTH="126" HEIGHT="26" WC="0.93" CONTENT="förmyndare"/><SP WIDTH="16" VPOS="901" HPOS="391"/>
							<String ID="string_167" HPOS="407" VPOS="902" WIDTH="64" HEIGHT="19" WC="0.93" CONTENT="tillsatt"/><SP WIDTH="14" VPOS="902" HPOS="471"/>
							<String ID="string_168" HPOS="485" VPOS="902" WIDTH="73" HEIGHT="19" WC="0.92" CONTENT="varder."/>
						</TextLine>
					</TextBlock>
				</ComposedBlock>
				<ComposedBlock ID="cblock_4" HPOS="498" VPOS="962" WIDTH="66" HEIGHT="26">
					<TextBlock ID="block_5" HPOS="498" VPOS="962" WIDTH="66" HEIGHT="26">
						<TextLine ID="line_26" HPOS="498" VPOS="962" WIDTH="66" HEIGHT="26">
							<String ID="string_169" HPOS="498" VPOS="962" WIDTH="18" HEIGHT="26" WC="0.77" CONTENT="g"/><SP WIDTH="14" VPOS="962" HPOS="516"/>
							<String ID="string_170" HPOS="530" VPOS="962" WIDTH="34" HEIGHT="19" WC="0.93" CONTENT="10."/>
						</TextLine>
					</TextBlock>
				</ComposedBlock>
				<ComposedBlock ID="cblock_5" HPOS="272" VPOS="1001" WIDTH="541" HEIGHT="280">
					<TextBlock ID="block_6" HPOS="272" VPOS="1001" WIDTH="541" HEIGHT="280">
						<TextLine ID="line_27" HPOS="329" VPOS="1001" WIDTH="484" HEIGHT="26">
							<String ID="string_171" HPOS="329" VPOS="1001" WIDTH="42" HEIGHT="19" WC="0.92" CONTENT="Dör"/><SP WIDTH="7" VPOS="1001" HPOS="371"/>
							<String ID="string_172" HPOS="378" VPOS="1002" WIDTH="133" HEIGHT="25" WC="0.92" CONTENT="förmyndare,"/><SP WIDTH="15" VPOS="1002" HPOS="511"/>
							<String ID="string_173" HPOS="526" VPOS="1009" WIDTH="45" HEIGHT="12" WC="0.93" CONTENT="vare"/><SP WIDTH="15" VPOS="1009" HPOS="571"/>
							<String ID="string_174" HPOS="586" VPOS="1002" WIDTH="47" HEIGHT="19" WC="0.92" CONTENT="hans"/><SP WIDTH="21" VPOS="1002" HPOS="633"/>
							<String ID="string_175" HPOS="654" VPOS="1002" WIDTH="97" HEIGHT="25" WC="0.91" CONTENT="arfvingar"/><SP WIDTH="18" VPOS="1002" HPOS="751"/>
							<String ID="string_176" HPOS="769" VPOS="1001" WIDTH="44" HEIGHT="19" WC="0.93" CONTENT="eller"/>
						</TextLine>
						<TextLine ID="line_28" HPOS="272" VPOS="1029" WIDTH="540" HEIGHT="26">
							<String ID="string_177" HPOS="272" VPOS="1030" WIDTH="64" HEIGHT="22" WC="0.96" CONTENT="andre,"/><SP WIDTH="16" VPOS="1030" HPOS="336"/>
							<String ID="string_178" HPOS="352" VPOS="1036" WIDTH="40" HEIGHT="12" WC="0.93" CONTENT="som"/><SP WIDTH="18" VPOS="1036" HPOS="392"/>
							<String ID="string_179" HPOS="410" VPOS="1029" WIDTH="40" HEIGHT="20" WC="0.88" CONTENT="boet"/><SP WIDTH="20" VPOS="1029" HPOS="450"/>
							<String ID="string_180" HPOS="470" VPOS="1037" WIDTH="30" HEIGHT="12" WC="0.93" CONTENT="om"/><SP WIDTH="19" VPOS="1037" HPOS="500"/>
							<String ID="string_181" HPOS="519" VPOS="1030" WIDTH="72" HEIGHT="19" WC="0.92" CONTENT="händer"/><SP WIDTH="19" VPOS="1030" HPOS="591"/>
							<String ID="string_182" HPOS="610" VPOS="1030" WIDTH="62" HEIGHT="25" WC="0.91" CONTENT="hafva,"/><SP WIDTH="16" VPOS="1030" HPOS="672"/>
							<String ID="string_183" HPOS="688" VPOS="1030" WIDTH="78" HEIGHT="25" WC="0.92" CONTENT="pligtige"/><SP WIDTH="18" VPOS="1030" HPOS="766"/>
							<String ID="string_184" HPOS="784" VPOS="1032" WIDTH="28" HEIGHT="16" WC="0.90" CONTENT="att"/>
						</TextLine>
						<TextLine ID="line_29" HPOS="272" VPOS="1058" WIDTH="539" HEIGHT="25">
							<String ID="string_185" HPOS="272" VPOS="1058" WIDTH="100" HEIGHT="25" WC="0.90" CONTENT="dödsfallet"/><SP WIDTH="13" VPOS="1058" HPOS="372"/>
							<String ID="string_186" HPOS="385" VPOS="1060" WIDTH="46" HEIGHT="17" WC="0.93" CONTENT="utan"/><SP WIDTH="15" VPOS="1060" HPOS="431"/>
							<String ID="string_187" HPOS="446" VPOS="1058" WIDTH="88" HEIGHT="25" WC="0.89" CONTENT="dröjsmäl"/><SP WIDTH="15" VPOS="1058" HPOS="534"/>
							<String ID="string_188" HPOS="549" VPOS="1058" WIDTH="75" HEIGHT="20" WC="0.90" CONTENT="anmäla"/><SP WIDTH="21" VPOS="1058" HPOS="624"/>
							<String ID="string_189" HPOS="645" VPOS="1058" WIDTH="33" HEIGHT="21" WC="0.93" CONTENT="hos"/><SP WIDTH="20" VPOS="1058" HPOS="678"/>
							<String ID="string_190" HPOS="698" VPOS="1058" WIDTH="113" HEIGHT="19" WC="0.92" CONTENT="kommunal-"/>
						</TextLine>
						<TextLine ID="line_30" HPOS="272" VPOS="1086" WIDTH="538" HEIGHT="26">
							<String ID="string_191" HPOS="272" VPOS="1086" WIDTH="78" HEIGHT="26" WC="0.92" CONTENT="styrelse"/><SP WIDTH="16" VPOS="1086" HPOS="350"/>
							<String ID="string_192" HPOS="366" VPOS="1086" WIDTH="43" HEIGHT="18" WC="0.93" CONTENT="eller"/><SP WIDTH="8" VPOS="1086" HPOS="409"/>
							<String ID="string_193" HPOS="417" VPOS="1086" WIDTH="195" HEIGHT="26" WC="0.91" CONTENT="förmyndarenämnd"/><SP WIDTH="16" VPOS="1086" HPOS="612"/>
							<String ID="string_194" HPOS="628" VPOS="1086" WIDTH="42" HEIGHT="19" WC="0.86" CONTENT="eller"/><SP WIDTH="10" VPOS="1086" HPOS="670"/>
							<String ID="string_195" HPOS="680" VPOS="1086" WIDTH="36" HEIGHT="19" WC="0.96" CONTENT="den"/><SP WIDTH="9" VPOS="1086" HPOS="716"/>
							<String ID="string_196" HPOS="725" VPOS="1086" WIDTH="85" HEIGHT="22" WC="0.96" CONTENT="domstol,"/>
						</TextLine>
						<TextLine ID="line_31" HPOS="272" VPOS="1113" WIDTH="539" HEIGHT="27">
							<String ID="string_197" HPOS="272" VPOS="1114" WIDTH="60" HEIGHT="19" WC="0.93" CONTENT="under"/><SP WIDTH="14" VPOS="1114" HPOS="332"/>
							<String ID="string_198" HPOS="346" VPOS="1114" WIDTH="56" HEIGHT="18" WC="0.96" CONTENT="hvars"/><SP WIDTH="14" VPOS="1114" HPOS="402"/>
							<String ID="string_199" HPOS="416" VPOS="1113" WIDTH="87" HEIGHT="20" WC="0.93" CONTENT="vårdnad"/><SP WIDTH="13" VPOS="1113" HPOS="503"/>
							<String ID="string_200" HPOS="516" VPOS="1114" WIDTH="177" HEIGHT="26" WC="0.75" CONTENT="förmynderskapet"/><SP WIDTH="14" VPOS="1114" HPOS="693"/>
							<String ID="string_201" HPOS="707" VPOS="1114" WIDTH="45" HEIGHT="19" WC="0.92" CONTENT="står."/><SP WIDTH="17" VPOS="1114" HPOS="752"/>
							<String ID="string_202" HPOS="769" VPOS="1113" WIDTH="42" HEIGHT="21" WC="0.92" CONTENT="Arf-"/>
						</TextLine>
						<TextLine ID="line_32" HPOS="273" VPOS="1142" WIDTH="539" HEIGHT="26">
							<String ID="string_203" HPOS="273" VPOS="1144" WIDTH="89" HEIGHT="24" WC="0.91" CONTENT="vingarne"/><SP WIDTH="22" VPOS="1144" HPOS="362"/>
							<String ID="string_204" HPOS="384" VPOS="1142" WIDTH="54" HEIGHT="19" WC="0.91" CONTENT="skola"/><SP WIDTH="21" VPOS="1142" HPOS="438"/>
							<String ID="string_205" HPOS="459" VPOS="1143" WIDTH="34" HEIGHT="19" WC="0.91" CONTENT="ock"/><SP WIDTH="18" VPOS="1143" HPOS="493"/>
							<String ID="string_206" HPOS="511" VPOS="1142" WIDTH="50" HEIGHT="19" WC="0.93" CONTENT="vaka"/><SP WIDTH="19" VPOS="1142" HPOS="561"/>
							<String ID="string_207" HPOS="580" VPOS="1143" WIDTH="52" HEIGHT="24" WC="0.96" CONTENT="öfver"/><SP WIDTH="18" VPOS="1143" HPOS="632"/>
							<String ID="string_208" HPOS="650" VPOS="1142" WIDTH="36" HEIGHT="19" WC="0.93" CONTENT="den"/><SP WIDTH="19" VPOS="1142" HPOS="686"/>
							<String ID="string_209" HPOS="705" VPOS="1142" WIDTH="107" HEIGHT="26" WC="0.91" CONTENT="omyndiges"/>
						</TextLine>
						<TextLine ID="line_33" HPOS="273" VPOS="1170" WIDTH="539" HEIGHT="26">
							<String ID="string_210" HPOS="273" VPOS="1170" WIDTH="89" HEIGHT="26" WC="0.96" CONTENT="egendom"/><SP WIDTH="15" VPOS="1170" HPOS="362"/>
							<String ID="string_211" HPOS="377" VPOS="1170" WIDTH="33" HEIGHT="19" WC="0.96" CONTENT="och"/><SP WIDTH="19" VPOS="1170" HPOS="410"/>
							<String ID="string_212" HPOS="429" VPOS="1170" WIDTH="47" HEIGHT="23" WC="0.96" CONTENT="rätt,"/><SP WIDTH="20" VPOS="1170" HPOS="476"/>
							<String ID="string_213" HPOS="496" VPOS="1171" WIDTH="26" HEIGHT="19" WC="0.87" CONTENT="till"/><SP WIDTH="22" VPOS="1171" HPOS="522"/>
							<String ID="string_214" HPOS="544" VPOS="1170" WIDTH="42" HEIGHT="19" WC="0.96" CONTENT="dess"/><SP WIDTH="22" VPOS="1170" HPOS="586"/>
							<String ID="string_215" HPOS="608" VPOS="1177" WIDTH="63" HEIGHT="13" WC="0.93" CONTENT="annan"/><SP WIDTH="16" VPOS="1177" HPOS="671"/>
							<String ID="string_216" HPOS="687" VPOS="1170" WIDTH="125" HEIGHT="26" WC="0.91" CONTENT="förmyndare"/>
						</TextLine>
						<TextLine ID="line_34" HPOS="273" VPOS="1198" WIDTH="538" HEIGHT="26">
							<String ID="string_217" HPOS="273" VPOS="1199" WIDTH="65" HEIGHT="19" WC="0.93" CONTENT="tillsatt"/><SP WIDTH="14" VPOS="1199" HPOS="338"/>
							<String ID="string_218" HPOS="352" VPOS="1198" WIDTH="74" HEIGHT="23" WC="0.93" CONTENT="varder,"/><SP WIDTH="17" VPOS="1198" HPOS="426"/>
							<String ID="string_219" HPOS="443" VPOS="1201" WIDTH="49" HEIGHT="17" WC="0.93" CONTENT="samt"/><SP WIDTH="14" VPOS="1201" HPOS="492"/>
							<String ID="string_220" HPOS="506" VPOS="1199" WIDTH="79" HEIGHT="25" WC="0.96" CONTENT="derefter"/><SP WIDTH="8" VPOS="1199" HPOS="585"/>
							<String ID="string_221" HPOS="593" VPOS="1199" WIDTH="35" HEIGHT="25" WC="0.96" CONTENT="för"/><SP WIDTH="18" VPOS="1199" HPOS="628"/>
							<String ID="string_222" HPOS="646" VPOS="1199" WIDTH="34" HEIGHT="19" WC="0.93" CONTENT="den"/><SP WIDTH="19" VPOS="1199" HPOS="680"/>
							<String ID="string_223" HPOS="699" VPOS="1198" WIDTH="57" HEIGHT="20" WC="0.92" CONTENT="dödes"/><SP WIDTH="14" VPOS="1198" HPOS="756"/>
							<String ID="string_224" HPOS="770" VPOS="1199" WIDTH="41" HEIGHT="25" WC="0.93" CONTENT="för-"/>
						</TextLine>
						<TextLine ID="line_35" HPOS="272" VPOS="1226" WIDTH="541" HEIGHT="26">
							<String ID="string_225" HPOS="272" VPOS="1228" WIDTH="83" HEIGHT="24" WC="0.64" CONTENT="valtning"/><SP WIDTH="18" VPOS="1228" HPOS="355"/>
							<String ID="string_226" HPOS="373" VPOS="1227" WIDTH="24" HEIGHT="25" WC="0.93" CONTENT="af"/><SP WIDTH="10" VPOS="1227" HPOS="397"/>
							<String ID="string_227" HPOS="407" VPOS="1227" WIDTH="180" HEIGHT="25" WC="0.92" CONTENT="förmynderskapet"/><SP WIDTH="18" VPOS="1227" HPOS="587"/>
							<String ID="string_228" HPOS="605" VPOS="1227" WIDTH="85" HEIGHT="19" WC="0.96" CONTENT="redovisa"/><SP WIDTH="20" VPOS="1227" HPOS="690"/>
							<String ID="string_229" HPOS="710" VPOS="1227" WIDTH="34" HEIGHT="19" WC="0.93" CONTENT="och"/><SP WIDTH="20" VPOS="1227" HPOS="744"/>
							<String ID="string_230" HPOS="764" VPOS="1226" WIDTH="49" HEIGHT="19" WC="0.96" CONTENT="hvad"/>
						</TextLine>
						<TextLine ID="line_36" HPOS="273" VPOS="1255" WIDTH="495" HEIGHT="26">
							<String ID="string_231" HPOS="273" VPOS="1256" WIDTH="39" HEIGHT="18" WC="0.95" CONTENT="han"/><SP WIDTH="14" VPOS="1256" HPOS="312"/>
							<String ID="string_232" HPOS="326" VPOS="1256" WIDTH="24" HEIGHT="24" WC="0.95" CONTENT="af"/><SP WIDTH="12" VPOS="1256" HPOS="350"/>
							<String ID="string_233" HPOS="362" VPOS="1255" WIDTH="35" HEIGHT="19" WC="0.93" CONTENT="den"/><SP WIDTH="15" VPOS="1255" HPOS="397"/>
							<String ID="string_234" HPOS="412" VPOS="1255" WIDTH="107" HEIGHT="26" WC="0.92" CONTENT="omyndiges"/><SP WIDTH="13" VPOS="1255" HPOS="519"/>
							<String ID="string_235" HPOS="532" VPOS="1255" WIDTH="48" HEIGHT="25" WC="0.93" CONTENT="gods"/><SP WIDTH="14" VPOS="1255" HPOS="580"/>
							<String ID="string_236" HPOS="594" VPOS="1256" WIDTH="84" HEIGHT="24" WC="0.93" CONTENT="innehaft"/><SP WIDTH="13" VPOS="1256" HPOS="678"/>
							<String ID="string_237" HPOS="691" VPOS="1255" WIDTH="77" HEIGHT="25" WC="0.91" CONTENT="utgifva."/>
						</TextLine>
					</TextBlock>
				</ComposedBlock>
				<ComposedBlock ID="cblock_6" HPOS="275" VPOS="1315" WIDTH="538" HEIGHT="143">
					<TextBlock ID="block_7" HPOS="506" VPOS="1315" WIDTH="60" HEIGHT="27">
						<TextLine ID="line_37" HPOS="506" VPOS="1315" WIDTH="60" HEIGHT="27">
							<String ID="string_238" HPOS="506" VPOS="1315" WIDTH="60" HEIGHT="27" WC="0.79" CONTENT="fu."/>
						</TextLine>
					</TextBlock>
					<TextBlock ID="block_8" HPOS="275" VPOS="1351" WIDTH="538" HEIGHT="86">
						<TextLine ID="line_38" HPOS="332" VPOS="1351" WIDTH="480" HEIGHT="30">
							<String ID="string_239" HPOS="332" VPOS="1355" WIDTH="43" HEIGHT="21" WC="0.96" CONTENT="Har"/><SP WIDTH="14" VPOS="1355" HPOS="375"/>
							<String ID="string_240" HPOS="389" VPOS="1355" WIDTH="41" HEIGHT="23" WC="0.96" CONTENT="den,"/><SP WIDTH="16" VPOS="1355" HPOS="430"/>
							<String ID="string_241" HPOS="446" VPOS="1351" WIDTH="40" HEIGHT="24" WC="0.96" CONTENT="som"/><SP WIDTH="13" VPOS="1351" HPOS="486"/>
							<String ID="string_242" HPOS="499" VPOS="1355" WIDTH="75" HEIGHT="26" WC="0.95" CONTENT="myndig"/><SP WIDTH="16" VPOS="1355" HPOS="574"/>
							<String ID="string_243" HPOS="590" VPOS="1355" WIDTH="63" HEIGHT="25" WC="0.96" CONTENT="blifvit,"/><SP WIDTH="16" VPOS="1355" HPOS="653"/>
							<String ID="string_244" HPOS="669" VPOS="1354" WIDTH="41" HEIGHT="20" WC="0.95" CONTENT="låtit"/><SP WIDTH="18" VPOS="1354" HPOS="710"/>
							<String ID="string_245" HPOS="728" VPOS="1356" WIDTH="30" HEIGHT="18" WC="0.93" CONTENT="sin"/><SP WIDTH="12" VPOS="1356" HPOS="758"/>
							<String ID="string_246" HPOS="770" VPOS="1355" WIDTH="42" HEIGHT="25" WC="0.90" CONTENT="for-"/>
						</TextLine>
						<TextLine ID="line_39" HPOS="275" VPOS="1382" WIDTH="537" HEIGHT="27">
							<String ID="string_247" HPOS="275" VPOS="1384" WIDTH="48" HEIGHT="20" WC="0.88" CONTENT="dran"/><SP WIDTH="15" VPOS="1384" HPOS="323"/>
							<String ID="string_248" HPOS="338" VPOS="1384" WIDTH="32" HEIGHT="20" WC="0.93" CONTENT="hos"/><SP WIDTH="10" VPOS="1384" HPOS="370"/>
							<String ID="string_249" HPOS="380" VPOS="1384" WIDTH="138" HEIGHT="25" WC="0.91" CONTENT="förmyndaren"/><SP WIDTH="14" VPOS="1384" HPOS="518"/>
							<String ID="string_250" HPOS="532" VPOS="1382" WIDTH="72" HEIGHT="21" WC="0.91" CONTENT="innestå"/><SP WIDTH="16" VPOS="1382" HPOS="604"/>
							<String ID="string_251" HPOS="620" VPOS="1384" WIDTH="70" HEIGHT="24" WC="0.91" CONTENT="utöfver"/><SP WIDTH="14" VPOS="1384" HPOS="690"/>
							<String ID="string_252" HPOS="704" VPOS="1385" WIDTH="24" HEIGHT="18" WC="0.96" CONTENT="ett"/><SP WIDTH="13" VPOS="1385" HPOS="728"/>
							<String ID="string_253" HPOS="741" VPOS="1382" WIDTH="29" HEIGHT="23" WC="0.93" CONTENT="år,"/><SP WIDTH="16" VPOS="1382" HPOS="770"/>
							<String ID="string_254" HPOS="786" VPOS="1388" WIDTH="26" HEIGHT="13" WC="0.92" CONTENT="se-"/>
						</TextLine>
						<TextLine ID="line_40" HPOS="275" VPOS="1410" WIDTH="538" HEIGHT="27">
							<String ID="string_255" HPOS="275" VPOS="1413" WIDTH="39" HEIGHT="19" WC="0.96" CONTENT="dan"/><SP WIDTH="13" VPOS="1413" HPOS="314"/>
							<String ID="string_256" HPOS="327" VPOS="1412" WIDTH="36" HEIGHT="20" WC="0.96" CONTENT="den"/><SP WIDTH="13" VPOS="1412" HPOS="363"/>
							<String ID="string_257" HPOS="376" VPOS="1418" WIDTH="67" HEIGHT="19" WC="0.95" CONTENT="genom"/><SP WIDTH="13" VPOS="1418" HPOS="443"/>
							<String ID="string_258" HPOS="456" VPOS="1412" WIDTH="88" HEIGHT="25" WC="0.95" CONTENT="godkänd"/><SP WIDTH="14" VPOS="1412" HPOS="544"/>
							<String ID="string_259" HPOS="558" VPOS="1412" WIDTH="44" HEIGHT="20" WC="0.93" CONTENT="eller"/><SP WIDTH="12" VPOS="1412" HPOS="602"/>
							<String ID="string_260" HPOS="614" VPOS="1411" WIDTH="108" HEIGHT="21" WC="0.92" CONTENT="oklandrad"/><SP WIDTH="11" VPOS="1411" HPOS="722"/>
							<String ID="string_261" HPOS="733" VPOS="1410" WIDTH="80" HEIGHT="20" WC="0.96" CONTENT="redovis:"/>
						</TextLine>
					</TextBlock>
					<TextBlock ID="block_9" HPOS="722" VPOS="1438" WIDTH="30" HEIGHT="20">
						<TextLine ID="line_41" HPOS="722" VPOS="1438" WIDTH="30" HEIGHT="20">
							<String ID="string_262" HPOS="722" VPOS="1438" WIDTH="30" HEIGHT="20" WC="0.82" CONTENT="AR"/>
						</TextLine>
					</TextBlock>
				</ComposedBlock>
			</PrintSpace>
		</Page>
	</Layout>
</alto>
