1006 1800
198 123 32 32 108
417 125 72 23 Nädiga
499 125 139 22 Propositionen
652 124 35 17 N:o
699 123 17 18 6.

199 177 63 21 vilkor
276 182 48 15 vara
338 176 100 26 grundade
452 175 43 20 dels
511 174 6 20 i
535 174 78 26 aftalets
629 176 68 22 natur,
716 173 44 20 dels
776 174 6 18 i
799 175 28 17 ett
843 171 99 26 tillbörligt

198 204 95 20 afseende.
312 203 12 20 å
344 202 63 26 tredje
423 208 57 14 mans
497 203 39 18 rätt
552 202 39 19 och
607 201 78 20 derföre
702 200 102 26 antagliga.
833 198 44 20 Och
897 203 45 14 som

200 230 102 21 Utskottet.
311 230 79 20 -derhos
404 229 62 20 håller
479 229 43 19 före
541 231 29 17 att
590 228 38 20 den
645 226 37 26 tid,
701 226 114 20 hvarunder
831 224 64 26 någon
911 224 31 20 del

198 257 59 21 af:en
273 257 92 26 lägenhet
378 256 67 20 kunde
456 255 25 20 fä
498 255 150 25 -utarrenderas,
663 253 72 26 borde,
754 254 26 19 till
797 250 148 32 förebyggande

199 284 21 20 af
230 282 149 26 saissförständ,
396 282 124 26 utryckligen
536 281 131 21 underkastas
685 280 100 22 enahanda
802 280 138 28 begränsning,

200 316 44 14 som
258 310 59 26 enligt
330 309 70 26 Kongl.
416 300 134 40 förordningen
562 307 105 27 :angäende
681 307 74 21 stälse!
770 307 39 19 och
818 306 43 26 lega
870 306 21 18 af
897 304 45 26 jord

214 336 11 20 å
239 336 65 21 landet
318 336 20 20 af
350 336 38 20 den
403 336 24 20 13
441 335 45 20 Juni
501 336 51 20 1800
566 335 60 26 gäller
639 334 30 19 för
680 334 88 26 legoaftal
783 338 34 14 om
826 332 44 20 hela
879 332 65 26 lägen-

200 338 68 56 heten,
284 362 30 21 får
327 362 108 25 Utskottet,
451 362 46 20 med
511 360 137 28 tilistyrkande
662 360 21 20 af
695 361 62 20 första
773 361 122 19 momentets
911 363 34 15 an-

234 390 50 20 ande
298 390 5 19 i
321 388 124 21 oförändradt
462 389 67 25 skick,
547 387 72 21 föreslå
636 390 29 17 att
681 387 34 21 Jet
731 387 86 21 sednare
833 391 62 15 mom.
914 390 31 15 er-

201 416 62 22 håller
276 415 86 27 följande
375 415 116 21 förändrade
503 415 85 27 lydelse:

325 471 56 21 Dock
395 471 48 20 skall
459 471 110 25 afhandling
582 470 69 20 derom
665 470 109 27 skriftligen
783 470 104 25 upprättas
896 468 47 25 och,

272 499 31 20 för
316 501 29 18 att
358 498 49 25 gälla
421 501 54 17 emot
491 496 64 27 tredje
569 503 56 19 man,
644 497 112 24 intecknas;
775 497 105 19 äfvensom
895 495 6 19 i
918 495 29 19 af-

272 525 77 20 seende
362 524 11 20 å
387 525 137 20 arrendetiden
538 524 97 25 iakttagas
649 523 36 21 bör
698 523 53 20 hvad
760 522 138 25 förordningen
908 521 38 20 den

274 552 25 20 43
313 551 47 47 a
373 551 52 20 1800
440 557 33 14 om
487 550 74 21 städsel
576 551 39 18 och
629 551 43 26 lega
686 551 21 19 af
717 549 45 26 jord
776 549 25 26 pä
817 548 66 21 landet
896 548 51 19 före-

274 578 94 21 skrifver:

258 633 129 26 Helsingfors;
402 633 38 20 den
455 633 24 20 23
495 633 114 20 November
623 633 58 21 1863.

448 808 262 24 Reservationeri:

328 874 28 21 Af
368 873 233 25 Landtdagsmannen
615 874 22 19 P.
653 868 108 30 Östring:

258 899 29 21 Dä
300 900 101 20 Utskottet
415 900 44 20 icke
473 900 52 20 velat
539 899 68 27 frängä
621 899 101 27 principen
735 901 30 17 att
775 904 26 14 en
813 898 90 26 lägenhet
912 898 35 20 bör

205 926 143 22 innehafva'en
362 927 42 19 viss
422 927 128 25 besutenhet,
568 926 74 26 nödgas
657 925 33 27 jag
706 925 167 21 reservationsvis
890 925 59 20 vörd-

206 956 97 18 sammast
316 953 101 21 framhålla
431 953 38 20 den
483 953 132 26 nödvändiga,
631 958 45 14 men
691 953 43 25 föga
747 952 113 20 önskvärda
877 952 72 20 konse-

204 986 91 19 yvensen
308 980 64 26 deraf,
387 980 97 26 nemligen
498 983 29 17 att
547 980 90 20 Finlands
651 979 45 26 jord
713 979 80 21 komme
809 982 30 17 att
854 979 95 25 parcelle-

205 1012 33 14 ras
255 1007 28 20 uti
300 1007 38 20 idel
356 1006 43 20 små
417 1007 101 19 besutna
532 1008 122 25 lägenheter,
674 1006 110 20 bestående
800 1006 21 20 af
836 1006 49 19 flere
901 1006 48 20 eller

205 1034 52 21 färre
271 1034 63 23 smala
345 1032 129 26 jordremsor.
491 1033 27 20 På
533 1034 38 20 den
584 1033 161 20 Österbottniska
760 1034 71 19 slätten
840 1033 40 19 och
889 1032 59 20 äfven

205 1059 25 27 på
244 1060 60 20 andra
313 1060 85 25 trakter,
411 1060 37 20 der
459 1060 94 20 markens
562 1060 133 26 likformighet
703 1059 64 21 tillåtit
775 1065 25 15 en
810 1058 61 21 sådan
881 1059 69 26 styck-

206 1087 52 25 ning,
274 1086 64 20 finner
351 1092 46 14 man
411 1086 61 20 också
485 1087 45 20 hela
545 1086 86 20 socknar
644 1086 108 20 bestående
762 1086 70 20 endast
841 1086 21 20 af
869 1089 32 22 */,,
910 1087 39 19 och

208 1116 30 23 '/,,
252 1114 83 20 mantals
348 1114 99 20 hemman.
479 1114 32 20 Att
523 1113 46 21 med
586 1113 68 21 hittills
671 1113 88 26 gällande
775 1114 53 25 lagar
845 1118 33 14 om
895 1112 58 21 :hem-

206 1146 57 14 mans
277 1140 95 26 klyfning,
391 1146 24 14 en
432 1140 61 20 sådan
509 1140 131 20 enformighet
656 1140 45 20 icke
718 1139 36 21 fått
770 1140 64 26 insteg
850 1140 97 26 öfverallt,

206 1167 38 20 kan
256 1166 34 26 jag
302 1167 70 20 endast
385 1167 104 20 tillskrifva
504 1166 45 20 vårt
562 1146 55 41 [anda
630 1169 59 17 natur
705 1166 39 20 och
760 1166 34 20 det
811 1166 70 20 envisa
898 1169 51 19 mot-

206 1193 57 20 stånd
278 1194 61 19 folket
352 1193 52 20 alltid
419 1196 38 17 satt
471 1196 53 17 emot
536 1192 43 26 just
591 1193 60 19 dessa
665 1194 59 25 lagar.
751 1193 32 19 Att
796 1198 24 14 en
835 1192 61 20 sådan
910 1194 40 18 för-

207 1219 78 26 delning
299 1220 21 19 af
330 1219 70 25 jorden
415 1219 44 20 icke
472 1225 49 14 vore
535 1219 110 26 önskvärd,
661 1219 29 20 får
702 1219 33 26 jag
749 1220 31 19 väl
795 1224 48 15 anse
857 1224 44 15 som
915 1219 34 20 all-

206 1248 54 17 mänt
276 1246 71 20 insedt.
375 1246 78 20 Bristen
469 1245 25 26 på
511 1246 148 19 förvärfskällor
675 1246 38 19 och
730 1245 25 26 på
772 1245 104 26 afsättning
895 1246 54 19 inom

207 1273 65 20 landet
286 1273 20 19 af
317 1272 128 24 jordbrukets
459 1273 38 19 och
511 1273 116 30 isynnerhet
640 1272 207 25 ladugårdsskötselns
863 1272 86 25 produk-

207 1301 32 17 ter
251 1299 35 25 gör
300 1299 88 19 tillvaron
401 1299 58 19 äfven
473 1299 21 20 af
507 1299 65 19 större
588 1299 127 24 egendomar,
733 1297 99 20 hvarifrån
849 1298 101 20 afsättnin-

206 1328 39 21 gen
258 1325 26 20 till
299 1324 93 25 utlandet,
408 1325 119 20 åtminstone:
541 1325 25 19 till
582 1330 25 14 en
620 1324 74 25 början,
711 1326 22 18 är
746 1319 64 34 ensam
822 1319 72 34 möjlig,
905 1324 45 20 ieke

208 1351 49 19 blott
273 1351 85 25 önsklig,
375 1353 47 17 utan
439 1351 38 19 ock
494 1351 119 25 nödvändig;
632 1356 45 14 men
694 1351 79 25 lagarne:
789 1355 34 14 om
839 1351 114 19 hemmans-

209 1376 88 26 klyfning
310 1376 103 20 motverka
428 1376 17 25 ej
461 1377 81 19 allenast
554 1376 82 26 jordens
650 1376 189 25 sammanslagning,
855 1378 47 17 utan
919 1376 34 19 be-

212 1402 65 20 fordra
291 1402 49 20 dess
349 1399 21 55 pe
386 1399 76 55 rr
479 1402 28 20 Då
521 1408 25 14 en
559 1404 43 18 stor
615 1402 30 21 del
660 1403 21 19 af
693 1402 76 20 landets
781 1401 44 25 jord
839 1402 47 20 icke
898 1407 55 15 mera

209 1428 32 22 får
254 1428 86 28 klyfvas,
358 1424 21 36 sä
392 1429 59 20 söker
464 1434 45 15 man
524 1431 28 18 att
565 1429 71 27 stycka
650 1429 26 21 Je
688 1429 124 26 lägenheter,
828 1434 44 14 som
884 1431 2 3 '
894 1428 59 26 enligt
