981 1759
166 139 33 17 526

381 136 71 22 Nädiga
463 135 139 23 Propositionen
616 133 36 17 N:o
663 133 29 17 20.

371 187 72 25 deltage
459 185 48 20 dock
523 186 7 18 i
545 185 49 19 valet
613 183 66 19 endast
698 182 23 19 de
736 182 58 20 bland
814 182 96 25 tingslags-

371 214 76 23 boerne,
462 220 40 12 som
517 216 34 16 äro
567 214 6 18 i
583 212 35 19 den
633 211 79 20 socknen
723 210 43 20 eller
774 210 137 26 församlingen

376 244 77 21 bosatte,
468 242 49 18 inom
527 241 72 19 hvilken
611 240 100 25 ledigheten
721 238 88 27 uppstått.
839 238 73 20 Valrätt

375 272 98 20 tillkomme
486 270 39 19 alla
535 269 102 26 jordegare
651 268 33 20 och
699 268 64 25 hvarje
778 274 63 13 annan
857 268 55 24 tings-

372 301 88 25 gästning
475 298 96 20 betalande
586 297 75 26 myndig
678 303 79 19 person,
773 303 40 13 som
829 296 83 19 medbor-

373 329 66 25 gerligt
452 326 105 26 förtroende
573 326 16 26 ej
598 325 105 27 förverkat.
733 324 35 21 Vid
781 324 50 20 valet
845 330 31 20 ege
891 330 22 13 en

375 358 47 18 hvar
436 356 38 20 lika
488 357 44 18 röst.

621 399 10 26 $
646 400 19 19 3.
823 417 3 3 .

439 440 70 20 Valbar
523 440 26 19 till
563 438 125 20 nämndeman
702 441 23 16 är
739 438 64 25 hvarje
817 439 7 18 i
839 438 77 25 tingsla-
932 452 2 2 -

376 471 31 23 get
421 469 70 25 stadigt
505 468 60 19 bosatt
575 467 121 25 rättskaffens
710 474 51 15 man,
772 472 39 14 som
819 466 48 26 fyllt
881 467 34 25 tju-

375 498 63 25 gufem
452 496 30 24 år,
497 502 42 19 eger
549 496 43 18 eller
606 495 74 19 besitter
693 496 86 18 hemman
793 495 34 19 och
841 495 39 19 icke
894 498 23 16 är

378 527 7 17 i
399 526 103 25 statstjenst
515 523 88 21 anställd.

624 569 12 26 $
649 571 20 18 4.

441 610 35 20 Val
490 610 23 25 af
524 608 125 20 nämndeman
664 608 49 19 skalt
727 608 33 19 ske
774 608 49 25 inför
833 608 85 20 Härads-

378 642 39 17 rätt
431 638 12 20 &
457 640 39 18 viss
510 638 47 25 dag,
576 643 40 13 som
631 637 58 25 blifvit
701 637 74 25 fjorton
790 636 63 26 dagar
865 637 55 26 förut

379 670 7 18 i
397 668 105 25 tingslagets
513 666 69 26 kyrkor
592 665 96 25 kungjord.
717 664 72 27 Uppstä
802 664 65 21 dervid
875 665 43 26 frä-

379 702 35 20 gor
428 702 29 13 om
469 695 71 20 valrätt
555 694 33 20 och
602 694 101 22 valbarhet,
715 700 32 19 ege
761 694 100 20 domstolen
877 694 41 19 dem

379 726 74 25 afgöra,
464 726 45 17 utan
524 726 28 16 att
561 723 49 19 valet
618 723 55 25 förty
687 721 31 20 mä
728 721 115 27 uppehällas.
869 722 49 24 Den,

380 760 39 12 som
433 751 74 27 undfätt
516 752 59 25 flesta
589 753 92 21 rösterna,
691 750 55 23 skall,
757 750 38 20 der
804 750 38 20 han
857 750 61 27 befun-

380 782 37 18 nits
435 780 76 22 valbar,
532 779 62 19 såsom
613 778 124 20 nämndeman
755 779 112 25 godkännas
886 779 34 20 och

380 808 42 20 med
437 809 49 19 bevis
501 808 84 25 deröfver
599 808 24 24 af
633 806 70 20 Rätten
711 806 70 26 förses.
809 807 65 26 Hafva
890 806 30 20 två

381 837 44 19 eller
433 837 48 25 flere
496 835 72 20 erhållit
585 835 38 19 lika
637 834 71 28 många
722 837 65 22 röster,
803 842 33 18 ege
850 835 70 20 Rätten

382 872 22 13 en
419 866 23 25 af
454 865 41 19 dem
509 867 95 17 utnämna.
636 864 27 19 År
677 862 62 27 någon
753 864 42 19 med
809 864 111 20 domstolens

382 892 67 28 åtgärd
463 895 8 17 i
485 893 64 26 dylika
566 892 38 20 mål
621 892 99 25 missnöjd,
735 892 32 20 må
784 893 38 19 han
837 892 85 26 deröfver

381 922 34 20 hos
430 922 98 26 Hofrätten
543 923 6 18 i
563 922 63 24 vanlig
641 921 78 25 ordning
733 922 28 24 sig
776 922 89 19 besvära:
878 928 42 12 men

381 950 134 23 nämndeman,
535 956 40 13 som
593 949 67 19 utsedd
681 949 68 25 blifvit,
771 956 31 18 ege
822 949 99 19 emellertid

382 979 29 19 sin
426 978 101 26 befattning
542 979 69 25 utöfva.

629 1025 10 25 $
654 1026 18 18 5.

440 1064 131 20 Nämndeman
585 1063 31 19 må
630 1066 46 16 utan
691 1064 44 26 laga
745 1064 43 19 skäl
797 1064 66 26 afsked
872 1064 49 26 från

380 1094 29 18 sin
423 1093 101 25 befattning
543 1092 38 20 icke
601 1091 57 25 undfå
679 1094 57 18 innan
755 1092 38 20 han
812 1092 109 20 densamma

381 1124 28 16 tre
427 1120 22 20 år
463 1122 89 24 innehaft.
584 1120 89 20 Beträdes
692 1122 38 18 kan
751 1120 42 20 med
811 1120 48 20 brott
879 1121 43 19 eller

381 1149 80 26 befinnes
476 1149 78 25 oredlig,
569 1147 94 25 vårdslös,
683 1148 114 26 oförståndig
812 1149 44 19 eller
869 1149 52 25 eljest

381 1177 89 26 opålitlig,
487 1184 31 18 ege
528 1176 139 20 Häradsrätten
682 1178 45 25 efter
739 1176 181 26 omständigheterna

379 1213 61 13 varna
456 1207 65 19 honom
536 1205 44 19 eller
588 1204 89 26 förklara
692 1206 66 19 honom
775 1206 29 18 sin
819 1205 101 26 befattning

375 1235 96 25 förlustig,
482 1235 95 25 äfvensom
587 1235 34 21 att,
632 1233 25 19 då
667 1234 42 19 skäl
718 1233 60 20 dertill
787 1233 132 26 förekommer,

381 1263 59 19 under
453 1262 138 25 ransakningen
601 1261 67 20 honom
677 1262 48 26 från
739 1262 85 25 tjenstens
837 1262 83 25 utöfning

381 1291 61 25 skilja.

630 1328 10 24 $
654 1329 18 18 6.

442 1366 42 20 Har
495 1366 130 20 Nämndeman
633 1366 68 26 förfall
713 1366 34 20 och
757 1369 23 16 är
790 1366 69 19 Rätten
867 1367 55 25 förty

384 1396 15 25 ej
420 1395 80 25 domför,
521 1395 43 19 eller
582 1394 71 20 saknas
672 1394 51 26 eljest
739 1394 83 26 fulltalig
841 1394 79 23 nämnd,

383 1424 48 24 kalle
447 1422 177 26 Häradshöfdingen
639 1423 23 25 af
669 1422 22 20 de
706 1423 27 19 till
747 1423 124 20 nämndemän
883 1423 39 19 val-
