978 1820
161 134 34 19 552
376 133 72 23 Nääiga
459 135 141 22 Propositionen
611 134 37 17 N.o
660 134 28 18 22.

162 183 70 21 fattadt
245 183 81 20 alldeles
336 182 44 21 icke
393 183 80 19 hänföra
486 184 30 24 sig
530 183 25 19 till
571 182 225 20 exkommunikationen.
825 182 38 20 För
876 183 30 19 öf-

162 210 42 26 rigt'
213 208 45 26 vilja
272 210 26 19 de
306 209 122 26 deputerade
442 209 67 20 såsom
523 209 49 25 skäl,
587 209 93 19 hvarföre
691 208 26 20 de
731 208 45 20 icke
789 208 65 20 kunna
868 209 37 19 till-

163 236 69 26 styrka
248 236 143 20 bibehällandet
410 236 22 21 af
445 235 227 23 exkommunikationen,
694 236 52 19 huru
761 235 41 20 den
817 236 38 18 ock
872 235 32 20 mä

162 262 69 21 tänkas
245 263 39 19 och
295 263 109 25 uppfattas,
420 262 79 20 således
519 262 61 20 också
601 262 5 19 i
620 262 38 20 den
672 262 20 19 af
707 262 83 20 flertalet
806 262 58 20 bland
878 262 26 20 de

161 289 123 26 deputerade
297 290 21 18 af
329 290 80 19 Presta-
422 290 39 19 och
470 288 144 21 Bondeståndet
627 289 110 25 föreslagna
751 288 83 24 formen,
850 294 55 14 nem-

163 317 50 26 ligen
226 316 69 20 :såsom:
309 318 29 18 ett
354 316 37 20 Jen
409 316 86 20 felandes
516 316 21 19 af
551 315 120 19 kyrkorådet
688 314 75 21 skedda
780 315 125 21 uteslutande

162 348 25 15 ur
200 343 150 25 församlingens
367 342 122 26 gemenskap
503 342 87 25 sålunda,
606 344 29 17 att
651 342 38 19 han
703 341 95 20 förklaras
815 342 89 26 förlustig

162 369 118 26 rättigheten
295 372 28 16 att
333 368 23 26 gå
372 369 25 19 till
408 369 85 20 Herrans
507 368 97 24 nattvard,
616 368 103 20 äfvensom
732 368 26 19 de
771 368 5 19 i
790 368 116 26 kyrkolags-

163 396 95 26 förslaget
274 396 117 20 omnämnda
412 396 145 25 rättigheterna,
579 394 84 26 åberopa
680 394 34 20 det
731 395 5 19 i
750 395 111 19 motiverna
877 396 27 20 till

163 421 202 28 kyrkolagsförslaget
384 422 86 25 anförda,
491 424 29 18 'att
537 421 217 20 exkommunikationen
773 421 55 20 alltid
847 422 58 20 äfven

165 450 66 25 griper
241 450 22 18 in
278 450 4 18 i
292 449 39 20 den
340 448 88 21 felandes
438 449 110 25 personliga
563 448 147 19 förhållande
724 448 34 19 till
773 448 131 26 Frälsaren,

165 477 37 18 och
217 478 29 17 att
257 475 140 26 församlingen
412 475 32 20 vid
459 475 115 20 utöfvandet
586 474 22 19 af
615 475 30 19 sin
660 474 50 25 tukt,
722 474 78 20 utöfver
814 474 25 20 de
852 474 5 20 i
867 474 38 21 den

166 502 62 26 heliga
243 502 60 20 skrift
319 501 100 26 grundade
438 502 134 25 varningarna,
595 501 36 20 bör
647 501 86 26 begagna
753 501 29 25 sig
798 501 72 20 endast
885 503 23 18 af

166 528 74 21 sådana
254 529 72 24 medel,
338 528 65 19 hvilka
417 529 49 19 blott
476 529 41 19 afse
531 528 37 20 den
579 527 86 20 felandes
680 527 118 20 förhållande
812 527 36 20 till
862 528 44 19 för-

165 553 141 28 samlingen:
329 555 39 19 Et
382 554 68 21 sådant
461 555 64 20 medel
540 556 22 18 är
575 554 91 19 förbudet
678 555 31 18 för
718 553 64 21 denne
794 557 30 16 att
837 555 68 20 utöfva

165 582 26 19 de
205 583 4 18 i
227 580 198 28 kyrkolagsförslaget
442 584 97 23 upptagna
559 581 149 26 församlingens
725 581 71 19 sociala
814 581 93 25 rättighe-

165 611 37 23 ter;
221 603 75 35 hvälket
309 608 41 19 lika
370 607 43 20 -litet
429 608 38 19 kan
484 608 101 20 betraktas
603 613 43 14 som
664 613 23 14 en
705 607 199 26 exkommunikation,

164 638 45 16 som
223 635 95 20 förlusten
332 635 20 18 af
367 635 116 24 rättigheten
499 636 28 18 att
547 634 82 19 bekläda
642 633 55 20 vissa
714 634 91 19 embeten
814 635 14 18 :i
842 636 64 18 staten

166 661 48 26 elter
226 661 28 20 till
267 662 41 18 och
321 660 45 20 med
381 661 20 19 af
413 660 152 26 medborgerligt
579 661 111 19 förtroende
699 660 39 20 kan
752 661 95 19 likställas
860 661 46 20 med

165 686 174 26 landsförvisning.
368 687 28 19 De
412 687 123 25 deputerade
549 687 56 19 hafva
623 687 89 24 slutligen
726 687 53 19 velat
794 687 61 20 uttala
869 687 38 20 den

166 712 152 27 öfvertygelsen,
335 715 27 17 att
376 713 136 25 tillämpandet
520 713 22 19 af
554 713 221 20 exkommunikationen
785 713 44 20 icke
844 713 63 20 skulle

164 739 82 26 komma
259 741 30 18 att
303 739 94 26 befrämja
410 739 35 20 det
459 738 96 24 ändamål,
571 745 44 14 som
633 739 82 20 dermed
729 740 59 24 afses,
803 742 46 17 utan
863 745 44 14 snä-

166 764 46 22 räie
226 765 104 20 motverka
344 765 118 20 detsamma.
541 789 2 2 N

219 793 95 24 Deremot
322 792 96 20 stadnade
427 792 82 20 flertalet
521 792 22 20 af
551 793 79 19 Presta-
639 793 38 19 och
686 791 157 21 Bondeständets
852 793 56 20 med-

165 819 83 26 lemmar
261 819 34 19 vid
307 819 39 19 den
356 817 57 27 äsigt,
424 821 28 17 att
466 819 191 20 ekkommunikation
671 819 6 18 i
691 819 50 19 form
755 819 21 19 af
791 821 28 18 ett
830 819 78 20 uteslu-

166 845 58 20 tande
237 845 44 20 från
293 845 119 20 nattvarden
426 845 38 20 och
481 845 42 20 från
538 846 54 19 vissa
606 845 90 26 kyrkliga
713 845 116 25 rättigheter
845 846 63 19 borde

166 873 6 18 i
186 870 206 28 kyrkan
265 866 5 36 :
279 870 113 28 bibehållas,
404 871 102 26 stödjande:
520 872 29 25 sig
563 871 70 20 dervid
647 874 29 17 att
685 872 156 26 bannlysningen
856 872 52 20 både

167 899 5 18 i
187 897 65 22 bibelt:
266 899 39 18 och
319 899 6 18 i
339 897 37 20 vår
393 897 76 27 kyrkas
488 898 122 26 symboliska
627 897 74 21 böcker
720 899 36 19 har
773 899 33 19 sitt
822 899 85 25 försvar,

165 925 41 19 och
217 924 48 20 med
278 924 76 23 kristlig
375 924 118 20 aktsamhet'
504 925 38 19 och
551 925 73 19 vishet
640 925 77 19 använd
737 924 45 20 icke
799 925 47 20 skall
861 930 48 15 vara

166 953 48 17 utan
228 952 35 20 sitt
274 950 52 26 g>gn
336 951 38 18 och
389 951 29 19 sin
427 952 42 24 vigt
480 951 32 19 för
525 950 170 26 upprätthållande
708 951 21 19 af
736 956 24 14 en
774 951 80 26 behörig
864 951 46 20 sed-

167 978 26 24 lig
207 978 43 18 tukt
264 977 52 19 inom
329 976 84 26 kyrkan.
442 976 27 21 Då
484 978 77 19 således
575 978 36 18 här
623 982 24 14 en
661 977 96 21 åtskilnad
770 978 6 19 i
790 976 74 27 åsigter
878 978 33 25 gaf

166 1004 30 24 sig
210 1004 96 20 tillkänna
315 1004 54 19 inom
379 1003 106 25 Utskottet,
494 1004 86 20 hvilken
595 1002 17 26 ej
621 1004 48 20 tillät
682 1004 64 26 någon
756 1004 154 25 sammanjemk-

167 1030 53 25 ning,
236 1030 71 19 visade
314 1030 34 25 sig
363 1028 170 28 nödvändigheten
547 1033 29 17 att
588 1030 6 19 i
608 1030 62 20 denna
684 1030 62 26 punkt
758 1032 98 28 uppställa
871 1032 39 19 för-

167 1056 86 25 slagsvis
266 1056 70 20 såsom
349 1057 103 19 alternativ
467 1059 54 17 emot
537 1056 34 20 det
585 1057 23 19 13
623 1057 59 25 kap:s
697 1058 11 19 3
723 1057 10 25 $
747 1057 83 25 följande
844 1063 66 15 omre-

168 1083 88 25 digering
269 1082 63 26 deraf.

431 1114 77 26 (Början
522 1115 53 26 lika).
605 1112 30 23 Är
648 1116 36 19 den
696 1116 80 26 felande
794 1118 7 18 i
815 1116 96 27 kyrkoråd

362 1160 1 3 :
370 1145 74 19 varnad
457 1145 35 19 och
506 1144 56 20 likväl.
576 1146 28 24 sig
619 1144 17 26 e
649 1146 51 18 rätta
715 1144 52 24 låter,
781 1144 25 20 då
820 1144 32 20 mä
866 1145 44 26 kyr-

371 1172 78 20 korådet
465 1173 68 19 honom
547 1180 23 13 ur
580 1172 148 26 församlingens
744 1174 113 26 gemenskap
872 1176 37 17 uté-

372 1200 49 20 sluta
436 1200 32 24 sä,
489 1204 28 16 att
531 1201 37 20 han
585 1201 95 23 förklaras
693 1202 89 25 förlustig
800 1202 111 25 rättigheten

371 1231 29 17 att
411 1228 27 26 gå
453 1228 27 21 till
489 1228 86 21 Herrans
589 1229 61 25 heliga
659 1230 98 26 nattvard,
768 1230 95 25 äfvensom
872 1232 39 17 rät-

370 1257 80 24 tigheten
470 1260 28 16 att
516 1264 47 13 vara
581 1258 57 18 vittne
657 1258 32 18 vid
703 1257 46 25 dop,
769 1260 28 17 att
815 1258 75 25 deltaga
902 1259 10 18 i

369 1285 86 24 prestval
470 1285 33 20 och
518 1286 7 18 i
539 1285 30 20 val
583 1285 24 25 af
618 1285 100 19 ledamöter
731 1287 7 17 i
753 1284 122 27 kyrkorådet,
890 1286 25 25 af

366 1313 148 26 församlingens
527 1313 54 23 älste,
596 1314 24 25 af
631 1312 67 20 ombud
710 1313 31 20 vid
756 1313 106 26 kyrkomöte
877 1314 33 19 och

371 1341 25 24 af
407 1341 75 19 valmän
496 1341 66 23 dertill,
578 1343 48 18 samt
639 1343 27 17 att
680 1341 45 25 sjelf
741 1342 26 19 til
785 1341 81 20 nämnde
881 1341 29 20 be-

367 1368 109 24 fattningar
488 1368 73 25 väljas;
577 1368 49 20 dock
640 1368 48 19 skall
708 1368 122 25 kyrkorädets
845 1369 65 19 härom

367 1395 78 25 fattade
459 1395 58 20 beslut
531 1396 129 25 domkapitlets
677 1396 88 25 pröfning
779 1396 131 20 underställas.

374 1422 43 20 Har
430 1423 35 20 den
480 1424 90 20 uteslutne
586 1425 29 25 sig
630 1423 70 21 bättrat
717 1424 34 20 och
769 1424 72 20 önskar:
852 1426 8 18 i
868 1425 41 25 för-
