981 1786
280 122 71 22 Nådiga
363 123 140 23 Propositionen
516 124 36 18 N:o
563 122 29 20 19.
776 124 34 19 505

119 171 63 20 Dessa
199 171 54 21 brott
265 172 9 19 i
291 170 84 26 tjensten
392 176 96 23 upptagas
505 174 38 19 och
560 173 110 21 afdömmas
688 174 32 20 vid
737 174 71 21 allmän

64 193 92 34 domstol.
292 205 2 8 :

118 225 10 18 7
144 224 16 25 $.
190 226 65 23 Böter,
272 230 44 14 som
330 226 59 24 enligt
403 226 62 20 denna
476 226 112 25 förordning
602 226 108 25 ådömmas,
722 227 86 21 fördelas

64 250 67 20 såsom
146 251 5 19 i
168 252 7 18 1
192 252 10 24 $
217 251 24 19 32
258 252 83 24 Kapitlet
354 252 199 26 Rättegångs-balken
567 256 64 22 säges,
643 254 38 18 och
695 254 112 20 förvandlas

63 277 32 19 vid
111 277 99 20 bristande
225 278 79 26 tillgång
318 279 36 18 hos
375 278 38 20 den
431 279 94 19 sakfällde
545 280 26 19 till
589 280 88 23 fängelse
693 280 34 20 vid
741 283 67 17 vatten

62 304 38 19 och
114 303 51 20 bröd
179 305 142 19 motsvarande
335 310 25 14 en
374 304 95 25 tredjedel
483 306 21 18 af
516 305 155 26 bötesbeloppet.

115 329 42 26 8$.
187 331 95 19 Dömmes
300 330 63 26 någon
383 331 58 26 enligt
458 332 64 19 denna
543 332 111 25 förordning
674 333 28 18 att
719 332 87 26 undergå

62 357 142 20 tukthusstraff
221 358 4 18 i
240 357 34 20 två
288 357 22 20 år
325 358 46 19 eller
391 358 66 25 längre
473 359 34 23 tid,
530 359 47 19 eller
589 359 77 19 -varder
687 358 119 25 tjensteman

61 383 33 20 vid
107 382 91 27 jernväg,
210 384 56 20 kanal
281 385 48 19 eller
343 384 184 27 telegrafinrättning
541 385 97 20 förklarad
651 385 31 19 sin
698 384 60 26 tjenst
768 385 38 20 för-

60 410 66 26 lustig,
144 409 31 21 mä
191 410 117 21 Underrätts
322 411 65 26 utslag
401 410 16 25 ej
436 411 5 18 i
455 411 109 20 fullbordan
582 411 23 25 gå
620 411 56 20 innan
693 411 36 20 det
742 411 63 21 blifvit

60 437 6 19 i
80 437 103 20 Hofrätten
198 437 138 24 skärskådadt,
352 437 25 28 på
399 439 38 19 sätt
455 438 5 19 i
475 439 10 19 5
501 437 10 26 $
527 439 26 20 25
574 437 85 28 Kapitlet
675 437 130 27 Rättegångs-

60 463 72 20 balken
147 464 56 25 sagdt
217 465 28 19 är.
503 473 9 7 N

113 492 12 19 9
140 490 16 25 $.
186 491 27 20 De
228 490 33 21 vid
276 491 70 21 allmän
357 489 111 27 jernvägs-,
479 491 65 20 kanal-
557 491 48 20 eller
619 490 185 27 telegrafinrättning

60 517 94 20 anställde
168 516 118 26 tjenstemän
300 517 37 21 och
351 515 87 27 betjente
452 524 35 19 ege
505 518 4 19 i
524 517 39 21 och
578 517 29 19 för
624 517 58 20 deras
697 517 107 26 befattning

58 544 34 20 det
105 545 77 20 vitsord
198 545 20 20 11
236 544 10 25 $
261 544 25 21 17
299 544 86 25 Kapitlet
399 544 200 26 Rättegängs-balken
614 544 127 21 tillerkänner
755 544 47 21 vak-

60 573 30 17 ter
104 570 103 21 äfvensom
220 570 54 25 dem,
290 570 66 20 hvilka
371 570 24 25 gå
408 571 81 20 Rättens
503 570 40 21 bud
558 571 39 19 och
611 570 91 20 ärender.

114 597 24 20 10
154 597 16 26 $.
199 597 57 20 Hvad
272 602 32 14 om
319 597 96 19 allmänna
431 596 108 27 jernvägs-,
558 597 67 20 kanal-
638 597 38 19 och
693 596 112 27 telegrafin-

59 625 108 25 rättningar
182 624 4 19 i
200 623 67 22 denna
280 623 111 26 förordning
401 627 22 16 är
438 623 96 26 stadgadt,
545 623 32 22 mä
593 623 65 25 äfven,
670 623 24 20 då
709 623 96 21 särskildt

59 651 131 20 förordnande
199 651 70 20 derom
282 645 32 35 meu
323 645 69 35 delats,
410 650 99 26 tillämpas
522 649 11 21 ä
543 650 65 26 dylika
622 650 133 26 inrättningar,
765 651 39 19 till»

59 678 66 25 höriga
140 677 88 21 enskilda
242 683 102 20 personer,
360 677 123 26 menigheter
497 677 48 20 eller
559 677 63 26 bolag,
638 676 22 20 sä
675 677 57 25 länge
746 677 26 20 de
785 677 21 20 af

58 704 47 20 dem
118 704 108 25 behörigen
240 703 134 22 underhällas.

119 732 23 18 44
152 731 28 26 $.
209 732 67 18 Denna
290 729 111 26 förordning
415 730 66 21 träder
495 731 5 19 i
510 731 131 18 verksamhet
654 730 38 19 den
703 730 9 19 1
724 731 80 19 Januari

59 757 59 21 1865,
147 758 27 19 Är
188 757 77 20 straffet
281 756 10 20 å
306 756 63 26 någon
386 757 20 22 af
418 757 25 20 de
460 757 137 26 förbrytelser,
613 762 45 14 som
672 757 5 18 i
696 756 108 20 förordnin-

58 789 38 20 gen
110 787 122 21 omnämnas,
252 783 24 20 dä
294 786 51 17 ännu
363 782 17 26 ej
398 784 101 19 bestämdt
515 789 72 20 genom
601 783 71 25 utslag,
692 788 45 15 som
755 789 50 14 vun-

58 811 29 19 nit
102 811 47 20 eller
163 810 30 20 får
208 811 59 20 vinna
281 810 43 25 laga
338 809 58 26 kraft,
407 810 32 19 mä
453 810 34 19 det
501 815 73 16 ansvar
588 809 110 24 ädömmas,
715 815 45 14 som
769 810 36 19 här

58 837 63 20 finnes
135 840 69 22 utsatt,
220 836 82 21 såframt
315 836 34 20 det
362 838 23 18 är
399 836 104 26 lindrigare
520 839 25 18 än
559 836 40 25 det,
616 842 44 14 som
675 837 58 25 enligt
750 837 55 20 äldre

58 865 112 25 författning
185 863 11 21 å
210 864 106 26 gerningen
331 861 44 27 följa
390 863 41 20 bör.

271 916 65 26 Enligt
356 916 61 21 Hans
437 916 134 25 Kejserliga
590 915 124 25 Majestäts
730 914 75 27 Nådiga

200 943 109 25 befallning,
325 943 66 25 gifven
403 943 5 18 i
417 944 98 19 Tsarskoe
525 943 44 20 Selo
583 942 39 22 den
637 943 24 19 20
671 942 45 20 Juni
727 942 21 24 (2
757 942 47 26 Juli)

201 970 60 22 1863.

323 1028 74 17 Alex.
410 1028 124 20 Armfelt,

530 1120 21 19 A.
562 1119 28 20 W.
601 1118 132 21 Wallenskölä,

265 1291 94 19 Motivor
377 1290 30 19 till
423 1290 91 24 förslaget
531 1289 31 19 till
573 1288 191 28 fridlysningsstadga
775 1288 31 19 för

195 1314 87 19 Finlands
292 1312 107 26 jernvägar,
411 1314 77 18 kanaler
499 1312 34 19 och
545 1312 211 23 telegrafinrättningar.

113 1366 29 18 De
156 1364 45 20 med
217 1364 78 26 hänsigt
309 1364 26 20 till
349 1362 111 26 jernvägar,
477 1362 82 20 kanaler
574 1362 39 20 och
629 1361 105 30 telegrafer
748 1361 59 19 föröf-

59 1392 57 20 vade:
125 1391 136 24 förbrytelser,
276 1390 62 20 hvarä
353 1390 5 19 i
368 1390 62 20 denna
445 1389 112 25 författning
569 1394 72 14 ansvar
656 1388 63 20 blifvit
732 1390 74 17 utsatta

60 1418 60 18 hafva
128 1418 36 18 alla
188 1421 20 15 det
216 1420 125 22 gemensamt
348 1419 30 16 att
387 1416 25 18 de
427 1416 5 18 i
442 1416 99 23 betänklig
555 1414 45 19 mån
609 1416 80 17 hämma
703 1410 47 55 IE
754 1415 53 17 störa

706 1440 13 20 3
