1009 1792
206 134 22 18 98
433 132 71 22 Nådiga
516 134 140 21 Propositionen
668 133 38 17 N:o
717 133 18 17 6.

207 184 39 19 den
260 188 38 20 nya
312 182 116 26 lägenheten
443 182 44 19 icke
501 182 96 20 behöfver
614 184 69 24 genast
703 182 88 25 uppfylla
811 182 141 19 besutenhets-

209 210 82 19 vilkoret
306 211 46 17 utan
366 208 34 20 det
413 208 5 19 i
433 208 53 20 detta
500 208 93 20 afseende
608 210 23 18 är
645 208 95 25 tillfyllest
753 210 30 17 att
795 208 39 20 den
851 207 68 20 består
932 208 22 19 af

208 235 61 25 mark,
286 240 44 14 som
344 238 46 16 utan
404 234 102 26 svårighet
520 235 39 19 kan
573 234 64 20 dertill
652 235 122 25 uppbringas
787 239 72 20 genom
877 234 76 25 uppod-

207 262 45 25 ling,
268 260 22 20 så
304 260 86 21 återstår
403 262 21 18 af
437 262 150 24 olägenheterna
602 261 21 19 af
635 260 133 26 ifrågakomna
778 260 92 20 förbehåll
882 260 70 19 endast

207 288 46 25 den,
269 292 43 14 som
327 289 22 17 är
363 288 89 25 grundad
466 288 5 18 i
486 288 127 19 föreskriften
626 287 75 25 derom,
719 290 28 16 att
761 286 21 20 så
801 287 31 19 väl
854 286 39 20 den
914 292 38 20 nya

209 320 43 14 som
266 314 39 19 den
318 314 63 25 gamla
395 314 117 26 lägenheten
527 314 54 20 skola
595 313 64 20 under
669 314 78 25 vanliga
760 312 134 21 förhållanden
904 314 49 18 lem-

209 346 25 14 na
248 341 59 19 säker
320 340 90 20 utkomst
424 341 29 19 för
467 340 61 20 minst
534 341 40 19 fem
589 340 100 20 fullvuxna
704 345 103 20 personer.
823 340 30 19 En
866 339 88 20 nedsätt-

209 368 44 25 ning
267 367 5 19 i
286 366 54 20 detta
355 367 51 19 antal
421 372 62 21 synes
498 367 116 25 visserligen
629 366 100 20 Utskottet
742 366 51 20 både
811 366 88 25 oskadlig
914 367 39 19 och

209 393 82 26 önsklig,
307 398 46 15 men
366 392 23 20 då
404 396 28 16 ett
446 393 94 20 förbehåll
555 393 69 20 derom
639 392 41 20 från
695 392 122 20 Ständernes
831 392 43 20 sida
889 392 65 20 kunde

210 421 129 24 omintetgöra
353 420 43 19 hela
410 420 37 19 den
468 419 149 26 ifrågavarande
637 419 232 26 lagstiftningsåtgärden,
892 419 62 19 hvars

210 446 123 26 gagnelighet
347 446 57 19 äfven
418 446 5 19 i
437 446 48 20 dess
499 446 112 26 föreslagna
626 445 56 20 skick
697 447 21 18 är
739 445 121 26 obestridlig,
885 445 65 24 hafva,

211 473 32 20 vid
257 472 84 20 anställd
356 472 95 26 votering,
467 473 26 19 de
507 472 58 20 fleste
579 472 154 20 medlemmarne
747 472 42 20 från
803 471 33 20 två
858 473 21 18 af
897 471 57 21 Stån-

211 500 37 20 den
262 498 55 22 hållit
331 499 41 19 före
386 501 27 17 att
429 499 99 20 Utskottet
542 499 43 19 icke
600 498 62 20 borde
675 500 47 24 göra
737 498 65 25 någon
812 498 142 26 framställning

210 526 6 20 i
230 525 131 26 nyssberördt
375 526 59 25 syfte,
450 525 104 21 hvaremot
569 526 84 19 flertalet
667 526 53 18 inom
734 525 25 19 de
773 525 60 25 öfriga
855 524 98 21 Ständens

211 551 121 26 deputerade
348 551 89 19 vidhållit
451 551 40 20 den
505 551 58 25 åsigt,
579 554 29 17 att
621 551 83 20 berörda
723 552 58 23 antal,
805 552 69 19 derest
894 552 59 18 besu-

210 577 166 21 tenhetsvilkoret
389 578 80 19 komme
486 580 28 18 att
534 578 115 25 bibehållas,
672 578 61 20 borde
754 578 102 19 nedsättas
876 578 26 20 till
923 580 30 17 tre

211 605 100 19 fullvuxna
328 609 95 19 personer
437 607 52 17 samt
503 606 29 18 att
545 607 29 17 ett
588 604 71 26 förslag
673 604 20 20 af
706 604 70 20 sådant
792 604 83 20 innehåll
892 604 61 20 borde

211 632 4 18 i
229 630 110 21 utlåtandet
353 636 33 13 om
399 630 64 20 denna
477 630 11 26 $
501 632 59 24 göras
574 630 117 20 Ständerne.
707 642 26 3 —
747 630 161 25 Föreskrifterna,
924 633 29 17 att

210 657 142 27 egostyckning
366 656 17 25 ej
398 657 29 19 får
442 662 41 21 ega
492 662 45 15 rum
552 657 45 20 med
612 657 76 20 mindre
697 659 24 18 än
731 659 28 18 att
770 658 128 24 lägenhetens
907 662 46 20 ego-

210 683 81 21 område
305 683 52 20 förut
369 684 23 18 är
405 689 70 20 genom
490 684 102 20 storskifte
608 684 107 25 behörigen
735 683 108 24 bestämdt,
865 686 29 17 att
914 684 38 19 den

209 716 38 20 nya
261 710 114 26 lägenheten
389 710 45 20 icke
447 710 36 20 bör
498 710 17 19 få
531 711 41 18 sina
587 715 46 21 egor
648 710 6 19 i
668 710 47 20 flere
725 712 24 18 än
759 713 30 16 tre
798 710 96 20 särskilda
905 710 47 20 skif-

209 740 34 17 ten
257 739 52 17 samt
322 738 29 18 att
365 736 32 19 vid
411 736 161 20 bestämmandet
585 738 21 19 af
613 737 60 21 dessa
683 742 46 20 egor
739 736 94 20 afseende
843 737 58 19 äfven
914 737 37 19 bör

209 764 62 21 fästas
285 763 55 25 derå,
356 766 28 16 att
398 764 179 25 stomlägenhetens
591 764 70 19 mantal
683 763 38 20 kan
742 764 104 25 lämpligen
866 763 86 20 fördelas

210 790 83 20 emellan
307 789 51 20 båda
372 790 144 25 lägenheterna,
533 796 60 19 synas
606 790 90 19 deremot
711 795 48 15 vara
772 790 21 19 af
808 790 97 20 behofvet
918 789 35 27 på-

210 816 83 21 kallade.
309 817 28 18 De
352 815 32 20 två
399 816 121 20 sistnämnda
535 816 148 20 föreskrifterna
698 817 43 19 visa
755 816 30 26 sig
794 816 116 26 visserligen
920 815 32 22 så-

210 849 44 13 som
267 842 162 26 inskränkningar
444 843 5 19 i
465 843 131 25 sakegarenes
617 843 36 19 fria
674 843 164 25 förfogningsrätt.
861 843 43 20 Men
926 842 25 22 då

210 869 91 20 förbudet
315 871 54 17 emot
382 868 48 20 flere
443 871 23 17 än
481 872 31 16 tre
525 869 110 26 egoskiften
649 870 22 18 är
684 869 101 26 betingadt
799 869 20 19 af
832 874 24 15 en
877 869 75 20 tillbör-

210 896 25 26 lig
249 895 92 20 omtanke
355 897 28 18 att
396 895 65 25 afböja
474 896 133 25 uppkomsten
621 895 20 19 af
654 895 113 26 lägenheter
783 895 46 20 med
850 895 102 26 olämpliga

211 921 131 26 egoområden
357 921 37 20 och
408 921 25 20 då
447 921 37 20 den
507 922 83 19 sednare
611 922 21 19 af
650 921 59 21 dessa
730 922 166 25 inskränkningar
917 922 36 20 har

210 949 30 20 sin
253 949 122 25 berättigade
389 949 59 18 orsak
463 949 4 19 i
482 949 83 25 afsigten
578 951 29 17 att
626 949 44 19 icke
691 949 55 19 öfver
767 948 73 21 höfvan
860 949 38 19 öka
918 949 34 20 det

210 976 75 24 arbete,
301 981 44 14 som
359 974 70 26 hvarje
443 975 142 26 egostyckning
599 975 92 20 kommer
711 978 28 17 att
760 975 73 20 bereda
855 976 97 19 vederbö-

210 1002 60 20 rande
284 1002 153 25 uppbördsmån,
455 1002 21 20 så
491 1002 56 20 torde
561 1002 36 20 alla
611 1001 157 26 betänkligheter
789 1001 102 27 angående
911 1008 41 15 me-

210 1029 84 25 rasagde
308 1028 161 26 inskränkningar
483 1029 46 19 med
544 1029 41 19 skäl
603 1029 65 19 kunna
689 1029 80 24 förfalla,
792 1029 53 19 helst
865 1029 33 19 allt
918 1029 34 20 det

210 1055 165 26 hufvudsakliga
371 1051 12 34 i
390 1055 93 20 afseende
498 1055 11 20 å
524 1055 50 20 både
588 1055 169 26 beskaffenheten,
768 1057 51 24 läget
831 1055 38 20 och
880 1055 74 20 vidden

210 1083 20 18 af
242 1083 38 20 den
293 1083 64 24 mark,
373 1087 44 14 som
431 1082 48 20 skall
493 1081 92 26 afskiljas,
598 1082 74 20 ändock
683 1084 22 17 är
714 1082 144 20 öfverlemnadt
873 1082 24 20 till
908 1082 45 20 sak-

210 1115 94 19 egarenes
322 1109 36 19 fria
371 1109 53 19 aftal.
454 1109 43 20 Med
512 1109 44 19 stöd
569 1109 22 19 af
603 1109 53 20 hvad
670 1109 101 20 Utskottet
785 1115 26 13 nu
827 1109 71 25 anfört,
920 1115 33 14 an-

210 1141 33 14 ser
257 1135 100 20 Utskottet
371 1135 36 26 sig,
424 1135 46 20 med
484 1135 35 20 det
532 1135 21 20 af
568 1131 183 36 ofvanomförmälda
761 1131 140 36 skiljaktighet
913 1135 40 20 för-

209 1162 82 20 anledda
308 1162 104 25 undantag,
434 1162 64 19 kunna
514 1162 26 19 till
555 1161 120 20 Ständernes
690 1162 108 25 antagande
818 1163 80 19 förorda
917 1162 34 20 det

211 1189 119 24 väsendtliga
345 1187 105 20 innehållet
463 1188 20 19 af
496 1187 147 26 ifrågavarande
657 1188 19 25 $,
692 1189 104 19 hvaremot
805 1188 102 20 Utskottet
916 1188 36 20 fin-

210 1220 34 14 ner
259 1215 29 25 sig
301 1214 102 20 föranlåtet
417 1217 28 16 att
458 1215 90 26 afstyrka
563 1214 51 20 bifall
630 1215 26 20 till
671 1214 116 20 densamma
803 1214 17 25 ej
830 1215 78 20 mindre
917 1215 34 20 be-

209 1241 94 20 träffande
317 1247 24 13 en
355 1241 41 20 Jeri
411 1244 99 23 upptagen
523 1241 145 25 omständighet
682 1242 21 19 af
722 1241 29 20 för
771 1241 139 21 hufvudsaken
931 1247 21 14 o

209 1268 110 25 väsendtlig
332 1267 104 27 betydelse
449 1269 23 18 än
487 1268 5 19 i
502 1267 93 20 afseende
605 1267 10 20 ä
625 1268 38 19 den
677 1268 5 19 i
696 1268 148 25 propositionen
858 1268 94 25 föreslag-

209 1299 24 14 na
247 1293 181 27 ordalydelsen.—1
443 1293 52 27 fråga
511 1300 32 14 om
558 1295 104 19 mantalets
677 1294 110 25 fördelning
797 1295 83 20 emellan
890 1297 61 17 stom-

209 1320 115 25 lägenheten
339 1321 37 20 och
390 1321 38 19 den
442 1326 38 20 nya
494 1321 116 24 lägenheten
625 1321 56 19 heter
695 1321 34 19 det
746 1322 5 18 i
772 1322 59 19 slutet
852 1322 21 18 af
892 1321 10 24 $
923 1323 28 16 att

209 1347 94 19 mantalet
317 1347 35 19 bör
365 1345 11 20 ä
391 1347 46 20 dem
452 1347 98 19 hvardera
564 1348 85 17 utsättas
672 1346 17 19 «i
709 1347 90 25 lämpliga
820 1345 49 20 bråk
887 1347 64 19 helst

210 1373 23 18 af
253 1372 208 21 hundradedelar.»
483 1372 102 26 Sistsagde
606 1373 63 25 tillägg
690 1378 61 21 synes
773 1373 101 19 Utskottet
894 1373 58 24 högst

209 1398 105 26 olämpligt,
331 1398 42 20 dels
386 1399 78 20 derföre
478 1401 28 17 att
520 1399 143 26 tillämpningen
677 1399 58 20 deraf
747 1399 5 19 i
770 1398 70 27 många
862 1399 31 20 fall
914 1399 37 20 blir

209 1426 67 19 nästan
291 1423 84 27 omöjlig,
390 1425 43 20 dels
447 1425 78 20 derföre
539 1427 29 17 att
581 1431 24 14 en
619 1425 101 20 föreskrift
733 1426 22 19 af
766 1426 91 25 uppgifna
867 1425 82 21 innehåll
