1000 1745
194 97 34 31 324
409 99 71 22 Nädiga
492 99 140 22 Propositionen
644 97 37 18 N:o
693 98 28 18 13.

194 149 158 26 propositionens
366 149 115 25 antagande,
497 150 36 18 har
548 148 99 19 Utskottet
661 150 48 17 trott
723 148 30 25 sig
763 147 47 20 böra
820 147 78 25 föreslä,
911 149 27 18 att

194 176 127 20 förenämnda
335 175 164 26 tidsbestämning
513 174 64 19 skulle
591 174 108 20 tillsvidare
713 175 75 18 lemnas
802 175 72 24 öppen.

248 243 24 19 H.
301 243 7 19 I
325 243 117 25 förslaget
458 243 34 19 till
510 242 138 25 förordning
665 247 36 14 om
718 241 183 26 verkställighet
917 242 23 19 af

195 269 171 20 frihetsstraff:

248 307 35 20 Till
297 308 13 19 6
323 307 18 25 $,
356 307 36 20 der
406 307 34 20 det
453 307 129 23 bestämmes,
598 309 28 17 att
641 305 159 26 tukthusfängar,
816 311 44 14 som
875 305 63 21 hållas

195 334 6 19 i
218 333 106 27 fängklass,
344 333 61 20 borde
422 333 64 20 under
499 333 110 26 bevakning
623 332 97 26 tillbringa
733 334 89 18 nätterna
837 333 5 18 i
856 338 84 21 gemen-

196 366 76 14 samma
293 361 83 24 sofrum,
394 361 35 18 har
446 360 100 19 Utskottet
563 362 47 17 trott
627 360 29 25 sig
671 360 48 19 böra
732 359 72 20 föreslå
819 359 34 19 Jet
867 359 69 26 tillägg,

196 389 28 17 att
238 387 61 19 desse
313 386 69 25 fängar
396 386 63 20 borde
473 387 6 18 i
493 386 133 25 straffanstalt,
638 385 57 20 hvari
705 388 101 23 utrymme
816 385 63 20 dertill
889 386 49 19 kun-

196 413 25 19 de
237 413 71 23 finnas,
327 413 95 25 tillbringa
439 414 91 18 nätterna
543 413 6 19 i
563 418 77 14 enrum.
669 413 29 25 Ty
711 411 24 20 dä
751 411 71 20 sådant
836 412 44 19 icke
894 413 46 19 alle-

196 442 44 17 nast
257 439 70 24 skulle,
346 439 64 19 bättre
424 440 24 18 än
462 439 34 19 det
509 439 34 19 vid
558 438 108 26 bevakning
680 439 6 18 i
700 443 148 20 gemensamma
863 438 76 20 sofrum

196 465 38 20 kan
253 465 43 26 ske,
315 465 122 20 förekomma
454 465 105 26 obehöriga
576 465 143 20 meddelanden
737 465 83 19 emellan
837 463 101 27 fängarne,

197 494 46 17 utan
258 492 57 19 äfven
329 491 6 19 i
350 491 59 20 andra
424 491 106 20 afseenden
544 491 80 26 bidraga
638 491 26 20 till
681 496 24 15 en
718 491 66 20 bättre
796 491 83 26 ordning
888 491 52 20 inom

197 519 110 24 tukthuset,
323 517 22 20 sä
360 519 36 18 har
410 518 105 25 Utskottet,
531 524 51 18 som,
597 517 7 20 i
618 517 101 26 anledning
733 518 21 19 af
766 517 38 20 den
816 517 69 26 nådiga
895 523 45 20 pro-

196 545 110 24 positionen
320 549 33 14 om
367 545 95 19 allmänna
476 545 85 24 grunder
575 544 29 19 för
619 549 24 14 en
656 549 28 21 ny
697 543 141 26 brottmälslag,
854 546 47 17 trott
911 544 29 26 sig

196 571 66 20 kunna
279 572 110 24 förutsätta,
408 573 27 17 att
452 571 136 25 cellfängelser
604 570 5 19 i
624 576 25 14 en
663 576 46 14 snar
723 570 80 20 framtid
817 571 81 19 komme
912 573 28 18 att

197 597 6 19 i
219 592 67 25 1dhdet
301 597 101 26 uppföras,
422 597 62 20 funnit
500 597 34 20 det
550 597 91 25 önskligt,
657 599 28 17 att
699 597 58 26 något
772 597 20 19 af
804 597 26 20 de
843 597 29 20 för
887 597 55 20 tukt-

198 625 117 19 husstraffet
328 624 81 19 alsedda
423 624 135 25 cellfängelser
571 623 66 20 kunde
651 626 70 23 genast
735 624 51 19 efter
800 624 48 19 dess
858 624 83 20 fulländ-

197 651 46 24 ning
262 651 29 19 för
308 651 34 20 sitt
358 650 88 21 ändamål
460 651 104 25 begagnas,
580 652 53 18 samt
646 650 79 19 derföre
739 651 53 18 velat
805 656 71 19 genom
890 650 52 21 före-

198 677 85 19 nämnda
300 677 64 25 tillägg
380 677 88 25 aflägsna
485 680 28 16 ett
530 677 70 20 hinder
617 677 38 19 och
669 677 73 19 bereda
757 682 25 13 en
795 676 102 26 möjlighet
911 677 29 20 för

198 704 96 20 cellernas
309 703 127 20 användande
451 704 26 19 till
493 704 76 19 sofrum
583 703 20 20 ät
617 703 150 25 klassfängarne
782 703 5 19 i
801 703 110 20 tukthuset.

252 731 7 18 I
277 730 101 25 anledning
396 731 20 18 af
431 730 134 26 nyssnämnda
582 730 66 25 tillägg
664 729 27 20 till
709 731 12 18 6
739 729 9 26 $
766 730 35 19 har
818 730 58 19 äfven
892 731 48 19 sista

198 759 109 17 momentet
321 757 44 19 i.12
380 756 10 25 $
404 756 58 20 bordt
477 755 82 21 sålunda
573 756 108 25 förändras,
693 759 28 17 att
730 756 39 19 den
778 756 31 19 der
823 757 117 19 föreskrifna

198 783 168 25 öfvervakningen
383 783 4 18 i
406 782 69 25 sjelfva
490 783 121 20 sofrummen
625 782 82 20 komme
721 785 28 17 att
764 783 41 19 afse
820 783 82 20 allenast
916 783 25 20 de

198 815 148 20 gemensamma
360 809 128 20 sofrummen.

251 835 27 20 Pä
296 835 49 25 skäl,
364 841 44 14 som
425 836 63 19 blifvit
504 835 80 20 anförda
601 836 5 19 i
623 835 112 20 Utskottets
749 835 124 20 betänkande
888 836 5 19 i
907 841 34 15 an-

198 862 77 25 ledning
289 862 21 18 af
322 862 38 20 den
374 861 68 26 nädiga
457 862 147 25 propositionen
618 868 33 14 om
665 863 95 18 allmänna
774 863 87 24 grunder
875 863 30 19 för
916 868 25 14 en

198 894 27 20 ny
242 888 142 26 brottmälslag,
403 888 35 20 har
455 889 102 19 Utskottet
570 892 64 16 ansett
648 888 29 26 sig
691 888 48 20 böra
754 888 68 20 såsom
835 889 65 26 tillägg
913 889 27 20 till

199 916 25 18 22
242 914 9 26 $
268 914 79 26 föreslå,
366 917 28 17 att
411 914 151 26 tukthusfänges
578 915 134 25 sparpenning
726 915 63 19 borde
803 916 49 18 efter
866 915 76 26 möjlig-

199 942 58 19 heten
278 942 29 18 för
327 942 50 18 hans
398 941 80 26 räkning
499 942 61 18 under
580 942 109 20 strafftiden
703 942 97 20 förräntas
814 942 6 18 i
834 942 105 26 sparbank,

199 971 52 16 samt
265 970 28 16 att
307 968 138 24 sparpenning,
462 973 43 15 som
519 967 70 21 aflilen
604 968 57 26 fänge
675 968 76 19 lemnar
766 968 49 20 efter
830 968 35 26 sig,
878 969 63 20 skulle

199 994 73 20 tillfalla
285 994 104 19 tukthuset
403 994 82 20 allenast
501 994 2 19 i
518 994 38 20 den
571 995 101 23 händelse,
687 997 28 17 att
725 995 37 19 han
773 995 43 19 icke
826 995 115 21 efterlefves

200 1021 20 19 af
238 1020 59 20 maka
316 1020 49 20 eller
386 1021 56 19 barn.
470 1021 44 20 Och
535 1026 43 15 som
597 1022 24 19 22
633 1016 12 35 $&
663 1020 88 25 föreslår,
768 1024 28 16 att
810 1022 118 25 sparpennin;

200 1047 63 20 skulle
277 1046 109 26 förverkas,
402 1047 58 20 bland
474 1051 58 15 annat
544 1047 32 19 vid
587 1047 127 20 insättande
709 1042 10 35 i
724 1054 70 13 enrum
802 1047 25 26 pä
838 1028 103 41 obestämd

199 1074 35 24 tid,
249 1078 46 14 men
310 1079 25 13 en
352 1072 60 21 sådan
429 1072 78 26 påföljd,
524 1074 59 25 enligt
596 1074 112 20 Utskottets
725 1074 65 26 tanke,
806 1075 59 19 äfven
879 1075 62 20 borde

200 1105 35 20 ega
249 1105 45 13 rum
307 1101 36 17 när
357 1099 141 26 tukthusfånge
512 1101 30 19 för
556 1100 71 20 urbota
640 1100 61 24 brott,
713 1100 61 25 enligt
783 1101 157 25 propositionens

200 1126 24 20 29
241 1125 119 25 (Utskottets
374 1126 34 25 28)
423 1126 16 26 $,
456 1127 68 19 dömes
538 1127 26 20 till
579 1127 109 19 insättande
702 1127 5 19 i
722 1133 70 13 enrum
809 1128 25 25 på
849 1127 91 21 bestämd

199 1152 35 24 tid,
253 1152 22 19 så
293 1152 36 19 har
346 1152 101 20 Utskottet
465 1156 47 16 trott
529 1154 29 24 sig
575 1153 48 20 böra
640 1152 71 21 föreslå
725 1159 24 14 en
764 1154 144 26 omredigering
922 1155 21 19 af

200 1179 25 19 22
239 1178 10 26 $
263 1180 58 18 äfven
336 1178 5 19 i
355 1178 61 20 denna
431 1179 93 26 syftning.

253 1205 29 19 Då
297 1205 25 19 25
337 1204 17 29 S;
370 1211 44 13 som
431 1206 80 19 handlar
526 1212 33 14 om
573 1206 54 20 vissa
642 1207 75 25 frigifne
731 1206 162 27 tukthusfängars
908 1213 32 13 an-

200 1231 95 20 ställande
308 1231 6 19 i
328 1234 60 22 tjenst
397 1232 34 20 vid
441 1232 81 20 allmänt
531 1233 168 25 arbetskompani,
711 1232 59 26 angår
780 1236 27 16 ett
816 1235 63 23 ämne,
892 1234 49 20 hvil-

200 1257 33 19 ket
246 1258 104 19 Utskottet
363 1264 59 14 anser
437 1259 101 25 rätteligen
552 1260 48 18 höra
615 1260 26 18 till
656 1259 38 20 Jen
708 1260 109 24 föreslagna
832 1260 108 19 författnin-

200 1289 36 19 gen
255 1290 32 12 om
302 1284 129 19 försvarslösa
445 1290 96 19 personer
555 1286 37 18 och
607 1285 59 19 deras
680 1286 122 24 behandling,
820 1286 21 18 sä
856 1287 36 17 har
907 1287 34 18 Ut-

200 1308 81 25 skottet,
297 1309 24 24 pä
337 1308 49 25 skäl,
402 1315 44 14 som
461 1310 106 19 framstälts
582 1311 5 18 i
602 1310 111 20 Utskottets
728 1311 133 25 nyssnämnda
873 1311 68 20 betän-

200 1334 66 20 kande
287 1335 82 19 rörande
386 1341 23 13 en
426 1341 27 20 ny
470 1336 142 26 brottmälslag,
627 1339 48 17 trott
689 1337 30 25 sig
733 1337 47 20 böra
794 1337 102 26 tillstyrka,
912 1339 29 18 att

200 1360 63 19 Jenna
280 1361 96 26 paragraf,
396 1361 61 20 hvars
474 1362 84 20 innehåll
575 1362 101 20 Utskottet
693 1363 51 20 dock
760 1364 28 18 för
804 1364 28 19 sin
847 1364 31 19 del
893 1364 48 25 god-

199 1386 54 25 känt,
272 1387 62 20 skulle
352 1387 48 20 ifrån
417 1388 39 20 den
472 1394 26 14 nu
514 1389 148 26 ifrågavarande
683 1389 136 26 författningen
835 1391 104 20 utlemnas.
