995 1748
283 112 70 25 Nådiga
364 115 140 24 Propositionen
516 115 37 20 N:o
564 117 28 18 15.
773 116 35 21 397

265 169 44 20 -gen
324 166 6 17 i
345 167 27 18 tre
386 167 71 23 veckor,
473 167 34 19 och
515 168 36 25 för
560 167 100 20 enahanda
664 168 91 25 förseelse
759 169 48 24 fjer-

274 193 23 18 de
309 192 75 27 gängen
400 195 43 19 eller
456 196 59 25 oftare
528 196 7 18 i
543 197 42 24 fem
599 196 71 19 veckor.

329 221 25 20 15
369 223 22 25 f.
422 222 48 20 Sker
488 223 99 25 lägersmäl
604 224 43 19 med
665 225 46 24 ogift
731 225 76 24 gvinna,

271 255 40 12 som
319 249 47 26 fyllt
381 251 38 25 tolf,
435 257 40 13 men
491 252 16 24 ej
521 251 69 26 sjutton
601 251 28 23 är,
640 252 33 19 och
681 252 56 25 förut
750 252 16 25 ej
779 253 26 18 lä-

270 277 49 24 grad
337 281 28 24 är,
383 279 58 19 varde
458 285 79 13 mannen
556 279 56 20 dömd
631 280 26 19 till
669 280 87 25 fängelse
775 279 32 20 vid

270 307 62 18 vatten
347 307 34 18 och
395 307 46 18 bröd
455 308 6 17 i
475 306 22 19 sä
513 306 44 25 lång
571 307 33 23 tid,
619 313 41 13 som
669 309 105 17 motsvarar
783 307 23 19 de

271 333 7 18 i
291 333 32 25 lag
333 334 34 25 för
382 334 50 20 olika
441 334 39 26 fall
494 340 20 20 aj
529 333 99 27 lägersmäl
641 337 70 17 utsatta
721 335 84 19 bötesan-

271 367 49 13 svar.

328 389 27 20 16
369 389 23 27 f.
423 392 34 24 (Af
469 397 76 15 samma
559 391 82 21 innehåll
656 398 45 14 som
717 395 89 17 motsva-

269 417 62 20 tande
345 417 10 25 $
369 418 5 19 i
389 418 160 25 propositionen).

327 444 25 19 17
365 444 23 26 f.
419 445 66 20 Denna
493 445 113 28 förordning
621 445 53 20 träde
688 447 7 17 i
712 446 93 19 verksam-

270 471 30 20 het
314 473 36 19 den
365 487 46 5 ....
427 473 40 20 186
482 489 20 4 ..
518 474 29 19 Är
560 474 73 25 straffet
653 473 5 20 &
673 473 61 26 någon
749 475 24 24 af
782 475 23 18 de

264 500 130 26 förbrytelser,
412 508 40 14 som
469 503 6 18 i
487 503 136 25 förordningen
640 505 119 20 omnämnas,
780 502 25 20 dä

272 532 50 16 ännu
337 530 16 25 e
368 530 91 20 bestämdt
472 537 66 19 genom
553 531 67 25 utslag,
635 536 39 14 som
688 532 64 18 vunnit
762 531 44 19 eller

265 558 37 25 Jär
315 559 56 18 vinna
387 558 44 26 laga
443 558 56 26 kraft,
510 558 31 20 mä
551 559 30 19 det
590 565 71 13 ansvar
670 558 84 24 ädömas,
765 565 39 13 som

272 586 35 19 här
314 586 64 26 finnes
393 589 67 21 utsatt,
479 587 79 25 såframt
574 587 31 19 det
622 590 23 16 är
662 587 100 25 lindrigare
779 590 26 16 än

270 614 37 23 det,
322 620 40 14 som
377 615 55 25 enligt
445 615 52 20 äldre
511 615 32 25 lag
557 615 43 19 eller
608 615 114 25 författning
737 614 12 20 &
762 621 42 19 ger-

270 644 67 23 ningen
345 642 52 26 följa
410 643 38 19 bör.

117 680 126 26 Helsingfors,
258 680 38 21 den
313 681 25 20 18
353 680 79 22 Januari
447 682 57 20 1864.

305 848 253 24 Reservationer.

117 904 25 21 Af
153 904 271 21 Universitetssekreteraren
439 905 141 20 Grotenfelt:

118 931 66 20 Under
203 931 34 20 det
256 931 79 20 sednast
352 931 90 20 förflutna
459 932 47 20 eller
525 931 108 20 adertonde
653 931 62 20 seklet
733 930 70 28 gjorde

64 963 46 14 man
124 957 6 20 i
144 957 82 26 Sverige
240 957 38 21 och
291 957 79 21 Finland
385 958 79 20 allmänt
480 958 38 20 den
535 957 135 21 erfarenheten
688 961 27 17 att
731 958 71 20 endast

63 982 73 22 sådana
150 984 90 25 gvinnor,
257 990 43 14 som
314 987 55 17 utom
384 984 129 26 äktenskapet
523 984 91 20 framfödt
624 985 55 24 barn,
690 984 112 20 drabbades

63 1010 22 20 af
96 1010 25 20 de
136 1010 5 19 i
156 1010 24 20 53
195 1010 81 26 kapitlet
289 1010 212 26 Missgerningsbalken
515 1011 29 19 för
557 1010 110 27 lönskaläge
681 1014 73 17 utsatta
768 1011 34 19 bö-

62 1039 111 17 tesansvar.
202 1037 43 19 Men
263 1037 59 19 redan
336 1036 108 21 däförtiden
458 1037 60 25 ansåg
531 1042 45 15 man
590 1037 34 20 det
637 1043 47 14 vara
694 1037 57 20 härät
760 1040 42 17 mot

63 1062 34 21 det
110 1066 54 17 utom
178 1063 130 25 äktenskapet
321 1063 57 20 födda
393 1064 60 25 späda
467 1064 69 20 barnet
549 1066 35 22 att,
599 1064 6 19 i
615 1064 93 20 händelse
719 1063 83 20 modern

63 1089 85 20 saknade
162 1088 78 27 tillgång
253 1090 29 20 till
296 1090 92 19 böternas
402 1090 101 24 gäldande,
519 1090 87 25 insperra
620 1090 63 20 henne
700 1091 6 18 i
723 1091 80 19 allmänt

62 1115 67 25 häkte,
144 1116 84 20 emedan
246 1116 5 19 i
268 1115 70 21 sådant
353 1116 31 20 fall
402 1110 68 26 barnet
486 1117 91 25 antingen
594 1116 78 20 komme
689 1119 28 17 att
734 1116 68 25 skiljas

62 1141 50 21 ifrån
129 1142 82 20 modern
228 1144 37 18 och
282 1142 113 26 derigenom
412 1143 118 20 beröfvades
547 1142 30 20 sin
593 1143 96 25 naturliga
706 1143 44 19 föda
768 1143 33 19 vid

61 1169 75 19 hennes
150 1168 57 20 bröst
219 1169 48 19 eller
281 1169 36 19 ock
331 1168 65 20 måste
409 1168 65 26 åtfölja
488 1170 63 19 henne
564 1169 26 19 till
605 1170 95 24 fängelset
713 1170 38 18 och
769 1168 32 20 så-

61 1194 66 26 lunda,
143 1194 118 21 åtminstone
274 1195 64 20 under
353 1201 24 13 en
391 1195 72 21 kallare
477 1195 68 26 årstid,
560 1198 84 17 utsattes
652 1196 30 19 för
692 1194 58 21 svåra
759 1195 42 25 följ-

61 1221 36 20 der
111 1221 26 20 till
152 1221 21 20 lif
190 1222 38 19 och
246 1222 62 20 helsa.
337 1222 44 19 Man
397 1222 86 26 förbisäg
500 1221 17 25 ej
535 1222 61 20 heller
612 1222 34 20 vid
663 1222 34 20 det
714 1222 87 19 nittonde

61 1247 76 20 seklets
150 1246 71 28 ingång
237 1251 29 17 att
282 1253 24 15 en
323 1251 42 17 stor
381 1248 32 20 del
427 1248 21 20 af
464 1249 59 19 dessa
539 1254 50 20 unga
606 1248 88 25 mödrar,
713 1248 5 19 i
736 1248 66 20 stället

61 1274 30 20 för
105 1274 37 20 den
156 1276 122 24 upprättelse
292 1274 25 20 de
330 1276 69 18 väntat
416 1275 29 25 sig
465 1280 71 21 genom
554 1280 24 14 en
595 1274 87 26 förening
700 1274 45 20 med
763 1274 38 20 den

62 1306 51 20 man,
130 1306 43 14 som
191 1301 69 19 förfört
276 1302 51 24 dem,
346 1300 52 26 fingo
416 1301 85 27 undergå
518 1300 166 26 förödmjukelsen
702 1303 28 17 att
746 1300 55 20 finna

63 1327 63 20 denne
140 1327 45 20 med
199 1328 44 20 köld
258 1328 51 20 neka
323 1328 27 20 fill
365 1327 33 20 sitt
412 1328 53 20 brott
478 1328 37 20 och
530 1328 82 25 ihärdigt
626 1328 60 25 vägra
700 1330 27 17 att
735 1328 66 19 lemna

63 1359 34 14 ens
111 1354 34 20 det
159 1354 85 26 ringaste
257 1354 68 26 bidrag
339 1354 26 20 till
375 1354 80 20 barnets
463 1353 108 21 underhåll.
600 1354 29 20 "Då
638 1354 39 20 den
687 1353 67 21 såsom
763 1354 38 19 för-

61 1380 71 19 fattare
145 1381 21 18 af
178 1380 151 26 kyrkopsalmer
342 1380 64 19 kände
416 1382 83 18 Prosten
511 1382 39 17 och
561 1380 187 26 Theologiedoktorn
760 1381 42 18 Ma-

61 1406 52 20 thias
126 1407 146 24 Stenhammar,
288 1407 5 19 i
307 1406 132 21 betraktande
452 1407 22 19 af
485 1407 127 20 förenämnda
627 1405 119 21 bevekande
759 1411 42 15 om-
