1011 1789
206 133 23 18 32
432 131 71 22 Nådiga
514 131 138 22 Propositionen
666 130 35 17 N:o
713 130 17 17 2.

208 187 32 14 om
255 182 38 19 och
307 182 5 18 i
329 181 52 19 hvad
398 180 46 19 mån
461 181 34 18 det
509 179 69 20 tillåtas
592 178 40 24 må;
651 179 37 18 och
703 179 46 24 göre
769 183 24 14 en
814 179 50 18 hvar
884 177 61 20 sedan

208 207 47 20 redo
270 207 29 20 för
313 207 30 19 sin
357 206 37 20 del.
411 206 63 19 Hafva
488 206 25 19 de
527 204 185 27 förmynderskapet
733 203 86 25 odeladt,
842 209 59 14 svare
921 203 24 20 då

209 233 96 20 hvardera
320 233 26 19 till
360 233 38 19 lika
412 231 31 20 del
458 233 29 18 för
502 232 42 19 hela
558 230 148 25 förvaltningen;
728 229 51 20 dock
801 235 47 13 vare
869 229 18 24 ej
908 229 38 19 den

209 265 35 14 ena
259 259 77 26 skyldig
350 261 27 16 att
390 259 84 24 umgälla
488 259 37 19 den
542 257 72 20 andras
631 255 125 20 vårdslöshet
776 256 47 19 eller
843 255 102 25 förseelse,

209 291 44 14 som
268 285 37 20 han
320 285 17 25 ej
351 285 123 19 förekomma
488 285 79 19 kunnat.
583 283 76 20 Saknas
674 283 36 18 hos
727 282 37 20 den
779 287 35 14 ena
828 281 78 26 tillgång
920 281 25 20 till

210 311 52 20 hvad
276 313 38 18 han
328 311 63 20 betala
405 311 42 25 bör,
463 316 48 14 vare
526 310 17 25 ej
558 309 37 20 den
610 309 60 20 andre
683 309 66 25 pligtig
760 310 28 17 att
798 307 103 26 omyndigs
909 308 38 19 för-

209 339 40 19 lust
263 338 57 20 deraf
332 337 61 26 gälda,
409 336 83 21 såframt
509 338 37 19 han
560 336 45 20 icke
619 336 116 19 försummat
749 337 28 16 att
799 335 4 18 i
825 334 27 19 tid
873 334 74 19 skadan

210 364 80 25 afvärja.

556 415 43 26 $9.

264 461 90 20 Afträder
367 460 126 26 förmyndare
510 460 33 19 sitt
560 458 48 26 gods
629 459 26 18 till
676 458 130 25 borgenärers
827 456 120 25 förnöjande,

211 487 48 20 skall
274 488 70 19 Rätten
359 487 46 20 eller
419 485 211 21 kommunaistyreisen
646 483 135 26 ofördröjligen
795 483 54 20 vidtaga
862 483 86 25 åtgärd

211 516 28 17 att
252 519 62 14 annan
328 512 125 26 förmyndare
466 512 136 24 tillförordnas,
618 511 39 19 och
670 510 61 20 varde
746 510 64 29 slutlig
824 509 125 26 redovisning

211 541 29 18 för
254 539 192 26 förmynderskapet,
461 544 33 14 om
507 539 38 19 den
559 537 113 20 afträdande
686 536 45 26 sjelf
744 541 16 20 ej
776 535 62 20 sådan
852 535 62 26 gifvit,
930 536 21 19 af

211 566 44 25 den,
272 571 44 14 som
330 567 48 18 hans
392 565 25 20 bo
432 571 32 13 om
479 564 74 21 händer
567 567 61 23 tager,
646 566 69 23 genast
730 561 105 28 upprättad
857 563 38 18 och
916 567 33 14 ve-

211 592 123 20 derbörande
347 591 91 20 tillställ.

552 649 10 26 $
577 651 32 18 10.

265 695 40 20 Dör
319 694 131 26 förmyndare,
468 699 46 14 vare
528 694 49 19 hans
591 693 97 26 arfvingar
702 693 47 19 eller
763 692 66 26 andre,
845 697 45 14 som
903 693 48 19 boet

213 727 32 14 om
260 721 74 20 händer
348 721 64 24 hafva,
429 720 78 26 pligtige
521 723 27 16 att
568 719 103 20 dödsfallet
690 722 47 16 utan
757 718 94 25 dröjsmål
875 719 75 19 anmäla

213 748 37 19 hos
264 747 211 26 kommunalstyrelsen
490 747 47 20 eller
550 747 38 19 den
602 746 93 24 domstol,
710 745 62 20 under
786 746 61 19 hvars
862 744 88 21 vårdnad

212 773 185 27 förmynderskapet
411 772 47 20 står.
482 773 127 26 Arfvingarne
630 773 55 18 skola
705 772 38 19 ock
764 771 50 20 vaka
836 771 56 19 öfver
912 771 38 20 den

212 800 120 26 omyndiges
343 799 96 26 egendom
453 801 38 18 och
504 801 45 23 rätt,
565 799 26 19 till
606 799 47 19 dess
668 803 61 14 annan
744 798 125 25 förmyndare
882 798 68 19 tillsatt

214 826 78 25 varder,
308 828 51 17 samt
373 826 86 19 derefter
473 826 29 19 för
515 825 37 20 den
570 825 62 19 dödes
653 825 115 25 förvaltning
789 825 20 18 af
828 824 123 26 förmynder-

214 853 70 24 skapet
297 851 91 21 redovisa
403 853 38 18 och
455 851 52 20 hvad
521 853 38 18 han
573 852 20 19 af
605 851 39 20 den
658 851 115 26 omyndiges
794 850 49 27 gods
864 850 87 20 innehaft

214 879 80 24 utgifva:

553 937 10 25 $
578 938 32 18 1.

267 981 40 20 Har
320 981 45 25 den,
381 987 44 13 som
438 981 80 26 myndig
531 981 68 24 blifvit,
615 980 41 20 låtit
670 980 29 19 sin
714 980 78 20 tordran
806 981 37 18 hos
864 981 87 25 förmyn-

214 1008 60 19 daren
288 1007 75 20 innestä
377 1007 78 20 utöfver
469 1010 28 17 ett
517 1007 28 25 är,
562 1005 63 21 sedan
645 1007 37 20 den
703 1012 71 21 genom
794 1007 91 25 godkänd
905 1007 47 19 eller

216 1033 105 20 oklandrad
335 1033 124 26 redovisning
473 1034 45 19 eller
532 1033 84 20 medelst
629 1034 42 25 laga
685 1033 52 20 kraft
751 1033 73 24 egande
838 1033 46 19 dom
899 1032 54 20 stad-

214 1059 37 26 gad
265 1060 69 24 blifvit,
349 1065 48 14 vare
411 1060 89 24 förlustig
520 1060 37 19 den
578 1059 132 25 förmänsrätt,
733 1065 45 13 som
797 1059 54 26 dylik
873 1059 78 19 fordran

215 1085 57 25 eljest
286 1086 58 24 enligt
358 1086 11 19 8
383 1085 10 24 $
415 1087 23 18 17
460 1086 80 24 kapitlet
561 1085 164 20 Handels-balken
746 1085 105 20 medförer.
874 1085 77 20 Tvistas

215 1117 33 14 om
261 1111 63 26 någon
337 1112 30 19 del
382 1112 20 18 af
414 1112 196 25 fordringsbeloppet,
626 1112 48 24 gälle
688 1111 51 20 dock
754 1111 150 19 förmänsrätten
922 1111 31 19 för

215 1138 34 19 det
262 1138 93 26 ostridiga
370 1137 17 25 ej
402 1138 65 23 längre
481 1139 24 17 än
519 1137 56 26 sagdt
588 1139 28 18 är.
633 1138 39 24 Lag
686 1143 74 13 samma
775 1143 48 13 vare
837 1137 4 18 i
853 1138 60 18 dessa
920 1137 30 19 fall

216 1170 32 14 om
262 1164 84 20 nämnde
359 1164 27 19 tid
401 1164 20 20 af
434 1164 122 20 tillträdande
569 1164 126 26 förmyndare
710 1164 47 19 eller
771 1163 101 20 mälsman-
888 1164 64 18 försit-

215 1193 39 17 tes.
268 1190 59 20 Låter
340 1190 44 25 den,
401 1196 43 13 som
458 1191 79 26 myndig
551 1190 69 25 blifvit,
636 1193 30 16 tre
680 1190 22 19 är
717 1190 73 25 förlida,
810 1192 47 17 utan
873 1192 28 16 att
916 1190 37 19 han

216 1217 20 19 af
248 1217 137 25 förmyndaren
401 1216 76 20 erhällit
491 1218 45 18 eller
550 1216 108 26 bevisligen
672 1216 57 19 äskat
742 1216 133 26 redovisning,
894 1216 60 19 hafve

216 1244 37 18 ock
268 1243 99 19 förverkat
380 1243 150 19 förmänsrätten
545 1243 30 19 för
589 1243 29 19 sin
632 1243 79 19 fordran
725 1243 37 19 hos
780 1243 144 26 förmyndaren.

557 1316 10 24 $
582 1316 31 19 12.

270 1358 78 19 Hofrätt
361 1358 58 19 hafve
433 1358 66 26 tillsyn
512 1361 28 16 att
561 1358 120 24 förteckning
701 1359 57 19 öfver
779 1358 25 19 de
824 1358 63 20 under
908 1359 47 19 dess

218 1383 87 20 vårdnad
320 1383 81 20 stående.
414 1384 163 26 förmynderskap
591 1384 102 26 upprättas
708 1385 38 19 och
756 1384 80 26 förnyas
843 1387 52 17 samt
902 1385 53 19 inom

218 1410 80 25 behörig
311 1410 28 20 tid
352 1410 149 20 vederbörande
513 1411 200 26 kommunalstyrelse
729 1411 106 20 meddelas.
