998 1834
282 164 71 23 Nådiga
365 165 139 23 Propositionen
517 164 35 18 N:o
566 165 26 17 13.
776 165 34 21 335

273 216 61 18 timme
347 221 31 13 om
388 215 60 25 dagen
458 216 35 24 för
507 221 44 19 egen
565 216 82 25 vinning,
662 216 31 19 mä
704 215 30 20 det
743 217 67 19 honom

267 243 101 25 förunnas,
384 243 41 19 med
438 243 60 19 vilkor
512 246 28 16 att
553 244 39 18 han
603 243 29 25 pä
642 243 60 19 sådan
706 245 58 24 fritid
767 246 43 24 för-

267 270 91 26 färdigar
371 270 58 25 något
443 271 122 25 inbringande
579 270 69 24 arbete,
663 271 67 20 hvilket
742 279 68 18 genom

271 299 103 19 anstaltens
387 298 134 26 föreståndare
538 298 33 20 bör
582 299 35 25 för
628 298 83 26 fängens
729 300 81 26 räkning

266 326 99 25 försäljas.

329 354 12 19 I
354 354 92 20 hvardera
456 354 57 26 fallet
527 354 48 20 skall
590 354 35 20 den
643 356 24 24 af
672 354 62 27 fånge
741 340 68 46 förtje-

272 382 49 20 nade
335 384 126 24 sparpenning
476 383 31 18 vid
521 382 93 26 utgången
634 383 22 19 af
671 383 64 26 hvarje
752 384 56 20 vecka

273 410 87 24 bokföras
374 409 54 21 såväl
446 412 7 18 i
470 411 102 19 anstaltens
590 410 137 26 räkenskaper,
746 418 40 13 som
802 414 8 17 i

272 438 82 20 särskild
362 440 36 24 för
411 439 63 26 hvarje
482 438 61 27 fånge
558 439 84 19 inrättad
656 438 33 20 och
704 440 23 25 af
743 440 66 20 honom

267 467 96 25 förvarad
380 467 79 24 motbok,
479 473 41 14 men
532 467 37 26 får
586 468 66 19 honom
672 468 16 25 ej
708 469 99 23 tillställas,

270 497 59 18 innan
344 495 38 19 han
390 495 49 26 från
453 496 93 19 anstalten
555 496 94 25 frigifves,
664 499 46 16 utan
726 497 33 18 bör
775 504 33 13 un-

272 524 34 19 der
319 523 105 25 strafftiden
436 524 35 25 för
487 524 49 19 hans
555 524 89 25 räkning,
662 524 61 20 såvidt
738 525 71 26 möjligt

273 555 28 20 är,
316 553 7 18 i
337 551 95 25 sparbank
441 553 107 23 förräntas.
563 551 135 26 Lifstidsfånge
707 559 45 13 vare
762 553 47 20 dock

273 579 64 20 tillåtet
351 581 28 18 att
391 586 67 19 genom
472 580 103 19 anstaltens
585 579 135 26 föreståndare
738 584 70 16 använ-

271 608 25 19 da
310 609 29 18 sin
354 609 126 24 sparpenning
496 608 26 19 till
538 608 102 19 understöd
647 609 35 24 för
700 609 57 18 maka
775 609 34 20 och

271 636 54 23 barn,
340 637 96 24 äfvensom
451 637 26 18 till
492 635 115 20 skadestånd
621 635 21 20 åt
656 636 36 19 den
706 636 44 19 eller
760 637 48 23 dem,

273 664 62 19 hvilka
347 670 67 19 genom
429 664 47 19 hans
491 664 113 25 brottslighet
618 663 58 26 blifvit
690 664 80 19 lidande.

329 691 27 26 Ej
371 691 31 19 må
417 693 125 24 sparpenning
557 692 92 25 tillgripas
657 693 36 24 för
705 692 52 25 gäld,
768 699 40 13 som

266 719 60 26 fånge
338 720 42 25 före
394 719 106 26 strafftiden
513 721 29 24 sig
557 719 93 24 åsamkat,
666 727 41 12 men
721 727 45 13 vare
778 721 32 19 vid

273 749 178 25 klassnedflyttning,
467 749 43 18 eller
524 747 106 20 insättande
645 750 7 17 i
666 755 65 12 enrum
750 750 7 18 i
776 755 32 13 an-

272 777 73 24 ledning
360 777 24 25 af
395 776 48 19 brott
458 777 44 18 eller
515 775 58 27 dåligt
587 776 123 25 uppförande,
726 777 44 19 eller
778 777 32 19 vid

270 805 87 25 rymning
371 805 44 19 eller
428 805 160 25 rymningsförsök
596 805 105 24 förverkad
711 805 27 19 till
747 805 61 25 straff-

272 833 98 19 anstalten.

329 861 40 19 Dör
378 860 60 26 fånge
453 861 33 20 och
502 861 70 19 lemnar
584 863 125 24 sparpenning
720 863 45 24 efter
770 858 39 39 sig,

272 889 71 26 tillfalle
358 889 35 20 den
408 890 33 18 ock
456 888 25 21 dä
495 889 155 26 straffanstalten,
666 896 30 13 om
704 889 74 26 fången
793 889 16 26 ej

271 917 106 27 öfverlefoes
392 922 20 21 af
426 918 57 19 maka
498 917 43 20 eller
555 917 52 19 barn.

332 946 24 19 23
371 946 38 19 och
424 946 25 19 24
464 945 27 25 $$.
521 945 140 25 (Likalydande
675 946 45 19 med
733 950 76 15 samma

270 972 23 26 $$
306 972 5 19 i
325 972 161 25 propositionen).

332 999 25 19 25
371 998 39 20 och
425 999 25 19 26
465 998 28 26 $$.
524 998 31 24 (Af
569 1003 75 15 samma
658 998 90 24 innehåll,
765 1003 43 15 som

270 1025 26 19 26
310 1026 38 18 och
362 1025 25 19 27
402 1024 22 26 $$
438 1025 5 19 i
458 1024 161 26 propositionen).

329 1057 23 18 27
368 1056 16 24 S.
417 1054 45 19 Med
478 1054 45 25 jern
544 1054 43 19 eller
606 1056 59 17 annat
678 1054 78 25 fängsel
778 1053 31 20 må

267 1082 60 26 fånge
342 1084 49 18 inom
406 1082 148 26 straffanstalten
569 1082 38 19 icke
623 1082 87 25 beläggas
725 1084 7 17 i
750 1085 59 17 annat

267 1111 46 26 fall,
328 1114 25 16 än
369 1117 29 13 om
413 1111 38 19 han
460 1111 76 25 försökt
551 1110 43 19 eller
611 1110 89 20 verkstält
716 1111 92 25 rymning,

272 1140 43 18 eller
328 1141 49 18 visat
391 1138 122 24 väldsamhet,
529 1145 40 13 som
584 1139 39 19 icke
637 1138 117 20 annorlunda
765 1138 44 20 kun-

271 1170 34 17 nat
320 1168 66 26 tyglas,
402 1169 6 17 i
424 1167 61 19 hvilka
494 1168 39 24 fall
547 1166 31 19 det
592 1166 25 26 pä
627 1166 182 26 fängelse-direktio-

271 1202 36 13 nen
321 1196 48 19 skall
384 1195 100 19 ankomma
506 1198 28 16 att
557 1201 29 13 om
609 1194 61 20 sädan
690 1194 68 26 ätgärd
776 1194 34 20 och

272 1224 42 19 dess
327 1223 121 26 upphörande
460 1223 75 19 besluta.

330 1256 25 18 28
370 1256 16 24 $.
418 1253 64 26 Begär
505 1252 129 27 tukthusfänge
662 1252 66 20 urbota
756 1252 54 24 brott,

271 1282 58 20 varde
344 1282 63 26 derför
421 1282 56 19 dömd
491 1283 23 24 af
526 1281 77 19 domstol
619 1281 55 25 enligt
688 1281 39 25 lag;
741 1280 31 20 och
785 1279 25 20 mä

272 1311 35 19 den
323 1310 92 25 brottslige
430 1310 24 18 dä
465 1304 72 32 jemväl
551 1309 64 19 kunna
630 1310 23 24 af
668 1308 141 20 tukthus-direk-

274 1335 60 33 tionen
347 1334 79 41 straffas
443 1338 42 19 med
500 1338 172 25 klassnedflyttning
689 1336 45 20 eller
753 1338 57 18 insät-

274 1366 55 20 tande
344 1368 6 17 i
365 1373 69 13 enrum.
466 1362 28 23 Är
508 1366 38 19 han
559 1367 50 22 förut
624 1364 56 20 dömd
694 1364 27 20 till
736 1364 74 20 tukthus

270 1395 28 25 på
312 1395 63 25 lifstid,
392 1395 57 19 varde
464 1393 25 21 då
507 1395 23 25 af
546 1394 78 19 domstol
640 1393 44 26 fäld
704 1393 26 19 till
749 1395 62 17 vatten

273 1424 33 19 och
321 1423 45 19 bröd
375 1422 48 26 från
438 1423 33 19 och
485 1422 42 19 med
536 1423 47 25 fyra
599 1422 26 19 till
640 1422 34 19 och
691 1421 42 19 med
753 1421 58 26 tjugu-

273 1451 40 20 åtta
329 1451 66 24 dagar,
412 1451 43 19 eller
470 1451 26 19 till
510 1451 134 24 inspärrning
638 1445 12 34 i
654 1449 52 20 mörk
716 1452 34 17 cell
760 1449 54 24 högst

307 1773 64 10 ER
