<?xml version="1.0" encoding="UTF-8"?>
<alto xmlns="http://www.loc.gov/standards/alto/ns-v3#" xmlns:xlink="http://www.w3.org/1999/xlink" xmlns:xsi="http://www.w3.org/2001/XMLSchema-instance" xsi:schemaLocation="http://www.loc.gov/standards/alto/ns-v3# http://www.loc.gov/alto/v3/alto-3-0.xsd">
	<Description>
		<MeasurementUnit>pixel</MeasurementUnit>
		<sourceImageInformation>
			<fileName>/tmp/tess_pgvr6ivr_input.PNG</fileName>
		</sourceImageInformation>
		<OCRProcessing ID="OCR_0">
			<ocrProcessingStep>
				<processingSoftware>
					<softwareName>tesseract 5.3.4</softwareName>
				</processingSoftware>
			</ocrProcessingStep>
		</OCRProcessing>
	</Description>
	<Layout>
		<Page WIDTH="1000" HEIGHT="1823" PHYSICAL_IMG_NR="0" ID="page_0">
			<PrintSpace HPOS="0" VPOS="0" WIDTH="1000" HEIGHT="1823">
				<ComposedBlock ID="cblock_0" HPOS="289" VPOS="116" WIDTH="523" HEIGHT="25">
					<TextBlock ID="block_0" HPOS="289" VPOS="116" WIDTH="523" HEIGHT="25">
						<TextLine ID="line_0" HPOS="289" VPOS="116" WIDTH="523" HEIGHT="25">
							<String ID="string_0" HPOS="289" VPOS="116" WIDTH="70" HEIGHT="25" WC="0.88" CONTENT="Nådiga"/><SP WIDTH="11" VPOS="116" HPOS="359"/>
							<String ID="string_1" HPOS="370" VPOS="119" WIDTH="140" HEIGHT="22" WC="0.96" CONTENT="Propositionen"/><SP WIDTH="11" VPOS="119" HPOS="510"/>
							<String ID="string_2" HPOS="521" VPOS="119" WIDTH="37" HEIGHT="18" WC="0.95" CONTENT="N:o"/><SP WIDTH="12" VPOS="119" HPOS="558"/>
							<String ID="string_3" HPOS="570" VPOS="118" WIDTH="28" HEIGHT="20" WC="0.96" CONTENT="12."/><SP WIDTH="183" VPOS="118" HPOS="598"/>
							<String ID="string_4" HPOS="781" VPOS="119" WIDTH="31" HEIGHT="22" WC="0.83" CONTENT="231"/>
						</TextLine>
					</TextBlock>
				</ComposedBlock>
				<ComposedBlock ID="cblock_1" HPOS="72" VPOS="167" WIDTH="744" HEIGHT="1273">
					<TextBlock ID="block_1" HPOS="73" VPOS="167" WIDTH="742" HEIGHT="265">
						<TextLine ID="line_1" HPOS="74" VPOS="167" WIDTH="741" HEIGHT="30">
							<String ID="string_5" HPOS="74" VPOS="167" WIDTH="36" HEIGHT="19" WC="0.89" CONTENT="stol"/><SP WIDTH="16" VPOS="167" HPOS="110"/>
							<String ID="string_6" HPOS="126" VPOS="167" WIDTH="48" HEIGHT="20" WC="0.96" CONTENT="eller"/><SP WIDTH="13" VPOS="167" HPOS="174"/>
							<String ID="string_7" HPOS="187" VPOS="172" WIDTH="61" HEIGHT="15" WC="0.93" CONTENT="annan"/><SP WIDTH="15" VPOS="172" HPOS="248"/>
							<String ID="string_8" HPOS="263" VPOS="168" WIDTH="121" HEIGHT="26" WC="0.92" CONTENT="myndighet,"/><SP WIDTH="16" VPOS="168" HPOS="384"/>
							<String ID="string_9" HPOS="400" VPOS="170" WIDTH="28" HEIGHT="18" WC="0.96" CONTENT="att"/><SP WIDTH="14" VPOS="170" HPOS="428"/>
							<String ID="string_10" HPOS="442" VPOS="175" WIDTH="47" HEIGHT="14" WC="0.93" CONTENT="vara"/><SP WIDTH="14" VPOS="175" HPOS="489"/>
							<String ID="string_11" HPOS="503" VPOS="169" WIDTH="128" HEIGHT="26" WC="0.92" CONTENT="förmyndare"/><SP WIDTH="14" VPOS="169" HPOS="631"/>
							<String ID="string_12" HPOS="645" VPOS="172" WIDTH="52" HEIGHT="18" WC="0.93" CONTENT="samt"/><SP WIDTH="10" VPOS="172" HPOS="697"/>
							<String ID="string_13" HPOS="707" VPOS="170" WIDTH="73" HEIGHT="27" WC="0.89" CONTENT="aflägga"/><SP WIDTH="9" VPOS="170" HPOS="780"/>
							<String ID="string_14" HPOS="789" VPOS="170" WIDTH="26" HEIGHT="21" WC="0.96" CONTENT="de"/>
						</TextLine>
						<TextLine ID="line_2" HPOS="74" VPOS="192" WIDTH="740" HEIGHT="28">
							<String ID="string_15" HPOS="74" VPOS="192" WIDTH="4" HEIGHT="20" WC="0.80" CONTENT="i"/><SP WIDTH="18" VPOS="192" HPOS="78"/>
							<String ID="string_16" HPOS="96" VPOS="193" WIDTH="30" HEIGHT="25" WC="0.80" CONTENT="lag"/><SP WIDTH="17" VPOS="193" HPOS="126"/>
							<String ID="string_17" HPOS="143" VPOS="193" WIDTH="116" HEIGHT="20" WC="0.88" CONTENT="föreskrifna"/><SP WIDTH="18" VPOS="193" HPOS="259"/>
							<String ID="string_18" HPOS="277" VPOS="194" WIDTH="52" HEIGHT="24" WC="0.96" CONTENT="eder;"/><SP WIDTH="17" VPOS="194" HPOS="329"/>
							<String ID="string_19" HPOS="346" VPOS="197" WIDTH="28" HEIGHT="23" WC="0.93" CONTENT="ty,"/><SP WIDTH="16" VPOS="197" HPOS="374"/>
							<String ID="string_20" HPOS="390" VPOS="195" WIDTH="95" HEIGHT="21" WC="0.73" CONTENT="ehuruväl"/><SP WIDTH="16" VPOS="195" HPOS="485"/>
							<String ID="string_21" HPOS="501" VPOS="196" WIDTH="90" HEIGHT="19" WC="0.82" CONTENT="Komiten"/><SP WIDTH="15" VPOS="196" HPOS="591"/>
							<String ID="string_22" HPOS="606" VPOS="197" WIDTH="112" HEIGHT="19" WC="0.93" CONTENT="alternativt"/><SP WIDTH="14" VPOS="197" HPOS="718"/>
							<String ID="string_23" HPOS="732" VPOS="198" WIDTH="82" HEIGHT="19" WC="0.91" CONTENT="föresla-"/>
						</TextLine>
						<TextLine ID="line_3" HPOS="73" VPOS="219" WIDTH="741" HEIGHT="29">
							<String ID="string_24" HPOS="73" VPOS="219" WIDTH="26" HEIGHT="26" WC="0.96" CONTENT="git"/><SP WIDTH="15" VPOS="219" HPOS="99"/>
							<String ID="string_25" HPOS="114" VPOS="221" WIDTH="28" HEIGHT="17" WC="0.93" CONTENT="att"/><SP WIDTH="14" VPOS="221" HPOS="142"/>
							<String ID="string_26" HPOS="156" VPOS="220" WIDTH="59" HEIGHT="19" WC="0.97" CONTENT="dessa"/><SP WIDTH="15" VPOS="220" HPOS="215"/>
							<String ID="string_27" HPOS="230" VPOS="221" WIDTH="115" HEIGHT="24" WC="0.74" CONTENT="rättigheter"/><SP WIDTH="14" VPOS="221" HPOS="345"/>
							<String ID="string_28" HPOS="359" VPOS="222" WIDTH="63" HEIGHT="19" WC="0.93" CONTENT="skulle"/><SP WIDTH="13" VPOS="222" HPOS="422"/>
							<String ID="string_29" HPOS="435" VPOS="222" WIDTH="102" HEIGHT="19" WC="0.96" CONTENT="förverkas"/><SP WIDTH="15" VPOS="222" HPOS="537"/>
							<String ID="string_30" HPOS="552" VPOS="222" WIDTH="91" HEIGHT="26" WC="0.97" CONTENT="antingen"/><SP WIDTH="13" VPOS="222" HPOS="643"/>
							<String ID="string_31" HPOS="656" VPOS="223" WIDTH="31" HEIGHT="19" WC="0.96" CONTENT="för"/><SP WIDTH="13" VPOS="223" HPOS="687"/>
							<String ID="string_32" HPOS="700" VPOS="223" WIDTH="52" HEIGHT="20" WC="0.92" CONTENT="alltid"/><SP WIDTH="14" VPOS="223" HPOS="752"/>
							<String ID="string_33" HPOS="766" VPOS="224" WIDTH="48" HEIGHT="19" WC="0.94" CONTENT="eller"/>
						</TextLine>
						<TextLine ID="line_4" HPOS="74" VPOS="245" WIDTH="740" HEIGHT="27">
							<String ID="string_34" HPOS="74" VPOS="245" WIDTH="24" HEIGHT="26" WC="0.96" CONTENT="pä"/><SP WIDTH="15" VPOS="245" HPOS="98"/>
							<String ID="string_35" HPOS="113" VPOS="245" WIDTH="91" HEIGHT="21" WC="0.96" CONTENT="bestämd"/><SP WIDTH="14" VPOS="245" HPOS="204"/>
							<String ID="string_36" HPOS="218" VPOS="246" WIDTH="34" HEIGHT="26" WC="0.96" CONTENT="tid,"/><SP WIDTH="17" VPOS="246" HPOS="252"/>
							<String ID="string_37" HPOS="269" VPOS="246" WIDTH="21" HEIGHT="20" WC="0.93" CONTENT="sä"/><SP WIDTH="15" VPOS="246" HPOS="290"/>
							<String ID="string_38" HPOS="305" VPOS="247" WIDTH="54" HEIGHT="19" WC="0.93" CONTENT="afser"/><SP WIDTH="13" VPOS="247" HPOS="359"/>
							<String ID="string_39" HPOS="372" VPOS="247" WIDTH="57" HEIGHT="20" WC="0.93" CONTENT="likväl"/><SP WIDTH="16" VPOS="247" HPOS="429"/>
							<String ID="string_40" HPOS="445" VPOS="247" WIDTH="33" HEIGHT="20" WC="0.96" CONTENT="det"/><SP WIDTH="14" VPOS="247" HPOS="478"/>
							<String ID="string_41" HPOS="492" VPOS="249" WIDTH="52" HEIGHT="19" WC="0.96" CONTENT="förra"/><SP WIDTH="14" VPOS="249" HPOS="544"/>
							<String ID="string_42" HPOS="558" VPOS="249" WIDTH="125" HEIGHT="19" WC="0.92" CONTENT="alternativet"/><SP WIDTH="8" VPOS="249" HPOS="683"/>
							<String ID="string_43" HPOS="691" VPOS="250" WIDTH="83" HEIGHT="19" WC="0.92" CONTENT="allenast"/><SP WIDTH="9" VPOS="250" HPOS="774"/>
							<String ID="string_44" HPOS="783" VPOS="249" WIDTH="31" HEIGHT="20" WC="0.91" CONTENT="sä-"/>
						</TextLine>
						<TextLine ID="line_5" HPOS="74" VPOS="272" WIDTH="738" HEIGHT="29">
							<String ID="string_45" HPOS="74" VPOS="272" WIDTH="50" HEIGHT="19" WC="0.86" CONTENT="Jane"/><SP WIDTH="17" VPOS="272" HPOS="124"/>
							<String ID="string_46" HPOS="141" VPOS="272" WIDTH="117" HEIGHT="27" WC="0.96" CONTENT="förbrytare,"/><SP WIDTH="20" VPOS="272" HPOS="258"/>
							<String ID="string_47" HPOS="278" VPOS="279" WIDTH="44" HEIGHT="14" WC="0.93" CONTENT="som"/><SP WIDTH="19" VPOS="279" HPOS="322"/>
							<String ID="string_48" HPOS="341" VPOS="273" WIDTH="65" HEIGHT="20" WC="0.88" CONTENT="blefve"/><SP WIDTH="18" VPOS="273" HPOS="406"/>
							<String ID="string_49" HPOS="424" VPOS="274" WIDTH="72" HEIGHT="19" WC="0.96" CONTENT="dömde"/><SP WIDTH="17" VPOS="274" HPOS="496"/>
							<String ID="string_50" HPOS="513" VPOS="275" WIDTH="26" HEIGHT="19" WC="0.85" CONTENT="till"/><SP WIDTH="14" VPOS="275" HPOS="539"/>
							<String ID="string_51" HPOS="553" VPOS="274" WIDTH="142" HEIGHT="20" WC="0.83" CONTENT="tukthusstraff"/><SP WIDTH="11" VPOS="274" HPOS="695"/>
							<String ID="string_52" HPOS="706" VPOS="275" WIDTH="25" HEIGHT="26" WC="0.92" CONTENT="pä"/><SP WIDTH="14" VPOS="275" HPOS="731"/>
							<String ID="string_53" HPOS="745" VPOS="276" WIDTH="67" HEIGHT="25" WC="0.89" CONTENT="lifstid,"/>
						</TextLine>
						<TextLine ID="line_6" HPOS="74" VPOS="298" WIDTH="740" HEIGHT="29">
							<String ID="string_54" HPOS="74" VPOS="298" WIDTH="70" HEIGHT="20" WC="0.93" CONTENT="medan"/><SP WIDTH="14" VPOS="298" HPOS="144"/>
							<String ID="string_55" HPOS="158" VPOS="299" WIDTH="34" HEIGHT="20" WC="0.89" CONTENT="Jet"/><SP WIDTH="14" VPOS="299" HPOS="192"/>
							<String ID="string_56" HPOS="206" VPOS="299" WIDTH="95" HEIGHT="25" WC="0.87" CONTENT="deremot,"/><SP WIDTH="17" VPOS="299" HPOS="301"/>
							<String ID="string_57" HPOS="318" VPOS="300" WIDTH="60" HEIGHT="25" WC="0.93" CONTENT="enligt"/><SP WIDTH="13" VPOS="300" HPOS="378"/>
							<String ID="string_58" HPOS="391" VPOS="300" WIDTH="103" HEIGHT="20" WC="0.74" CONTENT="Komitens"/><SP WIDTH="14" VPOS="300" HPOS="494"/>
							<String ID="string_59" HPOS="508" VPOS="300" WIDTH="56" HEIGHT="26" WC="0.93" CONTENT="äsigt,"/><SP WIDTH="18" VPOS="300" HPOS="564"/>
							<String ID="string_60" HPOS="582" VPOS="301" WIDTH="60" HEIGHT="19" WC="0.94" CONTENT="borde"/><SP WIDTH="14" VPOS="301" HPOS="642"/>
							<String ID="string_61" HPOS="656" VPOS="302" WIDTH="29" HEIGHT="18" WC="0.93" CONTENT="för"/><SP WIDTH="10" VPOS="302" HPOS="685"/>
							<String ID="string_62" HPOS="695" VPOS="302" WIDTH="60" HEIGHT="25" WC="0.93" CONTENT="öfriga"/><SP WIDTH="11" VPOS="302" HPOS="755"/>
							<String ID="string_63" HPOS="766" VPOS="303" WIDTH="48" HEIGHT="18" WC="0.92" CONTENT="hän-"/>
						</TextLine>
						<TextLine ID="line_7" HPOS="74" VPOS="325" WIDTH="741" HEIGHT="27">
							<String ID="string_64" HPOS="74" VPOS="325" WIDTH="66" HEIGHT="20" WC="0.92" CONTENT="delser"/><SP WIDTH="14" VPOS="325" HPOS="140"/>
							<String ID="string_65" HPOS="154" VPOS="325" WIDTH="59" HEIGHT="20" WC="0.96" CONTENT="blifva"/><SP WIDTH="15" VPOS="325" HPOS="213"/>
							<String ID="string_66" HPOS="228" VPOS="327" WIDTH="70" HEIGHT="18" WC="0.96" CONTENT="allmän"/><SP WIDTH="14" VPOS="327" HPOS="298"/>
							<String ID="string_67" HPOS="312" VPOS="327" WIDTH="60" HEIGHT="24" WC="0.96" CONTENT="regel,"/><SP WIDTH="17" VPOS="327" HPOS="372"/>
							<String ID="string_68" HPOS="389" VPOS="328" WIDTH="28" HEIGHT="18" WC="0.93" CONTENT="att"/><SP WIDTH="9" VPOS="328" HPOS="417"/>
							<String ID="string_69" HPOS="426" VPOS="325" WIDTH="147" HEIGHT="27" WC="0.93" CONTENT="ifrågavarande"/><SP WIDTH="10" VPOS="325" HPOS="573"/>
							<String ID="string_70" HPOS="583" VPOS="327" WIDTH="96" HEIGHT="24" WC="0.89" CONTENT="ärestraff,"/><SP WIDTH="12" VPOS="327" HPOS="679"/>
							<String ID="string_71" HPOS="691" VPOS="328" WIDTH="77" HEIGHT="19" WC="0.93" CONTENT="hvilket"/><SP WIDTH="8" VPOS="328" HPOS="768"/>
							<String ID="string_72" HPOS="776" VPOS="328" WIDTH="39" HEIGHT="19" WC="0.93" CONTENT="Ko-"/>
						</TextLine>
						<TextLine ID="line_8" HPOS="73" VPOS="351" WIDTH="742" HEIGHT="28">
							<String ID="string_73" HPOS="73" VPOS="351" WIDTH="61" HEIGHT="20" WC="0.92" CONTENT="miten"/><SP WIDTH="14" VPOS="351" HPOS="134"/>
							<String ID="string_74" HPOS="148" VPOS="352" WIDTH="106" HEIGHT="20" WC="0.91" CONTENT="benämndt"/><SP WIDTH="13" VPOS="352" HPOS="254"/>
							<String ID="string_75" HPOS="267" VPOS="353" WIDTH="117" HEIGHT="25" WC="0.81" CONTENT="ovärdighet"/><SP WIDTH="10" VPOS="353" HPOS="384"/>
							<String ID="string_76" HPOS="394" VPOS="353" WIDTH="20" HEIGHT="19" WC="0.93" CONTENT="af"/><SP WIDTH="7" VPOS="353" HPOS="414"/>
							<String ID="string_77" HPOS="421" VPOS="353" WIDTH="151" HEIGHT="26" WC="0.80" CONTENT="medborgerligt"/><SP WIDTH="9" VPOS="353" HPOS="572"/>
							<String ID="string_78" HPOS="581" VPOS="354" WIDTH="118" HEIGHT="24" WC="0.96" CONTENT="förtroende,"/><SP WIDTH="12" VPOS="354" HPOS="699"/>
							<String ID="string_79" HPOS="711" VPOS="354" WIDTH="43" HEIGHT="20" WC="0.93" CONTENT="icke"/><SP WIDTH="6" VPOS="354" HPOS="754"/>
							<String ID="string_80" HPOS="760" VPOS="355" WIDTH="55" HEIGHT="19" WC="0.92" CONTENT="skul-"/>
						</TextLine>
						<TextLine ID="line_9" HPOS="74" VPOS="377" WIDTH="740" HEIGHT="30">
							<String ID="string_81" HPOS="74" VPOS="379" WIDTH="18" HEIGHT="19" WC="0.89" CONTENT="le"/><SP WIDTH="14" VPOS="379" HPOS="92"/>
							<String ID="string_82" HPOS="106" VPOS="377" WIDTH="80" HEIGHT="21" WC="0.68" CONTENT="älömas"/><SP WIDTH="15" VPOS="377" HPOS="186"/>
							<String ID="string_83" HPOS="201" VPOS="379" WIDTH="124" HEIGHT="25" WC="0.96" CONTENT="annorlunda,"/><SP WIDTH="16" VPOS="379" HPOS="325"/>
							<String ID="string_84" HPOS="341" VPOS="381" WIDTH="24" HEIGHT="18" WC="0.96" CONTENT="än"/><SP WIDTH="14" VPOS="381" HPOS="365"/>
							<String ID="string_85" HPOS="379" VPOS="378" WIDTH="25" HEIGHT="27" WC="0.97" CONTENT="pä"/><SP WIDTH="14" VPOS="378" HPOS="404"/>
							<String ID="string_86" HPOS="418" VPOS="380" WIDTH="55" HEIGHT="19" WC="0.96" CONTENT="vissa"/><SP WIDTH="14" VPOS="380" HPOS="473"/>
							<String ID="string_87" HPOS="487" VPOS="379" WIDTH="28" HEIGHT="25" WC="0.96" CONTENT="är,"/><SP WIDTH="16" VPOS="379" HPOS="515"/>
							<String ID="string_88" HPOS="531" VPOS="381" WIDTH="48" HEIGHT="18" WC="0.94" CONTENT="eller"/><SP WIDTH="14" VPOS="381" HPOS="579"/>
							<String ID="string_89" HPOS="593" VPOS="379" WIDTH="24" HEIGHT="26" WC="0.96" CONTENT="pä"/><SP WIDTH="15" VPOS="379" HPOS="617"/>
							<String ID="string_90" HPOS="632" VPOS="379" WIDTH="22" HEIGHT="20" WC="0.93" CONTENT="sä"/><SP WIDTH="15" VPOS="379" HPOS="654"/>
							<String ID="string_91" HPOS="669" VPOS="379" WIDTH="44" HEIGHT="28" WC="0.96" CONTENT="lång"/><SP WIDTH="10" VPOS="379" HPOS="713"/>
							<String ID="string_92" HPOS="723" VPOS="381" WIDTH="35" HEIGHT="25" WC="0.96" CONTENT="tid,"/><SP WIDTH="11" VPOS="381" HPOS="758"/>
							<String ID="string_93" HPOS="769" VPOS="386" WIDTH="45" HEIGHT="15" WC="0.96" CONTENT="som"/>
						</TextLine>
						<TextLine ID="line_10" HPOS="74" VPOS="405" WIDTH="597" HEIGHT="27">
							<String ID="string_94" HPOS="74" VPOS="405" WIDTH="38" HEIGHT="20" WC="0.96" CONTENT="kan"/><SP WIDTH="14" VPOS="405" HPOS="112"/>
							<String ID="string_95" HPOS="126" VPOS="410" WIDTH="59" HEIGHT="15" WC="0.93" CONTENT="anses"/><SP WIDTH="14" VPOS="410" HPOS="185"/>
							<String ID="string_96" HPOS="199" VPOS="405" WIDTH="114" HEIGHT="26" WC="0.96" CONTENT="erforderlig"/><SP WIDTH="14" VPOS="405" HPOS="313"/>
							<String ID="string_97" HPOS="327" VPOS="406" WIDTH="30" HEIGHT="19" WC="0.96" CONTENT="för"/><SP WIDTH="13" VPOS="406" HPOS="357"/>
							<String ID="string_98" HPOS="370" VPOS="406" WIDTH="38" HEIGHT="19" WC="0.93" CONTENT="den"/><SP WIDTH="14" VPOS="406" HPOS="408"/>
							<String ID="string_99" HPOS="422" VPOS="406" WIDTH="114" HEIGHT="26" WC="0.92" CONTENT="brottsliges"/><SP WIDTH="14" VPOS="406" HPOS="536"/>
							<String ID="string_100" HPOS="550" VPOS="407" WIDTH="121" HEIGHT="24" WC="0.95" CONTENT="förbättring."/>
						</TextLine>
					</TextBlock>
					<TextBlock ID="block_2" HPOS="72" VPOS="431" WIDTH="742" HEIGHT="794">
						<TextLine ID="line_11" HPOS="126" VPOS="431" WIDTH="687" HEIGHT="28">
							<String ID="string_101" HPOS="126" VPOS="431" WIDTH="118" HEIGHT="26" WC="0.93" CONTENT="Offentlig"/><SP WIDTH="13" VPOS="431" HPOS="244"/>
							<String ID="string_102" HPOS="257" VPOS="432" WIDTH="68" HEIGHT="20" WC="0.93" CONTENT="afbön"/><SP WIDTH="14" VPOS="432" HPOS="325"/>
							<String ID="string_103" HPOS="339" VPOS="432" WIDTH="81" HEIGHT="20" WC="0.96" CONTENT="innebär"/><SP WIDTH="14" VPOS="432" HPOS="420"/>
							<String ID="string_104" HPOS="434" VPOS="433" WIDTH="30" HEIGHT="20" WC="0.96" CONTENT="väl"/><SP WIDTH="16" VPOS="433" HPOS="464"/>
							<String ID="string_105" HPOS="480" VPOS="438" WIDTH="23" HEIGHT="14" WC="0.96" CONTENT="en"/><SP WIDTH="15" VPOS="438" HPOS="503"/>
							<String ID="string_106" HPOS="518" VPOS="433" WIDTH="20" HEIGHT="20" WC="0.93" CONTENT="af"/><SP WIDTH="12" VPOS="433" HPOS="538"/>
							<String ID="string_107" HPOS="550" VPOS="433" WIDTH="125" HEIGHT="26" WC="0.93" CONTENT="förbrytaren"/><SP WIDTH="14" VPOS="433" HPOS="675"/>
							<String ID="string_108" HPOS="689" VPOS="433" WIDTH="20" HEIGHT="20" WC="0.97" CONTENT="ät"/><SP WIDTH="13" VPOS="433" HPOS="709"/>
							<String ID="string_109" HPOS="722" VPOS="433" WIDTH="39" HEIGHT="20" WC="0.93" CONTENT="den"/><SP WIDTH="13" VPOS="433" HPOS="761"/>
							<String ID="string_110" HPOS="774" VPOS="434" WIDTH="39" HEIGHT="19" WC="0.93" CONTENT="för-"/>
						</TextLine>
						<TextLine ID="line_12" HPOS="74" VPOS="458" WIDTH="740" HEIGHT="26">
							<String ID="string_111" HPOS="74" VPOS="458" WIDTH="102" HEIGHT="25" WC="0.78" CONTENT="olämpade"/><SP WIDTH="13" VPOS="458" HPOS="176"/>
							<String ID="string_112" HPOS="189" VPOS="459" WIDTH="65" HEIGHT="24" WC="0.92" CONTENT="gifven"/><SP WIDTH="14" VPOS="459" HPOS="254"/>
							<String ID="string_113" HPOS="268" VPOS="459" WIDTH="128" HEIGHT="25" WC="0.95" CONTENT="upprättelse,"/><SP WIDTH="16" VPOS="459" HPOS="396"/>
							<String ID="string_114" HPOS="412" VPOS="465" WIDTH="46" HEIGHT="13" WC="0.96" CONTENT="men"/><SP WIDTH="14" VPOS="465" HPOS="458"/>
							<String ID="string_115" HPOS="472" VPOS="461" WIDTH="36" HEIGHT="18" WC="0.93" CONTENT="har"/><SP WIDTH="12" VPOS="461" HPOS="508"/>
							<String ID="string_116" HPOS="520" VPOS="459" WIDTH="104" HEIGHT="24" WC="0.79" CONTENT="Jerjemte,"/><SP WIDTH="16" VPOS="459" HPOS="624"/>
							<String ID="string_117" HPOS="640" VPOS="459" WIDTH="83" HEIGHT="20" WC="0.96" CONTENT="likasom"/><SP WIDTH="13" VPOS="459" HPOS="723"/>
							<String ID="string_118" HPOS="736" VPOS="460" WIDTH="39" HEIGHT="19" WC="0.93" CONTENT="den"/><SP WIDTH="9" VPOS="460" HPOS="775"/>
							<String ID="string_119" HPOS="784" VPOS="461" WIDTH="30" HEIGHT="18" WC="0.92" CONTENT="of-"/>
						</TextLine>
						<TextLine ID="line_13" HPOS="74" VPOS="484" WIDTH="738" HEIGHT="28">
							<String ID="string_120" HPOS="74" VPOS="484" WIDTH="81" HEIGHT="25" WC="0.92" CONTENT="fentliga"/><SP WIDTH="20" VPOS="484" HPOS="155"/>
							<String ID="string_121" HPOS="175" VPOS="485" WIDTH="145" HEIGHT="26" WC="0.90" CONTENT="kyrkoplikten,"/><SP WIDTH="24" VPOS="485" HPOS="320"/>
							<String ID="string_122" HPOS="344" VPOS="484" WIDTH="76" HEIGHT="21" WC="0.93" CONTENT="erhållit"/><SP WIDTH="21" VPOS="484" HPOS="420"/>
							<String ID="string_123" HPOS="441" VPOS="485" WIDTH="116" HEIGHT="20" WC="0.92" CONTENT="karakteren"/><SP WIDTH="20" VPOS="485" HPOS="557"/>
							<String ID="string_124" HPOS="577" VPOS="485" WIDTH="20" HEIGHT="20" WC="0.96" CONTENT="af"/><SP WIDTH="16" VPOS="485" HPOS="597"/>
							<String ID="string_125" HPOS="613" VPOS="488" WIDTH="28" HEIGHT="17" WC="0.93" CONTENT="ett"/><SP WIDTH="17" VPOS="488" HPOS="641"/>
							<String ID="string_126" HPOS="658" VPOS="485" WIDTH="100" HEIGHT="27" WC="0.71" CONTENT="skymfligt"/><SP WIDTH="16" VPOS="485" HPOS="758"/>
							<String ID="string_127" HPOS="774" VPOS="487" WIDTH="38" HEIGHT="19" WC="0.97" CONTENT="och"/>
						</TextLine>
						<TextLine ID="line_14" HPOS="74" VPOS="510" WIDTH="738" HEIGHT="28">
							<String ID="string_128" HPOS="74" VPOS="510" WIDTH="160" HEIGHT="25" WC="0.85" CONTENT="förödmjukande"/><SP WIDTH="17" VPOS="510" HPOS="234"/>
							<String ID="string_129" HPOS="251" VPOS="511" WIDTH="61" HEIGHT="25" WC="0.93" CONTENT="straff,"/><SP WIDTH="16" VPOS="511" HPOS="312"/>
							<String ID="string_130" HPOS="328" VPOS="512" WIDTH="75" HEIGHT="19" WC="0.96" CONTENT="hvilket"/><SP WIDTH="15" VPOS="512" HPOS="403"/>
							<String ID="string_131" HPOS="418" VPOS="511" WIDTH="22" HEIGHT="20" WC="0.96" CONTENT="sä"/><SP WIDTH="14" VPOS="511" HPOS="440"/>
							<String ID="string_132" HPOS="454" VPOS="512" WIDTH="82" HEIGHT="26" WC="0.94" CONTENT="mycket"/><SP WIDTH="12" VPOS="512" HPOS="536"/>
							<String ID="string_133" HPOS="548" VPOS="512" WIDTH="77" HEIGHT="19" WC="0.96" CONTENT="mindre"/><SP WIDTH="14" VPOS="512" HPOS="625"/>
							<String ID="string_134" HPOS="639" VPOS="511" WIDTH="37" HEIGHT="20" WC="0.93" CONTENT="kan"/><SP WIDTH="14" VPOS="511" HPOS="676"/>
							<String ID="string_135" HPOS="690" VPOS="512" WIDTH="61" HEIGHT="26" WC="0.96" CONTENT="gillas,"/><SP WIDTH="17" VPOS="512" HPOS="751"/>
							<String ID="string_136" HPOS="768" VPOS="517" WIDTH="44" HEIGHT="15" WC="0.96" CONTENT="som"/>
						</TextLine>
						<TextLine ID="line_15" HPOS="74" VPOS="537" WIDTH="739" HEIGHT="27">
							<String ID="string_137" HPOS="74" VPOS="537" WIDTH="37" HEIGHT="19" WC="0.91" CONTENT="den"/><SP WIDTH="15" VPOS="537" HPOS="111"/>
							<String ID="string_138" HPOS="126" VPOS="537" WIDTH="98" HEIGHT="20" WC="0.90" CONTENT="sakfäldes"/><SP WIDTH="14" VPOS="537" HPOS="224"/>
							<String ID="string_139" HPOS="238" VPOS="540" WIDTH="87" HEIGHT="24" WC="0.92" CONTENT="tvungna"/><SP WIDTH="14" VPOS="540" HPOS="325"/>
							<String ID="string_140" HPOS="339" VPOS="538" WIDTH="126" HEIGHT="20" WC="0.92" CONTENT="erkännande"/><SP WIDTH="14" VPOS="538" HPOS="465"/>
							<String ID="string_141" HPOS="479" VPOS="538" WIDTH="21" HEIGHT="19" WC="0.96" CONTENT="af"/><SP WIDTH="11" VPOS="538" HPOS="500"/>
							<String ID="string_142" HPOS="511" VPOS="539" WIDTH="34" HEIGHT="19" WC="0.91" CONTENT="sitt"/><SP WIDTH="14" VPOS="539" HPOS="545"/>
							<String ID="string_143" HPOS="559" VPOS="539" WIDTH="53" HEIGHT="19" WC="0.93" CONTENT="brott"/><SP WIDTH="13" VPOS="539" HPOS="612"/>
							<String ID="string_144" HPOS="625" VPOS="537" WIDTH="17" HEIGHT="26" WC="0.92" CONTENT="ej"/><SP WIDTH="10" VPOS="537" HPOS="642"/>
							<String ID="string_145" HPOS="652" VPOS="539" WIDTH="81" HEIGHT="19" WC="0.90" CONTENT="allenast"/><SP WIDTH="8" VPOS="539" HPOS="733"/>
							<String ID="string_146" HPOS="741" VPOS="539" WIDTH="72" HEIGHT="20" WC="0.96" CONTENT="saknar"/>
						</TextLine>
						<TextLine ID="line_16" HPOS="73" VPOS="563" WIDTH="738" HEIGHT="27">
							<String ID="string_147" HPOS="73" VPOS="563" WIDTH="34" HEIGHT="20" WC="0.92" CONTENT="det"/><SP WIDTH="13" VPOS="563" HPOS="107"/>
							<String ID="string_148" HPOS="120" VPOS="563" WIDTH="75" HEIGHT="26" WC="0.96" CONTENT="sedliga"/><SP WIDTH="14" VPOS="563" HPOS="195"/>
							<String ID="string_149" HPOS="209" VPOS="564" WIDTH="67" HEIGHT="25" WC="0.83" CONTENT="värde,"/><SP WIDTH="17" VPOS="564" HPOS="276"/>
							<String ID="string_150" HPOS="293" VPOS="564" WIDTH="74" HEIGHT="20" WC="0.93" CONTENT="hvilket"/><SP WIDTH="14" VPOS="564" HPOS="367"/>
							<String ID="string_151" HPOS="381" VPOS="565" WIDTH="82" HEIGHT="19" WC="0.93" CONTENT="allenast"/><SP WIDTH="13" VPOS="565" HPOS="463"/>
							<String ID="string_152" HPOS="476" VPOS="565" WIDTH="34" HEIGHT="19" WC="0.96" CONTENT="det"/><SP WIDTH="13" VPOS="565" HPOS="510"/>
							<String ID="string_153" HPOS="523" VPOS="565" WIDTH="89" HEIGHT="25" WC="0.93" CONTENT="frivilliga"/><SP WIDTH="14" VPOS="565" HPOS="612"/>
							<String ID="string_154" HPOS="626" VPOS="565" WIDTH="134" HEIGHT="20" WC="0.96" CONTENT="erkännandet"/><SP WIDTH="14" VPOS="565" HPOS="760"/>
							<String ID="string_155" HPOS="774" VPOS="565" WIDTH="37" HEIGHT="20" WC="0.96" CONTENT="kan"/>
						</TextLine>
						<TextLine ID="line_17" HPOS="74" VPOS="589" WIDTH="738" HEIGHT="32">
							<String ID="string_156" HPOS="74" VPOS="595" WIDTH="42" HEIGHT="26" WC="0.92" CONTENT="ega,"/><SP WIDTH="16" VPOS="595" HPOS="116"/>
							<String ID="string_157" HPOS="132" VPOS="593" WIDTH="46" HEIGHT="16" WC="0.93" CONTENT="utan"/><SP WIDTH="15" VPOS="593" HPOS="178"/>
							<String ID="string_158" HPOS="193" VPOS="589" WIDTH="61" HEIGHT="27" WC="0.96" CONTENT="någon"/><SP WIDTH="14" VPOS="589" HPOS="254"/>
							<String ID="string_159" HPOS="268" VPOS="590" WIDTH="49" HEIGHT="27" WC="0.95" CONTENT="gång"/><SP WIDTH="14" VPOS="590" HPOS="317"/>
							<String ID="string_160" HPOS="331" VPOS="591" WIDTH="28" HEIGHT="19" WC="0.95" CONTENT="till"/><SP WIDTH="15" VPOS="591" HPOS="359"/>
							<String ID="string_161" HPOS="374" VPOS="591" WIDTH="38" HEIGHT="19" WC="0.95" CONTENT="och"/><SP WIDTH="14" VPOS="591" HPOS="412"/>
							<String ID="string_162" HPOS="426" VPOS="591" WIDTH="46" HEIGHT="19" WC="0.95" CONTENT="med"/><SP WIDTH="15" VPOS="591" HPOS="472"/>
							<String ID="string_163" HPOS="487" VPOS="591" WIDTH="38" HEIGHT="20" WC="0.96" CONTENT="kan"/><SP WIDTH="13" VPOS="591" HPOS="525"/>
							<String ID="string_164" HPOS="538" VPOS="592" WIDTH="70" HEIGHT="24" WC="0.96" CONTENT="utgöra"/><SP WIDTH="15" VPOS="592" HPOS="608"/>
							<String ID="string_165" HPOS="623" VPOS="593" WIDTH="28" HEIGHT="17" WC="0.93" CONTENT="ett"/><SP WIDTH="9" VPOS="593" HPOS="651"/>
							<String ID="string_166" HPOS="660" VPOS="591" WIDTH="83" HEIGHT="26" WC="0.90" CONTENT="oselligt"/><SP WIDTH="8" VPOS="591" HPOS="743"/>
							<String ID="string_167" HPOS="751" VPOS="591" WIDTH="61" HEIGHT="26" WC="0.96" CONTENT="tvång"/>
						</TextLine>
						<TextLine ID="line_18" HPOS="73" VPOS="616" WIDTH="739" HEIGHT="27">
							<String ID="string_168" HPOS="73" VPOS="622" WIDTH="25" HEIGHT="20" WC="0.96" CONTENT="pä"/><SP WIDTH="15" VPOS="622" HPOS="98"/>
							<String ID="string_169" HPOS="113" VPOS="617" WIDTH="49" HEIGHT="19" WC="0.93" CONTENT="hans"/><SP WIDTH="6" VPOS="617" HPOS="162"/>
							<String ID="string_170" HPOS="168" VPOS="612" WIDTH="12" HEIGHT="35" WC="0.92" CONTENT="ä"/><SP WIDTH="21" VPOS="612" HPOS="180"/>
							<String ID="string_171" HPOS="201" VPOS="617" WIDTH="70" HEIGHT="25" WC="0.95" CONTENT="giltiga,"/><SP WIDTH="16" VPOS="617" HPOS="271"/>
							<String ID="string_172" HPOS="287" VPOS="617" WIDTH="65" HEIGHT="20" WC="0.93" CONTENT="ehuru"/><SP WIDTH="14" VPOS="617" HPOS="352"/>
							<String ID="string_173" HPOS="366" VPOS="617" WIDTH="116" HEIGHT="25" WC="0.91" CONTENT="obevisliga,"/><SP WIDTH="16" VPOS="617" HPOS="482"/>
							<String ID="string_174" HPOS="498" VPOS="617" WIDTH="41" HEIGHT="20" WC="0.93" CONTENT="skäl"/><SP WIDTH="15" VPOS="617" HPOS="539"/>
							<String ID="string_175" HPOS="554" VPOS="617" WIDTH="69" HEIGHT="20" WC="0.91" CONTENT="stödda"/><SP WIDTH="14" VPOS="617" HPOS="623"/>
							<String ID="string_176" HPOS="637" VPOS="617" WIDTH="133" HEIGHT="26" WC="0.92" CONTENT="öfvertygelse"/><SP WIDTH="9" VPOS="617" HPOS="770"/>
							<String ID="string_177" HPOS="779" VPOS="623" WIDTH="33" HEIGHT="15" WC="0.96" CONTENT="om"/>
						</TextLine>
						<TextLine ID="line_19" HPOS="73" VPOS="643" WIDTH="738" HEIGHT="32">
							<String ID="string_178" HPOS="73" VPOS="645" WIDTH="123" HEIGHT="24" WC="0.96" CONTENT="motpartens"/><SP WIDTH="14" VPOS="645" HPOS="196"/>
							<String ID="string_179" HPOS="210" VPOS="644" WIDTH="138" HEIGHT="25" WC="0.96" CONTENT="personlighet."/><SP WIDTH="30" VPOS="644" HPOS="348"/>
							<String ID="string_180" HPOS="378" VPOS="643" WIDTH="28" HEIGHT="20" WC="0.75" CONTENT="Då"/><SP WIDTH="15" VPOS="643" HPOS="406"/>
							<String ID="string_181" HPOS="421" VPOS="644" WIDTH="56" HEIGHT="25" WC="0.97" CONTENT="lagen"/><SP WIDTH="9" VPOS="644" HPOS="477"/>
							<String ID="string_182" HPOS="486" VPOS="644" WIDTH="45" HEIGHT="19" WC="0.93" CONTENT="med"/><SP WIDTH="10" VPOS="644" HPOS="531"/>
							<String ID="string_183" HPOS="541" VPOS="646" WIDTH="49" HEIGHT="17" WC="0.96" CONTENT="rätta"/><SP WIDTH="10" VPOS="646" HPOS="590"/>
							<String ID="string_184" HPOS="600" VPOS="643" WIDTH="93" HEIGHT="25" WC="0.95" CONTENT="förbjudit"/><SP WIDTH="9" VPOS="643" HPOS="693"/>
							<String ID="string_185" HPOS="702" VPOS="644" WIDTH="33" HEIGHT="19" WC="0.92" CONTENT="allt"/><SP WIDTH="9" VPOS="644" HPOS="735"/>
							<String ID="string_186" HPOS="744" VPOS="643" WIDTH="67" HEIGHT="32" WC="0.96" CONTENT="tvång,"/>
						</TextLine>
						<TextLine ID="line_20" HPOS="74" VPOS="669" WIDTH="738" HEIGHT="27">
							<String ID="string_187" HPOS="74" VPOS="669" WIDTH="48" HEIGHT="20" WC="0.96" CONTENT="eller"/><SP WIDTH="13" VPOS="669" HPOS="122"/>
							<String ID="string_188" HPOS="135" VPOS="672" WIDTH="71" HEIGHT="23" WC="0.96" CONTENT="tortyr,"/><SP WIDTH="16" VPOS="672" HPOS="206"/>
							<String ID="string_189" HPOS="222" VPOS="670" WIDTH="26" HEIGHT="19" WC="0.95" CONTENT="till"/><SP WIDTH="13" VPOS="670" HPOS="248"/>
							<String ID="string_190" HPOS="261" VPOS="669" WIDTH="141" HEIGHT="21" WC="0.96" CONTENT="framkallande"/><SP WIDTH="14" VPOS="669" HPOS="402"/>
							<String ID="string_191" HPOS="416" VPOS="670" WIDTH="21" HEIGHT="19" WC="0.95" CONTENT="af"/><SP WIDTH="12" VPOS="670" HPOS="437"/>
							<String ID="string_192" HPOS="449" VPOS="670" WIDTH="120" HEIGHT="20" WC="0.96" CONTENT="bekännelse"/><SP WIDTH="13" VPOS="670" HPOS="569"/>
							<String ID="string_193" HPOS="582" VPOS="670" WIDTH="43" HEIGHT="19" WC="0.93" CONTENT="före"/><SP WIDTH="14" VPOS="670" HPOS="625"/>
							<String ID="string_194" HPOS="639" VPOS="670" WIDTH="135" HEIGHT="26" WC="0.76" CONTENT="straffdomen,"/><SP WIDTH="16" VPOS="670" HPOS="774"/>
							<String ID="string_195" HPOS="790" VPOS="676" WIDTH="22" HEIGHT="15" WC="0.96" CONTENT="så"/>
						</TextLine>
						<TextLine ID="line_21" HPOS="74" VPOS="696" WIDTH="739" HEIGHT="26">
							<String ID="string_196" HPOS="74" VPOS="702" WIDTH="60" HEIGHT="19" WC="0.92" CONTENT="synes"/><SP WIDTH="18" VPOS="702" HPOS="134"/>
							<String ID="string_197" HPOS="152" VPOS="696" WIDTH="33" HEIGHT="19" WC="0.96" CONTENT="det"/><SP WIDTH="17" VPOS="696" HPOS="185"/>
							<String ID="string_198" HPOS="202" VPOS="697" WIDTH="116" HEIGHT="25" WC="0.96" CONTENT="visserligen"/><SP WIDTH="18" VPOS="697" HPOS="318"/>
							<String ID="string_199" HPOS="336" VPOS="697" WIDTH="38" HEIGHT="18" WC="0.96" CONTENT="ock"/><SP WIDTH="17" VPOS="697" HPOS="374"/>
							<String ID="string_200" HPOS="391" VPOS="701" WIDTH="47" HEIGHT="14" WC="0.93" CONTENT="vara"/><SP WIDTH="18" VPOS="701" HPOS="438"/>
							<String ID="string_201" HPOS="456" VPOS="697" WIDTH="149" HEIGHT="25" WC="0.90" CONTENT="inkonseqvent,"/><SP WIDTH="19" VPOS="697" HPOS="605"/>
							<String ID="string_202" HPOS="624" VPOS="699" WIDTH="28" HEIGHT="16" WC="0.96" CONTENT="att"/><SP WIDTH="14" VPOS="699" HPOS="652"/>
							<String ID="string_203" HPOS="666" VPOS="702" WIDTH="24" HEIGHT="13" WC="0.96" CONTENT="en"/><SP WIDTH="14" VPOS="702" HPOS="690"/>
							<String ID="string_204" HPOS="704" VPOS="696" WIDTH="60" HEIGHT="21" WC="0.93" CONTENT="sådan"/><SP WIDTH="14" VPOS="696" HPOS="764"/>
							<String ID="string_205" HPOS="778" VPOS="697" WIDTH="35" HEIGHT="20" WC="0.92" CONTENT="be-"/>
						</TextLine>
						<TextLine ID="line_22" HPOS="73" VPOS="722" WIDTH="740" HEIGHT="27">
							<String ID="string_206" HPOS="73" VPOS="722" WIDTH="92" HEIGHT="20" WC="0.92" CONTENT="kännelse"/><SP WIDTH="21" VPOS="722" HPOS="165"/>
							<String ID="string_207" HPOS="186" VPOS="722" WIDTH="49" HEIGHT="20" WC="0.96" CONTENT="skall"/><SP WIDTH="21" VPOS="722" HPOS="235"/>
							<String ID="string_208" HPOS="256" VPOS="723" WIDTH="49" HEIGHT="19" WC="0.93" CONTENT="efter"/><SP WIDTH="20" VPOS="723" HPOS="305"/>
							<String ID="string_209" HPOS="325" VPOS="723" WIDTH="128" HEIGHT="20" WC="0.73" CONTENT="strafflomen"/><SP WIDTH="17" VPOS="723" HPOS="453"/>
							<String ID="string_210" HPOS="470" VPOS="727" WIDTH="70" HEIGHT="21" WC="0.93" CONTENT="genom"/><SP WIDTH="14" VPOS="727" HPOS="540"/>
							<String ID="string_211" HPOS="554" VPOS="723" WIDTH="56" HEIGHT="20" WC="0.92" CONTENT="afbön"/><SP WIDTH="15" VPOS="723" HPOS="610"/>
							<String ID="string_212" HPOS="625" VPOS="722" WIDTH="135" HEIGHT="27" WC="0.92" CONTENT="framtvingas;"/><SP WIDTH="15" VPOS="722" HPOS="760"/>
							<String ID="string_213" HPOS="775" VPOS="724" WIDTH="38" HEIGHT="19" WC="0.96" CONTENT="och"/>
						</TextLine>
						<TextLine ID="line_23" HPOS="72" VPOS="747" WIDTH="742" HEIGHT="28">
							<String ID="string_214" HPOS="72" VPOS="749" WIDTH="65" HEIGHT="20" WC="0.92" CONTENT="denna"/><SP WIDTH="14" VPOS="749" HPOS="137"/>
							<String ID="string_215" HPOS="151" VPOS="749" WIDTH="147" HEIGHT="25" WC="0.91" CONTENT="inkonseqvens"/><SP WIDTH="15" VPOS="749" HPOS="298"/>
							<String ID="string_216" HPOS="313" VPOS="747" WIDTH="92" HEIGHT="22" WC="0.96" CONTENT="framstår"/><SP WIDTH="14" VPOS="747" HPOS="405"/>
							<String ID="string_217" HPOS="419" VPOS="751" WIDTH="24" HEIGHT="17" WC="0.93" CONTENT="än"/><SP WIDTH="14" VPOS="751" HPOS="443"/>
							<String ID="string_218" HPOS="457" VPOS="749" WIDTH="85" HEIGHT="24" WC="0.92" CONTENT="bjertare"/><SP WIDTH="13" VPOS="749" HPOS="542"/>
							<String ID="string_219" HPOS="555" VPOS="749" WIDTH="120" HEIGHT="26" WC="0.92" CONTENT="derigenom,"/><SP WIDTH="17" VPOS="749" HPOS="675"/>
							<String ID="string_220" HPOS="692" VPOS="751" WIDTH="28" HEIGHT="18" WC="0.96" CONTENT="att"/><SP WIDTH="13" VPOS="751" HPOS="720"/>
							<String ID="string_221" HPOS="733" VPOS="750" WIDTH="39" HEIGHT="19" WC="0.92" CONTENT="den"/><SP WIDTH="12" VPOS="750" HPOS="772"/>
							<String ID="string_222" HPOS="784" VPOS="750" WIDTH="30" HEIGHT="19" WC="0.92" CONTENT="of-"/>
						</TextLine>
						<TextLine ID="line_24" HPOS="74" VPOS="775" WIDTH="740" HEIGHT="27">
							<String ID="string_223" HPOS="74" VPOS="775" WIDTH="79" HEIGHT="25" WC="0.89" CONTENT="fentliga"/><SP WIDTH="19" VPOS="775" HPOS="153"/>
							<String ID="string_224" HPOS="172" VPOS="776" WIDTH="85" HEIGHT="20" WC="0.91" CONTENT="afbönen"/><SP WIDTH="21" VPOS="776" HPOS="257"/>
							<String ID="string_225" HPOS="278" VPOS="775" WIDTH="80" HEIGHT="20" WC="0.95" CONTENT="alldeles"/><SP WIDTH="18" VPOS="775" HPOS="358"/>
							<String ID="string_226" HPOS="376" VPOS="776" WIDTH="44" HEIGHT="19" WC="0.96" CONTENT="icke"/><SP WIDTH="16" VPOS="776" HPOS="420"/>
							<String ID="string_227" HPOS="436" VPOS="776" WIDTH="92" HEIGHT="19" WC="0.95" CONTENT="kommer"/><SP WIDTH="16" VPOS="776" HPOS="528"/>
							<String ID="string_228" HPOS="544" VPOS="776" WIDTH="6" HEIGHT="19" WC="0.95" CONTENT="i"/><SP WIDTH="14" VPOS="776" HPOS="550"/>
							<String ID="string_229" HPOS="564" VPOS="775" WIDTH="53" HEIGHT="27" WC="0.96" CONTENT="fråga"/><SP WIDTH="14" VPOS="775" HPOS="617"/>
							<String ID="string_230" HPOS="631" VPOS="775" WIDTH="34" HEIGHT="20" WC="0.96" CONTENT="vid"/><SP WIDTH="14" VPOS="775" HPOS="665"/>
							<String ID="string_231" HPOS="679" VPOS="775" WIDTH="82" HEIGHT="20" WC="0.93" CONTENT="svårare"/><SP WIDTH="13" VPOS="775" HPOS="761"/>
							<String ID="string_232" HPOS="774" VPOS="777" WIDTH="40" HEIGHT="19" WC="0.91" CONTENT="för-"/>
						</TextLine>
						<TextLine ID="line_25" HPOS="74" VPOS="801" WIDTH="738" HEIGHT="27">
							<String ID="string_233" HPOS="74" VPOS="802" WIDTH="105" HEIGHT="26" WC="0.91" CONTENT="brytelser,"/><SP WIDTH="16" VPOS="802" HPOS="179"/>
							<String ID="string_234" HPOS="195" VPOS="806" WIDTH="45" HEIGHT="16" WC="0.96" CONTENT="utan"/><SP WIDTH="15" VPOS="806" HPOS="240"/>
							<String ID="string_235" HPOS="255" VPOS="802" WIDTH="60" HEIGHT="25" WC="0.96" CONTENT="enligt"/><SP WIDTH="11" VPOS="802" HPOS="315"/>
							<String ID="string_236" HPOS="326" VPOS="801" WIDTH="34" HEIGHT="26" WC="0.93" CONTENT="jus"/><SP WIDTH="15" VPOS="801" HPOS="360"/>
							<String ID="string_237" HPOS="375" VPOS="802" WIDTH="75" HEIGHT="20" WC="0.91" CONTENT="talionis"/><SP WIDTH="14" VPOS="802" HPOS="450"/>
							<String ID="string_238" HPOS="464" VPOS="803" WIDTH="63" HEIGHT="19" WC="0.93" CONTENT="blifvit"/><SP WIDTH="13" VPOS="803" HPOS="527"/>
							<String ID="string_239" HPOS="540" VPOS="802" WIDTH="131" HEIGHT="20" WC="0.91" CONTENT="föreskrifven"/><SP WIDTH="15" VPOS="802" HPOS="671"/>
							<String ID="string_240" HPOS="686" VPOS="802" WIDTH="81" HEIGHT="20" WC="0.92" CONTENT="allenast"/><SP WIDTH="11" VPOS="802" HPOS="767"/>
							<String ID="string_241" HPOS="778" VPOS="803" WIDTH="34" HEIGHT="20" WC="0.96" CONTENT="vid"/>
						</TextLine>
						<TextLine ID="line_26" HPOS="73" VPOS="828" WIDTH="741" HEIGHT="27">
							<String ID="string_242" HPOS="73" VPOS="830" WIDTH="110" HEIGHT="25" WC="0.96" CONTENT="personliga"/><SP WIDTH="17" VPOS="830" HPOS="183"/>
							<String ID="string_243" HPOS="200" VPOS="829" WIDTH="169" HEIGHT="26" WC="0.95" CONTENT="förolämpningar,"/><SP WIDTH="19" VPOS="829" HPOS="369"/>
							<String ID="string_244" HPOS="388" VPOS="834" WIDTH="44" HEIGHT="14" WC="0.96" CONTENT="som"/><SP WIDTH="15" VPOS="834" HPOS="432"/>
							<String ID="string_245" HPOS="447" VPOS="829" WIDTH="51" HEIGHT="20" WC="0.96" CONTENT="skett"/><SP WIDTH="14" VPOS="829" HPOS="498"/>
							<String ID="string_246" HPOS="512" VPOS="829" WIDTH="45" HEIGHT="20" WC="0.96" CONTENT="med"/><SP WIDTH="15" VPOS="829" HPOS="557"/>
							<String ID="string_247" HPOS="572" VPOS="828" WIDTH="36" HEIGHT="20" WC="0.96" CONTENT="ord"/><SP WIDTH="14" VPOS="828" HPOS="608"/>
							<String ID="string_248" HPOS="622" VPOS="829" WIDTH="47" HEIGHT="19" WC="0.93" CONTENT="eller"/><SP WIDTH="14" VPOS="829" HPOS="669"/>
							<String ID="string_249" HPOS="683" VPOS="829" WIDTH="131" HEIGHT="26" WC="0.92" CONTENT="handgriplig-"/>
						</TextLine>
						<TextLine ID="line_27" HPOS="73" VPOS="855" WIDTH="739" HEIGHT="25">
							<String ID="string_250" HPOS="73" VPOS="856" WIDTH="41" HEIGHT="19" WC="0.96" CONTENT="het."/><SP WIDTH="29" VPOS="856" HPOS="114"/>
							<String ID="string_251" HPOS="143" VPOS="856" WIDTH="43" HEIGHT="19" WC="0.96" CONTENT="Men"/><SP WIDTH="18" VPOS="856" HPOS="186"/>
							<String ID="string_252" HPOS="204" VPOS="855" WIDTH="23" HEIGHT="20" WC="0.93" CONTENT="då"/><SP WIDTH="19" VPOS="855" HPOS="227"/>
							<String ID="string_253" HPOS="246" VPOS="856" WIDTH="83" HEIGHT="20" WC="0.92" CONTENT="afbönen"/><SP WIDTH="16" VPOS="856" HPOS="329"/>
							<String ID="string_254" HPOS="345" VPOS="857" WIDTH="83" HEIGHT="18" WC="0.96" CONTENT="numera"/><SP WIDTH="16" VPOS="857" HPOS="428"/>
							<String ID="string_255" HPOS="444" VPOS="855" WIDTH="164" HEIGHT="25" WC="0.93" CONTENT="hufvudsakligen"/><SP WIDTH="17" VPOS="855" HPOS="608"/>
							<String ID="string_256" HPOS="625" VPOS="856" WIDTH="59" HEIGHT="24" WC="0.91" CONTENT="afser,"/><SP WIDTH="15" VPOS="856" HPOS="684"/>
							<String ID="string_257" HPOS="699" VPOS="858" WIDTH="29" HEIGHT="17" WC="0.96" CONTENT="att"/><SP WIDTH="13" VPOS="858" HPOS="728"/>
							<String ID="string_258" HPOS="741" VPOS="855" WIDTH="20" HEIGHT="20" WC="0.96" CONTENT="åt"/><SP WIDTH="13" VPOS="855" HPOS="761"/>
							<String ID="string_259" HPOS="774" VPOS="856" WIDTH="38" HEIGHT="20" WC="0.96" CONTENT="den"/>
						</TextLine>
						<TextLine ID="line_28" HPOS="73" VPOS="882" WIDTH="740" HEIGHT="27">
							<String ID="string_260" HPOS="73" VPOS="882" WIDTH="139" HEIGHT="26" WC="0.96" CONTENT="förolämpade,"/><SP WIDTH="24" VPOS="882" HPOS="212"/>
							<String ID="string_261" HPOS="236" VPOS="883" WIDTH="59" HEIGHT="19" WC="0.96" CONTENT="hvars"/><SP WIDTH="21" VPOS="883" HPOS="295"/>
							<String ID="string_262" HPOS="316" VPOS="882" WIDTH="155" HEIGHT="26" WC="0.96" CONTENT="medborgerliga"/><SP WIDTH="21" VPOS="882" HPOS="471"/>
							<String ID="string_263" HPOS="492" VPOS="882" WIDTH="100" HEIGHT="20" WC="0.96" CONTENT="anseende"/><SP WIDTH="20" VPOS="882" HPOS="592"/>
							<String ID="string_264" HPOS="612" VPOS="882" WIDTH="74" HEIGHT="19" WC="0.93" CONTENT="kunnat"/><SP WIDTH="14" VPOS="882" HPOS="686"/>
							<String ID="string_265" HPOS="700" VPOS="882" WIDTH="113" HEIGHT="27" WC="0.92" CONTENT="äfventyras"/>
						</TextLine>
						<TextLine ID="line_29" HPOS="72" VPOS="908" WIDTH="738" HEIGHT="27">
							<String ID="string_266" HPOS="72" VPOS="915" WIDTH="73" HEIGHT="20" WC="0.96" CONTENT="genom"/><SP WIDTH="14" VPOS="915" HPOS="145"/>
							<String ID="string_267" HPOS="159" VPOS="909" WIDTH="39" HEIGHT="19" WC="0.96" CONTENT="den"/><SP WIDTH="14" VPOS="909" HPOS="198"/>
							<String ID="string_268" HPOS="212" VPOS="909" WIDTH="134" HEIGHT="25" WC="0.95" CONTENT="missaktning,"/><SP WIDTH="18" VPOS="909" HPOS="346"/>
							<String ID="string_269" HPOS="364" VPOS="915" WIDTH="43" HEIGHT="14" WC="0.90" CONTENT="som"/><SP WIDTH="14" VPOS="915" HPOS="407"/>
							<String ID="string_270" HPOS="421" VPOS="909" WIDTH="123" HEIGHT="26" WC="0.90" CONTENT="förbrytaren"/><SP WIDTH="14" VPOS="909" HPOS="544"/>
							<String ID="string_271" HPOS="558" VPOS="908" WIDTH="101" HEIGHT="26" WC="0.96" CONTENT="ådagalagt"/><SP WIDTH="8" VPOS="908" HPOS="659"/>
							<String ID="string_272" HPOS="667" VPOS="912" WIDTH="54" HEIGHT="17" WC="0.95" CONTENT="emot"/><SP WIDTH="10" VPOS="912" HPOS="721"/>
							<String ID="string_273" HPOS="731" VPOS="909" WIDTH="79" HEIGHT="26" WC="0.95" CONTENT="honom,"/>
						</TextLine>
						<TextLine ID="line_30" HPOS="73" VPOS="935" WIDTH="740" HEIGHT="26">
							<String ID="string_274" HPOS="73" VPOS="935" WIDTH="53" HEIGHT="26" WC="0.96" CONTENT="gifva"/><SP WIDTH="18" VPOS="935" HPOS="126"/>
							<String ID="string_275" HPOS="144" VPOS="941" WIDTH="25" HEIGHT="14" WC="0.97" CONTENT="en"/><SP WIDTH="17" VPOS="941" HPOS="169"/>
							<String ID="string_276" HPOS="186" VPOS="935" WIDTH="61" HEIGHT="20" WC="0.96" CONTENT="sådan"/><SP WIDTH="17" VPOS="935" HPOS="247"/>
							<String ID="string_277" HPOS="264" VPOS="936" WIDTH="128" HEIGHT="25" WC="0.47" CONTENT="upprättelse,"/><SP WIDTH="16" VPOS="936" HPOS="392"/>
							<String ID="string_278" HPOS="408" VPOS="938" WIDTH="28" HEIGHT="17" WC="0.96" CONTENT="att"/><SP WIDTH="14" VPOS="938" HPOS="436"/>
							<String ID="string_279" HPOS="450" VPOS="935" WIDTH="38" HEIGHT="20" WC="0.93" CONTENT="han"/><SP WIDTH="13" VPOS="935" HPOS="488"/>
							<String ID="string_280" HPOS="501" VPOS="935" WIDTH="113" HEIGHT="26" WC="0.92" CONTENT="derigenom"/><SP WIDTH="14" VPOS="935" HPOS="614"/>
							<String ID="string_281" HPOS="628" VPOS="935" WIDTH="81" HEIGHT="20" WC="0.95" CONTENT="komme"/><SP WIDTH="13" VPOS="935" HPOS="709"/>
							<String ID="string_282" HPOS="722" VPOS="937" WIDTH="28" HEIGHT="18" WC="0.96" CONTENT="att"/><SP WIDTH="13" VPOS="937" HPOS="750"/>
							<String ID="string_283" HPOS="763" VPOS="936" WIDTH="50" HEIGHT="19" WC="0.96" CONTENT="inför"/>
						</TextLine>
						<TextLine ID="line_31" HPOS="73" VPOS="961" WIDTH="741" HEIGHT="26">
							<String ID="string_284" HPOS="73" VPOS="962" WIDTH="43" HEIGHT="19" WC="0.96" CONTENT="sine"/><SP WIDTH="16" VPOS="962" HPOS="116"/>
							<String ID="string_285" HPOS="132" VPOS="962" WIDTH="131" HEIGHT="25" WC="0.96" CONTENT="medborgare"/><SP WIDTH="17" VPOS="962" HPOS="263"/>
							<String ID="string_286" HPOS="280" VPOS="961" WIDTH="30" HEIGHT="21" WC="0.93" CONTENT="stå"/><SP WIDTH="17" VPOS="961" HPOS="310"/>
							<String ID="string_287" HPOS="327" VPOS="961" WIDTH="99" HEIGHT="21" WC="0.91" CONTENT="rentvådd"/><SP WIDTH="14" VPOS="961" HPOS="426"/>
							<String ID="string_288" HPOS="440" VPOS="961" WIDTH="49" HEIGHT="20" WC="0.96" CONTENT="ifrån"/><SP WIDTH="14" VPOS="961" HPOS="489"/>
							<String ID="string_289" HPOS="503" VPOS="961" WIDTH="69" HEIGHT="25" WC="0.96" CONTENT="hvarje"/><SP WIDTH="14" VPOS="961" HPOS="572"/>
							<String ID="string_290" HPOS="586" VPOS="961" WIDTH="81" HEIGHT="26" WC="0.96" CONTENT="skugga,"/><SP WIDTH="16" VPOS="961" HPOS="667"/>
							<String ID="string_291" HPOS="683" VPOS="967" WIDTH="45" HEIGHT="15" WC="0.95" CONTENT="som"/><SP WIDTH="14" VPOS="967" HPOS="728"/>
							<String ID="string_292" HPOS="742" VPOS="963" WIDTH="20" HEIGHT="19" WC="0.92" CONTENT="af"/><SP WIDTH="12" VPOS="963" HPOS="762"/>
							<String ID="string_293" HPOS="774" VPOS="963" WIDTH="40" HEIGHT="19" WC="0.90" CONTENT="för-"/>
						</TextLine>
						<TextLine ID="line_32" HPOS="72" VPOS="988" WIDTH="741" HEIGHT="26">
							<String ID="string_294" HPOS="72" VPOS="989" WIDTH="136" HEIGHT="25" WC="0.91" CONTENT="olämpningen"/><SP WIDTH="20" VPOS="989" HPOS="208"/>
							<String ID="string_295" HPOS="228" VPOS="989" WIDTH="75" HEIGHT="19" WC="0.95" CONTENT="kunnat"/><SP WIDTH="19" VPOS="989" HPOS="303"/>
							<String ID="string_296" HPOS="322" VPOS="988" WIDTH="66" HEIGHT="20" WC="0.96" CONTENT="kastas"/><SP WIDTH="18" VPOS="988" HPOS="388"/>
							<String ID="string_297" HPOS="406" VPOS="989" WIDTH="56" HEIGHT="19" WC="0.96" CONTENT="öfver"/><SP WIDTH="16" VPOS="989" HPOS="462"/>
							<String ID="string_298" HPOS="478" VPOS="989" WIDTH="49" HEIGHT="19" WC="0.96" CONTENT="hans"/><SP WIDTH="17" VPOS="989" HPOS="527"/>
							<String ID="string_299" HPOS="544" VPOS="988" WIDTH="68" HEIGHT="25" WC="0.95" CONTENT="heder,"/><SP WIDTH="20" VPOS="988" HPOS="612"/>
							<String ID="string_300" HPOS="632" VPOS="991" WIDTH="52" HEIGHT="17" WC="0.93" CONTENT="samt"/><SP WIDTH="17" VPOS="991" HPOS="684"/>
							<String ID="string_301" HPOS="701" VPOS="991" WIDTH="29" HEIGHT="18" WC="0.90" CONTENT="ctt"/><SP WIDTH="14" VPOS="991" HPOS="730"/>
							<String ID="string_302" HPOS="744" VPOS="989" WIDTH="69" HEIGHT="20" WC="0.96" CONTENT="sådant"/>
						</TextLine>
						<TextLine ID="line_33" HPOS="73" VPOS="1014" WIDTH="740" HEIGHT="26">
							<String ID="string_303" HPOS="73" VPOS="1014" WIDTH="89" HEIGHT="21" WC="0.96" CONTENT="ändamål"/><SP WIDTH="19" VPOS="1014" HPOS="162"/>
							<String ID="string_304" HPOS="181" VPOS="1015" WIDTH="57" HEIGHT="20" WC="0.96" CONTENT="äfven"/><SP WIDTH="17" VPOS="1015" HPOS="238"/>
							<String ID="string_305" HPOS="255" VPOS="1016" WIDTH="38" HEIGHT="18" WC="0.96" CONTENT="kan"/><SP WIDTH="17" VPOS="1016" HPOS="293"/>
							<String ID="string_306" HPOS="310" VPOS="1015" WIDTH="69" HEIGHT="20" WC="0.96" CONTENT="vinnas"/><SP WIDTH="18" VPOS="1015" HPOS="379"/>
							<String ID="string_307" HPOS="397" VPOS="1015" WIDTH="24" HEIGHT="25" WC="0.96" CONTENT="på"/><SP WIDTH="15" VPOS="1015" HPOS="421"/>
							<String ID="string_308" HPOS="436" VPOS="1017" WIDTH="57" HEIGHT="18" WC="0.96" CONTENT="annat"/><SP WIDTH="14" VPOS="1017" HPOS="493"/>
							<String ID="string_309" HPOS="507" VPOS="1016" WIDTH="44" HEIGHT="23" WC="0.93" CONTENT="sätt,"/><SP WIDTH="17" VPOS="1016" HPOS="551"/>
							<String ID="string_310" HPOS="568" VPOS="1014" WIDTH="96" HEIGHT="26" WC="0.92" CONTENT="nemligen"/><SP WIDTH="15" VPOS="1014" HPOS="664"/>
							<String ID="string_311" HPOS="679" VPOS="1014" WIDTH="89" HEIGHT="26" WC="0.96" CONTENT="sålunda,"/><SP WIDTH="17" VPOS="1014" HPOS="768"/>
							<String ID="string_312" HPOS="785" VPOS="1017" WIDTH="28" HEIGHT="18" WC="0.96" CONTENT="att"/>
						</TextLine>
						<TextLine ID="line_34" HPOS="72" VPOS="1041" WIDTH="740" HEIGHT="26">
							<String ID="string_313" HPOS="72" VPOS="1041" WIDTH="122" HEIGHT="20" WC="0.96" CONTENT="domstolens"/><SP WIDTH="15" VPOS="1041" HPOS="194"/>
							<String ID="string_314" HPOS="209" VPOS="1041" WIDTH="94" HEIGHT="26" WC="0.96" CONTENT="ogillande"/><SP WIDTH="14" VPOS="1041" HPOS="303"/>
							<String ID="string_315" HPOS="317" VPOS="1041" WIDTH="22" HEIGHT="20" WC="0.96" CONTENT="af"/><SP WIDTH="12" VPOS="1041" HPOS="339"/>
							<String ID="string_316" HPOS="351" VPOS="1041" WIDTH="39" HEIGHT="20" WC="0.96" CONTENT="den"/><SP WIDTH="14" VPOS="1041" HPOS="390"/>
							<String ID="string_317" HPOS="404" VPOS="1041" WIDTH="148" HEIGHT="26" WC="0.93" CONTENT="ifrågavarande"/><SP WIDTH="10" VPOS="1041" HPOS="552"/>
							<String ID="string_318" HPOS="562" VPOS="1041" WIDTH="167" HEIGHT="26" WC="0.91" CONTENT="förolämpningen"/><SP WIDTH="10" VPOS="1041" HPOS="729"/>
							<String ID="string_319" HPOS="739" VPOS="1042" WIDTH="73" HEIGHT="19" WC="0.92" CONTENT="erhölle"/>
						</TextLine>
						<TextLine ID="line_35" HPOS="73" VPOS="1067" WIDTH="737" HEIGHT="26">
							<String ID="string_320" HPOS="73" VPOS="1069" WIDTH="23" HEIGHT="19" WC="0.96" CONTENT="all"/><SP WIDTH="14" VPOS="1069" HPOS="96"/>
							<String ID="string_321" HPOS="110" VPOS="1068" WIDTH="38" HEIGHT="20" WC="0.96" CONTENT="den"/><SP WIDTH="15" VPOS="1068" HPOS="148"/>
							<String ID="string_322" HPOS="163" VPOS="1068" WIDTH="125" HEIGHT="25" WC="0.96" CONTENT="offentlighet,"/><SP WIDTH="17" VPOS="1068" HPOS="288"/>
							<String ID="string_323" HPOS="305" VPOS="1073" WIDTH="44" HEIGHT="14" WC="0.96" CONTENT="som"/><SP WIDTH="13" VPOS="1073" HPOS="349"/>
							<String ID="string_324" HPOS="362" VPOS="1068" WIDTH="38" HEIGHT="20" WC="0.96" CONTENT="den"/><SP WIDTH="14" VPOS="1068" HPOS="400"/>
							<String ID="string_325" HPOS="414" VPOS="1068" WIDTH="132" HEIGHT="25" WC="0.96" CONTENT="förolämpade"/><SP WIDTH="14" VPOS="1068" HPOS="546"/>
							<String ID="string_326" HPOS="560" VPOS="1067" WIDTH="39" HEIGHT="20" WC="0.96" CONTENT="kan"/><SP WIDTH="13" VPOS="1067" HPOS="599"/>
							<String ID="string_327" HPOS="612" VPOS="1068" WIDTH="63" HEIGHT="19" WC="0.96" CONTENT="önska"/><SP WIDTH="10" VPOS="1068" HPOS="675"/>
							<String ID="string_328" HPOS="685" VPOS="1068" WIDTH="53" HEIGHT="25" WC="0.93" CONTENT="gifva"/><SP WIDTH="9" VPOS="1068" HPOS="738"/>
							<String ID="string_329" HPOS="747" VPOS="1067" WIDTH="63" HEIGHT="26" WC="0.90" CONTENT="deråt;"/>
						</TextLine>
						<TextLine ID="line_36" HPOS="72" VPOS="1093" WIDTH="740" HEIGHT="27">
							<String ID="string_330" HPOS="72" VPOS="1093" WIDTH="22" HEIGHT="21" WC="0.96" CONTENT="så"/><SP WIDTH="15" VPOS="1093" HPOS="94"/>
							<String ID="string_331" HPOS="109" VPOS="1095" WIDTH="36" HEIGHT="19" WC="0.93" CONTENT="har"/><SP WIDTH="14" VPOS="1095" HPOS="145"/>
							<String ID="string_332" HPOS="159" VPOS="1095" WIDTH="89" HEIGHT="19" WC="0.92" CONTENT="Komitén"/><SP WIDTH="15" VPOS="1095" HPOS="248"/>
							<String ID="string_333" HPOS="263" VPOS="1094" WIDTH="105" HEIGHT="25" WC="0.95" CONTENT="föreslagit,"/><SP WIDTH="17" VPOS="1094" HPOS="368"/>
							<String ID="string_334" HPOS="385" VPOS="1097" WIDTH="34" HEIGHT="22" WC="0.96" CONTENT="att,"/><SP WIDTH="16" VPOS="1097" HPOS="419"/>
							<String ID="string_335" HPOS="435" VPOS="1094" WIDTH="6" HEIGHT="19" WC="0.96" CONTENT="i"/><SP WIDTH="14" VPOS="1094" HPOS="441"/>
							<String ID="string_336" HPOS="455" VPOS="1095" WIDTH="63" HEIGHT="18" WC="0.96" CONTENT="stället"/><SP WIDTH="14" VPOS="1095" HPOS="518"/>
							<String ID="string_337" HPOS="532" VPOS="1094" WIDTH="29" HEIGHT="19" WC="0.96" CONTENT="för"/><SP WIDTH="14" VPOS="1094" HPOS="561"/>
							<String ID="string_338" HPOS="575" VPOS="1093" WIDTH="84" HEIGHT="27" WC="0.93" CONTENT="offentlig"/><SP WIDTH="14" VPOS="1093" HPOS="659"/>
							<String ID="string_339" HPOS="673" VPOS="1095" WIDTH="64" HEIGHT="23" WC="0.92" CONTENT="afbön,"/><SP WIDTH="12" VPOS="1095" HPOS="737"/>
							<String ID="string_340" HPOS="749" VPOS="1094" WIDTH="63" HEIGHT="20" WC="0.96" CONTENT="skulle"/>
						</TextLine>
						<TextLine ID="line_37" HPOS="73" VPOS="1120" WIDTH="739" HEIGHT="26">
							<String ID="string_341" HPOS="73" VPOS="1121" WIDTH="66" HEIGHT="20" WC="0.95" CONTENT="ibland"/><SP WIDTH="13" VPOS="1121" HPOS="139"/>
							<String ID="string_342" HPOS="152" VPOS="1120" WIDTH="95" HEIGHT="26" WC="0.96" CONTENT="påföljder"/><SP WIDTH="14" VPOS="1120" HPOS="247"/>
							<String ID="string_343" HPOS="261" VPOS="1121" WIDTH="20" HEIGHT="19" WC="0.96" CONTENT="af"/><SP WIDTH="12" VPOS="1121" HPOS="281"/>
							<String ID="string_344" HPOS="293" VPOS="1121" WIDTH="54" HEIGHT="19" WC="0.96" CONTENT="brott"/><SP WIDTH="14" VPOS="1121" HPOS="347"/>
							<String ID="string_345" HPOS="361" VPOS="1123" WIDTH="95" HEIGHT="23" WC="0.96" CONTENT="upptagas"/><SP WIDTH="14" VPOS="1123" HPOS="456"/>
							<String ID="string_346" HPOS="470" VPOS="1121" WIDTH="58" HEIGHT="19" WC="0.96" CONTENT="äfven"/><SP WIDTH="12" VPOS="1121" HPOS="528"/>
							<String ID="string_347" HPOS="540" VPOS="1120" WIDTH="44" HEIGHT="25" WC="0.96" CONTENT="den,"/><SP WIDTH="12" VPOS="1120" HPOS="584"/>
							<String ID="string_348" HPOS="596" VPOS="1123" WIDTH="28" HEIGHT="17" WC="0.96" CONTENT="att"/><SP WIDTH="9" VPOS="1123" HPOS="624"/>
							<String ID="string_349" HPOS="633" VPOS="1121" WIDTH="37" HEIGHT="19" WC="0.96" CONTENT="den"/><SP WIDTH="10" VPOS="1121" HPOS="670"/>
							<String ID="string_350" HPOS="680" VPOS="1120" WIDTH="132" HEIGHT="26" WC="0.96" CONTENT="förolämpade"/>
						</TextLine>
						<TextLine ID="line_38" HPOS="73" VPOS="1146" WIDTH="738" HEIGHT="27">
							<String ID="string_351" HPOS="73" VPOS="1147" WIDTH="63" HEIGHT="20" WC="0.93" CONTENT="skulle"/><SP WIDTH="17" VPOS="1147" HPOS="136"/>
							<String ID="string_352" HPOS="153" VPOS="1153" WIDTH="35" HEIGHT="20" WC="0.92" CONTENT="ega"/><SP WIDTH="18" VPOS="1153" HPOS="188"/>
							<String ID="string_353" HPOS="206" VPOS="1148" WIDTH="92" HEIGHT="25" WC="0.95" CONTENT="rättighet"/><SP WIDTH="17" VPOS="1148" HPOS="298"/>
							<String ID="string_354" HPOS="315" VPOS="1149" WIDTH="29" HEIGHT="18" WC="0.95" CONTENT="att"/><SP WIDTH="15" VPOS="1149" HPOS="344"/>
							<String ID="string_355" HPOS="359" VPOS="1146" WIDTH="25" HEIGHT="27" WC="0.93" CONTENT="på"/><SP WIDTH="15" VPOS="1146" HPOS="384"/>
							<String ID="string_356" HPOS="399" VPOS="1147" WIDTH="135" HEIGHT="26" WC="0.91" CONTENT="förbrytarens"/><SP WIDTH="14" VPOS="1147" HPOS="534"/>
							<String ID="string_357" HPOS="548" VPOS="1147" WIDTH="109" HEIGHT="20" WC="0.96" CONTENT="bekostnad"/><SP WIDTH="14" VPOS="1147" HPOS="657"/>
							<String ID="string_358" HPOS="671" VPOS="1146" WIDTH="39" HEIGHT="21" WC="0.93" CONTENT="låta"/><SP WIDTH="13" VPOS="1146" HPOS="710"/>
							<String ID="string_359" HPOS="723" VPOS="1147" WIDTH="88" HEIGHT="26" WC="0.91" CONTENT="kungöra"/>
						</TextLine>
						<TextLine ID="line_39" HPOS="73" VPOS="1173" WIDTH="738" HEIGHT="26">
							<String ID="string_360" HPOS="73" VPOS="1174" WIDTH="127" HEIGHT="19" WC="0.85" CONTENT="straffdomen"/><SP WIDTH="18" VPOS="1174" HPOS="200"/>
							<String ID="string_361" HPOS="218" VPOS="1174" WIDTH="5" HEIGHT="19" WC="0.96" CONTENT="i"/><SP WIDTH="18" VPOS="1174" HPOS="223"/>
							<String ID="string_362" HPOS="241" VPOS="1173" WIDTH="75" HEIGHT="21" WC="0.95" CONTENT="landets"/><SP WIDTH="15" VPOS="1173" HPOS="316"/>
							<String ID="string_363" HPOS="331" VPOS="1174" WIDTH="103" HEIGHT="23" WC="0.96" CONTENT="allmänna,"/><SP WIDTH="17" VPOS="1174" HPOS="434"/>
							<String ID="string_364" HPOS="451" VPOS="1174" WIDTH="46" HEIGHT="19" WC="0.95" CONTENT="eller"/><SP WIDTH="13" VPOS="1174" HPOS="497"/>
							<String ID="string_365" HPOS="510" VPOS="1173" WIDTH="63" HEIGHT="25" WC="0.96" CONTENT="någon"/><SP WIDTH="13" VPOS="1173" HPOS="573"/>
							<String ID="string_366" HPOS="586" VPOS="1179" WIDTH="65" HEIGHT="14" WC="0.96" CONTENT="annan"/><SP WIDTH="13" VPOS="1179" HPOS="651"/>
							<String ID="string_367" HPOS="664" VPOS="1173" WIDTH="80" HEIGHT="26" WC="0.93" CONTENT="tidning,"/><SP WIDTH="11" VPOS="1173" HPOS="744"/>
							<String ID="string_368" HPOS="755" VPOS="1174" WIDTH="56" HEIGHT="20" WC="0.92" CONTENT="hvari"/>
						</TextLine>
						<TextLine ID="line_40" HPOS="73" VPOS="1199" WIDTH="583" HEIGHT="26">
							<String ID="string_369" HPOS="73" VPOS="1201" WIDTH="37" HEIGHT="18" WC="0.96" CONTENT="han"/><SP WIDTH="14" VPOS="1201" HPOS="110"/>
							<String ID="string_370" HPOS="124" VPOS="1201" WIDTH="62" HEIGHT="19" WC="0.96" CONTENT="hellre"/><SP WIDTH="14" VPOS="1201" HPOS="186"/>
							<String ID="string_371" HPOS="200" VPOS="1200" WIDTH="66" HEIGHT="20" WC="0.96" CONTENT="kunde"/><SP WIDTH="14" VPOS="1200" HPOS="266"/>
							<String ID="string_372" HPOS="280" VPOS="1199" WIDTH="45" HEIGHT="26" WC="0.96" CONTENT="vilja"/><SP WIDTH="15" VPOS="1199" HPOS="325"/>
							<String ID="string_373" HPOS="340" VPOS="1206" WIDTH="22" HEIGHT="13" WC="0.96" CONTENT="se"/><SP WIDTH="14" VPOS="1206" HPOS="362"/>
							<String ID="string_374" HPOS="376" VPOS="1199" WIDTH="116" HEIGHT="20" WC="0.96" CONTENT="densamma"/><SP WIDTH="14" VPOS="1199" HPOS="492"/>
							<String ID="string_375" HPOS="506" VPOS="1199" WIDTH="150" HEIGHT="26" WC="0.88" CONTENT="offentliggjord."/>
						</TextLine>
					</TextBlock>
					<TextBlock ID="block_3" HPOS="72" VPOS="1225" WIDTH="740" HEIGHT="106">
						<TextLine ID="line_41" HPOS="126" VPOS="1225" WIDTH="686" HEIGHT="27">
							<String ID="string_376" HPOS="126" VPOS="1227" WIDTH="88" HEIGHT="20" WC="0.96" CONTENT="Arbete"/><SP WIDTH="17" VPOS="1227" HPOS="214"/>
							<String ID="string_377" HPOS="231" VPOS="1227" WIDTH="6" HEIGHT="18" WC="0.93" CONTENT="i"/><SP WIDTH="16" VPOS="1227" HPOS="237"/>
							<String ID="string_378" HPOS="253" VPOS="1225" WIDTH="107" HEIGHT="26" WC="0.91" CONTENT="halsjern"/><SP WIDTH="18" VPOS="1225" HPOS="360"/>
							<String ID="string_379" HPOS="378" VPOS="1227" WIDTH="36" HEIGHT="18" WC="0.93" CONTENT="har"/><SP WIDTH="16" VPOS="1227" HPOS="414"/>
							<String ID="string_380" HPOS="430" VPOS="1226" WIDTH="90" HEIGHT="19" WC="0.92" CONTENT="Komitén"/><SP WIDTH="18" VPOS="1226" HPOS="520"/>
							<String ID="string_381" HPOS="538" VPOS="1225" WIDTH="22" HEIGHT="20" WC="0.96" CONTENT="så"/><SP WIDTH="15" VPOS="1225" HPOS="560"/>
							<String ID="string_382" HPOS="575" VPOS="1227" WIDTH="82" HEIGHT="25" WC="0.96" CONTENT="mycket"/><SP WIDTH="14" VPOS="1227" HPOS="657"/>
							<String ID="string_383" HPOS="671" VPOS="1226" WIDTH="62" HEIGHT="20" WC="0.96" CONTENT="hellre"/><SP WIDTH="14" VPOS="1226" HPOS="733"/>
							<String ID="string_384" HPOS="747" VPOS="1229" WIDTH="65" HEIGHT="17" WC="0.92" CONTENT="ansett"/>
						</TextLine>
						<TextLine ID="line_42" HPOS="72" VPOS="1251" WIDTH="740" HEIGHT="27">
							<String ID="string_385" HPOS="72" VPOS="1253" WIDTH="30" HEIGHT="25" WC="0.96" CONTENT="sig"/><SP WIDTH="14" VPOS="1253" HPOS="102"/>
							<String ID="string_386" HPOS="116" VPOS="1253" WIDTH="64" HEIGHT="20" WC="0.93" CONTENT="kunna"/><SP WIDTH="16" VPOS="1253" HPOS="180"/>
							<String ID="string_387" HPOS="196" VPOS="1253" WIDTH="115" HEIGHT="23" WC="0.91" CONTENT="utmönstra,"/><SP WIDTH="16" VPOS="1253" HPOS="311"/>
							<String ID="string_388" HPOS="327" VPOS="1258" WIDTH="44" HEIGHT="14" WC="0.96" CONTENT="som"/><SP WIDTH="13" VPOS="1258" HPOS="371"/>
							<String ID="string_389" HPOS="384" VPOS="1253" WIDTH="112" HEIGHT="19" WC="0.96" CONTENT="detsamma"/><SP WIDTH="14" VPOS="1253" HPOS="496"/>
							<String ID="string_390" HPOS="510" VPOS="1251" WIDTH="17" HEIGHT="26" WC="0.96" CONTENT="ej"/><SP WIDTH="11" VPOS="1251" HPOS="527"/>
							<String ID="string_391" HPOS="538" VPOS="1252" WIDTH="48" HEIGHT="19" WC="0.96" CONTENT="blott"/><SP WIDTH="9" VPOS="1252" HPOS="586"/>
							<String ID="string_392" HPOS="595" VPOS="1253" WIDTH="81" HEIGHT="18" WC="0.95" CONTENT="innebär"/><SP WIDTH="10" VPOS="1253" HPOS="676"/>
							<String ID="string_393" HPOS="686" VPOS="1258" WIDTH="23" HEIGHT="14" WC="0.93" CONTENT="en"/><SP WIDTH="10" VPOS="1258" HPOS="709"/>
							<String ID="string_394" HPOS="719" VPOS="1252" WIDTH="93" HEIGHT="26" WC="0.92" CONTENT="skymflig"/>
						</TextLine>
						<TextLine ID="line_43" HPOS="73" VPOS="1278" WIDTH="739" HEIGHT="26">
							<String ID="string_395" HPOS="73" VPOS="1279" WIDTH="38" HEIGHT="20" WC="0.96" CONTENT="och"/><SP WIDTH="14" VPOS="1279" HPOS="111"/>
							<String ID="string_396" HPOS="125" VPOS="1279" WIDTH="69" HEIGHT="25" WC="0.96" CONTENT="onödig"/><SP WIDTH="15" VPOS="1279" HPOS="194"/>
							<String ID="string_397" HPOS="209" VPOS="1279" WIDTH="84" HEIGHT="20" WC="0.96" CONTENT="hårdhet"/><SP WIDTH="14" VPOS="1279" HPOS="293"/>
							<String ID="string_398" HPOS="307" VPOS="1281" WIDTH="54" HEIGHT="17" WC="0.91" CONTENT="emot"/><SP WIDTH="14" VPOS="1281" HPOS="361"/>
							<String ID="string_399" HPOS="375" VPOS="1279" WIDTH="129" HEIGHT="25" WC="0.91" CONTENT="förbrytaren,"/><SP WIDTH="18" VPOS="1279" HPOS="504"/>
							<String ID="string_400" HPOS="522" VPOS="1281" WIDTH="45" HEIGHT="16" WC="0.96" CONTENT="utan"/><SP WIDTH="15" VPOS="1281" HPOS="567"/>
							<String ID="string_401" HPOS="582" VPOS="1278" WIDTH="60" HEIGHT="20" WC="0.96" CONTENT="också"/><SP WIDTH="14" VPOS="1278" HPOS="642"/>
							<String ID="string_402" HPOS="656" VPOS="1279" WIDTH="6" HEIGHT="18" WC="0.96" CONTENT="i"/><SP WIDTH="14" VPOS="1279" HPOS="662"/>
							<String ID="string_403" HPOS="676" VPOS="1279" WIDTH="51" HEIGHT="20" WC="0.96" CONTENT="1734"/><SP WIDTH="10" VPOS="1279" HPOS="727"/>
							<String ID="string_404" HPOS="737" VPOS="1278" WIDTH="33" HEIGHT="20" WC="0.96" CONTENT="års"/><SP WIDTH="10" VPOS="1278" HPOS="770"/>
							<String ID="string_405" HPOS="780" VPOS="1279" WIDTH="32" HEIGHT="25" WC="0.96" CONTENT="lag"/>
						</TextLine>
						<TextLine ID="line_44" HPOS="72" VPOS="1305" WIDTH="632" HEIGHT="26">
							<String ID="string_406" HPOS="72" VPOS="1306" WIDTH="25" HEIGHT="18" WC="0.93" CONTENT="är"/><SP WIDTH="11" VPOS="1306" HPOS="97"/>
							<String ID="string_407" HPOS="108" VPOS="1305" WIDTH="91" HEIGHT="26" WC="0.91" CONTENT="stadgadt"/><SP WIDTH="13" VPOS="1305" HPOS="199"/>
							<String ID="string_408" HPOS="212" VPOS="1306" WIDTH="81" HEIGHT="19" WC="0.92" CONTENT="allenast"/><SP WIDTH="15" VPOS="1306" HPOS="293"/>
							<String ID="string_409" HPOS="308" VPOS="1305" WIDTH="68" HEIGHT="19" WC="0.96" CONTENT="såsom"/><SP WIDTH="15" VPOS="1305" HPOS="376"/>
							<String ID="string_410" HPOS="391" VPOS="1305" WIDTH="58" HEIGHT="19" WC="0.96" CONTENT="straff"/><SP WIDTH="11" VPOS="1305" HPOS="449"/>
							<String ID="string_411" HPOS="460" VPOS="1306" WIDTH="30" HEIGHT="18" WC="0.96" CONTENT="för"/><SP WIDTH="13" VPOS="1306" HPOS="490"/>
							<String ID="string_412" HPOS="503" VPOS="1305" WIDTH="67" HEIGHT="19" WC="0.96" CONTENT="försök"/><SP WIDTH="15" VPOS="1305" HPOS="570"/>
							<String ID="string_413" HPOS="585" VPOS="1305" WIDTH="26" HEIGHT="19" WC="0.93" CONTENT="till"/><SP WIDTH="15" VPOS="1305" HPOS="611"/>
							<String ID="string_414" HPOS="626" VPOS="1305" WIDTH="78" HEIGHT="25" WC="0.96" CONTENT="tidelag."/>
						</TextLine>
					</TextBlock>
					<TextBlock ID="block_4" HPOS="72" VPOS="1331" WIDTH="744" HEIGHT="109">
						<TextLine ID="line_45" HPOS="127" VPOS="1331" WIDTH="686" HEIGHT="26">
							<String ID="string_415" HPOS="127" VPOS="1332" WIDTH="31" HEIGHT="19" WC="0.96" CONTENT="Att"/><SP WIDTH="18" VPOS="1332" HPOS="158"/>
							<String ID="string_416" HPOS="176" VPOS="1331" WIDTH="95" HEIGHT="20" WC="0.95" CONTENT="bibehålla"/><SP WIDTH="17" VPOS="1331" HPOS="271"/>
							<String ID="string_417" HPOS="288" VPOS="1331" WIDTH="133" HEIGHT="26" WC="0.91" CONTENT="landsflykt"/><SP WIDTH="15" VPOS="1331" HPOS="421"/>
							<String ID="string_418" HPOS="436" VPOS="1331" WIDTH="67" HEIGHT="20" WC="0.96" CONTENT="såsom"/><SP WIDTH="15" VPOS="1331" HPOS="503"/>
							<String ID="string_419" HPOS="518" VPOS="1333" WIDTH="28" HEIGHT="17" WC="0.96" CONTENT="ett"/><SP WIDTH="14" VPOS="1333" HPOS="546"/>
							<String ID="string_420" HPOS="560" VPOS="1331" WIDTH="56" HEIGHT="20" WC="0.96" CONTENT="straff"/><SP WIDTH="12" VPOS="1331" HPOS="616"/>
							<String ID="string_421" HPOS="628" VPOS="1331" WIDTH="29" HEIGHT="20" WC="0.96" CONTENT="för"/><SP WIDTH="14" VPOS="1331" HPOS="657"/>
							<String ID="string_422" HPOS="671" VPOS="1331" WIDTH="77" HEIGHT="20" WC="0.61" CONTENT="landets”"/><SP WIDTH="14" VPOS="1331" HPOS="748"/>
							<String ID="string_423" HPOS="762" VPOS="1336" WIDTH="51" HEIGHT="15" WC="0.92" CONTENT="egne"/>
						</TextLine>
						<TextLine ID="line_46" HPOS="72" VPOS="1357" WIDTH="741" HEIGHT="26">
							<String ID="string_424" HPOS="72" VPOS="1358" WIDTH="138" HEIGHT="25" WC="0.96" CONTENT="medborgare,"/><SP WIDTH="20" VPOS="1358" HPOS="210"/>
							<String ID="string_425" HPOS="230" VPOS="1358" WIDTH="63" HEIGHT="20" WC="0.96" CONTENT="skulle"/><SP WIDTH="17" VPOS="1358" HPOS="293"/>
							<String ID="string_426" HPOS="310" VPOS="1357" WIDTH="61" HEIGHT="20" WC="0.96" CONTENT="strida"/><SP WIDTH="18" VPOS="1357" HPOS="371"/>
							<String ID="string_427" HPOS="389" VPOS="1360" WIDTH="53" HEIGHT="17" WC="0.96" CONTENT="emot"/><SP WIDTH="14" VPOS="1360" HPOS="442"/>
							<String ID="string_428" HPOS="456" VPOS="1358" WIDTH="38" HEIGHT="19" WC="0.95" CONTENT="den"/><SP WIDTH="13" VPOS="1358" HPOS="494"/>
							<String ID="string_429" HPOS="507" VPOS="1358" WIDTH="6" HEIGHT="19" WC="0.95" CONTENT="i"/><SP WIDTH="14" VPOS="1358" HPOS="513"/>
							<String ID="string_430" HPOS="527" VPOS="1358" WIDTH="104" HEIGHT="19" WC="0.96" CONTENT="folkrätten"/><SP WIDTH="13" VPOS="1358" HPOS="631"/>
							<String ID="string_431" HPOS="644" VPOS="1363" WIDTH="83" HEIGHT="14" WC="0.91" CONTENT="numera"/><SP WIDTH="15" VPOS="1363" HPOS="727"/>
							<String ID="string_432" HPOS="742" VPOS="1362" WIDTH="71" HEIGHT="15" WC="0.91" CONTENT="veder-"/>
						</TextLine>
						<TextLine ID="line_47" HPOS="72" VPOS="1383" WIDTH="740" HEIGHT="27">
							<String ID="string_433" HPOS="72" VPOS="1387" WIDTH="56" HEIGHT="23" WC="0.96" CONTENT="tagna"/><SP WIDTH="17" VPOS="1387" HPOS="128"/>
							<String ID="string_434" HPOS="145" VPOS="1384" WIDTH="107" HEIGHT="26" WC="0.96" CONTENT="principen,"/><SP WIDTH="19" VPOS="1384" HPOS="252"/>
							<String ID="string_435" HPOS="271" VPOS="1387" WIDTH="29" HEIGHT="17" WC="0.96" CONTENT="att"/><SP WIDTH="17" VPOS="1387" HPOS="300"/>
							<String ID="string_436" HPOS="317" VPOS="1385" WIDTH="37" HEIGHT="19" WC="0.96" CONTENT="den"/><SP WIDTH="17" VPOS="1385" HPOS="354"/>
							<String ID="string_437" HPOS="371" VPOS="1389" WIDTH="37" HEIGHT="15" WC="0.96" CONTENT="ena"/><SP WIDTH="18" VPOS="1389" HPOS="408"/>
							<String ID="string_438" HPOS="426" VPOS="1387" WIDTH="63" HEIGHT="17" WC="0.96" CONTENT="staten"/><SP WIDTH="15" VPOS="1387" HPOS="489"/>
							<String ID="string_439" HPOS="504" VPOS="1384" WIDTH="43" HEIGHT="19" WC="0.96" CONTENT="icke"/><SP WIDTH="15" VPOS="1384" HPOS="547"/>
							<String ID="string_440" HPOS="562" VPOS="1384" WIDTH="35" HEIGHT="19" WC="0.96" CONTENT="bör"/><SP WIDTH="14" VPOS="1384" HPOS="597"/>
							<String ID="string_441" HPOS="611" VPOS="1384" WIDTH="75" HEIGHT="20" WC="0.96" CONTENT="belasta"/><SP WIDTH="14" VPOS="1384" HPOS="686"/>
							<String ID="string_442" HPOS="700" VPOS="1383" WIDTH="38" HEIGHT="20" WC="0.96" CONTENT="den"/><SP WIDTH="14" VPOS="1383" HPOS="738"/>
							<String ID="string_443" HPOS="752" VPOS="1383" WIDTH="60" HEIGHT="20" WC="0.95" CONTENT="andra"/>
						</TextLine>
						<TextLine ID="line_48" HPOS="72" VPOS="1409" WIDTH="744" HEIGHT="31">
							<String ID="string_444" HPOS="72" VPOS="1411" WIDTH="46" HEIGHT="19" WC="0.96" CONTENT="med"/><SP WIDTH="14" VPOS="1411" HPOS="118"/>
							<String ID="string_445" HPOS="132" VPOS="1411" WIDTH="41" HEIGHT="19" WC="0.96" CONTENT="sina"/><SP WIDTH="15" VPOS="1411" HPOS="173"/>
							<String ID="string_446" HPOS="188" VPOS="1410" WIDTH="130" HEIGHT="27" WC="0.95" CONTENT="brottslingar."/><SP WIDTH="32" VPOS="1410" HPOS="318"/>
							<String ID="string_447" HPOS="350" VPOS="1411" WIDTH="31" HEIGHT="19" WC="0.80" CONTENT="Att"/><SP WIDTH="13" VPOS="1411" HPOS="381"/>
							<String ID="string_448" HPOS="394" VPOS="1410" WIDTH="43" HEIGHT="21" WC="0.96" CONTENT="åter"/><SP WIDTH="14" VPOS="1410" HPOS="437"/>
							<String ID="string_449" HPOS="451" VPOS="1410" WIDTH="94" HEIGHT="30" WC="0.96" CONTENT="särskildt"/><SP WIDTH="12" VPOS="1410" HPOS="545"/>
							<String ID="string_450" HPOS="557" VPOS="1410" WIDTH="71" HEIGHT="25" WC="0.93" CONTENT="stadga"/><SP WIDTH="10" VPOS="1410" HPOS="628"/>
							<String ID="string_451" HPOS="638" VPOS="1413" WIDTH="28" HEIGHT="17" WC="0.96" CONTENT="ett"/><SP WIDTH="10" VPOS="1413" HPOS="666"/>
							<String ID="string_452" HPOS="676" VPOS="1409" WIDTH="72" HEIGHT="21" WC="0.94" CONTENT="sådant"/><SP WIDTH="9" VPOS="1409" HPOS="748"/>
							<String ID="string_453" HPOS="757" VPOS="1409" WIDTH="59" HEIGHT="21" WC="0.96" CONTENT="straff"/>
						</TextLine>
					</TextBlock>
				</ComposedBlock>
			</PrintSpace>
		</Page>
	</Layout>
</alto>
