986 1756
267 119 71 23 Nådiga
349 121 139 22 Propositionen
501 120 36 18 N:o
550 121 27 17 18.
758 120 31 19 481

105 170 30 19 De
155 169 151 26 anmärkningar
325 170 21 19 af
361 172 63 17 större
444 169 128 26 betydenhet,
595 174 44 15 som
657 170 135 25 Lagutskottet

52 196 63 20 funnit
127 196 30 25 sig
171 194 143 21 föranlåtet:att
328 199 52 16 emot
395 196 146 25 propositionen
557 196 113 23 framställa,
685 196 44 19 röra
744 196 48 20 dess

53 223 25 19 40
92 223 39 19 och
146 223 22 18 11
184 222 28 24 $$,
232 222 20 18 af
264 222 67 18 hvilka
350 222 38 19 den
406 222 52 18 förra
479 222 81 19 handlar
577 228 33 13 om
630 222 116 25 rättigheten
764 226 27 16 att

52 248 70 20 bevisa
135 248 105 25 sanningen
250 248 20 18 af
281 250 29 16 ett
319 247 65 25 gjordt
397 248 85 24 tillmäle,
494 250 56 18 samt:
559 248 39 19 den
607 248 82 19 sednare
704 254 32 14 om
748 250 42 18 laga

51 275 85 19 domstol
151 274 29 18 för
199 279 25 13 en
240 273 63 20 sådan
323 274 102 25 bevisning
442 274 6 18 i
461 274 100 24 händelse,
579 276 29 17 att
628 274 87 20 tillmälet
731 280 61 20 angår

51 300 64 26 någon
119 296 9 34 -
128 300 97 24 handling,
248 304 44 14 som
306 300 80 19 innebär
406 300 54 19 brott
476 302 53 18 emot
548 300 71 19 allmän
635 301 30 25 lag
685 306 46 14 men
746 301 45 20 icke

52 327 53 19 förut
117 326 63 20 blifvit
194 326 33 19 vid
241 326 85 20 domstol
340 325 71 20 åtalad.

105 353 8 19 I
127 352 133 20 förstnämnda
274 352 92 20 afseende
380 352 84 20 föreslås
480 352 5 19 i
500 353 9 19 4
526 358 61 14 mom.
602 352 21 20 af
636 354 24 18 10
674 352 18 26 $,
711 355 28 17 att
753 355 40 18 rät-

52 380 62 25 tighet
127 379 27 19 till
171 378 103 26 bevisning
293 384 34 14 om
340 379 108 25 sanningen
460 379 22 19 af
493 378 66 26 gjordt
573 379 80 19 tillmäle
668 379 46 20 icke
728 380 63 20 skulle

52 406 110 25 medgifvas
176 405 6 19 i
196 406 61 19 andra
271 405 38 25 fall,
327 406 24 18 än
365 404 25 21 då
408 405 45 25 den,
469 410 44 14 som
526 405 30 19 för
572 405 143 26 ärekränkning
728 406 64 20 blifvit

53 432 87 25 tilltalad,
157 431 105 25 «erbjuder
276 431 29 26 sig
314 434 27 16 att
354 432 70 26 styrka
438 432 42 19 viss
490 431 92 21 bestämd
592 432 88 26 handling
690 432 38 20 och
737 432 55 20 dom-

53 459 63 20 stolen
133 463 71 21 genom
224 457 95 21 särskildt
337 458 66 20 beslut
420 458 92 20 förklarat
531 461 28 17 att
575 458 49 20 dess
637 458 155 26 ädagaläggande

53 485 66 20 kunde
132 485 85 19 utesluta
231 485 48 19 eller
287 484 70 20 mildra
370 484 172 20 straflbarheten.»
569 485 60 19 Emot
642 484 54 21 detta
704 488 88 16 moment

53 512 37 18 har
104 511 100 20 Utskottet
218 510 44 20 icke
276 510 41 20 haft
331 513 59 17 annat
404 513 27 17 att
445 511 99 25 anmärka,
556 512 25 18 än
595 514 28 16 att
636 511 101 26 bevisning
746 512 47 19 bor-

53 537 32 25 de,
100 537 63 19 under
177 536 122 21 sistnämnda
313 536 93 20 förbehåll
421 537 70 20 tillåtas
500 537 43 20 icke
557 538 80 19 allenast
647 543 33 14 om
694 538 54 19 «viss
757 538 35 19 be-

53 563 66 21 stämd
133 563 110 26 handling,»
258 566 47 18 utan
321 563 57 19 äfven
393 569 33 14 om
442 563 185 26 uraktlåtenhet,
649 566 15 18 t.
679 570 31 14 ex.
726 566 28 18 att
767 570 25 14 en

53 590 57 21 fader
123 590 45 20 icke
182 590 56 24 gifvit
246 590 44 20 sina
303 589 48 20 barn
365 595 25 14 en
399 590 77 25 kristlig
489 590 122 26 uppfostran.
639 591 42 19 Men
691 591 25 20 de
730 591 62 25 öfriga

54 619 137 19 momenterna
204 616 5 20 i
225 616 45 26 10
260 612 12 36 $
283 617 36 19 har
332 616 100 20 Utskottet
442 616 89 21 deremot
543 617 44 19 icke
597 617 73 19 kunnat
683 618 108 26 godkänna.

52 644 32 20 Uti
101 643 46 20 dem
169 641 83 22 föreslås
269 643 102 25 nemligen,
394 645 28 17 att
438 644 103 26 bevisning
560 643 46 20 icke
626 643 63 21 skulle
709 644 81 20 tillåtas:

54 671 19 25 1)
88 670 37 20 ifall
139 670 46 24 den,
200 673 42 16 mot
262 670 80 20 hvilken
359 670 88 20 tillmälet
466 671 76 25 rigtats,
561 670 51 20 varit
629 670 29 20 för
674 670 118 26 handlingen

52 696 81 21 tilltalad
146 699 46 17 utan
206 699 28 17 att
247 696 59 20 hafva
319 696 64 20 blifvit
400 696 20 20 åt
438 696 59 20 saken
511 697 48 24 fäld;
583 697 19 24 2)
620 696 36 20 ifall
673 697 27 21 tid
713 698 28 20 till
755 698 37 20 åtal

52 729 49 14 vore
115 723 106 23 försutten;
238 723 20 25 3)
273 728 32 14 om
319 723 45 25 den,
380 728 44 14 som
437 723 96 20 framstält
547 722 147 27 beskylningen,
709 723 18 26 ej
741 730 49 14 vore

51 749 125 27 målsegande
194 750 39 18 och
248 750 115 24 handlingen
380 748 18 26 ej
416 750 64 19 skulle
500 751 48 18 höra
565 749 63 21 under
648 750 79 20 allmänt
743 750 45 26 åtal,

52 779 52 17 samt
117 776 20 24 4)
152 776 7 18 i
167 776 95 19 händelse
275 776 111 19 tillvitelsen
396 781 70 19 genom
481 779 27 17 att
517 776 134 24 offentliggöra
663 776 76 26 husliga
754 778 40 18 för-

53 802 109 24 hållanden,
180 807 44 14 som
239 800 17 26 ej
271 803 34 18 äro
325 801 57 21 straff
396 802 152 25 underkastade,
564 802 71 20 kränkt
655 802 34 20 det
705 803 89 20 enskilda

54 829 66 19 lifvets
134 828 65 25 helgd.
228 828 46 19 Lika
289 827 45 21 med
348 828 126 20 förenämnde
488 831 127 17 reservanter
631 831 52 17 samt
696 829 25 25 på
736 830 25 19 de
775 830 21 19 af

53 855 47 19 dem
114 854 79 20 anförda
207 854 38 19 och
259 855 35 19 här
308 855 57 18 ofvan
379 854 96 25 ätergifna
488 855 50 25 skäl,
555 860 57 14 anser
626 855 100 19 Utskottet
739 862 56 14 nem-

53 881 57 25 ligen,
129 883 27 17 att
173 880 66 26 dylika
260 880 159 26 inskränkningar
439 881 5 18 i
462 882 179 24 bevisningsrätten
660 881 44 20 icke
724 884 34 18 äro
776 882 20 20 af

53 907 195 25 omständigheterna
263 906 107 26 påkallade,
387 910 52 17 samt
453 910 29 17 att
495 908 24 19 de
534 908 27 19 till
575 908 38 19 och
627 908 46 19 med
686 908 65 20 kunde
765 909 30 19 för

53 934 105 20 samhället
170 934 60 20 blifva
244 933 83 26 vädliga,
345 934 84 20 emedan
449 934 114 26 Jderigenom
577 933 18 26 ej
609 934 81 20 allenast
707 937 41 17 «ett
761 941 35 20 sy-

54 963 52 17 stem
120 960 19 20 af
153 961 41 25 lögn
208 961 39 19 och
261 960 88 26 hyckleri
364 960 67 20 kunde
451 960 46 20 fatta
511 963 50 22 rot,»
580 963 48 17 utan
648 960 57 20 äfven
719 961 78 26 uppda-

53 987 74 25 gandet
136 987 20 19 af
165 986 87 26 verkliga
261 986 54 20 brott
323 986 65 21 kunde
398 986 117 21 förhindras.
540 987 76 20 Genom
625 987 59 20 dessa
693 987 102 20 inskränk-

54 1014 69 24 ningar
139 1014 64 19 skulle
223 1013 95 25 nemligen
335 1019 101 19 personer,
459 1014 65 19 hvilka
541 1013 59 25 eljest
616 1014 64 20 kunde
698 1014 97 25 uppträda

55 1039 68 20 såsom
137 1040 75 19 vittnen
226 1040 4 18 i
243 1039 100 25 brottmål,
354 1039 52 20 finna
421 1041 29 24 sig
464 1039 107 20 föranlätna
580 1042 28 17 att
621 1040 69 25 förtiga
705 1040 30 19 sin
744 1040 51 20 kun-

53 1066 50 25 skap
117 1071 33 14 om
163 1066 78 19 brotten
256 1066 37 19 och
303 1067 183 24 gerningsmännen,
497 1066 83 20 emedan
589 1066 32 25 de,
633 1066 6 19 i
653 1066 99 20 anseende
767 1068 27 18 till

54 1092 60 25 sagde
127 1092 167 25 inskränkningar,
317 1092 62 19 skulle
393 1092 72 25 nödgas
484 1093 67 18 befara
568 1094 29 17 att
617 1093 61 19 blifva
700 1092 50 20 fälda
768 1093 26 19 till

54 1117 58 20 straff
124 1117 67 20 såsom
205 1118 99 24 smädare,
325 1118 29 19 för
368 1118 34 20 det
419 1119 25 19 de
466 1119 81 19 omtalat
564 1124 24 13 en
602 1120 88 23 sanning,
710 1124 45 14 som
771 1119 25 20 de

56 1144 44 19 icke
115 1149 48 14 vore
178 1143 121 27 berättigade
313 1146 28 17 att
359 1144 44 20 leda
418 1145 5 18 i
437 1145 64 19 bevis.
532 1144 99 21 Utskottet
647 1151 57 14 anser
722 1145 30 25 sig
765 1144 32 20 så-

55 1170 55 19 ledes
125 1170 47 19 böra
186 1171 88 26 afstyrka
289 1170 117 25 antagandet
422 1172 20 18 af
454 1171 59 20 dessa
531 1171 162 26 inskränkningar
711 1172 5 18 i
730 1171 67 20 bevis-

54 1197 129 24 ningsrätten;
200 1198 38 19 och
252 1196 61 21 borde
327 1197 79 19 derföre
420 1198 79 19 allenast
513 1198 9 19 1
539 1203 60 14 mom.
615 1198 21 19 af
649 1197 44 26 10
684 1192 12 35 $
707 1197 89 21 bibehål-

55 1223 29 20 las
98 1223 46 19 med
157 1223 128 20 förenämnda
298 1223 21 19 af
325 1223 102 20 Utskottet
440 1223 103 21 förordade
558 1224 72 25 tillägg,
647 1230 45 13 men
707 1229 90 20 paragra-

56 1249 43 20 fens
113 1249 61 24 öfriga
188 1249 83 20 innehåll
285 1249 54 24 utgå.

109 1274 22 26 Ej
147 1276 59 19 heller
221 1277 35 18 har
274 1276 100 20 Utskottet
394 1276 74 20 kunnat
483 1276 101 26 godkänna
604 1277 33 19 det
654 1277 4 18 i
674 1277 24 19 41
714 1277 10 24 $
738 1277 60 19 fram-

56 1301 62 20 stälda
132 1302 77 25 förslag,
226 1303 58 25 enligt
302 1302 74 20 hvilket
392 1302 102 26 bevisning
514 1307 33 16 om
565 1303 106 25 sanningen
685 1303 20 20 af
718 1306 28 17 ett
760 1303 38 19 till-

57 1329 58 23 mäle,
131 1333 43 14 som
189 1329 59 25 angår
264 1328 57 27 något
334 1329 54 19 brott
401 1332 53 16 emot
470 1331 70 18 allmän
555 1329 37 25 lag,
607 1329 75 20 hvilket
698 1329 17 25 ej
734 1329 63 20 blifvit

56 1355 34 19 vid
104 1354 85 20 domstol
204 1355 78 25 åtaladt,
298 1356 63 19 skulle
375 1355 36 20 ske
425 1355 86 25 sålunda,
523 1358 28 17 att
565 1355 34 20 det
608 1356 122 19 sistnämnda
744 1356 54 19 brot-

57 1384 29 16 tet
99 1381 62 19 borde
176 1381 45 19 «vid
234 1382 82 24 behörig
328 1381 99 20 domstol»
444 1382 26 23 (d.
487 1388 19 13 v.
525 1387 16 13 s.
557 1381 5 19 i
577 1382 104 19 allmänhet
697 1383 33 18 vid
743 1382 55 19 dom-

61 1407 38 19 stol
114 1406 8 21 :i
135 1407 155 25 gerningsorten)
307 1407 68 25 åtalas,
397 1407 30 19 för
444 1410 27 17 att
488 1408 37 20 den
546 1407 104 20 derstädes
670 1407 129 21 åstadkomna

593 1449 2 2 :
732 1440 21 16 31
