<?xml version="1.0" encoding="UTF-8"?>
<alto xmlns="http://www.loc.gov/standards/alto/ns-v3#" xmlns:xlink="http://www.w3.org/1999/xlink" xmlns:xsi="http://www.w3.org/2001/XMLSchema-instance" xsi:schemaLocation="http://www.loc.gov/standards/alto/ns-v3# http://www.loc.gov/alto/v3/alto-3-0.xsd">
	<Description>
		<MeasurementUnit>pixel</MeasurementUnit>
		<sourceImageInformation>
			<fileName>/tmp/tess_pjf42_4v_input.PNG</fileName>
		</sourceImageInformation>
		<OCRProcessing ID="OCR_0">
			<ocrProcessingStep>
				<processingSoftware>
					<softwareName>tesseract 5.3.4</softwareName>
				</processingSoftware>
			</ocrProcessingStep>
		</OCRProcessing>
	</Description>
	<Layout>
		<Page WIDTH="978" HEIGHT="1745" PHYSICAL_IMG_NR="0" ID="page_0">
			<PrintSpace HPOS="0" VPOS="0" WIDTH="978" HEIGHT="1745">
				<ComposedBlock ID="cblock_0" HPOS="280" VPOS="123" WIDTH="528" HEIGHT="25">
					<TextBlock ID="block_0" HPOS="280" VPOS="123" WIDTH="528" HEIGHT="25">
						<TextLine ID="line_0" HPOS="280" VPOS="123" WIDTH="528" HEIGHT="25">
							<String ID="string_0" HPOS="280" VPOS="123" WIDTH="72" HEIGHT="24" WC="0.92" CONTENT="Nädiga"/><SP WIDTH="10" VPOS="123" HPOS="352"/>
							<String ID="string_1" HPOS="362" VPOS="125" WIDTH="140" HEIGHT="23" WC="0.96" CONTENT="Propositionen"/><SP WIDTH="12" VPOS="125" HPOS="502"/>
							<String ID="string_2" HPOS="514" VPOS="124" WIDTH="36" HEIGHT="18" WC="0.83" CONTENT="N:o"/><SP WIDTH="12" VPOS="124" HPOS="550"/>
							<String ID="string_3" HPOS="562" VPOS="124" WIDTH="28" HEIGHT="19" WC="0.96" CONTENT="22."/><SP WIDTH="182" VPOS="124" HPOS="590"/>
							<String ID="string_4" HPOS="772" VPOS="124" WIDTH="36" HEIGHT="21" WC="0.78" CONTENT="549"/>
						</TextLine>
					</TextBlock>
				</ComposedBlock>
				<ComposedBlock ID="cblock_1" HPOS="64" VPOS="173" WIDTH="764" HEIGHT="524">
					<TextBlock ID="block_1" HPOS="64" VPOS="173" WIDTH="764" HEIGHT="524">
						<TextLine ID="line_1" HPOS="65" VPOS="173" WIDTH="742" HEIGHT="27">
							<String ID="string_5" HPOS="65" VPOS="175" WIDTH="22" HEIGHT="18" WC="0.96" CONTENT="är"/><SP WIDTH="14" VPOS="175" HPOS="87"/>
							<String ID="string_6" HPOS="101" VPOS="173" WIDTH="21" HEIGHT="20" WC="0.96" CONTENT="af"/><SP WIDTH="12" VPOS="173" HPOS="122"/>
							<String ID="string_7" HPOS="134" VPOS="173" WIDTH="81" HEIGHT="27" WC="0.95" CONTENT="mycket"/><SP WIDTH="15" VPOS="173" HPOS="215"/>
							<String ID="string_8" HPOS="230" VPOS="169" WIDTH="68" HEIGHT="36" WC="0.93" CONTENT="värde,"/><SP WIDTH="12" VPOS="169" HPOS="298"/>
							<String ID="string_9" HPOS="310" VPOS="175" WIDTH="39" HEIGHT="18" WC="0.93" CONTENT="och"/><SP WIDTH="18" VPOS="175" HPOS="349"/>
							<String ID="string_10" HPOS="367" VPOS="176" WIDTH="29" HEIGHT="18" WC="0.96" CONTENT="att"/><SP WIDTH="14" VPOS="176" HPOS="396"/>
							<String ID="string_11" HPOS="410" VPOS="174" WIDTH="38" HEIGHT="20" WC="0.93" CONTENT="den"/><SP WIDTH="13" VPOS="174" HPOS="448"/>
							<String ID="string_12" HPOS="461" VPOS="174" WIDTH="91" HEIGHT="20" WC="0.78" CONTENT="tefvande"/><SP WIDTH="16" VPOS="174" HPOS="552"/>
							<String ID="string_13" HPOS="568" VPOS="173" WIDTH="94" HEIGHT="21" WC="0.80" CONTENT="inbördes"/><SP WIDTH="16" VPOS="173" HPOS="662"/>
							<String ID="string_14" HPOS="678" VPOS="173" WIDTH="129" HEIGHT="26" WC="0.85" CONTENT="tillgifvenhet"/>
						</TextLine>
						<TextLine ID="line_2" HPOS="65" VPOS="200" WIDTH="742" HEIGHT="26">
							<String ID="string_15" HPOS="65" VPOS="206" WIDTH="45" HEIGHT="13" WC="0.96" CONTENT="som"/><SP WIDTH="13" VPOS="206" HPOS="110"/>
							<String ID="string_16" HPOS="123" VPOS="201" WIDTH="61" HEIGHT="19" WC="0.96" CONTENT="redan"/><SP WIDTH="13" VPOS="201" HPOS="184"/>
							<String ID="string_17" HPOS="197" VPOS="201" WIDTH="21" HEIGHT="19" WC="0.95" CONTENT="af"/><SP WIDTH="13" VPOS="201" HPOS="218"/>
							<String ID="string_18" HPOS="231" VPOS="203" WIDTH="81" HEIGHT="17" WC="0.96" CONTENT="naturen"/><SP WIDTH="16" VPOS="203" HPOS="312"/>
							<String ID="string_19" HPOS="328" VPOS="201" WIDTH="63" HEIGHT="19" WC="0.96" CONTENT="sluter"/><SP WIDTH="13" VPOS="201" HPOS="391"/>
							<String ID="string_20" HPOS="404" VPOS="200" WIDTH="90" HEIGHT="25" WC="0.95" CONTENT="familjer,"/><SP WIDTH="19" VPOS="200" HPOS="494"/>
							<String ID="string_21" HPOS="513" VPOS="201" WIDTH="93" HEIGHT="25" WC="0.95" CONTENT="anhöriga"/><SP WIDTH="13" VPOS="201" HPOS="606"/>
							<String ID="string_22" HPOS="619" VPOS="201" WIDTH="39" HEIGHT="19" WC="0.96" CONTENT="och"/><SP WIDTH="15" VPOS="201" HPOS="658"/>
							<String ID="string_23" HPOS="673" VPOS="206" WIDTH="85" HEIGHT="20" WC="0.93" CONTENT="grannar"/><SP WIDTH="13" VPOS="206" HPOS="758"/>
							<String ID="string_24" HPOS="771" VPOS="201" WIDTH="36" HEIGHT="20" WC="0.91" CONTENT="till-"/>
						</TextLine>
						<TextLine ID="line_3" HPOS="65" VPOS="227" WIDTH="743" HEIGHT="26">
							<String ID="string_25" HPOS="65" VPOS="227" WIDTH="59" HEIGHT="24" WC="0.92" CONTENT="hopa,"/><SP WIDTH="16" VPOS="227" HPOS="124"/>
							<String ID="string_26" HPOS="140" VPOS="227" WIDTH="49" HEIGHT="19" WC="0.96" CONTENT="skall"/><SP WIDTH="14" VPOS="227" HPOS="189"/>
							<String ID="string_27" HPOS="203" VPOS="232" WIDTH="47" HEIGHT="14" WC="0.95" CONTENT="vara"/><SP WIDTH="15" VPOS="232" HPOS="250"/>
							<String ID="string_28" HPOS="265" VPOS="229" WIDTH="28" HEIGHT="17" WC="0.93" CONTENT="ett"/><SP WIDTH="14" VPOS="229" HPOS="293"/>
							<String ID="string_29" HPOS="307" VPOS="232" WIDTH="37" HEIGHT="20" WC="0.94" CONTENT="nog"/><SP WIDTH="16" VPOS="232" HPOS="344"/>
							<String ID="string_30" HPOS="360" VPOS="227" WIDTH="82" HEIGHT="26" WC="0.95" CONTENT="mäktigt"/><SP WIDTH="17" VPOS="227" HPOS="442"/>
							<String ID="string_31" HPOS="459" VPOS="227" WIDTH="50" HEIGHT="20" WC="0.96" CONTENT="band"/><SP WIDTH="15" VPOS="227" HPOS="509"/>
							<String ID="string_32" HPOS="524" VPOS="229" WIDTH="28" HEIGHT="17" WC="0.96" CONTENT="att"/><SP WIDTH="13" VPOS="229" HPOS="552"/>
							<String ID="string_33" HPOS="565" VPOS="227" WIDTH="64" HEIGHT="20" WC="0.96" CONTENT="under"/><SP WIDTH="13" VPOS="227" HPOS="629"/>
							<String ID="string_34" HPOS="642" VPOS="227" WIDTH="75" HEIGHT="25" WC="0.93" CONTENT="vanliga"/><SP WIDTH="18" VPOS="227" HPOS="717"/>
							<String ID="string_35" HPOS="735" VPOS="227" WIDTH="73" HEIGHT="20" WC="0.92" CONTENT="förhål-"/>
						</TextLine>
						<TextLine ID="line_4" HPOS="64" VPOS="253" WIDTH="743" HEIGHT="20">
							<String ID="string_36" HPOS="64" VPOS="253" WIDTH="71" HEIGHT="19" WC="0.94" CONTENT="landen"/><SP WIDTH="14" VPOS="253" HPOS="135"/>
							<String ID="string_37" HPOS="149" VPOS="253" WIDTH="86" HEIGHT="19" WC="0.96" CONTENT="förbinda"/><SP WIDTH="14" VPOS="253" HPOS="235"/>
							<String ID="string_38" HPOS="249" VPOS="253" WIDTH="47" HEIGHT="20" WC="0.96" CONTENT="dem"/><SP WIDTH="13" VPOS="253" HPOS="296"/>
							<String ID="string_39" HPOS="309" VPOS="253" WIDTH="57" HEIGHT="20" WC="0.96" CONTENT="äfven"/><SP WIDTH="12" VPOS="253" HPOS="366"/>
							<String ID="string_40" HPOS="378" VPOS="253" WIDTH="32" HEIGHT="20" WC="0.96" CONTENT="vid"/><SP WIDTH="15" VPOS="253" HPOS="410"/>
							<String ID="string_41" HPOS="425" VPOS="259" WIDTH="75" HEIGHT="14" WC="0.93" CONTENT="samma"/><SP WIDTH="9" VPOS="259" HPOS="500"/>
							<String ID="string_42" HPOS="509" VPOS="253" WIDTH="159" HEIGHT="20" WC="0.90" CONTENT="nattvardsbord."/><SP WIDTH="29" VPOS="253" HPOS="668"/>
							<String ID="string_43" HPOS="697" VPOS="253" WIDTH="43" HEIGHT="20" WC="0.93" CONTENT="Och"/><SP WIDTH="15" VPOS="253" HPOS="740"/>
							<String ID="string_44" HPOS="755" VPOS="254" WIDTH="52" HEIGHT="19" WC="0.96" CONTENT="hvad"/>
						</TextLine>
						<TextLine ID="line_5" HPOS="65" VPOS="278" WIDTH="743" HEIGHT="27">
							<String ID="string_45" HPOS="65" VPOS="278" WIDTH="43" HEIGHT="20" WC="0.96" CONTENT="åter"/><SP WIDTH="16" VPOS="278" HPOS="108"/>
							<String ID="string_46" HPOS="124" VPOS="279" WIDTH="38" HEIGHT="20" WC="0.96" CONTENT="den"/><SP WIDTH="20" VPOS="279" HPOS="162"/>
							<String ID="string_47" HPOS="182" VPOS="279" WIDTH="60" HEIGHT="20" WC="0.96" CONTENT="andra"/><SP WIDTH="18" VPOS="279" HPOS="242"/>
							<String ID="string_48" HPOS="260" VPOS="279" WIDTH="56" HEIGHT="21" WC="0.96" CONTENT="häraf"/><SP WIDTH="19" VPOS="279" HPOS="316"/>
							<String ID="string_49" HPOS="335" VPOS="279" WIDTH="92" HEIGHT="20" WC="0.96" CONTENT="befarade"/><SP WIDTH="19" VPOS="279" HPOS="427"/>
							<String ID="string_50" HPOS="446" VPOS="279" WIDTH="69" HEIGHT="26" WC="0.83" CONTENT="följden"/><SP WIDTH="17" VPOS="279" HPOS="515"/>
							<String ID="string_51" HPOS="532" VPOS="279" WIDTH="67" HEIGHT="26" WC="0.96" CONTENT="angår,"/><SP WIDTH="19" VPOS="279" HPOS="599"/>
							<String ID="string_52" HPOS="618" VPOS="282" WIDTH="29" HEIGHT="17" WC="0.93" CONTENT="att"/><SP WIDTH="19" VPOS="282" HPOS="647"/>
							<String ID="string_53" HPOS="666" VPOS="280" WIDTH="142" HEIGHT="21" WC="0.91" CONTENT="sektväsendet"/>
						</TextLine>
						<TextLine ID="line_6" HPOS="65" VPOS="305" WIDTH="743" HEIGHT="27">
							<String ID="string_54" HPOS="65" VPOS="305" WIDTH="115" HEIGHT="26" WC="0.92" CONTENT="härigenom"/><SP WIDTH="14" VPOS="305" HPOS="180"/>
							<String ID="string_55" HPOS="194" VPOS="306" WIDTH="62" HEIGHT="19" WC="0.93" CONTENT="skulle"/><SP WIDTH="14" VPOS="306" HPOS="256"/>
							<String ID="string_56" HPOS="270" VPOS="306" WIDTH="111" HEIGHT="23" WC="0.91" CONTENT="befordras,"/><SP WIDTH="15" VPOS="306" HPOS="381"/>
							<String ID="string_57" HPOS="396" VPOS="306" WIDTH="22" HEIGHT="19" WC="0.96" CONTENT="så"/><SP WIDTH="15" VPOS="306" HPOS="418"/>
							<String ID="string_58" HPOS="433" VPOS="307" WIDTH="36" HEIGHT="19" WC="0.96" CONTENT="bör"/><SP WIDTH="13" VPOS="307" HPOS="469"/>
							<String ID="string_59" HPOS="482" VPOS="306" WIDTH="78" HEIGHT="26" WC="0.96" CONTENT="kyrkan"/><SP WIDTH="14" VPOS="306" HPOS="560"/>
							<String ID="string_60" HPOS="574" VPOS="306" WIDTH="57" HEIGHT="19" WC="0.95" CONTENT="äfven"/><SP WIDTH="14" VPOS="306" HPOS="631"/>
							<String ID="string_61" HPOS="645" VPOS="306" WIDTH="5" HEIGHT="19" WC="0.94" CONTENT="i"/><SP WIDTH="15" VPOS="306" HPOS="650"/>
							<String ID="string_62" HPOS="665" VPOS="306" WIDTH="53" HEIGHT="19" WC="0.93" CONTENT="detta"/><SP WIDTH="13" VPOS="306" HPOS="718"/>
							<String ID="string_63" HPOS="731" VPOS="306" WIDTH="77" HEIGHT="19" WC="0.92" CONTENT="afseen-"/>
						</TextLine>
						<TextLine ID="line_7" HPOS="65" VPOS="331" WIDTH="742" HEIGHT="27">
							<String ID="string_64" HPOS="65" VPOS="331" WIDTH="26" HEIGHT="21" WC="0.96" CONTENT="de"/><SP WIDTH="13" VPOS="331" HPOS="91"/>
							<String ID="string_65" HPOS="104" VPOS="332" WIDTH="59" HEIGHT="20" WC="0.96" CONTENT="hafva"/><SP WIDTH="14" VPOS="332" HPOS="163"/>
							<String ID="string_66" HPOS="177" VPOS="335" WIDTH="27" HEIGHT="16" WC="0.96" CONTENT="att"/><SP WIDTH="15" VPOS="335" HPOS="204"/>
							<String ID="string_67" HPOS="219" VPOS="331" WIDTH="57" HEIGHT="26" WC="0.96" CONTENT="vädja"/><SP WIDTH="15" VPOS="331" HPOS="276"/>
							<String ID="string_68" HPOS="291" VPOS="332" WIDTH="25" HEIGHT="20" WC="0.96" CONTENT="till"/><SP WIDTH="16" VPOS="332" HPOS="316"/>
							<String ID="string_69" HPOS="332" VPOS="335" WIDTH="28" HEIGHT="18" WC="0.93" CONTENT="ett"/><SP WIDTH="16" VPOS="335" HPOS="360"/>
							<String ID="string_70" HPOS="376" VPOS="333" WIDTH="97" HEIGHT="25" WC="0.90" CONTENT="andligare"/><SP WIDTH="18" VPOS="333" HPOS="473"/>
							<String ID="string_71" HPOS="491" VPOS="332" WIDTH="71" HEIGHT="25" WC="0.96" CONTENT="medel,"/><SP WIDTH="19" VPOS="332" HPOS="562"/>
							<String ID="string_72" HPOS="581" VPOS="334" WIDTH="24" HEIGHT="18" WC="0.96" CONTENT="än"/><SP WIDTH="15" VPOS="334" HPOS="605"/>
							<String ID="string_73" HPOS="620" VPOS="332" WIDTH="33" HEIGHT="20" WC="0.96" CONTENT="det"/><SP WIDTH="17" VPOS="332" HPOS="653"/>
							<String ID="string_74" HPOS="670" VPOS="338" WIDTH="43" HEIGHT="14" WC="0.96" CONTENT="som"/><SP WIDTH="15" VPOS="338" HPOS="713"/>
							<String ID="string_75" HPOS="728" VPOS="332" WIDTH="60" HEIGHT="25" WC="0.96" CONTENT="ligger"/><SP WIDTH="13" VPOS="332" HPOS="788"/>
							<String ID="string_76" HPOS="801" VPOS="333" WIDTH="6" HEIGHT="19" WC="0.96" CONTENT="i"/>
						</TextLine>
						<TextLine ID="line_8" HPOS="65" VPOS="358" WIDTH="763" HEIGHT="27">
							<String ID="string_77" HPOS="65" VPOS="358" WIDTH="34" HEIGHT="20" WC="0.96" CONTENT="det"/><SP WIDTH="13" VPOS="358" HPOS="99"/>
							<String ID="string_78" HPOS="112" VPOS="361" WIDTH="54" HEIGHT="24" WC="0.93" CONTENT="yttre"/><SP WIDTH="13" VPOS="361" HPOS="166"/>
							<String ID="string_79" HPOS="179" VPOS="359" WIDTH="102" HEIGHT="20" WC="0.88" CONTENT="förbudets:"/><SP WIDTH="15" VPOS="359" HPOS="281"/>
							<String ID="string_80" HPOS="296" VPOS="358" WIDTH="131" HEIGHT="27" WC="0.92" CONTENT="tvångsmakt,"/><SP WIDTH="14" VPOS="358" HPOS="427"/>
							<String ID="string_81" HPOS="441" VPOS="360" WIDTH="96" HEIGHT="25" WC="0.92" CONTENT="nemligen"/><SP WIDTH="15" VPOS="360" HPOS="537"/>
							<String ID="string_82" HPOS="552" VPOS="359" WIDTH="26" HEIGHT="20" WC="0.95" CONTENT="till"/><SP WIDTH="14" VPOS="359" HPOS="578"/>
							<String ID="string_83" HPOS="592" VPOS="365" WIDTH="24" HEIGHT="14" WC="0.96" CONTENT="en"/><SP WIDTH="14" VPOS="365" HPOS="616"/>
							<String ID="string_84" HPOS="630" VPOS="359" WIDTH="63" HEIGHT="26" WC="0.95" CONTENT="rigtig,"/><SP WIDTH="12" VPOS="359" HPOS="693"/>
							<String ID="string_85" HPOS="705" VPOS="359" WIDTH="45" HEIGHT="20" WC="0.93" CONTENT="med"/><SP WIDTH="15" VPOS="359" HPOS="750"/>
							<String ID="string_86" HPOS="765" VPOS="365" WIDTH="43" HEIGHT="14" WC="0.35" CONTENT="om-"/>
						</TextLine>
						<TextLine ID="line_9" HPOS="65" VPOS="385" WIDTH="742" HEIGHT="26">
							<String ID="string_87" HPOS="65" VPOS="391" WIDTH="47" HEIGHT="20" WC="0.96" CONTENT="sorg"/><SP WIDTH="14" VPOS="391" HPOS="112"/>
							<String ID="string_88" HPOS="126" VPOS="385" WIDTH="103" HEIGHT="20" WC="0.95" CONTENT="meddelad"/><SP WIDTH="14" VPOS="385" HPOS="229"/>
							<String ID="string_89" HPOS="243" VPOS="385" WIDTH="140" HEIGHT="26" WC="0.96" CONTENT="undervisning"/><SP WIDTH="13" VPOS="385" HPOS="383"/>
							<String ID="string_90" HPOS="396" VPOS="385" WIDTH="5" HEIGHT="20" WC="0.97" CONTENT="i"/><SP WIDTH="10" VPOS="385" HPOS="401"/>
							<String ID="string_91" HPOS="411" VPOS="385" WIDTH="147" HEIGHT="20" WC="0.88" CONTENT="kristendomen"/><SP WIDTH="12" VPOS="385" HPOS="558"/>
							<String ID="string_92" HPOS="570" VPOS="388" WIDTH="62" HEIGHT="22" WC="0.95" CONTENT="jemte"/><SP WIDTH="14" VPOS="388" HPOS="632"/>
							<String ID="string_93" HPOS="646" VPOS="391" WIDTH="24" HEIGHT="14" WC="0.96" CONTENT="en"/><SP WIDTH="9" VPOS="391" HPOS="670"/>
							<String ID="string_94" HPOS="679" VPOS="391" WIDTH="80" HEIGHT="14" WC="0.95" CONTENT="varsam"/><SP WIDTH="9" VPOS="391" HPOS="759"/>
							<String ID="string_95" HPOS="768" VPOS="387" WIDTH="39" HEIGHT="18" WC="0.97" CONTENT="och"/>
						</TextLine>
						<TextLine ID="line_10" HPOS="65" VPOS="411" WIDTH="742" HEIGHT="26">
							<String ID="string_96" HPOS="65" VPOS="411" WIDTH="115" HEIGHT="20" WC="0.94" CONTENT="kärleksfull"/><SP WIDTH="20" VPOS="411" HPOS="180"/>
							<String ID="string_97" HPOS="200" VPOS="411" WIDTH="116" HEIGHT="26" WC="0.94" CONTENT="behandling"/><SP WIDTH="21" VPOS="411" HPOS="316"/>
							<String ID="string_98" HPOS="337" VPOS="413" WIDTH="21" HEIGHT="18" WC="0.96" CONTENT="af"/><SP WIDTH="15" VPOS="413" HPOS="358"/>
							<String ID="string_99" HPOS="373" VPOS="412" WIDTH="24" HEIGHT="19" WC="0.93" CONTENT="de"/><SP WIDTH="15" VPOS="412" HPOS="397"/>
							<String ID="string_100" HPOS="412" VPOS="412" WIDTH="129" HEIGHT="20" WC="0.92" CONTENT="vilsekomna."/><SP WIDTH="29" VPOS="412" HPOS="541"/>
							<String ID="string_101" HPOS="570" VPOS="412" WIDTH="29" HEIGHT="19" WC="0.93" CONTENT="En"/><SP WIDTH="16" VPOS="412" HPOS="599"/>
							<String ID="string_102" HPOS="615" VPOS="412" WIDTH="192" HEIGHT="25" WC="0.91" CONTENT="öfverhandtagande"/>
						</TextLine>
						<TextLine ID="line_11" HPOS="66" VPOS="437" WIDTH="740" HEIGHT="26">
							<String ID="string_103" HPOS="66" VPOS="437" WIDTH="82" HEIGHT="20" WC="0.96" CONTENT="misstro"/><SP WIDTH="14" VPOS="437" HPOS="148"/>
							<String ID="string_104" HPOS="162" VPOS="438" WIDTH="38" HEIGHT="19" WC="0.93" CONTENT="och"/><SP WIDTH="17" VPOS="438" HPOS="200"/>
							<String ID="string_105" HPOS="217" VPOS="439" WIDTH="94" HEIGHT="24" WC="0.92" CONTENT="afvoghet"/><SP WIDTH="17" VPOS="439" HPOS="311"/>
							<String ID="string_106" HPOS="328" VPOS="441" WIDTH="53" HEIGHT="16" WC="0.96" CONTENT="emot"/><SP WIDTH="13" VPOS="441" HPOS="381"/>
							<String ID="string_107" HPOS="394" VPOS="438" WIDTH="34" HEIGHT="19" WC="0.96" CONTENT="det"/><SP WIDTH="17" VPOS="438" HPOS="428"/>
							<String ID="string_108" HPOS="445" VPOS="444" WIDTH="47" HEIGHT="19" WC="0.69" CONTENT="egna"/><SP WIDTH="18" VPOS="444" HPOS="492"/>
							<String ID="string_109" HPOS="510" VPOS="438" WIDTH="148" HEIGHT="25" WC="0.92" CONTENT="presterskapet"/><SP WIDTH="13" VPOS="438" HPOS="658"/>
							<String ID="string_110" HPOS="671" VPOS="438" WIDTH="58" HEIGHT="19" WC="0.95" CONTENT="torde"/><SP WIDTH="16" VPOS="438" HPOS="729"/>
							<String ID="string_111" HPOS="745" VPOS="439" WIDTH="61" HEIGHT="19" WC="0.96" CONTENT="sällan"/>
						</TextLine>
						<TextLine ID="line_12" HPOS="66" VPOS="463" WIDTH="741" HEIGHT="27">
							<String ID="string_112" HPOS="66" VPOS="464" WIDTH="48" HEIGHT="20" WC="0.96" CONTENT="eller"/><SP WIDTH="13" VPOS="464" HPOS="114"/>
							<String ID="string_113" HPOS="127" VPOS="464" WIDTH="62" HEIGHT="25" WC="0.96" CONTENT="aldrig"/><SP WIDTH="9" VPOS="464" HPOS="189"/>
							<String ID="string_114" HPOS="198" VPOS="463" WIDTH="72" HEIGHT="26" WC="0.96" CONTENT="uppstå"/><SP WIDTH="10" VPOS="463" HPOS="270"/>
							<String ID="string_115" HPOS="280" VPOS="465" WIDTH="52" HEIGHT="18" WC="0.96" CONTENT="inom"/><SP WIDTH="12" VPOS="465" HPOS="332"/>
							<String ID="string_116" HPOS="344" VPOS="470" WIDTH="24" HEIGHT="13" WC="0.96" CONTENT="en"/><SP WIDTH="14" VPOS="470" HPOS="368"/>
							<String ID="string_117" HPOS="382" VPOS="465" WIDTH="118" HEIGHT="25" WC="0.48" CONTENT="församling,"/><SP WIDTH="12" VPOS="465" HPOS="500"/>
							<String ID="string_118" HPOS="512" VPOS="467" WIDTH="48" HEIGHT="16" WC="0.96" CONTENT="utan"/><SP WIDTH="12" VPOS="467" HPOS="560"/>
							<String ID="string_119" HPOS="572" VPOS="463" WIDTH="83" HEIGHT="21" WC="0.85" CONTENT="särskild"/><SP WIDTH="14" VPOS="463" HPOS="655"/>
							<String ID="string_120" HPOS="669" VPOS="464" WIDTH="65" HEIGHT="25" WC="0.91" CONTENT="gifven"/><SP WIDTH="10" VPOS="464" HPOS="734"/>
							<String ID="string_121" HPOS="744" VPOS="464" WIDTH="63" HEIGHT="25" WC="0.96" CONTENT="grund"/>
						</TextLine>
						<TextLine ID="line_13" HPOS="66" VPOS="489" WIDTH="740" HEIGHT="27">
							<String ID="string_122" HPOS="66" VPOS="491" WIDTH="38" HEIGHT="19" WC="0.96" CONTENT="och"/><SP WIDTH="15" VPOS="491" HPOS="104"/>
							<String ID="string_123" HPOS="119" VPOS="490" WIDTH="106" HEIGHT="26" WC="0.96" CONTENT="anledning."/><SP WIDTH="30" VPOS="490" HPOS="225"/>
							<String ID="string_124" HPOS="255" VPOS="491" WIDTH="42" HEIGHT="19" WC="0.60" CONTENT="Den"/><SP WIDTH="15" VPOS="491" HPOS="297"/>
							<String ID="string_125" HPOS="312" VPOS="489" WIDTH="160" HEIGHT="27" WC="0.91" CONTENT="förödmjukelse,"/><SP WIDTH="16" VPOS="489" HPOS="472"/>
							<String ID="string_126" HPOS="488" VPOS="497" WIDTH="44" HEIGHT="13" WC="0.96" CONTENT="som"/><SP WIDTH="17" VPOS="497" HPOS="532"/>
							<String ID="string_127" HPOS="549" VPOS="491" WIDTH="31" HEIGHT="19" WC="0.96" CONTENT="för"/><SP WIDTH="13" VPOS="491" HPOS="580"/>
							<String ID="string_128" HPOS="593" VPOS="496" WIDTH="23" HEIGHT="14" WC="0.95" CONTENT="en"/><SP WIDTH="15" VPOS="496" HPOS="616"/>
							<String ID="string_129" HPOS="631" VPOS="489" WIDTH="125" HEIGHT="26" WC="0.93" CONTENT="själasörjare"/><SP WIDTH="8" VPOS="489" HPOS="756"/>
							<String ID="string_130" HPOS="764" VPOS="491" WIDTH="42" HEIGHT="19" WC="0.94" CONTENT="kan"/>
						</TextLine>
						<TextLine ID="line_14" HPOS="65" VPOS="516" WIDTH="741" HEIGHT="27">
							<String ID="string_131" HPOS="65" VPOS="517" WIDTH="49" HEIGHT="26" WC="0.93" CONTENT="ligga"/><SP WIDTH="18" VPOS="517" HPOS="114"/>
							<String ID="string_132" HPOS="132" VPOS="517" WIDTH="49" HEIGHT="24" WC="0.92" CONTENT="deri,"/><SP WIDTH="22" VPOS="517" HPOS="181"/>
							<String ID="string_133" HPOS="203" VPOS="520" WIDTH="29" HEIGHT="17" WC="0.96" CONTENT="att"/><SP WIDTH="16" VPOS="520" HPOS="232"/>
							<String ID="string_134" HPOS="248" VPOS="517" WIDTH="129" HEIGHT="20" WC="0.95" CONTENT="medlemmar"/><SP WIDTH="20" VPOS="517" HPOS="377"/>
							<String ID="string_135" HPOS="397" VPOS="518" WIDTH="21" HEIGHT="19" WC="0.94" CONTENT="af"/><SP WIDTH="18" VPOS="518" HPOS="418"/>
							<String ID="string_136" HPOS="436" VPOS="517" WIDTH="38" HEIGHT="20" WC="0.96" CONTENT="den"/><SP WIDTH="13" VPOS="517" HPOS="474"/>
							<String ID="string_137" HPOS="487" VPOS="518" WIDTH="73" HEIGHT="19" WC="0.93" CONTENT="honom"/><SP WIDTH="20" VPOS="518" HPOS="560"/>
							<String ID="string_138" HPOS="580" VPOS="517" WIDTH="123" HEIGHT="20" WC="0.87" CONTENT="anförtrodda"/><SP WIDTH="21" VPOS="517" HPOS="703"/>
							<String ID="string_139" HPOS="724" VPOS="516" WIDTH="82" HEIGHT="25" WC="0.88" CONTENT="hjorden"/>
						</TextLine>
						<TextLine ID="line_15" HPOS="66" VPOS="543" WIDTH="740" HEIGHT="26">
							<String ID="string_140" HPOS="66" VPOS="544" WIDTH="63" HEIGHT="19" WC="0.96" CONTENT="vända"/><SP WIDTH="14" VPOS="544" HPOS="129"/>
							<String ID="string_141" HPOS="143" VPOS="544" WIDTH="29" HEIGHT="25" WC="0.96" CONTENT="sig"/><SP WIDTH="20" VPOS="544" HPOS="172"/>
							<String ID="string_142" HPOS="192" VPOS="544" WIDTH="27" HEIGHT="20" WC="0.95" CONTENT="till"/><SP WIDTH="14" VPOS="544" HPOS="219"/>
							<String ID="string_143" HPOS="233" VPOS="544" WIDTH="60" HEIGHT="20" WC="0.96" CONTENT="andra"/><SP WIDTH="21" VPOS="544" HPOS="293"/>
							<String ID="string_144" HPOS="314" VPOS="547" WIDTH="84" HEIGHT="22" WC="0.95" CONTENT="prester,"/><SP WIDTH="20" VPOS="547" HPOS="398"/>
							<String ID="string_145" HPOS="418" VPOS="544" WIDTH="38" HEIGHT="19" WC="0.96" CONTENT="kan"/><SP WIDTH="20" VPOS="544" HPOS="456"/>
							<String ID="string_146" HPOS="476" VPOS="545" WIDTH="30" HEIGHT="18" WC="0.96" CONTENT="för"/><SP WIDTH="13" VPOS="545" HPOS="506"/>
							<String ID="string_147" HPOS="519" VPOS="544" WIDTH="57" HEIGHT="25" WC="0.96" CONTENT="öfrigt"/><SP WIDTH="20" VPOS="544" HPOS="576"/>
							<String ID="string_148" HPOS="596" VPOS="545" WIDTH="68" HEIGHT="24" WC="0.53" CONTENT="utgöra"/><SP WIDTH="15" VPOS="545" HPOS="664"/>
							<String ID="string_149" HPOS="679" VPOS="549" WIDTH="24" HEIGHT="14" WC="0.53" CONTENT="en"/><SP WIDTH="20" VPOS="549" HPOS="703"/>
							<String ID="string_150" HPOS="723" VPOS="543" WIDTH="83" HEIGHT="26" WC="0.90" CONTENT="behöflig"/>
						</TextLine>
						<TextLine ID="line_16" HPOS="65" VPOS="569" WIDTH="741" HEIGHT="27">
							<String ID="string_151" HPOS="65" VPOS="570" WIDTH="83" HEIGHT="26" WC="0.95" CONTENT="varning"/><SP WIDTH="13" VPOS="570" HPOS="148"/>
							<String ID="string_152" HPOS="161" VPOS="571" WIDTH="30" HEIGHT="18" WC="0.96" CONTENT="för"/><SP WIDTH="14" VPOS="571" HPOS="191"/>
							<String ID="string_153" HPOS="205" VPOS="571" WIDTH="74" HEIGHT="19" WC="0.96" CONTENT="honom"/><SP WIDTH="15" VPOS="571" HPOS="279"/>
							<String ID="string_154" HPOS="294" VPOS="569" WIDTH="46" HEIGHT="26" WC="0.96" CONTENT="sjelf"/><SP WIDTH="7" VPOS="569" HPOS="340"/>
							<String ID="string_155" HPOS="347" VPOS="573" WIDTH="29" HEIGHT="17" WC="0.93" CONTENT="att"/><SP WIDTH="13" VPOS="573" HPOS="376"/>
							<String ID="string_156" HPOS="389" VPOS="576" WIDTH="73" HEIGHT="20" WC="0.92" CONTENT="nogare"/><SP WIDTH="9" VPOS="576" HPOS="462"/>
							<String ID="string_157" HPOS="471" VPOS="570" WIDTH="82" HEIGHT="26" WC="0.95" CONTENT="granska"/><SP WIDTH="15" VPOS="570" HPOS="553"/>
							<String ID="string_158" HPOS="568" VPOS="570" WIDTH="33" HEIGHT="19" WC="0.96" CONTENT="sitt"/><SP WIDTH="10" VPOS="570" HPOS="601"/>
							<String ID="string_159" HPOS="611" VPOS="573" WIDTH="44" HEIGHT="23" WC="0.96" CONTENT="eget"/><SP WIDTH="14" VPOS="573" HPOS="655"/>
							<String ID="string_160" HPOS="669" VPOS="569" WIDTH="26" HEIGHT="26" WC="0.82" CONTENT="Hf,"/><SP WIDTH="12" VPOS="569" HPOS="695"/>
							<String ID="string_161" HPOS="707" VPOS="571" WIDTH="52" HEIGHT="18" WC="0.96" CONTENT="huru"/><SP WIDTH="9" VPOS="571" HPOS="759"/>
							<String ID="string_162" HPOS="768" VPOS="571" WIDTH="38" HEIGHT="18" WC="0.96" CONTENT="han"/>
						</TextLine>
						<TextLine ID="line_17" HPOS="65" VPOS="597" WIDTH="742" HEIGHT="26">
							<String ID="string_163" HPOS="65" VPOS="597" WIDTH="53" HEIGHT="20" WC="0.95" CONTENT="skött"/><SP WIDTH="17" VPOS="597" HPOS="118"/>
							<String ID="string_164" HPOS="135" VPOS="598" WIDTH="39" HEIGHT="19" WC="0.71" CONTENT="och"/><SP WIDTH="14" VPOS="598" HPOS="174"/>
							<String ID="string_165" HPOS="188" VPOS="598" WIDTH="84" HEIGHT="25" WC="0.96" CONTENT="uppfyllt"/><SP WIDTH="16" VPOS="598" HPOS="272"/>
							<String ID="string_166" HPOS="288" VPOS="597" WIDTH="42" HEIGHT="20" WC="0.93" CONTENT="sina"/><SP WIDTH="20" VPOS="597" HPOS="330"/>
							<String ID="string_167" HPOS="350" VPOS="597" WIDTH="116" HEIGHT="26" WC="0.92" CONTENT="presterliga"/><SP WIDTH="17" VPOS="597" HPOS="466"/>
							<String ID="string_168" HPOS="483" VPOS="597" WIDTH="120" HEIGHT="26" WC="0.95" CONTENT="åligganden,"/><SP WIDTH="22" VPOS="597" HPOS="603"/>
							<String ID="string_169" HPOS="625" VPOS="599" WIDTH="52" HEIGHT="17" WC="0.95" CONTENT="samt"/><SP WIDTH="16" VPOS="599" HPOS="677"/>
							<String ID="string_170" HPOS="693" VPOS="597" WIDTH="114" HEIGHT="25" WC="0.41" CONTENT="härigenom"/>
						</TextLine>
						<TextLine ID="line_18" HPOS="65" VPOS="622" WIDTH="743" HEIGHT="28">
							<String ID="string_171" HPOS="65" VPOS="623" WIDTH="96" HEIGHT="20" WC="0.91" CONTENT="indirekte"/><SP WIDTH="14" VPOS="623" HPOS="161"/>
							<String ID="string_172" HPOS="175" VPOS="624" WIDTH="59" HEIGHT="21" WC="0.95" CONTENT="blifva"/><SP WIDTH="15" VPOS="624" HPOS="234"/>
							<String ID="string_173" HPOS="249" VPOS="624" WIDTH="25" HEIGHT="20" WC="0.96" CONTENT="till"/><SP WIDTH="15" VPOS="624" HPOS="274"/>
							<String ID="string_174" HPOS="289" VPOS="624" WIDTH="74" HEIGHT="25" WC="0.96" CONTENT="ganska"/><SP WIDTH="15" VPOS="624" HPOS="363"/>
							<String ID="string_175" HPOS="378" VPOS="627" WIDTH="42" HEIGHT="16" WC="0.96" CONTENT="stor"/><SP WIDTH="9" VPOS="627" HPOS="420"/>
							<String ID="string_176" HPOS="429" VPOS="626" WIDTH="54" HEIGHT="24" WC="0.96" CONTENT="nytta"/><SP WIDTH="13" VPOS="626" HPOS="483"/>
							<String ID="string_177" HPOS="496" VPOS="624" WIDTH="30" HEIGHT="19" WC="0.96" CONTENT="för"/><SP WIDTH="15" VPOS="624" HPOS="526"/>
							<String ID="string_178" HPOS="541" VPOS="625" WIDTH="72" HEIGHT="18" WC="0.96" CONTENT="honom"/><SP WIDTH="12" VPOS="625" HPOS="613"/>
							<String ID="string_179" HPOS="625" VPOS="622" WIDTH="52" HEIGHT="26" WC="0.93" CONTENT="sjelf."/><SP WIDTH="14" VPOS="622" HPOS="677"/>
							<String ID="string_180" HPOS="691" VPOS="618" WIDTH="9" HEIGHT="36" WC="0.81" CONTENT=":"/><SP WIDTH="6" VPOS="618" HPOS="700"/>
							<String ID="string_181" HPOS="706" VPOS="623" WIDTH="102" HEIGHT="20" WC="0.96" CONTENT="Utskottet"/>
						</TextLine>
						<TextLine ID="line_19" HPOS="65" VPOS="649" WIDTH="745" HEIGHT="27">
							<String ID="string_182" HPOS="65" VPOS="650" WIDTH="70" HEIGHT="20" WC="0.93" CONTENT="tvekar"/><SP WIDTH="16" VPOS="650" HPOS="135"/>
							<String ID="string_183" HPOS="151" VPOS="651" WIDTH="78" HEIGHT="19" WC="0.91" CONTENT="derföre"/><SP WIDTH="20" VPOS="651" HPOS="229"/>
							<String ID="string_184" HPOS="249" VPOS="651" WIDTH="44" HEIGHT="20" WC="0.96" CONTENT="icke"/><SP WIDTH="17" VPOS="651" HPOS="293"/>
							<String ID="string_185" HPOS="310" VPOS="653" WIDTH="28" HEIGHT="17" WC="0.96" CONTENT="att"/><SP WIDTH="16" VPOS="653" HPOS="338"/>
							<String ID="string_186" HPOS="354" VPOS="651" WIDTH="79" HEIGHT="20" WC="0.96" CONTENT="förorda"/><SP WIDTH="19" VPOS="651" HPOS="433"/>
							<String ID="string_187" HPOS="452" VPOS="650" WIDTH="148" HEIGHT="26" WC="0.93" CONTENT="ifrågavarande"/><SP WIDTH="16" VPOS="650" HPOS="600"/>
							<String ID="string_188" HPOS="616" VPOS="649" WIDTH="31" HEIGHT="26" WC="0.92" CONTENT="$:s"/><SP WIDTH="13" VPOS="649" HPOS="647"/>
							<String ID="string_189" HPOS="660" VPOS="650" WIDTH="111" HEIGHT="25" WC="0.96" CONTENT="antagande"/><SP WIDTH="17" VPOS="650" HPOS="771"/>
							<String ID="string_190" HPOS="788" VPOS="650" WIDTH="22" HEIGHT="19" WC="0.96" CONTENT="af"/>
						</TextLine>
						<TextLine ID="line_20" HPOS="65" VPOS="677" WIDTH="182" HEIGHT="20">
							<String ID="string_191" HPOS="65" VPOS="677" WIDTH="78" HEIGHT="20" WC="0.93" CONTENT="landets"/><SP WIDTH="14" VPOS="677" HPOS="143"/>
							<String ID="string_192" HPOS="157" VPOS="677" WIDTH="90" HEIGHT="20" WC="0.91" CONTENT="Ständer."/>
						</TextLine>
					</TextBlock>
				</ComposedBlock>
				<ComposedBlock ID="cblock_2" HPOS="421" VPOS="722" WIDTH="31" HEIGHT="18">
					<TextBlock ID="block_2" HPOS="421" VPOS="722" WIDTH="31" HEIGHT="18">
						<TextLine ID="line_21" HPOS="421" VPOS="722" WIDTH="31" HEIGHT="18">
							<String ID="string_193" HPOS="421" VPOS="722" WIDTH="31" HEIGHT="18" WC="0.93" CONTENT="D."/>
						</TextLine>
					</TextBlock>
				</ComposedBlock>
				<ComposedBlock ID="cblock_3" HPOS="63" VPOS="755" WIDTH="748" HEIGHT="686">
					<TextBlock ID="block_3" HPOS="63" VPOS="755" WIDTH="748" HEIGHT="686">
						<TextLine ID="line_22" HPOS="117" VPOS="755" WIDTH="690" HEIGHT="26">
							<String ID="string_194" HPOS="117" VPOS="755" WIDTH="92" HEIGHT="20" WC="0.73" CONTENT="Likasom"/><SP WIDTH="10" VPOS="755" HPOS="209"/>
							<String ID="string_195" HPOS="219" VPOS="761" WIDTH="106" HEIGHT="20" WC="0.96" CONTENT="omsorgen"/><SP WIDTH="9" VPOS="761" HPOS="325"/>
							<String ID="string_196" HPOS="334" VPOS="761" WIDTH="33" HEIGHT="14" WC="0.95" CONTENT="om"/><SP WIDTH="14" VPOS="761" HPOS="367"/>
							<String ID="string_197" HPOS="381" VPOS="755" WIDTH="33" HEIGHT="21" WC="0.93" CONTENT="det"/><SP WIDTH="9" VPOS="755" HPOS="414"/>
							<String ID="string_198" HPOS="423" VPOS="756" WIDTH="87" HEIGHT="25" WC="0.93" CONTENT="kristliga"/><SP WIDTH="14" VPOS="756" HPOS="510"/>
							<String ID="string_199" HPOS="524" VPOS="755" WIDTH="65" HEIGHT="20" WC="0.91" CONTENT="lifvets"/><SP WIDTH="10" VPOS="755" HPOS="589"/>
							<String ID="string_200" HPOS="599" VPOS="755" WIDTH="131" HEIGHT="20" WC="0.89" CONTENT="befordrande"/><SP WIDTH="14" VPOS="755" HPOS="730"/>
							<String ID="string_201" HPOS="744" VPOS="755" WIDTH="5" HEIGHT="19" WC="0.86" CONTENT="i"/><SP WIDTH="10" VPOS="755" HPOS="749"/>
							<String ID="string_202" HPOS="759" VPOS="755" WIDTH="48" HEIGHT="20" WC="0.86" CONTENT="kyr-"/>
						</TextLine>
						<TextLine ID="line_23" HPOS="65" VPOS="781" WIDTH="741" HEIGHT="27">
							<String ID="string_203" HPOS="65" VPOS="781" WIDTH="38" HEIGHT="21" WC="0.93" CONTENT="kan"/><SP WIDTH="9" VPOS="781" HPOS="103"/>
							<String ID="string_204" HPOS="112" VPOS="782" WIDTH="80" HEIGHT="20" WC="0.92" CONTENT="kräfver"/><SP WIDTH="8" VPOS="782" HPOS="192"/>
							<String ID="string_205" HPOS="200" VPOS="783" WIDTH="60" HEIGHT="19" WC="0.96" CONTENT="frihet"/><SP WIDTH="9" VPOS="783" HPOS="260"/>
							<String ID="string_206" HPOS="269" VPOS="783" WIDTH="30" HEIGHT="18" WC="0.93" CONTENT="för"/><SP WIDTH="10" VPOS="783" HPOS="299"/>
							<String ID="string_207" HPOS="309" VPOS="781" WIDTH="68" HEIGHT="25" WC="0.96" CONTENT="hvarje"/><SP WIDTH="10" VPOS="781" HPOS="377"/>
							<String ID="string_208" HPOS="387" VPOS="782" WIDTH="77" HEIGHT="20" WC="0.93" CONTENT="enskild"/><SP WIDTH="11" VPOS="782" HPOS="464"/>
							<String ID="string_209" HPOS="475" VPOS="782" WIDTH="210" HEIGHT="25" WC="0.90" CONTENT="församlingsmedlem"/><SP WIDTH="8" VPOS="782" HPOS="685"/>
							<String ID="string_210" HPOS="693" VPOS="781" WIDTH="29" HEIGHT="20" WC="0.96" CONTENT="att"/><SP WIDTH="13" VPOS="781" HPOS="722"/>
							<String ID="string_211" HPOS="735" VPOS="782" WIDTH="6" HEIGHT="19" WC="0.81" CONTENT="i"/><SP WIDTH="10" VPOS="782" HPOS="741"/>
							<String ID="string_212" HPOS="751" VPOS="782" WIDTH="55" HEIGHT="26" WC="0.81" CONTENT="fräga"/>
						</TextLine>
						<TextLine ID="line_24" HPOS="65" VPOS="808" WIDTH="742" HEIGHT="27">
							<String ID="string_213" HPOS="65" VPOS="814" WIDTH="33" HEIGHT="15" WC="0.96" CONTENT="om"/><SP WIDTH="8" VPOS="814" HPOS="98"/>
							<String ID="string_214" HPOS="106" VPOS="809" WIDTH="89" HEIGHT="26" WC="0.40" CONTENT="religiösa"/><SP WIDTH="15" VPOS="809" HPOS="195"/>
							<String ID="string_215" HPOS="210" VPOS="809" WIDTH="136" HEIGHT="26" WC="0.96" CONTENT="förrättningar"/><SP WIDTH="12" VPOS="809" HPOS="346"/>
							<String ID="string_216" HPOS="358" VPOS="809" WIDTH="61" HEIGHT="20" WC="0.96" CONTENT="vända"/><SP WIDTH="13" VPOS="809" HPOS="419"/>
							<String ID="string_217" HPOS="432" VPOS="809" WIDTH="29" HEIGHT="26" WC="0.96" CONTENT="sig"/><SP WIDTH="14" VPOS="809" HPOS="461"/>
							<String ID="string_218" HPOS="475" VPOS="809" WIDTH="25" HEIGHT="19" WC="0.84" CONTENT="till"/><SP WIDTH="11" VPOS="809" HPOS="500"/>
							<String ID="string_219" HPOS="511" VPOS="809" WIDTH="39" HEIGHT="19" WC="0.93" CONTENT="den"/><SP WIDTH="14" VPOS="809" HPOS="550"/>
							<String ID="string_220" HPOS="564" VPOS="811" WIDTH="55" HEIGHT="22" WC="0.93" CONTENT="prest"/><SP WIDTH="13" VPOS="811" HPOS="619"/>
							<String ID="string_221" HPOS="632" VPOS="808" WIDTH="52" HEIGHT="19" WC="0.96" CONTENT="inom"/><SP WIDTH="10" VPOS="808" HPOS="684"/>
							<String ID="string_222" HPOS="694" VPOS="808" WIDTH="47" HEIGHT="20" WC="0.94" CONTENT="eller"/><SP WIDTH="10" VPOS="808" HPOS="741"/>
							<String ID="string_223" HPOS="751" VPOS="811" WIDTH="56" HEIGHT="17" WC="0.95" CONTENT="utom"/>
						</TextLine>
						<TextLine ID="line_25" HPOS="64" VPOS="834" WIDTH="744" HEIGHT="27">
							<String ID="string_224" HPOS="64" VPOS="835" WIDTH="145" HEIGHT="26" WC="0.96" CONTENT="församlingen,"/><SP WIDTH="10" VPOS="835" HPOS="209"/>
							<String ID="string_225" HPOS="219" VPOS="836" WIDTH="31" HEIGHT="19" WC="0.25" CONTENT="&quot;till"/><SP WIDTH="16" VPOS="836" HPOS="250"/>
							<String ID="string_226" HPOS="266" VPOS="836" WIDTH="79" HEIGHT="19" WC="0.96" CONTENT="hvilken"/><SP WIDTH="13" VPOS="836" HPOS="345"/>
							<String ID="string_227" HPOS="358" VPOS="835" WIDTH="38" HEIGHT="20" WC="0.96" CONTENT="han"/><SP WIDTH="14" VPOS="835" HPOS="396"/>
							<String ID="string_228" HPOS="410" VPOS="836" WIDTH="37" HEIGHT="19" WC="0.97" CONTENT="har"/><SP WIDTH="9" VPOS="836" HPOS="447"/>
							<String ID="string_229" HPOS="456" VPOS="835" WIDTH="33" HEIGHT="20" WC="0.96" CONTENT="det"/><SP WIDTH="14" VPOS="835" HPOS="489"/>
							<String ID="string_230" HPOS="503" VPOS="836" WIDTH="73" HEIGHT="19" WC="0.95" CONTENT="största"/><SP WIDTH="13" VPOS="836" HPOS="576"/>
							<String ID="string_231" HPOS="589" VPOS="835" WIDTH="127" HEIGHT="25" WC="0.96" CONTENT="förtroendet,"/><SP WIDTH="12" VPOS="835" HPOS="716"/>
							<String ID="string_232" HPOS="728" VPOS="834" WIDTH="22" HEIGHT="20" WC="0.91" CONTENT="sä"/><SP WIDTH="15" VPOS="834" HPOS="750"/>
							<String ID="string_233" HPOS="765" VPOS="834" WIDTH="43" HEIGHT="21" WC="0.88" CONTENT="mä-"/>
						</TextLine>
						<TextLine ID="line_26" HPOS="65" VPOS="861" WIDTH="743" HEIGHT="26">
							<String ID="string_234" HPOS="65" VPOS="865" WIDTH="30" HEIGHT="17" WC="0.96" CONTENT="ste"/><SP WIDTH="14" VPOS="865" HPOS="95"/>
							<String ID="string_235" HPOS="109" VPOS="862" WIDTH="34" HEIGHT="20" WC="0.93" CONTENT="det"/><SP WIDTH="13" VPOS="862" HPOS="143"/>
							<String ID="string_236" HPOS="156" VPOS="863" WIDTH="38" HEIGHT="19" WC="0.96" CONTENT="ock"/><SP WIDTH="14" VPOS="863" HPOS="194"/>
							<String ID="string_237" HPOS="208" VPOS="863" WIDTH="21" HEIGHT="18" WC="0.96" CONTENT="af"/><SP WIDTH="12" VPOS="863" HPOS="229"/>
							<String ID="string_238" HPOS="241" VPOS="868" WIDTH="77" HEIGHT="13" WC="0.95" CONTENT="samma"/><SP WIDTH="14" VPOS="868" HPOS="318"/>
							<String ID="string_239" HPOS="332" VPOS="862" WIDTH="104" HEIGHT="25" WC="0.96" CONTENT="anledning"/><SP WIDTH="15" VPOS="862" HPOS="436"/>
							<String ID="string_240" HPOS="451" VPOS="861" WIDTH="29" HEIGHT="20" WC="0.96" CONTENT="stå"/><SP WIDTH="14" VPOS="861" HPOS="480"/>
							<String ID="string_241" HPOS="494" VPOS="861" WIDTH="75" HEIGHT="21" WC="0.96" CONTENT="kristne"/><SP WIDTH="15" VPOS="861" HPOS="569"/>
							<String ID="string_242" HPOS="584" VPOS="862" WIDTH="41" HEIGHT="19" WC="0.96" CONTENT="fritt"/><SP WIDTH="13" VPOS="862" HPOS="625"/>
							<String ID="string_243" HPOS="638" VPOS="864" WIDTH="35" HEIGHT="21" WC="0.96" CONTENT="att,"/><SP WIDTH="14" VPOS="864" HPOS="673"/>
							<String ID="string_244" HPOS="687" VPOS="861" WIDTH="36" HEIGHT="19" WC="0.93" CONTENT="der"/><SP WIDTH="14" VPOS="861" HPOS="723"/>
							<String ID="string_245" HPOS="737" VPOS="861" WIDTH="71" HEIGHT="20" WC="0.86" CONTENT="de:för"/>
						</TextLine>
						<TextLine ID="line_27" HPOS="64" VPOS="887" WIDTH="742" HEIGHT="27">
							<String ID="string_246" HPOS="64" VPOS="888" WIDTH="30" HEIGHT="20" WC="0.96" CONTENT="sin"/><SP WIDTH="10" VPOS="888" HPOS="94"/>
							<String ID="string_247" HPOS="104" VPOS="888" WIDTH="74" HEIGHT="26" WC="0.93" CONTENT="andliga"/><SP WIDTH="13" VPOS="888" HPOS="178"/>
							<String ID="string_248" HPOS="191" VPOS="889" WIDTH="136" HEIGHT="25" WC="0.92" CONTENT="uppbyggelse"/><SP WIDTH="10" VPOS="889" HPOS="327"/>
							<String ID="string_249" HPOS="337" VPOS="888" WIDTH="68" HEIGHT="20" WC="0.93" CONTENT="sådant"/><SP WIDTH="13" VPOS="888" HPOS="405"/>
							<String ID="string_250" HPOS="418" VPOS="888" WIDTH="90" HEIGHT="23" WC="0.92" CONTENT="åstunda,"/><SP WIDTH="12" VPOS="888" HPOS="508"/>
							<String ID="string_251" HPOS="520" VPOS="888" WIDTH="145" HEIGHT="20" WC="0.96" CONTENT="sammanträda"/><SP WIDTH="10" VPOS="888" HPOS="665"/>
							<String ID="string_252" HPOS="675" VPOS="888" WIDTH="26" HEIGHT="19" WC="0.89" CONTENT="till"/><SP WIDTH="14" VPOS="888" HPOS="701"/>
							<String ID="string_253" HPOS="715" VPOS="887" WIDTH="91" HEIGHT="21" WC="0.95" CONTENT="enskilda"/>
						</TextLine>
						<TextLine ID="line_28" HPOS="65" VPOS="915" WIDTH="741" HEIGHT="25">
							<String ID="string_254" HPOS="65" VPOS="915" WIDTH="179" HEIGHT="25" WC="0.91" CONTENT="andaktsöfningar,"/><SP WIDTH="16" VPOS="915" HPOS="244"/>
							<String ID="string_255" HPOS="260" VPOS="916" WIDTH="58" HEIGHT="19" WC="0.93" CONTENT="äfven"/><SP WIDTH="18" VPOS="916" HPOS="318"/>
							<String ID="string_256" HPOS="336" VPOS="918" WIDTH="46" HEIGHT="17" WC="0.84" CONTENT="utan."/><SP WIDTH="17" VPOS="918" HPOS="382"/>
							<String ID="string_257" HPOS="399" VPOS="918" WIDTH="66" HEIGHT="22" WC="0.92" CONTENT="prests"/><SP WIDTH="17" VPOS="918" HPOS="465"/>
							<String ID="string_258" HPOS="482" VPOS="915" WIDTH="125" HEIGHT="20" WC="0.96" CONTENT="omedelbara"/><SP WIDTH="14" VPOS="915" HPOS="607"/>
							<String ID="string_259" HPOS="621" VPOS="915" WIDTH="90" HEIGHT="19" WC="0.93" CONTENT="närvaro,"/><SP WIDTH="29" VPOS="915" HPOS="711"/>
							<String ID="string_260" HPOS="740" VPOS="915" WIDTH="66" HEIGHT="19" WC="0.72" CONTENT="Denna"/>
						</TextLine>
						<TextLine ID="line_29" HPOS="64" VPOS="941" WIDTH="740" HEIGHT="27">
							<String ID="string_261" HPOS="64" VPOS="942" WIDTH="93" HEIGHT="26" WC="0.95" CONTENT="rättighet"/><SP WIDTH="19" VPOS="942" HPOS="157"/>
							<String ID="string_262" HPOS="176" VPOS="942" WIDTH="62" HEIGHT="19" WC="0.96" CONTENT="finnes"/><SP WIDTH="18" VPOS="942" HPOS="238"/>
							<String ID="string_263" HPOS="256" VPOS="937" WIDTH="47" HEIGHT="35" WC="0.35" CONTENT="dem”"/><SP WIDTH="0" VPOS="937" HPOS="303"/>
							<String ID="string_264" HPOS="303" VPOS="942" WIDTH="143" HEIGHT="20" WC="0.59" CONTENT="tillförsäkrad"/><SP WIDTH="17" VPOS="942" HPOS="446"/>
							<String ID="string_265" HPOS="463" VPOS="942" WIDTH="5" HEIGHT="18" WC="0.93" CONTENT="i"/><SP WIDTH="18" VPOS="942" HPOS="468"/>
							<String ID="string_266" HPOS="486" VPOS="941" WIDTH="103" HEIGHT="26" WC="0.96" CONTENT="förslagets"/><SP WIDTH="16" VPOS="941" HPOS="589"/>
							<String ID="string_267" HPOS="605" VPOS="942" WIDTH="12" HEIGHT="18" WC="0.93" CONTENT="4"/><SP WIDTH="15" VPOS="942" HPOS="617"/>
							<String ID="string_268" HPOS="632" VPOS="941" WIDTH="101" HEIGHT="25" WC="0.79" CONTENT="kap.:och"/><SP WIDTH="14" VPOS="941" HPOS="733"/>
							<String ID="string_269" HPOS="747" VPOS="942" WIDTH="25" HEIGHT="19" WC="0.93" CONTENT="16"/><SP WIDTH="13" VPOS="942" HPOS="772"/>
							<String ID="string_270" HPOS="785" VPOS="941" WIDTH="19" HEIGHT="25" WC="0.77" CONTENT="$;"/>
						</TextLine>
						<TextLine ID="line_30" HPOS="64" VPOS="967" WIDTH="744" HEIGHT="27">
							<String ID="string_271" HPOS="64" VPOS="969" WIDTH="129" HEIGHT="25" WC="0.96" CONTENT="hvarigenom"/><SP WIDTH="16" VPOS="969" HPOS="193"/>
							<String ID="string_272" HPOS="209" VPOS="968" WIDTH="34" HEIGHT="20" WC="0.93" CONTENT="det"/><SP WIDTH="16" VPOS="968" HPOS="243"/>
							<String ID="string_273" HPOS="259" VPOS="968" WIDTH="109" HEIGHT="26" WC="0.93" CONTENT="beryktade"/><SP WIDTH="20" VPOS="968" HPOS="368"/>
							<String ID="string_274" HPOS="388" VPOS="968" WIDTH="222" HEIGHT="25" WC="0.91" CONTENT="konventikel-plakatet"/><SP WIDTH="16" VPOS="968" HPOS="610"/>
							<String ID="string_275" HPOS="626" VPOS="968" WIDTH="21" HEIGHT="19" WC="0.96" CONTENT="af"/><SP WIDTH="12" VPOS="968" HPOS="647"/>
							<String ID="string_276" HPOS="659" VPOS="967" WIDTH="53" HEIGHT="20" WC="0.79" CONTENT="1726"/><SP WIDTH="13" VPOS="967" HPOS="712"/>
							<String ID="string_277" HPOS="725" VPOS="967" WIDTH="83" HEIGHT="27" WC="0.77" CONTENT="faktiskt"/>
						</TextLine>
						<TextLine ID="line_31" HPOS="64" VPOS="994" WIDTH="744" HEIGHT="26">
							<String ID="string_278" HPOS="64" VPOS="995" WIDTH="119" HEIGHT="25" WC="0.89" CONTENT="upphäfves."/><SP WIDTH="29" VPOS="995" HPOS="183"/>
							<String ID="string_279" HPOS="212" VPOS="995" WIDTH="101" HEIGHT="19" WC="0.95" CONTENT="Utskottet"/><SP WIDTH="13" VPOS="995" HPOS="313"/>
							<String ID="string_280" HPOS="326" VPOS="997" WIDTH="41" HEIGHT="17" WC="0.96" CONTENT="tror"/><SP WIDTH="10" VPOS="997" HPOS="367"/>
							<String ID="string_281" HPOS="377" VPOS="994" WIDTH="29" HEIGHT="26" WC="0.93" CONTENT="sig"/><SP WIDTH="14" VPOS="994" HPOS="406"/>
							<String ID="string_282" HPOS="420" VPOS="994" WIDTH="16" HEIGHT="25" WC="0.92" CONTENT="ej"/><SP WIDTH="12" VPOS="994" HPOS="436"/>
							<String ID="string_283" HPOS="448" VPOS="994" WIDTH="85" HEIGHT="20" WC="0.92" CONTENT="behöfva"/><SP WIDTH="14" VPOS="994" HPOS="533"/>
							<String ID="string_284" HPOS="547" VPOS="994" WIDTH="71" HEIGHT="25" WC="0.96" CONTENT="många"/><SP WIDTH="9" VPOS="994" HPOS="618"/>
							<String ID="string_285" HPOS="627" VPOS="994" WIDTH="36" HEIGHT="19" WC="0.92" CONTENT="ord"/><SP WIDTH="13" VPOS="994" HPOS="663"/>
							<String ID="string_286" HPOS="676" VPOS="994" WIDTH="30" HEIGHT="18" WC="0.85" CONTENT="för"/><SP WIDTH="13" VPOS="994" HPOS="706"/>
							<String ID="string_287" HPOS="719" VPOS="996" WIDTH="89" HEIGHT="23" WC="0.72" CONTENT="att&#39;upp-"/>
						</TextLine>
						<TextLine ID="line_32" HPOS="64" VPOS="1020" WIDTH="742" HEIGHT="26">
							<String ID="string_288" HPOS="64" VPOS="1021" WIDTH="44" HEIGHT="19" WC="0.92" CONTENT="visa"/><SP WIDTH="15" VPOS="1021" HPOS="108"/>
							<String ID="string_289" HPOS="123" VPOS="1021" WIDTH="113" HEIGHT="25" WC="0.92" CONTENT="billigheten"/><SP WIDTH="20" VPOS="1021" HPOS="236"/>
							<String ID="string_290" HPOS="256" VPOS="1021" WIDTH="21" HEIGHT="19" WC="0.96" CONTENT="af"/><SP WIDTH="14" VPOS="1021" HPOS="277"/>
							<String ID="string_291" HPOS="291" VPOS="1021" WIDTH="48" HEIGHT="20" WC="0.93" CONTENT="dess"/><SP WIDTH="21" VPOS="1021" HPOS="339"/>
							<String ID="string_292" HPOS="360" VPOS="1020" WIDTH="144" HEIGHT="26" WC="0.91" CONTENT="upphäfvande,"/><SP WIDTH="19" VPOS="1020" HPOS="504"/>
							<String ID="string_293" HPOS="523" VPOS="1020" WIDTH="83" HEIGHT="20" WC="0.83" CONTENT="emedan"/><SP WIDTH="21" VPOS="1020" HPOS="606"/>
							<String ID="string_294" HPOS="627" VPOS="1020" WIDTH="38" HEIGHT="20" WC="0.83" CONTENT="den"/><SP WIDTH="18" VPOS="1020" HPOS="665"/>
							<String ID="string_295" HPOS="683" VPOS="1020" WIDTH="82" HEIGHT="26" WC="0.95" CONTENT="redan"/><SP WIDTH="-15" VPOS="1020" HPOS="765"/>
							<String ID="string_296" HPOS="750" VPOS="1016" WIDTH="14" HEIGHT="34" WC="0.92" CONTENT="i"/><SP WIDTH="12" VPOS="1016" HPOS="764"/>
							<String ID="string_297" HPOS="776" VPOS="1020" WIDTH="30" HEIGHT="26" WC="0.24" CONTENT="sig"/>
						</TextLine>
						<TextLine ID="line_33" HPOS="64" VPOS="1046" WIDTH="744" HEIGHT="26">
							<String ID="string_298" HPOS="64" VPOS="1046" WIDTH="45" HEIGHT="26" WC="0.58" CONTENT="sjelf:"/><SP WIDTH="14" VPOS="1046" HPOS="109"/>
							<String ID="string_299" HPOS="123" VPOS="1047" WIDTH="66" HEIGHT="19" WC="0.96" CONTENT="måste"/><SP WIDTH="13" VPOS="1047" HPOS="189"/>
							<String ID="string_300" HPOS="202" VPOS="1053" WIDTH="46" HEIGHT="13" WC="0.96" CONTENT="vara"/><SP WIDTH="21" VPOS="1053" HPOS="248"/>
							<String ID="string_301" HPOS="269" VPOS="1047" WIDTH="42" HEIGHT="20" WC="0.96" CONTENT="klar"/><SP WIDTH="16" VPOS="1047" HPOS="311"/>
							<String ID="string_302" HPOS="327" VPOS="1048" WIDTH="29" HEIGHT="18" WC="0.96" CONTENT="för"/><SP WIDTH="14" VPOS="1048" HPOS="356"/>
							<String ID="string_303" HPOS="370" VPOS="1048" WIDTH="43" HEIGHT="18" WC="0.96" CONTENT="alla."/><SP WIDTH="29" VPOS="1048" HPOS="413"/>
							<String ID="string_304" HPOS="442" VPOS="1047" WIDTH="38" HEIGHT="19" WC="0.96" CONTENT="Det"/><SP WIDTH="16" VPOS="1047" HPOS="480"/>
							<String ID="string_305" HPOS="496" VPOS="1048" WIDTH="22" HEIGHT="18" WC="0.93" CONTENT="är"/><SP WIDTH="18" VPOS="1048" HPOS="518"/>
							<String ID="string_306" HPOS="536" VPOS="1046" WIDTH="96" HEIGHT="26" WC="0.87" CONTENT="nemligen"/><SP WIDTH="20" VPOS="1046" HPOS="632"/>
							<String ID="string_307" HPOS="652" VPOS="1052" WIDTH="24" HEIGHT="13" WC="0.93" CONTENT="en"/><SP WIDTH="16" VPOS="1052" HPOS="676"/>
							<String ID="string_308" HPOS="692" VPOS="1046" WIDTH="57" HEIGHT="19" WC="0.94" CONTENT="enkel"/><SP WIDTH="13" VPOS="1046" HPOS="749"/>
							<String ID="string_309" HPOS="762" VPOS="1047" WIDTH="46" HEIGHT="20" WC="0.77" CONTENT="och"/>
						</TextLine>
						<TextLine ID="line_34" HPOS="63" VPOS="1071" WIDTH="743" HEIGHT="28">
							<String ID="string_310" HPOS="63" VPOS="1073" WIDTH="124" HEIGHT="21" WC="0.89" CONTENT="lättförstädd"/><SP WIDTH="9" VPOS="1073" HPOS="187"/>
							<String ID="string_311" HPOS="196" VPOS="1074" WIDTH="90" HEIGHT="25" WC="0.89" CONTENT="sanning,"/><SP WIDTH="12" VPOS="1074" HPOS="286"/>
							<String ID="string_312" HPOS="298" VPOS="1076" WIDTH="27" HEIGHT="16" WC="0.93" CONTENT="att"/><SP WIDTH="14" VPOS="1076" HPOS="325"/>
							<String ID="string_313" HPOS="339" VPOS="1073" WIDTH="83" HEIGHT="20" WC="0.92" CONTENT="likasom"/><SP WIDTH="9" VPOS="1073" HPOS="422"/>
							<String ID="string_314" HPOS="431" VPOS="1074" WIDTH="31" HEIGHT="18" WC="0.93" CONTENT="för"/><SP WIDTH="13" VPOS="1074" HPOS="462"/>
							<String ID="string_315" HPOS="475" VPOS="1072" WIDTH="79" HEIGHT="26" WC="0.93" CONTENT="fredliga"/><SP WIDTH="11" VPOS="1072" HPOS="554"/>
							<String ID="string_316" HPOS="565" VPOS="1072" WIDTH="130" HEIGHT="26" WC="0.96" CONTENT="medborgare"/><SP WIDTH="14" VPOS="1072" HPOS="695"/>
							<String ID="string_317" HPOS="709" VPOS="1072" WIDTH="44" HEIGHT="26" WC="0.95" CONTENT="inga"/><SP WIDTH="10" VPOS="1072" HPOS="753"/>
							<String ID="string_318" HPOS="763" VPOS="1071" WIDTH="43" HEIGHT="27" WC="0.86" CONTENT="hin,"/>
						</TextLine>
						<TextLine ID="line_35" HPOS="63" VPOS="1098" WIDTH="748" HEIGHT="26">
							<String ID="string_319" HPOS="63" VPOS="1100" WIDTH="37" HEIGHT="20" WC="0.92" CONTENT="der"/><SP WIDTH="14" VPOS="1100" HPOS="100"/>
							<String ID="string_320" HPOS="114" VPOS="1100" WIDTH="63" HEIGHT="20" WC="0.95" CONTENT="blifvit"/><SP WIDTH="14" VPOS="1100" HPOS="177"/>
							<String ID="string_321" HPOS="191" VPOS="1103" WIDTH="50" HEIGHT="17" WC="0.96" CONTENT="satta"/><SP WIDTH="15" VPOS="1103" HPOS="241"/>
							<String ID="string_322" HPOS="256" VPOS="1102" WIDTH="28" HEIGHT="17" WC="0.93" CONTENT="att"/><SP WIDTH="9" VPOS="1102" HPOS="284"/>
							<String ID="string_323" HPOS="293" VPOS="1100" WIDTH="145" HEIGHT="19" WC="0.96" CONTENT="sammanträda"/><SP WIDTH="14" VPOS="1100" HPOS="438"/>
							<String ID="string_324" HPOS="452" VPOS="1099" WIDTH="5" HEIGHT="19" WC="0.96" CONTENT="i"/><SP WIDTH="15" VPOS="1099" HPOS="457"/>
							<String ID="string_325" HPOS="472" VPOS="1099" WIDTH="86" HEIGHT="19" WC="0.92" CONTENT="enskilda"/><SP WIDTH="15" VPOS="1099" HPOS="558"/>
							<String ID="string_326" HPOS="573" VPOS="1100" WIDTH="104" HEIGHT="24" WC="0.92" CONTENT="samgväm"/><SP WIDTH="13" VPOS="1100" HPOS="677"/>
							<String ID="string_327" HPOS="690" VPOS="1099" WIDTH="32" HEIGHT="19" WC="0.93" CONTENT="för"/><SP WIDTH="7" VPOS="1099" HPOS="722"/>
							<String ID="string_328" HPOS="729" VPOS="1098" WIDTH="82" HEIGHT="25" WC="0.81" CONTENT="njutan-&#39;"/>
						</TextLine>
						<TextLine ID="line_36" HPOS="64" VPOS="1125" WIDTH="744" HEIGHT="27">
							<String ID="string_329" HPOS="64" VPOS="1126" WIDTH="34" HEIGHT="20" WC="0.95" CONTENT="det"/><SP WIDTH="16" VPOS="1126" HPOS="98"/>
							<String ID="string_330" HPOS="114" VPOS="1126" WIDTH="21" HEIGHT="20" WC="0.93" CONTENT="af."/><SP WIDTH="20" VPOS="1126" HPOS="135"/>
							<String ID="string_331" HPOS="155" VPOS="1126" WIDTH="163" HEIGHT="26" WC="0.77" CONTENT="sällskapslifvets"/><SP WIDTH="17" VPOS="1126" HPOS="318"/>
							<String ID="string_332" HPOS="335" VPOS="1126" WIDTH="70" HEIGHT="25" WC="0.94" CONTENT="behag,"/><SP WIDTH="24" VPOS="1126" HPOS="405"/>
							<String ID="string_333" HPOS="429" VPOS="1126" WIDTH="47" HEIGHT="20" WC="0.84" CONTENT="eller"/><SP WIDTH="16" VPOS="1126" HPOS="476"/>
							<String ID="string_334" HPOS="492" VPOS="1126" WIDTH="30" HEIGHT="19" WC="0.31" CONTENT="för:"/><SP WIDTH="20" VPOS="1126" HPOS="522"/>
							<String ID="string_335" HPOS="542" VPOS="1125" WIDTH="138" HEIGHT="20" WC="0.84" CONTENT="befordrandet"/><SP WIDTH="17" VPOS="1125" HPOS="680"/>
							<String ID="string_336" HPOS="697" VPOS="1125" WIDTH="20" HEIGHT="19" WC="0.93" CONTENT="af"/><SP WIDTH="13" VPOS="1125" HPOS="717"/>
							<String ID="string_337" HPOS="730" VPOS="1126" WIDTH="78" HEIGHT="18" WC="0.96" CONTENT="litterär"/>
						</TextLine>
						<TextLine ID="line_37" HPOS="63" VPOS="1151" WIDTH="743" HEIGHT="28">
							<String ID="string_338" HPOS="63" VPOS="1153" WIDTH="87" HEIGHT="26" WC="0.96" CONTENT="bildning"/><SP WIDTH="13" VPOS="1153" HPOS="150"/>
							<String ID="string_339" HPOS="163" VPOS="1153" WIDTH="38" HEIGHT="19" WC="0.96" CONTENT="och"/><SP WIDTH="10" VPOS="1153" HPOS="201"/>
							<String ID="string_340" HPOS="211" VPOS="1152" WIDTH="148" HEIGHT="26" WC="0.96" CONTENT="undervisning,"/><SP WIDTH="8" VPOS="1152" HPOS="359"/>
							<String ID="string_341" HPOS="367" VPOS="1152" WIDTH="23" HEIGHT="20" WC="0.93" CONTENT="sä"/><SP WIDTH="11" VPOS="1152" HPOS="390"/>
							<String ID="string_342" HPOS="401" VPOS="1153" WIDTH="47" HEIGHT="20" WC="0.75" CONTENT="böra"/><SP WIDTH="14" VPOS="1153" HPOS="448"/>
							<String ID="string_343" HPOS="462" VPOS="1152" WIDTH="17" HEIGHT="25" WC="0.95" CONTENT="ej"/><SP WIDTH="11" VPOS="1152" HPOS="479"/>
							<String ID="string_344" HPOS="490" VPOS="1152" WIDTH="60" HEIGHT="20" WC="0.93" CONTENT="heller"/><SP WIDTH="10" VPOS="1152" HPOS="550"/>
							<String ID="string_345" HPOS="560" VPOS="1152" WIDTH="59" HEIGHT="26" WC="0.96" CONTENT="några"/><SP WIDTH="12" VPOS="1152" HPOS="619"/>
							<String ID="string_346" HPOS="631" VPOS="1151" WIDTH="92" HEIGHT="26" WC="0.96" CONTENT="åtgärder"/><SP WIDTH="14" VPOS="1151" HPOS="723"/>
							<String ID="string_347" HPOS="737" VPOS="1151" WIDTH="69" HEIGHT="20" WC="0.96" CONTENT="hindra"/>
						</TextLine>
						<TextLine ID="line_38" HPOS="64" VPOS="1178" WIDTH="744" HEIGHT="28">
							<String ID="string_348" HPOS="64" VPOS="1180" WIDTH="47" HEIGHT="20" WC="0.96" CONTENT="dem"/><SP WIDTH="13" VPOS="1180" HPOS="111"/>
							<String ID="string_349" HPOS="124" VPOS="1182" WIDTH="28" HEIGHT="17" WC="0.96" CONTENT="att"/><SP WIDTH="15" VPOS="1182" HPOS="152"/>
							<String ID="string_350" HPOS="167" VPOS="1180" WIDTH="72" HEIGHT="19" WC="0.96" CONTENT="samlas"/><SP WIDTH="14" VPOS="1180" HPOS="239"/>
							<String ID="string_351" HPOS="253" VPOS="1179" WIDTH="26" HEIGHT="20" WC="0.95" CONTENT="till"/><SP WIDTH="16" VPOS="1179" HPOS="279"/>
							<String ID="string_352" HPOS="295" VPOS="1180" WIDTH="29" HEIGHT="19" WC="0.95" CONTENT="sin"/><SP WIDTH="15" VPOS="1180" HPOS="324"/>
							<String ID="string_353" HPOS="339" VPOS="1179" WIDTH="91" HEIGHT="19" WC="0.93" CONTENT="inbördes"/><SP WIDTH="10" VPOS="1179" HPOS="430"/>
							<String ID="string_354" HPOS="440" VPOS="1179" WIDTH="87" HEIGHT="27" WC="0.93" CONTENT="religiösa"/><SP WIDTH="15" VPOS="1179" HPOS="527"/>
							<String ID="string_355" HPOS="542" VPOS="1179" WIDTH="141" HEIGHT="25" WC="0.92" CONTENT="uppbyggelse."/><SP WIDTH="28" VPOS="1179" HPOS="683"/>
							<String ID="string_356" HPOS="711" VPOS="1178" WIDTH="26" HEIGHT="19" WC="0.96" CONTENT="Ju"/><SP WIDTH="13" VPOS="1178" HPOS="737"/>
							<String ID="string_357" HPOS="750" VPOS="1183" WIDTH="58" HEIGHT="15" WC="0.96" CONTENT="mera"/>
						</TextLine>
						<TextLine ID="line_39" HPOS="64" VPOS="1205" WIDTH="744" HEIGHT="27">
							<String ID="string_358" HPOS="64" VPOS="1206" WIDTH="150" HEIGHT="26" WC="0.92" CONTENT="presterskapet"/><SP WIDTH="14" VPOS="1206" HPOS="214"/>
							<String ID="string_359" HPOS="228" VPOS="1212" WIDTH="72" HEIGHT="20" WC="0.92" CONTENT="genom"/><SP WIDTH="13" VPOS="1212" HPOS="300"/>
							<String ID="string_360" HPOS="313" VPOS="1206" WIDTH="109" HEIGHT="19" WC="0.90" CONTENT=":förebilden&#39;"/><SP WIDTH="15" VPOS="1206" HPOS="422"/>
							<String ID="string_361" HPOS="437" VPOS="1206" WIDTH="19" HEIGHT="19" WC="0.96" CONTENT="af"/><SP WIDTH="14" VPOS="1206" HPOS="456"/>
							<String ID="string_362" HPOS="470" VPOS="1211" WIDTH="23" HEIGHT="14" WC="0.96" CONTENT="en"/><SP WIDTH="14" VPOS="1211" HPOS="493"/>
							<String ID="string_363" HPOS="507" VPOS="1210" WIDTH="48" HEIGHT="14" WC="0.92" CONTENT="sann"/><SP WIDTH="15" VPOS="1210" HPOS="555"/>
							<String ID="string_364" HPOS="570" VPOS="1205" WIDTH="109" HEIGHT="25" WC="0.92" CONTENT="kristlighet"/><SP WIDTH="12" VPOS="1205" HPOS="679"/>
							<String ID="string_365" HPOS="691" VPOS="1206" WIDTH="6" HEIGHT="18" WC="0.96" CONTENT="i"/><SP WIDTH="15" VPOS="1206" HPOS="697"/>
							<String ID="string_366" HPOS="712" VPOS="1205" WIDTH="41" HEIGHT="19" WC="0.95" CONTENT="lära"/><SP WIDTH="14" VPOS="1205" HPOS="753"/>
							<String ID="string_367" HPOS="767" VPOS="1205" WIDTH="41" HEIGHT="20" WC="0.96" CONTENT="och"/>
						</TextLine>
						<TextLine ID="line_40" HPOS="64" VPOS="1230" WIDTH="743" HEIGHT="28">
							<String ID="string_368" HPOS="64" VPOS="1233" WIDTH="23" HEIGHT="19" WC="0.95" CONTENT="lif"/><SP WIDTH="11" VPOS="1233" HPOS="87"/>
							<String ID="string_369" HPOS="98" VPOS="1233" WIDTH="77" HEIGHT="25" WC="0.93" CONTENT="lyckats"/><SP WIDTH="18" VPOS="1233" HPOS="175"/>
							<String ID="string_370" HPOS="193" VPOS="1233" WIDTH="87" HEIGHT="19" WC="0.65" CONTENT="tillvinna"/><SP WIDTH="21" VPOS="1233" HPOS="280"/>
							<String ID="string_371" HPOS="301" VPOS="1233" WIDTH="30" HEIGHT="25" WC="0.93" CONTENT="sig"/><SP WIDTH="14" VPOS="1233" HPOS="331"/>
							<String ID="string_372" HPOS="345" VPOS="1232" WIDTH="79" HEIGHT="25" WC="0.96" CONTENT="aktning"/><SP WIDTH="18" VPOS="1232" HPOS="424"/>
							<String ID="string_373" HPOS="442" VPOS="1233" WIDTH="37" HEIGHT="18" WC="0.93" CONTENT="och"/><SP WIDTH="22" VPOS="1233" HPOS="479"/>
							<String ID="string_374" HPOS="501" VPOS="1231" WIDTH="127" HEIGHT="26" WC="0.51" CONTENT="-tiligilvenhet"/><SP WIDTH="16" VPOS="1231" HPOS="628"/>
							<String ID="string_375" HPOS="644" VPOS="1231" WIDTH="52" HEIGHT="19" WC="0.92" CONTENT="inom"/><SP WIDTH="17" VPOS="1231" HPOS="696"/>
							<String ID="string_376" HPOS="713" VPOS="1232" WIDTH="49" HEIGHT="18" WC="0.89" CONTENT="hvar"/><SP WIDTH="14" VPOS="1232" HPOS="762"/>
							<String ID="string_377" HPOS="776" VPOS="1230" WIDTH="31" HEIGHT="20" WC="0.96" CONTENT="sin"/>
						</TextLine>
						<TextLine ID="line_41" HPOS="64" VPOS="1257" WIDTH="743" HEIGHT="27">
							<String ID="string_378" HPOS="64" VPOS="1259" WIDTH="120" HEIGHT="25" WC="0.93" CONTENT="församling,"/><SP WIDTH="15" VPOS="1259" HPOS="184"/>
							<String ID="string_379" HPOS="199" VPOS="1259" WIDTH="59" HEIGHT="20" WC="0.93" CONTENT="desto"/><SP WIDTH="14" VPOS="1259" HPOS="258"/>
							<String ID="string_380" HPOS="272" VPOS="1258" WIDTH="75" HEIGHT="20" WC="0.96" CONTENT="mindre"/><SP WIDTH="17" VPOS="1258" HPOS="347"/>
							<String ID="string_381" HPOS="364" VPOS="1260" WIDTH="22" HEIGHT="18" WC="0.93" CONTENT="är"/><SP WIDTH="14" VPOS="1260" HPOS="386"/>
							<String ID="string_382" HPOS="400" VPOS="1259" WIDTH="55" HEIGHT="19" WC="0.92" CONTENT="faran"/><SP WIDTH="17" VPOS="1259" HPOS="455"/>
							<String ID="string_383" HPOS="472" VPOS="1261" WIDTH="28" HEIGHT="17" WC="0.93" CONTENT="att"/><SP WIDTH="14" VPOS="1261" HPOS="500"/>
							<String ID="string_384" HPOS="514" VPOS="1258" WIDTH="66" HEIGHT="26" WC="0.92" CONTENT="dylika"/><SP WIDTH="17" VPOS="1258" HPOS="580"/>
							<String ID="string_385" HPOS="597" VPOS="1257" WIDTH="136" HEIGHT="20" WC="0.93" CONTENT="konventiklar"/><SP WIDTH="17" VPOS="1257" HPOS="733"/>
							<String ID="string_386" HPOS="750" VPOS="1257" WIDTH="57" HEIGHT="26" WC="0.96" CONTENT="skola"/>
						</TextLine>
						<TextLine ID="line_42" HPOS="65" VPOS="1283" WIDTH="739" HEIGHT="27">
							<String ID="string_387" HPOS="65" VPOS="1288" WIDTH="70" HEIGHT="22" WC="0.91" CONTENT="antaga"/><SP WIDTH="14" VPOS="1288" HPOS="135"/>
							<String ID="string_388" HPOS="149" VPOS="1288" WIDTH="53" HEIGHT="17" WC="0.93" CONTENT="emot"/><SP WIDTH="14" VPOS="1288" HPOS="202"/>
							<String ID="string_389" HPOS="216" VPOS="1286" WIDTH="110" HEIGHT="19" WC="0.90" CONTENT="detsamma"/><SP WIDTH="16" VPOS="1286" HPOS="326"/>
							<String ID="string_390" HPOS="342" VPOS="1291" WIDTH="25" HEIGHT="13" WC="0.93" CONTENT="en"/><SP WIDTH="15" VPOS="1291" HPOS="367"/>
							<String ID="string_391" HPOS="382" VPOS="1285" WIDTH="127" HEIGHT="25" WC="0.90" CONTENT="oppositionel"/><SP WIDTH="18" VPOS="1285" HPOS="509"/>
							<String ID="string_392" HPOS="527" VPOS="1284" WIDTH="90" HEIGHT="25" WC="0.96" CONTENT="ställning"/><SP WIDTH="14" VPOS="1284" HPOS="617"/>
							<String ID="string_393" HPOS="631" VPOS="1286" WIDTH="51" HEIGHT="17" WC="0.93" CONTENT="samt"/><SP WIDTH="16" VPOS="1286" HPOS="682"/>
							<String ID="string_394" HPOS="698" VPOS="1286" WIDTH="67" HEIGHT="17" WC="0.93" CONTENT="urarta"/><SP WIDTH="13" VPOS="1286" HPOS="765"/>
							<String ID="string_395" HPOS="778" VPOS="1283" WIDTH="26" HEIGHT="19" WC="0.96" CONTENT="till"/>
						</TextLine>
						<TextLine ID="line_43" HPOS="66" VPOS="1309" WIDTH="741" HEIGHT="26">
							<String ID="string_396" HPOS="66" VPOS="1311" WIDTH="63" HEIGHT="20" WC="0.96" CONTENT="förakt"/><SP WIDTH="14" VPOS="1311" HPOS="129"/>
							<String ID="string_397" HPOS="143" VPOS="1312" WIDTH="38" HEIGHT="19" WC="0.93" CONTENT="och"/><SP WIDTH="17" VPOS="1312" HPOS="181"/>
							<String ID="string_398" HPOS="198" VPOS="1311" WIDTH="133" HEIGHT="20" WC="0.67" CONTENT="sidovördnad"/><SP WIDTH="17" VPOS="1311" HPOS="331"/>
							<String ID="string_399" HPOS="348" VPOS="1311" WIDTH="29" HEIGHT="19" WC="0.96" CONTENT="för"/><SP WIDTH="15" VPOS="1311" HPOS="377"/>
							<String ID="string_400" HPOS="392" VPOS="1311" WIDTH="37" HEIGHT="20" WC="0.96" CONTENT="den"/><SP WIDTH="18" VPOS="1311" HPOS="429"/>
							<String ID="string_401" HPOS="447" VPOS="1311" WIDTH="96" HEIGHT="20" WC="0.93" CONTENT="allmänna"/><SP WIDTH="17" VPOS="1311" HPOS="543"/>
							<String ID="string_402" HPOS="560" VPOS="1309" WIDTH="144" HEIGHT="26" WC="0.81" CONTENT="gudstjensten."/><SP WIDTH="30" VPOS="1309" HPOS="704"/>
							<String ID="string_403" HPOS="734" VPOS="1310" WIDTH="38" HEIGHT="19" WC="0.87" CONTENT="Det"/><SP WIDTH="11" VPOS="1310" HPOS="772"/>
							<String ID="string_404" HPOS="783" VPOS="1311" WIDTH="24" HEIGHT="17" WC="0.92" CONTENT="är"/>
						</TextLine>
						<TextLine ID="line_44" HPOS="66" VPOS="1335" WIDTH="741" HEIGHT="28">
							<String ID="string_405" HPOS="66" VPOS="1338" WIDTH="109" HEIGHT="25" WC="0.93" CONTENT="egentligen"/><SP WIDTH="14" VPOS="1338" HPOS="175"/>
							<String ID="string_406" HPOS="189" VPOS="1338" WIDTH="69" HEIGHT="19" WC="0.93" CONTENT="endast"/><SP WIDTH="13" VPOS="1338" HPOS="258"/>
							<String ID="string_407" HPOS="271" VPOS="1337" WIDTH="71" HEIGHT="20" WC="0.96" CONTENT="sådana"/><SP WIDTH="14" VPOS="1337" HPOS="342"/>
							<String ID="string_408" HPOS="356" VPOS="1340" WIDTH="60" HEIGHT="22" WC="0.95" CONTENT="orter,"/><SP WIDTH="17" VPOS="1340" HPOS="416"/>
							<String ID="string_409" HPOS="433" VPOS="1338" WIDTH="82" HEIGHT="19" WC="0.95" CONTENT="hvarest"/><SP WIDTH="13" VPOS="1338" HPOS="515"/>
							<String ID="string_410" HPOS="528" VPOS="1336" WIDTH="25" HEIGHT="20" WC="0.95" CONTENT="till"/><SP WIDTH="15" VPOS="1336" HPOS="553"/>
							<String ID="string_411" HPOS="568" VPOS="1335" WIDTH="46" HEIGHT="26" WC="0.96" CONTENT="följe"/><SP WIDTH="14" VPOS="1335" HPOS="614"/>
							<String ID="string_412" HPOS="628" VPOS="1337" WIDTH="20" HEIGHT="18" WC="0.96" CONTENT="af"/><SP WIDTH="12" VPOS="1337" HPOS="648"/>
							<String ID="string_413" HPOS="660" VPOS="1342" WIDTH="23" HEIGHT="13" WC="0.96" CONTENT="en"/><SP WIDTH="15" VPOS="1342" HPOS="683"/>
							<String ID="string_414" HPOS="698" VPOS="1337" WIDTH="68" HEIGHT="24" WC="0.96" CONTENT="längre"/><SP WIDTH="13" VPOS="1337" HPOS="766"/>
							<String ID="string_415" HPOS="779" VPOS="1335" WIDTH="28" HEIGHT="25" WC="0.96" CONTENT="tid"/>
						</TextLine>
						<TextLine ID="line_45" HPOS="66" VPOS="1362" WIDTH="741" HEIGHT="27">
							<String ID="string_416" HPOS="66" VPOS="1365" WIDTH="79" HEIGHT="19" WC="0.93" CONTENT="fortsatt"/><SP WIDTH="10" VPOS="1365" HPOS="145"/>
							<String ID="string_417" HPOS="155" VPOS="1365" WIDTH="137" HEIGHT="24" WC="0.91" CONTENT="försumlighet"/><SP WIDTH="7" VPOS="1365" HPOS="292"/>
							<String ID="string_418" HPOS="299" VPOS="1365" WIDTH="39" HEIGHT="18" WC="0.93" CONTENT="och"/><SP WIDTH="7" VPOS="1365" HPOS="338"/>
							<String ID="string_419" HPOS="345" VPOS="1363" WIDTH="125" HEIGHT="20" WC="0.95" CONTENT="vårdslöshet"/><SP WIDTH="7" VPOS="1363" HPOS="470"/>
							<String ID="string_420" HPOS="477" VPOS="1363" WIDTH="5" HEIGHT="19" WC="0.93" CONTENT="i"/><SP WIDTH="6" VPOS="1363" HPOS="482"/>
							<String ID="string_421" HPOS="488" VPOS="1363" WIDTH="161" HEIGHT="24" WC="0.92" CONTENT="presterskapets"/><SP WIDTH="9" VPOS="1363" HPOS="649"/>
							<String ID="string_422" HPOS="658" VPOS="1362" WIDTH="149" HEIGHT="26" WC="0.87" CONTENT="handhafvande"/>
						</TextLine>
						<TextLine ID="line_46" HPOS="67" VPOS="1387" WIDTH="740" HEIGHT="27">
							<String ID="string_423" HPOS="67" VPOS="1390" WIDTH="20" HEIGHT="20" WC="0.93" CONTENT="af"/><SP WIDTH="13" VPOS="1390" HPOS="87"/>
							<String ID="string_424" HPOS="100" VPOS="1389" WIDTH="130" HEIGHT="25" WC="0.50" CONTENT="själavärden,"/><SP WIDTH="12" VPOS="1389" HPOS="230"/>
							<String ID="string_425" HPOS="242" VPOS="1389" WIDTH="88" HEIGHT="19" WC="0.96" CONTENT="omsider"/><SP WIDTH="14" VPOS="1389" HPOS="330"/>
							<String ID="string_426" HPOS="344" VPOS="1395" WIDTH="24" HEIGHT="13" WC="0.96" CONTENT="en"/><SP WIDTH="11" VPOS="1395" HPOS="368"/>
							<String ID="string_427" HPOS="379" VPOS="1389" WIDTH="70" HEIGHT="20" WC="0.96" CONTENT="allmän"/><SP WIDTH="14" VPOS="1389" HPOS="449"/>
							<String ID="string_428" HPOS="463" VPOS="1389" WIDTH="38" HEIGHT="18" WC="0.93" CONTENT="och"/><SP WIDTH="8" VPOS="1389" HPOS="501"/>
							<String ID="string_429" HPOS="509" VPOS="1387" WIDTH="48" HEIGHT="26" WC="0.96" CONTENT="djup"/><SP WIDTH="13" VPOS="1387" HPOS="557"/>
							<String ID="string_430" HPOS="570" VPOS="1387" WIDTH="117" HEIGHT="26" WC="0.96" CONTENT="okunnighet"/><SP WIDTH="16" VPOS="1387" HPOS="687"/>
							<String ID="string_431" HPOS="703" VPOS="1388" WIDTH="5" HEIGHT="20" WC="0.86" CONTENT="i"/><SP WIDTH="9" VPOS="1388" HPOS="708"/>
							<String ID="string_432" HPOS="717" VPOS="1387" WIDTH="90" HEIGHT="24" WC="0.87" CONTENT="religiösa"/>
						</TextLine>
						<TextLine ID="line_47" HPOS="67" VPOS="1413" WIDTH="741" HEIGHT="28">
							<String ID="string_433" HPOS="67" VPOS="1416" WIDTH="40" HEIGHT="25" WC="0.96" CONTENT="ting"/><SP WIDTH="14" VPOS="1416" HPOS="107"/>
							<String ID="string_434" HPOS="121" VPOS="1416" WIDTH="68" HEIGHT="21" WC="0.88" CONTENT="hunnit"/><SP WIDTH="12" VPOS="1416" HPOS="189"/>
							<String ID="string_435" HPOS="201" VPOS="1415" WIDTH="85" HEIGHT="21" WC="0.92" CONTENT="utbreda"/><SP WIDTH="14" VPOS="1415" HPOS="286"/>
							<String ID="string_436" HPOS="300" VPOS="1415" WIDTH="29" HEIGHT="26" WC="0.96" CONTENT="sig"/><SP WIDTH="14" VPOS="1415" HPOS="329"/>
							<String ID="string_437" HPOS="343" VPOS="1415" WIDTH="58" HEIGHT="22" WC="0.90" CONTENT="bland"/><SP WIDTH="15" VPOS="1415" HPOS="401"/>
							<String ID="string_438" HPOS="416" VPOS="1415" WIDTH="67" HEIGHT="24" WC="0.92" CONTENT="folket,"/><SP WIDTH="16" VPOS="1415" HPOS="483"/>
							<String ID="string_439" HPOS="499" VPOS="1414" WIDTH="76" HEIGHT="23" WC="0.92" CONTENT="hvilket"/><SP WIDTH="12" VPOS="1414" HPOS="575"/>
							<String ID="string_440" HPOS="587" VPOS="1414" WIDTH="30" HEIGHT="21" WC="0.96" CONTENT="för"/><SP WIDTH="14" VPOS="1414" HPOS="617"/>
							<String ID="string_441" HPOS="631" VPOS="1414" WIDTH="41" HEIGHT="22" WC="0.93" CONTENT="sina"/><SP WIDTH="15" VPOS="1414" HPOS="672"/>
							<String ID="string_442" HPOS="687" VPOS="1414" WIDTH="69" HEIGHT="26" WC="0.92" CONTENT="högstä"/><SP WIDTH="13" VPOS="1414" HPOS="756"/>
							<String ID="string_443" HPOS="769" VPOS="1413" WIDTH="39" HEIGHT="22" WC="0.96" CONTENT="och"/>
						</TextLine>
					</TextBlock>
				</ComposedBlock>
			</PrintSpace>
		</Page>
	</Layout>
</alto>
