1009 1809
205 125 21 18 76
431 124 70 21 Nådiga
513 124 140 22 Propositionen
666 124 36 16 N:o
714 124 17 16 3.

205 175 42 25 rad,
269 174 114 26 ytterligare
403 174 30 19 för
454 174 78 24 sytning
549 172 110 20 intecknas.
688 172 66 20 Likväl
773 176 61 15 synes
847 171 35 19 det
896 173 52 18 stän-

204 200 68 25 derne,
290 206 43 13 som
348 200 62 19 skulle
424 199 117 25 rättigheten
557 201 28 17 att
600 198 43 26 ingå
658 198 142 26 sytningsaftal,
817 198 47 20 eller
878 200 28 16 att
919 198 30 19 åt-

206 227 98 19 minstone
320 226 74 21 bereda
412 226 29 25 sig
455 226 94 19 säkerhet
562 225 30 19 för
606 225 50 19 slike
670 225 56 19 aftals
740 223 134 27 uppfyllande,
889 224 61 19 blifva

205 258 71 20 genom
288 252 26 20 de
328 251 108 27 föreslagria
451 252 144 25 stadganderne
608 252 64 19 alltför
684 250 83 27 mycket
781 250 108 20 inskränkt.
912 250 37 20 An-

205 278 91 27 tagandet
312 279 20 19 af
346 279 40 24 allt,
402 278 53 20 hvad
472 278 147 25 propositionen
638 278 5 18 i
658 277 60 26 sagde
732 277 10 25 $
756 276 114 25 innehåller,
886 277 63 28 skulle

205 305 93 25 innebära
318 307 69 18 nästan
409 307 28 17 ett
458 305 78 20 absolut
552 304 70 20 förbud
639 306 41 17 mot
694 303 111 26 inteckning
818 303 21 19 af
850 305 100 28 sytnings-

205 331 99 26 kontrakt,
324 331 83 20 emedan
424 331 19 20 få
461 331 113 26 lägenheter
590 331 56 19 torde
662 330 72 25 finnas,
752 335 45 15 som
813 329 45 20 icke
875 331 34 18 äro
923 335 28 14 in-

206 358 96 20 tecknade
320 359 30 19 för
366 358 43 26 gäld
428 359 46 19 eller
488 357 90 20 arrende.
608 357 112 26 Inteckning
734 357 30 20 för
778 356 43 26 gäld
835 357 57 25 utgör
906 355 45 20 icke

206 385 62 20 heller
282 390 24 14 en
320 385 101 26 gravation
435 385 21 19 af
468 385 41 19 fullt
524 383 100 21 enahanda
638 387 31 16 art
683 389 45 14 som
742 383 111 26 inteckning
866 383 30 20 för
910 386 41 23 syt-

205 411 51 26 ning.
286 411 38 20 Vid
341 417 24 14 en
383 411 107 26 egendoms
508 410 106 21 exekutiva
631 409 111 27 försäljning
756 410 112 20 försvinner
882 410 68 20 nemli-

205 443 37 20 gen
256 439 24 19 all
294 438 111 26 inteckning
418 439 30 18 för
461 437 50 27 gäld,
527 438 105 19 hvaremot
645 437 105 20 intecknad
765 437 77 26 sytning
856 436 94 26 yvarstär

205 464 26 20 till
246 465 182 30 sytningstagarens
441 465 46 20 död.
516 464 133 20 Arrendeaftal
664 463 42 20 åter
720 464 92 19 innefatta
825 463 90 26 vanligen
926 469 23 14 en

205 491 77 20 förmån
295 491 31 20 för
337 490 125 28 jordegaren.
491 492 95 19 Deremot
602 491 39 19 kan
658 496 24 14 en
700 490 107 27 egendoms
820 489 130 21 intecknande

206 517 30 20 för
249 517 49 21 flere
312 518 96 20 särskilda
423 518 135 26 sytningsaftal
569 517 88 20 medföra
668 516 61 21 svåra
738 517 151 26 förvecklingar,
897 517 54 20 helst

206 549 34 15 om
260 544 122 27 egendomen
402 544 98 25 derjemte
520 545 22 18 är
562 544 99 21 besvärad
677 543 47 20 med
738 543 111 26 inteckning
863 544 30 19 för
906 543 44 26 gäld

206 571 38 19 och
258 571 84 20 arrende
356 574 59 22 samt,
434 572 30 19 för
480 571 102 20 bristande
598 571 119 28 uppfyllelse
731 571 21 18 af
763 570 59 26 något
836 571 43 18 utaf
890 570 60 20 desse

206 597 52 25 aftal,
275 597 48 20 skall
338 597 11 20 å
365 597 85 26 offentlig
464 597 79 20 auktion
556 597 97 25 försäljas.
678 597 129 25 Lagstiftaren
817 597 36 20 bör
863 596 85 26 således,

206 624 58 25 enligt
278 624 116 20 ständernes
409 624 57 26 åsigt,
485 623 165 26 hufvudsakligen
664 624 49 19 söka
727 623 106 27 förebygga
846 622 104 27 jordegen-

206 650 58 20 doms
277 650 115 21 belastande
405 651 46 20 med
465 651 48 20 flere
528 651 108 26 sytningar.
664 651 30 19 En
704 651 5 18 i
720 649 62 21 sådan
793 650 86 27 syftning
889 650 62 20 utfär-

205 677 39 20 dad
260 677 112 26 författning
389 677 63 20 skulle
464 677 73 25 jemväl
553 677 83 20 ofelbart
649 678 68 25 utgöra
732 679 28 17 ett
774 677 80 25 kraftigt
867 677 83 20 korrek-

206 703 29 20 tiv
248 706 43 17 mot
305 703 145 26 arrende-aftal,
466 710 44 13 som
524 703 96 21 innehålla
634 704 158 25 bestämmelser,
808 703 67 20 hvilka
886 707 66 23 egent-

206 730 51 25 ligen
274 729 66 27 åsyfta
357 731 90 25 sytnings
464 730 106 20 förmåner.
599 730 110 20 Ständerne
722 729 20 20 få
756 730 86 25 således,
857 731 47 20 med
918 736 33 15 an-

206 757 82 26 tagande
302 757 21 19 af
334 757 26 20 de
374 763 5 13 i
394 758 10 19 4
420 757 11 25 $
444 757 119 20 innefattade
576 757 120 26 stadganden
711 757 5 19 i
730 756 64 27 öfrigt,
810 757 141 26 underdånigst

205 783 79 25 föreslå,
301 786 28 17 att
343 784 60 19 orden
419 783 64 26 »gäld,
501 783 84 20 arrende
599 784 58 19 eller«
668 783 63 20 måtte
741 782 43 21 från
794 783 60 20 första
862 789 91 14 momen-

207 811 28 18 tet
249 810 21 19 af
282 809 31 25 $:n
326 810 105 20 uteslutas.

258 836 119 26 Stadgandet
391 836 6 19 i
411 837 12 18 2
438 839 108 17 momentet
561 836 20 19 af
593 837 12 19 2
620 836 10 25 $
645 836 5 19 i
664 837 38 19 den
716 835 70 26 nådiga
803 836 148 26 propositionen

207 861 67 21 kunna
290 863 112 24 ständerne,
417 863 30 19 för
464 863 30 19 sin
510 863 39 26 del,
566 861 17 26 ej
599 863 61 19 heller
673 863 109 25 godkänna.
811 863 7 19 I
832 863 95 20 afseende
940 862 10 20 å

206 888 56 20 äldre
276 888 227 27 återvinningsförbehåll
519 889 83 20 föreslås
617 889 4 18 i
637 890 11 18 3
663 892 110 17 momentet
786 890 21 19 af
820 889 62 26 sagde
894 889 18 25 $,
924 892 29 17 att

207 914 74 21 sådane
295 914 103 26 förbehåll,
414 915 37 20 der
463 915 25 20 de
502 915 17 25 ej
534 915 60 21 blifva
608 915 118 20 intecknade
740 916 43 19 före
793 915 97 26 utgången
901 917 20 18 af
930 915 23 20 år

208 942 58 25 4865,
283 941 62 20 borde
358 947 60 14 anses
432 945 47 16 utan
493 943 53 18 kraft
560 942 37 19 och
612 943 81 18 verkan.
720 942 106 20 Enahanda
837 941 71 27 påföljd
919 948 34 20 sy-

207 973 35 14 nes
260 968 39 19 ock
316 969 48 19 böra
381 969 79 25 stadgas
477 969 29 19 för
520 968 74 21 sådana
608 968 95 21 förbehåll
718 969 20 20 af
751 968 149 27 ifrågavarande
913 972 37 22 art,

208 999 44 15 som
269 997 55 18 emot
339 995 67 26 lagens
424 995 70 20 förbud
511 996 87 24 härefter
615 995 43 20 ske.
687 995 63 26 Eljest
767 995 39 20 kan
820 996 34 20 lätt
868 995 83 26 inträffa,

207 1023 28 17 att
249 1021 245 26 egendomsöfverlåtelser
509 1023 49 18 först
572 1022 50 19 efter
635 1023 68 24 längre
717 1023 27 20 tid
759 1023 45 25 och,
820 1023 61 19 sedan
895 1028 59 20 egen-

207 1047 95 20 domarne
318 1047 41 27 gått
375 1053 72 21 genom
463 1049 49 19 flere
528 1048 82 25 händer,
629 1048 66 26 blifva,
714 1049 24 26 på
756 1049 64 26 grund
836 1049 21 19 af
869 1049 42 20 deri
926 1049 27 20 in-

206 1073 75 27 gångna
295 1074 187 27 återvinningsaftal,
497 1075 105 26 upphäfna,
618 1075 5 18 i
638 1075 46 26 följd
698 1076 70 19 hvaraf
776 1075 129 26 mångfaldiga
915 1076 38 19 tvi-

207 1103 41 17 ster
266 1102 38 19 och
320 1101 26 20 de
363 1101 142 26 betänkligaste
522 1101 142 26 förvecklingar
682 1103 64 19 skulle
758 1102 82 26 uppstå.
869 1103 38 19 Det
920 1108 34 14 na-

208 1127 102 26 turligaste
330 1129 38 18 och
389 1130 83 17 rättaste
490 1134 61 21 synes
568 1128 39 20 ock
624 1134 55 20 vara,
698 1131 28 17 att
739 1129 46 26 den,
800 1135 45 14 som
859 1128 53 26 gjort
925 1131 28 18 ett

207 1153 77 27 olagligt
297 1154 103 26 förbehåll,
416 1154 108 21 vidkännes
538 1155 36 20 alla
588 1155 133 25 olägenheter,
737 1161 34 14 om
783 1155 67 20 aftalet
859 1156 92 25 förfaller,

207 1182 46 17 utan
268 1181 94 20 inverkan
376 1181 5 20 i
396 1181 58 26 öfrigt
468 1181 10 20 å
494 1181 104 20 beståndet
608 1181 20 19 af
636 1181 35 20 det
681 1182 176 25 hufvudkontrakt,
869 1182 26 20 till
904 1183 50 19 hvil-

208 1205 34 20 ket
256 1207 116 20 förbehållet
386 1206 52 27 gjort
452 1208 72 19 biaftal.

260 1233 27 20 På
304 1234 64 26 grund
381 1235 21 19 af
414 1234 52 20 hvad
481 1234 81 20 sålunda
579 1233 63 22 blifvit
656 1235 82 25 anfördt,
758 1235 18 20 få
796 1235 106 20 ständerne
919 1241 35 14 un-

207 1259 115 28 derdånigst
343 1261 103 19 hemställa
464 1267 32 13 om
513 1261 45 19 icke
574 1260 147 26 ifrågavarande
742 1261 10 26 $
769 1263 11 19 2
799 1261 66 20 kunde
880 1261 73 21 erhålla

209 1285 84 25 följande
307 1287 85 26 lydelse:

209 1365 3 3 N
263 1340 125 20 «Öfverlätes
401 1339 45 26 jord
461 1341 25 20 tili
502 1347 36 19 ego
553 1341 63 20 under
631 1342 64 19 vilkor
708 1343 20 18 af
736 1342 90 19 framtida
832 1341 122 25 äktenskaps

208 1365 102 26 ingående,
326 1367 48 18 eller
387 1366 46 20 med
448 1367 71 26 beting,
539 1373 43 14 som
599 1368 35 24 gör
648 1367 75 26 intrång
738 1367 4 19 i
757 1367 63 25 tredje
834 1373 56 14 mans
905 1369 45 23 rätt,

209 1397 47 14 vare
270 1391 137 30 öfverlätelsen
422 1393 51 24 ogild
488 1395 38 18 och
540 1394 68 25 lagfart
621 1393 47 20 derä
684 1393 17 25 ej
717 1393 80 20 tillåten.
813 1394 47 19 "Har
869 1393 85 20 öfverlä-

210 1419 41 18 tare
273 1418 110 21 förbehällit
404 1419 29 25 sig
454 1419 47 20 eller
522 1425 62 15 annan
601 1422 28 17 att
646 1420 5 19 i
666 1420 102 20 framtiden
790 1421 29 19 för
840 1420 51 20 visst
913 1421 41 25 pris
