1009 1834
256 130 137 22 Lagutskottets
406 132 113 18 betänkande
531 132 36 18 N:o
580 133 16 17 1.
790 133 9 17 7

59 178 92 27 uppnådd
166 179 181 27 myndighetsålder
361 181 134 21 öfverlemnar
509 183 147 24 förvaltningen
671 182 20 19 af
699 183 31 19 sin
739 188 61 20 egen-

58 206 45 20 dom
119 207 5 18 i
138 206 139 27 förmyndares
291 207 59 20 hand.
615 219 6 2 =

111 233 98 20 Utskottet
224 233 28 19 får
266 233 24 26 på
305 234 147 20 ofvannämnde
466 236 87 24 grunder
569 236 102 19 vördsamt
685 235 78 24 föreslå,

262 290 30 20 det
309 290 56 20 måtte
379 292 72 20 landets
466 293 96 25 högloflige
577 292 82 24 ständer,
675 292 42 19 med
725 293 73 25 förkla-

261 319 60 19 rande
339 322 28 16 alt
386 320 36 19 den
439 320 69 26 nådiga
523 322 140 24 propositionen
681 320 39 19 icke
738 320 61 20 kunde

260 347 115 25 oförändrad
392 348 84 26 bifallas,
490 350 35 25 för
541 351 29 17 sin
587 349 30 19 del
634 348 71 20 besluta
723 355 22 13 en
756 350 42 24 för-

254 376 86 26 fattning
355 377 80 19 rörande
450 377 145 26 ifrågavarande
610 380 67 17 ämnen
687 378 24 24 af
711 377 87 26 följande

256 400 83 34 lydelse:
691 429 8 4 .

317 432 60 24 Med
392 434 80 26 ändring
490 435 23 25 af
524 434 13 20 2
551 433 17 27 f
582 434 25 19 19
622 434 43 25 kap.
682 434 61 26 Ärfda
759 434 37 19 bal-

259 461 35 19 ken
316 464 49 17 samt
384 463 50 19 hvad
453 462 106 27 Giftermäls
580 462 66 20 balken
665 469 30 13 om
713 462 84 27 (andra)

257 491 92 25 giftomän
366 491 37 25 (än
415 491 110 26 föräldrar)
543 490 106 24 innehäller,
664 491 69 19 varder
746 491 50 19 stad-

194 526 6 4 x
257 518 48 25 gadt
319 524 40 14 som
367 519 84 25 följer”:

499 576 21 27 g
534 576 36 20 1

316 598 122 36 Alternativt:

315 631 50 23 »Mö
383 633 63 25 hafve,
465 634 58 19 sedan
541 634 37 19 hon
589 634 73 25 femton
680 633 23 19 år
715 634 83 24 gammal

259 664 32 19 är,
310 660 51 20 makt
376 663 28 17 att
418 661 48 20 råda
481 663 50 25 öfver
545 662 36 23 det,
597 662 36 19 hon
647 662 44 25 sjelf
698 662 99 25 förvärfva

259 690 43 18 kan.
342 688 35 20 Vid
395 690 77 25 tjuguett
491 690 31 20 års
542 689 53 20 ålder
613 696 32 19 ege
662 690 37 19 hon
716 689 33 19 allt
767 690 32 18 sitt

257 717 48 25 gods
319 716 85 26 förestå,
425 718 33 19 der
475 718 36 20 hon
528 717 23 21 så
569 718 91 20 åstundar
677 718 34 19 och
729 716 69 20 sådant

254 746 35 24 för
305 744 70 20 Rätten
393 747 88 19 anmäler.
514 746 73 26 Hafver
605 746 36 20 hon
649 746 48 26 fyllt
711 746 87 25 tjugufem

259 773 33 24 år,
310 779 45 13 vare
372 776 46 18 utan
435 776 36 18 slik
488 775 89 19 anmälan
594 775 81 25 myndig.
713 774 35 19 Vil
762 774 36 19 hon

260 802 47 19 dock
321 801 54 20 hellre
384 802 172 26 förmyndarevård
570 803 59 25 njuta,
645 809 32 19 ege
691 804 66 21 rätten,
771 800 27 26 på

261 830 67 19 hennes
348 829 91 27 begäran,
459 831 62 20 derom
529 831 94 26 förordna
638 830 33 20 och
685 829 70 21 sådant
768 836 29 12 ve-

261 857 114 26 derbörligen
389 859 105 26 kungöra*.

319 914 44 20 eller
376 916 43 19 ock:

317 957 14 10 »
333 943 32 19 Mö
374 941 73 29 ”hafve,
465 945 59 20 sedan
541 946 36 19 hon
589 946 73 25 femton
679 944 24 19 år
715 944 83 26 gammal

260 976 32 20 är,
311 972 52 20 makt
377 975 28 17 att
418 973 48 20 råda
481 975 50 25 öfver
545 973 36 24 det,
597 974 36 19 hon
648 973 44 26 sjelf
697 973 101 26 förvärfva

261 1002 43 19 kan..
335 1000 32 19 Då
385 1001 36 20 hon
429 1002 46 26 fyllt
490 1002 87 26 tjugufem
591 1001 28 24 år,
635 1007 44 14 vare
694 999 105 26 berättigad

261 1032 28 17 att
307 1029 34 20 allt
359 1031 32 18 sitt
405 1031 48 24 gods
465 1029 79 27 förestä.
582 1029 36 20 Vill
635 1030 36 19 hon
689 1029 55 19 hellre
756 1029 42 24 för-

259 1057 138 27 myndarevård
411 1059 58 25 njuta,
486 1065 31 20 ege
531 1061 68 20 rätten,
611 1057 28 27 på
649 1058 96 22 anmälan,
757 1056 40 20 der-

261 1093 29 13 om
298 1087 95 25 förordna
407 1088 34 19 och
456 1087 69 20 sådant
541 1086 137 25 vederbörligen
694 1086 105 25 kungöra*!.

504 1143 17 27 f
535 1143 18 20 2

319 1172 120 20 Alternativt:

319 1199 80 25 Sedan
415 1203 30 16 mö
463 1201 116 19 sistnämnda
597 1199 52 20 ålder
665 1198 86 27 uppnått,
767 1205 32 19 ege

262 1229 36 20 hon
313 1229 33 19 ock
360 1231 46 17 utan
418 1230 101 25 giftomans
531 1228 94 26 samtycke
635 1227 103 26 äktenskap
749 1226 49 27 ingå.

263 1256 60 27 Gifter
340 1258 36 19 hon
393 1258 29 25 sig
440 1260 38 17 mot
488 1257 109 26 föräldrars
615 1257 45 25 vilja
674 1257 7 18 i
695 1255 23 20 de
726 1255 45 26 fall,
787 1255 13 20 2

262 1285 17 26 $
296 1284 14 21 6
327 1285 44 26 kap.
391 1285 23 20 G.
433 1286 24 19 B.
477 1285 110 24 innehåller,
607 1285 54 26 hafve
680 1284 47 19 dock
740 1283 61 26 fader

263 1315 44 18 eller
320 1313 63 20 moder
397 1313 43 20 våld
455 1316 27 17 att
494 1316 47 23 göra
557 1313 58 20 henne
629 1313 78 24 arflös*.

320 1371 43 19 eller
377 1370 44 20 ock:

320 1413 13 9 »
336 1398 64 20 Sedan
417 1401 30 16 mö
465 1398 116 20 sistnämnda
599 1397 52 20 ålder
668 1397 85 26 uppnått,
769 1403 31 19 ege

263 1428 36 18 hon
314 1425 38 21 ock"
362 1429 45 18 utan
418 1427 101 25 giftomans
529 1427 95 26 samtycke
633 1426 103 25 äktenskap
746 1424 55 25 ingå;
