1006 1775
288 122 70 25 Nådiga
370 126 140 23 Propositionen
522 126 36 18 N:o
569 127 18 17 6.
773 128 35 19 4"

67 177 63 15 vuxna
144 174 38 19 och
197 174 109 20 arbetsföra:
320 178 96 22 personer
429 174 38 21 kan
481 176 6 19 i
502 175 75 27 vanliga
587 176 24 20 är
623 176 87 20 derifrän
722 176 87 27 päräkna

63 200 62 18 säker
144 200 90 20 utkomst
253 200 37 20 och
308 201 106 26 bergring:
439 202 57 20 Detta
512 202 95 21 förbehåll
626 203 64 19 skulle
706 203 52 20 dock
776 204 33 20 vid

63 226 145 26 tillämpningen
221 227 5 18 i
241 227 87 26 betydlig
341 227 49 20 män
395 228 79 20 minska
483 228 38 20 den
531 229 83 26 förmän,
626 234 46 15 som
681 230 36 18 här
727 230 82 26 medgif-

66 256 42 20 ves,
124 253 38 18 och
175 252 25 20 då
214 253 34 19 det
262 253 58 20 tillika
335 254 136 25 föreskrifves,
487 258 28 16 att
528 255 38 19 Jen
580 261 38 20 nya
632 256 117 25 lägenheten
763 257 45 19 icke

62 278 98 19 behöfver
173 282 69 22 genast
256 280 92 25 uppfylla
353 279 226 27 bösötenhetsvilkoret;
590 284 55 16 samt
657 284 29 16 att
700 282 6 18 i
716 282 53 20 detta
780 283 28 19 af-

63 304 73 20 seende
150 306 22 18 är
186 305 100 25 tillfyllest,
302 309 31 16 at
344 305 38 21 den
396 306 68 20 består
477 308 22 18 af
510 307 63 25 mark,
583 312 52 15 som
648 310 47 16 utan
705 308 102 26 svårighet

63 330 37 20 kan
114 330 62 21 dertill
192 332 77 26 bringas
278 338 70 20 genom
359 332 110 31 uppodling,
482 339 60 20 synes
552 339 24 14 en
586 334 125 26 nedsättning
720 334 21 20 af
747 340 61 20 nyss-

62 357 85 20 nämnde
160 358 49 20 anta!
224 359 26 19 till
266 361 30 17 tre
309 360 47 18 vara
370 359 76 26 önsklig
455 361 38 18 och
506 360 146 26 fnllständigare
666 359 95 27 befrämja
773 361 34 20 det

61 382 82 22 afsedda:
162 384 118 21 ändamålet.
311 386 75 19 "Jemte'
396 385 40 20 det'
450 387 104 19 ständerne
574 386 89 20 således:
676 387 46 20 med
736 387 71 21 denna

60 410 82 27 ändring
161 411 100 26 godkänna
281 412 44 20 det
336 412 120 20 -väsendtiga
465 412 111 21 innehållet
589 414 23 19 af
622 412 152 27 ifrågavarande
786 414 19 26 $,

60 442 48 14 anse
125 438 105 20 ständerne
248 438 29 26 sig
294 438 44 20 iéke
356 438 64 20 kunna
449 439 49 20 bifalla
512 440 26 20 till
552 440 117 20 densamma
684 440 121 20 beträffande

61 469 24 13 en
97 464 44 20 deri
155 460 97 37 upptagen
266 464 146 26 omständighet
425 466 21 18 af
459 466 29 19 för
501 466 141 20 hufvudsaken
655 466 110 27 oväsentlig
771 468 35 19 be-

61 491 77 19 tydelse
154 491 39 20 lika
208 491 43 20 filet
266 496 50 15 som
324 490 31 21 till
370 491 38 20 den
422 492 6 19 i
440 492 148 26 propositionen
603 486 115 37 föreslagna.
727 486 78 37 ordaly:

92 522 43 15 ser;
154 529 26 3 —
197 518 11 20 I
221 516 54 28 fråga
292 524 39 14 om
341 519 104 19 mantalets
462 518 105 28 fördelning
584 520 84 20 emellati
683 520 122 26 stomlägen-

63 540 71 36 heten”
143 546 36 19 och
195 545 38 19 den
249 551 39 21 nya
304 546 115 26 lägenheten
437 546 56 20 heter
506 546 38 20 Jet
554 546 98 26 nemligen
664 547 7 19 i
685 547 62 19 slutet
760 547 23 19 af
793 547 12 25 $

62 572 28 18 att
109 572 92 20 mantalet
220 572 36 20 bör
277 572 10 20 ä
308 572 46 20 dem
375 572 97 20 hvardera
494 574 84 19 utsättas
600 573 18 19 «i
641 573 96 26 lämpliga:
752 572 51 21 bråk

63 597 62 21 helst
145 599 23 20 af
187 599 211 20 hundradedelär.»
426 598 101 27 Sistsagle
541 599 68 26 tillägg
623 605 61 21 synes
698 600 107 20 stähderne

62 624 43 27 föga
119 625 165 27 ändamälsenligt;
300 625 84 20 emelan
398 626 144 26 tillämpningen.
551 626 71 20 deraf
616 620 19 37 i:
633 627 71 26 många
715 626 30 20 fall
757 627 48 20 blef-

63 655 25 16 ve
101 654 69 18 nästän
184 652 84 26 omöjlig,
285 652 52 20 samt
349 652 83 20 komme
444 654 28 18 att
485 652 37 20 öka
531 652 165 26 de:svärigheter;
708 653 96 20 hvarmed

60 678 211 27 egostyckningsaftals
285 679 106 26 bringanle
398 678 32 21 -till
447 679 138 26 verställighet:
593 679 56 20 i-alla
662 680 30 20 fall
706 679 38 20 blir
752 679 53 20 före-

61 705 52 20 nadt.
142 706 43 19 Och
196 706 63 19 ehuru
268 705 104 20 ständerne
382 706 58 19 äfven
450 705 84 20 erkänna
544 705 195 27 decimalsystemets
749 709 56 17 stora

62 731 110 21 företräden
192 731 115 27 isynnerhet
324 732 5 19 i
346 733 36 19 alla
398 732 25 19 de
441 732 137 25 förhållanden,
598 737 44 15 som
659 732 124 20 förekomma
797 733 6 19 i

60 759 38 19 den:
112 759 75 26 dagliga
201 759 94 25 rörelsen,
311 759 64 19 kunna
389 758 107 21 ständerne
508 759 92 20 deremot
613 759 44 20 icke
671 759 43 20 dela
727 757 76 28 äsigten

60 788 34 17 dm
108 785 54 20 detta
176 788 89 23 systems
280 786 64 19 större
357 785 113 26 lämplighet
486 785 31 20 vid
531 785 159 20 bestämmandet
703 785 21 20 af
730 784 74 26 jordlä-

60 813 130 25 genrheternas
203 812 77 19 mantal.
305 810 26 21 Då
344 806 70 36 härtill
415 812 92 20 kommer
516 814 28 17 att
553 811 144 26 tillämpningen
705 812 23 19 af
735 813 69 18 nämn-

60 833 113 36 dezsystem
188 839 66 19 skulle
268 839 6 18 i
287 837 70 28 många
371 839 30 19 falt
416 838 97 21 föranleda
528 838 44 19 vida
585 838 124 26 oformligare
715 838 53 20 bråk
779 840 24 17 än

59 865 26 20 de
105 870 26 14 nu
152 865 167 25 förekommande,
330 867 42 17 otro
388 865 107 20 ständerne
510 867 29 17 att
555 864 34 20 det
603 870 48 14 vore
665 865 96 20 ländande
774 865 28 19 till

60 892 76 25 verklig
149 895 54 23 nytta
216 897 34 14 om
263 891 65 21 orden.
334 892 70 19 «helst
416 892 22 18 af
449 890 168 22 hundradedelar»
632 891 52 25 finge
696 891 53 26 utgå.
766 892 37 18 Be-

60 918 94 20 träffande
168 918 136 26 ordalydelsen
318 918 5 20 i
337 918 57 26 öfrigt
407 919 22 18 är
443 918 39 26 det,
499 918 6 19 i
514 916 132 21 betraktande
654 918 20 19 af
680 918 66 25 lagens
752 923 50 20 upp-

59 945 35 25 gift
108 948 28 16 att
149 945 5 19 i
169 946 60 18 första
243 948 87 16 rummet
346 950 47 14 vara
408 944 102 27 tillgänglig
523 944 30 19 för
566 944 78 25 menige
658 950 51 19 man,
726 950 25 14 en
766 944 35 19 sak

58 972 22 18 af
90 974 44 16 stor
148 972 46 26 vigt,
210 974 29 17 att
252 971 35 20 alla
302 971 137 25 hänvisningar
453 972 5 18 i
468 972 115 19 densamma
592 970 25 20 till
628 970 120 25 stadgandeti
757 970 44 19 från

58 1003 24 14 en
97 1003 62 15 annan
174 998 27 20 tid
215 998 108 25 sorgfälligt
336 997 105 21 undvikas,
471 997 107 21 Ständerne
587 999 70 23 antaga
666 996 79 21 således
754 996 47 20 ifrä-

59 1025 111 25 gavarande
185 1025 11 25 $
209 1024 46 20 med
270 1024 84 26 fötjände
368 1024 117 20 förändrade
499 1023 85 27 lydelse:
622 1026 2 2 —
719 1033 57 8 ae

186 1078 43 20 Will
247 1083 59 20 egare
320 1078 22 19 af
357 1077 123 20 storskiftalt
497 1076 69 20 frälse-
580 1076 48 20 eller
641 1076 161 20 skattehemman

131 1105 25 19 till
174 1110 62 14 annan
253 1104 95 20 öfverläta
364 1103 64 26 nägon
443 1103 52 26 jord,
512 1104 32 19 för.
560 1106 28 16 att
605 1102 69 20 såsom
688 1102 115 26 :sjelfbestä-

99 1140 2 2 ++
130 1131 50 20 ende
198 1131 92 25 lägenhet
305 1130 47 20 med
369 1130 113 20 omedelbar
499 1129 167 26 skattskyldighet:
682 1130 26 19 till
723 1129 78 20 Kronan

124 1163 53 20 'egas.
191 1158 38 19 och
243 1157 90 25 hesittas;
350 1162 47 14 vare
411 1158 38 19 han
463 1157 26 19 till
500 1156 59 20 sådan
570 1156 105 26 styekning
683 1156 116 25 berättigad,

130 1184 38 20 ifall
182 1184 38 20 den
234 1183 124 21 återstående
372 1183 57 20 delen
442 1184 20 19 af
470 1184 113 19 hemmanet
593 1183 45 25 kan,
649 1183 61 20 sedan
720 1182 23 20 all
753 1182 50 20 dess

130 1211 110 25 afkastning
258 1205 52 35 efter
325 1205 101 35 medeltal.
433 1209 42 21 från
485 1211 68 24 öpper
568 1209 54 25 åker,
639 1210 43 25 äng,
697 1209 51 26 skog
763 1209 39 20 och

131 1237 58 25 fiske,
208 1237 35 20 der
257 1237 70 20 sådant
336 1236 74 25 finnes,
425 1236 69 25 jemte-
500 1237 60 24 öfriga
575 1231 99 35 förmåner
687 1236 40 19 och
742 1235 61 20 säkra

130 1264 152 19 inkomstkällor
298 1263 63 20 blifvit
374 1265 56 23 tagna
445 1263 5 18 i
465 1263 113 24 beräkning,
594 1263 63 18 temna
671 1262 23 19 sä
708 1264 45 17 stor:
767 1261 35 29 be-

108 1301 2 3 »
132 1289 89 26 :hållning,
237 1292 34 22 att,
288 1290 49 19 efter
351 1289 67 26 afdrag
431 1289 21 19 af
464 1291 90 18 räntorna
568 1289 27 19 til
606 1288 126 19 Kronan.och
741 1288 61 25 öfriga

130 1316 105 26 utskylder
252 1319 51 16 samt
319 1315 44 20 föda
380 1316 30 19 för
426 1315 68 26 nödigt
510 1315 50 23 antal
575 1315 67 28 hästar
656 1315 48 19 eller
714 1314 89 25 'Uragare

129 1343 63 25 jemte
207 1348 61 14 annan
282 1342 76 25 boskap
372 1343 104 18 äfvensom:
489 1342 37 20 den
541 1344 78 24 sytning
633 1340 99 22 hvarmed
745 1341 58 19 hem-

129 1371 67 18 manet
209 1369 37 20 kän
258 1375 45 13 vara
313 1369 153 25 besväradt,-ett
475 1368 78 21 hushåll
562 1368 21 19 af
591 1367 60 20 minst
658 1370 32 17 tre
698 1367 103 20 fullvuxna

128 1395 157 20 oeh-arhetsföra
294 1400 96 19 personer
398 1394 86 20 derifrån
494 1395 5 19 i
509 1394 75 25 vanliga
592 1393 24 20 år
624 1394 39 19 kan
672 1389 90 34 påräkna:
767 1389 34 34 sti

126 1421 39 20 «ker
179 1421 89 20 utkomst
281 1422 39 18 och
334 1420 100 26 'bergning;
449 1420 53 20 dock
516 1422 28 17 att
557 1420 58 19 äfven
628 1415 34 36 den
675 1415 65 36 delen,
750 1421 50 16 som
