998 1761
262 86 71 23 Nådiga
345 88 139 22 Propositionen
497 89 35 18 N:o
545 91 28 17 13.
768 91 34 19 337

314 186 220 25 Reservation.

110 240 26 18 Af
149 240 269 21 Universitetssekretcraren
433 243 141 20 Grotenfelt:

110 266 89 20 Emedan
211 266 32 27 jag
258 268 46 18 icke
315 268 37 19 kan
369 269 24 19 till
411 270 36 18 alla
465 270 54 19 delar
536 270 104 19 instemma
658 270 5 20 i
680 270 33 20 det
730 272 66 19 betän-

56 292 71 25 kande,
144 294 135 23 Lagutskottet
292 294 91 19 aflemnat
398 295 4 18 i
418 295 53 26 fråga
485 301 33 14 om
530 296 120 20 afskaffande
659 297 21 20 af
689 297 53 19 vissa
752 298 44 18 här-

56 319 86 20 förinnan
161 319 88 26 nyttjade
267 320 57 20 straff
339 322 39 18 och
394 321 58 20 deras
470 322 111 19 ersättande
601 323 107 20 tillsvidare
725 329 71 20 genom

56 345 60 20 andra
131 346 116 26 stralfarter,
264 346 29 20 får
305 346 32 27 jag
354 347 5 19 i
377 348 147 20 nedannämnda
541 349 85 25 punkter
643 349 89 20 deremot
749 350 47 20 ned-

57 373 53 25 lägga
125 373 130 20 reservation.
408 390 2 2 :

112 400 31 19 1:0
158 399 26 20 På
200 400 47 25 skäl,
265 406 43 14 som
323 401 4 19 j
343 401 132 20 betänkandet
488 401 122 26 framhållas,
626 403 35 19 har
677 403 100 20 Utskottet
791 403 6 20 i

57 426 63 19 stället
135 427 29 18 för
178 427 33 19 det
225 427 4 19 i
246 429 24 18 10
285 428 38 19 och
338 429 23 18 11
377 428 21 25 $$
412 429 21 18 af
446 429 124 26 regeringens
585 429 71 25 förslag
672 430 7 18 i
697 431 65 18 ämnet
777 430 19 25 (9

56 452 37 20 och
110 454 24 19 10
150 453 20 26 $$
184 453 4 19 i
204 454 111 19 Utskottets
331 454 78 27 förslag)
425 455 94 25 stadgade
532 455 109 20 dödsstraff
648 455 85 20 förordat
744 457 53 18 tukt-

56 479 98 20 husstraff
165 479 23 26 på
204 481 60 20 lifstid
279 481 46 22 eller
340 481 4 18 i
360 481 25 19 tio
400 482 26 19 till
443 483 35 18 toll
490 482 28 21 år,
534 483 68 24 skärpt
616 488 69 22 genom
697 482 100 26 föregåen-

56 505 25 20 de
95 505 95 26 tjuguåtta
204 507 71 26 dagars
289 508 86 24 fängelse
392 508 31 20 vid
439 511 65 17 vatten
519 509 37 19 och
567 508 55 20 bröd.
651 510 28 18 De
688 509 21 19 af
717 509 80 19 Utskot-

56 534 28 17 tet
98 533 81 20 anförda
194 533 40 20 skäl
250 534 25 19 till
290 534 137 20 dödsstraffets
441 535 58 20 totala
514 535 121 20 afskaffande
647 535 112 26 godkännas
769 536 28 19 äf-

56 564 38 14 ven
108 559 21 20 af
140 560 40 25 mig
195 559 121 28 fullkomligt;
331 566 47 14 men
392 561 91 20 deremot
497 561 65 20 måste
574 560 33 27 jag
621 562 28 19 för
669 562 39 19 min
723 561 32 20 del
769 563 28 18 af-

56 586 68 25 styrka
138 586 26 19 de
178 587 20 17 af
212 587 99 19 Utskottet
325 587 5 19 i
344 588 69 26 utbyte
431 590 40 17 mot
491 587 127 20 dödsstraffet
638 588 107 26 föreslagna
763 594 35 13 an-

55 613 211 25 svarsbestämningar.
285 614 35 26 Jag
334 619 57 14 anser
406 614 96 26 nemligen
517 614 25 20 de
556 615 134 25 förbrytelser,
702 620 44 14 som
755 620 42 14 om-

55 638 93 20 förmälas
163 640 3 18 i
183 640 24 18 10
223 641 37 18 och
276 641 22 19 11
315 639 20 27 $$
349 640 20 19 af
382 641 102 25 förslaget,
501 646 46 14 vara
562 641 20 19 af
594 640 37 20 den
645 640 58 20 svåra
718 641 80 20 beskaf-

57 665 69 19 fenhet
139 668 28 16 att
180 666 25 19 Je
219 667 128 25 ovilkorligen
365 668 61 19 borde
441 668 90 25 beläggas
547 668 44 19 med.
605 667 82 19 tukthus
701 667 29 19 för
743 667 54 19 lifsti-

57 691 36 20 den
109 693 37 18 och
161 693 66 25 ogillar
242 693 3 19 i
261 694 56 25 öfrigt
331 694 40 18 helt
388 695 37 17 och
441 694 59 20 hållet
516 693 37 20 den
571 694 108 25 föreslagna
696 694 102 25 skärpnin-

56 724 38 20 gen
109 719 45 20 med
168 720 87 25 fängelse
272 720 32 19 vid
323 722 67 18 vatten
407 722 38 18 och
462 720 58 25 bröd,
540 721 79 19 hvilken
637 720 56 20 torde
710 726 47 14 vara
775 720 21 20 sä

56 745 80 25 mycket
150 752 54 14 mera
219 746 76 25 onödig,
311 752 42 14 som
370 747 38 19 «len
423 748 85 19 förfaller
522 747 25 19 till
564 753 23 13 en
602 746 133 26 obetydlighet
745 747 5 19 i
760 746 38 20 för-

56 771 91 20 hållande
161 772 51 20 både
226 772 27 19 till
270 773 25 19 de
312 773 88 20 serdeles
418 773 58 20 svåra
493 773 152 25 förbrytelserna
662 773 38 19 och
717 773 34 19 det
767 773 30 19 för

56 798 102 19 desamma
173 799 107 24 föreslagna
295 799 96 25 allvarliga
407 800 60 23 straff,
480 799 75 20 hvilket
565 799 57 26 enligt
631 799 40 19 min
681 799 51 26 äsigt
742 799 55 20 kom-

56 830 32 13 me
102 827 29 17 att.
145 825 80 20 ädömas
240 825 29 19 för
283 825 138 25 brottslingens
436 827 43 19 hela
490 825 72 26 timliga
572 826 81 19 tillvaro.

109 851 33 20 2:0
158 852 36 19 Vid
206 851 113 25 jemförelse
333 852 83 19 emellan
431 853 24 19 de
470 854 4 17 i
485 852 155 25 propositionens
650 852 23 19 13
685 851 7 25 $
704 852 93 25 föreslag-

55 883 24 14 na
94 879 38 18 och
146 878 24 19 de
185 879 21 18 af
218 878 99 20 Utskottet
332 878 102 20 förordade
447 879 201 25 straffbestämningar
658 878 29 19 för
695 878 46 25 den,
754 884 43 14 som

54 904 124 26 uppsåtligen
193 905 45 19 med
253 904 35 20 ord
303 905 45 19 eller
363 904 78 20 skrifter
456 906 59 19 lastar
530 906 37 18 och
582 905 79 19 smädar
675 904 51 24 Gud,
742 905 55 19 Hans

55 931 64 25 heliga
133 931 40 19 Ord
189 932 35 19 och
241 931 137 20 sakramenten
393 937 58 14 anser
464 931 32 27 jag
510 931 39 25 mig
563 931 47 19 böra
624 932 52 24 gifva
690 931 108 19 företrädet

56 956 20 20 ät
90 958 25 19 de
129 957 4 19 i
148 958 145 25 propositionen
307 961 98 23 upptagna
420 958 67 20 såsom
500 963 56 14 mera
569 958 90 26 lämpade
673 957 50 19 efter
737 957 60 20 dessa

56 984 64 21 brotts
134 987 29 16 art
178 984 36 20 och
228 984 143 20 beskaffenhet.

110 1012 32 19 3:0
157 1011 27 19 Då
204 1012 99 20 Utskottet
317 1012 61 19 funnit
392 1012 42 24 60$
448 1012 5 19 i
468 1012 92 25 förslaget
573 1011 47 19 böra
635 1010 86 26 undergå
736 1010 61 20 sådan

56 1038 81 25 ändring
151 1040 29 17 att
193 1038 88 20 kortaste
295 1038 27 20 tid
337 1038 28 20 för
379 1039 88 24 fängelse
481 1038 33 20 vid
528 1040 67 16 vatten
610 1038 37 19 och
661 1037 49 19 bröd
722 1037 74 29 blefve,

57 1064 4 19 i
76 1064 85 26 enlighet
175 1065 44 19 med
234 1066 12 18 4
261 1065 10 25 $
285 1065 13 19 5
311 1064 44 26 kap.
371 1066 21 19 S.
408 1065 21 19 B.
446 1066 3 18 i
465 1066 51 18 1734
526 1064 33 20 års
571 1064 38 25 lag,
625 1063 90 21 bestämd
730 1064 26 28 till
769 1064 30 25 fy-

56 1097 22 13 ra
92 1092 66 24 dagar,
175 1096 44 14 men
234 1092 4 18 i
254 1092 25 19 59
293 1091 11 25 $
317 1092 100 24 föreslagit
430 1092 103 19 minimum
547 1090 20 20 af
578 1090 145 26 fängelsestraff
730 1090 26 19 till
768 1092 30 26 tre

56 1118 65 25 dagar,
138 1123 58 14 anser
208 1117 33 27 jag
256 1118 98 19 Utskottet
368 1118 60 20 hafva
443 1118 66 25 begått
522 1123 23 13 en
557 1117 144 29 inkonseqvens
709 1116 89 30 derutin-

55 1150 44 20 nan,
115 1147 29 17 att
157 1144 33 20 det
205 1145 28 19 för
248 1147 68 17 vatten
331 1145 37 19 och
382 1144 126 20 brödstraffet
524 1144 98 25 föreslagit
640 1146 27 16 ett
683 1143 62 25 högre
761 1148 36 13 mi-

55 1171 75 19 nimum
144 1171 25 19 ån
179 1170 29 19 för
221 1172 34 18 det
269 1171 56 19 enkla
340 1172 100 24 fängelset,
457 1172 63 18 ehuru
535 1169 126 20 förhållandet
675 1169 83 20 emellan
769 1171 28 16 ett

56 1197 68 26 skärpt
138 1197 127 20 frihetsstraff
277 1198 38 19 och
329 1200 27 16 ett
370 1198 65 19 enkelt
449 1197 70 20 sådant
529 1196 61 20 borde
601 1201 46 14 vara
656 1195 81 20 alldeles
746 1197 53 17 mot-

57 1227 45 16 satt.
132 1225 42 18 Och
188 1223 29 20 får
229 1223 32 26 jag
275 1225 52 24 förty
342 1224 28 19 för
385 1225 38 18 min
434 1224 31 19 del
476 1223 76 20 förorda
562 1221 34 21 två
606 1222 59 25 dagar
674 1221 68 21 såsom
751 1221 46 19 kor-

57 1253 51 17 taste
122 1251 27 19 tid
163 1251 29 19 för
207 1251 87 24 fängelse
309 1249 32 20 vid
356 1253 67 17 vatten
437 1250 37 20 och
489 1250 69 20 bröd.»

731 1414 23 16 22
