1011 1792
269 128 69 22 Nådiga
350 128 138 23 Propositionen
501 129 35 17 N:o
549 130 15 16 2.
772 130 22 18 33

395 178 10 25 $
420 178 30 19 43.
676 192 3 2 .

108 215 64 19 Dessa
186 215 120 29 stadganden
321 216 54 19 träda
390 216 5 18 i
410 216 87 26 giltighet
510 217 38 19 den
563 218 10 18 1
588 218 78 18 Januari
681 218 38 19 186
736 224 3 18 ;
749 223 45 14 men

56 241 52 19 hvad
122 242 31 30 lag
167 242 38 18 och
218 241 133 27 författningar
365 242 4 18 i
385 242 55 25 öfrigt
455 248 33 14 om
508 243 163 26 förmynderskap
691 243 100 26 innehålla,

55 267 55 25 skall,
127 268 64 19 såvidt
205 268 33 19 det
252 267 112 27 härigenom
379 267 17 25 ej
412 269 62 19 blifvit
487 269 87 25 ändradt,
591 270 96 26 framgent
701 269 51 25 tjena
767 270 25 20 till

55 293 135 20 efterrättelse.

265 347 64 29 Enligt
343 348 62 28 Hans
426 347 128 26 Kejserliga
575 348 122 26 Majestäts
719 348 73 26 Nädiga

196 373 115 25 befallning,
332 374 64 25 gifven
420 374 5 19 i
446 374 104 25 Tsarskoje
573 375 45 19 Selo
643 376 37 19 den
701 376 25 19 27
748 376 44 18 Juni

197 400 19 23 (9
230 400 45 24 Juli)
292 400 56 20 1863.

318 461 73 17 Alex.
404 462 123 18 Armfelt.

522 556 20 17 A.
555 555 26 18 W.
594 556 131 18 Wallensköld.

257 725 159 25 Lagutskottets
434 726 129 20 betänkande
581 716 40 29 N:o
640 726 13 19 4
670 727 6 17 i
694 725 99 25 anledning

190 754 24 24 aj
228 752 55 20 Hans
301 752 103 26 Kejserliga
423 753 98 25 Majestäts
539 753 69 25 nädiga
624 754 121 24 proposition,
761 760 32 12 an-

189 780 72 26 gående
274 781 138 25 förändringar
429 782 33 18 och
477 782 62 25 tillägg
553 781 31 19 vid
593 780 200 27 förmyndarevärden.

108 835 51 20 Frän
179 835 89 25 samtlige
288 834 124 21 riksständen
433 836 36 19 har
489 836 82 19 berörda
590 835 68 26 nädiga
672 835 121 25 proposition

56 862 63 20 blifvit
139 862 26 20 till
186 861 146 26 Lagutskottets
346 862 118 25 behandling
478 862 142 24 öfverlemnad;
638 861 109 25 hvarjemte
760 862 35 19 Ut-

56 889 74 20 skottet
149 888 109 20 meddelats
279 888 16 25 ej
316 888 76 20 mindre
412 889 116 25 protokollet
549 889 55 19 öfver
624 894 24 14 en
665 888 5 19 i
688 887 106 27 Kejserliga

55 917 88 18 Senaten
160 915 137 26 försiggången
314 915 120 26 omröstning
451 916 5 18 i
473 917 66 18 ämnet
553 915 61 24 jemte
631 915 33 20 det
681 915 20 18 af
713 921 25 12 en
753 916 41 18 sär-

56 942 49 20 skild
122 942 77 19 Komité
213 941 115 20 utarbetade
342 941 72 26 förslag
428 941 26 20 till
469 941 120 26 proposition
604 941 48 24 deri,
669 941 74 20 hvilket
757 941 38 19 för-

56 968 41 26 slag
120 969 22 18 är
164 968 45 19 med
229 968 38 19 den
288 967 113 20 sedermera
422 969 71 24 afgifna
513 968 145 25 propositionen
678 967 117 25 fullkomligt

55 994 229 25 öfverensstämmande
280 989 12 35 ,
306 996 25 17 än
351 994 37 19 ock
408 995 117 22 protokollet
544 995 56 18 öfver
614 999 24 14 en
652 994 5 19 i
672 993 123 20 hedervärda

56 1021 145 20 Bondeståndet
215 1021 6 19 i
235 1020 68 25 frågan
318 1021 99 19 förefallen
432 1021 120 19 diskussion.

108 1048 8 18 I
133 1047 53 20 äldre
202 1047 59 24 tider,
277 1046 24 20 då
317 1047 86 25 slägtens
417 1047 129 20 medlemmar
560 1052 72 19 genom
646 1046 148 25 patriarkaliska

56 1074 58 20 seder
128 1079 53 14 mera
196 1073 159 24 sammanhöllos,
371 1079 35 13 var
416 1073 201 26 förmyndarevården
628 1073 166 24 hufvudsakligen

56 1101 87 25 slägtens
161 1101 66 19 ensak.
260 1101 31 18 En
307 1105 54 14 mera
378 1099 105 21 utvecklad
500 1100 74 24 kultur,
594 1105 44 14 som
655 1099 140 25 mångfaldigat

56 1127 110 19 intressena
186 1127 38 19 och
241 1127 69 19 alstrat
325 1126 143 25 förhållanden,
488 1127 71 18 hvaraf
573 1131 23 14 en
614 1127 63 24 större
694 1125 101 26 spridning

56 1154 20 19 af
91 1153 205 24 slägtmedlemmarne
312 1152 44 20 från
373 1153 112 19 hvarandra
502 1153 77 23 härrör,
596 1153 35 18 har
645 1151 50 26 gjort
709 1154 28 17 ett
751 1153 44 18 när-

54 1185 55 14 mare
125 1179 94 20 inseende
236 1179 56 19 öfver
308 1178 74 20 vården
400 1184 33 14 om
447 1179 103 26 omyndige
564 1179 37 18 och
616 1178 57 20 deras
687 1178 50 25 gods
751 1177 44 20 från

55 1207 24 19 de
83 1200 10 35 '
103 1205 97 26 offentliga
219 1204 175 27 myndigheternas
416 1205 41 20 sida
477 1205 118 24 nödvändigt
615 1205 39 19 och
673 1204 122 26 småningom

56 1232 110 20 förvandlat
188 1231 184 27 förmynderskapet
395 1231 43 20 från
462 1238 25 13 en
509 1231 190 26 slägtangelägenhet
721 1231 30 18 -till
771 1236 24 13 en

56 1259 143 24 medborgerlig
214 1259 53 24 pligt.
282 1257 41 20 Vår
336 1264 26 13 nu
376 1258 89 24 gällande
479 1259 30 24 lag
523 1258 107 25 uppställer
643 1257 68 20 såsom
723 1257 74 24 grund-

56 1287 51 23 sats,
126 1287 28 18 att
168 1284 53 20 såväl
236 1284 75 19 vården
325 1289 31 14 om
371 1284 105 25 omyndige
490 1285 38 19 och
542 1284 58 19 deras
614 1284 48 25 gods
677 1289 44 22 som
735 1282 61 26 tillsy-

57 1317 37 14 nen
114 1312 64 23 öfver,
197 1313 28 17 att
241 1311 117 20 densamma
374 1311 114 24 tillbörligen
505 1310 133 25 handhafves,
657 1309 88 20 närmast
761 1309 36 19 till-

57 1339 92 18 kommer
162 1337 105 20 fränderne
281 1336 51 20 både
346 1336 66 20 såsom
427 1337 91 26 rättighet
532 1337 38 18 och
583 1337 55 24 pligt,
653 1341 45 14 men
707 1335 90 25 tillägger

59 1367 36 21 att,
115 1364 35 19 der
164 1363 77 20 fränder
255 1362 17 25 ej
286 1363 62 19 finnas
363 1364 47 18 eller
424 1363 64 19 kunna
503 1364 41 19 sina
560 1363 133 25 skyldigheter
707 1362 88 25 fullgöra,

59 1391 59 19 dessa
138 1390 47 19 böra
205 1390 110 25 öfvertagas
335 1389 21 20 af
374 1388 59 21 andra
453 1389 50 25 gode
519 1391 45 18 män
578 1391 54 17 utom
647 1389 83 23 slägten,
746 1390 52 17 samt

60 1416 79 24 ålägger
153 1417 29 18 för
195 1416 56 23 öfrigt
266 1415 93 19 domaren
373 1418 29 16 att
415 1416 56 18 öfver
484 1415 199 25 förmyndarevärden
698 1415 59 18 hafva
769 1415 29 17 in-
