1003 1759
280 108 71 23 Nådiga
363 111 138 22 Propositionen
515 110 35 18 N:o
563 112 16 16 9.
772 110 30 18 155

262 238 191 26 Sammansatta
467 239 62 27 Lag-
546 239 46 23 och
607 240 194 22 Ekonomie-Ut-

193 266 115 23 skottets
317 266 166 24 betänkande
491 267 38 23 N:o
537 267 13 22 3
558 268 9 22 i
574 266 120 28 anledning
701 268 26 22 af
733 268 68 22 Hans

194 294 155 28 Kejserliga
358 295 135 28 Majestäts
504 294 85 29 Nådiga
602 294 146 30 proposition,
764 301 36 17 an-

193 321 87 30 gående
298 322 96 29 ändring
411 323 8 23 i
436 324 61 22 vissa
517 323 62 23 delar
598 323 25 23 af
639 323 112 24 allmänna
770 323 30 23 la-

194 357 54 22 gens
263 351 121 28 stadgande
399 351 8 24 i
422 351 28 24 24
464 351 97 30 kapitlet
570 351 229 30 Byggninga-balken.

110 408 90 20 Nämnde
215 407 76 28 Nådiga
307 410 121 25 proposition
445 415 21 14 är
483 410 20 19 af
517 409 91 25 samtlige
625 409 133 20 Riksstånden
772 410 28 19 öf-

58 435 114 20 verlemnad
186 435 26 20 till
228 434 111 21 Utskottets
354 436 150 26 handläggning,
520 437 38 18 och
573 436 35 19 har
624 435 99 20 Utskottet
736 436 21 19 af
769 442 31 13 re-

58 461 189 26 misshandlingarne
265 462 104 25 inhemtat,
388 465 27 16 att
432 463 145 25 propositionen
596 463 67 18 hittills
680 463 69 20 endast
763 462 36 20 hos

57 488 127 20 Hedervärda
200 487 148 22 Bondeståndet
365 489 50 20 varit
431 488 79 21 föremål
529 489 29 19 för
575 488 122 26 diskussion,
716 488 24 26 på
761 490 38 19 sätt

57 515 73 19 härhos
147 513 76 27 bilagda
240 515 70 26 utdrag
327 521 24 13 ur
367 515 91 20 bemälda
474 515 73 20 Stånds
564 515 96 26 protokoll
682 516 28 18 för
731 515 39 20 den
788 516 8 20 1

58 541 90 20 sistlidne
169 541 89 20 Oktober
277 543 92 18 närmare
390 542 82 20 utvisar.
507 542 101 21 Utskottet
628 542 35 19 har
684 543 57 18 äfven
765 541 35 20 fått

55 570 99 24 emottaga
170 566 18 27 ej
201 568 76 20 mindre
289 568 36 20 det
337 569 21 18 af
371 574 24 14 en
408 569 84 20 särskild
509 568 77 21 Komité
601 567 115 21 utarbetade
732 569 67 19 försla-

55 597 33 23 get
105 593 26 22 till
149 594 152 27 ifrågavarande
318 595 125 25 proposition,
460 595 81 20 hvilken
555 594 88 20 befinnes
659 600 46 14 vara
719 594 37 20 lika
770 595 29 26 ly-

56 619 65 22 dande
138 621 46 20 med
202 621 60 26 sagde
280 621 81 26 förslag,
380 623 23 18 än
418 621 130 20 meddelande
562 621 76 24 derom,
653 624 28 17 att
696 621 32 20 vid
742 625 58 16 ären-

55 647 46 20 dets
115 649 113 24 ytterligare
242 647 108 26 beredning
364 647 6 19 i
384 647 106 26 Kejserliga
504 649 98 18 Senatens
612 648 97 19 allmänna
720 648 79 25 plenum

56 672 63 28 någon
133 676 121 24 omröstning
267 674 45 20 icke
325 674 95 20 förefallit.

109 771 36 20 Vid
163 777 23 14 en
203 771 95 21 återblick
316 771 24 25 på
358 771 39 20 den
414 772 119 25 föregående
549 771 146 26 lagstiftningen
713 771 4 18 i
732 773 67 18 ämnet

55 798 38 20 har
110 798 100 20 Utskottet
227 799 72 23 funnit,
319 799 94 18 hurusom
432 798 95 19 Häradets
545 797 112 26 ekyldighet
677 799 28 18 att
724 797 74 26 utgifva

57 824 108 20 brandstod
182 825 22 19 är
220 831 25 13 en
261 825 6 18 i
284 825 31 25 lag
331 823 99 26 påbjuden
450 824 107 20 institution
573 824 21 19 af
610 824 38 25 hög
669 823 61 20 ålder.
763 824 36 19 Ur-

56 851 126 26 sprungligen
198 857 62 20 synes
275 850 64 21 denna
355 851 106 19 institution
476 851 57 20 hafva
547 850 59 20 afsett
620 850 69 20 endast
705 851 94 24 lägenhe-

57 880 66 17 ternas
140 877 124 26 nödvändiga
281 877 102 26 åbyggnad
401 877 37 19 och
456 877 69 20 sådant
541 877 56 20 torde
618 876 127 20 förhållandet
767 877 32 19 all-

56 907 55 16 mänt
126 904 58 19 hafva
198 901 102 27 förblifvit,
316 903 47 20 intill
377 903 47 20 dess
439 905 52 19 1734
505 903 32 20 års
552 904 30 24 lag
596 903 68 20 trädde
679 904 5 18 i
697 903 102 20 verksam-

57 931 40 19 het.
127 931 42 19 Den
186 930 112 26 förändring
315 931 46 19 eller
378 930 123 26 utvidgning,
520 936 43 14 som
582 929 24 20 då
620 930 126 23 fastställdes,
763 935 35 14 var

55 957 53 20 dock
125 957 43 20 icke
185 958 73 23 större,
277 958 25 18 än
319 959 28 17 att
367 956 108 21 brandstod
495 957 88 20 derefter
604 957 63 19 skulle
687 956 46 26 utgå
754 955 45 20 icke

56 984 50 20 blott
122 984 30 19 för
168 983 26 20 de
211 984 61 25 «hus,
291 989 44 14 som
351 984 30 19 för
400 983 65 20 bonde
485 983 68 26 nödige
574 984 46 18 äro»
642 985 46 17 utan
709 983 39 19 ock
769 982 30 20 för

56 1010 58 26 «säd,
133 1010 55 20 foder
204 1010 38 19 och
259 1009 87 27 boskap,
366 1015 43 14 som
426 1010 27 20 till
470 1009 84 27 gårdens
574 1009 52 20 bruk
647 1010 95 19 tarfvas.»
773 1010 25 19 At

55 1037 148 20 häradsboerne
216 1035 71 26 sjelfve
301 1037 101 28 inrymdes
417 1036 59 21 tillika
490 1042 27 14 en
532 1037 64 19 större
610 1036 117 25 befogenhet
741 1036 6 19 i
756 1035 43 20 det-

56 1065 20 18 ta
90 1065 64 22 ämne,
170 1065 24 18 än
208 1063 47 20 dem
269 1063 52 19 förut
333 1063 77 24 Jemlikt
424 1063 120 26 Landslagen
559 1062 51 20 hade
623 1062 118 24 tillkommit,
752 1066 46 15 men

55 1089 64 20 denna
136 1089 119 26 befogenhet
272 1089 124 20 inskränktes
413 1089 50 20 dock
477 1090 58 19 äfven
549 1095 27 13 nu
590 1089 70 25 dertill,
676 1092 28 17 att
717 1089 82 20 härads-

55 1115 74 21 boerné
149 1116 49 25 egde
218 1115 24 26 på
262 1116 83 20 förhand
365 1115 186 26 öfverenskomma
545 1111 12 35 ,
578 1115 62 20 «huru
664 1115 80 26 mycket
769 1115 29 19 för

56 1143 58 19 hvart
130 1142 39 19 och
186 1144 27 17 ett
229 1145 44 23 nytt
289 1142 47 26 hus,
355 1142 11 20 å
384 1142 40 20 helt
438 1143 93 19 hemman
547 1142 48 19 eller
609 1142 82 25 mindre,
707 1142 5 19 i
727 1141 71 20 brand-

55 1169 45 20 stod
114 1169 64 25 gifvas
191 1168 71 20 skall.»
284 1169 40 19 Den
339 1170 112 24 härigenom
467 1169 75 20 införda
555 1168 132 25 grundsatsen
701 1168 96 20 erkändes

55 1196 38 19 och
109 1195 117 26 utvidgades
242 1195 116 26 ytterligare
375 1201 71 19 genom
460 1196 68 25 Kongl.
544 1195 133 19 resolutionen
691 1194 25 26 på
731 1195 67 19 allmo-

55 1227 50 20 gens
122 1221 73 20 besvär
211 1221 21 20 af
247 1221 38 20 den
302 1223 12 19 9
333 1223 111 19 December
459 1222 51 20 1766
525 1221 10 26 $
549 1221 24 20 43
589 1222 39 19 och
641 1221 69 26 Kongl.
727 1220 71 21 förkla-

54 1249 70 24 ringen
142 1248 38 20 den
198 1249 8 18 1
226 1248 83 25 Augusti
327 1249 57 23 1770,
401 1248 78 21 hvilken
493 1248 121 20 sistnämnda
629 1248 110 24 författning
753 1247 45 20 der-

30 1286 3 1 -
54 1275 37 19 hos
111 1274 125 25 uppmanade
252 1275 97 26 allmogen
367 1277 28 17 att
411 1275 107 19 socknevis
535 1273 42 26 ingå
594 1274 203 26 brandstodsförenin-

54 1307 41 20 gar.
125 1301 78 20 Sådana
217 1300 110 26 föreningar
341 1301 63 20 finnas
418 1301 61 20 också
493 1306 81 15 numera
589 1306 48 15 vara
651 1301 5 18 i
671 1301 65 19 landet
750 1305 47 21 gan-

55 1327 35 20 ska
105 1327 81 20 allmänt
200 1327 102 25 inrättade,
318 1328 38 19 och
370 1327 136 26 grunddragen
520 1327 6 19 i
539 1327 46 19 dem
599 1329 34 17 äro
642 1327 52 20 alltid
705 1324 92 21 hemtade

54 1353 43 20 från
111 1355 20 24 4,
148 1355 12 18 5
174 1354 39 19 och
227 1354 12 19 6
254 1353 21 26 $$
289 1354 25 19 24
329 1354 48 25 Kap.
394 1355 21 19 B.
431 1355 20 18 B.
476 1353 85 21 Sålunda
576 1352 74 28 åsyftar
664 1353 131 20 brandstoden

55 1380 28 19 för
97 1380 123 19 nedbrunnet
234 1380 38 19 hus
287 1380 44 19 icke
346 1380 21 19 så
383 1380 81 25 mycket
478 1383 27 16 att
519 1381 73 18 ersätta
605 1379 192 25 lägenhetsinnehaf-

55 1406 61 19 varen
136 1405 38 20 den
197 1405 80 26 förlust,
301 1407 37 19 han
359 1405 54 25 lidit,
437 1411 42 14 som
500 1405 44 20 icke
562 1411 54 14 mera
634 1408 26 17 att
679 1405 28 18 för
725 1406 71 18 honom
