<?xml version="1.0" encoding="UTF-8"?>
<alto xmlns="http://www.loc.gov/standards/alto/ns-v3#" xmlns:xlink="http://www.w3.org/1999/xlink" xmlns:xsi="http://www.w3.org/2001/XMLSchema-instance" xsi:schemaLocation="http://www.loc.gov/standards/alto/ns-v3# http://www.loc.gov/alto/v3/alto-3-0.xsd">
	<Description>
		<MeasurementUnit>pixel</MeasurementUnit>
		<sourceImageInformation>
			<fileName>/tmp/tess_70m0q5el_input.PNG</fileName>
		</sourceImageInformation>
		<OCRProcessing ID="OCR_0">
			<ocrProcessingStep>
				<processingSoftware>
					<softwareName>tesseract 5.3.4</softwareName>
				</processingSoftware>
			</ocrProcessingStep>
		</OCRProcessing>
	</Description>
	<Layout>
		<Page WIDTH="1000" HEIGHT="1828" PHYSICAL_IMG_NR="0" ID="page_0">
			<PrintSpace HPOS="0" VPOS="0" WIDTH="1000" HEIGHT="1828">
				<ComposedBlock ID="cblock_0" HPOS="188" VPOS="165" WIDTH="526" HEIGHT="29">
					<TextBlock ID="block_0" HPOS="188" VPOS="165" WIDTH="526" HEIGHT="29">
						<TextLine ID="line_0" HPOS="188" VPOS="165" WIDTH="526" HEIGHT="29">
							<String ID="string_0" HPOS="188" VPOS="165" WIDTH="33" HEIGHT="29" WC="0.96" CONTENT="164"/><SP WIDTH="180" VPOS="165" HPOS="221"/>
							<String ID="string_1" HPOS="401" VPOS="169" WIDTH="72" HEIGHT="21" WC="0.89" CONTENT="Nådiga"/><SP WIDTH="12" VPOS="169" HPOS="473"/>
							<String ID="string_2" HPOS="485" VPOS="169" WIDTH="140" HEIGHT="22" WC="0.95" CONTENT="Propositionen"/><SP WIDTH="13" VPOS="169" HPOS="625"/>
							<String ID="string_3" HPOS="638" VPOS="168" WIDTH="36" HEIGHT="17" WC="0.95" CONTENT="N:o"/><SP WIDTH="12" VPOS="168" HPOS="674"/>
							<String ID="string_4" HPOS="686" VPOS="168" WIDTH="28" HEIGHT="18" WC="0.95" CONTENT="12."/>
						</TextLine>
					</TextBlock>
				</ComposedBlock>
				<ComposedBlock ID="cblock_1" HPOS="393" VPOS="215" WIDTH="541" HEIGHT="223">
					<TextBlock ID="block_1" HPOS="393" VPOS="215" WIDTH="541" HEIGHT="223">
						<TextLine ID="line_1" HPOS="393" VPOS="215" WIDTH="539" HEIGHT="28">
							<String ID="string_5" HPOS="393" VPOS="219" WIDTH="34" HEIGHT="22" WC="0.96" CONTENT="ke,"/><SP WIDTH="20" VPOS="219" HPOS="427"/>
							<String ID="string_6" HPOS="447" VPOS="218" WIDTH="43" HEIGHT="19" WC="0.95" CONTENT="eller"/><SP WIDTH="14" VPOS="218" HPOS="490"/>
							<String ID="string_7" HPOS="504" VPOS="218" WIDTH="51" HEIGHT="25" WC="0.93" CONTENT="eljest"/><SP WIDTH="18" VPOS="218" HPOS="555"/>
							<String ID="string_8" HPOS="573" VPOS="217" WIDTH="70" HEIGHT="25" WC="0.92" CONTENT="afsides"/><SP WIDTH="18" VPOS="217" HPOS="643"/>
							<String ID="string_9" HPOS="661" VPOS="219" WIDTH="7" HEIGHT="17" WC="0.95" CONTENT="i"/><SP WIDTH="19" VPOS="219" HPOS="668"/>
							<String ID="string_10" HPOS="687" VPOS="217" WIDTH="44" HEIGHT="19" WC="0.91" CONTENT="eller"/><SP WIDTH="18" VPOS="217" HPOS="731"/>
							<String ID="string_11" HPOS="749" VPOS="219" WIDTH="50" HEIGHT="17" WC="0.76" CONTENT="utom"/><SP WIDTH="19" VPOS="219" HPOS="799"/>
							<String ID="string_12" HPOS="818" VPOS="215" WIDTH="114" HEIGHT="27" WC="0.94" CONTENT="kyrkogård,"/>
						</TextLine>
						<TextLine ID="line_2" HPOS="393" VPOS="244" WIDTH="538" HEIGHT="27">
							<String ID="string_13" HPOS="393" VPOS="248" WIDTH="77" HEIGHT="17" WC="0.96" CONTENT="ersättes"/><SP WIDTH="13" VPOS="248" HPOS="470"/>
							<String ID="string_14" HPOS="483" VPOS="252" WIDTH="67" HEIGHT="19" WC="0.96" CONTENT="genom"/><SP WIDTH="14" VPOS="252" HPOS="550"/>
							<String ID="string_15" HPOS="564" VPOS="244" WIDTH="61" HEIGHT="21" WC="0.96" CONTENT="sådan"/><SP WIDTH="21" VPOS="244" HPOS="625"/>
							<String ID="string_16" HPOS="646" VPOS="246" WIDTH="8" HEIGHT="18" WC="0.95" CONTENT="i"/><SP WIDTH="19" VPOS="246" HPOS="654"/>
							<String ID="string_17" HPOS="673" VPOS="245" WIDTH="67" HEIGHT="20" WC="0.93" CONTENT="stillhet"/><SP WIDTH="22" VPOS="245" HPOS="740"/>
							<String ID="string_18" HPOS="762" VPOS="245" WIDTH="79" HEIGHT="19" WC="0.91" CONTENT="skeende"/><SP WIDTH="19" VPOS="245" HPOS="841"/>
							<String ID="string_19" HPOS="860" VPOS="244" WIDTH="71" HEIGHT="26" WC="0.92" CONTENT="begraf-"/>
						</TextLine>
						<TextLine ID="line_3" HPOS="393" VPOS="273" WIDTH="539" HEIGHT="26">
							<String ID="string_20" HPOS="393" VPOS="275" WIDTH="50" HEIGHT="24" WC="0.95" CONTENT="ning,"/><SP WIDTH="16" VPOS="275" HPOS="443"/>
							<String ID="string_21" HPOS="459" VPOS="281" WIDTH="40" HEIGHT="12" WC="0.93" CONTENT="som"/><SP WIDTH="15" VPOS="281" HPOS="499"/>
							<String ID="string_22" HPOS="514" VPOS="276" WIDTH="107" HEIGHT="17" WC="0.90" CONTENT="omnämnes"/><SP WIDTH="9" VPOS="276" HPOS="621"/>
							<String ID="string_23" HPOS="630" VPOS="275" WIDTH="7" HEIGHT="17" WC="0.96" CONTENT="i"/><SP WIDTH="10" VPOS="275" HPOS="637"/>
							<String ID="string_24" HPOS="647" VPOS="273" WIDTH="68" HEIGHT="25" WC="0.96" CONTENT="Kongl."/><SP WIDTH="31" VPOS="273" HPOS="715"/>
							<String ID="string_25" HPOS="746" VPOS="273" WIDTH="140" HEIGHT="25" WC="0.68" CONTENT="Förordningen"/><SP WIDTH="10" VPOS="273" HPOS="886"/>
							<String ID="string_26" HPOS="896" VPOS="273" WIDTH="36" HEIGHT="18" WC="0.96" CONTENT="den"/>
						</TextLine>
						<TextLine ID="line_4" HPOS="393" VPOS="301" WIDTH="539" HEIGHT="24">
							<String ID="string_27" HPOS="393" VPOS="302" WIDTH="26" HEIGHT="19" WC="0.96" CONTENT="29"/><SP WIDTH="17" VPOS="302" HPOS="419"/>
							<String ID="string_28" HPOS="436" VPOS="301" WIDTH="80" HEIGHT="20" WC="0.96" CONTENT="Oktober"/><SP WIDTH="13" VPOS="301" HPOS="516"/>
							<String ID="string_29" HPOS="529" VPOS="301" WIDTH="52" HEIGHT="19" WC="0.96" CONTENT="1725"/><SP WIDTH="14" VPOS="301" HPOS="581"/>
							<String ID="string_30" HPOS="595" VPOS="301" WIDTH="34" HEIGHT="19" WC="0.97" CONTENT="och"/><SP WIDTH="15" VPOS="301" HPOS="629"/>
							<String ID="string_31" HPOS="644" VPOS="301" WIDTH="67" HEIGHT="24" WC="0.96" CONTENT="Kongl."/><SP WIDTH="31" VPOS="301" HPOS="711"/>
							<String ID="string_32" HPOS="742" VPOS="301" WIDTH="136" HEIGHT="24" WC="0.94" CONTENT="Förklaringen"/><SP WIDTH="19" VPOS="301" HPOS="878"/>
							<String ID="string_33" HPOS="897" VPOS="301" WIDTH="35" HEIGHT="18" WC="0.96" CONTENT="den"/>
						</TextLine>
						<TextLine ID="line_5" HPOS="393" VPOS="329" WIDTH="541" HEIGHT="26">
							<String ID="string_34" HPOS="393" VPOS="329" WIDTH="13" HEIGHT="19" WC="0.95" CONTENT="4"/><SP WIDTH="15" VPOS="329" HPOS="406"/>
							<String ID="string_35" HPOS="421" VPOS="329" WIDTH="79" HEIGHT="26" WC="0.81" CONTENT="Augusti"/><SP WIDTH="14" VPOS="329" HPOS="500"/>
							<String ID="string_36" HPOS="514" VPOS="329" WIDTH="59" HEIGHT="24" WC="0.96" CONTENT="1727;"/><SP WIDTH="15" VPOS="329" HPOS="573"/>
							<String ID="string_37" HPOS="588" VPOS="329" WIDTH="95" HEIGHT="19" WC="0.85" CONTENT="hvaremot"/><SP WIDTH="3" VPOS="329" HPOS="683"/>
							<String ID="string_38" HPOS="686" VPOS="329" WIDTH="89" HEIGHT="26" WC="0.96" CONTENT="fängelse"/><SP WIDTH="9" VPOS="329" HPOS="775"/>
							<String ID="string_39" HPOS="784" VPOS="329" WIDTH="31" HEIGHT="18" WC="0.96" CONTENT="vid"/><SP WIDTH="12" VPOS="329" HPOS="815"/>
							<String ID="string_40" HPOS="827" VPOS="331" WIDTH="63" HEIGHT="17" WC="0.96" CONTENT="vatten"/><SP WIDTH="10" VPOS="331" HPOS="890"/>
							<String ID="string_41" HPOS="900" VPOS="329" WIDTH="34" HEIGHT="18" WC="0.96" CONTENT="och"/>
						</TextLine>
						<TextLine ID="line_6" HPOS="393" VPOS="356" WIDTH="540" HEIGHT="25">
							<String ID="string_42" HPOS="393" VPOS="358" WIDTH="52" HEIGHT="23" WC="0.96" CONTENT="bröd,"/><SP WIDTH="15" VPOS="358" HPOS="445"/>
							<String ID="string_43" HPOS="460" VPOS="365" WIDTH="41" HEIGHT="12" WC="0.96" CONTENT="som"/><SP WIDTH="13" VPOS="365" HPOS="501"/>
							<String ID="string_44" HPOS="514" VPOS="359" WIDTH="7" HEIGHT="17" WC="0.96" CONTENT="i"/><SP WIDTH="14" VPOS="359" HPOS="521"/>
							<String ID="string_45" HPOS="535" VPOS="357" WIDTH="25" HEIGHT="19" WC="0.95" CONTENT="17"/><SP WIDTH="14" VPOS="357" HPOS="560"/>
							<String ID="string_46" HPOS="574" VPOS="359" WIDTH="97" HEIGHT="17" WC="0.96" CONTENT="momentet"/><SP WIDTH="14" VPOS="359" HPOS="671"/>
							<String ID="string_47" HPOS="685" VPOS="358" WIDTH="86" HEIGHT="21" WC="0.96" CONTENT="omtalas,"/><SP WIDTH="16" VPOS="358" HPOS="771"/>
							<String ID="string_48" HPOS="787" VPOS="357" WIDTH="34" HEIGHT="19" WC="0.96" CONTENT="bör"/><SP WIDTH="11" VPOS="357" HPOS="821"/>
							<String ID="string_49" HPOS="832" VPOS="356" WIDTH="101" HEIGHT="20" WC="0.47" CONTENT="bibehållas"/>
						</TextLine>
						<TextLine ID="line_7" HPOS="394" VPOS="384" WIDTH="539" HEIGHT="27">
							<String ID="string_50" HPOS="394" VPOS="386" WIDTH="16" HEIGHT="25" WC="0.93" CONTENT="ej"/><SP WIDTH="15" VPOS="386" HPOS="410"/>
							<String ID="string_51" HPOS="425" VPOS="386" WIDTH="80" HEIGHT="19" WC="0.92" CONTENT="allenast"/><SP WIDTH="15" VPOS="386" HPOS="505"/>
							<String ID="string_52" HPOS="520" VPOS="384" WIDTH="63" HEIGHT="20" WC="0.96" CONTENT="såsom"/><SP WIDTH="14" VPOS="384" HPOS="583"/>
							<String ID="string_53" HPOS="597" VPOS="392" WIDTH="37" HEIGHT="18" WC="0.96" CONTENT="aga"/><SP WIDTH="15" VPOS="392" HPOS="634"/>
							<String ID="string_54" HPOS="649" VPOS="386" WIDTH="7" HEIGHT="18" WC="0.92" CONTENT="i"/><SP WIDTH="15" VPOS="386" HPOS="656"/>
							<String ID="string_55" HPOS="671" VPOS="384" WIDTH="130" HEIGHT="27" WC="0.89" CONTENT="straffanstalt,"/><SP WIDTH="16" VPOS="384" HPOS="801"/>
							<String ID="string_56" HPOS="817" VPOS="387" WIDTH="46" HEIGHT="17" WC="0.96" CONTENT="utan"/><SP WIDTH="15" VPOS="387" HPOS="863"/>
							<String ID="string_57" HPOS="878" VPOS="385" WIDTH="55" HEIGHT="25" WC="0.95" CONTENT="äfven"/>
						</TextLine>
						<TextLine ID="line_8" HPOS="393" VPOS="413" WIDTH="290" HEIGHT="25">
							<String ID="string_58" HPOS="393" VPOS="413" WIDTH="62" HEIGHT="20" WC="0.95" CONTENT="såsom"/><SP WIDTH="16" VPOS="413" HPOS="455"/>
							<String ID="string_59" HPOS="471" VPOS="421" WIDTH="22" HEIGHT="12" WC="0.96" CONTENT="en"/><SP WIDTH="14" VPOS="421" HPOS="493"/>
							<String ID="string_60" HPOS="507" VPOS="414" WIDTH="70" HEIGHT="19" WC="0.93" CONTENT="allmän"/><SP WIDTH="14" VPOS="414" HPOS="577"/>
							<String ID="string_61" HPOS="591" VPOS="413" WIDTH="92" HEIGHT="25" WC="0.92" CONTENT="straffart."/>
						</TextLine>
					</TextBlock>
				</ComposedBlock>
				<ComposedBlock ID="cblock_2" HPOS="245" VPOS="447" WIDTH="421" HEIGHT="26">
					<TextBlock ID="block_2" HPOS="245" VPOS="447" WIDTH="421" HEIGHT="26">
						<TextLine ID="line_9" HPOS="245" VPOS="447" WIDTH="421" HEIGHT="26">
							<String ID="string_62" HPOS="245" VPOS="448" WIDTH="129" HEIGHT="25" WC="0.95" CONTENT="Helsingfors,"/><SP WIDTH="16" VPOS="448" HPOS="374"/>
							<String ID="string_63" HPOS="390" VPOS="447" WIDTH="39" HEIGHT="20" WC="0.96" CONTENT="den"/><SP WIDTH="15" VPOS="447" HPOS="429"/>
							<String ID="string_64" HPOS="444" VPOS="447" WIDTH="23" HEIGHT="20" WC="0.95" CONTENT="17"/><SP WIDTH="16" VPOS="447" HPOS="467"/>
							<String ID="string_65" HPOS="483" VPOS="447" WIDTH="110" HEIGHT="20" WC="0.96" CONTENT="December"/><SP WIDTH="15" VPOS="447" HPOS="593"/>
							<String ID="string_66" HPOS="608" VPOS="447" WIDTH="58" HEIGHT="19" WC="0.96" CONTENT="1863."/>
						</TextLine>
					</TextBlock>
				</ComposedBlock>
				<ComposedBlock ID="cblock_3" HPOS="446" VPOS="614" WIDTH="223" HEIGHT="23">
					<TextBlock ID="block_3" HPOS="446" VPOS="614" WIDTH="223" HEIGHT="23">
						<TextLine ID="line_10" HPOS="446" VPOS="614" WIDTH="223" HEIGHT="23">
							<String ID="string_67" HPOS="446" VPOS="614" WIDTH="223" HEIGHT="23" WC="0.95" CONTENT="Reservation."/>
						</TextLine>
					</TextBlock>
				</ComposedBlock>
				<ComposedBlock ID="cblock_4" HPOS="182" VPOS="666" WIDTH="756" HEIGHT="818">
					<TextBlock ID="block_4" HPOS="190" VPOS="666" WIDTH="744" HEIGHT="74">
						<TextLine ID="line_11" HPOS="244" VPOS="666" WIDTH="690" HEIGHT="24">
							<String ID="string_68" HPOS="244" VPOS="667" WIDTH="25" HEIGHT="20" WC="0.93" CONTENT="Af"/><SP WIDTH="11" VPOS="667" HPOS="269"/>
							<String ID="string_69" HPOS="280" VPOS="666" WIDTH="274" HEIGHT="21" WC="0.79" CONTENT="Universitetssckreteraren"/><SP WIDTH="14" VPOS="666" HPOS="554"/>
							<String ID="string_70" HPOS="568" VPOS="667" WIDTH="143" HEIGHT="23" WC="0.96" CONTENT="Grotenfelt,"/><SP WIDTH="19" VPOS="667" HPOS="711"/>
							<String ID="string_71" HPOS="730" VPOS="666" WIDTH="47" HEIGHT="21" WC="0.96" CONTENT="med"/><SP WIDTH="14" VPOS="666" HPOS="777"/>
							<String ID="string_72" HPOS="791" VPOS="666" WIDTH="82" HEIGHT="20" WC="0.93" CONTENT="hvilken"/><SP WIDTH="12" VPOS="666" HPOS="873"/>
							<String ID="string_73" HPOS="885" VPOS="666" WIDTH="49" HEIGHT="20" WC="0.93" CONTENT="Hof-"/>
						</TextLine>
						<TextLine ID="line_12" HPOS="190" VPOS="693" WIDTH="744" HEIGHT="26">
							<String ID="string_74" HPOS="190" VPOS="695" WIDTH="158" HEIGHT="19" WC="0.91" CONTENT="rättsassessorn"/><SP WIDTH="27" VPOS="695" HPOS="348"/>
							<String ID="string_75" HPOS="375" VPOS="693" WIDTH="102" HEIGHT="20" WC="0.95" CONTENT="Aminoff"/><SP WIDTH="29" VPOS="693" HPOS="477"/>
							<String ID="string_76" HPOS="506" VPOS="694" WIDTH="38" HEIGHT="19" WC="0.91" CONTENT="och"/><SP WIDTH="24" VPOS="694" HPOS="544"/>
							<String ID="string_77" HPOS="568" VPOS="693" WIDTH="125" HEIGHT="20" WC="0.91" CONTENT="Rådmannen"/><SP WIDTH="14" VPOS="693" HPOS="693"/>
							<String ID="string_78" HPOS="707" VPOS="693" WIDTH="124" HEIGHT="26" WC="0.95" CONTENT="Grönberg"/><SP WIDTH="16" VPOS="693" HPOS="831"/>
							<String ID="string_79" HPOS="847" VPOS="693" WIDTH="29" HEIGHT="25" WC="0.92" CONTENT="sig"/><SP WIDTH="22" VPOS="693" HPOS="876"/>
							<String ID="string_80" HPOS="898" VPOS="693" WIDTH="36" HEIGHT="20" WC="0.91" CONTENT="för-"/>
						</TextLine>
						<TextLine ID="line_13" HPOS="192" VPOS="723" WIDTH="51" HEIGHT="17">
							<String ID="string_81" HPOS="192" VPOS="723" WIDTH="51" HEIGHT="17" WC="0.95" CONTENT="enat."/>
						</TextLine>
					</TextBlock>
					<TextBlock ID="block_5" HPOS="191" VPOS="746" WIDTH="745" HEIGHT="237">
						<TextLine ID="line_14" HPOS="244" VPOS="746" WIDTH="690" HEIGHT="26">
							<String ID="string_82" HPOS="244" VPOS="746" WIDTH="29" HEIGHT="20" WC="0.96" CONTENT="Då"/><SP WIDTH="20" VPOS="746" HPOS="273"/>
							<String ID="string_83" HPOS="293" VPOS="746" WIDTH="101" HEIGHT="20" WC="0.94" CONTENT="Utskottet"/><SP WIDTH="19" VPOS="746" HPOS="394"/>
							<String ID="string_84" HPOS="413" VPOS="746" WIDTH="34" HEIGHT="20" WC="0.96" CONTENT="vid"/><SP WIDTH="17" VPOS="746" HPOS="447"/>
							<String ID="string_85" HPOS="464" VPOS="747" WIDTH="9" HEIGHT="19" WC="0.92" CONTENT="1"/><SP WIDTH="20" VPOS="747" HPOS="473"/>
							<String ID="string_86" HPOS="493" VPOS="746" WIDTH="10" HEIGHT="26" WC="0.92" CONTENT="$"/><SP WIDTH="17" VPOS="746" HPOS="503"/>
							<String ID="string_87" HPOS="520" VPOS="747" WIDTH="9" HEIGHT="19" WC="0.93" CONTENT="1"/><SP WIDTH="20" VPOS="747" HPOS="529"/>
							<String ID="string_88" HPOS="549" VPOS="746" WIDTH="81" HEIGHT="20" WC="0.96" CONTENT="kapitlet"/><SP WIDTH="17" VPOS="746" HPOS="630"/>
							<String ID="string_89" HPOS="647" VPOS="746" WIDTH="20" HEIGHT="20" WC="0.96" CONTENT="af"/><SP WIDTH="15" VPOS="746" HPOS="667"/>
							<String ID="string_90" HPOS="682" VPOS="746" WIDTH="92" HEIGHT="25" WC="0.95" CONTENT="förslaget"/><SP WIDTH="19" VPOS="746" HPOS="774"/>
							<String ID="string_91" HPOS="793" VPOS="746" WIDTH="26" HEIGHT="19" WC="0.96" CONTENT="till"/><SP WIDTH="19" VPOS="746" HPOS="819"/>
							<String ID="string_92" HPOS="838" VPOS="746" WIDTH="96" HEIGHT="20" WC="0.96" CONTENT="allmänna"/>
						</TextLine>
						<TextLine ID="line_15" HPOS="191" VPOS="772" WIDTH="743" HEIGHT="27">
							<String ID="string_93" HPOS="191" VPOS="773" WIDTH="86" HEIGHT="26" WC="0.95" CONTENT="grunder"/><SP WIDTH="14" VPOS="773" HPOS="277"/>
							<String ID="string_94" HPOS="291" VPOS="773" WIDTH="29" HEIGHT="19" WC="0.95" CONTENT="för"/><SP WIDTH="15" VPOS="773" HPOS="320"/>
							<String ID="string_95" HPOS="335" VPOS="778" WIDTH="24" HEIGHT="14" WC="0.95" CONTENT="en"/><SP WIDTH="14" VPOS="778" HPOS="359"/>
							<String ID="string_96" HPOS="373" VPOS="778" WIDTH="27" HEIGHT="21" WC="0.96" CONTENT="ny"/><SP WIDTH="14" VPOS="778" HPOS="400"/>
							<String ID="string_97" HPOS="414" VPOS="772" WIDTH="88" HEIGHT="27" WC="0.96" CONTENT="strafflag"/><SP WIDTH="14" VPOS="772" HPOS="502"/>
							<String ID="string_98" HPOS="516" VPOS="774" WIDTH="87" HEIGHT="18" WC="0.96" CONTENT="förordat"/><SP WIDTH="14" VPOS="774" HPOS="603"/>
							<String ID="string_99" HPOS="617" VPOS="776" WIDTH="27" HEIGHT="16" WC="0.96" CONTENT="att"/><SP WIDTH="14" VPOS="776" HPOS="644"/>
							<String ID="string_100" HPOS="658" VPOS="773" WIDTH="87" HEIGHT="25" WC="0.96" CONTENT="fängelse"/><SP WIDTH="18" VPOS="773" HPOS="745"/>
							<String ID="string_101" HPOS="763" VPOS="773" WIDTH="34" HEIGHT="20" WC="0.96" CONTENT="vid"/><SP WIDTH="17" VPOS="773" HPOS="797"/>
							<String ID="string_102" HPOS="814" VPOS="774" WIDTH="67" HEIGHT="18" WC="0.96" CONTENT="vatten"/><SP WIDTH="14" VPOS="774" HPOS="881"/>
							<String ID="string_103" HPOS="895" VPOS="774" WIDTH="39" HEIGHT="18" WC="0.96" CONTENT="och"/>
						</TextLine>
						<TextLine ID="line_16" HPOS="192" VPOS="799" WIDTH="741" HEIGHT="26">
							<String ID="string_104" HPOS="192" VPOS="800" WIDTH="49" HEIGHT="20" WC="0.95" CONTENT="bröd"/><SP WIDTH="13" VPOS="800" HPOS="241"/>
							<String ID="string_105" HPOS="254" VPOS="800" WIDTH="63" HEIGHT="19" WC="0.96" CONTENT="borde"/><SP WIDTH="14" VPOS="800" HPOS="317"/>
							<String ID="string_106" HPOS="331" VPOS="800" WIDTH="6" HEIGHT="18" WC="0.96" CONTENT="i"/><SP WIDTH="14" VPOS="800" HPOS="337"/>
							<String ID="string_107" HPOS="351" VPOS="800" WIDTH="38" HEIGHT="19" WC="0.96" CONTENT="den"/><SP WIDTH="13" VPOS="800" HPOS="389"/>
							<String ID="string_108" HPOS="402" VPOS="805" WIDTH="39" HEIGHT="20" WC="0.93" CONTENT="nya"/><SP WIDTH="14" VPOS="805" HPOS="441"/>
							<String ID="string_109" HPOS="455" VPOS="799" WIDTH="161" HEIGHT="26" WC="0.91" CONTENT="brottmålslagen"/><SP WIDTH="14" VPOS="799" HPOS="616"/>
							<String ID="string_110" HPOS="630" VPOS="802" WIDTH="97" HEIGHT="23" WC="0.96" CONTENT="upptagas"/><SP WIDTH="14" VPOS="802" HPOS="727"/>
							<String ID="string_111" HPOS="741" VPOS="799" WIDTH="68" HEIGHT="20" WC="0.96" CONTENT="såsom"/><SP WIDTH="16" VPOS="799" HPOS="809"/>
							<String ID="string_112" HPOS="825" VPOS="805" WIDTH="24" HEIGHT="13" WC="0.96" CONTENT="en"/><SP WIDTH="14" VPOS="805" HPOS="849"/>
							<String ID="string_113" HPOS="863" VPOS="799" WIDTH="70" HEIGHT="21" WC="0.95" CONTENT="allmän"/>
						</TextLine>
						<TextLine ID="line_17" HPOS="192" VPOS="825" WIDTH="743" HEIGHT="27">
							<String ID="string_114" HPOS="192" VPOS="826" WIDTH="92" HEIGHT="25" WC="0.90" CONTENT="straffart,"/><SP WIDTH="16" VPOS="826" HPOS="284"/>
							<String ID="string_115" HPOS="300" VPOS="826" WIDTH="80" HEIGHT="20" WC="0.96" CONTENT="hvilken"/><SP WIDTH="14" VPOS="826" HPOS="380"/>
							<String ID="string_116" HPOS="394" VPOS="826" WIDTH="33" HEIGHT="19" WC="0.96" CONTENT="vid"/><SP WIDTH="14" VPOS="826" HPOS="427"/>
							<String ID="string_117" HPOS="441" VPOS="825" WIDTH="121" HEIGHT="27" WC="0.96" CONTENT="åtskilliga"/><SP WIDTH="14" VPOS="825" HPOS="562"/>
							<String ID="string_118" HPOS="576" VPOS="827" WIDTH="64" HEIGHT="19" WC="0.96" CONTENT="brott"/><SP WIDTH="13" VPOS="827" HPOS="640"/>
							<String ID="string_119" HPOS="653" VPOS="826" WIDTH="66" HEIGHT="19" WC="0.96" CONTENT="kunde"/><SP WIDTH="14" VPOS="826" HPOS="719"/>
							<String ID="string_120" HPOS="733" VPOS="826" WIDTH="100" HEIGHT="20" WC="0.96" CONTENT="användas"/><SP WIDTH="14" VPOS="826" HPOS="833"/>
							<String ID="string_121" HPOS="847" VPOS="826" WIDTH="43" HEIGHT="19" WC="0.93" CONTENT="dels"/><SP WIDTH="12" VPOS="826" HPOS="890"/>
							<String ID="string_122" HPOS="902" VPOS="826" WIDTH="33" HEIGHT="20" WC="0.92" CONTENT="så-"/>
						</TextLine>
						<TextLine ID="line_18" HPOS="193" VPOS="852" WIDTH="741" HEIGHT="25">
							<String ID="string_123" HPOS="193" VPOS="859" WIDTH="44" HEIGHT="14" WC="0.96" CONTENT="som"/><SP WIDTH="14" VPOS="859" HPOS="237"/>
							<String ID="string_124" HPOS="251" VPOS="855" WIDTH="28" HEIGHT="17" WC="0.92" CONTENT="ett"/><SP WIDTH="13" VPOS="855" HPOS="279"/>
							<String ID="string_125" HPOS="292" VPOS="852" WIDTH="154" HEIGHT="25" WC="0.91" CONTENT="sjelfbestående"/><SP WIDTH="13" VPOS="852" HPOS="446"/>
							<String ID="string_126" HPOS="459" VPOS="853" WIDTH="58" HEIGHT="24" WC="0.95" CONTENT="straff"/><SP WIDTH="11" VPOS="853" HPOS="517"/>
							<String ID="string_127" HPOS="528" VPOS="853" WIDTH="37" HEIGHT="19" WC="0.96" CONTENT="och"/><SP WIDTH="14" VPOS="853" HPOS="565"/>
							<String ID="string_128" HPOS="579" VPOS="852" WIDTH="43" HEIGHT="20" WC="0.96" CONTENT="dels"/><SP WIDTH="14" VPOS="852" HPOS="622"/>
							<String ID="string_129" HPOS="636" VPOS="852" WIDTH="28" HEIGHT="20" WC="0.96" CONTENT="för"/><SP WIDTH="15" VPOS="852" HPOS="664"/>
							<String ID="string_130" HPOS="679" VPOS="854" WIDTH="29" HEIGHT="18" WC="0.96" CONTENT="att"/><SP WIDTH="15" VPOS="854" HPOS="708"/>
							<String ID="string_131" HPOS="723" VPOS="855" WIDTH="73" HEIGHT="17" WC="0.96" CONTENT="ersätta"/><SP WIDTH="15" VPOS="855" HPOS="796"/>
							<String ID="string_132" HPOS="811" VPOS="852" WIDTH="62" HEIGHT="25" WC="0.95" CONTENT="böter,"/><SP WIDTH="15" VPOS="852" HPOS="873"/>
							<String ID="string_133" HPOS="888" VPOS="852" WIDTH="46" HEIGHT="20" WC="0.96" CONTENT="dem"/>
						</TextLine>
						<TextLine ID="line_19" HPOS="193" VPOS="878" WIDTH="743" HEIGHT="27">
							<String ID="string_134" HPOS="193" VPOS="880" WIDTH="38" HEIGHT="20" WC="0.93" CONTENT="den"/><SP WIDTH="18" VPOS="880" HPOS="231"/>
							<String ID="string_135" HPOS="249" VPOS="879" WIDTH="94" HEIGHT="19" WC="0.70" CONTENT="sakfällde"/><SP WIDTH="17" VPOS="879" HPOS="343"/>
							<String ID="string_136" HPOS="360" VPOS="878" WIDTH="17" HEIGHT="26" WC="0.96" CONTENT="ej"/><SP WIDTH="18" VPOS="878" HPOS="377"/>
							<String ID="string_137" HPOS="395" VPOS="878" WIDTH="73" HEIGHT="20" WC="0.93" CONTENT="förmår"/><SP WIDTH="17" VPOS="878" HPOS="468"/>
							<String ID="string_138" HPOS="485" VPOS="880" WIDTH="65" HEIGHT="24" WC="0.92" CONTENT="gälda,"/><SP WIDTH="20" VPOS="880" HPOS="550"/>
							<String ID="string_139" HPOS="570" VPOS="885" WIDTH="60" HEIGHT="20" WC="0.96" CONTENT="synes"/><SP WIDTH="18" VPOS="885" HPOS="630"/>
							<String ID="string_140" HPOS="648" VPOS="878" WIDTH="70" HEIGHT="20" WC="0.96" CONTENT="sådant"/><SP WIDTH="13" VPOS="878" HPOS="718"/>
							<String ID="string_141" HPOS="731" VPOS="879" WIDTH="59" HEIGHT="19" WC="0.96" CONTENT="hafva"/><SP WIDTH="18" VPOS="879" HPOS="790"/>
							<String ID="string_142" HPOS="808" VPOS="879" WIDTH="53" HEIGHT="19" WC="0.96" CONTENT="skett"/><SP WIDTH="17" VPOS="879" HPOS="861"/>
							<String ID="string_143" HPOS="878" VPOS="880" WIDTH="6" HEIGHT="18" WC="0.96" CONTENT="i"/><SP WIDTH="17" VPOS="880" HPOS="884"/>
							<String ID="string_144" HPOS="901" VPOS="879" WIDTH="35" HEIGHT="19" WC="0.96" CONTENT="det"/>
						</TextLine>
						<TextLine ID="line_20" HPOS="192" VPOS="904" WIDTH="744" HEIGHT="27">
							<String ID="string_145" HPOS="192" VPOS="906" WIDTH="99" HEIGHT="21" WC="0.89" CONTENT="välmenta"/><SP WIDTH="15" VPOS="906" HPOS="291"/>
							<String ID="string_146" HPOS="306" VPOS="906" WIDTH="52" HEIGHT="25" WC="0.96" CONTENT="syfte"/><SP WIDTH="14" VPOS="906" HPOS="358"/>
							<String ID="string_147" HPOS="372" VPOS="908" WIDTH="28" HEIGHT="16" WC="0.96" CONTENT="att"/><SP WIDTH="13" VPOS="908" HPOS="400"/>
							<String ID="string_148" HPOS="413" VPOS="911" WIDTH="70" HEIGHT="19" WC="0.96" CONTENT="genom"/><SP WIDTH="14" VPOS="911" HPOS="483"/>
							<String ID="string_149" HPOS="497" VPOS="908" WIDTH="28" HEIGHT="17" WC="0.96" CONTENT="ett"/><SP WIDTH="9" VPOS="908" HPOS="525"/>
							<String ID="string_150" HPOS="534" VPOS="906" WIDTH="63" HEIGHT="25" WC="0.96" CONTENT="dylikt"/><SP WIDTH="8" VPOS="906" HPOS="597"/>
							<String ID="string_151" HPOS="605" VPOS="904" WIDTH="130" HEIGHT="21" WC="0.96" CONTENT="försvårande"/><SP WIDTH="9" VPOS="904" HPOS="735"/>
							<String ID="string_152" HPOS="744" VPOS="906" WIDTH="65" HEIGHT="25" WC="0.96" CONTENT="tillägg"/><SP WIDTH="9" VPOS="906" HPOS="809"/>
							<String ID="string_153" HPOS="818" VPOS="906" WIDTH="28" HEIGHT="18" WC="0.92" CONTENT="till"/><SP WIDTH="10" VPOS="906" HPOS="846"/>
							<String ID="string_154" HPOS="856" VPOS="905" WIDTH="80" HEIGHT="20" WC="0.92" CONTENT="frihets-"/>
						</TextLine>
						<TextLine ID="line_21" HPOS="193" VPOS="931" WIDTH="741" HEIGHT="26">
							<String ID="string_155" HPOS="193" VPOS="932" WIDTH="76" HEIGHT="20" WC="0.91" CONTENT="straffet"/><SP WIDTH="14" VPOS="932" HPOS="269"/>
							<String ID="string_156" HPOS="283" VPOS="932" WIDTH="65" HEIGHT="19" WC="0.91" CONTENT="kunha"/><SP WIDTH="15" VPOS="932" HPOS="348"/>
							<String ID="string_157" HPOS="363" VPOS="932" WIDTH="5" HEIGHT="18" WC="0.95" CONTENT="i"/><SP WIDTH="16" VPOS="932" HPOS="368"/>
							<String ID="string_158" HPOS="384" VPOS="931" WIDTH="53" HEIGHT="20" WC="0.96" CONTENT="vissa"/><SP WIDTH="14" VPOS="931" HPOS="437"/>
							<String ID="string_159" HPOS="451" VPOS="932" WIDTH="31" HEIGHT="20" WC="0.96" CONTENT="fall"/><SP WIDTH="10" VPOS="932" HPOS="482"/>
							<String ID="string_160" HPOS="492" VPOS="932" WIDTH="86" HEIGHT="20" WC="0.96" CONTENT="förkorta"/><SP WIDTH="9" VPOS="932" HPOS="578"/>
							<String ID="string_161" HPOS="587" VPOS="932" WIDTH="38" HEIGHT="19" WC="0.93" CONTENT="den"/><SP WIDTH="9" VPOS="932" HPOS="625"/>
							<String ID="string_162" HPOS="634" VPOS="931" WIDTH="107" HEIGHT="26" WC="0.90" CONTENT="tidslängd,"/><SP WIDTH="12" VPOS="931" HPOS="741"/>
							<String ID="string_163" HPOS="753" VPOS="932" WIDTH="114" HEIGHT="20" WC="0.90" CONTENT="hvarunder"/><SP WIDTH="14" VPOS="932" HPOS="867"/>
							<String ID="string_164" HPOS="881" VPOS="932" WIDTH="53" HEIGHT="19" WC="0.95" CONTENT="detta"/>
						</TextLine>
						<TextLine ID="line_22" HPOS="193" VPOS="957" WIDTH="249" HEIGHT="26">
							<String ID="string_165" HPOS="193" VPOS="958" WIDTH="58" HEIGHT="20" WC="0.95" CONTENT="straff"/><SP WIDTH="12" VPOS="958" HPOS="251"/>
							<String ID="string_166" HPOS="263" VPOS="958" WIDTH="61" HEIGHT="20" WC="0.93" CONTENT="borde"/><SP WIDTH="14" VPOS="958" HPOS="324"/>
							<String ID="string_167" HPOS="338" VPOS="957" WIDTH="104" HEIGHT="26" WC="0.92" CONTENT="undergås."/>
						</TextLine>
					</TextBlock>
					<TextBlock ID="block_6" HPOS="194" VPOS="984" WIDTH="744" HEIGHT="289">
						<TextLine ID="line_23" HPOS="246" VPOS="984" WIDTH="690" HEIGHT="26">
							<String ID="string_168" HPOS="246" VPOS="985" WIDTH="35" HEIGHT="20" WC="0.95" CONTENT="Väl"/><SP WIDTH="16" VPOS="985" HPOS="281"/>
							<String ID="string_169" HPOS="297" VPOS="985" WIDTH="35" HEIGHT="19" WC="0.96" CONTENT="har"/><SP WIDTH="14" VPOS="985" HPOS="332"/>
							<String ID="string_170" HPOS="346" VPOS="984" WIDTH="101" HEIGHT="20" WC="0.96" CONTENT="Utskottet"/><SP WIDTH="14" VPOS="984" HPOS="447"/>
							<String ID="string_171" HPOS="461" VPOS="985" WIDTH="37" HEIGHT="19" WC="0.96" CONTENT="ock"/><SP WIDTH="14" VPOS="985" HPOS="498"/>
							<String ID="string_172" HPOS="512" VPOS="985" WIDTH="29" HEIGHT="19" WC="0.96" CONTENT="uti"/><SP WIDTH="13" VPOS="985" HPOS="541"/>
							<String ID="string_173" HPOS="554" VPOS="984" WIDTH="47" HEIGHT="20" WC="0.96" CONTENT="dess"/><SP WIDTH="15" VPOS="984" HPOS="601"/>
							<String ID="string_174" HPOS="616" VPOS="984" WIDTH="123" HEIGHT="20" WC="0.96" CONTENT="betänkande"/><SP WIDTH="14" VPOS="984" HPOS="739"/>
							<String ID="string_175" HPOS="753" VPOS="985" WIDTH="6" HEIGHT="19" WC="0.96" CONTENT="i"/><SP WIDTH="14" VPOS="985" HPOS="759"/>
							<String ID="string_176" HPOS="773" VPOS="984" WIDTH="68" HEIGHT="26" WC="0.96" CONTENT="frågan"/><SP WIDTH="17" VPOS="984" HPOS="841"/>
							<String ID="string_177" HPOS="858" VPOS="990" WIDTH="32" HEIGHT="14" WC="0.93" CONTENT="om"/><SP WIDTH="16" VPOS="990" HPOS="890"/>
							<String ID="string_178" HPOS="906" VPOS="984" WIDTH="30" HEIGHT="19" WC="0.91" CONTENT="af-"/>
						</TextLine>
						<TextLine ID="line_24" HPOS="195" VPOS="1010" WIDTH="740" HEIGHT="26">
							<String ID="string_179" HPOS="195" VPOS="1011" WIDTH="100" HEIGHT="20" WC="0.92" CONTENT="skaffande"/><SP WIDTH="14" VPOS="1011" HPOS="295"/>
							<String ID="string_180" HPOS="309" VPOS="1011" WIDTH="20" HEIGHT="19" WC="0.96" CONTENT="af"/><SP WIDTH="13" VPOS="1011" HPOS="329"/>
							<String ID="string_181" HPOS="342" VPOS="1010" WIDTH="54" HEIGHT="20" WC="0.93" CONTENT="vissa"/><SP WIDTH="15" VPOS="1010" HPOS="396"/>
							<String ID="string_182" HPOS="411" VPOS="1011" WIDTH="122" HEIGHT="20" WC="0.92" CONTENT="härförinnan"/><SP WIDTH="14" VPOS="1011" HPOS="533"/>
							<String ID="string_183" HPOS="547" VPOS="1010" WIDTH="88" HEIGHT="26" WC="0.96" CONTENT="nyttjade"/><SP WIDTH="15" VPOS="1010" HPOS="635"/>
							<String ID="string_184" HPOS="650" VPOS="1010" WIDTH="58" HEIGHT="20" WC="0.95" CONTENT="straff"/><SP WIDTH="11" VPOS="1010" HPOS="708"/>
							<String ID="string_185" HPOS="719" VPOS="1012" WIDTH="38" HEIGHT="18" WC="0.96" CONTENT="och"/><SP WIDTH="14" VPOS="1012" HPOS="757"/>
							<String ID="string_186" HPOS="771" VPOS="1011" WIDTH="58" HEIGHT="20" WC="0.93" CONTENT="deras"/><SP WIDTH="10" VPOS="1011" HPOS="829"/>
							<String ID="string_187" HPOS="839" VPOS="1013" WIDTH="96" HEIGHT="17" WC="0.91" CONTENT="ersättan-"/>
						</TextLine>
						<TextLine ID="line_25" HPOS="194" VPOS="1036" WIDTH="742" HEIGHT="27">
							<String ID="string_188" HPOS="194" VPOS="1038" WIDTH="25" HEIGHT="20" WC="0.96" CONTENT="de"/><SP WIDTH="14" VPOS="1038" HPOS="219"/>
							<String ID="string_189" HPOS="233" VPOS="1038" WIDTH="108" HEIGHT="19" WC="0.95" CONTENT="tillsvidare"/><SP WIDTH="13" VPOS="1038" HPOS="341"/>
							<String ID="string_190" HPOS="354" VPOS="1042" WIDTH="70" HEIGHT="20" WC="0.96" CONTENT="genom"/><SP WIDTH="13" VPOS="1042" HPOS="424"/>
							<String ID="string_191" HPOS="437" VPOS="1038" WIDTH="60" HEIGHT="19" WC="0.93" CONTENT="andra"/><SP WIDTH="14" VPOS="1038" HPOS="497"/>
							<String ID="string_192" HPOS="511" VPOS="1037" WIDTH="108" HEIGHT="20" WC="0.91" CONTENT="straffarter"/><SP WIDTH="15" VPOS="1037" HPOS="619"/>
							<String ID="string_193" HPOS="634" VPOS="1038" WIDTH="99" HEIGHT="25" WC="0.93" CONTENT="föreslagit"/><SP WIDTH="18" VPOS="1038" HPOS="733"/>
							<String ID="string_194" HPOS="751" VPOS="1036" WIDTH="94" HEIGHT="27" WC="0.88" CONTENT="tjuguåtta"/><SP WIDTH="18" VPOS="1036" HPOS="845"/>
							<String ID="string_195" HPOS="863" VPOS="1037" WIDTH="73" HEIGHT="25" WC="0.96" CONTENT="dagars"/>
						</TextLine>
						<TextLine ID="line_26" HPOS="194" VPOS="1063" WIDTH="742" HEIGHT="27">
							<String ID="string_196" HPOS="194" VPOS="1065" WIDTH="87" HEIGHT="25" WC="0.95" CONTENT="fängelse"/><SP WIDTH="14" VPOS="1065" HPOS="281"/>
							<String ID="string_197" HPOS="295" VPOS="1064" WIDTH="33" HEIGHT="19" WC="0.96" CONTENT="vid"/><SP WIDTH="16" VPOS="1064" HPOS="328"/>
							<String ID="string_198" HPOS="344" VPOS="1066" WIDTH="65" HEIGHT="16" WC="0.95" CONTENT="vatten"/><SP WIDTH="14" VPOS="1066" HPOS="409"/>
							<String ID="string_199" HPOS="423" VPOS="1065" WIDTH="38" HEIGHT="18" WC="0.96" CONTENT="och"/><SP WIDTH="14" VPOS="1065" HPOS="461"/>
							<String ID="string_200" HPOS="475" VPOS="1064" WIDTH="49" HEIGHT="19" WC="0.96" CONTENT="bröd"/><SP WIDTH="16" VPOS="1064" HPOS="524"/>
							<String ID="string_201" HPOS="540" VPOS="1063" WIDTH="66" HEIGHT="20" WC="0.96" CONTENT="såsom"/><SP WIDTH="10" VPOS="1063" HPOS="606"/>
							<String ID="string_202" HPOS="616" VPOS="1070" WIDTH="23" HEIGHT="13" WC="0.96" CONTENT="en"/><SP WIDTH="11" VPOS="1070" HPOS="639"/>
							<String ID="string_203" HPOS="650" VPOS="1064" WIDTH="107" HEIGHT="25" WC="0.96" CONTENT="skärpning"/><SP WIDTH="10" VPOS="1064" HPOS="757"/>
							<String ID="string_204" HPOS="767" VPOS="1064" WIDTH="25" HEIGHT="19" WC="0.93" CONTENT="till"/><SP WIDTH="10" VPOS="1064" HPOS="792"/>
							<String ID="string_205" HPOS="802" VPOS="1064" WIDTH="71" HEIGHT="20" WC="0.91" CONTENT="lifstids"/><SP WIDTH="10" VPOS="1064" HPOS="873"/>
							<String ID="string_206" HPOS="883" VPOS="1064" WIDTH="53" HEIGHT="19" WC="0.92" CONTENT="tukt-"/>
						</TextLine>
						<TextLine ID="line_27" HPOS="195" VPOS="1089" WIDTH="741" HEIGHT="26">
							<String ID="string_207" HPOS="195" VPOS="1091" WIDTH="37" HEIGHT="19" WC="0.96" CONTENT="hus"/><SP WIDTH="15" VPOS="1091" HPOS="232"/>
							<String ID="string_208" HPOS="247" VPOS="1091" WIDTH="28" HEIGHT="18" WC="0.96" CONTENT="för"/><SP WIDTH="14" VPOS="1091" HPOS="275"/>
							<String ID="string_209" HPOS="289" VPOS="1091" WIDTH="25" HEIGHT="19" WC="0.96" CONTENT="de"/><SP WIDTH="14" VPOS="1091" HPOS="314"/>
							<String ID="string_210" HPOS="328" VPOS="1089" WIDTH="91" HEIGHT="20" WC="0.95" CONTENT="svåraste"/><SP WIDTH="14" VPOS="1089" HPOS="419"/>
							<String ID="string_211" HPOS="433" VPOS="1093" WIDTH="77" HEIGHT="17" WC="0.96" CONTENT="arterna"/><SP WIDTH="14" VPOS="1093" HPOS="510"/>
							<String ID="string_212" HPOS="524" VPOS="1090" WIDTH="21" HEIGHT="19" WC="0.96" CONTENT="af"/><SP WIDTH="12" VPOS="1090" HPOS="545"/>
							<String ID="string_213" HPOS="557" VPOS="1089" WIDTH="135" HEIGHT="26" WC="0.96" CONTENT="högförräderi"/><SP WIDTH="14" VPOS="1089" HPOS="692"/>
							<String ID="string_214" HPOS="706" VPOS="1092" WIDTH="38" HEIGHT="18" WC="0.96" CONTENT="och"/><SP WIDTH="18" VPOS="1092" HPOS="744"/>
							<String ID="string_215" HPOS="762" VPOS="1091" WIDTH="29" HEIGHT="18" WC="0.96" CONTENT="för"/><SP WIDTH="17" VPOS="1091" HPOS="791"/>
							<String ID="string_216" HPOS="808" VPOS="1090" WIDTH="67" HEIGHT="25" WC="0.96" CONTENT="mord,"/><SP WIDTH="15" VPOS="1090" HPOS="875"/>
							<String ID="string_217" HPOS="890" VPOS="1095" WIDTH="46" HEIGHT="14" WC="0.95" CONTENT="men"/>
						</TextLine>
						<TextLine ID="line_28" HPOS="195" VPOS="1116" WIDTH="742" HEIGHT="26">
							<String ID="string_218" HPOS="195" VPOS="1117" WIDTH="56" HEIGHT="19" WC="0.96" CONTENT="deraf"/><SP WIDTH="12" VPOS="1117" HPOS="251"/>
							<String ID="string_219" HPOS="263" VPOS="1117" WIDTH="50" HEIGHT="19" WC="0.96" CONTENT="lärer"/><SP WIDTH="14" VPOS="1117" HPOS="313"/>
							<String ID="string_220" HPOS="327" VPOS="1121" WIDTH="46" HEIGHT="14" WC="0.96" CONTENT="man"/><SP WIDTH="14" VPOS="1121" HPOS="373"/>
							<String ID="string_221" HPOS="387" VPOS="1116" WIDTH="51" HEIGHT="19" WC="0.96" CONTENT="dock"/><SP WIDTH="14" VPOS="1116" HPOS="438"/>
							<String ID="string_222" HPOS="452" VPOS="1117" WIDTH="44" HEIGHT="18" WC="0.96" CONTENT="icke"/><SP WIDTH="14" VPOS="1117" HPOS="496"/>
							<String ID="string_223" HPOS="510" VPOS="1122" WIDTH="47" HEIGHT="13" WC="0.96" CONTENT="vara"/><SP WIDTH="14" VPOS="1122" HPOS="557"/>
							<String ID="string_224" HPOS="571" VPOS="1116" WIDTH="109" HEIGHT="25" WC="0.93" CONTENT="berättigad"/><SP WIDTH="14" VPOS="1116" HPOS="680"/>
							<String ID="string_225" HPOS="694" VPOS="1119" WIDTH="28" HEIGHT="17" WC="0.96" CONTENT="att"/><SP WIDTH="13" VPOS="1119" HPOS="722"/>
							<String ID="string_226" HPOS="735" VPOS="1119" WIDTH="70" HEIGHT="23" WC="0.96" CONTENT="antaga"/><SP WIDTH="10" VPOS="1119" HPOS="805"/>
							<String ID="string_227" HPOS="815" VPOS="1116" WIDTH="33" HEIGHT="19" WC="0.93" CONTENT="det"/><SP WIDTH="9" VPOS="1116" HPOS="848"/>
							<String ID="string_228" HPOS="857" VPOS="1116" WIDTH="80" HEIGHT="20" WC="0.92" CONTENT="Utskot-"/>
						</TextLine>
						<TextLine ID="line_29" HPOS="197" VPOS="1143" WIDTH="741" HEIGHT="20">
							<String ID="string_229" HPOS="197" VPOS="1145" WIDTH="27" HEIGHT="17" WC="0.96" CONTENT="tet"/><SP WIDTH="15" VPOS="1145" HPOS="224"/>
							<String ID="string_230" HPOS="239" VPOS="1143" WIDTH="63" HEIGHT="20" WC="0.96" CONTENT="skulle"/><SP WIDTH="15" VPOS="1143" HPOS="302"/>
							<String ID="string_231" HPOS="317" VPOS="1143" WIDTH="58" HEIGHT="18" WC="0.93" CONTENT="hafva"/><SP WIDTH="14" VPOS="1143" HPOS="375"/>
							<String ID="string_232" HPOS="389" VPOS="1143" WIDTH="59" HEIGHT="19" WC="0.92" CONTENT="afsett"/><SP WIDTH="14" VPOS="1143" HPOS="448"/>
							<String ID="string_233" HPOS="462" VPOS="1145" WIDTH="27" HEIGHT="17" WC="0.96" CONTENT="ett"/><SP WIDTH="15" VPOS="1145" HPOS="489"/>
							<String ID="string_234" HPOS="504" VPOS="1143" WIDTH="119" HEIGHT="19" WC="0.96" CONTENT="allmännare"/><SP WIDTH="15" VPOS="1143" HPOS="623"/>
							<String ID="string_235" HPOS="638" VPOS="1143" WIDTH="128" HEIGHT="20" WC="0.96" CONTENT="användande"/><SP WIDTH="17" VPOS="1143" HPOS="766"/>
							<String ID="string_236" HPOS="783" VPOS="1143" WIDTH="21" HEIGHT="19" WC="0.96" CONTENT="af"/><SP WIDTH="15" VPOS="1143" HPOS="804"/>
							<String ID="string_237" HPOS="819" VPOS="1145" WIDTH="66" HEIGHT="17" WC="0.96" CONTENT="vatten"/><SP WIDTH="14" VPOS="1145" HPOS="885"/>
							<String ID="string_238" HPOS="899" VPOS="1143" WIDTH="39" HEIGHT="19" WC="0.97" CONTENT="och"/>
						</TextLine>
						<TextLine ID="line_30" HPOS="195" VPOS="1168" WIDTH="742" HEIGHT="26">
							<String ID="string_239" HPOS="195" VPOS="1169" WIDTH="128" HEIGHT="20" WC="0.92" CONTENT="brödstraffet"/><SP WIDTH="16" VPOS="1169" HPOS="323"/>
							<String ID="string_240" HPOS="339" VPOS="1168" WIDTH="70" HEIGHT="20" WC="0.96" CONTENT="endast"/><SP WIDTH="16" VPOS="1168" HPOS="409"/>
							<String ID="string_241" HPOS="425" VPOS="1169" WIDTH="68" HEIGHT="19" WC="0.96" CONTENT="såsom"/><SP WIDTH="17" VPOS="1169" HPOS="493"/>
							<String ID="string_242" HPOS="510" VPOS="1169" WIDTH="106" HEIGHT="25" WC="0.95" CONTENT="skärpning"/><SP WIDTH="18" VPOS="1169" HPOS="616"/>
							<String ID="string_243" HPOS="634" VPOS="1169" WIDTH="25" HEIGHT="20" WC="0.93" CONTENT="till"/><SP WIDTH="21" VPOS="1169" HPOS="659"/>
							<String ID="string_244" HPOS="680" VPOS="1169" WIDTH="166" HEIGHT="20" WC="0.89" CONTENT="tukthusstraffet."/><SP WIDTH="31" VPOS="1169" HPOS="846"/>
							<String ID="string_245" HPOS="877" VPOS="1169" WIDTH="60" HEIGHT="19" WC="0.87" CONTENT="Emot"/>
						</TextLine>
						<TextLine ID="line_31" HPOS="195" VPOS="1195" WIDTH="741" HEIGHT="26">
							<String ID="string_246" HPOS="195" VPOS="1197" WIDTH="29" HEIGHT="18" WC="0.96" CONTENT="ett"/><SP WIDTH="13" VPOS="1197" HPOS="224"/>
							<String ID="string_247" HPOS="237" VPOS="1195" WIDTH="63" HEIGHT="26" WC="0.96" CONTENT="dylikt"/><SP WIDTH="14" VPOS="1195" HPOS="300"/>
							<String ID="string_248" HPOS="314" VPOS="1195" WIDTH="109" HEIGHT="25" WC="0.96" CONTENT="antagande"/><SP WIDTH="17" VPOS="1195" HPOS="423"/>
							<String ID="string_249" HPOS="440" VPOS="1196" WIDTH="72" HEIGHT="19" WC="0.93" CONTENT="strider"/><SP WIDTH="17" VPOS="1196" HPOS="512"/>
							<String ID="string_250" HPOS="529" VPOS="1196" WIDTH="98" HEIGHT="24" WC="0.92" CONTENT="nemligen"/><SP WIDTH="18" VPOS="1196" HPOS="627"/>
							<String ID="string_251" HPOS="645" VPOS="1195" WIDTH="52" HEIGHT="20" WC="0.96" CONTENT="hvad"/><SP WIDTH="17" VPOS="1195" HPOS="697"/>
							<String ID="string_252" HPOS="714" VPOS="1195" WIDTH="5" HEIGHT="20" WC="0.96" CONTENT="i"/><SP WIDTH="16" VPOS="1195" HPOS="719"/>
							<String ID="string_253" HPOS="735" VPOS="1195" WIDTH="135" HEIGHT="20" WC="0.93" CONTENT="betänkandet"/><SP WIDTH="16" VPOS="1195" HPOS="870"/>
							<String ID="string_254" HPOS="886" VPOS="1195" WIDTH="50" HEIGHT="19" WC="0.93" CONTENT="före-"/>
						</TextLine>
						<TextLine ID="line_32" HPOS="195" VPOS="1221" WIDTH="743" HEIGHT="26">
							<String ID="string_255" HPOS="195" VPOS="1222" WIDTH="91" HEIGHT="19" WC="0.96" CONTENT="kommer"/><SP WIDTH="13" VPOS="1222" HPOS="286"/>
							<String ID="string_256" HPOS="299" VPOS="1221" WIDTH="77" HEIGHT="24" WC="0.96" CONTENT="derom,"/><SP WIDTH="16" VPOS="1221" HPOS="376"/>
							<String ID="string_257" HPOS="392" VPOS="1224" WIDTH="28" HEIGHT="17" WC="0.96" CONTENT="att"/><SP WIDTH="14" VPOS="1224" HPOS="420"/>
							<String ID="string_258" HPOS="434" VPOS="1222" WIDTH="87" HEIGHT="25" WC="0.95" CONTENT="fängelse"/><SP WIDTH="13" VPOS="1222" HPOS="521"/>
							<String ID="string_259" HPOS="534" VPOS="1222" WIDTH="32" HEIGHT="19" WC="0.96" CONTENT="vid"/><SP WIDTH="15" VPOS="1222" HPOS="566"/>
							<String ID="string_260" HPOS="581" VPOS="1224" WIDTH="67" HEIGHT="17" WC="0.96" CONTENT="vatten"/><SP WIDTH="14" VPOS="1224" HPOS="648"/>
							<String ID="string_261" HPOS="662" VPOS="1223" WIDTH="39" HEIGHT="18" WC="0.96" CONTENT="och"/><SP WIDTH="13" VPOS="1223" HPOS="701"/>
							<String ID="string_262" HPOS="714" VPOS="1221" WIDTH="50" HEIGHT="20" WC="0.96" CONTENT="bröd"/><SP WIDTH="14" VPOS="1221" HPOS="764"/>
							<String ID="string_263" HPOS="778" VPOS="1221" WIDTH="63" HEIGHT="20" WC="0.96" CONTENT="skulle"/><SP WIDTH="15" VPOS="1221" HPOS="841"/>
							<String ID="string_264" HPOS="856" VPOS="1222" WIDTH="5" HEIGHT="18" WC="0.93" CONTENT="i"/><SP WIDTH="14" VPOS="1222" HPOS="861"/>
							<String ID="string_265" HPOS="875" VPOS="1221" WIDTH="63" HEIGHT="19" WC="0.93" CONTENT="brott-"/>
						</TextLine>
						<TextLine ID="line_33" HPOS="195" VPOS="1246" WIDTH="660" HEIGHT="27">
							<String ID="string_266" HPOS="195" VPOS="1247" WIDTH="107" HEIGHT="26" WC="0.92" CONTENT="målslagen"/><SP WIDTH="13" VPOS="1247" HPOS="302"/>
							<String ID="string_267" HPOS="315" VPOS="1246" WIDTH="108" HEIGHT="21" WC="0.96" CONTENT="bibehållas"/><SP WIDTH="16" VPOS="1246" HPOS="423"/>
							<String ID="string_268" HPOS="439" VPOS="1247" WIDTH="67" HEIGHT="20" WC="0.96" CONTENT="såsom"/><SP WIDTH="15" VPOS="1247" HPOS="506"/>
							<String ID="string_269" HPOS="521" VPOS="1253" WIDTH="23" HEIGHT="14" WC="0.93" CONTENT="en"/><SP WIDTH="15" VPOS="1253" HPOS="544"/>
							<String ID="string_270" HPOS="559" VPOS="1247" WIDTH="189" HEIGHT="26" WC="0.91" CONTENT="sjelfbestående"/><SP WIDTH="15" VPOS="1247" HPOS="748"/>
							<String ID="string_271" HPOS="763" VPOS="1247" WIDTH="92" HEIGHT="25" WC="0.91" CONTENT="straffart."/>
						</TextLine>
					</TextBlock>
					<TextBlock ID="block_7" HPOS="196" VPOS="1273" WIDTH="742" HEIGHT="131">
						<TextLine ID="line_34" HPOS="249" VPOS="1273" WIDTH="686" HEIGHT="27">
							<String ID="string_272" HPOS="249" VPOS="1274" WIDTH="72" HEIGHT="26" WC="0.83" CONTENT="Frågar"/><SP WIDTH="15" VPOS="1274" HPOS="321"/>
							<String ID="string_273" HPOS="336" VPOS="1279" WIDTH="45" HEIGHT="14" WC="0.93" CONTENT="man"/><SP WIDTH="18" VPOS="1279" HPOS="381"/>
							<String ID="string_274" HPOS="399" VPOS="1273" WIDTH="42" HEIGHT="21" WC="0.96" CONTENT="åter"/><SP WIDTH="16" VPOS="1273" HPOS="441"/>
							<String ID="string_275" HPOS="457" VPOS="1275" WIDTH="52" HEIGHT="19" WC="0.93" CONTENT="huru"/><SP WIDTH="10" VPOS="1275" HPOS="509"/>
							<String ID="string_276" HPOS="519" VPOS="1274" WIDTH="113" HEIGHT="20" WC="0.91" CONTENT="beskaffade"/><SP WIDTH="13" VPOS="1274" HPOS="632"/>
							<String ID="string_277" HPOS="645" VPOS="1274" WIDTH="25" HEIGHT="20" WC="0.93" CONTENT="de"/><SP WIDTH="12" VPOS="1274" HPOS="670"/>
							<String ID="string_278" HPOS="682" VPOS="1274" WIDTH="185" HEIGHT="25" WC="0.92" CONTENT="lagöfverträdelser"/><SP WIDTH="13" VPOS="1274" HPOS="867"/>
							<String ID="string_279" HPOS="880" VPOS="1279" WIDTH="55" HEIGHT="20" WC="0.96" CONTENT="vore,"/>
						</TextLine>
						<TextLine ID="line_35" HPOS="197" VPOS="1299" WIDTH="741" HEIGHT="26">
							<String ID="string_280" HPOS="197" VPOS="1299" WIDTH="28" HEIGHT="20" WC="0.96" CONTENT="för"/><SP WIDTH="15" VPOS="1299" HPOS="225"/>
							<String ID="string_281" HPOS="240" VPOS="1301" WIDTH="65" HEIGHT="19" WC="0.96" CONTENT="hvilka"/><SP WIDTH="15" VPOS="1301" HPOS="305"/>
							<String ID="string_282" HPOS="320" VPOS="1300" WIDTH="87" HEIGHT="25" WC="0.95" CONTENT="fängelse"/><SP WIDTH="15" VPOS="1300" HPOS="407"/>
							<String ID="string_283" HPOS="422" VPOS="1301" WIDTH="31" HEIGHT="20" WC="0.96" CONTENT="vid"/><SP WIDTH="14" VPOS="1301" HPOS="453"/>
							<String ID="string_284" HPOS="467" VPOS="1303" WIDTH="68" HEIGHT="18" WC="0.96" CONTENT="vatten"/><SP WIDTH="13" VPOS="1303" HPOS="535"/>
							<String ID="string_285" HPOS="548" VPOS="1301" WIDTH="37" HEIGHT="19" WC="0.96" CONTENT="och"/><SP WIDTH="9" VPOS="1301" HPOS="585"/>
							<String ID="string_286" HPOS="594" VPOS="1300" WIDTH="48" HEIGHT="20" WC="0.96" CONTENT="bröd"/><SP WIDTH="10" VPOS="1300" HPOS="642"/>
							<String ID="string_287" HPOS="652" VPOS="1301" WIDTH="61" HEIGHT="20" WC="0.96" CONTENT="borde"/><SP WIDTH="11" VPOS="1301" HPOS="713"/>
							<String ID="string_288" HPOS="724" VPOS="1300" WIDTH="67" HEIGHT="20" WC="0.93" CONTENT="såsom"/><SP WIDTH="10" VPOS="1300" HPOS="791"/>
							<String ID="string_289" HPOS="801" VPOS="1299" WIDTH="137" HEIGHT="26" WC="0.91" CONTENT="sjelfbeståen-"/>
						</TextLine>
						<TextLine ID="line_36" HPOS="196" VPOS="1326" WIDTH="740" HEIGHT="27">
							<String ID="string_290" HPOS="196" VPOS="1326" WIDTH="25" HEIGHT="20" WC="0.92" CONTENT="de"/><SP WIDTH="14" VPOS="1326" HPOS="221"/>
							<String ID="string_291" HPOS="235" VPOS="1327" WIDTH="87" HEIGHT="19" WC="0.91" CONTENT="straffart"/><SP WIDTH="17" VPOS="1327" HPOS="322"/>
							<String ID="string_292" HPOS="339" VPOS="1327" WIDTH="86" HEIGHT="25" WC="0.95" CONTENT="stadgas,"/><SP WIDTH="16" VPOS="1327" HPOS="425"/>
							<String ID="string_293" HPOS="441" VPOS="1327" WIDTH="22" HEIGHT="20" WC="0.96" CONTENT="så"/><SP WIDTH="14" VPOS="1327" HPOS="463"/>
							<String ID="string_294" HPOS="477" VPOS="1328" WIDTH="50" HEIGHT="19" WC="0.96" CONTENT="lärer"/><SP WIDTH="14" VPOS="1328" HPOS="527"/>
							<String ID="string_295" HPOS="541" VPOS="1327" WIDTH="63" HEIGHT="26" WC="0.96" CONTENT="någon"/><SP WIDTH="15" VPOS="1327" HPOS="604"/>
							<String ID="string_296" HPOS="619" VPOS="1327" WIDTH="73" HEIGHT="20" WC="0.96" CONTENT="tvekan"/><SP WIDTH="17" VPOS="1327" HPOS="692"/>
							<String ID="string_297" HPOS="709" VPOS="1326" WIDTH="42" HEIGHT="25" WC="0.96" CONTENT="röja"/><SP WIDTH="17" VPOS="1326" HPOS="751"/>
							<String ID="string_298" HPOS="768" VPOS="1327" WIDTH="29" HEIGHT="19" WC="0.96" CONTENT="sig"/><SP WIDTH="17" VPOS="1327" HPOS="797"/>
							<String ID="string_299" HPOS="814" VPOS="1327" WIDTH="33" HEIGHT="19" WC="0.93" CONTENT="vid"/><SP WIDTH="17" VPOS="1327" HPOS="847"/>
							<String ID="string_300" HPOS="864" VPOS="1327" WIDTH="72" HEIGHT="20" WC="0.93" CONTENT="besva-"/>
						</TextLine>
						<TextLine ID="line_37" HPOS="197" VPOS="1342" WIDTH="741" HEIGHT="38">
							<String ID="string_301" HPOS="197" VPOS="1353" WIDTH="70" HEIGHT="20" WC="0.91" CONTENT="randet"/><SP WIDTH="13" VPOS="1353" HPOS="267"/>
							<String ID="string_302" HPOS="280" VPOS="1353" WIDTH="20" HEIGHT="20" WC="0.96" CONTENT="af"/><SP WIDTH="8" VPOS="1353" HPOS="300"/>
							<String ID="string_303" HPOS="308" VPOS="1355" WIDTH="28" HEIGHT="17" WC="0.96" CONTENT="ett"/><SP WIDTH="14" VPOS="1355" HPOS="336"/>
							<String ID="string_304" HPOS="350" VPOS="1353" WIDTH="60" HEIGHT="27" WC="0.96" CONTENT="dylikt"/><SP WIDTH="14" VPOS="1353" HPOS="410"/>
							<String ID="string_305" HPOS="424" VPOS="1353" WIDTH="103" HEIGHT="26" WC="0.96" CONTENT="spörsmål."/><SP WIDTH="16" VPOS="1353" HPOS="527"/>
							<String ID="string_306" HPOS="543" VPOS="1354" WIDTH="67" HEIGHT="19" WC="0.96" CONTENT="Skulle"/><SP WIDTH="13" VPOS="1354" HPOS="610"/>
							<String ID="string_307" HPOS="623" VPOS="1355" WIDTH="30" HEIGHT="18" WC="0.94" CONTENT="väl"/><SP WIDTH="16" VPOS="1355" HPOS="653"/>
							<String ID="string_308" HPOS="669" VPOS="1353" WIDTH="62" HEIGHT="20" WC="0.96" CONTENT="denna"/><SP WIDTH="15" VPOS="1353" HPOS="731"/>
							<String ID="string_309" HPOS="746" VPOS="1342" WIDTH="86" HEIGHT="31" WC="0.88" CONTENT="straffart"/><SP WIDTH="13" VPOS="1342" HPOS="832"/>
							<String ID="string_310" HPOS="845" VPOS="1353" WIDTH="93" HEIGHT="20" WC="0.95" CONTENT="särskildt"/>
						</TextLine>
						<TextLine ID="line_38" HPOS="198" VPOS="1380" WIDTH="740" HEIGHT="24">
							<String ID="string_311" HPOS="198" VPOS="1384" WIDTH="48" HEIGHT="19" WC="0.96" CONTENT="egna"/><SP WIDTH="14" VPOS="1384" HPOS="246"/>
							<String ID="string_312" HPOS="260" VPOS="1380" WIDTH="29" HEIGHT="24" WC="0.96" CONTENT="sig"/><SP WIDTH="14" VPOS="1380" HPOS="289"/>
							<String ID="string_313" HPOS="303" VPOS="1380" WIDTH="31" HEIGHT="18" WC="0.96" CONTENT="för"/><SP WIDTH="14" VPOS="1380" HPOS="334"/>
							<String ID="string_314" HPOS="348" VPOS="1382" WIDTH="27" HEIGHT="16" WC="0.92" CONTENT="att"/><SP WIDTH="14" VPOS="1382" HPOS="375"/>
							<String ID="string_315" HPOS="389" VPOS="1381" WIDTH="108" HEIGHT="23" WC="0.91" CONTENT="reprimera"/><SP WIDTH="13" VPOS="1381" HPOS="497"/>
							<String ID="string_316" HPOS="510" VPOS="1381" WIDTH="25" HEIGHT="18" WC="0.96" CONTENT="de"/><SP WIDTH="14" VPOS="1381" HPOS="535"/>
							<String ID="string_317" HPOS="549" VPOS="1381" WIDTH="60" HEIGHT="22" WC="0.96" CONTENT="brott,"/><SP WIDTH="19" VPOS="1381" HPOS="609"/>
							<String ID="string_318" HPOS="628" VPOS="1380" WIDTH="78" HEIGHT="19" WC="0.93" CONTENT="hvilkas"/><SP WIDTH="17" VPOS="1380" HPOS="706"/>
							<String ID="string_319" HPOS="723" VPOS="1380" WIDTH="76" HEIGHT="24" WC="0.91" CONTENT="upphof"/><SP WIDTH="16" VPOS="1380" HPOS="799"/>
							<String ID="string_320" HPOS="815" VPOS="1380" WIDTH="59" HEIGHT="18" WC="0.96" CONTENT="sökas"/><SP WIDTH="17" VPOS="1380" HPOS="874"/>
							<String ID="string_321" HPOS="891" VPOS="1380" WIDTH="5" HEIGHT="17" WC="0.96" CONTENT="i"/><SP WIDTH="18" VPOS="1380" HPOS="896"/>
							<String ID="string_322" HPOS="914" VPOS="1385" WIDTH="24" HEIGHT="13" WC="0.96" CONTENT="en"/>
						</TextLine>
					</TextBlock>
					<TextBlock ID="block_8" HPOS="182" VPOS="1404" WIDTH="756" HEIGHT="80">
						<TextLine ID="line_39" HPOS="182" VPOS="1404" WIDTH="755" HEIGHT="27">
							<String ID="string_323" HPOS="182" VPOS="1418" WIDTH="3" HEIGHT="3" WC="0.75" CONTENT="»"/><SP WIDTH="13" VPOS="1418" HPOS="185"/>
							<String ID="string_324" HPOS="198" VPOS="1404" WIDTH="98" HEIGHT="26" WC="0.91" CONTENT="förderflig"/><SP WIDTH="16" VPOS="1404" HPOS="296"/>
							<String ID="string_325" HPOS="312" VPOS="1410" WIDTH="60" HEIGHT="20" WC="0.95" CONTENT="vana,"/><SP WIDTH="18" VPOS="1410" HPOS="372"/>
							<String ID="string_326" HPOS="390" VPOS="1406" WIDTH="94" HEIGHT="18" WC="0.96" CONTENT="moralisk"/><SP WIDTH="17" VPOS="1406" HPOS="484"/>
							<String ID="string_327" HPOS="501" VPOS="1405" WIDTH="83" HEIGHT="26" WC="0.96" CONTENT="svaghet"/><SP WIDTH="17" VPOS="1405" HPOS="584"/>
							<String ID="string_328" HPOS="601" VPOS="1405" WIDTH="47" HEIGHT="20" WC="0.96" CONTENT="eller"/><SP WIDTH="17" VPOS="1405" HPOS="648"/>
							<String ID="string_329" HPOS="665" VPOS="1405" WIDTH="136" HEIGHT="20" WC="0.93" CONTENT="intellektuella"/><SP WIDTH="18" VPOS="1405" HPOS="801"/>
							<String ID="string_330" HPOS="819" VPOS="1405" WIDTH="118" HEIGHT="26" WC="0.90" CONTENT="förirringar,"/>
						</TextLine>
						<TextLine ID="line_40" HPOS="199" VPOS="1431" WIDTH="739" HEIGHT="26">
							<String ID="string_331" HPOS="199" VPOS="1431" WIDTH="54" HEIGHT="25" WC="0.96" CONTENT="eller,"/><SP WIDTH="16" VPOS="1431" HPOS="253"/>
							<String ID="string_332" HPOS="269" VPOS="1431" WIDTH="5" HEIGHT="18" WC="0.93" CONTENT="i"/><SP WIDTH="14" VPOS="1431" HPOS="274"/>
							<String ID="string_333" HPOS="288" VPOS="1433" WIDTH="92" HEIGHT="18" WC="0.91" CONTENT="motsatts"/><SP WIDTH="14" VPOS="1433" HPOS="380"/>
							<String ID="string_334" HPOS="394" VPOS="1432" WIDTH="70" HEIGHT="24" WC="0.96" CONTENT="härtill,"/><SP WIDTH="17" VPOS="1432" HPOS="464"/>
							<String ID="string_335" HPOS="481" VPOS="1432" WIDTH="70" HEIGHT="20" WC="0.96" CONTENT="endast"/><SP WIDTH="14" VPOS="1432" HPOS="551"/>
							<String ID="string_336" HPOS="565" VPOS="1431" WIDTH="79" HEIGHT="26" WC="0.96" CONTENT="sådana,"/><SP WIDTH="16" VPOS="1431" HPOS="644"/>
							<String ID="string_337" HPOS="660" VPOS="1431" WIDTH="68" HEIGHT="20" WC="0.96" CONTENT="hvilka"/><SP WIDTH="9" VPOS="1431" HPOS="728"/>
							<String ID="string_338" HPOS="737" VPOS="1431" WIDTH="124" HEIGHT="20" WC="0.96" CONTENT="förekomma"/><SP WIDTH="10" VPOS="1431" HPOS="861"/>
							<String ID="string_339" HPOS="871" VPOS="1431" WIDTH="67" HEIGHT="20" WC="0.96" CONTENT="såsom"/>
						</TextLine>
						<TextLine ID="line_41" HPOS="199" VPOS="1458" WIDTH="739" HEIGHT="26">
							<String ID="string_340" HPOS="199" VPOS="1458" WIDTH="105" HEIGHT="20" WC="0.92" CONTENT="resultater"/><SP WIDTH="14" VPOS="1458" HPOS="304"/>
							<String ID="string_341" HPOS="318" VPOS="1458" WIDTH="22" HEIGHT="19" WC="0.96" CONTENT="af"/><SP WIDTH="12" VPOS="1458" HPOS="340"/>
							<String ID="string_342" HPOS="352" VPOS="1458" WIDTH="119" HEIGHT="26" WC="0.95" CONTENT="tillfälligtvis"/><SP WIDTH="15" VPOS="1458" HPOS="471"/>
							<String ID="string_343" HPOS="486" VPOS="1458" WIDTH="144" HEIGHT="20" WC="0.96" CONTENT="samverkande"/><SP WIDTH="15" VPOS="1458" HPOS="630"/>
							<String ID="string_344" HPOS="645" VPOS="1458" WIDTH="82" HEIGHT="20" WC="0.96" CONTENT="orsaker"/><SP WIDTH="17" VPOS="1458" HPOS="727"/>
							<String ID="string_345" HPOS="744" VPOS="1458" WIDTH="52" HEIGHT="20" WC="0.96" CONTENT="inom"/><SP WIDTH="18" VPOS="1458" HPOS="796"/>
							<String ID="string_346" HPOS="814" VPOS="1464" WIDTH="24" HEIGHT="13" WC="0.96" CONTENT="en"/><SP WIDTH="17" VPOS="1464" HPOS="838"/>
							<String ID="string_347" HPOS="855" VPOS="1463" WIDTH="83" HEIGHT="21" WC="0.95" CONTENT="persons"/>
						</TextLine>
					</TextBlock>
				</ComposedBlock>
			</PrintSpace>
		</Page>
	</Layout>
</alto>
