998 1809
277 166 70 23 Nådiga
359 168 139 22 Propositionen
511 166 35 19 N:o
560 168 27 17 13.
768 165 38 20 33

267 220 23 16 är
303 216 76 24 sådant,
395 220 28 16 att
432 217 87 27 fängelse
533 217 32 19 vid
578 220 63 16 vatten
650 216 34 20 och
694 216 48 20 bröd
751 218 55 25 enligt

265 243 15 21 9
294 245 44 19 eller
351 244 28 20 10
394 245 28 25 88
436 246 7 18 i
458 245 61 19 denna
529 245 113 25 förordning
662 244 42 20 med
724 246 81 19 tukthus-

267 273 74 25 straffet
349 273 81 25 förenas
445 273 37 19 bör.

329 300 91 19 64—174
434 300 27 24 $$.
491 300 35 26 (Af
538 300 101 20 enahanda
654 300 92 26 innehåll,
762 306 43 14 som

268 332 77 14 samma
359 326 22 25 $$
395 326 5 19 i
415 326 160 25 propositionen).

486 380 25 20 10
525 380 56 26 Kap.

459 424 159 24 Slutstadganden.

327 462 25 18 75
366 461 17 25 $.
415 459 102 20 Innehållet
531 461 24 24 af
565 460 13 18 2
593 460 13 26 &
621 460 12 18 1
648 460 76 26 kapitlet
739 460 67 26 Straf-

269 487 66 20 balken:
349 488 59 19 varde
422 486 81 21 sålunda
512 488 126 25 förändradt:
716 510 7 3 N

328 515 87 26 Dräpare
425 516 33 19 och
468 516 61 19 andra
539 515 72 20 sädane
623 518 183 24 missgerningsmän,

269 543 12 19 å
296 544 73 19 hvilkas
378 543 114 27 förbrytelse
507 544 133 26 tukihusstraff
645 545 51 25 följa
706 544 44 24 kan,
766 544 40 20 sko-

269 572 18 19 la
301 574 67 23 genast
382 571 12 19 ä
403 572 59 26 färsk
474 573 78 24 gerning
565 573 72 24 gripas,
652 574 8 18 i
674 572 56 20 häkte
747 576 61 16 sättas

271 600 33 19 och
322 602 46 17 utan
387 600 83 26 uppskof
481 601 36 25 för
536 600 59 19 Rätta
614 601 72 19 ställas.
719 600 91 26 Rymmer

271 627 62 25 någon
342 629 35 24 för
391 627 54 25 brott,
462 629 43 18 eller
519 627 58 20 håller
591 629 29 25 sig
635 628 70 24 undan,
720 632 37 16 när
770 629 38 19 han

271 656 6 18 i
292 655 86 20 brottmål
392 656 56 20 borde
464 658 30 20 för
513 657 78 19 domstol
609 664 63 16 svara,
694 656 25 20 då
736 656 32 20 må
787 664 22 12 en

271 682 62 21 sådan
347 685 55 25 äfven
410 686 36 24 för
458 685 71 19 mindre
544 684 47 20 brott
599 685 73 19 häktas.

310 738 2 2 =
334 712 24 19 76
373 712 16 26 $.
420 712 139 26 (Likalydande
573 712 46 21 med
634 718 75 14 samma
717 708 12 36 $
741 712 12 26 i
764 713 45 25 pro-

270 738 124 26 positionen).

332 768 24 18 77
371 767 16 25 8.
419 766 45 19 Med
479 766 98 25 anledning
592 766 24 25 af
627 765 49 20 hvad
694 766 62 19 denna
768 767 40 24 för-

273 793 78 27 ordning
365 796 51 18 samt
429 794 95 19 särskilda
533 794 138 26 författningar
680 800 30 13 om
718 794 92 20 misshan-

273 822 29 19 del
317 823 33 18 och
365 829 29 13 om
408 822 163 25 ärekränkningar
585 821 102 24 innehälla,
703 822 58 19 varde
775 822 36 20 den

273 852 6 17 i
294 850 67 26 Kongl.
377 850 69 26 brefvet
460 850 35 19 den
510 850 25 18 22
549 850 56 20 Mars
619 849 57 20 1803
689 850 58 26 jemte
760 850 51 26 flera

272 879 133 24 författningar
420 878 20 19 ät
457 878 97 24 Hofrätter
573 878 32 19 och
625 878 75 19 Justitie
721 878 90 25 Departe-

273 908 88 18 mentet
354 902 15 34 i
380 906 82 20 Senaten
480 906 94 26 medgifna
593 906 87 25 rättighet
698 908 28 18 att
745 906 68 20 mildra

274 936 58 25 straff
345 935 33 19 och
392 935 98 19 hemställa
504 941 29 13 om
547 935 103 25 skärpning
665 935 23 23 af
698 935 61 25 straff,
770 935 44 19 eller

275 970 30 14 om
320 970 71 12 ansvar
401 964 33 24 för
446 964 107 24 gerningar,
569 962 12 20 &
591 962 62 19 hvilka
666 961 61 27 någon
738 963 74 25 beskrif-

275 998 34 13 ven
325 992 32 24 lag
371 991 17 25 ej
396 992 70 25 finnes,
480 992 35 24 för
523 990 105 26 framtiden
646 990 85 26 upphäfd
749 992 7 18 i
774 991 39 19 alla

276 1020 23 20 de
313 1018 91 24 brottmål,
421 1025 40 13 som
475 1019 16 25 ej
511 1019 55 25 enligt
583 1018 129 26 krigslagarne
730 1020 84 24 afgöras;

275 1047 90 21 skolande
379 1047 148 26 strafmildring,
537 1046 74 26 jemlikt
632 1046 7 19 9
654 1047 12 25 &
681 1048 7 18 i
703 1046 110 26 Regerings-

274 1077 73 23 formen
361 1076 24 25 af
396 1075 36 19 den
446 1075 24 19 21
484 1075 81 26 Augusti
578 1074 58 23 1772,
652 1074 42 20 bero
710 1080 19 20 aj
740 1075 73 25 Kejser-

276 1105 25 25 lig
315 1103 39 20 näd
368 1104 67 18 allena.

336 1134 23 18 78
375 1132 16 26 $.
422 1131 68 20 Denna
498 1131 113 26 förordning
620 1130 52 20 träde
682 1132 7 18 i
698 1131 116 19 verksamhet

277 1161 35 20 den
320 1176 4 4 .
334 1174 60 5 .....
410 1159 40 20 186
464 1175 6 8 ,
486 1159 25 20 dä
529 1159 33 20 ock
581 1159 38 19 alla
640 1162 47 16 emot
705 1159 109 19 densamma

277 1188 97 21 stridande
396 1188 52 19 äldre
466 1187 117 26 stadganden
602 1187 53 19 skola
677 1187 85 25 upphöra
786 1188 28 18 alt

275 1218 58 26 gälla.
363 1216 61 23 Brott,
436 1223 40 13 som
487 1216 129 26 dessförinnan
625 1216 100 25 föröfvats,
736 1221 41 13 men
781 1215 35 25 för

278 1246 66 20 hvilket
358 1244 59 26 straff
434 1244 25 20 dä
478 1245 17 25 ej
513 1247 23 16 är
554 1243 90 20 bestämdt
662 1249 66 20 genom
747 1243 67 25 utslag,

277 1281 40 13 som
331 1274 64 19 vunnit
409 1274 44 24 laga
468 1273 51 25 kraft
533 1272 43 20 eller
594 1272 15 25 ej
628 1270 128 26 öfverklagadt
773 1277 42 12 var-

278 1302 39 23 der,
333 1302 48 19 skall
396 1301 33 20 ock
444 1302 44 24 efter
503 1301 61 19 denna
571 1300 110 24 förordning
691 1299 84 25 straffas,
786 1304 30 13 om

279 1330 30 19 det
324 1336 75 17 ansvar,
415 1336 40 13 som
470 1329 55 25 enligt
543 1328 35 19 den
596 1328 34 18 bör
648 1327 12 19 å
680 1327 65 19 brottet
758 1326 57 26 följa,

279 1360 24 17 är
316 1358 101 25 lindrigare
430 1360 26 18 än
472 1356 35 24 det,
523 1362 40 14 som
578 1355 62 26 derför
652 1356 8 18 i
677 1354 53 20 äldre
747 1354 31 25 lag
792 1354 24 20 el

281 1386 27 18 ler
323 1386 107 24 författning
444 1386 50 18 varit
508 1384 94 25 stadgadi.
