989 1792
179 116 42 39 456
398 123 74 25 Nädiga
482 126 140 22 Propositionen
635 124 36 18 N:o
683 123 27 18 17.

187 177 13 20 8
215 176 45 26 kap.
278 176 24 19 R.
320 176 34 25 B.,
372 178 47 17 utan
435 175 59 19 äfven
508 175 20 19 af
540 176 49 18 sista
603 176 109 17 mömentet
725 174 6 18 i
746 173 12 19 6
772 173 10 25 $
795 174 21 18 af
829 173 51 19 1723
895 172 34 19 års

187 202 67 26 Adliga
269 202 121 25 Privilegier,
406 206 54 16 som,
476 201 5 19 i
496 200 53 26 fråga
564 206 32 14 om
610 200 86 20 domstol
712 200 5 19 i
733 199 122 26 envigesmål
870 198 60 20 emel-

188 230 30 19 lan
235 228 107 20 frälsemän
359 228 47 20 eller
422 228 60 19 deras
498 228 122 24 vederlikar,
638 226 104 29 stadfästat
758 226 34 19 det
808 226 11 29 i
835 226 25 19 12
880 225 16 31 $
910 225 21 19 af

187 255 59 20 1682.
254 254 34 20 års
301 254 134 26 Duellsplakat
455 253 161 20 förekommande
638 252 38 20 och
696 252 86 20 derifrän
806 252 26 20 till
855 252 10 19 2
883 252 13 29 $
917 252 11 18 8

187 282 45 25 kap.
250 282 23 19 R.
291 282 22 19 B.
331 281 111 19 öfverförda
459 280 126 26 stadgandet,
604 282 28 17 att
645 279 66 26 dylika
726 278 38 20 mål
780 278 46 20 böra
841 278 89 31 afdömas

185 308 24 20 af
220 308 80 20 hofrätt.
329 308 40 19 Hall
383 307 54 20 detta
451 306 107 27 stadgande
571 307 45 19 icke
630 306 65 20 blefve
709 305 90 25 ändradt,
813 305 63 20 skulle
890 305 40 19 mål

188 339 33 15 om
239 334 57 26 envig
312 334 84 20 emellan
412 334 120 19 ofrälsemän
548 333 47 19 böra
615 332 106 20 framdeles
740 332 89 19 afdömas
847 331 45 20 dels
911 331 21 20 af

188 361 73 19 hofrätt
277 361 39 19 och
332 360 43 20 dels
392 360 20 19 af
427 359 111 25 underrätt,
556 359 34 19 allt
610 359 95 19 eftersom
724 358 137 26 förbrytarene
882 363 48 14 vore

184 387 80 25 -adelige
281 386 120 25 vederlikar,
420 386 48 20 eller
484 385 27 26 ej;
530 384 37 21 och
585 390 44 14 som
646 385 38 19 den
700 385 6 19 i
722 384 184 30 propositionens
892 380 14 38 6
920 384 11 26 &

189 412 90 27 åsyftade
293 412 79 26 ändring
386 412 20 20 af
419 413 11 19 2
445 412 10 25 $
470 413 11 19 8
496 412 45 26 kap.
556 412 23 19 R.
596 412 21 20 B.
636 414 53 17 samt
702 412 12 19 6
728 411 11 25 $
752 411 6 19 i
772 410 66 26 Adliga
853 410 80 21 Privile-

189 440 76 25 gierna,
281 439 6 19 i
300 439 102 25 anledning
415 438 64 26 häraf,
496 441 56 24 synts
566 443 48 15 vara
627 437 57 27 nödig
699 439 4 18 i
718 437 95 20 afseende
822 436 16 20 ä
851 437 83 30 ofrälse-

187 468 59 23 män,
262 465 23 21 sä
299 466 36 19 har
347 465 106 26 Utskottet,
469 465 62 20 under
544 465 139 25 förutsättning
696 466 28 18 att
738 464 100 26 höglofliga
852 463 82 21 Ridder-

187 492 74 26 skapet
273 492 40 20 och
322 492 61 20 Adeln
397 492 45 20 ville
455 492 63 20 Jertill
532 491 112 29 samtycka,
660 493 65 18 ansett
738 491 30 25 sig
783 490 47 20 böra
845 490 86 26 förorda,

189 522 29 17 att
234 518 150 27 ifrågavarande
400 518 81 26 ändring
497 519 63 19 skulle
577 523 17 19 ej
612 518 56 25 blott,
684 517 68 20 såsom
765 517 6 19 i
785 517 147 26 propositionen

189 545 90 26 föresläs,
295 545 80 20 omfatta
389 544 37 21 alla
440 545 96 26 egentliga
550 544 127 26 envigesmäl,
692 546 45 18 utan
749 544 59 19 äfven
818 544 115 20 utsträckas

189 572 30 20 till
229 572 27 20 de
271 572 73 20 «andra
357 571 93 26 slagsmål
464 572 48 19 eller
526 571 126 25 förgripelser
666 570 47 20 med
723 566 116 54 skymieliga
849 570 35 20 ord
894 572 39 18 och

191 599 102 25 gerningar
311 598 82 19 emellan
408 598 105 20 frälsemän
530 598 48 19 eller
595 597 59 19 deras
672 597 135 25 vederlikar,»
825 597 67 20 hvilka
906 603 27 13 nu

267 624 26 20 nd
305 624 22 20 af
339 624 111 26 åberopade
464 624 119 26 stadganden
597 624 48 19 böra
659 624 88 19 afdömas
762 623 20 19 af
794 623 78 20 hofrätt.
900 624 33 19 Till

192 650 45 26 följe
251 651 58 19 häraf
320 650 61 20 borde
396 650 60 20 också
471 650 18 26 ej
503 651 82 19 allenast
598 651 28 19 uti
641 650 103 25 ingressen
758 650 26 19 till
797 650 137 26 envigeslagen

192 679 123 23 omnämnas,
331 680 28 16 att
379 678 6 19 9
399 683 61 13 mom.
476 678 12 19 2
502 677 10 25 $
526 678 12 19 8
552 677 46 25 kap.
612 677 24 19 R.
651 678 33 24 B.,
701 675 65 21 såvidt
779 676 35 20 det
827 676 61 26 angår
902 682 32 14 en-

193 704 38 26 vig,
247 703 92 27 slagsmål
354 704 48 20 eller
416 704 125 26 förgripelser
554 704 45 20 med
614 702 103 27 skymfliga
730 702 34 20 ord
775 703 37 19 och
822 703 110 26 gerningar,

190 730 106 20 äfvensom
312 730 48 20 sista
377 736 61 14 mom.
456 731 6 19 i
479 730 13 20 6
508 730 10 26 $
534 731 22 19 af
571 730 67 25 Adliga
654 730 139 25 Privilegierna
810 730 79 19 komme
906 732 28 17 att

193 757 81 25 ändras,
293 759 47 17 utan
356 757 59 20 äfven
432 756 10 20 å
459 757 88 25 lämpligt
563 758 56 19 ställe
637 757 5 18 i
660 755 69 26 sjelfva
743 757 55 25 lagen
812 756 120 26 framhållas,

193 786 28 18 att
235 782 61 21 också
311 783 24 20 de
349 784 6 19 i
370 784 20 25 5,
406 784 14 19 9
434 784 38 19 och
487 785 23 19 11
526 784 21 25 $$
561 784 21 20 af
593 782 155 26 Duellsplakatet
761 783 118 20 omnämnda
896 784 39 19 för-

193 810 106 26 brytelser,
315 810 66 20 hvilka
395 810 91 20 innefatta
501 810 76 26 ringare
590 809 128 26 misshandel,
735 816 44 14 som
793 809 17 26 ej
826 810 46 20 sker
884 810 6 20 i
900 816 34 14 en-

193 837 43 25 vig,
255 839 52 17 samt
323 836 163 26 ärekränkningar
500 838 83 19 emellan
597 837 106 19 frälsemän
718 837 46 19 eller
779 837 57 19 deras
852 837 82 20 vederli-

193 863 46 25 kar,
257 864 82 18 komme
356 866 28 16 att
397 864 106 18 framdeles
517 867 96 22 upptagas
628 864 37 18 och
680 862 89 20 afdömas
783 864 21 19 af
816 864 70 19 allmän
900 869 34 14 un-

193 889 76 20 derrätt
284 890 38 19 och
339 889 112 20 hemställas
469 889 83 20 hofrätts
569 889 96 26 pröfning.
694 888 76 21 Sådant
786 890 74 25 kunde,
877 890 58 25 enligt

194 916 110 20 Utskottets
321 916 67 23 tanke,
407 916 110 25 lämpligast
534 917 36 18 ske
587 916 4 19 i
610 921 23 14 en
651 921 27 20 ny
694 916 100 26 paragraf,
814 922 44 13 som
873 916 62 20 skulle

193 941 97 26 inskjutas
307 943 50 19 efter
373 943 158 24 propositionens
548 944 12 18 6
576 942 10 25 $
604 942 120 24 (Utskottets
742 943 11 19 5
770 943 18 24 $)
803 944 38 18 och
855 942 80 20 hvilken

191 967 83 27 jemväl,
293 969 27 20 till
336 969 123 19 undvikande
476 969 21 19 af
512 967 148 26 missförstånd,
678 967 62 21 borde
757 969 83 26 angifva,
856 971 27 17 att
897 969 38 18 för-

193 995 100 25 brytelser
309 996 20 19 af
345 995 120 19 sistnämnda
483 995 137 20 beskaffenhet
636 995 80 18 komme
733 998 27 17 att
780 995 77 20 straffas
876 995 59 26 enligt

194 1021 38 20 den
247 1027 32 14 om
294 1021 119 20 misshandel
428 1022 37 19 och
480 1022 164 25 ärekränkningar
657 1020 88 27 gällande
759 1023 95 24 allmänna
868 1022 39 25 lag.

247 1047 58 20 Hvad
322 1048 89 25 slutligen
428 1047 62 26 angår
506 1048 39 20 den
562 1049 6 18 i
585 1049 10 18 7
611 1047 10 26 $
638 1047 160 21 förekommande
811 1049 124 24 bestämning

195 1079 32 14 om
244 1074 62 25 tiden,
325 1073 26 20 då
366 1074 38 21 den
421 1080 38 20 nya
476 1075 138 25 envigeslagen
631 1074 63 21 borde
711 1075 55 19 träda
780 1075 5 19 i
800 1075 135 26 verksamhet,

195 1099 22 20 så
231 1105 59 15 anser
305 1101 99 19 Utskottet
418 1101 114 20 densamma
546 1102 47 19 böra
607 1101 75 20 lemnas
697 1102 65 25 öppen
780 1102 29 19 för
823 1102 54 19 Hans
892 1101 45 26 Kej-

195 1127 70 25 serliga
279 1125 100 26 Majestäts
393 1127 68 26 nådiga
476 1127 130 20 förordnande
619 1127 33 20 vid
666 1128 148 25 författningens
828 1128 109 25 kungöran-

195 1153 34 24 de;
248 1153 83 20 emedan
348 1153 57 26 äfven
423 1153 38 20 den
478 1160 26 13 nu
517 1153 148 26 ifrågavarande
679 1155 55 25 lagen
748 1155 44 19 icke
806 1155 62 19 borde
882 1155 54 20 träda

195 1179 6 20 i
218 1179 138 23 verksamhet,
374 1179 57 20 innan
448 1180 182 24 straffanstalterna,
649 1180 24 25 på
688 1183 39 17 sätt
743 1181 101 19 Utskottet
859 1181 4 18 i
877 1181 59 26 några

195 1205 117 26 föregående
328 1205 135 20 betänkanden
480 1207 61 19 redan
557 1207 109 25 föreslagit,
685 1207 63 20 blifvit
765 1207 86 20 ordnade
868 1208 25 19 till
909 1208 28 18 öf-

195 1232 189 19 verensstämmelse
404 1233 45 19 med
470 1233 34 20 det
520 1232 140 26 straffsystem,
676 1239 44 14 som
734 1234 51 19 efter
797 1233 63 20 denna
875 1234 62 19 landt-

195 1257 38 26 dag
245 1258 81 19 komme
340 1261 27 16 att
381 1258 107 21 tillsvidare
502 1259 59 20 blifva
575 1259 95 25 gällande.

249 1284 101 19 Utskottet
362 1283 30 20 får
405 1285 56 20 alltså
477 1285 102 20 vördsamt
592 1285 81 20 föreslå:

399 1332 27 16 att
441 1330 72 18 landets
528 1330 98 24 höglofliga
642 1329 82 19 Ständer
738 1330 56 19 måtte
803 1331 95 24 förklara,
910 1333 27 16 att

400 1357 35 18 den
439 1357 112 24 föreslagna
561 1357 127 25 envigeslagen
702 1357 39 19 icke
751 1357 61 19 kunde
822 1358 115 25 oförändrad

400 1387 87 22 antagas,
503 1391 41 12 men
559 1384 81 20 dercmot
648 1386 35 25 för
698 1386 28 18 sin
742 1385 29 19 del
785 1385 71 20 besluta
867 1393 23 12 en
894 1387 41 25 för-

394 1413 84 25 fattning
493 1414 7 18 i
514 1415 71 21 ämnet,
606 1413 70 20 hvilken
696 1414 47 19 dock
756 1413 39 20 icke
809 1415 56 19 borde
880 1415 55 19 träda
