998 1734
280 81 72 23 Nådiga
363 83 140 23 Propositionen
515 84 37 18 N:o
565 85 27 17 13.
772 86 34 19 345

114 130 36 20 Till
164 130 26 20 30
204 130 17 26 $,
237 137 44 14 som
294 132 129 26 bestämmer,
439 136 28 17 att
482 134 86 26 fängelse
582 134 34 20 vid
631 137 67 17 vatten
708 135 37 19 och
755 135 49 20 bröd

61 156 50 20 skall
126 157 118 21 verkställas
258 158 5 20 i
278 159 53 19 läne-
343 160 48 19 eller
405 160 139 26 häradshäkte,
557 161 58 19 hafva
625 162 105 19 ständerne
739 164 65 18 ansett

61 184 36 20 det
114 184 65 26 tillägg
195 190 47 14 vara
259 185 131 25 erforderligt,
410 189 28 17 att
453 186 87 26 fängelse
557 187 34 20 vid
607 190 67 16 vatten
691 188 38 19 och
745 188 57 24 bröd,

62 215 46 14 som
129 210 156 21 sammanträffar
305 212 46 19 med
371 212 144 25 tukthusstraff,
537 212 33 20 mä
586 213 7 19 i
617 214 103 19 tukthuset
740 214 64 20 kunna

61 236 107 25 undergäs,
190 237 83 20 emedan
294 238 69 26 onödig
383 241 100 23 transport
503 239 49 19 ifrån
569 239 87 26 fängelse
673 240 28 19 till
716 239 88 26 fängelse

61 262 115 27 derigenom
190 263 67 20 kunde
270 264 105 21 undvikas.

115 289 27 20 På
156 290 34 20 det
203 290 86 25 fängelse
304 291 32 19 vid
351 293 67 18 vatten
433 292 38 19 och
485 291 49 20 bröd
548 291 44 20 icke
606 292 61 20 måtte
682 293 81 25 menligt
775 293 28 20 in-

63 316 61 19 verka
141 316 25 26 på
184 317 146 26 förbrytarenes
347 317 61 26 helsa,
428 317 61 20 borde
506 318 76 25 kosten,
602 318 49 21 efter
668 319 51 20 olika
737 322 66 17 orters

62 343 43 25 sed,
124 344 79 25 utgöras
220 343 90 26 antingen
327 344 20 19 af
363 344 33 19 två
413 345 80 19 marker
510 344 58 21 hårdt
581 345 49 20 eller
644 346 20 19 af
676 348 30 17 tre
722 347 80 19 marker

61 369 66 26 mjukt
140 370 49 19 bröd
203 370 43 19 utaf
258 370 101 20 enahanda
373 371 142 24 beskaffenhet,
527 377 44 14 som
580 371 60 26 öfriga
650 371 68 26 fångar
726 373 21 18 af
756 373 47 19 kro-

62 402 38 13 nan
117 395 82 26 åtnjuta,
218 397 107 19 hvarutom
345 397 34 20 det
395 397 63 20 skulle
477 397 105 20 öfverlåtas
600 397 20 20 åt
637 399 167 25 fängelseläkaren

60 425 30 17 att
107 423 29 19 för
153 422 74 21 sådane
243 423 118 26 förbrytare,
380 429 50 19 som,
449 424 4 19 i
472 425 98 19 anseende
587 425 26 19 till
631 424 107 27 sjuklighet
754 426 49 19 eller

61 449 101 26 kroppslig
182 451 90 24 svaghet,
293 450 66 20 kunde
376 451 21 18 af
412 450 38 20 den
466 456 67 21 magra
550 451 71 20 kosten
638 451 38 20 lida
694 451 108 27 synnerligt

62 482 45 13 men
124 477 26 19 till
169 476 29 19 sin
215 477 63 23 helsa,
296 478 30 18 för
343 477 68 24 hvarje
429 477 37 26 dag
480 477 92 20 förordna
590 477 61 20 sådan
669 478 51 25 kost,
737 484 44 14 som
796 478 6 19 i

60 503 67 26 dylika
142 503 30 20 fall
188 503 66 19 kunde
268 509 48 14 vara
330 503 114 26 erforderlig
457 504 38 19 och
509 504 46 20 med
570 503 86 21 straffets
670 507 30 17 art
710 505 89 20 förenlig.

60 529 26 20 Af
98 535 76 14 samma
189 530 41 19 skäl
239 529 62 20 borde
310 530 58 19 äfven
378 529 20 20 åt
408 529 73 21 sådane
490 531 61 19 friska
561 531 117 26 förbrytare,
690 537 46 14 som
744 531 58 20 kom-

60 562 33 14 me
106 559 28 16 att
147 556 87 26 undergå
249 556 54 20 detta
317 556 58 21 straff
387 557 4 19 i
405 557 66 25 längre
480 557 27 20 tid
516 559 25 18 än
551 557 33 20 två
594 557 80 26 veckor,
686 559 40 18 och
736 558 65 19 hvilka

58 582 72 26 sjelfve
150 589 50 14 anse
220 584 41 19 sina
282 583 74 20 krafter
373 583 59 20 blifva
448 584 22 20 af
482 584 77 19 straffet
572 584 63 20 alltför
648 585 83 26 mycket
746 585 56 19 med-

59 612 65 24 tagne,
141 609 92 26 erbjudas
248 610 73 20 tillfälle
335 613 27 16 att
377 611 49 19 efter
441 610 71 25 fjorton
527 611 109 26 fastedagar
650 611 62 20 under
726 617 26 14 en
764 611 37 20 och

60 637 51 19 efter
127 637 114 26 ytterligare
258 636 31 25 sju
306 636 83 26 följande
407 637 110 26 fastedagar
534 638 62 19 under
613 637 33 20 två
664 638 90 26 fridagar,
770 644 31 13 er-

60 662 50 21 hålla
132 664 63 25 vanlig
215 663 170 26 fångförplägning:
405 670 45 13 men
464 664 4 19 i
483 664 74 20 sådane
571 664 31 20 fall
618 664 62 20 borde
693 664 60 20 dessa
767 664 33 20 fri-

59 690 61 26 dagar
141 690 45 20 icke
206 690 116 20 inberäknas
339 690 6 19 i
360 690 83 26 straffet,
462 694 46 16 utan
526 690 139 26 fängelsetiden
683 691 47 19 med
744 690 59 20 frida-

59 722 62 20 garna
135 717 95 25 förlängas
246 716 21 20 så
281 719 28 17 att
323 716 47 20 dess
379 716 68 26 högsta
458 717 72 26 belopp
540 718 4 18 i
554 717 67 26 dylika
631 718 107 19 händelser
747 717 54 19 kom-

61 749 33 15 me
108 746 28 17 att
150 744 68 25 utgöra
232 743 95 20 trettioett
341 743 58 27 dygn.
429 744 64 20 Jemte
508 744 33 20 det
555 744 107 20 ständerne
677 744 79 20 således
772 744 28 18 fö-

60 770 53 21 reslä
127 770 70 20 sådant
211 770 65 26 tillägg
290 770 26 20 till
331 770 24 20 31
369 770 18 25 $,
404 771 56 19 torde
474 771 57 19 ordet
546 770 116 25 «sjukdom»
677 771 28 19 uti
716 771 12 19 2
737 776 63 14 mom.

59 798 23 19 af
92 798 28 19 31
140 797 10 26 $
166 797 58 19 äfven
244 797 47 19 böra
311 796 89 27 förbytas
417 797 25 20 till
461 797 138 25 «sjuklighet»,
616 796 85 21 emedan
715 802 25 14 en
756 796 45 26 sjuk

62 824 118 26 förbrytare,
199 824 60 25 enligt
273 824 115 19 ständernes
404 824 58 19 tanke
477 825 39 18 och
527 823 77 26 jemlikt
617 824 117 25 stadgandet
746 824 6 18 i
766 824 13 19 6
792 822 11 26 $

60 851 13 20 3
89 851 44 26 kap.
150 852 20 19 S.
187 851 28 24 B.,
236 851 29 20 väl
280 849 64 20 måste
359 849 17 21 få
391 850 87 26 uppskof
491 850 46 21 med
554 850 87 20 straffets
655 850 146 26 undergående,

61 878 41 20 «till
116 878 48 19 dess
178 877 46 20 med
237 877 74 20 honom
324 877 65 20 bättre
404 877 92 20 varder.»

113 905 95 25 Slutligen
222 904 59 20 hafva
291 903 113 25 ständerne,
417 904 5 19 i
437 904 86 25 enlighet
536 903 46 20 med
596 903 52 20 hvad
658 904 35 19 här
703 904 59 19 ofvan
772 909 31 13 re-

60 931 39 20 dan
115 931 119 24 framställts,
252 933 66 18 ansett
334 930 38 20 den
389 930 4 19 i
411 931 25 19 42
451 931 10 25 $
475 930 160 20 förekommande
649 930 153 25 bestämningen

60 963 35 14 om
112 957 60 26 tiden,
190 957 24 20 då
229 957 137 26 författningen
380 957 79 20 komme
473 960 29 17 att
514 957 56 20 träda
584 957 5 18 i
604 956 135 25 verksamhet,
755 957 48 18 böra

62 984 102 20 förändras
178 984 81 24 derhän,
276 986 28 17 att
317 983 64 20 Eders
395 983 108 26 Kejserliga
517 983 90 25 Majestät
620 983 76 20 täcktes
711 983 33 19 vid
757 982 47 19 den-

60 1017 90 14 sammas
164 1010 116 20 utfärdande
294 1010 69 20 härom
377 1010 90 20 meddela
482 1012 90 18 närmare
586 1009 58 26 nådig
657 1009 107 20 föreskrift.

115 1037 26 20 På
156 1037 63 26 grund
234 1038 18 19 af
266 1037 53 20 hvad
333 1036 81 20 sålunda
431 1037 81 25 anförts,
528 1036 18 20 få
561 1036 112 25 ständerne,
688 1035 47 20 med
749 1035 52 19 bifall

62 1064 27 20 till
104 1064 38 19 den
156 1063 69 26 nådiga
239 1063 128 31 proposition,
383 1063 143 27 underdånigst
535 1061 71 21 föreslå
615 1065 29 17 att
656 1061 148 27 ifrågavarande

62 1091 142 25 författningar,
220 1092 61 17 måtte
296 1089 72 26 erhålla
383 1089 84 25 följande
481 1089 87 26 tydelse:

325 1151 138 28 Förordning
484 1139 36 34 om
540 1150 137 22 afskaftande
697 1149 27 22 af
743 1149 61 23 vissa

266 1180 147 22 härförinnan
427 1179 101 29 nyttjade
548 1178 64 23 straff
629 1178 40 22 och
688 1178 64 22 deras
765 1183 39 27 er-

266 1208 101 22 sättande
382 1207 126 23 tillsvidare
523 1212 79 22 genom
617 1206 69 22 andra
704 1205 100 22 straffar-

266 1237 41 21 ter.

495 1277 19 19 1
530 1276 54 24 Kap.

266 1321 69 19 Hvilka
346 1320 122 19 härförinnan
483 1318 83 24 nyttjado
581 1318 54 18 straff
649 1318 72 18 komma
736 1317 28 18 att
779 1316 27 20 af

414 1342 70 19 skaffas
496 1342 47 18 eller
554 1340 104 20 förändras.

327 1378 9 19 4
351 1376 18 25 $.
401 1377 91 25 Följande
510 1378 6 16 i
534 1376 52 18 1734
604 1375 31 19 års
651 1375 33 24 lag
698 1374 34 19 och
747 1371 59 23 dertil

707 1400 41 22 22*
