970 1781
157 137 42 32 598
376 140 71 22 Nädiga
459 141 140 22 Propositionen
611 140 36 17 N:o
659 140 29 17 2.

162 190 51 19 hade
228 190 50 19 varit
292 190 92 24 anslagen
398 190 27 18 till
442 190 74 18 dennes
533 188 108 20 underhåll.
673 189 69 19 Staten
760 188 49 20 hade
826 188 77 29 derige-

161 221 55 19 nom,
231 216 96 24 likmätigt
340 215 38 19 den
392 215 82 19 ledande
488 214 134 26 grundtanken
636 215 5 18 i
659 215 163 19 reformationens
840 214 63 25 politi-

162 241 35 21 ska
212 242 38 24 del,
266 241 112 20 återvunnit
391 242 30 18 sin
431 244 39 17 rätt
479 244 27 17 att
520 241 111 20 bestämma
649 241 37 19 och
704 240 60 20 ordna
781 241 59 19 äfven
857 246 46 20 pre-

163 268 124 25 sterskapets
301 267 92 25 aflöning.
422 268 32 19 Att
470 268 62 19 denna
550 269 38 18 rätt
605 267 43 19 icke
666 267 103 20 utöfvades
786 268 72 23 bättre,
878 268 24 18 än

162 296 28 18 att
204 293 109 27 grunderna
327 294 37 19 och
379 296 59 18 sättet
452 295 29 19 för
494 294 109 25 aflöningen
617 293 115 25 bibehöllos,
748 294 73 20 sådana
834 294 25 18 Je
869 296 34 22 egt

161 326 46 14 rum
223 320 63 20 under
303 320 161 20 katholicismens
481 320 59 25 tider,
559 320 51 20 hade
627 320 29 19 sin
674 320 59 20 orsak
751 320 5 19 i
774 319 24 21 Jä
817 319 86 20 rädande

161 346 134 20 förhållanden
309 347 39 19 och
361 347 189 25 föreställningssätt.
569 348 32 18 Att
618 352 75 14 samma
709 346 129 25 grundsatser
850 349 52 17 ännu

162 372 123 20 äterkomma
300 373 5 19 i
319 373 68 25 Kongl.
405 373 137 24 förordningen
559 372 100 26 angäende
677 372 158 25 presterskapets
853 378 50 20 upp-

162 398 49 20 börd
228 399 21 19 af
264 399 36 19 den
319 400 11 18 8
347 399 93 20 Februari
459 400 61 24 1681,
539 399 79 19 hvilken
636 399 56 25 utgör
708 399 38 19 den
762 398 87 26 gällande
868 398 34 20 all-

160 426 72 18 männa
246 425 135 25 författningen
395 425 5 19 i
415 426 72 23 ämnet,
503 426 39 18 och
555 428 28 17 att
597 430 56 19 man,
670 425 92 19 kommen
779 425 26 21 till
824 425 59 25 insigt
896 425 5 19 i

161 451 33 19 det
208 451 102 25 olämpliga
325 451 5 19 i
344 452 59 18 dessa
417 452 135 24 grundsatser,
567 451 45 19 icke
625 451 88 24 päfunnit
722 451 58 25 något
789 452 65 19 bättre
863 452 40 19 sätt

162 480 28 17 att
203 478 48 19 reda
265 478 29 25 sig
307 483 25 13 ur
348 478 143 24 förlägenheten
508 480 25 17 än
550 478 25 19 de
591 477 22 19 sä
631 478 76 19 kallade
724 478 175 25 konventionerne,

161 505 34 18 äro
212 504 64 24 fakta,
294 504 67 19 hvilka
377 504 45 19 icke
438 504 65 19 kunna
520 504 101 24 förnekas,
641 509 46 13 men
701 504 66 19 hvilka
782 504 71 20 endast
866 504 35 20 be-

161 530 65 19 kräfta
242 530 38 20 den
297 531 64 23 gamla
375 530 145 25 erfarenheten,
536 533 27 16 att
577 531 58 18 äfven
649 530 25 19 de
688 530 88 20 enklaste
790 530 109 26 sanningar,

161 556 25 20 dä
200 556 25 20 de
240 556 108 25 bekämpas
362 557 21 19 af
396 556 89 20 inrotade
497 556 110 20 fördomars
621 558 38 17 och
674 556 85 25 mäktiga
773 556 89 20 enskilda
872 557 30 19 in-

160 584 91 18 tressens
264 582 92 20 förenade
370 582 82 24 krafter,
470 582 85 20 behöfva
572 582 82 26 mycket
671 582 42 26 lång
730 582 28 20 tid
774 583 30 19 för
820 585 29 17 att
865 583 37 19 till-

161 608 57 20 vinna
232 609 30 26 sig
276 614 77 20 segern.

214 647 66 19 Denna
294 645 27 21 tid
335 646 62 20 borde
412 652 26 14 nu
452 646 88 20 omsider
553 652 48 14 vara
615 646 44 20 inne
675 646 58 20 äfven
750 647 37 19 hos
804 652 41 15 oss.
873 647 28 26 Ty

160 672 34 20 det
208 672 38 20 kan
261 673 43 19 icke
318 673 58 19 hafva
392 672 80 26 undgått
486 672 69 26 någon,
572 678 43 14 som
630 672 70 20 vårdat
714 672 28 26 sig
756 679 32 13 om
806 675 27 17 att
851 678 50 20 egna

160 698 130 21 förevarande
304 698 53 26 fråga
372 700 5 18 i
392 699 36 19 alla
442 698 47 20 dess
499 698 133 20 enskildheter
641 704 24 14 en
674 699 121 20 omfattande
804 699 95 26 pröfning,

160 727 28 17 att
202 726 34 19 det
250 725 113 19 nuvarande
376 725 154 25 aflöningssättet
544 725 53 20 leder
612 725 25 19 till
648 726 110 23 resultater,
770 731 44 14 som
824 727 33 18 äro
867 726 34 19 all-

160 751 55 20 deles
230 752 105 24 oförenliga
349 751 45 20 med
409 754 27 16 ett
450 752 30 19 väl
495 752 82 19 ordnadt
587 752 159 23 samhällsskick,
758 752 38 20 och
811 752 29 19 för
853 752 45 24 den,

160 778 82 20 hvilken
256 777 67 21 hittills
337 778 44 19 icke
397 780 56 23 egnat
466 777 67 26 frågan
543 784 23 13 en
576 779 64 18 större
648 778 182 26 uppmärksamhet,
841 779 60 18 fram-

160 804 63 20 håller
242 804 37 20 den
297 804 75 25 Nädiga
390 804 142 25 propositionen
550 804 23 19 de
591 805 106 19 förnämsta
714 804 151 26 olägenheterna
882 805 21 19 af

161 830 33 20 det
208 830 114 24 nuvarande
336 830 112 26 tillståndet,
465 831 38 19 och
516 830 60 20 dessa
593 831 21 23 af
628 830 38 20 den
683 830 123 26 väsendtliga
822 831 79 19 beskaf-

160 857 74 25 fenhet,
250 859 27 17 att
291 858 49 18 hvar
355 857 38 19 och
406 862 24 14 en
444 857 22 19 af
477 857 57 25 dem,
551 862 70 14 ensam
635 857 29 19 för
679 857 38 25 sig,
734 857 99 25 förpliktar
849 862 51 14 sam-

160 883 61 19 hället
234 885 28 17 att
277 883 113 25 allvarligen
404 886 43 22 taga
458 883 61 19 saken
529 888 32 14 om
571 883 81 19 händer.
681 883 164 20 Sammanställda
854 883 46 20 med

160 909 118 22 hvarandra,
293 909 44 19 visa
351 910 59 19 dessa
424 910 130 24 olägenheter,
571 911 27 17 att
612 912 70 23 gagnet
696 910 20 19 af
723 909 53 20 detta
785 909 116 20 omhänder-

160 936 83 25 tagande
256 935 38 20 blir
305 934 147 26 jemförelsevis
466 936 76 24 ganska
556 936 60 25 ringa,
633 941 33 14 om
680 935 34 20 det
727 936 44 20 icke
780 935 24 26 på
814 941 25 15 en
849 935 51 26 gång

160 962 90 19 sträcker
264 962 29 25 sig
306 962 27 20 till
348 962 63 20 saken
425 962 5 18 i
445 962 43 20 hela
502 961 47 20 dess
563 962 53 20 vidd.

212 1002 30 20 En
257 1001 59 20 sådan
327 1002 120 20 omfattande
457 1004 38 18 och
505 1002 165 25 genomgripande
680 1002 67 26 åtgärd
757 1002 75 26 åsyftar
842 1003 58 19 älven

160 1028 38 20 den
211 1028 75 26 Nådiga
299 1028 153 26 propositionen,
469 1028 79 20 hvilken
563 1028 82 20 sålunda
659 1030 56 24 utgör
730 1031 27 17 ett
771 1030 20 18 af
806 1029 24 19 de
848 1029 51 20 talri-

159 1055 26 19 ka
200 1055 125 20 vedermälen
340 1056 20 18 af
373 1055 62 19 Hans
452 1054 133 26 Kejserliga
599 1054 121 25 Majestäts
736 1055 57 26 afsigt
810 1058 38 22 att,
864 1061 37 13 un-

160 1081 93 20 derstödd
268 1081 19 20 af
299 1081 76 20 landets
389 1081 95 20 Ständers
498 1081 127 25 medverkan,
639 1080 94 26 befrämja
747 1082 33 19 det
793 1082 63 20 finska
865 1082 35 19 fol-

160 1107 46 21 kets
219 1108 72 20 sociala
305 1108 120 24 utveckling,
442 1113 43 15 som
499 1108 53 19 detta
566 1107 37 20 folk
618 1108 62 19 under
697 1108 130 20 innevarande
843 1108 56 26 bety-

160 1134 102 20 delsefulla
276 1134 87 20 tidskifte
377 1134 41 20 haft
432 1134 75 26 glädjen
521 1136 28 18 att
565 1136 106 24 emottaga.
702 1135 68 25 Någon
790 1135 110 26 väsendtlig

159 1160 163 26 meningsolikhet
343 1160 99 25 angående
462 1161 37 19 den
514 1161 108 25 föreslagna
636 1160 104 26 åtgärdens
753 1161 145 25 nödvändighet

160 1187 38 19 och
216 1187 121 19 Ständernes
353 1187 48 25 pligt
418 1190 27 16 att
461 1188 58 19 äfven
536 1186 5 19 i
557 1186 63 20 denna
637 1188 140 24 angelägenhet
794 1188 23 25 gå
834 1188 63 20 Hans

160 1212 132 26 Kejserliga
306 1212 122 26 Majestäts
442 1213 96 25 välvilliga
552 1213 79 25 afsigter
644 1214 26 18 till
685 1214 71 24 mötes,
772 1214 36 19 har
822 1214 38 18 ock
874 1214 22 19 så

159 1239 82 26 mycket
255 1239 76 20 mindre
345 1240 73 19 kunnat
432 1238 72 27 uppstå
519 1240 52 19 inom
587 1239 104 25 Utskottet,
708 1246 43 13 som
766 1246 23 13 en
800 1240 61 20 sådan
869 1241 28 19 af-

159 1265 85 23 vikande
257 1266 77 24 mening
348 1266 63 19 skulle
425 1266 91 20 innebära
530 1268 29 17 ett
572 1266 166 20 underkännande
753 1267 21 19 af
788 1268 110 23 prestaem-

159 1292 65 19 betets
238 1292 49 24 höga
301 1291 76 26 uppgift
391 1293 37 18 och
442 1292 37 20 den
494 1294 53 18 stora
561 1292 112 26 betydelse,
689 1295 91 22 prestens
796 1292 102 20 verksam-

159 1318 34 18 het
206 1318 60 18 äfven
283 1318 5 18 i
305 1318 56 24 öfrigt
379 1324 45 18 eger
441 1318 6 18 i
464 1318 37 19 och
517 1319 30 18 för
563 1318 34 18 det
612 1318 156 24 medborgerliga
784 1318 110 20 samhället.

157 1343 44 19 Men
215 1342 22 20 så
252 1343 91 26 enhälligt
357 1343 99 20 Utskottet
468 1344 78 19 derföre
573 1344 22 18 är
608 1343 6 19 i
628 1344 30 18 sin
672 1344 126 25 hemställan,
815 1346 28 17 att
857 1344 39 19 lan-

158 1368 44 20 dets
216 1369 105 25 Högloflige
336 1369 85 20 Ständer
434 1369 64 20 skulle
512 1369 96 25 tillstyrka
621 1369 38 20 den
673 1370 5 19 i
692 1370 146 24 propositionen
855 1376 41 14 om-

158 1395 94 20 förmälda
268 1394 105 26 åtgärdens
387 1395 184 26 tillvägabringande
585 1395 38 19 och
633 1396 158 25 genomförande,
802 1395 23 21 så
834 1396 62 20 finner

159 1422 101 20 Utskottet
277 1422 29 26 sig
323 1422 51 20 dock
391 1422 108 24 nödsakadt
515 1425 29 17 att
560 1422 123 21 beträffande
699 1429 23 13 en
743 1424 37 19 och
800 1428 61 15 annan
878 1424 21 19 af
