970 1786
166 144 33 19 596
380 145 71 22 Nådiga
462 145 141 23 Propositionen
615 145 36 17 N:o
663 145 29 18 24.

371 264 189 23 Sammansatta
574 263 64 29 Lag-
654 263 46 24 och
713 263 194 24 Ekonomie-Ut-

304 292 116 22 skottets
435 292 166 23 betänkande
623 293 9 21 i
654 292 120 28 anledning
796 292 26 23 af
841 293 67 23 Hans

302 320 152 30 Kejserliga
469 320 136 28 Majestäts
620 320 84 28 Nådiga
717 321 144 29 proposition,
872 327 36 17 an-

302 347 85 29 gående
402 348 127 28 grunderna
543 348 36 24 för
597 349 115 28 reglering
730 350 25 22 af
785 349 122 23 presterska-

302 378 48 27 pets
367 377 97 27 aflöning
479 378 8 21 i
497 377 87 23 landets
596 377 258 28 evangelisk-lutherska
863 378 45 22 för-

304 405 128 28 samlingar.

219 459 89 21 Nämnde
321 460 73 25 Nådiga
409 460 120 26 proposition
544 462 21 18 är
575 460 19 20 af
603 460 105 27 Höglofliga
717 460 144 26 Ridderskapet
870 462 38 19 och

167 487 70 23 Adeln,
261 487 124 25 Högvördiga
402 486 205 21 Presteständet'
576 482 41 34 och
627 487 129 20 Hedervärda
765 487 144 21 Bondeständet

167 514 133 19 öfverlemnad
316 513 26 20 till
358 513 112 20 Utskottets
485 514 124 26 behandling,
626 514 104 19 hvaremot
746 514 102 26 Vällofliga
862 515 48 19 Bor-

165 539 127 27 gareständet
305 539 107 25 hänskjutit
425 540 115 20 densamma
555 540 26 19 till
596 540 142 24 Lagutskottet.
768 541 43 19 Och
824 546 44 14 som
878 543 31 17 tre

166 567 21 19 af
199 566 87 20 Ständen
300 566 78 20 således
394 567 49 19 varit
459 567 2 19 i
481 566 125 20 omförmäldt
623 567 93 19 afseende
734 572 57 19 ense,
811 568 35 18 har
863 567 46 20 Väl-

166 592 63 26 lofliga
247 592 175 25 Borgarestänlets
440 593 103 19 afvikande
561 593 64 19 beslut
641 593 45 19 icke
702 592 75 26 utgjort
793 593 70 20 hinder
879 594 30 19 för

167 619 103 20 Utskottet
283 621 28 17 att
325 619 27 19 till
367 619 130 19 föreskrifven
511 619 68 25 åtgärd
594 621 87 23 upptaga
696 619 53 20 Jetta
763 619 79 19 ärende.
871 619 37 20 För

166 646 58 25 öfrigt
237 645 30 20 får
282 645 100 20 Utskottet
397 646 102 18 vördsamt
513 646 81 23 anmäla,
611 648 29 16 att
653 646 38 19 den
704 645 75 26 Näliga
792 646 117 25 propositio-

166 677 38 14 nen
219 672 60 19 redan
293 672 50 18 varit
356 671 81 20 föremål
452 672 30 18 för
496 672 125 19 disskussion
638 673 37 19 hos
692 672 124 26 Högvördiga
829 672 80 20 Preste-

167 697 85 25 ståndet,
268 700 28 17 att
309 697 39 19 den
362 697 5 19 i
381 696 58 27 några
455 698 76 19 mindre
546 697 120 26 väsendtliga
680 698 54 19 delar
749 696 67 26 skiljer
826 699 29 24 sig
864 698 44 19 från

166 724 34 19 det
216 724 22 19 af
253 729 24 14 en
295 724 78 19 Komite
390 724 117 19 utarbetade
523 724 93 24 förslaget
634 724 26 19 till
678 724 115 19 densamma
810 727 51 16 samt
881 726 28 18 att

167 750 33 20 vid
215 750 59 26 sagde
289 750 81 25 förslags
384 750 137 24 föredragning
538 751 5 18 i
561 749 108 26 Kejserliga
686 750 84 20 Senaten
788 750 62 26 någon
867 756 43 14 om-

167 776 88 25 röstning
272 776 44 20 icke
334 776 96 20 förefallit.
462 776 120 20 Protokollet
598 776 57 20 öfver
673 776 115 20 förberörda
804 777 37 19 hos
857 777 53 25 Hög-

169 802 79 26 vördiga
263 802 149 20 Presteståndet
425 803 98 19 förefallna
537 802 113 20 diskussion
664 802 86 27 bilägges
764 802 103 26 härjemte.

222 906 33 20 Vill
271 912 45 14 man
330 906 99 26 uppspåra
443 910 56 17 roten
514 908 26 19 till
555 907 25 20 de
594 907 138 26 grundsatser,
749 906 101 20 hvarefter
864 911 46 21 pre-

166 932 124 25 sterskapets
308 933 81 25 aflöning
406 933 5 19 i
431 933 24 20 de
476 933 230 26 evangelisk-lutherska
723 933 162 24 församlingarne
902 933 6 19 i

166 959 66 20 landet
245 959 27 20 till
288 960 41 19 sina
344 959 183 26 hufvudsakligaste
544 961 54 19 delar
612 961 22 18 är
651 959 85 25 ordnad,
755 959 22 20 så
794 959 54 20 ledes
862 964 47 14 man

166 985 79 20 tillbaka
260 986 24 19 till
303 986 25 19 de
345 986 86 25 aflägsna
449 987 107 23 tidehvarf,
575 985 25 20 då
616 986 38 19 den
672 986 103 19 katholska
792 985 117 20 trosbekän-

166 1012 69 19 nelsen
249 1011 109 20 herrskade
371 1013 7 18 i
394 1011 44 20 vårt
451 1013 51 19 land.
532 1013 68 19 Under
614 1013 25 18 de
653 1011 148 25 århundraden,
818 1017 43 14 som
877 1017 32 14 se-

166 1038 38 20 dan
221 1038 89 25 förflutit,
332 1039 35 18 har
384 1039 115 25 visserligen
518 1039 82 25 insigten
618 1039 20 18 af
653 1038 24 19 de
695 1038 115 23 orättvisor,
829 1038 80 19 hvartill

166 1065 60 19 dessa
240 1065 129 25 grundsatser
383 1065 5 19 i
403 1061 146 40 tillämpningen
566 1065 53 25 leda,
638 1065 38 19 och
694 1065 19 19 af
729 1065 33 20 det
779 1065 84 25 menliga
880 1065 29 18 in-

166 1091 92 26 flytande,
275 1091 24 19 de
313 1092 67 19 utöfva
394 1091 11 20 å
419 1091 128 21 förhållandet
561 1093 83 18 emellan
657 1091 64 20 lärare
736 1091 37 20 och
788 1091 119 25 församling,

166 1117 121 26 smäningom
301 1117 79 20 vaknat.
409 1118 43 19 Men
469 1119 38 20 den
524 1119 84 24 mäktiga
626 1117 67 26 helgd,
712 1117 97 20 hvarmed
826 1117 33 20 det
876 1117 33 20 all-

165 1146 72 17 männa
251 1145 204 25 föreställningssättet
469 1145 96 26 omgifver
579 1145 35 20 alla
629 1144 112 20 häfdvunna
755 1144 132 19 institutioner
899 1144 6 19 i

166 1171 33 20 det
213 1171 155 25 medborgerliga
382 1171 109 25 samhället,
507 1173 36 18 har
556 1171 45 20 icke
615 1171 64 20 tillåtit
692 1171 72 19 tanken
779 1176 35 14 ens
823 1169 24 26 pä
858 1169 51 25 möj-

166 1197 87 25 ligheten
267 1196 19 20 af
299 1203 23 13 en
337 1197 163 25 genomgripande
509 1197 109 25 förändring
631 1198 20 18 af
659 1196 59 20 dessa
729 1196 127 25 grundsatser
865 1196 44 20 vin-

167 1229 23 13 na
206 1224 117 19 allmännare
337 1223 71 25 insteg.
437 1224 30 18 En
482 1223 61 20 sådan
557 1224 59 18 tanke
630 1222 64 20 måste
709 1224 103 24 nemligen,
829 1228 31 14 om
870 1222 39 20 den

166 1250 47 19 skall
229 1250 66 19 kunna
310 1250 46 24 göra
371 1251 30 23 sig
415 1250 98 24 gällande,
533 1256 46 13 vara
599 1250 104 19 resultatet
720 1250 20 18 af
756 1255 23 13 en
797 1248 111 20 fördomsfri

165 1276 146 25 undersökning
325 1276 20 19 af
358 1276 33 19 det
407 1276 121 24 berättigade
543 1276 47 20 eller
604 1276 134 24 oberättigade
747 1276 6 18 i
762 1276 60 18 dessa
836 1275 73 25 grund-

166 1304 75 22 satser;
259 1308 46 14 men
324 1302 33 19 allt
370 1302 34 19 det
417 1302 110 20 bestående
541 1302 130 20 underkastar
685 1302 29 24 sig
729 1307 71 20 ogerna
815 1307 23 13 en
854 1301 54 26 dylik

166 1328 120 18 omfattande
295 1328 124 24 granskning.

219 1354 38 19 Det
275 1354 74 25 obilliga
367 1354 38 18 och
423 1354 102 25 olämpliga
541 1354 5 18 i
564 1353 60 19 dessa
641 1353 129 25 grundsatser
786 1352 123 20 framträdde

166 1380 51 19 dock
231 1380 63 20 alltför
310 1379 85 27 tydligen
414 1380 32 18 vid
463 1380 58 19 deras
539 1380 129 25 tillämpning,
687 1380 29 18 för
733 1382 28 16 att
778 1378 94 20 behofvet
889 1378 20 20 af

166 1406 51 21 helst
232 1406 62 27 någon
308 1406 104 25 jemkning
426 1407 4 19 i
445 1407 101 20 desamma
561 1407 6 18 i
581 1406 82 26 längden
678 1406 64 20 kunde
758 1406 51 19 tvärt
826 1405 79 20 afvisas.

164 1433 44 20 Och
223 1433 4 19 i
243 1434 52 19 detta
311 1433 114 20 hänseende
439 1433 71 26 päfann
524 1439 44 14 man
583 1433 24 20 de
618 1439 16 14 s.
646 1433 20 20 k.
679 1433 166 19 konventionerna
860 1432 47 20 eller
