998 1823
123 1765 46 7 art

190 147 32 18 368
405 143 71 22 Nädiga
487 143 141 22 Propositionen
640 142 36 17 N:o
688 143 28 16 15.

190 200 47 14 svar
255 196 28 18 för
300 192 67 26 lägrad
385 193 71 25 gvinna
474 191 62 19 finnes
553 194 70 22 utsatt,
642 192 103 18 äfvensom
762 191 21 18 af
798 190 24 19 de
836 190 5 18 i
856 190 59 24 öfrigt
929 190 6 18 i

190 220 95 20 särskilda
300 220 133 24 författningar
446 217 161 20 förekommande
617 217 207 19 straflbestämmelser
834 216 30 19 för
873 216 59 23 brott,

190 252 44 14 som
248 248 6 18 i
268 247 63 19 denna
345 244 110 26 förordning
469 244 132 24 omförmälas,
618 244 71 19 varder
703 242 91 26 stadgalt
808 248 44 14 som
867 241 66 26 följer:

244 275 8 19 1
269 274 16 24 $.
317 273 38 19 Har
369 272 81 25 gvinna,
467 276 43 14 som
526 270 19 19 af
558 270 64 25 oloflig
636 270 127 24 beblandelse
777 270 63 19 blifvit
854 270 81 18 hafvan-

190 300 31 26 de,
239 300 32 20 vid
286 300 74 19 födseln
375 298 46 20 eller
435 297 87 20 derefter
536 296 122 26 uppsåtligen
672 296 60 20 dödat
746 296 33 19 sitt
792 296 72 25 foster,
880 296 55 20 Jöm-

190 333 50 19 mes,
257 327 30 19 för
300 324 129 26 barnamord,
447 330 31 13 om
493 324 131 25 förbrytelsen
639 322 74 20 skedde
727 328 71 20 genom
813 322 122 20 misshandel

190 355 48 19 eller
253 355 80 18 fostrets
348 351 121 25 utsättande,
485 354 29 16 att
528 350 62 20 hätlas
605 350 4 18 i
624 349 82 19 tukthus
721 348 44 20 från
779 349 38 19 och
831 349 45 20 med
892 350 43 26 fyra

191 381 24 19 till
231 382 39 18 och
284 380 45 19 med
344 378 40 20 åtta
399 378 28 24 år,
444 383 52 19 men,
512 378 37 18 om
559 376 37 20 den
612 376 74 19 skedde
699 381 72 21 genom
787 376 149 20 underlåtenhet

190 408 20 18 af
225 408 33 19 det
276 412 44 14 söm
337 406 28 19 till
383 405 80 19 fostrets
480 402 136 22 bibehållande
634 403 32 19 vid
683 403 22 19 lif
722 408 34 14 var
771 403 70 25 nödigt,
857 406 28 16 att
900 408 36 14 un-

190 434 60 25 dergå
266 432 101 20 enahanda
381 431 57 20 straff
451 430 43 20 från
508 431 39 18 och
561 429 47 19 med
621 432 30 17 tre
666 429 26 20 till
707 430 38 18 och
759 429 47 19 med
820 435 36 13 sex
870 429 29 20 år.

196 480 29 5 4
244 460 46 29 2:86
318 459 40 23 Här
373 458 87 25 gvinnan
477 457 47 22 med
540 456 69 28 berådt
626 456 46 19 mod
689 456 51 26 gjort
757 456 67 19 försök
842 458 28 18 att
884 456 51 20 döda

190 487 73 26 fpstret,,
276 486 50 24 och
344 485 40 22 blef
397 485 70 22 endast
481 484 20 22 af
514 482 173 30 omständigheter,
704 489 46 14 som
762 488 49 14 voro
826 483 20 19 af
858 484 77 19 hennes

192 508 52 35 vilja.
262 503 111 34 beroende,
385 511 84 20 brottets
483 509 110 24 fullbordan
607 509 123 26 förhindrad,
740 509 78 22 straffes
827 509 46 20 med
883 509 53 20 tukt-

191 535 27 43 hw:
243 538 41 25 från
299 540 38 23 och
352 537 45 21 med
411 541 30 16 tre
456 536 95 21 månader
563 536 26 19 till
599 535 44 27 och
657 536 48 19 med
718 538 28 18 ett
760 535 33 22 är.

210 565 80 21 "Fick
304 567 69 19 barnet
387 564 47 20 svår
449 563 151 27 kroppsskada,
618 561 32 21 mä
665 563 53 19 tiden
733 562 30 20 för
776 562 171 22 tukthusstraffet
939 557 11 37 .

190 595 98 24 förlängas
304 593 25 20 till
345 593 57 24 högst
417 594 29 17 tre
461 590 28 20 är.
536 591 2 2 =

242 620 44 20 Med
304 619 47 20 svår
368 617 139 26 kroppsskada
524 615 71 20 förstås
613 615 57 21 svårt
686 617 41 25 lyte
744 617 47 19 eller
805 619 59 16 annat
878 615 57 21 svårt

190 647 100 26 kroppsfel
309 646 47 19 eller
373 643 150 26 stadigvarande
539 642 57 20 svårt
612 648 46 14 men
676 642 11 20 å
705 643 55 20 helsa
780 642 47 20 eller
848 643 87 26 lifsfarlig

190 673 101 26 sjäkdom,
307 672 48 19 eller
369 671 37 20 ock
422 671 92 24 mist:ing
528 669 21 20 af
560 669 122 25 tallörmäga,
699 675 38 20 syn
751 669 47 20 eller
812 670 74 19 hörsel.

207 698 79 27 "$$.
316 699 41 19 Tar
375 697 84 26 qvinnan
476 701 71 20 genom
564 696 44 24 grof
625 695 125 20 vårdslöshet
766 696 47 19 eller
830 695 47 20 svår
897 696 38 19 för-

191 727 108 23 summelse
314 724 58 20 vållat
386 724 33 20 sitt
433 723 73 19 fosters
520 722 47 23 död,
588 722 77 19 straffes
680 721 46 20 med
741 722 83 20 tukthus
838 721 44 21 från
896 722 39 20 och

191 753 44 18 med
254 758 36 19 sex
308 751 94 20 månader
420 750 26 19 till
463 749 39 20 och
518 748 46 19 med
581 751 30 16 tre
628 747 22 20 år
667 749 47 19 eller
730 749 49 19 med
791 749 87 25 fängelse
892 748 43 20 från

191 780 37 19 och.
244 779 45 19 med
303 781 30 16 tre
347 777 93 20 månader
454 776 26 19 till
495 776 38 18 och
548 775 45 19 med
608 777 28 17 ett
650 775 28 19 år.

244 807 12 18 4
271 805 16 24 $.
318 804 37 19 Har
373 803 86 26 gvinnan
477 802 43 19 sökt
537 801 149 28 enslighet
649 797 37 36 vid
701 802 75 19 födseln
794 802 38 19 och
854 801 82 20 sålunda

190 832 90 19 beröfvat
298 832 29 25 sig
345 830 70 19 tillfalle
432 832 29 17 att
477 828 73 20 erhålla
569 827 37 20 den
624 829 52 24 hjelp
694 829 39 18 och
747 827 128 26 omvårdnad,
892 833 44 15 som

191 859 29 18 för
234 860 63 17 henne
312 857 33 20 vid
359 857 141 24 förlossningen
515 858 21 15 är
550 854 21 19 af
583 854 71 25 nöden,
670 855 38 18 och
720 855 70 18 varder
800 855 79 19 barnets
888 855 46 24 död,

191 887 44 16 utan
251 885 74 19 hennes
339 883 79 26 uppsåt,
434 882 86 19 orsakad
532 881 21 18 af
566 880 34 20 det
614 880 94 26 hjelplösa
722 880 93 25 tillstånd,
830 881 56 19 hvari
896 882 39 19 hon

190 910 81 21 sålunda
285 910 46 26 sjelf
344 910 29 26 sig
387 910 75 23 försatt,
480 908 60 20 värde
554 906 60 21 dömd
628 907 26 21 till
670 907 56 20 böter
739 907 43 19 från
797 908 39 19 och
850 907 44 21 med
905 908 30 26 fy-

190 930 56 34 ratio.
251 930 44 34 till
300 938 38 18 och
356 936 46 20 med
419 935 110 19 tvåhundra
546 934 56 19 mark
620 934 46 20 eller
680 934 87 26 fängelse
780 934 42 20 från
838 936 38 18 och
889 934 46 21 med

190 970 23 13 en
228 964 26 20 till
270 964 37 19 och
322 964 45 19 med
382 966 31 16 tre
427 961 101 20 månader.

244 991 10 19 5
266 990 20 24 $.
316 990 40 19 Har
371 989 79 25 gvinna,
467 994 44 13 som
525 987 21 19 af
558 986 64 26 oloflig
632 987 126 20 beblandelse
769 987 50 19 varit
829 988 104 24 hafvande,

190 1016 10 19 ä
216 1017 30 19 lön,
261 1017 39 25 lagt
315 1016 46 20 elter
376 1016 80 18 förstört
470 1015 34 18 sitt
518 1014 68 24 foster,
602 1014 78 19 strafles
696 1014 72 25 gvinna
785 1014 46 19 med
848 1014 90 26 fängelse

190 1042 42 22 från
246 1043 38 19 och
298 1042 86 20 meden
399 1041 26 20 till
441 1041 37 19 och
492 1040 46 20 med
552 1040 44 25 fyra
609 1040 93 20 månader
717 1041 46 19 eller
776 1040 56 20 böter
841 1040 45 20 från
895 1040 39 20 och

190 1068 48 21 med
250 1069 70 25 fyratio
335 1068 27 20 till
377 1068 39 19 och
430 1067 45 20 med
490 1066 120 27 fyrahundra
624 1066 63 20 mark.

243 1094 40 20 Kan
298 1095 6 19 i
317 1095 59 20 dessa
390 1094 32 19 fall
436 1094 80 19 utrönas
530 1095 28 17 att
572 1092 69 20 fostret
655 1094 117 18 omkommit
784 1095 46 17 utan
840 1093 94 21 modrens

191 1121 95 25 vållande,
307 1122 46 18 eller
369 1123 28 17 att
414 1121 33 19 det
461 1120 52 19 varit
526 1119 86 24 dödfödt,
630 1120 49 19 eller
690 1120 21 19 sä
726 1119 119 26 ofullgänget
859 1122 28 17 att
901 1120 35 20 Jet

189 1147 17 25 ej
222 1148 74 18 kunnat
309 1148 45 18 med
369 1147 21 19 lif
403 1146 113 24 framfödas,
532 1151 47 14 vare
594 1146 84 24 gvinnan
692 1146 24 19 fri
730 1146 42 20 från
787 1146 61 19 straff.

242 1174 12 19 6
269 1174 16 24 $.
316 1172 77 27 Nyttjar
407 1174 82 24 gvinna,
506 1177 44 14 som
564 1172 20 18 af
597 1172 62 25 oloflig
673 1172 127 20 beblandelse
813 1172 63 20 blifvit
890 1173 43 19 haf-

191 1200 69 24 vande,
276 1200 5 18 i
296 1200 57 25 afsigt
367 1202 28 16 att
409 1200 49 19 döda
473 1200 47 18 eller
534 1198 93 20 fördrifva
641 1200 34 18 sitt
689 1200 71 24 foster,
780 1198 88 20 invärtes
886 1199 46 19 eller

188 1228 93 21 utvärtes
294 1226 72 24 medel,
377 1231 51 17 .som
442 1226 37 19 kan
493 1225 59 22 hafva
567 1217 68 37 sådan,
643 1226 79 24 venkan,
739 1225 61 19 varde
814 1224 68 25 dömd,
900 1230 33 14 om

190 1253 73 19 fostret
277 1253 9 19 i
300 1252 46 25 följd
356 1247 66 34 sueraf
435 1253 91 20 kommer:
543 1253 45 18 utan
605 1251 23 21 Kf
640 1251 51 22 eten
701 1251 117 26 ofullgånget
832 1251 56 24 fram,
906 1251 26 20 till

190 1279 82 19 tukthus
288 1278 42 20 från
346 1279 37 19 och
397 1279 45 19 med
456 1278 33 20 två
504 1278 26 19 till
546 1277 41 19 och
597 1277 45 20 med
657 1278 43 26 fyra
715 1278 29 20 år.

243 1305 10 18 7
269 1305 15 25 $.
315 1306 48 23 Den,
380 1310 50 19 som,
447 1305 46 19 med
507 1304 95 25 gvinnans
617 1303 51 26 vilja,
684 1304 124 25 uppsåtligen
817 1304 59 19 dödat
885 1304 47 20 eller

190 1331 96 19 fördrifvit
302 1331 75 19 hennes
394 1331 69 24 foster,
482 1330 25 26 på
525 1332 38 18 sätt
580 1330 4 18 i
602 1332 12 18 6
634 1330 10 25 $
662 1332 68 24 säges,
750 1330 78 20 straffes
846 1330 86 21 såsom
919 1326 18 34 i

189 1362 76 14 samma
280 1357 10 24 $
305 1357 90 25 stadgadt
409 1359 28 17 är.
462 1357 96 19 Stannade
572 1358 107 23 gerningen
694 1357 35 19 vid!
741 1357 72 25 försök,
830 1356 102 20 ådömmes

189 1382 142 20 tukthusstraff
343 1382 43 20 från
401 1384 37 18 'och
453 1383 45 19 med
513 1382 33 19 två
560 1381 94 21 månader
668 1383 27 19 till
709 1383 38 19 och
761 1383 45 19 med
820 1382 33 20 två
869 1382 28 20 år.

242 1409 39 19 Har
295 1408 69 26 någon,
381 1408 5 20 i
400 1409 72 25 uppsåt
486 1412 28 16 ati
529 1408 105 20 medverka
648 1410 27 18 till
690 1409 82 19 fostrets
786 1408 92 20 dödande
885 1408 46 20 eller

189 1434 142 30 fördrifvande,
351 1436 81 19 allenast
449 1434 147 21 tillhandahållit
612 1436 84 24 gvinnan:
715 1435 73 24 medel,
808 1440 43 14 som.
868 1434 62 21 dertill
