1006 1773
192 126 23 18 54

419 123 71 22 Nådiga
500 123 141 24 Propositionen
653 123 36 17 N:o
701 123 17 16 2.

248 175 8 18 I
270 173 105 25 anledning
389 173 21 18 af
429 173 53 19 hvad
503 172 81 26 sålunda
605 173 63 20 blifvit
689 171 84 24 anfördt,
794 172 39 19 och
852 169 25 20 då.
897 169 38 19 den

195 201 84 26 princip,
295 205 45 14 som.
353 198 106 27 genomgår
473 199 39 19 den
525 198 69 26 nådiga
608 197 153 27 propositionen,
779 198 58 19 äfven
852 196 84 20 hufvud-

198 219 91 38 sakligen:
298 219 63 38 blifvit
375 225 21 19 af
407 225 101 19 Utskottet
522 225 104 26 iakttagen,
641 225 30 20 får
688 223 100 21 Utskottet
801 224 56 20 alltså
878 225 58 20 vörd-

196 255 53 20 samt
262 251 78 22 föreslå:

400 281 28 18 att
443 279 72 20 landets
530 278 98 27 höglofliga
643 279 84 20 Ständer
739 279 56 20 måtte
805 281 89 26 förklara
908 281 31 19 sitt

400 307 52 26 bifall
467 307 27 20 till
508 308 36 19 den
558 309 27 18 wti
599 307 36 20 den
649 306 71 28 nådiga
736 307 139 27 propositionen:
887 309 52 26 före-

401 337 66 25 slagna
486 337 115 25 "författning
622 336 96 26 angående
734 335 205 28 förmyndarevärden,

401 365 42 19 med
456 364 94 27 förbehåll
564 365 57 20 likväl
638 367 28 18 att
683 365 115 24 densamma,
820 367 7 18 i
849 365 92 20 anseende

402 393 27 19 till
438 392 60 25 några
506 394 24 25 af
540 392 104 21 Ständerne
658 394 66 25 nödige
739 395 84 20 ansedda
837 395 104 25 ändringar

402 421 33 19 och
446 421 68 26 tillägg,
526 421 70 22 komme
606 425 28 16 att
648 423 44 26 lyda
707 422 88 21 sålunda:
809 429 2 2 *
875 424 2 2 |

460 467 45 20 Med
518 468 132 25 upphäfvande
665 469 24 25 af
703 468 11 19 1
732 469 15 25 8
766 469 27 18 23
812 469 78 27 kapitlet
907 471 34 18 och

403 495 79 25 ändring
497 496 24 27 af
532 496 14 19 3
562 497 12 24 8
589 496 26 19 22
630 497 77 19 kapitlet
721 499 50 17 samt
783 497 14 19 4
811 497 57 20 och
858 491 9 36 5
877 497 28 26 $$
915 497 26 20 23

404 522 80 27 kapitlet
503 520 128 30 Arfdabalken
646 499 97 55 Yoensom
763 524 14 20 8
799 525 14 26 8
833 525 14 20 4
863 526 79 25 kapitlet

404 551 128 21 Jordabalken
547 555 49 17 samt
610 553 42 19 med
667 553 64 26 tillägg
744 554 32 19 vid
790 555 60 25 öfriga
865 562 25 12 nu
901 555 40 25 gäl-

405 580 54 20 lande
467 581 121 26 föreskrifter
601 576 22 37 om
630 581 173 27 förmyndarevärd
811 583 70 20 varder
889 583 51 20 stad-

399 609 47 26 gadt
461 615 39 14 som
509 609 65 27 följer:

646 667 18 26 $
677 667 18 20 1.

465 710 35 20 Vid
521 708 109 22 vårdnaden
648 710 52 26 öfver
713 710 158 26 förmyrniderskap
894 710 48 20 skall

403 738 79 20 domstol
496 738 84 20 biträdas
594 739 25 25 af
628 738 195 26 kommunalstyrelse,
838 739 34 19 der
881 738 61 20 sädan

398 766 64 26 Jinnes
472 767 90 23 inrättad,
572 773 41 13 men
623 768 52 24 eljest
684 768 24 25 af
712 774 22 13 en
741 768 200 26 förmyndarenämnä,

405 794 97 21 bestäende
516 796 24 25 af
552 794 30 21 tvä
597 795 44 19 eller
652 796 49 25 flere
718 796 48 25 gode
784 799 51 21 män,
845 796 72 27 hvilka
935 797 8 18 i

405 824 44 19 stad
462 824 50 25 inför
526 823 102 26 Magistrat
642 824 34 19 och
689 823 27 26 pä
734 824 64 19 landet
817 824 41 27 vid
867 824 75 26 sockne-

405 854 81 17 stämma
500 852 61 20 dertill
620 854 26 18 tre
660 852 24 19 är
701 853 7 18 i
727 852 67 20 sender
811 853 55 19 valde"
885 851 58 28 blifvit

407 880 54 25 enligt
476 880 22 19 de
511 886 88 20 grunder,
615 887 39 13 som
663 882 39 24 för
712 881 69 21 valrätt
795 882 33 19 och
846 881 97 20 valbarhet

406 909 27 19 till
447 909 182 26 kommunalstyrelse
642 910 58 25 gälla:
723 907 31 22 Pä
773 910 64 25 hvarje
856 910 86 19 kommun

404 937 97 19 ankomme
515 939 29 18 att
558 937 108 24 bestämma,
681 945 30 12 om
724 938 35 19 och
773 938 27 19 till
813 939 50 19 hvad
878 938 64 25 belopp

405 965 182 26 kommunalstyrelse
602 967 44 18 eller
652 966 195 26 förmyndarenämnd
856 961 49 35 skall
915 961 33 35 för

405 994 93 19 inseendet
512 994 51 25 öfver
576 994 159 26 förmynderskap
754 996 24 24 af
793 995 23 20 de
835 995 108 26 omyndiges

405 1021 58 20 medel
477 1023 53 24 njuta
546 1023 84 24 arfvode;
642 1029 42 13 men
699 1023 16 25 ej
729 1022 32 19 må
779 1022 70 20 sådant
865 1023 78 25 arfvode

405 1051 66 23 utgöra
486 1057 52 12 mera
552 1053 26 17 än
593 1053 31 20 ett,
640 1051 53 24 högst
712 1053 25 17 ett
754 1051 33 19 och
806 1053 25 17 ett
849 1051 48 26 halft
909 1052 35 24 för

405 1077 97 20 hundrade
516 1079 24 25 af
550 1079 23 19 de
588 1079 108 24 omyndiges
710 1080 66 18 räntor
784 1079 45 19 eller
837 1079 105 19 inkomster.

459 1106 42 20 Till
524 1107 197 24 kommunalstyrelsen:
745 1107 44 19 eller
809 1107 133 26 förmyndare-

405 1135 93 20 nämnden
516 1135 69 25 afgifve
604 1134 139 20 vederbörande
761 1137 54 22 prest
826 1135 36 25 för
880 1135 63 25 hvarje

406 1163 46 26 halft
466 1163 29 23 år,
510 1165 50 17 inom
574 1169 23 13 en
610 1161 70 20 mävad
694 1162 83 26 derefter,
787 1163 120 25 förteckning
916 1165 26 23 öj-

403 1198 33 13 ver
449 1191 23 20 de
486 1193 49 25 inom
547 1191 136 26 församlingen
698 1191 69 25 aflidne
784 1197 99 19 personer,
903 1197 40 17 som

405 1219 113 26 efterlemnat
531 1219 100 26 omyndiga
646 1219 53 23 barn,
708 1219 59 25 jemte
781 1220 73 25 uppgift.
871 1219 12 20 &
901 1219 41 19 bar-

405 1254 45 13 nens
464 1255 57 12 namn
536 1248 33 19 och
577 1247 103 26 födelseår.
697 1246 201 27 Kommunalstyrelsen
918 1247 24 20 el

405 1276 27 20 ler
439 1276 217 26 förmyndarenämnden
665 1275 39 20 .bör
716 1279 67 22 genast
802 1276 86 26 granska
900 1277 41 25 för-

407 1304 105 25 teckningen
526 1307 49 17 samt
589 1304 40 19 icke
643 1304 79 20 allenast
736 1304 47 20 tillse
797 1306 28 18 att
844 1303 98 26 omynditje

406 1332 34 18 och
454 1331 56 19 deras
522 1332 48 25 gods
584 1331 17 25 e
616 1330 31 25 må
666 1331 65 20 sakna.
746 1330 55 26 nödig
823 1330 56 24 vård,
896 1334 46 24 utan

407 1359 39 22 ock,
460 1359 43 19 med
516 1359 122 25 iakttagande
655 1360 23 24 af
692 1359 50 19 hvad
759 1359 29 19 20
805 1359 77 25 kapitlet
899 1359 42 25 Arf-

407 1386 91 20 dabalken
512 1388 85 26 stadgar,
612 1388 34 19 hos
661 1387 70 21 Rätten
742 1386 75 28 föreslå
829 1387 112 27 förmynda-

406 1422 21 12 re
441 1416 33 19 och
488 1415 40 21 låta
542 1416 36 20 den
586 1416 110 26 föreslagne
710 1416 26 20 dit
750 1416 77 21 inkalla.
