970 1781
287 132 72 22 Nådiga
370 133 140 23 Propositionen
522 133 36 18 N:o
570 133 28 18 24.
779 134 34 18 597

71 180 189 27 löneföreningarne,
278 182 127 26 hvarigenom
422 182 118 26 aflöningens
557 183 72 30 belopp
646 184 38 19 och
700 183 112 26 grunderna

70 208 31 19 för
118 207 126 20 densammas
261 193 107 45 utgörande
385 209 158 21 öfverlemnades
560 210 90 25 antingen
667 209 25 20 till
710 211 102 19 öfverens-

70 234 111 19 kommelse
196 235 82 19 emellan
292 235 134 25 löngifvarene
440 236 38 19 och
492 235 111 26 löntagaren
613 224 50 31 eller
677 236 27 19 till
714 237 25 18 de
748 237 64 18 förres

71 261 150 19 bestämmande
236 261 38 19 och
288 261 132 26 Regeringens
434 250 141 31 fastställande.
605 262 8 18 1
630 261 49 20 båda
696 262 59 19 dessa
772 263 40 18 for-

71 292 44 14 mer
129 289 23 17 är
165 287 51 19 dock
230 287 127 25 botemedlet,
373 276 74 31 hvilket
462 293 59 20 synes
535 288 58 19 hafva
608 288 51 19 varit
673 288 4 18 i
690 287 51 20 bruk
750 288 60 19 redan

71 313 6 18 i
91 312 67 25 början
173 313 21 19 af
206 313 50 20 förra
272 300 139 43 århundradet,
426 313 102 32 behäftadt
541 314 46 19 med
601 313 127 30 egenskaper,
744 314 67 19 hvilka

71 339 46 20 icke
130 339 60 20 tillåta
204 339 34 20 det
254 342 28 17 att
299 340 5 19 i
322 329 144 31 vidsträcktare
482 339 46 20 mån
544 343 101 16 motsvara
661 340 34 19 sitt
711 340 97 19 ändamål.

71 366 38 19 Det
126 366 38 19 kan
181 371 47 14 vara
246 366 95 26 tillfyllest
357 368 29 17 att
403 367 62 19 erinra
483 368 96 18 hurusom
595 367 44 19 hela
656 366 52 19 detta
724 367 86 24 palliativ

71 393 64 19 hvilar
144 392 24 25 på
179 395 28 16 ett
215 393 168 19 underskattande
393 393 20 19 af
420 395 74 18 statens
506 393 125 24 befogenhet.
661 393 36 19 Det
708 393 103 19 otillfreds-

69 419 102 23 ställande,
188 424 44 14 som
246 419 5 18 i
266 419 57 26 öfrigt
336 418 89 21 vidlåder
440 419 53 20 detta
506 419 75 24 medel,
598 419 36 20 blir
647 419 115 25 derigenom
776 420 34 19 lätt

70 445 113 25 förklarligt.
799 451 2 2 :

123 471 39 20 Det
175 471 38 19 kan
228 472 30 19 väl
273 471 46 20 med
333 477 24 14 en
371 471 43 20 viss
428 471 48 26 grad
490 472 21 19 af
524 471 79 25 sanning
617 473 64 23 sägas,
691 474 30 17 att
729 474 81 22 presten

70 500 23 17 är
107 503 24 14 en
141 497 132 20 kommunens
283 497 117 20 funktionär.
429 498 54 19 Hans
493 497 127 20 verksamhet
629 498 53 19 faller
691 497 53 20 inom
754 498 56 20 kom-

69 529 81 20 munen,
166 529 33 14 om
212 523 61 20 också
287 523 38 20 den
339 524 66 19 ställer
422 524 34 19 sitt
472 523 37 20 mål
528 527 54 16 utom
599 524 38 19 den
654 523 76 26 ändliga
746 524 62 25 tiden;

69 540 121 29 kommunen
204 550 78 20 utöfvar
297 552 28 17 ett
338 551 51 18 visst
403 550 113 28 inflytande,
533 550 76 19 mindre
623 550 46 19 eller
687 534 73 47 större,
776 550 33 21 vid

69 576 26 20 de
114 576 52 20 inom
184 576 121 20 kommunen
323 576 96 25 befintliga
437 575 174 26 presttjensternas
627 576 125 25 besättande,
771 577 38 20 och

69 602 122 20 kommunen
210 603 99 20 bestrider
329 591 89 37 slutligen
436 603 60 24 enligt
512 603 65 25 regeln
595 589 163 43 omedelbarligen
776 603 34 20 sitt

69 629 140 30 presterskaps
223 629 88 25 aflöning.
341 629 8 18 I
363 618 58 30 dessa
436 629 131 20 förhållanden
581 629 38 19 kan
633 634 46 15 man
692 614 116 46 visserligen

69 655 49 20 söka
133 656 31 24 sig
178 658 29 17 ett
221 655 44 20 stöd
279 644 29 30 för
323 655 33 20 det
369 655 127 25 antagandet,
512 658 28 16 att
553 655 33 19 Jet
606 657 73 24 ytterst
695 655 61 20 borde
772 643 37 32 till-

69 681 80 20 komma
163 681 120 20 kommunen
297 680 44 26 sjelf
354 683 28 17 att
395 671 109 30 bestämma
520 681 160 20 beskaffenheten
694 681 37 20 och
741 681 68 26 belop-

70 710 34 23 pet
118 709 21 18 af
150 708 63 19 denna
228 707 81 26 aflöning
323 710 52 17 samt
385 709 59 18 sättet
456 709 30 18 för
498 707 125 20 densammas
634 708 115 25 utgörande.
764 709 44 19 Men

69 733 26 20 då
109 735 121 18 kommunen
245 733 83 20 erhåller
342 734 30 19 sin
387 734 121 25 berättigade
522 734 77 19 tillvaro
612 739 72 20 genom
694 737 74 16 statens
779 740 30 14 er-

69 760 103 20 kännande
186 760 38 20 och
238 760 25 20 då
277 760 132 19 kommunens
422 760 61 20 likaså
498 760 113 25 ovilkorliga
626 766 43 13 som:
684 761 70 24 högsta
770 761 39 19 för-

69 787 72 20 nuftiga
156 787 75 25 uppgift
244 788 22 18 är
282 789 27 17 att
323 787 5 18 i
343 787 30 19 sin
388 786 45 19 mån
448 787 105 19 samverka
567 786 26 19 till
608 786 106 31 ernåendet
724 787 37 19 och
770 786 39 20 för-

69 798 139 46 verkligandet
218 813 21 19 af
252 813 33 20 det
298 813 54 19 helas
362 813 47 20 eller
419 815 74 17 statens
503 818 48 20 egna
561 811 95 27 ändamål,
669 812 21 20 så
700 813 38 19 kan
749 819 59 20 nyss-

69 829 84 30 berörda
167 840 116 24 befogenhet
297 839 131 26 förnuftigtvis
442 839 43 20 icke
498 839 111 24 medgifvas
621 825 125 44 kommunen,
756 840 53 19 helst

69 867 29 18 ett
115 866 45 19 slikt
176 865 136 32 medgifvande
326 855 111 36 följdrigtigt
452 865 54 20 leder
524 865 25 20 till
567 865 36 19 den
622 865 90 26 slutsats,
731 855 27 29 att
774 866 35 19 det

69 891 37 20 bör
121 891 19 20 få
157 893 48 18 bero
218 891 26 26 på
258 892 126 25 kommunen,
401 897 31 14 om
446 892 39 19 den
500 893 36 18 hös
550 891 29 26 sig
592 891 31 20 vill
633 882 79 29 anställa
721 891 33 20 det
764 891 46 20 ifrå-

69 919 97 24 gakomna
181 919 61 24 slaget
257 919 21 18 af
289 908 138 30 funktionärer.
457 919 37 18 Det
508 923 35 14 ena
558 923 43 14 som
620 917 33 20 det
670 918 60 19 andra
744 917 64 20 tillhör

69 944 6 19 i
89 945 49 19 sista
152 945 52 19 hand
218 947 70 22 staten,
305 945 63 19 ehuru
382 945 62 19 denna
459 947 75 17 statens
548 944 117 25 befogenhet
679 944 43 19 icke
734 945 75 19 uteslu-

68 973 31 17 ter
113 971 48 19 eller
175 971 109 25 upphäfver
299 971 132 19 kommunens
445 971 93 24 rättighet
552 973 27 16 att
593 971 5 18 i
613 971 36 19 alla
663 970 65 26 dylika
742 970 66 25 frågor

67 997 108 20 framställa
190 998 41 19 sina
245 997 73 25 åsigter
333 998 37 18 och
385 997 41 19 sina
442 997 125 24 önskningar.
595 996 168 20 Konventionerna
780 997 28 19 in-

67 1023 73 20 nebära
154 1023 105 26 någonting
272 1025 59 18 annat
345 1023 47 20 eller
407 1029 60 18 mera,
483 1024 5 19 i
503 1023 34 20 det
550 1023 25 19 de
589 1022 81 25 erbjuda
685 1023 122 20 kommunen

67 1050 56 19 makt
139 1052 37 23 att,
194 1050 64 19 under
274 1050 110 25 inflytelsen
401 1051 19 18 af
436 1050 88 19 enskilda
540 1049 107 25 intressen,
666 1051 94 18 motsätta
777 1049 30 30 sig

67 1061 120 45 aflöningens
201 1076 163 25 ändamålsenliga
379 1076 98 19 ordnande
491 1075 37 20 och
543 1075 5 20 i
562 1075 34 20 det
608 1075 25 20 de
642 1065 115 36 ohjelpligen
766 1075 42 20 hin-

67 1102 35 20 dra
117 1091 38 31 den
169 1103 65 25 enhet,
252 1108 43 14 som
309 1103 34 19 bör
358 1103 68 24 utgöra
440 1102 38 19 den
493 1102 81 20 ledande
588 1103 72 18 tanken
674 1103 32 18 vid
720 1102 88 20 behand-

67 1129 65 26 lingen
147 1130 38 18 och
200 1119 113 36 afgörandet
327 1129 21 19 af
360 1129 64 19 denna
438 1129 141 25 angelägenhet
597 1129 37 19 och
651 1134 41 14 som
710 1129 45 20 icke
768 1129 38 19 kan

67 1145 149 30 åstadkommas
219 1145 57 30 med
289 1155 77 20 mindre
380 1157 24 18 än
418 1158 28 17 att
460 1158 62 17 staten
537 1155 102 19 verksamt
656 1155 86 25 ingriper
756 1155 52 19 deri.

122 1182 100 19 Anlitande
231 1182 38 19 den
278 1182 98 19 mosaiska
384 1181 235 26 samhällsförfattningen,
629 1180 50 21 hade
687 1182 37 19 den
732 1181 76 20 kathol-

69 1208 36 19 ska
129 1208 75 31 kyrkan
222 1208 78 20 förstått
316 1211 36 22 att,
369 1208 111 20 oberoende
498 1209 20 18 af
532 1208 33 20 det
575 1192 162 46 "medborgerliga
755 1213 52 14 sam-

68 1235 65 25 hället,
150 1234 79 27 pålägga
242 1234 69 26 jorden
326 1225 26 29 en
363 1235 42 20 viss
420 1234 47 27 årlig
481 1235 59 25 skatt,
555 1234 98 20 benämnd
667 1235 74 24 tionde,
758 1234 50 20 hvil-

67 1262 39 18 ken
120 1250 89 31 likasom
206 1250 36 31 de
256 1262 58 28 öfriga
330 1262 115 24 inkomster,
455 1250 45 30 "hon
509 1251 49 29 hade
568 1264 55 16 vetat
631 1261 73 19 bereda
714 1260 28 26 sig,
746 1261 61 25 kyr-

68 1287 37 19 kan
120 1287 45 25 sjelf
180 1293 70 24 genom
270 1288 41 19 sina
328 1277 146 40 underlydande
490 1288 85 24 uppbar,
595 1287 108 19 förvaltade
720 1276 38 30 och
774 1292 33 14 an-

67 1314 64 20 vände
152 1314 29 19 för
202 1320 41 14 sina
262 1314 38 19 och
317 1320 41 13 sina
375 1312 85 26 tjenares
477 1314 66 19 behof.
575 1314 67 18 Staten
665 1319 36 14 var
724 1312 80 20 sålunda

67 1341 99 19 utesluten
184 1340 42 20 från
244 1341 22 19 all
284 1340 106 26 befattning
409 1340 44 19 med
472 1339 159 27 presterskapets
648 1338 101 21 underhåll
767 1339 37 19 och

67 1366 89 26 aflöning.
186 1366 27 20 Då
229 1366 70 20 Gustaf
312 1366 8 20 I
333 1367 44 19 bröt
390 1366 161 20 katholicismens
565 1366 58 19 välde
637 1366 6 18 i
656 1365 44 20 vårt
710 1366 49 23 land,
770 1366 36 18 be-

67 1392 111 26 mäktigade
192 1392 37 20 han
244 1393 29 25 sig
287 1392 33 20 två
335 1392 117 25 tredjedelar
466 1393 20 19 af
498 1392 78 20 tionden
590 1393 29 19 för
632 1394 74 18 statens
715 1381 87 36 räkning,

67 1424 45 14 men
129 1419 26 19 lät
172 1408 155 36 socknepresten
343 1418 77 20 behålla
437 1418 37 20 den
491 1418 104 24 tredjedel,
615 1423 43 13 som
676 1418 60 19 redan
753 1418 52 18 förut
