1006 1817
194 128 36 34 140
413 130 72 22 Nädiga
496 129 139 23 Propositionen
649 127 34 17 N:o
697 126 16 17 7.

197 190 24 13 na
234 183 59 19 äfven
307 182 29 20 för
350 181 29 19 sin
393 180 38 25 del,
447 181 25 19 de
486 179 114 20 härutinnan
616 178 108 25 föreslagne
738 174 121 27 stadganden
872 175 66 20 berät-

196 209 65 26 tigade
276 210 20 18 af
308 206 144 21 förhällandena
466 208 6 18 i
486 206 45 20 värt
547 205 51 23 land,
617 210 46 13 men
681 208 49 15 anse
748 202 64 31 Jock,
822 204 28 17 att
860 208 77 24 expro-

196 235 159 26 priationsrätten
368 234 5 19 i
388 233 59 20 dessa
461 233 31 20 fall
507 233 35 19 bör
556 231 131 20 underkastas
701 230 38 19 den
751 229 148 30 inskränkning,
909 231 28 18 att

199 263 105 24 företagets
318 259 102 21 utförande
434 261 48 19 skall
497 258 108 26 bevisligen
619 257 56 20 lända
690 257 35 20 alla
739 255 47 21 dem
796 257 26 30 till
833 259 62 23 nyttä,
905 261 33 15 om

198 288 78 20 hvilkas
295 287 121 20 medverkan
437 287 54 26 fråga
508 287 37 18 kan
559 284 79 26 uppstå,
655 287 51 17 samt
721 286 28 17 att
763 283 132 30 förbindelsen
911 285 28 18 att

198 317 53 17 emot
265 315 30 19 sin
308 313 46 26 vilja
368 314 90 24 antingen
472 314 76 25 deltaga
562 313 5 18 i
581 311 96 26 företaget
691 311 46 19 eller
751 311 65 25 afsäga
831 316 30 19 sig
875 310 64 20 förde-

198 342 33 19 len
245 341 57 20 deraf
314 341 44 19 icke
371 341 36 19 bör
421 340 75 21 inträda
511 341 5 18 i
531 345 36 14 annan
607 339 101 22 händelse,
724 339 23 18 än
758 343 33 14 om
800 337 40 20 den
850 338 46 19 eller
905 337 34 24 de,

199 368 66 19 hvilka
287 367 81 26 erbjuda
385 367 30 25 sig
429 370 27 16 att
470 368 63 19 utföra
551 365 139 26 sjöfällningen,
707 370 36 20 ega
759 370 55 14 mera
828 366 24 18 än
867 364 72 30 hälften

199 395 20 18 af
231 394 34 20 det
279 393 133 27 ifrågakomna
430 394 140 25 vattendraget.
600 392 57 20 Hvad
675 391 215 26 författningsförslaget
907 397 4 13 i
930 389 10 27 $

199 421 23 20 21
240 420 105 21 innehåller
362 421 102 25 angående
481 420 94 27 grunden,
592 419 101 20 hvarefter
707 419 79 25 egolott,
803 425 44 13 som
862 418 5 19 i
882 423 59 21 nyss-

200 443 52 35 beröi
304 447 30 20 fall
355 447 93 26 afträdes,
472 447 47 21 skall
535 446 95 21 värderas
645 448 39 19 och
698 447 92 23 ersättas,
807 451 60 21 synes
882 446 58 19 äfven

200 474 66 20 kunna
280 474 43 20 leda
338 473 26 20 till
379 477 28 17 ett
420 476 90 24 resultat,
527 480 44 14 som
585 473 4 19 i
605 473 25 20 de
645 474 56 19 flesta
716 473 29 20 fall
762 473 46 20 eller
822 473 25 20 då
860 473 82 25 lottega-

200 506 46 14 rens
260 502 73 23 vägran
348 504 27 16 att
389 501 75 26 deltaga
478 503 5 18 i
499 501 86 20 arbetets
600 501 102 19 utförande
716 500 36 19 har
767 499 29 20 sin
811 499 58 20 orsak
880 499 5 19 i
895 499 47 20 svä-

200 527 90 25 righeten
305 527 47 20 eller
366 527 136 26 omöjligheten
517 529 29 19 för
559 528 74 19 honom
648 530 27 17 att
689 526 88 21 anskaffa
791 526 64 21 dertill
870 526 71 26 nödiga

201 554 72 25 medel,
295 553 36 20 blir
351 555 51 19 både
421 555 74 26 obilligt
511 555 38 20 och
566 555 98 19 orättvist.
694 554 33 19 Till
745 552 46 26 följd
808 554 59 19 häraf
882 553 60 20 hafva

201 580 105 19 ständerne
320 580 61 21 funnit
395 582 170 25 bestämningarne
579 581 4 20 i
598 581 59 20 dessa
672 581 54 20 delar
740 580 47 20 böra
802 580 105 20 innehålla:

327 637 28 18 att
368 635 38 20 Jen
421 636 46 19 eller
481 636 26 19 de
520 635 91 25 delegare
625 635 4 18 i
645 635 77 19 samfält
737 634 36 25 sjö,
789 640 44 14 som
843 633 46 26 vilja
899 634 44 20 fälla

272 662 123 24 densamma,
414 662 32 19 mä
463 663 108 25 berättigas
585 665 28 15 att
629 661 20 19 af
661 661 146 25 meddelegare,
824 667 43 13 som
882 662 61 24 vägra

272 690 29 18 att
315 688 5 19 i
335 688 76 20 arbetet
425 689 38 19 och
477 688 111 20 kostnaden
602 688 83 25 deltaga,
702 688 126 25 expropriera
840 688 59 20 deras
909 693 35 15 an-

272 715 55 20 delar
341 716 4 19 i
360 716 38 20 den
413 715 118 25 tillandning,
547 720 44 14 som
605 720 73 20 genom
692 714 101 26 fällningen
808 714 79 25 vinnes;

327 745 28 17 att
369 742 31 23 Je,
417 742 66 19 hvilka
492 743 92 18 motsätta
595 742 30 26 sig
635 740 139 26 sjofällningen,
786 741 43 20 icke
839 742 47 19 böra
896 747 47 14 vara

274 768 78 26 pligtige
369 771 28 17 att
413 768 120 21 underkasta
548 768 29 24 sig
591 768 147 26 expropriation
752 769 6 19 i
773 774 62 14 annan
849 768 96 20 händelse

273 797 24 18 än
312 798 28 16 att
353 796 31 24 de,
401 801 43 13 som
460 796 49 26 yrka
526 795 25 25 på
565 795 107 26 företagets
686 795 110 25 utförande,
813 800 34 20 ega
862 801 44 14 mer
920 797 23 17 än

273 822 74 20 hälften
365 822 20 20 af
401 821 41 25 sjön
461 824 51 18 samt
529 822 64 19 kunna
611 822 43 19 visa
668 824 27 17 att
711 822 95 25 företaget
819 821 38 20 blir
871 822 73 26 nyttigt

274 848 58 20 äfven
347 849 28 19 för
389 848 25 20 de
428 848 145 26 motsträfvige
567 844 9 34 ;

327 878 28 16 att
368 876 134 24 ersättningen
517 875 29 19 för
560 875 34 19 det
607 874 89 25 område,
713 881 44 13 som
773 874 82 21 sålunda
872 881 73 20 expro-

274 903 84 23 prieras,
380 902 49 19 skall
444 902 123 19 bestämmas
581 902 50 19 efter
648 901 33 20 det
696 902 66 24 värde,
779 902 34 20 det
827 902 35 19 har
877 903 5 18 i
897 903 47 19 dess

274 933 72 21 genom
367 927 134 27 sjöfällningen
523 928 120 20 förbättrade
661 928 63 24 skick,
741 928 61 20 sedan
817 928 86 20 derifrån
918 929 28 19 af-

274 954 74 26 dragits
363 954 37 20 den
415 954 23 26 pä
454 955 53 19 detta
521 954 82 20 område
618 955 29 25 sig
661 955 109 25 belöpande
785 956 54 19 andel
854 956 6 18 i
873 955 73 25 sjöfäll-

275 981 175 25 ningskostnaden;
467 984 51 17 samt

288 1010 68 27 att
370 1008 32 20 vid
419 1008 172 25 tillandningarnes
608 1008 77 25 delning
699 1008 84 20 emellan
798 1008 127 25 deltagarene
939 1010 5 18 i

275 1062 85 25 ligheten
377 1062 21 19 af
413 1062 165 20 skifteslotternas
595 1062 68 19 lättare
681 1062 130 20 bebrukande
828 1065 52 17 samt
897 1063 46 25 den,

275 1088 30 19 för
318 1088 82 19 hvilken
416 1089 49 18 hans
480 1088 56 20 andel
552 1088 37 20 blir
603 1089 76 19 mindre
695 1089 88 25 gagnelig
797 1090 24 18 än
838 1090 28 18 för
875 1096 25 13 en
910 1096 37 13 an-

275 1120 46 18 nan,
340 1114 116 25 följaktligen
473 1121 48 14 vara
538 1114 51 21 både
606 1115 110 26 berättigad
730 1116 39 19 och
784 1116 77 26 skyldig
875 1119 28 16 att
917 1116 29 20 till

275 1141 64 29 denne
348 1140 55 30 afstå
418 1141 30 19 sin
462 1141 36 20 lott
512 1143 54 18 emot
579 1141 94 26 vederlag
688 1142 4 18 i
707 1147 63 15 annan
778 1141 44 25 jord
833 1143 47 20 eller
890 1143 55 19 lösen

274 1173 5 12 i
294 1173 113 20 penningar.

259 1219 81 20 Widare
355 1220 119 20 framställer
489 1221 146 26 propositionen
650 1222 33 19 det
693 1223 76 20 mindre
779 1223 167 26 ändamålsenliga

205 1245 5 19 i
228 1252 23 13 en
268 1245 30 20 del
316 1247 21 19 af
352 1246 38 20 den
408 1247 142 20 förberedande
565 1248 126 26 behandling,
707 1255 43 14 som
765 1249 128 26 sjöfällnings-
907 1251 39 18 och

204 1273 351 26 vattenverksanläggnings-ärender
575 1281 27 12 nu
623 1276 34 18 äro
678 1275 153 20 underkastade.
862 1277 27 18 De
907 1276 40 19 för-

205 1299 109 25 ändringar,
332 1305 42 14 som
391 1300 4 18 i
410 1299 53 20 detta
478 1301 93 19 afseende
585 1302 34 18 äro
633 1301 30 19 för
677 1302 105 20 framtiden
797 1303 5 18 i
817 1301 66 21 Nåder
895 1303 50 18 före-

204 1325 72 25 slagne,
293 1325 59 20 hafva
364 1326 105 19 ständerne
482 1327 5 18 i
497 1328 36 19 allo
544 1327 51 25 gillat
605 1327 37 20 och
652 1333 49 14 anse
709 1328 78 20 derföre
797 1329 46 19 böra
855 1329 90 25 stadgas
937 1321 13 37 :

323 1379 34 27 att
378 1377 38 20 den
434 1383 37 20 syn
490 1377 9 20 å
518 1379 70 24 stället,
607 1385 45 13 som
665 1379 65 20 måste
745 1379 65 26 föregå
825 1380 69 23 hvarje
909 1380 38 25 sjö-

275 1403 80 25 fällning
369 1403 50 30 eller
436 1405 247 26 vattenverksanläggning
696 1405 27 20 till
738 1406 111 21 utredande
863 1407 21 20 af
896 1407 53 19 före-

275 1431 65 22 tagets
360 1428 115 27 tillåtlighet,
494 1430 41 25 bör,
555 1431 59 26 enligt
630 1431 141 21 Guvernörens
787 1433 4 19 i
807 1433 51 20 länet
872 1434 77 19 förord-
