992 1750
283 107 72 23 Nådiga
365 109 141 23 Propositionen
519 109 36 18 N:o
568 110 28 17 16.
776 110 32 20 431

66 159 53 18 samt
134 156 132 27 vårdslöshet,
282 158 134 26 oförsigtighet
429 160 38 19 och
481 160 146 24 försummelse,
638 160 130 26 hvarigenom
776 160 35 20 nå-

66 190 48 19 gon,
135 187 44 16 utan
198 184 73 25 uppsåt
287 187 28 17 att
328 186 67 25 dräpa,
414 185 57 20 vållat
485 192 74 13 annans
573 186 45 25 död,
634 186 130 20 föreskrifves
778 188 5 18 i
798 187 11 19 3

66 210 16 25 $,
99 212 34 23 all,
150 216 33 14 om
197 210 63 26 någon
275 216 71 20 genom
360 211 97 27 uppsållig
471 212 129 26 misshandel,
616 212 51 20 dock
681 216 47 16 utan
738 212 72 27 uppsåt

65 239 29 17 att
110 236 70 26 dräpa,
199 237 79 25 tillfogat
295 243 61 14 annan
373 238 61 20 sådan
451 238 148 26 kroppsskada,
622 242 28 16 att
670 240 65 19 denne
754 238 58 22 deraf

66 262 50 26 ljutit
133 263 74 24 döden,
227 269 45 14 men
291 264 74 19 skadan
383 265 40 19 blef
435 265 111 20 dödsorsak
560 266 69 19 endast
643 266 5 18 i
662 266 88 25 förening
763 266 46 20 med

67 289 176 25 omständigheter,
260 290 24 20 de
299 290 41 25 der,
358 293 44 17 utan
416 292 188 24 gerningsmannens
619 291 63 25 skuld,
694 292 70 20 efteråt
774 292 44 20 till--

65 316 94 23 kommit,
179 316 66 20 såsom
263 316 84 20 särskild
365 316 102 26 sjukdom,
484 317 93 26 d:öjsmål
592 317 44 20 med
651 318 127 26 begagnande
791 319 21 19 af

67 342 112 20 botemedel
200 343 60 20 sedan
283 343 69 20 sådant
375 343 74 21 kunnat
472 344 100 20 användas
584 360 4 10 ,
613 344 126 20 vårdslöshet
761 345 49 20 eller

66 369 129 25 oskicklighet
210 370 31 19 vid
256 370 136 20 botemedlens
407 370 134 26 användande,
558 371 47 19 eller
616 373 60 18 annat
685 372 63 30 dylikt
756 372 52 25 ofall,

66 396 175 25 gerningsmannen
255 396 18 25 ej
288 396 32 20 må
335 397 70 19 dömas
420 397 24 19 till
460 398 61 25 högre
535 397 61 25 straff,
612 398 24 18 än
650 397 4 19 i
669 398 11 18 2
696 399 10 24 $
720 398 88 24 stadgas.

66 423 68 19 Denna
149 422 100 20 föreskrift.
263 423 82 19 innebär
359 423 126 26 visserligen,
500 426 29 17 att
543 429 24 14 en
583 424 56 25 hvar,
655 429 44 14 som
712 424 26 25 på
752 424 59 25 något

65 449 21 20 af
98 448 25 21 de
138 449 4 18 i
158 449 9 19 4
185 449 10 25 $
209 449 119 20 omnämnda
343 451 64 18 sätten
421 450 95 20 föranledt
530 455 61 14 annan
605 455 85 20 persons
703 450 45 26 död,
760 451 50 20 skall

66 481 59 14 anses
140 475 67 20 såsom
221 476 75 19 dennes
309 476 96 26 baneman
421 476 36 20 och
472 476 78 20 straffas
564 477 30 19 för
608 475 60 26 dråp,
686 482 33 14 om
733 479 24 18 än
770 476 40 21 den

65 502 88 25 gerning,
170 507 45 14 som
228 502 38 19 kan
280 505 55 22 tagas
350 503 73 18 honom
437 503 26 20 till
478 503 44 25 last,
538 502 44 20 icke
597 508 75 19 ensam,
687 506 46 17 utan
747 503 63 20 blott
800 498 14 34 i

67 529 86 24 förening
168 528 45 20 med
227 531 58 17 annat
299 529 51 25 ofall,
367 529 42 19 blef
421 529 58 20 orsak
494 529 25 20 till
535 529 74 23 döden;
624 529 38 19 och
675 529 24 20 då
709 530 34 20 det
752 530 59 20 äfven

66 557 22 18 är
106 555 130 25 fullkomligen
254 555 87 26 rättvist,
360 557 27 18 att
405 556 177 25 gerningsmannen
599 555 4 20 i
624 555 65 26 dylika
710 556 30 21 fall
761 556 47 21 skall

66 588 59 14 anses
139 582 30 19 för
183 581 90 27 dråpare,
289 581 38 21 och
342 581 17 25 ej
375 581 48 21 blott
437 583 29 19 för
480 582 77 27 skyldig
570 582 27 20 till
611 588 61 14 annan
681 583 128 25 misshandel,

66 609 64 20 ehuru
148 608 52 21 dock
217 610 76 19 strailet
309 609 30 19 för
355 608 70 26 dräpet
441 610 5 19 i
464 608 73 21 sådana
550 609 107 20 händelser
671 609 65 21 måste
750 610 60 20 blifva

66 635 86 26 ringare,
172 637 25 18 än
214 639 36 17 när
267 636 135 26 förbrytarens
419 636 92 26 handling
528 641 68 15 ensam
613 636 109 20 förorsakat
738 636 70 26 döden,

66 661 22 21 så
104 663 36 19 har
154 663 58 19 äfven
227 663 100 20 Utskottet
342 663 29 19 för
385 662 30 20 sin
430 663 31 19 del
475 663 87 25 godkänt
576 662 132 26 nyssberörda
718 663 93 25 stadgan-

66 688 24 20 de
108 688 38 20 och
161 688 78 21 således
253 690 53 25 gillat
319 689 159 25 propositionens
493 690 11 19 3
519 689 17 25 $.
564 690 44 18 Men
622 690 84 19 emedan
720 689 25 21 de
759 690 51 19 läka-

66 716 76 26 reintyg
160 716 56 20 öfver
233 716 113 20 verkstälda
363 716 145 25 liköppningar,
528 721 43 14 som
588 716 4 18 i
610 715 66 20 dylika
692 717 39 19 och
747 716 63 20 andra

66 741 87 27 dråpmål
172 742 61 20 borde
250 742 52 26 tjena
319 743 135 19 domstolarne
469 743 24 19 till
509 742 77 26 ledning
600 742 18 19 vid
646 742 131 20 bedömandet
791 742 21 20 af

67 769 84 20 brottets
169 769 144 26 beskaffenhet,
332 768 91 20 stundom
441 769 64 20 kunna
522 768 105 25 innehålla,
646 772 28 16 att
688 769 63 20 döden
766 770 44 19 icke

67 796 51 20 varit
132 802 24 14 en
169 796 115 20 omedelbar
297 794 46 27 följd
358 796 20 19 af
390 796 134 26 förbrytarens
538 795 100 25 handling,
653 798 47 17 utan
714 796 20 20 af
746 802 63 14 annan

66 822 114 26 derigenom
195 823 4 19 i
215 823 128 19 verksamhet
357 824 38 18 satt
409 823 66 24 orsak,
491 823 49 19 eller
553 825 28 17 att
594 821 128 27 handlingens
731 822 78 26 dödliga

65 850 77 18 verkan
156 850 73 18 kunnat
243 855 70 20 genom
327 849 56 25 tidigt
397 849 84 19 användt
495 848 110 20 botemedel
621 848 142 26 förekommas,
782 850 28 19 el-

65 876 29 20 ler
112 876 38 19 ock
167 878 28 17 att
211 876 116 25 handlingen
344 876 49 20 blott
407 876 29 19 för
450 875 61 27 någon
525 875 84 20 särskild
624 875 186 25 kroppsbeskaffen-

65 902 35 20 het
116 904 37 18 hos
170 902 37 20 den
224 902 51 21 döde
293 903 46 21 eller
356 908 61 14 annan
435 902 79 26 tillfällig
528 902 151 24 omständighet,
696 902 113 20 hvarunder

66 929 73 23 skadan
157 933 72 16 honom
246 929 119 26 tillfogades,
384 929 110 21 förorsakat
510 929 72 25 döden,
606 931 51 17 samt
676 928 133 21 domstolarne

64 962 72 20 genom
152 956 66 26 dylika
234 956 121 26 läkareintyg
373 956 57 25 göras
448 956 99 26 villrådiga
566 956 32 20 vid
612 955 120 26 afgörandet,
748 957 61 19 huru-

66 983 46 19 vida
131 983 123 26 förbrytaren
271 984 22 18 är
309 985 29 17 att
353 988 60 14 anses
430 982 67 20 såsom
515 983 37 19 den
567 982 62 20 dödes
643 982 103 25 baneman,
761 982 48 20 eller

66 1009 51 25 icke,
133 1009 38 19 och
185 1009 79 21 således
278 1010 59 19 äfven
351 1009 98 20 huruvida
464 1010 37 18 han
515 1009 35 20 bör
565 1008 78 20 straffas
655 1009 29 19 för
694 1008 55 26 dråp,
761 1009 48 20 eller

66 1036 48 19 blott
128 1037 29 18 för
171 1042 61 14 annan
247 1035 130 24 misshandel;
394 1035 21 20 sä
430 1036 36 19 har
481 1036 99 20 Utskottet
594 1038 64 16 ansett
674 1035 9 19 3
694 1035 10 25 $
718 1035 47 19 böra
778 1041 31 14 er-

66 1062 50 20 hålla
138 1064 28 18 ett
187 1063 76 25 tillägg,
284 1062 75 20 hvilket
373 1061 67 20 såsom
455 1065 29 17 ett
496 1063 62 19 första
572 1063 88 18 moment
674 1061 5 19 i
693 1062 115 25 paragrafen

66 1089 62 19 skulle
143 1089 90 25 förklara,
249 1092 28 16 att
291 1094 24 14 en
330 1089 56 23 hvar,
403 1094 43 14 som
461 1094 71 20 genom
546 1087 96 27 uppsätlig
651 1088 121 19 misshandel
782 1088 25 20 el-

65 1116 29 19 ler
114 1115 91 20 vållande
224 1116 79 25 tilifogat
323 1120 62 14 annan
400 1114 60 20 sådan
475 1114 143 26 kroppsskada,
634 1116 28 17 att
676 1114 64 20 denne
754 1114 57 20 deraf

66 1141 50 26 ljutit
129 1141 71 25 döden,
217 1142 61 20 borde
291 1141 68 20 såsom
374 1142 95 19 baneman
483 1146 66 19 anses,
565 1146 33 14 om
612 1142 24 18 än
650 1140 64 26 någon
723 1142 21 18 af
751 1146 59 20 nyss-

65 1169 86 19 nämnda
171 1169 170 26 omständigheter
360 1169 74 19 kunnat
448 1174 48 13 vara
510 1174 24 14 en
550 1167 144 20 samverkande
710 1167 59 20 orsak
783 1168 26 20 till

66 1195 69 20 Jöden.

119 1221 52 20 Både
191 1221 4 19 i
219 1223 22 18 10
263 1222 37 19 och
323 1222 22 19 11
367 1221 28 25 $$,
411 1227 43 14 som
468 1221 70 20 handia
552 1226 33 14 om
599 1220 72 20 sådana
686 1219 100 26 slagsmål,
803 1220 6 19 i

66 1247 66 20 hvilka
147 1247 34 20 tvä
196 1249 47 18 eller
257 1247 48 20 flere
315 1253 96 20 personer
420 1249 46 18 utan
475 1246 117 27 föregängen
603 1246 207 20 öfverenskommelse

66 1274 80 25 deltagit
166 1275 38 18 och
225 1275 5 18 i
250 1273 46 25 följd
317 1275 72 18 hvaraf
407 1273 63 26 någon
490 1273 51 25 Ijutit
560 1273 63 20 döden
644 1273 46 20 eller
709 1271 36 21 fått
762 1272 48 20 svår

64 1301 146 24 kroppsskada,
227 1301 36 18 har
277 1301 100 19 Utskottet
391 1303 65 16 ansett
469 1300 34 18 det
517 1300 47 19 böra
578 1299 94 25 tydligare
687 1300 78 23 uttalas,
781 1301 29 17 att

65 1327 60 19 dessa
139 1327 113 24 paragrafer
265 1326 50 26 angå.
330 1326 81 20 allenast
425 1326 73 20 sådana
512 1326 38 24 fall,
566 1326 5 18 i
586 1325 66 19 hvilka
666 1325 33 19 det
712 1324 45 20 icke
771 1325 38 19 kan

66 1353 94 25 utredas
159 1346 14 37 ,
183 1354 60 18 hvem
264 1358 43 21 som
329 1352 138 20 åstadkommit
490 1352 38 20 den
551 1351 102 20 inträffade
675 1350 63 21 döden
762 1352 48 19 eller

67 1379 159 25 kroppsskadan.
262 1380 62 18 Äfven
345 1380 36 17 har
403 1379 112 22 Utskottet,
538 1378 29 18 för
588 1378 29 18 sin
638 1378 44 23 del,
697 1378 63 17 funnit
776 1377 36 30 det

67 1404 58 20 straff
139 1405 20 18 af
175 1404 86 25 fängelse
277 1404 42 19 från
336 1404 37 19 och
391 1404 46 20 med
454 1403 33 20 två
504 1402 93 20 månader
614 1402 26 20 till
658 1403 39 19 och
714 1402 46 20 med
776 1405 34 23 två
