1003 1767
197 121 32 36 180
409 128 71 22 Nådiga
491 128 140 22 Propositionen
643 125 36 17 N:o
691 125 28 17 10.

268 180 30 16 ter
319 178 55 19 skola
391 178 67 25 gäldas
475 177 21 19 af
510 176 72 20 endera
600 178 67 23 parten
684 180 70 15 ensam
771 175 47 19 eller
837 174 21 20 af
876 175 63 25 begge

268 206 129 23 gemensamt,
420 204 5 18 i
449 203 73 20 hvilket
543 202 122 20 sistnämnda
684 201 32 19 fall
738 201 135 25 fördelningen
894 201 46 20 dem

268 230 83 20 emellan
364 230 58 19 äfven
436 230 36 19 bör
485 229 7 19 i
505 230 72 19 domen
590 230 91 19 utsättas.
698 228 65 20 Anser
775 228 37 20 den
822 228 119 26 betalnings-

268 256 89 26 skyldige
377 256 39 20 den
436 256 72 20 honom
526 255 81 21 sålunda
625 254 67 26 ålagda
710 255 142 26 ersättningens
868 255 73 25 belopp

267 283 5 19 i
286 282 64 26 någon
364 283 32 19 del
410 288 47 14 vara
472 282 139 26 öfverdrifvet,
630 281 32 21 må
681 282 40 20 han
738 283 81 19 rättelse
836 282 42 20 deri
893 281 48 20 söka

267 309 38 21 hos
319 309 125 20 underrätten
455 310 5 19 i
470 312 55 17 orten
539 309 51 19 efter
603 308 105 26 stemning,
727 314 44 14 som
788 310 52 18 inom
858 314 25 14 en
900 308 42 20 må-

268 336 38 20 nad
320 336 5 18 i
340 336 44 20 stad
398 337 38 19 och
450 336 26 21 till.
491 338 57 18 nästa
562 336 40 25 ting
616 334 11 21 å
645 335 67 21 landet
727 336 37 20 bör
780 336 107 25 behörigen
904 334 37 27 ågå

269 362 44 26 den,
329 362 62 20 hvars
405 362 206 26 ersättningsanspråk
626 362 38 20 han
677 362 80 20 klandra
771 362 42 24 vill;
828 362 39 20 och
881 361 62 28 gånge

270 389 83 21 dermed
368 390 62 19 sedan
444 389 67 21 såsom
526 389 46 20 med
586 391 57 17 annat
657 389 122 21 tvistemål...

250 444 26 20 Af
288 444 24 20 de
327 444 126 21 återstående
467 445 21 25 $$
502 445 5 19 i
524 444 39 20 den
579 444 74 26 Nådiga
669 444 147 26 propositionen
833 444 110 21 föranleder

198 471 94 25 endast
279 466 23 35 $.
306 472 26 21 28
346 471 27 20 till
387 471 137 25 anmärkning.
553 471 102 20 Utskottet
669 470 62 21 håller
745 471 100 26 nemligen
858 471 43 20 före
915 473 28 22 att

197 498 37 20 den
248 498 6 20 i
268 497 85 21 berörde
367 497 10 26 $
391 498 99 26 medgifna
504 498 195 25 återlösningsrätten
713 498 37 20 bör
763 497 117 21 inskränkas
889 498 54 20 inom

198 524 64 26 någon
275 524 42 20 viss
332 524 34 24 tid,
385 525 39 19 och
442 524 82 20 föreslår
541 524 29 20 för
587 524 53 20 detta
658 524 89 21 ändamål
768 527 29 17 ett
816 523 22 21 så
856 524 86 27 lydande

199 552 65 25 tillägg
278 551 26 20 till
317 556 79 14 samma
410 551 20 25 $:

322 605 44 20 Och
379 605 37 21 bör
429 605 62 21 sådan
504 606 58 24 talan,
578 610 33 16 om
625 606 38 20 den
679 606 48 20 skall
741 611 48 14 vara
798 605 96 26 bevarad,
905 606 39 19 hos

270 632 149 21 vederbörande
433 632 107 25 behörigen
553 633 86 20 anmälas
653 632 53 20 inom
720 635 31 18 tre
768 631 106 27 månader,
894 632 51 20 efter

268 658 34 21 det
321 659 38 19 han
380 664 33 14 om
434 660 139 24 inrättningens
592 658 135 26 nedläggande
744 657 108 28 bevisligen
872 658 73 21 under-

272 686 77 19 rättats.
863 696 2 2 :

229 755 2 2 +
254 739 128 26 Helsingfors,
399 740 37 20 den
452 741 24 19 14
490 740 80 20 Januari
586 740 59 20 1864.

438 912 267 24 Reservationer:

325 970 28 20 Af
368 970 111 20 Friherre
495 971 29 20 de
540 972 21 19 la
579 970 123 26 Chapelle:

253 997 42 20 Den
309 997 21 19 af
341 996 101 20 Utskottet
458 1000 83 23 antagna
556 997 106 26 grundsats
676 998 28 18 att
718 998 60 25 ägare
793 996 48 20 eller
856 996 88 20 innehaf-

201 1029 48 15 vare
265 1024 22 20 af
301 1022 62 21 sädan
378 1022 43 26 jord
436 1024 37 20 och
487 1022 70 28 grund,
574 1029 43 14 som
631 1022 29 21 för
674 1023 79 20 allmänt
767 1023 62 21 behof
842 1022 99 27 upplätes,

201 1051 21 19 är
236 1050 108 25 berättigad
358 1050 44 20 icke
416 1050 81 20 allenast
510 1050 26 20 till
551 1050 33 20 full
599 1049 108 27 ersättning
720 1050 32 20 för
765 1049 54 21 hvad
830 1049 115 26 exproprie-

201 1079 49 23 rats,
265 1079 48 17 utan
327 1076 58 20 äfven
400 1076 25 20 till
441 1077 74 20 hälften
527 1076 121 24 derutöfver,
664 1074 64 22 finner
740 1075 33 26 jag
787 1076 45 20 icke
847 1076 31 19 väl
892 1082 53 14 sam-

202 1102 78 20 manstä
298 1103 46 20 med
361 1103 37 20 den
416 1103 96 20 allmänna
526 1103 67 24 regeln
608 1104 29 19 att
651 1102 37 20 den
703 1102 101 21 enskildes
818 1102 62 20 fördel
896 1102 47 21 skall

202 1130 47 19 vika
266 1130 30 19 för
312 1130 33 19 det
363 1129 113 20 allmännas.
507 1129 132 20 Omförmälda
653 1128 110 26 förhöjning
778 1129 21 19 af
810 1128 134 26 ersättningen

202 1156 26 20 till
244 1155 118 26 jordägaren
378 1156 78 19 utöfver
475 1156 70 20 värdet
559 1156 29 19 för
602 1155 141 25 exproprierad
757 1154 57 20 mark
828 1155 117 26 tillskyndar

202 1182 97 26 nemligen
317 1182 26 20 de
359 1182 61 24 &frige
436 1182 164 26 skattedragande
616 1182 156 24 medborgarene
791 1186 24 14 en
832 1181 71 20 förlust
916 1181 27 20 till

203 1208 277 26 expropriationskostnadens
495 1208 109 26 procenttal
616 1208 117 26 fullkomligt
742 1207 100 21 enahanda
851 1207 46 21 med
907 1207 38 21 den

202 1235 54 19 vinst
270 1234 37 20 den
322 1234 89 21 enskilde
424 1234 117 26 jordegaren
556 1234 91 26 erhäller,
663 1235 64 19 ehuru
741 1234 33 20 det
788 1234 97 20 allmänna
894 1234 52 20 före-

202 1264 40 22 tag,
258 1261 93 20 hvarföre
364 1262 173 25 expropriationen
552 1260 54 24 sker,
625 1262 29 18 för
667 1260 124 27 jordägaren,
808 1260 68 20 säsom
889 1260 55 20 med-

202 1288 40 20 lem
258 1288 21 19 af
294 1288 108 24 samhället,
421 1288 44 20 icke
485 1288 76 20 medför
577 1287 77 21 mindre
674 1293 50 19 gagn
741 1288 24 18 än
785 1287 30 19 för
838 1286 26 20 de
884 1287 61 25 öfrige

202 1314 162 24 medborgarene.
394 1315 7 18 1
419 1314 75 24 vanliga
511 1314 39 24 fall,
570 1313 68 20 säsom
654 1314 33 18 vid
705 1312 146 25 expropriation
869 1313 29 19 för
912 1318 34 14 an-

203 1339 91 25 läggning
310 1340 21 18 af
345 1338 103 26 jernväsar
465 1340 38 18 och
520 1340 86 23 kanaler,
625 1338 86 21 erhäller
727 1338 118 25 jordägaren
859 1341 87 17 tvertom

205 1370 24 15 en
244 1365 75 20 enskild
335 1365 70 26 fördel,
417 1365 53 26 långt
484 1366 78 19 utöfver
577 1364 53 21 hvad
645 1365 37 20 den
697 1365 60 26 öfrige
772 1365 130 19 allmänheten
911 1364 36 21 till-
964 1386 4 3 -

204 1392 98 24 kommer,
321 1397 71 20 genom
407 1392 34 20 det
458 1392 63 20 ökade
534 1392 62 20 värde
610 1393 82 25 ägarens
707 1391 126 21 äterstäende
846 1390 44 26 jord
905 1397 42 15 me-

207 1418 51 20 delst
278 1418 204 20 kommunikationens
504 1419 132 20 förbättrande
652 1418 77 20 undfär.
759 1418 42 20 Man
819 1419 35 19 har
869 1418 78 20 derföre
