978 1792
277 125 72 23 Nädign
360 126 138 24 Propositionen
511 126 37 19 N:o
559 125 27 19 22.
769 126 34 20 643

63 174 46 22 med
122 174 99 22 Skriftens
234 180 49 22 egna
297 176 35 21 ord
349 176 97 20 frambära
467 175 82 21 bibliska
567 175 136 27 hufvudläror,
717 181 44 16 som
776 177 27 19 ef-

63 202 82 21 terhand
159 202 225 26 grupperat
277 198 34 35 sig
333 198 53 35 kring
397 203 35 20 det
447 202 101 25 formulär,
564 203 112 20 :hvarunder
692 203 60 26 dopet
765 203 38 21 för-

63 229 88 20 rättades.
165 229 5 19 i
184 229 95 26 Fadrens,
297 231 79 19 Sonens
392 230 40 20 och
445 230 38 20 den
497 230 69 25 Helige
579 229 67 21 Andes
659 235 67 20 namn,
741 230 43 20 dels
797 229 5 21 i

63 254 57 22 korta
135 258 64 18 satser
213 256 64 21 uttala:
287 256 27 21 Je
327 256 6 20 i
346 261 76 15 samma
439 256 128 21 -hufvudläror
583 256 135 25 inneliggande
731 256 73 21 konse-

64 287 123 20 qvenserna.
215 282 45 20 Men
273 282 10 19 i
292 282 59 21 dessa
363 281 100 27 symbola;
478 283 66 20 hvilka
557 282 38 21 den
608 282 110 21 Eutherska
728 282 78 27 Kyrkan

63 307 103 22 erkänner
180 311 123 22 gemensamt
315 308 46 20 med
376 309 61 25 ofriga
451 309 82 26 kyrkor,
543 307 103 28 uttryckes
655 310 52 18 ännu
719 309 44 19 icke
774 309 34 20 det

63 335 94 20 särskildt
172 334 153 25 protestantiska
339 335 38 20 och
391 335 132 26 egendomligt
539 335 101 21 lutherska
656 335 149 20 medvetandet.

63 360 26 21 Så
104 364 55 19 snart
174 360 34 22 vår
217 361 223 26 evangelisk-lutherska
455 362 64 26 kyrka
528 362 66 25 intagit
608 361 33 20 sitt
650 361 97 21 särskilda
762 366 43 16 rum

63 387 6 21 i
83 387 81 21 kretsen
178 388 20 20 af
210 387 74 20 kristna
298 387 156 27 speeialkyrkor,
471 388 69 21 visade
553 388 29 25 sig
595 388 79 21 derföre
688 388 118 26 nödvändig-

61 415 62 20 heten
137 415 30 19 för
180 415 72 24 henne,
263 417 28 18 att
305 415 5 20 i
327 410 48 36 egna
381 414 201 27 bekännelseskrifter-
596 415 62 20 uttala
665 415 31 20 sin
708 415 97 20 särskilda

62 441 90 25 religiösa
167 441 132 26 öfvertygelse
314 442 39 21 och
366 441 59 22 tillika
439 443 95 25 begränsa
551 442 32 20 sin
595 441 99 22 åtskilnad
710 441 44 22 från
765 442 38 20 alla

61 467 59 21 andra
135 467 165 27 kyrkosamfund.
312 463 11 37 .
329 469 63 21 Detta;
398 468 76 21 skedde
483 474 74 19 genom
569 468 25 21 de
608 468 6 20 i
622 468 178 21 Konkordiebokea

61 494 163 21 sammanfattade
239 495 170 26 specialsymhola,
428 496 21 19 af
462 495 66 21 hvilka
549 495 25 20 Je
586 495 67 26 begge
669 495 132 20 katekeserna

61 523 88 18 närmast
163 521 58 20 uttala
235 521 82 25 positivt
330 521 37 21 vär.
383 521 75 26 kyrkas
471 523 39 19 lära
528 522 56 19 i:och
598 522 32 20 för
643 522 40 25 sig,
699 522 106 19 hvaremot

61 548 38 20 Jen
113 547 149 26 Augsburgiska
275 548 142 25 Bekännelsen,
430 549 49 19 Jess
492 549 87 19 Försvar
586 551 57 17 samt
652 548 151 20 -Smalkaldiska

61 574 109 27 artiklarne
181 573 96 26 Jerjemte
291 574 93 26 uttrycka
392 573 130 23 ätskillnaden
536 573 44 20 [rän
590 574 40 20 Jen
642 574 105 21 kathoiska
756 574 49 26 kyr-

61 601 46 24 kan,
122 601 41 19 och
174 601 91 18 Formula
279 600 116 23 Concordie
408 601 42 20 från
464 601 38 22 Jen
517 601 116 19 reformerta.
647 603 53 18 samt
714 600 44 20 från
770 606 35 15 an-

61 626 36 22 Ura
110 626 78 29 mindre
205 626 179 26 kyrkosamfund,.
401 627 29 20 De
446 627 129 25 .komplettera
596 626 79 21 således
691 627 38 20 alla
745 626 60 20 hvar-

61 653 62 20 andra
138 658 16 19 ej
170 653 78 20 mindre
260 653 5 19 i
280 656 53 23 yttre
343 653 43 25 än?:i
396 653 41 20 inre
452 653 121 25 hänseende,
583 653 39 22 och
634 654 35 19 ära.
683 653 119 22 fördenskull

62 680 50 20 hvar
127 679 42 20 från
184 679 29 21 sin
227 679 42 21 sida
283 679 96 26 behöfliga
396 679 30 20 för
440 682 28 17 att
481 679 52 21 bilda
546 682 29 17 ett
590 679 119 26 fullständigt
723 680 80 21 uttryck

62 707 21 20 af;
95 706 38 19 Jen
147 706 135 25 ursprungliga
296 706 148 24 lutherdomen;
460 707 71 19 hvaraf
542 707 59 19 äfven
614 705 55 26 följer
682 706 40 20 Jen
735 709 70 19 aukto-

62 732 46 21 ritet
123 732 26 20 Je
162 733 49 19 hvar
225 733 30 19 för
270 733 29 26 sig
313 733 39 20 och
360 733 35 20 alla
410 733 129 20 tillsammans
553 733 79 20 komma
644 735 28 17 att
685 733 45 23 helt.
739 735 66 20 natur-

61 759 35 26 ligt.
110 759 56 21 inom
177 759 38 22 den
236 759 225 26 evangelisk-lutherska
480 759 78 26 kyrkan
576 760 29 21 för
624 759 24 21 alt
662 758 48 21 dess
726 759 79 22 framtid

63 791 42 21 ega.
135 786 67 19 Denna
216 786 107 19 auktoritet
339 788 23 18 är
376 787 37 19 ock
431 786 5 19 i
450 786 207 26 kyrkolags-förslaget
674 784 111 28 fasthällen,
798 786 6 19 i

62 813 34 19 det
113 813 37 19 här
167 813 36 19 den
225 812 128 20 oförändrade
370 813 147 26 Augsburgiska
533 812 132 20 Bekännelsen
685 813 38 19 och
743 813 61 25 öfriga

61 839 155 20 den:lutherska
236 840 88 25 kyrkans
340 840 6 19 i
361 839 177 21 Konkordieboken
558 842 97 23 upptagna
676 838 128 21 Bekänhelse-

62 866 82 20 skrifter
158 865 63 21 blifvit
234 865 95 21 likställda
343 866 47 20 med
410 866 38 20 Jen
462 866 63 26 gamla
542 866 86 26 kyrkans
646 865 98 26 symbola,
759 870 45 15 som

61 892 30 20 för
100 893 39 19 alla
148 892 157 20 kristendomens
315 893 215 19 hufvudkonfessioner
539 892 57 20 hafva
607 892 128 26 förpligtanle
743 893 59 19 kraft.

61 919 87 20 Härmed
161 920 22 18 är
197 919 58 19 likväl
270 919 44 19 icke
323 919 79 24 nekadt,
418 922 29 17 att
460 918 22 26 ju
492 918 47 20 våra
553 917 165 27 specialsymbola
732 923 72 21 genom

60 946 39 20 den
116 945 109 25 polemiska
240 945 89 25 hälining;:
351 946 57 19 hvari
425 946 26 19 de
471 945 57 20 stodo
545 946 28 19 till
593 945 61 20 andra
674 944 75 27 kyrkor
762 945 41 20 och

61 972 72 20 dessas
146 972 207 26 bekännelseskrifter,
365 971 79 21 kommo
458 974 28 18 att
499 972 102 20 invecklas
615 972 6 18 i
630 971 126 26 vidlyitigare
770 971 34 21 de-

61 999 104 20 duktioner
178 999 37 19 och.
229 998 139 26 utläggningar,
385 1004 43 14 som
442 999 30 19 för
488 998 200 20 bekännelseskrifter
703 998 101 26 öfverhuf-

63 1026 40 20 vud
115 1027 36 18 äro
163 1026 43 24 föga
220 1025 97 26 lämpliga;:
335 1025 83 20 emedan
435 1025 35 20 det
483 1025 64 20 tillhör
563 1024 59 20 dessa
638 1026 29 18 att
683 1024 41 20 helt
738 1025 66 19 enkeit

62 1052 64 20 uttala:
137 1052 85 27 kyrkans
237 1054 31 17 tro
281 1052 45 19 icke
339 1052 48 20 dess
400 1052 92 25 vetande,
507 1052 39 19 och
555 1057 43 13 som
612 1050 17 26 ej
644 1052 62 18 heller
720 1055 83 16 nuntera

62 1078 30 21 för
107 1076 34 22 vår
155 1078 39 20 tids
208 1078 72 26 insigt
274 1072 9 36 i
291 1078 42 20 allo
343 1079 64 19 kunna
417 1078 89 20 befinnas
515 1078 146 25 vetenskapligt
675 1077 128 21 tillfrédsstäk-

62 1106 66 20 lande.
157 1106 66 19 Under
237 1105 35 19 det
285 1105 25 19 dé
328 1105 136 25 hufvudideer,
482 1110 45 14 som
545 1104 121 20 konstituera
681 1103 37 21 vär
730 1104 73 26 kyrko-

63 1133 51 19 läras:
127 1132 123 25 väsendtliga
264 1126 83 35 innehåll
359 1132 61 19 -hafva
435 1137 24 13 en
469 1130 117 20 fortfarande
601 1130 129 20 förbindande
744 1131 57 23 kraft,

64 1158 83 20 emedan
161 1158 25 19 Je
199 1158 22 19 så
236 1160 64 23 troget
313 1158 78 20 ansluta
406 1158 29 25 sig
450 1158 26 19 till
491 1157 76 20 bibelns
581 1159 48 23 egen
644 1157 46 24 lära,
706 1156 38 20 kan
757 1162 46 14 man

64 1185 46 20 icka
124 1185 112 19 tilterkänna
251 1190 76 14 :samma
341 1184 87 26 giltighet
442 1184 20 19 ät
476 1184 35 19 alla
525 1184 25 18 de
559 1183 89 20 enskilda
662 1184 80 25 uttryck
757 1184 48 19 eller

64 1210 169 26 framställningar,
251 1212 5 18 i
270 1211 65 23 hvilka
345 1211 61 19 dessa
420 1210 54 20 idéer
487 1208 63 22 blifvit
563 1209 91 20 affattade
668 1210 37 18 och
719 1210 84 24 utförda,

64 1239 40 19 och
118 1243 44 14 som
177 1238 5 18 i
201 1231 79 37 mycket
291 1231 50 37 bära
356 1237 62 19 vittne
432 1242 33 14 om
478 1237 39 19 den
530 1236 40 20 tids
583 1236 97 19 särskilda
693 1236 74 19 brister
779 1235 25 21 då

64 1264 26 20 de
103 1263 98 26 uppstått;
224 1264 130 19 fastmera:är
367 1263 34 20 det
415 1269 23 13 en
456 1263 67 19 städse
536 1262 80 26 förnyad
634 1262 76 25 uppgift.
724 1262 30 19 för
767 1262 38 20 den

65 1290 101 21 lutherska
181 1290 76 26 kyrkar
269 1289 91 20 att-söka
371 1289 23 19 de
405 1290 32 18 för
446 1288 69 26 hvarje
529 1288 99 20 tidehvarf
640 1288 124 26 lämpligaste
774 1291 31 16 ut-

65 1317 60 26 tryck
138 1317 39 19 ooh
191 1316 147 26 följdriktigaste
359 1316 134 25 utvecklingar
506 1315 21 19 af
537 1315 42 19 den
598 1314 102 20 lutherska
718 1314 87 26 kyrkans

65 1342 199 27 grundåskådningar,
275 1342 145 21 medan..dessa
434 1342 91 24 förblifva
538 1341 101 20 Jesamma
653 1346 44 14 som
711 1341 25 20 de
746 1340 57 20 varit.

65 1369 151 21 Mel-afseende
230 1369 47 20 härä
292 1370 57 19 heter
360 1369 34 20 det
410 1369 7 18 i
430 1368 205 26 kyrkolagsförslaget,
650 1369 29 18 :att
692 1366 38 21 vår
742 1367 63 28 kyrka

67 1395 99 21 bekänner
182 1395 33 26 sig
231 1395 27 20 till
275 1395 38 22 Jen
333 1395 209 26 wgrunduppfattoing»
558 1394 22 19 af
594 1393 38 21 den
653 1393 63 26 heliga
735 1393 70 20 skriitö

68 1423 50 23 lära,
129 1422 68 20 soma:
187 1415 10 37 i
209 1422 38 21 ala
260 1422 26 19 Je
303 1421 82 21 nämnda
405 1421 89 25 symbola
509 1420 64 20 finnes
590 1420 82 20 uttalad:
685 1429 28 10 +
726 1419 83 25 Härige-
