1009 1745
199 130 30 32 920
431 133 69 22 Nädiga
515 134 138 22 Propositionen
667 133 35 17 N:o
719 133 16 16 6

202 184 32 19 vid
252 183 157 19 bestämmandet
429 183 20 18 af
467 183 25 19 de
513 183 144 24 mantalsdelar,
673 188 43 13 som
731 187 70 20 genom
817 182 129 25 styckningen

202 210 130 25 uppkomma,
352 209 141 19 företrädesvis
508 211 28 17 ett
550 209 87 24 lämpligt
651 209 162 19 decimalsystem
828 208 21 19 af
862 208 84 19 hundra-

202 236 78 19 dedelar
295 235 100 24 iakttages,
412 235 51 19 helst
478 235 159 20 mantalsskatten
652 235 63 18 hvilar
729 240 24 19 på
764 234 100 20 enahanda
874 235 70 24 grund.

202 263 42 18 Men
259 264 55 17 utom
328 261 104 26 styckning
446 261 20 19 af
478 261 63 20 denna
555 261 136 20 beskaffenhet
706 261 65 19 kunde
786 260 159 25 jordafsöndring

203 288 80 21 sålunda
303 287 110 26 medgifvas
432 290 28 16 att
480 294 71 19 egaren
571 288 20 19 af
611 293 23 14 en
655 287 94 20 frånskild
770 287 76 20 mindre
865 286 81 25 jordlott

203 315 63 20 skulle
283 315 26 19 till
327 315 168 25 stomiägenheten
513 314 63 19 betala
591 315 42 18 viss
647 313 50 26 årlig
711 314 69 25 afgäld,
797 313 68 20 såsom
879 312 68 27 bidrag

204 342 24 19 till
251 341 88 19 skattens
360 340 113 25 utgörande.
505 341 37 20 Vid
563 341 62 19 denna
643 339 158 26 jordafsöndring
815 340 57 19 torde
886 340 58 25 dock,

203 368 118 19 åtminstone
339 367 4 19 i
361 367 76 25 början,
456 370 28 17 ett
502 369 50 18 visst
569 366 81 21 område
669 367 47 20 böra
730 367 5 19 i
750 367 105 19 allmänhet
869 366 77 26 stadgas

203 394 67 20 såsom
291 394 33 19 Jet
344 394 70 19 minsta
434 394 41 19 för.
485 393 68 26 hvarje
570 393 70 20 afskild
656 392 88 26 jorulott,
764 393 63 20 ehuru
844 399 25 14 en
886 392 60 21 sådan

203 421 124 24 bestämning
343 420 37 19 kan
397 420 59 19 blifva
473 419 132 26 öfvergående
622 421 38 18 och
675 420 104 25 försvinna,
796 420 4 18 i
815 419 31 19 fall
861 420 86 18 erfaren-

203 448 60 19 heten
283 447 53 18 visar
355 449 28 16 att
402 445 63 26 någon
487 447 54 26 dylik
557 448 58 23 gräns
633 445 17 26 ej
668 446 97 25 behöfves
782 446 48 19 eller
847 446 99 19 medförer

204 475 61 18 nytta.
510 484 2 2 ;

216 480 14 20 :
257 500 6 19 I
277 500 142 25 sarnnianhang
434 499 81 20 härmed
529 499 58 20 hafva
603 499 54 20 vissa
672 494 69 36 tillägg;
761 494 102 36 angående
879 499 69 19 iaktta-

203 527 65 25 gelser
284 525 31 20 -vid
326 525 150 20 .hemmansdels
496 525 118 26 upplåtande
635 525 63 20 under
716 524 111 27 'nyttjorätt,
847 525 100 20 hefunnits

203 553 91 25 lämpliga.
311 555 28 17 att
354 552 110 24 meddelas,
483 553 30 18 för
530 554 27 17 att
573 552 28 19 till
617 551 77 20 enskill
710 553 38 18 och
765 552 70 19 allmän
854 551 94 20 säkerhet

204 579 45 26 fylla
263 579 38 19 Jen
314 578 87 26 gällande
415 579 154 25 lagstiftningens
584 579 72 19 brister
672 579 4 19 i
691 579 74 20 ämnet.

258 604 26 20 På
304 605 59 20 dessa
383 605 85 24 grunder
489 606 35 18 har
542 605 60 19 Hans
619 603 133 27 Kejserliga
769 603 109 26 Majestät
897 605 51 19 velat

205 631 70 20 föreslå
290 631 167 20 Landtständerna
471 634 34 22 att,
521 631 46 20 med
581 631 82 25 ändring
677 631 20 19 af
709 631 12 20 9
736 631 10 25 $
760 632 13 18 4
785 631 85 25 Kapitlet
880 631 68 19 Jorda-

205 658 75 23 balken,
296 660 67 22 antaga
378 657 82 24 följande
474 657 129 26 stadganden:

555 710 42 24 SA.

260 745 35 20 Vill
312 751 59 20 egare
387 747 21 18 af
423 745 122 20 storskiltalt
560 745 69 19 frälse-
642 745 46 20 eller
703 745 157 20 skattetiemman
874 745 26 20 till
916 751 32 14 an-

205 777 37 14 nan
259 771 94 20 öfverläta
370 771 63 26 någon
448 771 54 25 jord,
521 772 30 18 för
567 773 28 17 att
609 771 67 20 såsom
691 771 153 25 sjelfbestäende
858 771 90 26 lägenhet

207 798 44 19 med
272 797 113 20 omedelbar
405 797 165 26 skattskyldighet
590 797 25 20 till
636 797 77 20 Kronan
734 803 47 20 egas
801 798 38 19 och
856 799 90 24 besittas,

207 830 47 13 vare
274 824 36 19 han
330 824 25 19 till
377 823 60 20 sådan
457 824 104 26 styckning
582 824 117 25 berättigad,
722 824 36 19 ifall
777 823 170 26 stomlägeriheten

206 851 43 19 icke
265 850 88 20 minskas
371 850 62 20 under
449 850 38 20 den
507 851 45 19 vidd
566 850 129 25 kungörelsen
709 851 20 19 af
741 850 38 20 den
794 851 8 19 4
819 851 53 19 Mars
887 849 58 25 1852;

206 875 99 27 angående
312 871 10 36 :
322 876 199 26 hemmansklyfning,
541 878 5 17 i
565 877 53 19 1:sta
633 876 37 20 och
685 876 46 20 7:de
745 879 136 17 momenterne
895 876 52 20 stad-

206 908 36 20 gar
257 902 68 20 såsom
342 903 63 19 vilkor
422 903 29 19 för
468 903 135 25 besuttenhet,
623 905 51 17 samt
691 908 32 14 om
740 903 37 19 den
794 902 82 20 afskilda
890 903 56 19 delen

206 929 58 19 tillika
275 929 114 25 "innefattar,
395 928 21 20 så
431 932 42 16 stor
486 928 97 27 egorymd
597 930 38 18 och
650 928 22 20 så
687 928 101 20 beskaffad
801 929 58 19 mark
871 932 28 16 att
909 929 38 19 den

207 960 71 20 genom
298 955 106 26 uppodling
421 956 36 19 kan
475 958 45 17 utan
537 955 102 26 svårighet
654 956 80 25 bringas
751 956 27 19 till
795 955 101 20 enahanda
912 956 36 19 be-

207 982 106 19 suttenhet.
346 982 54 19 Dock
418 981 31 20 må
467 987 46 20 egor
531 983 44 24 icke
591 982 86 25 tilläggas
693 982 63 26 dylikt
772 984 43 24 nytt
832 983 93 19 hemman
942 982 4 19 i

206 1008 47 19 flera
270 1010 23 17 än
310 1011 31 17 tre
358 1008 94 20 särskilda
469 1008 81 25 skiften,
566 1007 17 26 ej
599 1009 60 19 heller
673 1008 119 20 annorlutida
806 1009 25 19 än
845 1011 27 17 att
886 1011 62 17 stom-

207 1035 125 24 lägenhetens
355 1035 37 19 och
411 1035 38 20 den
469 1035 82 20 afskilda
570 1035 67 20 delens
657 1036 69 19 mantal
747 1035 65 20 kunna
832 1036 5 18 i
858 1035 89 25 lämpliga

207 1060 48 19 bråk
271 1061 52 19 helst
337 1061 20 19 af
369 1061 156 20 hundradedelar
538 1063 91 18 utsättas.

557 1114 43 25 $2.

260 1149 67 19 Kunna
345 1149 102 26 utskylder
464 1150 38 19 och
519 1150 61 19 andra
597 1155 59 14 onera
673 1149 44 20 icke
733 1151 68 24 genast
819 1149 37 20 den
871 1155 38 20 nya
922 1150 27 19 lä-

207 1176 97 23 genheten
318 1175 56 26 ålägg
387 1181 16 18 s,
420 1175 31 20 må
466 1176 121 25 sakegarene
601 1176 30 25 sig
641 1177 81 18 emellan
731 1175 174 21 öfverenskomma
914 1182 33 13 om

209 1202 53 19 vissa
278 1201 101 26 frihetsår,
398 1202 62 19 under
474 1203 65 19 hvilka
554 1199 34 24 alla
602 1202 65 26 dylika
682 1203 72 19 besvär
769 1202 46 20 böra
831 1202 42 19 från
888 1205 61 17 stom-

208 1228 114 24 lägenheten
336 1229 85 26 utgöras.

555 1281 43 24 $3.
930 1304 4 4 .

260 1316 115 25 Jordegare,.
393 1322 44 14 som
451 1316 94 21 åstundar
558 1318 105 25 styckning
677 1318 20 19 af
709 1318 114 19 förenämnd
837 1318 111 20 beskaffen-

207 1342 40 25 het,
263 1342 38 20 låte
316 1343 85 26 marken:
411 1344 20 18 af
443 1344 129 20 lanltmätare
586 1344 25 25 pä
625 1345 55 19 karta
694 1344 75 24 affatta;
781 1344 40 20 och
829 1344 46 20 skall
886 1344 62 20 landt-

208 1370 87 19 mätaren
312 1370 57 20 tillika:
385 1370 71 24 afgifva
473 1370 98 20 utlåtande
588 1376 32 14 om
641 1371 89 19 delarnes
750 1371 127 19 besuttenhet
896 1373 51 17 samt

206 1396 51 20 efter
273 1395 63 21 skedd
353 1396 138 20 klassifikation
509 1396 70 21 föreslå
594 1398 51 19 huru
659 1397 81 27 mycket
753 1398 20 19 af
785 1397 38 20 den
838 1398 109 26 ostyckäle

206 1423 126 25 lägenhetens
349 1423 70 19 mantal
437 1424 37 18 och
492 1424 53 19 skatt
558 1424 35 19 bör
607 1424 97 20 hvardera
717 1424 56 20 delen
788 1421 80 23 äsättas.
899 1425 48 19 Der-
