1009 1792
418 330 28 32 5.

268 440 66 22 Hans
350 440 155 33 Kejserliga
517 440 136 27 Majestäts
663 440 84 29 Nädiga
757 441 50 22 Pro-

202 468 95 29 position
315 468 37 22 till
370 468 103 22 Finlands
488 468 100 27 Ständer,
603 468 58 23 huru
676 469 38 23 vid
728 469 78 23 ansök-

199 497 56 27 ning
274 503 34 16 om
323 496 83 28 lagfart
421 494 13 24 ä
449 496 45 23 fast
509 496 105 28 egendom
628 496 97 24 förfaras
740 497 66 27 skall,

199 524 28 23 dä
243 524 113 24 sökanden
371 526 21 26 ej
404 524 47 23 kan
460 524 54 23 fullt
523 524 81 29 styrka
613 524 35 23 sin
657 525 149 23 företrädares

198 552 98 23 ätkomst
311 552 36 23 till
361 553 140 27 egendomen.

118 608 46 19 Förr
182 612 25 16 än
224 608 70 26 lagfart
310 608 10 20 ä
336 608 100 26 jordaföng
453 607 93 25 beviljas,
564 608 37 20 bör
618 608 109 25 sökanden,
746 608 60 25 enligt

63 634 119 26 stadgandet
202 634 5 20 i
228 634 136 26 Förklaringen
385 634 38 20 den
444 636 25 19 14
488 634 38 25 Maj
548 635 63 24 1805,
631 634 128 26 ovilkorligen
777 634 28 20 för

62 660 112 20 domstolen
193 662 86 24 uppvisa
298 662 26 19 de
344 661 128 26 handlingar,
495 666 44 14 som
560 661 69 26 styrka
650 661 52 19 förre
722 666 84 21 egarens

62 686 88 21 åtkomst
172 687 27 19 till
224 687 123 26 fastigheten.
383 688 68 19 Denna
471 687 100 20 föreskrift
591 688 37 19 har
648 686 73 28 åsyftat
740 690 64 17 större

60 714 95 26 trygghet
172 713 5 19 i
192 713 188 25 jordbesittningen,
397 719 46 14 men
458 714 59 19 äfven
532 714 85 20 medfört
631 714 109 25 olägenhet,
757 715 47 18 enär

61 740 94 24 lagfarten
171 740 82 20 sålunda
268 740 64 25 gjorts
346 739 79 26 omöjlig
440 741 5 18 i
460 740 35 20 alla
510 740 25 19 de
548 740 37 24 fall,
597 740 25 20 då
631 740 69 26 nödiga
709 740 96 20 åtkomst-

60 766 114 26 handlingar
190 766 42 25 gått
248 766 98 20 förlorade
364 772 70 20 genom
449 766 169 26 olyckshändelse,
635 766 47 20 eller
697 766 29 19 för
740 772 64 14 annan

60 794 60 19 orsak
137 792 18 25 ej
173 793 77 19 kunnat
266 793 21 19 af
302 793 183 25 lagfartssökanden
502 792 147 20 omhänderfås.
678 793 37 19 För
732 795 29 17 att
777 793 28 19 af-

60 818 45 26 böja
121 819 66 20 denna
204 819 105 26 olägenhet
326 819 58 19 hafva
401 818 61 26 några
481 820 109 18 domstolar
604 818 93 20 stundom
711 819 41 19 valt
766 818 39 21 den

60 848 70 23 utväg,
150 848 28 17 att
194 851 72 21 genom
284 845 129 27 kungörelser
428 846 5 18 i
447 846 78 19 landets
539 845 89 20 officiella
644 845 97 25 tidningar
755 851 50 20 upp-

60 877 57 15 mana
134 872 56 24 dem,
210 877 43 15 som
271 878 48 15 anse
337 872 28 26 sig
380 872 94 26 befogade
489 872 27 20 till
532 871 81 20 klander
626 871 21 20 af
660 876 24 14 en
700 870 61 21 sådan
776 871 28 20 åt-

59 898 76 25 komst,
155 902 28 16 att
200 898 111 21 detsamma
328 900 53 19 inom
400 898 42 20 viss
456 898 87 27 förelagd
556 898 28 20 tid
599 898 29 19 för
642 898 70 19 Rätten
726 898 77 20 anmäla

59 926 37 19 och
110 925 70 20 utföra.
211 925 69 27 Dylika
294 925 90 26 åtgärder
399 925 57 20 hafva
472 925 51 20 dock
538 925 71 19 saknat
622 924 44 20 stöd
680 924 20 20 af
712 925 91 25 gällande

59 953 30 25 lag
103 951 38 20 och
156 951 141 26 författningar,
313 952 93 20 hvarföre
421 952 62 19 Hans
497 950 134 26 Kejserliga
645 949 119 26 Majestät,
777 951 26 20 till

58 981 29 17 att
106 977 85 26 afhjelpa
211 978 65 20 denna
298 979 62 24 brist,
382 978 54 19 velat
453 979 27 19 till
497 977 179 21 Landtständernas
694 977 109 26 antagande

58 1004 71 21 föreslå
144 1004 84 26 följande
242 1005 132 26 stadganden:

407 1057 10 26 $
432 1059 17 18 1.

112 1090 28 20 Då
157 1091 69 25 lagfart
242 1091 59 19 sökes
318 1089 11 20 å
344 1089 54 26 jord,
417 1089 38 20 hus
472 1090 38 20 och
527 1089 69 26 grund,
613 1088 24 26 på
651 1089 67 20 landet
732 1089 51 20 eller
798 1090 4 18 i

58 1117 77 24 staden,
151 1117 38 20 och
204 1117 100 20 sökanden
319 1116 17 25 ej
351 1117 58 25 gitter
424 1117 150 24 vederbörligen
588 1115 69 26 styrka
670 1115 133 20 företrädares

58 1144 70 25 lagliga
145 1143 96 25 åtkomst,
257 1143 35 20 'mä
310 1143 118 23 domstolen,
447 1143 51 20 efter
515 1142 88 26 pröfning
620 1143 22 18 af
656 1141 54 21 hvad
731 1142 69 20 derom

59 1177 23 13 ur
98 1169 147 28 kyrkoböcker,
265 1169 165 25 mantalslängder
448 1171 46 18 eller
514 1168 117 21 annorledes
652 1169 82 20 utredas
755 1169 43 23 kan,

58 1203 71 20 genom
146 1197 116 26 kungörelse
280 1197 6 20 i
300 1196 75 20 landets
389 1196 95 20 allmänna
499 1195 87 20 svenska
601 1195 38 19 och
653 1194 64 29 finska
731 1195 71 19 tidnin-

58 1229 34 20 gar
110 1223 95 26 förelägga
223 1223 55 24 dem,
298 1229 42 14 som
359 1222 44 20 med
422 1223 43 20 stöd
482 1222 20 20 af
515 1222 64 19 bättre
593 1223 39 18 rätt
647 1221 45 25 vilja
707 1221 93 26 lagfarten

60 1250 77 24 hindra,
157 1252 27 17 att
201 1251 29 18 sin
247 1251 52 18 talan
316 1249 33 20 vid
366 1249 110 20 domstolen
493 1248 64 20 utföra
575 1248 38 19 och
627 1247 97 26 stämning
738 1247 62 20 dertill

64 1278 64 24 uttaga
143 1276 41 20 före
199 1277 41 19 viss
255 1279 61 17 utsatt
329 1276 37 25 dag
380 1275 49 20 efter
444 1278 41 17 natt
499 1275 37 19 och
552 1273 29 20 år.

408 1329 10 24 s
432 1329 18 18 2.

115 1361 104 20 Sökanden
236 1361 39 20 låte
292 1361 129 25 kungörelsen
439 1361 4 18 i
461 1360 121 25 tidningarne
599 1362 30 16 tre
645 1359 73 25 gånger
732 1358 71 19 införas

62 1387 20 20 så
103 1387 67 26 tidigt,
192 1390 28 17 att
237 1390 41 17 natt
294 1388 39 19 och
350 1387 21 20 år
388 1387 20 20 af
423 1386 135 20 klandertiden
575 1385 93 24 återstår,
688 1385 60 19 sedan
765 1384 37 19 den

61 1415 53 18 varit
130 1414 62 24 tredje
209 1413 75 25 gången
302 1414 35 19 der
354 1413 150 24 offentliggjord.
536 1413 127 18 Försummar
684 1412 37 18 han
741 1411 59 22 Jetta,
