1011 1792
206 131 22 18 68
434 131 71 22 Nådiga
517 132 140 21 Propositionen
669 131 37 17 N:o
717 132 18 16 3.

207 179 93 20 utfående
317 180 43 19 icke
378 180 104 20 meddelad
500 186 32 13 om
549 180 122 24 egendomen
688 180 30 18 för
734 179 54 25 gäld,
803 180 83 19 arrende
901 180 48 19 eller

206 206 78 26 sytning
305 206 60 20 redan
386 206 104 20 intecknad
509 208 30 17 är.
570 206 83 26 Sytning
670 206 5 18 i
693 206 114 25 penningar,
827 211 58 14 varor
901 206 48 19 eller

207 232 112 24 afkastning
340 232 42 20 från
402 232 42 24 jord
465 232 33 20 må
519 232 28 19 för
565 233 182 25 sytningstagarens
764 232 53 25 gäld,
836 232 35 19 der
887 237 62 14 annan

206 258 82 26 tillgång
306 260 5 18 i
328 259 78 19 lösören
424 258 17 26 ej
459 258 73 26 finnes,
549 258 45 20 med
609 258 93 25 qvarstad
717 258 93 26 beläggas
824 258 38 19 och
875 258 74 26 årligen

207 286 4 17 i
226 286 41 18 mät
280 284 32 26 gå.

551 337 14 26 S
578 338 20 19 2.

261 375 114 20 Öfverlåtes
389 375 43 26 jord
446 377 28 18 till
489 382 36 20 ego
539 375 63 20 under
615 375 64 20 vilkor
694 375 20 19 af
726 375 90 20 framtida
830 375 121 26 äktenskaps

208 401 104 26 ingäende,
330 402 46 19 eller
391 403 46 18 med
452 403 73 25 beting,
541 407 42 14 som
598 405 35 22 gör
647 401 75 26 inträng
737 402 5 18 i
756 401 63 25 tredje
834 407 56 14 mans
904 404 44 23 rätt,

207 433 48 15 vare
274 428 140 20 öfverlåtelsen
428 429 52 24 ogild
495 429 37 19 och
547 429 69 24 lagfart
630 428 47 20 derä
692 427 16 25 ej
723 427 81 21 tillåten.
833 429 39 18 Har
887 429 65 19 öfver-

207 454 63 21 lätare
291 454 112 21 förbehällit
420 455 29 26 sig
465 456 48 19 eller
530 461 61 14 annan
608 457 29 17 att
653 455 4 19 i
675 455 105 20 framtiden
796 456 30 19 för
843 456 51 19 visst
911 457 41 24 pris

208 481 49 26 eller
274 484 54 24 emot
345 481 61 20 andra
424 481 62 20 vilkor
500 481 101 20 ätervinna
614 482 128 24 egendomen,
758 487 48 14 vare
820 482 32 24 lag
867 487 84 15 samma.

208 508 26 19 Är
249 507 65 26 dylikt
328 507 228 26 ätervinningsförbehäll
571 508 125 19 härförinnan
711 507 71 26 gjordt,
798 508 36 19 bör
847 508 46 24 den,
909 515 43 14 som

210 534 33 19 vill
259 534 34 19 det
306 534 142 25 tillgodonjuta,
464 535 56 20 innan
534 533 98 27 utgången
647 535 20 19 af
678 534 22 20 är
716 534 52 20 1865
782 535 48 19 söka
841 535 112 26 inteckning

210 561 6 18 i
233 561 118 24 lägenheten
369 561 38 20 och
425 561 114 20 sedermera
557 563 5 18 i
576 561 43 25 laga
635 561 81 46 ordning
730 561 101 26 förnyelse
845 561 61 26 deraf,
922 563 34 19 allt

211 587 32 19 vid
258 588 95 26 äfventyr
366 590 29 17 att
408 587 117 20 förbehället
539 587 57 26 eljest
609 589 22 18 är
645 590 46 17 utan
718 587 39 20 kraft
770 587 38 20 och
822 587 82 26 verkan,

555 641 10 26 $
579 642 19 19 3.

264 679 39 20 Har
318 679 33 19 vid
365 679 233 25 fastighetsöfverlåtelse
613 682 59 17 annat
686 679 70 20 sådant
770 679 64 27 vilkor
848 679 64 20 blifvit
921 679 34 20 be-

208 705 84 25 tingadt,
309 711 43 14 som
367 705 18 25 ej
400 706 37 20 kan
452 707 82 24 lagligen
549 707 80 24 bringas
643 707 28 18 till
682 706 156 24 verkställighet,
850 712 48 14 vare
907 706 46 25 den,

210 737 43 14 som
272 733 6 18 i
296 732 96 19 vilkorets
409 733 120 26 fullgörande
547 733 82 22 brister,
649 733 77 25 skyldig
743 735 28 17 att
788 732 77 20 derföre
879 733 76 25 utgifva

209 759 111 24 ersättning
342 758 51 20 efter
413 759 45 26 thy,
480 765 43 14 som
541 759 34 20 vid
593 759 138 20 öfverlåtelsen
747 760 22 19 är
786 759 68 19 aftaldt
871 759 48 20 eller
936 760 21 18 af

210 784 73 19 Rätten
301 785 71 24 skäligt
389 786 91 25 pröfvas;
498 791 46 14 men
563 785 16 26 ej
597 784 32 21 må
647 786 29 19 för
691 785 37 20 slik
743 785 58 20 orsak
816 785 140 20 öfverlåtelsen

206 810 76 26 återgå.

555 865 10 26 $
579 867 20 18 4.

262 902 64 19 Dessa
340 901 122 29 stadganden
477 902 60 24 skola,
553 902 27 20 till
595 902 70 20 allmän
679 902 111 21 kännedom
811 902 38 20 och
866 904 89 19 efterrät-

210 928 62 28 telse
272 924 9 36 ,
289 928 64 19 under
373 928 70 24 hvarje
463 929 21 19 af
502 929 25 20 de
547 929 40 19 fem
608 929 60 19 första
690 928 48 20 åren
756 928 34 20 vid
803 929 152 27 häradstingens

210 954 67 24 början
292 954 37 20 och
344 960 24 14 en
384 954 52 26 gäng
450 955 5 19 i
469 955 97 26 kyrkorna
579 956 100 24 uppläsas.

421 1010 65 25 Enligt
499 1010 64 19 Hans
583 1008 130 27 Kejserliga
733 1002 125 34 Majestäts
879 1010 74 26 Nädiga

350 1035 118 25 befallning
465 1031 13 35 ,
493 1036 66 25 gifven
580 1036 6 19 i
607 1035 106 25 Tsarskoje
736 1037 46 19 Selo
805 1036 37 20 den
864 1037 24 19 13
911 1036 41 26 (25)

348 1062 45 19 Juni
408 1062 58 19 1863.
693 1077 4 3 a

473 1123 75 18 Alex.
561 1122 125 19 Armfelt.

679 1216 19 18 A.
712 1216 26 19 W.
751 1217 132 20 Wallensköld.
