1000 1823
577 105 9 16 x

269 138 72 23 Nädiga
352 140 139 23 Propositionen
503 141 37 17 N:o
552 140 28 19 12.
763 142 35 21 249

54 186 65 20 blifvit
132 186 94 27 iakttaget
240 188 5 20 i
259 188 34 20 det
306 182 71 40 förslag
390 189 29 20 till
434 190 95 26 strafflag,
544 196 45 14 som
605 190 76 27 nyligen
702 192 93 26 förelagts

53 214 94 29 Sveriges
161 214 91 20 Ständer.
266 210 10 37 :
281 215 33 19 Att
327 216 90 19 Komiten
430 216 57 20 likväl
505 216 87 20 förordat
609 223 24 13 en
651 217 61 20 sådan
728 218 67 21 bötes-

54 239 115 26 fördelning,
192 246 43 14 som
252 241 59 19 ofvan
329 242 104 25 nämndes,
452 243 97 25 nemligen
566 244 82 18 emellan
664 244 76 20 kronan
756 245 38 19 och

54 266 149 20 vederbörande
216 267 120 26 församling,
352 268 69 19 härrör
430 268 43 20 dels
483 270 22 18 af
511 269 25 19 de
545 268 130 26 svårigheter,
687 275 44 15 som
741 271 54 20 skul-

54 292 18 20 le
84 292 72 26 uppstå
171 292 33 20 vid
218 292 54 26 fråga
286 299 33 14 om
333 294 131 20 kommunens
478 295 111 20 ersättande
602 294 25 26 på
641 298 59 17 annat
713 298 39 18 sätt
765 298 30 19 för

53 318 95 20 förlusten
162 318 20 20 af
194 319 25 20 de
233 319 142 26 bötesandelar,
391 320 65 20 hvilka
471 327 25 13 nu
510 321 71 20 tillfalla
595 322 45 19 hela
650 322 83 20 härader
746 323 49 20 eller

52 345 73 25 städer,
142 346 48 20 eller
203 346 38 19 ock
258 346 172 25 församlingarnes
447 348 74 25 kyrkor
537 348 47 19 eller
601 348 135 26 fattigkassor,
751 349 43 21 dels

52 371 61 20 också
127 371 58 21 deraf
197 374 28 18 att
238 372 162 20 tillerkännandet
414 374 21 19 af
447 374 114 20 bötesandel
576 374 19 20 åt
610 380 24 14 en
648 375 31 19 hel
693 375 102 25 menighet

52 398 44 20 icke
108 398 40 20 kan
162 404 47 14 vara
224 399 38 19 lika
276 400 65 20 odiöst
354 400 30 19 för
397 400 34 20 det
440 401 96 19 allmänna
546 401 147 25 medvetandet,
708 394 30 36 som
752 394 43 36 till-

52 425 107 20 skiftandet
173 426 20 18 af
205 426 57 19 böter
275 425 20 21 åt
309 425 132 27 målsegande,
457 428 100 25 angifvare
571 428 39 19 och
627 427 98 27 offentlige
741 428 54 20 åkla-

51 457 55 20 gare.
134 452 30 19 De
178 452 96 20 särskilda
287 452 96 20 allmänna
398 453 133 26 inrättningar,
547 453 68 21 såsom
629 454 108 25 hospitaler
745 460 19 15 o.
776 460 17 15 s.

52 484 28 19 v.,
96 477 65 21 hvilka
176 484 27 14 nu
216 481 44 23 taga
274 479 31 20 del
320 479 6 19 i
341 479 62 26 böter,
419 479 62 21 borde
495 481 97 25 lätteligen
606 480 65 20 kunna
685 481 20 19 af
719 481 75 20 kronan

52 504 24 26 pä
91 508 58 16 annat
163 507 39 18 sätt
215 505 104 26 godtgöras
333 506 30 19 för
377 506 41 19 sina
432 507 89 24 andelar,
537 507 52 20 helst
602 507 34 20 det
649 509 64 18 större
728 508 67 19 bötes-

52 531 81 26 belopp,
158 537 43 14 som
219 531 62 26 enligt
297 532 92 25 förslaget
406 533 65 20 skulle
487 533 70 20 tilifalla
574 533 80 24 kronan,
674 533 22 20 sä
713 534 84 25 mycket

52 563 55 14 mera
121 558 62 19 borde
198 564 48 14 vara
261 559 62 19 dertill
339 559 116 25 tillräckligt,
472 565 43 13 som
529 560 94 19 böternas
638 560 88 19 storlek
722 554 12 34 i
740 559 55 20 män-

52 589 25 20 ga
91 584 31 20 fall
136 584 57 20 torde
207 584 80 20 komma
301 586 28 17 att
343 585 110 25 ansenligen
467 585 85 21 förökas.
582 585 58 20 Hvad
654 586 94 20 särskilät
761 586 34 20 be-

52 610 67 20 träffar
132 611 26 19 de
178 610 99 27 offentlige
298 610 125 27 äklagarene,
440 611 28 26 (ät
483 612 66 20 hvilka
565 611 90 20 Komiten
673 611 22 20 sä
714 612 81 26 mycket

52 637 62 20 hellre
129 637 64 20 skulle
206 643 52 14 unna
272 637 102 25 tillräcklig
387 637 96 26 inkomst,
499 643 44 14 som
557 638 112 25 desamma,
685 639 58 24 enligt
757 639 39 19 Ko-

52 663 72 20 miténs
138 663 51 26 åsigt
205 663 37 20 och
258 663 78 25 jemlikt
352 663 129 20 förhållandet
498 664 5 19 i
520 664 61 20 andra
598 664 76 24 länder,
693 665 102 24 rätteligen

52 689 63 21 borde
128 695 48 14 vara
190 689 114 26 lagkunnige
319 690 38 19 och
371 690 77 19 bildade
462 690 110 25 personer),
589 689 22 20 så
625 690 62 20 borde
695 691 50 19 intet
754 691 42 20 hin-

53 715 37 21 der
108 719 53 16 möta
178 716 59 20 deras
255 715 112 21 ersättande
384 715 25 26 på
427 719 58 17 annat
501 718 39 19 sätt
557 717 29 19 för
606 716 25 20 de
650 717 144 26 bötesandelar,

53 743 65 20 hvilka
133 743 79 19 komme
226 746 27 17 att
267 741 69 27 frångå
350 743 52 24 dem,
419 744 47 18 enär
480 743 81 24 kronan,
577 747 45 15 som
636 743 61 20 skulle
707 743 88 26 uppbära

53 768 60 21 dessa
127 769 88 22 andelar,
231 769 78 20 derföre
323 769 61 20 också
398 769 99 25 lätteligen
511 769 63 20 borde
586 769 67 20 kunna
667 770 6 18 i
687 770 109 25 ersättning

54 795 30 20 för
97 796 102 20 desamma
216 796 71 19 tilldela
304 795 119 26 åklagarene
439 795 153 26 löneförhöjning
609 795 5 20 i
631 795 121 20 förhållande
768 796 27 21 till

54 821 38 22 den
107 822 92 25 mistning
213 828 24 14 en
251 823 50 18 hvar
315 822 20 19 af
347 822 45 19 dem
402 822 81 19 komme
497 825 28 16 att
539 821 107 20 vidkännas

108 847 122 21 Beträffande
243 849 93 19 böternas
350 848 105 25 uttagande
469 850 37 18 hos
519 849 37 19 den
571 847 93 26 sakfälde,
681 848 36 19 har
731 848 66 20 Komi-

54 875 39 24 tén,
110 875 46 19 med
171 875 123 20 vidhällande
309 874 20 20 af
341 875 25 19 de
380 875 4 18 i
401 875 10 18 7
427 875 37 19 och
481 875 12 19 8
511 875 21 25 $$
549 875 11 20 5
577 874 47 27 kap.
653 874 144 22 Straff-balken

54 901 86 21 uttalade
155 901 136 26 grundsatser,
307 905 51 16 samt
372 901 39 19 den
425 901 6 19 i
445 901 67 26 Kongl.
528 901 79 20 brefvet
619 901 38 20 den
672 901 24 20 29
711 901 86 20 Novem-

54 929 35 19 ber
105 929 51 19 1744
170 928 92 20 deröfver
275 928 50 25 gifna
340 928 115 25 förklaring,
471 927 108 25 föreslagit,
595 930 28 17 att
636 926 69 26 hvarje
721 928 28 19 till
763 928 35 19 bö-

54 958 31 17 ter
99 954 58 20 dömd
173 960 71 20 person
258 954 62 20 borde
334 954 89 25 antingen
437 956 77 24 erlägga
531 954 45 20 fulla
593 954 159 26 bötesbeloppet,
771 955 27 19 el-

55 982 29 20 ler
97 981 45 25 ock,
161 981 34 19 vid
213 980 100 20 bristande
329 980 79 26 tillgång
425 980 72 26 derill,
516 981 6 19 i
539 981 65 19 stället
621 980 87 25 undergå
725 983 74 17 arrest-

55 1008 59 20 straff
125 1008 29 19 för
169 1008 38 23 allt;
224 1008 38 18 och
275 1007 63 20 skulle
352 1007 88 19 hvarken
454 1008 135 25 förbrytarens
603 1007 92 25 fastighet
712 1008 47 18 eller
773 1006 26 20 de

56 1035 30 19 för
100 1035 49 19 hans
163 1034 104 26 uppehälle
281 1033 155 26 nödvändigaste
450 1034 79 20 lösören
541 1032 19 21 få
574 1036 55 23 tagas
643 1034 5 18 i
662 1034 41 18 mät
721 1034 30 19 för
764 1033 34 19 bö-

56 1064 37 16 ter.
122 1061 90 19 Komitén
226 1061 37 19 har
275 1060 97 26 nemligen
386 1063 65 17 ansett
464 1060 59 20 dessa
537 1060 127 25 grundsatser
678 1065 48 14 vara
743 1065 55 14 mera

56 1086 205 21 öfverenstämmande
275 1087 45 20 med
334 1086 52 21 både
399 1088 108 18 rättvisans
521 1086 39 20 och
574 1086 169 20 statsklokhetens
759 1086 40 20 for-

56 1114 83 26 dringar,
156 1116 24 18 än
194 1114 38 20 den
247 1114 82 25 princip,
346 1118 43 15 som
394 1108 12 36 i
404 1113 43 19 ett
461 1119 35 19 par
505 1113 93 25 speciella
607 1112 133 26 författningar
749 1112 50 26 lagts

57 1142 25 18 till
98 1141 63 25 grund
175 1141 30 19 för
218 1140 149 25 ifrågavarande
380 1141 65 23 ämne,
461 1140 98 25 nemligen
574 1142 28 16 att
616 1139 55 19 böter
688 1139 63 20 borde
768 1141 31 17 ut-

56 1170 56 22 tagas
125 1167 43 20 från
183 1167 37 19 den
235 1166 100 20 sakfäldes
350 1166 95 25 egendom
459 1166 5 19 i
478 1166 52 20 både
545 1166 38 20 löst
597 1166 37 18 och
651 1166 40 19 fast
707 1165 22 21 så
746 1164 53 26 långt

57 1192 77 27 tillgång
152 1194 78 24 funnes,
249 1196 51 16 samt
316 1192 71 21 endast
403 1192 29 20 för
449 1192 34 20 det
498 1191 134 25 återstående,
652 1192 47 20 eller
717 1191 82 29 sålunda

56 1220 44 19 icke
113 1220 104 24 utgående,
233 1219 92 26 beloppet
348 1218 26 20 till
389 1222 60 16 annat
463 1218 58 20 straff
531 1218 108 21 förändras,
667 1218 51 20 Från
732 1219 68 18 rättvi-

57 1252 47 14 sans
118 1246 121 25 ståndpunkt
253 1251 61 21 synes
329 1245 34 20 det
376 1245 96 25 nemligen
483 1250 46 14 vara
539 1244 201 26 af-hufvudsakligare
749 1244 48 25 vigt,

57 1275 29 17 att
99 1272 125 26 förbrytaren
241 1272 37 20 blir
295 1272 50 20 efter
358 1271 84 20 brottets
459 1272 73 19 storlek
551 1270 89 25 straffad,
659 1276 49 14 vare
724 1270 31 24 sig
772 1272 28 18 att

58 1298 76 20 straffet
147 1301 23 17 är
184 1299 56 19 böter
254 1299 48 19 eller
315 1298 92 25 fängelse,
423 1299 23 18 än
461 1300 28 17 att
502 1298 56 19 böter
572 1297 119 25 nödvändigt
701 1296 53 21 skola
765 1302 34 14 an-

59 1326 81 24 vändas,
157 1326 62 18 fastän
233 1328 28 16 ett
275 1324 45 20 med
336 1324 59 20 dessa
409 1324 126 26 likagällande
551 1323 130 25 frihetsstraff
695 1323 58 25 enligt
770 1322 29 26 lag

60 1352 36 20 kan
110 1352 30 19 för
153 1352 81 19 böterna
249 1352 139 19 substitueras.
406 1351 37 19 Det
457 1352 81 18 rättvisa
553 1350 4 19 i
572 1349 144 20 bötesstraffets
728 1350 71 18 använ-

60 1378 64 20 dande
137 1378 59 19 beror
209 1377 60 20 också
284 1377 133 26 väsendtligen
431 1376 64 26 deraf,
510 1379 28 17 att
554 1376 110 20 detsamma
682 1375 44 19 icke
743 1374 57 21 drab-

60 1405 36 19 bar
109 1405 38 19 den
161 1404 66 25 fattige
241 1410 55 14 mera
310 1403 62 25 svårt,
387 1406 24 17 än
425 1403 39 20 den
478 1404 109 24 förmögne.
615 1402 42 20 Men
666 1401 71 21 sådant
747 1400 53 21 skul-

60 1431 18 19 le
90 1430 43 26 just
147 1431 4 19 i
167 1437 23 13 en
205 1431 74 25 ganska
294 1430 38 25 hög
346 1430 46 26 grad
407 1429 84 26 inträffa,
510 1435 32 14 om
559 1429 55 25 lagen
631 1429 38 19 v
718 1430 28 45 n
762 1427 37 21 Jen
