1003 1798
414 335 29 35 9.

259 449 68 23 Hans
342 448 154 28 Kejserliga
505 448 138 33 Majestäts
654 446 84 30 Nådiga
748 447 50 24 Pro-

191 477 97 34 position
302 477 37 23 till
353 476 104 23 Finlands
468 477 100 27 Ständer,
579 476 113 29 angående
702 476 80 24 ändrin

191 512 9 17 I
213 506 62 23 vissa
290 506 62 23 delar
366 505 27 22 af
404 505 112 23 allmänna
530 505 78 29 lagens
621 504 121 29 stadgande
752 505 8 22 i
770 504 14 24 2

191 534 96 29 kapitlet
300 533 230 30 Byggninga-balken.

107 590 38 19 Det
165 590 46 19 med
232 590 68 25 lagens
321 589 108 25 stadgande
451 590 3 18 i
476 591 26 23 4,
522 590 11 19 5
552 590 39 18 och
608 589 12 19 6
637 588 21 26 $$
675 590 26 18 24
718 589 82 25 kapitlet

53 615 194 27 Byggninga-balken
260 616 83 20 afsedda
357 615 96 24 ändamäl,
469 618 29 17 att
510 621 72 20 genom
595 616 110 25 föreningar
718 616 83 20 härads-

54 642 31 19 vis
102 643 47 19 eller
166 642 55 20 inom
238 643 81 19 mindre
335 642 119 20 kommuner
474 642 74 20 bereda
569 642 231 25 lägenhetsinnehafvare

53 668 62 26 skälig
132 670 108 25 ersättning
257 670 29 18 för
303 669 51 20 lidna
371 670 93 18 förluster
481 674 72 20 genom
571 668 72 25 brand,
662 669 38 19 kan
717 674 83 15 numera

53 695 70 19 lättare
140 697 39 18 och
196 696 149 24 fullständigare
362 694 58 21 ernäs
438 701 70 20 genom
526 695 76 19 inträde
618 696 6 18 i
641 695 33 20 Jet
691 695 32 19 bolag
770 696 30 19 för

53 721 110 26 försäkring
184 725 41 17 mot
243 722 94 20 eldskada
353 723 22 19 af
389 722 115 26 byggnader
522 722 38 19 och
577 722 126 25 lösegendom
720 727 24 20 pä
759 722 42 20 lan-

52 747 43 26 det,
114 754 45 14 som
176 749 60 25 enligt
253 749 129 25 reglementet
399 748 20 20 af
434 748 38 20 den
486 750 25 18 20
526 748 89 20 Oktober
630 748 51 20 1857
695 748 63 20 blifvit
771 748 29 20 in-

53 775 74 20 rättadt
145 775 46 20 med
205 776 142 20 bestämmelse
361 778 27 16 att
402 774 81 21 omfatta
497 775 45 20 hela
556 775 85 19 Finland.
670 775 130 20 Innehafvare

52 802 21 19 af
86 802 102 25 egendom,
205 802 30 20 för
249 802 78 19 hvilken
342 801 107 20 brandstod
463 803 51 19 efter
528 801 84 20 berörde
628 801 70 25 kapitel
710 801 39 20 och
759 802 41 26 gäl-

53 827 57 21 lande
125 828 90 26 förening
230 829 54 19 inom
298 828 82 20 häradet
395 827 84 21 erhålles
494 829 37 19 och
546 828 82 24 betalas,
645 831 23 17 är
681 834 28 12 nu
719 828 81 20 berätti-

51 854 48 26 gal,
117 857 38 23 att,
172 858 36 16 när
222 855 38 19 han
275 855 28 19 för
318 855 29 25 sig
361 855 63 19 finner
438 854 34 20 det
485 854 145 26 förmänligare,
647 855 4 18 i
666 854 85 20 nämnde
766 855 34 19 all-

52 884 72 16 männa
143 882 57 25 bolag
218 882 91 19 försäkra
323 882 64 19 större
402 881 47 19 eller
464 881 77 20 mindre
554 880 32 20 del
600 882 21 18 af
633 881 35 19 sitt
681 880 57 26 gods.
767 882 33 19 Att

52 908 38 19 han
107 907 34 20 det
158 908 79 20 oaktadt
255 908 60 20 tillika
337 908 62 19 borde
421 907 88 21 förblifva
530 907 92 26 delegare
642 907 6 19 i
669 907 131 21 kommunens

53 934 209 25 brandstodsförening
279 935 35 18 har
332 934 98 20 befunnits
447 934 109 25 olämpligt,
574 934 93 19 hvarföre
682 933 63 21 denna
759 934 41 21 del-

52 960 88 26 aktighet
157 961 60 25 enligt
237 962 21 19 11
278 961 11 25 $
307 961 5 19 i
329 960 113 26 åberopade
459 961 124 25 reglemente
600 961 64 19 blifvit
680 961 20 19 af
712 961 86 20 nämnda

52 987 178 26 brandstodsbolag
246 988 121 26 ölvertagen.
399 988 112 25 Uppenbart
528 989 22 17 är
566 990 30 18 att
612 990 28 17 ett
659 986 69 21 sådant
742 988 58 19 förfo-

51 1014 75 26 gande,
144 1014 22 20 sä
185 1015 57 24 länge
259 1014 34 20 det
311 1020 47 19 eger
376 1013 93 27 bestånd,
488 1014 66 20 måste
574 1014 53 26 gifva
647 1014 103 26 anledning
772 1014 26 20 till

52 1040 124 26 vidlyftighet
193 1041 37 19 och
248 1042 154 24 förvecklingar;
420 1046 44 15 men
480 1041 34 19 det
527 1040 39 20 kan
581 1040 16 25 ej
612 1041 122 19 annorlunda
748 1040 52 20 åter-

53 1067 61 19 kallas
131 1070 25 16 än
173 1073 71 20 genom
262 1068 81 25 ändring
361 1067 20 19 af
397 1068 52 19 hvad
468 1067 129 20 förenämnda
613 1068 75 24 lagrum
709 1073 34 13 om
763 1068 37 19 alla

53 1094 105 18 hemmans
175 1094 118 24 deltagande
311 1094 6 19 i
335 1093 181 21 häradsbrandstod
533 1093 103 21 innehålla.
669 1094 63 19 Hans
749 1093 51 25 Kej-

52 1119 89 25 serliga
158 1119 111 26 Majestät
287 1122 35 18 har
337 1120 77 20 derföre
428 1122 52 18 velat
494 1120 72 20 föreslå
581 1120 167 20 Landtständerna
762 1123 35 22 att,

53 1146 46 19 med
111 1146 110 25 antagande
235 1147 20 19 af
268 1146 61 20 sådan
343 1147 149 25 lagförändring,
508 1146 63 20 måtte
585 1146 78 26 stadgas
673 1147 39 19 och
722 1146 75 20 förord-

53 1178 36 14 nas
103 1171 24 27 på
142 1174 45 23 sätt,
204 1178 45 14 som
264 1172 65 26 följer:

402 1227 10 25 $
428 1228 17 18 1.

106 1265 248 25 Hemmansinnehafvare,
373 1271 44 14 som
435 1265 60 26 ingått
512 1265 5 20 i
534 1265 35 21 det
585 1266 27 19 till
630 1266 110 26 försäkring
757 1269 42 16 mot

53 1290 93 21 eldskada
165 1292 20 19 af
201 1292 113 26 byggnader
331 1293 38 18 och
386 1292 129 26 lösegendom
532 1292 10 20 å
560 1292 68 20 landet
648 1292 97 20 inrättade
765 1292 34 20 all-

53 1319 70 18 männa
141 1318 66 26 bolag,
224 1324 48 14 vare
286 1318 86 20 derefter
387 1319 88 19 frikallad
490 1319 43 20 från
548 1318 137 27 skyldigheten
700 1322 34 22 att,
748 1318 51 26 Jem-

53 1344 35 20 likt
105 1346 12 18 4
135 1345 37 19 och
190 1346 11 18 5
218 1344 21 26 $$
257 1346 25 18 24
299 1345 81 25 kapitlet
397 1346 207 25 Byggninga-balken,
624 1346 107 20 brandstod
747 1346 52 20 inom

54 1370 83 21 häradet
151 1372 47 20 eller
213 1372 88 20 socknen
315 1372 74 25 betala,
406 1372 37 20 och
457 1371 54 26 njute
525 1372 18 26 ej
558 1372 62 20 heller
634 1374 39 18 rätt
687 1373 28 19 ätt
729 1372 71 20 brand-

55 1398 45 20 stod
114 1398 86 20 derifrån
214 1398 48 20 utfä.
292 1399 41 19 Den
348 1399 96 19 allmänna
458 1398 198 27 brandstodsbolaget
670 1400 4 18 i
690 1400 111 24 reglemen-

55 1426 27 17 tet
97 1424 20 19 af
129 1424 38 19 den
183 1425 24 18 20
221 1424 90 20 Oktober
325 1424 51 20 1857
391 1425 10 23 $
416 1426 22 17 11
455 1424 90 21 ähvälfda
560 1425 117 20 förbindelse
690 1428 28 16 att
733 1425 29 19 för
771 1425 25 20 de

692 1451 45 20 10”
