1003 1848
195 190 41 31 298
413 193 72 22 Nådiga
496 193 140 22 Propositionen
648 192 37 18 N:o
697 193 29 18 13.

201 245 66 24 afbön,
283 244 69 20 arbete
365 243 5 19 i
385 242 93 25 halsjern,
497 242 143 27 hudstrykning
654 243 21 19 af
686 241 64 26 bödel,
766 242 36 25 spö
816 241 39 20 och
864 241 35 25 ris,
909 247 34 20 ga-

202 272 67 25 tulopp
284 273 51 17 samt
349 269 92 26 mistning
458 270 20 18 af
494 269 135 26 förbrytarens
646 269 42 19 lösa
706 269 38 18 och
762 268 49 19 fasta
828 268 49 20 eller
893 268 49 19 blott

202 298 40 19 lösa
259 297 56 26 gods.
344 297 95 19 Deremot
456 295 63 20 skulle
536 295 34 20 det
586 295 57 20 enkla
658 295 126 19 dödsstraffet
800 300 72 20 genom
891 295 51 19 hals-

201 324 98 26 huggning
312 323 103 20 äfvensom
431 321 105 27 landsflykt
549 323 38 18 och
601 322 71 19 förlust
685 322 20 19 af
720 321 81 20 arfsrätt
817 321 82 20 allenast
913 321 30 19 in-

200 350 98 20 skränkas
312 351 5 18 i
332 349 58 20 deras
406 348 125 26 tillämpning,
547 354 45 13 men
606 348 86 25 fängelse
706 347 32 20 vid
757 350 66 17 vatten
840 348 38 19 och
892 347 50 20 bröd

200 377 109 20 bibehållas
323 375 44 20 med
383 374 62 26 någon
459 374 110 25 förändring
583 374 4 19 i
602 374 93 19 afseende
710 373 10 20 å
736 374 112 25 grunderna
866 374 29 19 för
911 376 31 17 ut-

201 403 100 20 mätandet
314 403 39 18 och
367 401 175 25 verkställigheten
556 401 21 19 af
589 400 53 19 detta
656 400 58 20 straff
729 402 53 17 samt
798 400 25 20 till
842 400 37 19 och
896 400 46 20 med

201 429 21 20 så
237 429 72 20 tillvida
319 427 72 21 erhålla
401 433 24 14 en
435 427 144 20 vidsträcktare
587 427 129 25 användning,
725 429 28 17 att
759 426 76 20 det
798 422 9 34 i
815 422 18 34 de
845 426 55 20 flesta
911 427 30 20 fall

201 456 62 19 skulle
277 457 74 18 ersätta
366 455 44 24 spö-
424 454 38 19 och
476 453 105 20 risstraffet
595 453 104 20 äfvensom
714 454 6 18 i
734 452 58 26 några
807 452 18 20 få
836 453 106 20 händelser

201 482 61 23 också
277 481 61 20 andra
351 480 61 20 straff.
441 481 37 18 För
492 480 58 25 öfrigt
563 479 63 20 skulle
640 480 57 19 äfven
711 480 37 19 alla
760 479 60 20 andra
830 479 111 20 nuförtiden

201 509 88 26 brukliga
303 507 58 20 straff
372 506 114 25 bibehållas,
499 512 45 14 men
553 507 25 19 de
589 505 81 22 svårare
684 506 131 25 arbetsstraff,
832 511 44 15 som
890 506 5 19 i
910 507 30 25 lag

201 536 38 19 och
253 534 133 25 författningar
400 533 60 20 kallas
474 533 68 20 arbete
556 532 10 20 å
581 533 45 19 slott
640 533 46 20 eller
703 533 92 24 fästning,
814 533 47 19 eller
876 533 5 18 i
896 533 45 20 kro-

200 567 49 14 nans
264 560 82 25 smedja,
362 561 47 18 eller
423 560 5 19 i
442 560 84 19 tukthus
540 560 47 19 eller
604 559 105 26 spinnhus,
728 559 87 26 undergå
832 559 53 20 vissa
903 560 37 19 för-

201 588 103 25 ändringar
323 588 6 19 i
350 587 94 20 afseende
461 586 10 20 å
489 586 172 25 verkställigheten
679 589 52 17 samt
749 585 107 21 benämnas
876 587 64 19 tukt-

201 614 127 23 husstraff,
344 613 83 20 likasom
442 613 37 20 ock
493 613 180 25 fästningsfängelse
687 615 46 17 utan
747 613 68 19 arbete
832 613 63 20 skulle
909 619 32 14 er-

201 641 51 20 hålla
272 641 38 20 den
330 639 115 20 förändrade
461 639 140 26 benämningen
619 640 21 19 af
653 639 182 26 fängelsestraff
850 642 53 17 samt
923 639 16 25 ej

200 669 82 18 allenast
299 667 133 19 sammanfalla
450 666 45 19 med
513 666 66 19 enkelt
596 665 96 26 fängelse,
710 668 47 17 utan
774 666 59 19 äfven
853 665 87 27 undergå

201 694 61 26 någon
277 693 111 25 förändring
402 693 5 18 i
422 693 93 19 afseende
529 691 10 20 å
555 691 137 20 exekutionen.

254 720 30 19 De
298 719 48 25 skäl,
362 725 44 13 som
421 719 58 25 enligt
492 718 101 20 Komiténs
607 718 50 25 åsigt
671 719 38 19 tala
718 718 31 19 för
758 718 120 20 afskaffande
887 719 21 19 af
917 719 24 19 de

201 747 5 19 i
221 747 92 24 förslaget
326 745 136 20 utmönstrade
477 744 88 25 straffen,
581 745 34 19 äro
629 745 80 19 anförda
723 745 5 18 i
742 745 110 20 motiverna
866 745 27 20 till
904 745 39 20 för-

200 774 63 25 slaget
277 778 32 14 om
324 772 94 19 allmänna
433 771 85 26 grunder
531 772 30 18 för
575 776 25 15 en
614 777 26 20 ny
654 770 94 27 strafflag,
764 773 51 18 samt
829 771 57 20 torde
899 771 44 20 allt-

200 799 22 20 så
236 799 45 20 icke
295 799 37 19 här
345 799 85 20 behöfva
444 803 106 20 upprepas.

253 826 7 19 I
275 825 59 25 sagde
348 825 85 19 motiver
447 825 36 18 har
497 825 91 18 Komitén
602 823 24 26 på
641 824 33 20 det
688 824 135 20 bestämdaste
831 825 70 19 uttalat
911 825 30 25 sig

201 855 53 17 emot
268 851 172 20 dödsstraffets
457 851 91 20 framtida
566 851 132 20 användande.
728 850 27 21 Då
773 851 91 20 Komiten
881 851 60 20 emel-

200 879 57 20 lertid
271 878 28 19 uti
314 879 24 19 10
354 877 37 20 och
406 878 22 19 41
445 877 10 25 $
469 877 21 20 af
503 883 26 13 nu
544 877 146 26 ifrågavarande
705 877 73 26 förslag
791 877 89 20 förordat
893 878 48 19 dess

201 904 137 21 bibehållande
351 903 107 20 tillsvidare
472 904 29 19 för
514 903 38 20 den
567 909 44 14 som
620 904 53 19 förer
683 904 59 26 afvog
752 904 55 19 sköld
818 906 55 17 emot
881 904 58 24 riket,

201 932 47 19 eller
262 931 5 19 i
282 930 73 26 uppsåt
377 933 28 17 att
421 930 49 20 döda
489 933 34 22 gör
540 930 136 26 våldsgerning
692 930 11 20 å
720 930 124 26 Kejsaren,
863 930 79 25 Kejsa-

201 958 82 19 rinnan
297 958 48 19 eller
358 956 57 20 deras
430 957 56 23 barn,
502 956 49 20 eller
564 956 37 20 ock
615 956 6 20 i
637 956 73 26 uppsåt
733 960 28 16 att
777 957 50 20 döda
845 957 45 19 med
908 957 34 19 be-

201 983 44 20 rådt
258 984 47 20 mod
319 982 92 20 beröfvar
425 988 62 14 annan
502 983 61 25 lifvet,
579 982 22 20 så
615 983 36 19 har
666 982 70 20 sådant
750 984 53 19 skett
816 984 83 19 allenast
912 983 30 19 för

200 1012 28 17 att
243 1010 85 19 undvika
343 1012 27 17 ett
384 1009 64 19 alltf”r
462 1009 83 25 plötsligt
559 1009 139 25 upphäfvande
712 1010 21 19 af
745 1009 133 24 dödsstraffet,
890 1011 52 17 samt

200 1036 62 19 under
276 1036 136 24 förutsättning
431 1037 29 17 att
480 1035 52 20 detta
553 1034 58 21 straff
628 1035 47 20 skall
696 1036 64 20 under
779 1036 38 20 den
839 1037 102 19 närmaste

200 1062 110 25 framtiden,
326 1062 82 20 likasom
423 1061 94 25 hitintills,
533 1062 79 19 komma
626 1064 28 16 att
668 1062 5 19 i
691 1062 89 26 näleväg
803 1062 88 26 förbytas
914 1062 27 21 till

200 1092 58 16 annat
272 1088 60 20 straff.
362 1088 36 19 För
411 1087 25 20 de
451 1088 5 18 i
470 1088 114 26 nugällande
598 1088 30 25 lag
638 1089 38 19 och
685 1088 134 26 författningar
827 1088 47 20 med
883 1088 59 22 döds-

201 1116 57 19 straff
269 1114 81 26 belagda
364 1114 59 24 brott,
440 1114 29 19 för
486 1114 65 20 hvilka
568 1118 94 17 ansvaret
678 1116 61 19 redan
756 1116 55 25 länge
828 1115 65 26 plägat
909 1121 33 20 ge-

200 1147 46 14 nom
260 1141 115 21 leuteration
389 1140 116 26 förmildras,
521 1142 36 18 har
571 1141 97 23 Komiten,
684 1142 46 20 med
744 1142 77 26 ledning
835 1142 20 19 af
868 1142 33 19 det
911 1142 31 20 sä-

200 1168 59 20 lunda
274 1168 112 25 uppkomna
396 1167 129 25 rättsbruket,
543 1168 2 19 i
562 1168 23 19 13
607 1179 12 3 —
627 1168 25 19 24
667 1168 9 25 $
691 1169 100 25 föreslagit
804 1168 60 20 andra
878 1169 61 25 straff,

200 1199 45 15 men
260 1194 89 20 deremot
363 1194 5 18 i
384 1194 23 18 12
423 1193 9 25 $
447 1194 92 25 förordat,
555 1196 28 18 att
592 1194 36 20 alla
638 1194 60 26 öfriga
708 1195 109 19 nuförtiden
827 1195 46 19 med
882 1194 59 21 döls-

199 1220 59 20 straff
269 1220 82 25 belagda
365 1220 134 25 förbrytelser,
515 1226 33 14 om
563 1220 66 20 hvilka
642 1220 45 20 icke
701 1221 93 20 särskildt
807 1222 65 19 blefve
887 1222 55 19 stad-

198 1247 54 25 gadt,
268 1246 64 20 skulle
345 1246 106 20 tillsvidare
465 1248 95 24 umgällas
573 1246 46 20 med
633 1247 141 20 tukthusstraff
786 1248 5 19 i
804 1248 136 26 förbrytarens

200 1273 66 20 lifstid.

253 1300 8 19 I
275 1300 26 19 26
315 1299 10 25 $
340 1299 34 19 har
388 1299 91 20 Komitén
493 1299 106 25 föreslagit,
615 1302 29 17 att
657 1300 132 30 landsflykt
802 1300 65 20 skulle
883 1301 5 19 i
906 1301 34 20 all-

200 1325 80 20 mänhet
293 1328 84 17 ersättas
391 1331 70 20 genom
479 1325 152 26 fängelsestraff,
650 1327 85 19 förutom
749 1333 6 12 i
772 1326 71 20 sådana
860 1327 80 20 händel-

200 1357 40 20 ser,
256 1354 28 17 att
298 1351 61 26 någon
374 1351 71 20 affaller
459 1351 44 21 från
518 1352 126 25 evangeliska
658 1353 59 21 läran,
733 1353 49 20 eller
796 1353 100 26 utsprider
905 1353 36 20 nå-

199 1384 38 19 gon
252 1378 91 20 deremot
357 1378 98 20 stridande
469 1379 90 23 lärosats,
575 1378 47 20 eller
636 1379 37 19 ock
689 1382 47 16 utan
756 1379 128 25 Kejsarens
904 1380 37 20 till-

199 1403 58 20 stånd
271 1403 35 26 går
315 1404 122 19 främmande
446 1404 89 25 regering
544 1404 90 20 tillhanda
645 1405 4 18 i
661 1405 135 25 diplomatiskt
805 1406 80 25 ärende,
896 1412 45 14 som

200 1429 18 26 ej
232 1430 102 20 innefattar
348 1430 101 23 förräderi,
465 1430 28 19 för
508 1430 65 20 hvilka
589 1433 67 18 trenne
670 1432 31 19 fall
712 1432 97 20 särskilda
819 1432 121 26 stadganden
955 1443 5 4 -

200 1458 34 18 äro
248 1457 109 26 föreslagna
371 1457 6 19 i
391 1457 32 22 27,
440 1457 24 20 28
479 1457 36 20 och
531 1457 25 20 29
571 1457 16 26 $.
617 1458 7 19 I
638 1457 46 26 följd
693 1459 58 20 häraf
758 1459 64 20 skulle
831 1459 109 27 landsflykt

199 1483 79 20 komma
294 1486 30 17 att
340 1482 108 22 bibehållas
464 1484 83 20 allenast
563 1485 29 19 för
609 1485 122 20 fremmande
748 1486 189 26 religionsförvandt,
949 1502 6 5 ,

537 1806 84 11 Ama
675 1815 5 2 a
702 1815 35 3 L
