1003 1756
196 127 33 34 148
420 130 73 22 Nådiga
504 123 140 30 Propositionen
656 129 36 18 N.o
705 130 16 17 8.

404 181 45 19 bröd
466 182 7 17 i
490 180 22 20 så
530 180 43 25 lång
592 181 36 22 tid,
644 186 39 13 som
697 181 107 17 motsvarar
817 185 22 12 en
854 177 87 26 tredjedel

402 209 23 24 af
437 209 30 19 det
482 208 82 20 ådömda
579 207 139 24 bötesbeloppet.

459 236 44 26 Lag
516 242 73 13 samma
602 242 46 13 vare
662 235 33 18 der
708 233 62 27 någon
785 234 50 25 eljest
846 235 6 17 i
860 233 80 20 behand-

404 265 37 25 ling
456 265 24 26 af
491 271 47 19 egna
553 264 43 19 eller
610 264 71 19 andras
695 262 77 19 kreatur
785 263 52 18 visar
846 261 98 26 uppenbar

402 293 90 24 grymhet.

461 321 49 20 Sker
527 321 66 20 brottet
609 321 24 24 af
643 319 69 26 uppsåt
729 321 28 17 att
774 319 79 18 hämnas
871 317 11 20 &
902 318 40 25 dju-

404 351 37 16 rels
459 355 64 20 egare,
542 355 45 14 vare
605 347 69 20 sådant
692 347 63 20 såsom
763 345 127 28 försvårande
905 353 37 12 om-

404 378 105 25 ständighet
523 377 71 20 ansedt.

461 406 68 19 Denna
538 405 112 26 förordning
666 403 52 21 träde
733 404 7 19 i
754 403 115 20 verksamhet
884 403 35 20 den
932 403 11 19 1

404 433 82 20 Januari
501 433 60 21 1865.

254 479 128 26 Helsingfors,
397 479 38 20 den
450 480 23 19 13
488 480 80 19 Januari
583 478 61 21 1864.

406 675 159 26 Lagutskottets
579 675 130 21 betänkande
723 674 40 22 N:o
774 675 32 25 28,
818 674 128 22 innefattande

333 704 76 26 förslag
433 704 27 20 till
482 703 177 26 sammanjemkning
680 706 21 24 af
723 702 93 22 Ständens
838 701 107 29 skiljaktiga

339 732 59 20 beslut
415 734 8 18 i
439 733 100 25 anledning
553 733 24 25 af
588 732 55 20 Hans
658 732 105 26 Keiserliga
778 732 100 26 Majestäts
892 732 54 20 nådi-

337 767 28 19 ga
384 762 129 25 proposition,
537 760 96 26 angående
654 760 94 26 uppsåtlig
770 760 134 26 misshandling
926 761 24 25 af

340 789 81 20 kreatur.

258 844 51 20 Från
323 844 233 26 Expeditions-utskottet
570 845 35 19 har
619 845 135 25 Lagutskottet
768 844 5 20 i
787 845 37 25 dag
838 844 36 20 fått
884 848 64 17 emot-

204 874 44 24 taga
264 871 26 20 de
306 872 21 19 af
343 871 86 21 Stånden
446 871 26 19 till
490 871 126 21 förenämnda
630 871 81 20 Utskott
725 871 146 20 öfverlemnade
885 872 62 20 hand-

204 898 71 26 lingar,
291 897 102 27 angående
406 897 99 21 Ståndens
519 898 67 20 beslut
600 897 32 20 vid
646 898 137 26 föredragning
798 899 20 19 af
830 899 118 24 Lagutskot-

204 928 41 16 tets
261 925 40 19 den
319 925 24 19 13
361 924 96 20 nästlidne
474 924 79 20 Januari
569 925 52 25 gifna
638 924 122 20 betänkande
780 924 5 20 i
806 925 104 25 anledning
928 925 21 20 af

205 951 130 20 omförmälda
351 950 69 27 nådiga
436 952 131 24 proposition;
587 952 38 18 och
642 952 36 19 har
694 952 135 25 Lagutskottet
846 952 21 20 af
886 952 62 25 sagde

205 979 114 24 handlingar
336 980 52 18 samt
404 983 71 20 genom
492 978 142 26 upplysningar
650 978 21 21 af
686 978 111 20 Utskottets
816 978 132 20 medlemmar

206 1005 104 20 inhemtat:

259 1034 28 17 att
303 1030 103 26 höglofliga
422 1031 173 25 Ridderskapet
611 1032 38 18 och
667 1031 71 20 Adeln
757 1034 51 17 samt
825 1032 121 25 högvördiga

205 1056 182 21 Prestaständet
404 1057 27 19 till
449 1057 35 20 alla
502 1057 55 20 delar
573 1058 83 25 godkänt
673 1058 138 25 Laguiskottets
820 1058 128 26 förenämnda

206 1086 129 24 betänkande;

258 1117 29 17 att
300 1113 96 26 vällofliga
409 1113 199 27 Borgareståndet
621 1113 57 20 äfven
690 1115 55 25 gillat
759 1121 72 13 samma
846 1114 100 23 betänkan-

206 1144 23 18 de
242 1145 7 17 i
264 1144 33 18 allt
311 1143 61 25 öfrigt,
387 1144 65 22 ,,wtom
466 1146 28 16 att
508 1142 79 20 Ståndet
600 1145 61 16 ansett
675 1142 31 20 det
719 1143 8 17 i
735 1143 65 25 första
813 1140 55 22 mom.
884 1144 24 24 af
918 1142 29 20 be-

206 1171 108 23 tänkandet,
329 1170 79 20 likasom
421 1172 8 17 i
443 1171 35 19 den
492 1170 70 26 nådiga
576 1171 144 25 propositionen,
732 1171 110 25 föreslagna
857 1171 59 25 straff
926 1172 25 24 af

205 1200 25 19 tio
249 1200 26 19 till
293 1198 100 20 trehundra
410 1198 55 20 mark
483 1199 45 20 böra
546 1198 101 26 begränsas
664 1200 49 18 inom
728 1205 22 13 en
765 1199 67 19 latitud
846 1200 24 24 af
882 1200 24 18 tio
922 1199 26 19 till

207 1227 160 25 etthundrafemtio
385 1226 63 23 mark,
467 1228 33 19 och
518 1227 51 19 detta
583 1226 42 20 med
639 1226 86 26 afseende
739 1226 52 24 derå,
806 1229 28 17 att
848 1234 23 12 en
885 1227 65 25 alltför

205 1256 102 19 vidsträckt
321 1255 68 20 latitud
401 1257 7 18 i
422 1255 194 26 straffbestämmelsen
630 1254 58 20 skulle
702 1254 57 27 hafva
774 1256 27 19 till
808 1255 52 26 följd
874 1258 28 17 att
915 1262 33 13 an-

205 1287 63 17 svaret
275 1285 37 24 för
326 1283 99 20 enahanda
435 1284 124 25 förbrytelser
573 1284 23 24 af
606 1283 146 26 ifrågavarande
767 1283 41 25 slag
822 1283 61 20 kunde
898 1284 49 19 kom-

205 1318 31 13 ma
251 1314 28 16 att
292 1311 32 19 vid
339 1311 94 19 särskilda
447 1311 102 19 domstolar
561 1310 26 25 på
602 1311 54 24 högst
670 1311 49 18 olika
734 1311 34 18 och
776 1310 48 26 från
839 1310 108 20 hvarandra

206 1339 101 26 afvikande
321 1341 38 17 sätt
373 1339 99 24 tillämpas,
488 1339 67 19 hvilket
569 1337 41 20 åter
623 1338 58 19 skulle
694 1339 64 24 utöfva
773 1341 25 17 ett
810 1339 76 24 menligt
894 1339 54 24 infly-

207 1367 55 20 tande
274 1367 27 25 pä
315 1365 118 21 rättsvården
447 1367 6 18 i
467 1367 87 20 landet:
567 1378 30 3 —
611 1367 52 18 samt

259 1397 29 18 att
306 1394 122 21 hedervärda
443 1393 173 22 Bondeståndet
630 1394 72 20 biträdt
717 1394 167 27 Borgareståndets
899 1395 49 26 åsigt

205 1426 9 17 i
228 1424 63 20 saken.
