998 1825
414 349 43 32 15.

269 461 68 22 Hans
352 460 155 29 Kejserliga
516 461 136 23 Majestäts
662 460 85 30 Nådiga
756 462 50 23 Pro-

200 489 98 29 position
315 489 37 23 till
370 489 104 33 Finlands
490 489 94 23 Ständer
598 495 34 18 om
647 490 123 28 antagande
784 490 26 23 af

201 523 27 17 en
242 517 132 28 förordning
389 517 112 28 angående
515 517 131 24 barnamord
659 519 57 22 samt
725 519 82 23 fosters

200 545 154 24 fördrifvande
376 545 40 22 och
438 546 126 23 utsättande
589 545 114 25 äfvensom
725 552 83 19 ansvar

201 574 37 22 för
252 574 63 23 vissa
328 573 42 23 fall
385 573 24 23 af
421 573 129 28 lägersmål.

117 630 96 18 Behofvet
226 630 21 18 af
258 629 165 26 genomgripande
437 629 103 25 ändringar
552 630 54 19 inom
623 630 185 26 brottmålslagstift-

64 656 80 25 ningens
159 655 81 21 område
255 657 35 19 har
305 656 60 19 redan
379 656 29 18 för
423 655 44 26 lång
481 656 26 19 tid
522 656 79 20 tillbaka
615 656 50 26 gjort
674 657 30 25 sig
713 657 95 21 kännbart

64 683 37 19 och
112 681 84 27 påkallat
208 683 64 20 Hans
285 682 132 26 Kejserliga
430 681 122 26 Majestäts
564 682 182 26 uppmärksamhet.
762 684 46 20 Sär-

64 708 59 20 skildt
141 709 35 19 har
193 709 63 19 Hans
272 708 134 26 Kejserliga
424 708 108 26 Majestät
546 710 22 18 af
580 709 24 19 de
619 710 117 20 berättelser
750 710 58 26 angå-

64 735 50 20 ende
131 735 222 26 rättegängsärenderna
369 736 5 18 i
389 735 74 25 landet,
479 741 44 13 som
536 736 21 19 af
570 736 217 20 Prokuratorsembetet
801 737 5 19 i

63 762 85 19 Senaten
162 761 74 27 årligen
250 762 89 26 afgifvas,
356 762 44 19 med
415 762 119 26 bekymmer
547 762 97 20 inhemtat
657 763 34 19 Jet
704 764 5 18 i
720 763 85 25 Finland,

63 788 6 18 i
83 787 120 21 förhållande
217 789 25 19 till
258 788 144 26 folkmängden,
419 790 28 18 ett
461 788 119 26 betydligare
592 790 51 19 antal
654 790 118 19 barnamord
782 792 25 17 än

64 814 5 18 i
83 815 60 19 andra
158 815 68 19 länder
240 815 94 19 föröfvas.

117 840 27 20 Då
162 846 25 14 en
204 840 136 26 omarbetning
357 841 20 19 af
392 840 250 26 brottmälslagstiftningen
659 842 5 19 i
682 842 30 19 sin
732 842 73 26 helhet,

64 872 42 14 som
122 868 5 18 i
143 866 70 26 mänga
227 867 106 20 afseenden
348 872 47 14 vore
409 868 30 18 för
453 867 65 20 landet
531 868 106 26 önskvärd,
653 868 44 20 icke
707 868 38 20 kan
756 871 52 17 ännu

63 893 33 20 vid
114 894 63 19 denna
194 894 92 24 landtdag
303 893 110 25 föreläggas
430 894 76 19 landets
523 894 91 25 Ständer,
630 895 36 19 har
680 894 62 20 Hans
756 894 51 25 Kej-

63 920 88 25 serliga
165 919 108 25 Majestät
287 919 110 20 emellertid
412 919 52 20 velat
477 920 67 25 bringa
553 920 143 25 lagstiftningen
706 919 101 27 angående

63 945 118 20 barnamord
198 946 37 19 och
252 945 83 21 dermed
352 946 122 25 gemenskap
491 946 74 25 egande
579 947 129 26 förbrytelser
722 947 5 18 i
741 947 67 19 öfver-

63 973 152 19 ensstämmelse
232 973 45 19 med
294 973 65 19 tidens
373 973 72 24 sedliga
460 972 120 25 ståndpunkt
594 974 38 19 och
646 973 33 20 det
693 973 63 19 finska
771 973 35 20 fol-

61 999 45 19 kets
121 998 84 26 bildning
219 999 38 19 och
272 999 25 20 till
313 997 46 26 följe
372 999 57 19 häraf
441 998 42 20 låtit
497 999 89 20 utarbeta
601 999 70 26 förslag
685 999 26 20 till
727 1005 23 14 en
768 999 38 19 för-

62 1025 82 26 ordning
162 1025 101 25 angående
281 1025 117 20 barnamord
416 1027 51 17 samt
485 1025 73 20 fosters
575 1025 132 20 fördrifvande
725 1026 38 19 och
776 1028 31 17 ut-

62 1052 89 19 sättande
164 1051 103 20 äfvensom
280 1057 72 14 ansvar
367 1051 29 20 för
409 1051 55 20 vissa
478 1051 31 20 fall
524 1052 20 19 af
554 1052 114 26 lägersmål;
683 1053 39 20 och
734 1052 73 20 varder

62 1078 83 19 berörda
160 1078 72 25 förslag
246 1078 45 19 med
305 1078 64 19 dertill
384 1078 88 19 hörande
486 1078 94 25 motiver,
595 1077 77 25 jemlikt
685 1079 27 19 42
725 1079 11 24 $
750 1079 5 18 i
768 1079 38 19 Re-

62 1105 156 25 geringsformen
233 1105 20 18 af
265 1105 38 18 den
318 1105 23 19 21
357 1104 82 25 Augusti
455 1105 57 24 1772,
528 1104 122 20 härmedelst
662 1104 145 20 öfverlemnadt

64 1131 25 19 till
105 1131 77 19 landets
196 1131 91 19 Ständer.

265 1227 78 19 Förslag
370 1227 31 18 till
406 1226 118 42 Förordning
533 1221 93 51 angäondo
637 1226 109 19 barnamord
758 1226 48 19 samt

197 1249 68 19 fosters
277 1249 128 19 fördrifvande
417 1249 34 19 och
462 1249 111 23 utsättande,
585 1248 21 20 så
619 1249 34 19 ock
664 1254 29 14 om
701 1254 68 14 ansvar
775 1248 32 19 för

198 1272 52 19 vissa
261 1272 36 19 fall
309 1272 21 18 af
339 1270 104 25 lägersmål.

116 1322 43 20 Med
176 1322 80 25 ändring
273 1322 37 19 och
329 1321 137 26 upphäfvande
483 1322 21 19 af
519 1322 25 19 16
561 1322 83 24 Kapitlet
658 1321 148 25 Missgernings-

63 1348 76 26 balken,
155 1348 67 25 Kongl.
239 1348 92 20 förbudet
344 1351 41 17 mot
399 1348 118 20 barnamord
530 1348 38 19 den
584 1348 23 19 12
622 1348 37 19 Juli
671 1348 57 23 1750,
744 1348 61 19 första

63 1376 38 18 och
115 1375 59 19 andra
189 1378 133 16 momenterna
338 1375 3 18 i
357 1374 107 26 Kejserliga
478 1374 134 25 Kungörelsen
628 1373 100 25 angående
741 1372 66 27 ätgär-

63 1401 35 19 der
113 1401 26 19 till
155 1401 160 19 förekommande
330 1402 21 18 af
363 1400 116 20 barnamord
494 1401 38 19 den
546 1401 12 18 6
568 1400 36 25 Maj
620 1400 49 20 1861
686 1402 51 17 samt
747 1401 9 18 1
768 1399 37 19 och

64 1428 11 18 3
93 1427 21 25 SS
131 1428 24 19 53
173 1428 84 25 Kapitlet
272 1427 84 20 berörda
374 1428 54 24 balk,
447 1426 66 21 såvidt
528 1428 4 18 i
548 1426 122 20 sistnämnda
684 1422 76 54 lagra
772 1431 33 14 an-

414 1455 9 9 s
