978 1786
162 133 42 32 558
382 137 71 22 Nådiga
464 137 138 23 Propositionen
616 137 35 16 N:o
663 137 28 16 22.

166 188 63 26 yrkar
242 186 171 26 nödvändigheten
427 187 21 18 af
460 192 24 14 en
498 186 52 25 dylik
565 185 111 26 separation
691 185 38 20 och
747 191 43 13 som
804 184 105 27 framlyser

169 215 57 19 äfven
240 214 6 19 i
260 213 34 20 det
307 219 38 20 nya
359 213 209 26 kyrkolagsförslaget,
583 212 36 19 der
633 213 32 18 det
680 211 55 20 sidan
751 212 37 19 207
803 211 62 25 heter,
882 214 28 16 att

169 240 99 21 akomiten
283 240 32 19 vid
330 241 34 18 sitt
378 240 72 25 förslag
464 245 32 14 om
510 239 143 26 domkapitlens
667 238 176 24 sammansättning
856 237 53 20 tänkt

170 268 30 25 sig
214 267 109 21 detsamma
338 265 68 21 såsom
420 266 48 20 blott
483 265 149 21 handhafvande
645 265 88 27 kyrkans
747 265 163 26 angelägenheter

170 295 38 19 och
222 294 44 20 icke
280 292 104 26 derjemte,
400 293 68 19 såsom
481 299 26 13 nu
522 294 21 18 är
558 293 58 23 fallet,
632 292 58 19 äfven
704 292 100 19 skolans.»
833 291 28 19 Då
877 291 33 19 Ut-

168 321 74 20 skottet
257 320 81 20 härmed
353 320 108 26 tillstyrker
478 319 77 20 landets
572 318 101 26 högloflige
690 318 84 20 Ständer
790 320 28 17 att
834 318 30 18 för
880 318 30 18 sin

169 348 30 20 del
214 347 102 25 godkänna
331 346 155 26 skolstyrelsens
501 345 94 26 skiljande
609 345 42 19 från
664 344 137 26 domkapitlen,
812 344 59 20 utber
881 344 29 25 sig

169 374 102 20 Utskottet
284 373 61 20 tillika
359 375 29 17 att
400 372 6 20 i
420 372 79 20 korthet
513 372 19 20 få
546 372 93 19 utveckla
652 372 25 19 Je
692 372 49 26 skäl,
753 376 43 14 som
806 370 104 26 mäktigast

171 406 61 20 synas
247 400 37 20 tala
300 400 73 19 derför.
402 399 100 20 Utskottet
516 402 34 16 vet
567 398 72 26 ganska
657 398 32 19 väl
709 401 28 16 att
756 398 36 19 här
808 398 60 25 gäller
882 400 28 16 att

171 428 112 19 bestämma
297 427 30 24 sig
341 426 5 19 i
361 431 24 14 en
400 426 80 26 mycket
494 424 106 21 omtvistad
614 424 61 27 fråga,
691 430 44 14 som
749 424 88 26 vanligen
847 423 63 21 blifvit

171 453 97 20 benämnd
282 453 76 21 skolans
373 454 135 24 emancipation
516 452 49 27 från
579 452 78 26 kyrkan,
667 457 46 13 men
723 452 72 18 rättare
804 451 62 19 borde
876 450 34 19 he-

171 485 25 17 ta:
213 482 79 20 skolans
306 481 144 25 emancipation
459 481 47 26 från
519 480 144 26 presterskapet.
693 480 58 19 Hvad
761 478 107 21 innehålles
879 480 30 19 väl

187 511 64 20 denna
266 516 18 14 s.
300 510 19 20 k.
335 510 153 24 emancipation?
515 509 41 19 Den
571 508 93 26 egentliga
679 510 102 23 meningen
796 508 82 20 dermed
887 510 23 17 är

171 537 51 20 blott
235 536 38 20 och
287 536 44 20 bart
345 536 44 24 den,
400 538 28 17 att
437 536 29 20 för
480 534 224 26 undervisningsverken
719 536 5 18 i
739 538 27 16 ett
782 534 45 20 land
847 535 63 19 skulle

171 569 47 14 vara
233 564 64 20 bättre
312 561 68 26 sörjdt,
396 568 32 14 om
442 562 101 20 desamma
559 562 64 19 skulle
637 562 65 19 ställas
717 562 62 19 under
792 567 24 14 en
827 567 49 19 egen
888 566 23 14 ur

172 590 66 19 skolan
252 588 47 26 sjelf
311 588 126 25 framgången
452 590 37 17 och
504 588 44 19 med
566 588 88 25 grundlig
671 588 118 25 pädagogisk
807 588 57 25 insigt
881 590 30 17 ut-

172 616 68 20 rustad
255 615 125 26 myndighets
394 614 156 23 öfverinseende,
564 615 25 17 än
603 617 28 16 att
640 614 25 19 de
675 614 119 20 fortfarande
804 614 55 19 skola
871 613 41 21 hål-

172 643 29 21 las
218 643 5 19 i
241 642 99 20 beroende
357 641 38 20 och
411 642 62 20 under
490 641 80 26 uppsigt
586 640 21 20 af
622 641 87 26 kyrkans
727 641 130 25 domkapitel,
875 642 37 18 hos

172 669 65 21 hvilka
252 674 45 14 man
311 668 44 20 icke
370 668 38 20 kan
423 668 45 20 med
483 668 87 25 billighet
583 668 72 23 fordra,
671 671 28 16 att
708 668 25 20 de
743 668 53 20 skola
807 668 58 19 hafva
875 667 34 24 tid,

172 696 73 20 tillfälle
260 696 38 19 och
312 694 87 26 förmåga
414 698 28 16 att
455 694 45 26 följa
511 694 98 20 oafbrutet
618 694 46 20 med
674 696 36 18 alla
722 694 142 25 vetenskapens
874 695 38 19 och

173 722 148 26 pedagogikens
335 722 95 25 framsteg
444 724 52 17 samt
510 720 89 20 använda
614 720 45 20 dem
677 721 119 20 skolverken
811 722 27 18 till
853 721 57 25 godo.

173 750 36 19 Det
223 751 22 17 är
259 752 67 22 sannt,
345 751 29 17 att
390 747 83 27 mången
489 748 28 20 uti
534 747 147 25 ifrågavarande
698 748 214 24 emancipationssträf

173 775 65 21 vande
252 778 40 17 sett
306 778 28 16 ett
347 774 79 27 uttryck
441 775 20 19 af
474 775 64 19 tidens
552 774 106 26 irreligiösa
673 775 112 25 rigtningar,
802 774 76 20 hvilket
890 774 21 20 så

173 802 59 20 framt
246 802 34 20 det
293 802 63 20 skulle
371 802 71 19 krönas
457 802 45 19 med
516 800 102 25 framgång
635 800 18 26 ej
668 802 67 19 kunde
751 801 87 19 medföra
856 804 56 16 annat

172 830 24 19 än
210 829 39 20 den
263 831 72 17 största
353 828 61 20 skada
431 829 38 19 och
486 828 41 20 fara
544 829 29 18 för
589 830 29 17 ett
634 828 85 25 kristligt
737 828 100 20 samhälle.
868 828 44 19 Man

173 855 36 21 bar
223 855 134 26 ungefärligen
371 855 61 19 tolkat
446 855 61 19 saken
522 854 29 25 så,
567 860 44 13 som
621 854 62 20 skulle
693 855 44 19 hela
746 854 111 20 ändamålet
866 854 46 20 med

172 882 39 20 den
225 882 95 19 förmenta
334 881 119 26 agitationen
467 882 5 18 i
486 881 54 20 detta
554 880 51 26 syfte
620 886 47 14 vara
677 884 28 16 ett
715 881 78 19 skolans
802 881 111 19 undandra-

170 909 64 26 gande
248 907 44 20 från
306 908 24 19 all
345 907 77 26 kyrklig
436 907 80 26 uppsigt
529 907 70 20 endast
613 907 37 19 och
668 907 86 28 allenast
766 908 29 19 för
812 910 28 16 att
856 907 56 20 ställa

171 935 117 20 densamma
303 934 25 25 på
342 940 24 13 en
381 934 40 19 helt
435 934 89 25 okristlig
538 934 34 23 fot,
588 934 29 19 för
631 936 28 17 att
674 934 72 19 bereda
761 934 31 20 det
806 934 67 19 friaste
882 937 31 16 ut-

171 967 79 21 rymme
264 961 20 20 åt
298 961 64 20 hvilka
376 961 150 20 rationalistiska
543 960 86 19 theorier
646 966 44 13 som
707 961 52 19 helst
775 963 27 17 att
819 961 47 25 göra
884 960 28 26 sig

171 988 89 26 gällande
274 988 32 19 vid
320 987 123 24 läroverken;
460 987 70 20 hvaraf
542 986 71 26 följden
626 987 66 20 blefve
706 990 28 17 att
747 987 120 26 ungdomen,
879 987 33 20 be-

172 1014 70 21 röfvad
256 1014 117 25 religionens
387 1013 37 26 ljus
439 1015 38 18 och
492 1014 82 25 ledning,
589 1013 63 20 skulle
666 1015 75 18 lemnas
757 1014 25 20 till
799 1014 41 25 pris
854 1013 20 20 ät
890 1020 22 13 o-

172 1044 50 22 tron,
238 1041 149 19 förvetenheten
402 1041 55 19 och—
465 1035 121 35 förderfvet.
618 1041 90 25 Onekligt
722 1042 21 18 är
757 1039 68 26 också,
841 1043 29 18 att
878 1041 34 19 det

170 1068 82 25 origtiga
272 1067 112 26 uttrycket:
406 1067 78 20 skolans
504 1067 144 26 emancipation
661 1068 44 25 från
719 1067 73 27 kyrkan
809 1067 56 26 gifvit
881 1070 31 17 ett

171 1095 99 26 sjelfmant
283 1096 45 20 stöd
342 1095 20 20 åt
375 1096 63 19 denna
452 1095 90 26 tolkning;
558 1096 83 19 likasom
656 1101 45 14 man
715 1096 58 19 äfven
788 1096 56 19 torde
853 1096 59 19 hafva

171 1123 41 23 skäl
226 1125 29 18 att
269 1123 110 23 förutsätta,
396 1122 34 20 det
444 1128 23 14 en
479 1123 39 18 och
532 1128 61 14 annan
604 1122 20 19 af
633 1122 230 25 emancipationsfrågans
874 1123 38 18 för-

171 1150 83 24 kämpar
269 1149 102 25 verkligen
386 1149 62 20 skulle
465 1149 5 19 i
487 1149 87 26 kyrkans
591 1149 38 19 och
646 1149 158 19 kristendomens
822 1149 90 19 öfverän-

171 1175 121 21 dakastande
306 1181 23 13 se
342 1181 25 12 en
381 1174 69 24 ljusets
465 1176 38 17 och
517 1175 116 24 sanningens
643 1181 64 18 seger.
736 1176 43 18 Men
789 1175 37 19 hos
836 1175 25 19 de
871 1181 41 13 me-

172 1207 22 13 ra
208 1200 90 25 sansade,
315 1202 36 18 hos
365 1201 34 19 det
414 1200 42 20 vida
472 1202 72 24 vägnar
558 1200 144 26 öfvervägande
722 1202 70 18 antalet
810 1201 20 19 af
845 1207 67 13 eman-

171 1227 95 26 cipander
279 1228 37 18 har
330 1227 101 25 meningen
445 1228 101 24 ingalunda
561 1227 50 19 varit
625 1228 6 18 i
644 1226 58 27 något
715 1227 94 20 afseende
826 1226 86 26 fiendtlig

173 1256 53 17 emot
240 1253 149 20 kristendomen
403 1254 38 18 och
455 1254 83 26 kyrkan,
553 1253 38 19 och
605 1259 46 13 man
669 1254 36 18 har
721 1254 78 19 derföre
816 1252 17 26 ej
851 1254 61 19 heller

173 1280 43 20 från
229 1280 63 20 denna
306 1279 42 20 sida
361 1279 42 20 låtit
417 1280 101 25 öfvertyga
533 1280 35 26 sig,
580 1282 28 17 att
617 1280 239 25 undervisningsverkens
866 1280 46 20 skil-

171 1305 60 27 jande
245 1305 43 20 från
303 1306 143 25 domkapitlens
456 1306 136 25 öfveruppsigt
600 1312 49 13 vore
658 1306 90 26 liktydigt
761 1306 46 20 med
821 1309 28 17 att
856 1307 55 19 ställa

172 1332 46 23 dem
231 1335 56 16 utom
301 1332 159 20 kristendomens
474 1333 38 19 och
526 1312 85 45 kyrkans
626 1332 95 24 helgande
734 1332 103 25 inflytelse.
868 1334 43 18 Man
931 1331 2 2 '

169 1358 39 19 har
222 1357 58 25 vågat
294 1358 57 24 lugna
366 1357 30 26 sig
409 1358 45 18 med
468 1357 38 19 den
520 1358 67 23 tanke,
602 1360 29 16 att
643 1357 46 19 med
707 1356 56 21 Guds
783 1357 53 26 hjelp
852 1358 59 19 Kristi

171 1384 65 27 kyrka
250 1383 90 21 sträcker
354 1383 29 25 sig
397 1382 53 27 långt
463 1386 56 17 utom
534 1383 137 26 domkapitlets
686 1384 79 26 väggar,
780 1388 52 15 samt
846 1386 27 17 att
887 1390 23 13 en

171 1410 91 23 lefvande
275 1410 121 20 kristendom
410 1410 82 26 klappar
505 1411 5 18 i
525 1410 71 25 många
611 1411 59 19 andra
678 1409 79 26 hjertan
767 1412 53 18 inom
827 1410 85 21 försam-

171 1437 76 26 lingen;
259 1438 24 20 än
297 1437 57 21 deras
369 1442 44 15 som
426 1437 48 20 bära
488 1437 25 20 de
527 1439 52 24 yttre
593 1437 116 26 insignierna
724 1437 20 20 af
756 1436 72 21 Ordets
843 1436 67 27 tjenst.
