1000 1814
184 121 37 31 298
400 124 71 23 Nådiga
483 125 138 22 Propositionen
635 125 36 18 N:o
683 125 28 17 13.

187 175 118 31 sysselsätta
320 175 30 25 sig
363 175 46 19 med
424 174 70 29 sådant
508 175 60 29 lofligt
581 175 74 23 arbete,
670 180 44 14 som
723 174 45 20 med
778 169 153 35 straffanstalten

186 203 22 17 är
225 201 97 26 förenligt.
349 201 41 19 Kan
408 202 38 18 han
463 200 16 26 ej
498 201 68 20 anvisa
583 192 72 28 sådant
670 202 76 23 arbete,
764 206 47 14 vare
825 200 24 20 då
864 201 68 26 pligtig

188 230 29 17 att
229 228 31 19 för
272 228 89 18 Kronans
376 227 82 26 räkning
473 228 79 19 förrätta
567 228 86 25 lämpligt
668 217 128 30 handarbete.

241 254 42 20 Kan
300 254 68 25 fånge,
387 260 44 13 som
447 242 11 31 i
471 254 65 20 stads-
552 254 47 20 eller
616 254 153 26 tingslagshäkte
786 254 60 19 insatt
860 254 70 26 blifvit,

188 280 44 20 icke
249 281 69 19 anvisa
336 281 68 19 arbete
421 282 50 18 efter
488 283 45 23 eget
549 281 41 25 val,
610 281 61 19 varde
691 280 24 20 då
736 281 50 19 efter
807 280 127 26 möjligheten

189 308 106 25 sysselsatt
312 306 47 21 med
376 308 87 25 lämpligt
479 308 69 20 arbete
564 308 30 19 för
611 308 89 25 stadens,
720 307 150 26 församlingens
888 308 47 20 eller

188 334 90 20 Kronans
292 334 89 26 räkning.

243 361 24 19 38
283 361 15 26 $.
328 360 72 26 Förgår
415 361 29 26 sig
459 360 57 27 fånge
530 366 72 20 genom
617 361 144 19 öfverträdelse
775 361 20 19 af
803 361 131 25 fängelseord-

190 387 77 27 ningen,
284 388 48 19 eller
346 388 85 19 föröfvar
446 388 38 19 han
499 388 77 19 mindre
590 388 59 24 brott,
666 387 29 20 för
710 387 75 19 hvilket
797 388 46 19 med
854 388 80 25 pennin-

189 419 35 20 gar
238 414 57 20 bötas
309 414 44 30 kan,
369 414 62 20 varde
445 414 78 20 derföre
537 415 21 19 af
569 414 211 25 fängelsedirektionen
794 414 80 20 straffad
888 415 46 19 med

190 441 122 25 inspärrning
329 441 6 19 i
351 440 38 26 ljus
408 442 34 19 cell
458 442 58 25 högst
529 442 66 18 trettio
610 441 66 25 dagar,
693 441 47 19 eller
753 441 46 19 med
814 444 67 16 vatten
896 442 38 19 och

190 467 56 26 bröd,
262 468 48 20 eller
323 468 46 20 med
384 457 111 31 insättande
508 468 5 19 i
528 467 37 31 ljus
579 468 36 20 cell
630 468 34 19 vid
678 470 68 17 vatten
761 468 37 19 och
813 468 49 20 bröd
876 468 59 26 högst

190 493 40 21 åtta
242 484 70 37 dagar,
326 495 47 19 eller
387 495 46 19 med
447 494 123 26 inspärrning
584 495 5 19 i
603 494 58 20 mörk
675 495 43 25 cell,
731 495 46 19 eller
786 494 52 26 dylik
850 496 86 25 inspärr-

191 522 44 24 ning
252 522 34 19 vid
302 524 68 17 vatten
387 522 39 19 och
443 522 50 20 bröd
509 522 59 26 högst
581 522 44 25 fyra
639 521 66 25 dagar,
715 510 55 31 "eller
785 522 90 26 slutligen
890 522 46 20 med

191 548 109 20 insättande
316 548 5 18 i
339 554 70 14 enrum
426 549 28 19 för
473 548 63 26 någon
550 548 30 20 del
595 549 46 19 eller
656 536 115 32 återstoden
785 548 20 19 af
818 548 116 25 strafftiden,

191 574 67 20 såsom
272 575 6 19 i
292 574 26 32 36
332 574 10 26 $
356 575 61 31 sagdt
427 576 28 18 är.

242 600 25 26 Ej
281 600 32 20 mä
328 602 52 19 dock
395 601 63 27 någon
472 602 6 19 i
491 602 86 19 fängelse
592 600 114 27 gvarhällas
720 602 78 19 utöfver
811 602 38 20 den
863 602 5 19 i
881 602 55 20 dom-

190 628 73 20 stolens
276 628 65 26 utslag
355 616 103 32 bestämda
472 628 55 20 strafi
515 607 48 41 Pa.

244 654 25 20 39
283 654 17 26 $.
330 654 63 26 Begär
407 654 57 26 fånge
479 655 71 20 urbota
559 640 64 45 brott,
640 654 60 20 varde
714 654 24 21 då
754 655 20 19 af
782 654 84 21 domstol
877 655 60 21 dömd

192 681 49 21 efter
254 682 39 25 lag.

245 708 26 20 40
286 708 16 25 $.
332 708 38 20 Om
388 709 73 25 fängsel
479 714 49 14 vare
544 709 7 19 i
564 708 86 26 fängelse
664 708 32 26 lag
710 714 82 20 samma,
808 714 44 14 som
866 709 6 19 i
886 710 25 19 28
925 709 13 26 $

192 740 33 14 om
240 735 84 19 tukthus
337 734 57 27 sagdt
408 724 28 31 är.

485 800 158 24 Slutstadganden.

247 842 23 19 41
288 841 16 25 $.
334 841 58 20 Hvad
409 842 29 18 för
455 842 58 25 öfrigt
529 841 60 26 angår
607 841 169 26 tukthusstraffot,
798 841 87 26 fängelse
905 842 34 20 vid

195 870 65 18 vatten
278 869 38 19 och
332 868 50 20 bröd
400 868 38 20 och
455 868 169 26 fängelsestraffet,
640 868 60 20 varde
715 868 99 20 bestämdt
824 869 10 28 i
848 869 91 20 tukthus-

194 895 38 19 och
250 895 201 25 fängelseordningar,
471 901 43 14 som
529 896 21 19 af
563 896 62 19 Hans
640 894 132 26 Kejserliga
786 896 108 24 Majestät
908 898 31 17 ut-

194 922 72 19 färdas.

246 949 26 19 42
286 948 16 26 $.
333 949 66 19 Denna
417 948 112 27 förordning
546 948 56 21 träde
618 948 5 19 i
637 948 129 20 verksamhet
780 948 38 20 den
834 949 9 20 1
860 949 78 19 Januari

195 974 57 20 1865.

406 1028 63 26 Enligt
490 1029 61 19 Hans
571 1028 135 26 Kejserliga
722 1027 123 27 Majestäts
862 1028 76 26 Nädiga

336 1054 114 27 befallning,
469 1056 66 24 gifven
553 1056 5 18 i
575 1056 31 19 S:t
623 1056 120 24 Petersburg
760 1056 37 19 den
812 1056 23 20 31
851 1056 39 19 Juli
904 1056 34 25 (12

335 1081 91 26 Augusti)
442 1082 59 20 1863.

461 1170 74 18 Alex.
547 1170 125 18 Armfelt.

665 1274 21 19 A.
698 1274 28 19 W.
738 1274 131 20 Wallensköld.
