998 1759
282 90 71 23 Nådiga
364 91 139 23 Propositionen
517 92 36 16 N:o
566 93 27 17 13.
775 93 34 19 347

270 140 63 20 dömes
351 142 26 18 till
395 141 92 26 tjuguåtta
507 142 70 26 dagars
590 143 88 25 fängelse
696 142 32 19 vid
745 146 63 17 vatten

270 169 33 19 och
321 170 46 19 bröd
385 172 49 17 samt
453 170 133 26 tukthusstraff
593 170 28 26 pä
636 171 62 25 lifstid.
727 171 41 25 (M.
783 172 23 19 B.

270 196 13 19 4
298 198 43 24 kap.
357 199 11 19 1
382 198 17 25 f
413 198 12 18 1
439 198 67 25 mom.)

328 226 24 20 10
367 227 16 25 $.
416 226 41 19 Har
471 226 68 25 någon,
554 229 8 17 i
576 227 68 25 uppsåt
657 230 28 16 att
699 226 57 24 döda,
766 228 42 19 med

269 252 66 20 berädt
351 254 44 19 mod
411 254 83 25 beröfvat
511 262 64 12 annan
592 256 55 24 lifvet,
662 261 45 13 vare
722 255 31 25 lag
767 262 40 12 som

269 282 6 18 i
289 282 14 18 9
318 281 17 25 f
349 282 56 24 sagdt
419 284 28 16 är.
477 282 39 25 (M.
532 283 23 19 B.
570 283 25 18 12
610 283 42 24 kap.
668 283 11 18 1
694 282 17 25 f
725 290 24 11 m.
764 283 30 25 fl)

328 308 35 20 Om
381 309 114 20 barnamord
512 313 49 16 samt
578 317 30 12 om
626 309 47 26 dråp
687 311 42 18 med
743 310 64 20 berädt

269 337 49 22 mod,
334 343 40 13 som
388 337 43 20 sker
445 339 7 17 i
466 340 58 23 envig,
540 341 25 16 är
578 338 89 19 särskildt
681 338 95 26 stadgadt.

330 365 23 19 11
369 364 17 26 $.
411 365 141 27 (Likalydande
565 366 46 19 med
627 366 24 19 12
669 365 10 26 $
696 366 5 19 i
717 366 90 25 proposi-

268 391 81 24 tionen).

326 418 24 19 12
364 417 17 25 8.
413 418 42 21 Har
472 419 62 26 någon
546 420 86 25 föröfvat
645 419 62 20 sådan
721 421 84 24 missger-

269 448 51 24 ning,
335 454 40 13 som
389 449 7 17 i
410 447 21 24 9,
446 448 28 19 10
489 448 43 19 eller
545 447 24 20 11
578 447 34 26 ff
626 451 83 20 nämnes,
725 448 34 19 och
773 451 33 16 äro

267 476 181 25 omständigheterna
467 477 64 18 dervid
549 476 114 23 mildrande,
683 476 31 19 mä
733 477 74 25 straffet

268 504 69 21 kunna.
346 504 27 19 till
387 504 74 20 tukthus
469 505 49 25 från
532 505 34 19 och
580 504 42 19 med
637 506 24 18 tio
677 505 26 19 till
717 505 34 20 och
764 505 42 19 med

269 533 36 25 tolf
315 532 24 19 är
352 532 102 20 nedsättas.

326 560 23 19 13
365 561 16 23 %.
414 560 86 24 Hvilken,
520 567 40 14 som
576 560 117 26 uppsåtligen
711 561 42 19 med
772 561 34 19 ord

267 589 44 20 eller
324 589 75 25 skrifter
413 589 60 19 lastar
487 590 33 18 och
534 589 76 19 smäder
620 589 49 23 Gud,
681 588 54 20 Hans
745 589 61 25 heliga

269 617 40 20 Ord
327 617 34 20 och
379 617 142 23 sakramenten,
541 617 73 23 dömes,
634 624 29 13 om
681 617 32 19 det
730 617 16 25 ej
763 617 44 19 sker

267 645 86 20 obetänkt
371 646 33 19 och
423 646 23 23 af
461 645 101 26 hastighet,
579 645 26 19 till
620 645 132 26 tukthusstraff
757 644 49 27 från

267 675 33 19 och
315 674 42 19 med
371 681 35 12 sex
420 673 91 20 månader
525 674 26 19 till
565 674 33 19 och
612 674 42 19 med
662 675 49 24 fyra
721 673 28 20 är.
765 673 38 26 (M.

267 703 24 19 B.
307 702 12 19 1
334 702 43 26 kap.
393 703 12 18 1
419 701 17 26 f
450 702 11 19 1
475 702 67 25 mom.)

330 731 24 19 14
370 731 17 25 $.
418 730 33 25 (Af
464 729 100 20 enahanda
578 729 77 27 lydelse
669 729 46 20 med
729 735 75 14 samma

269 757 10 26 $
293 757 5 20 i
312 756 163 27 propositionen).

289 785 3 2 *
325 783 54 26 458.
414 783 61 26 Begär
488 783 62 26 någon
565 784 68 25 tidelag
647 783 34 20 och
695 785 24 17 är
731 785 73 23 gernin-

264 819 37 19 gen
313 813 122 26 fullbordad,
455 813 75 24 strafes
548 812 43 19 med
612 811 74 20 tukthus
701 810 49 27 från
771 812 34 19 och

266 841 42 20 med
325 844 25 17 ett
368 842 26 19 till
413 841 33 20 och
463 841 42 18 med
523 840 30 20 två
572 839 32 26 är;
622 840 33 19 och
672 839 59 19 varde
745 839 60 26 djuret

266 869 70 20 dödadt
353 870 44 19 eller
415 869 26 19 till
457 876 64 12 annan
538 871 30 18 ort
581 867 153 26 undanskaffadt.
764 867 39 26 (M.

265 897 24 20 B.
305 898 28 20 10
347 897 43 26 kap.
406 897 11 19 1
431 897 36 26 f.)

309 928 3 1 *
327 926 25 19 16
367 925 16 25 $.
413 925 138 26 (Likalydande
564 923 46 20 med
625 929 74 14 samma
710 919 12 36 $
740 923 5 19 i
760 929 44 19 pro-

264 952 127 25 positionen).

324 979 23 19 17
363 978 17 25 $.
411 979 49 22 Den,
475 985 41 12 som
530 977 41 20 med
584 976 45 20 våld
643 979 52 22 tager
709 977 34 19 och
757 976 46 19 bort-

260 1009 56 24 förer
332 1014 64 13 annan
414 1013 53 13 mans
485 1007 66 18 hustru
568 1005 44 19 eller
623 1005 129 25 fästegvinna,
767 1006 38 17 mot

265 1036 69 19 hennes
348 1036 51 25 vilja,
416 1035 62 19 dömes
493 1035 26 19 till
533 1033 75 24 tukthus
616 1032 49 26 från
679 1033 34 18 och
724 1032 43 19 med
771 1033 32 24 fy-

266 1071 23 12 ra
305 1065 26 18 till
345 1064 34 20 och
393 1063 42 19 med
449 1062 40 20 åtta
508 1062 28 19 år.
566 1061 88 19 Kommer
672 1060 47 26 häfd
738 1060 65 23 dertill,

266 1092 75 25 straffes
355 1091 42 20 med
412 1091 73 20 tukthus
499 1092 7 17 i
522 1090 34 23 tolf
565 1088 25 31 är
599 1089 42 19 eller
649 1087 26 26 pä
685 1088 63 26 lifstid.
763 1087 40 26 (M.

269 1120 20 19 B.
305 1120 26 19 22
345 1121 43 25 kap.
404 1119 14 18 3
432 1119 34 26 i.)

325 1149 24 19 18
363 1148 17 25 $.
412 1147 60 19 Förer
489 1146 61 25 någon
568 1145 40 19 bort
622 1144 41 19 med
677 1144 44 19 våld
735 1145 30 17 mö
780 1144 23 19 el-

265 1177 27 18 ler
306 1176 55 23 enka,
377 1181 40 13 som
431 1175 16 26 ej
462 1175 39 23 fäst
514 1177 29 20 är,
559 1173 74 24 straffes
647 1172 63 19 såsom
724 1173 7 18 i
745 1171 28 20 56
787 1170 17 27 f

265 1205 24 26 af
303 1204 61 19 denna
377 1203 114 26 förordning
508 1205 60 23 säges.
599 1199 75 27 Häfdar
691 1201 38 18 han
747 1199 57 19 henne

265 1235 38 16 mot
322 1232 67 18 hennes
408 1231 56 25 vilja,
484 1231 63 18 dömes
567 1229 27 20 till
614 1229 73 18 tukthus
700 1227 49 26 frän
770 1227 34 19 och

267 1259 42 20 med
322 1259 41 20 åtta
377 1259 27 19 til
419 1259 34 19 och
466 1258 42 19 med
522 1257 36 26 tolf
564 1255 24 20 är
597 1256 44 19 eller
647 1255 28 26 pä
685 1255 63 26 lifstid.
764 1253 39 26 (M.

267 1288 22 19 B.
305 1287 26 20 22
346 1287 43 25 kap.
404 1287 13 18 4
431 1286 34 26 (.)

328 1325 25 19 19
367 1323 16 26 $.
414 1321 139 27 (Likalydande
566 1321 46 20 med
627 1326 75 14 samma
710 1315 10 38 $
739 1319 6 19 i
759 1324 45 19 pro-

267 1351 126 26 positionen).

325 1383 25 18 20
363 1382 19 25 $.
414 1383 65 19 Fader
497 1382 43 19 eller
559 1381 73 21 moder,
652 1379 44 19 eller
714 1384 64 13 annan
794 1378 7 17 i
