<?xml version="1.0" encoding="UTF-8"?>
<alto xmlns="http://www.loc.gov/standards/alto/ns-v3#" xmlns:xlink="http://www.w3.org/1999/xlink" xmlns:xsi="http://www.w3.org/2001/XMLSchema-instance" xsi:schemaLocation="http://www.loc.gov/standards/alto/ns-v3# http://www.loc.gov/alto/v3/alto-3-0.xsd">
	<Description>
		<MeasurementUnit>pixel</MeasurementUnit>
		<sourceImageInformation>
			<fileName>/tmp/tess_dwx64wz5_input.PNG</fileName>
		</sourceImageInformation>
		<OCRProcessing ID="OCR_0">
			<ocrProcessingStep>
				<processingSoftware>
					<softwareName>tesseract 5.3.4</softwareName>
				</processingSoftware>
			</ocrProcessingStep>
		</OCRProcessing>
	</Description>
	<Layout>
		<Page WIDTH="1011" HEIGHT="1767" PHYSICAL_IMG_NR="0" ID="page_0">
			<PrintSpace HPOS="0" VPOS="0" WIDTH="1011" HEIGHT="1767">
				<ComposedBlock ID="cblock_0" HPOS="195" VPOS="127" WIDTH="524" HEIGHT="24">
					<TextBlock ID="block_0" HPOS="195" VPOS="127" WIDTH="524" HEIGHT="24">
						<TextLine ID="line_0" HPOS="195" VPOS="127" WIDTH="524" HEIGHT="24">
							<String ID="string_0" HPOS="195" VPOS="130" WIDTH="21" HEIGHT="18" WC="0.95" CONTENT="36"/><SP WIDTH="204" VPOS="130" HPOS="216"/>
							<String ID="string_1" HPOS="420" VPOS="129" WIDTH="71" HEIGHT="21" WC="0.92" CONTENT="Nådiga"/><SP WIDTH="12" VPOS="129" HPOS="491"/>
							<String ID="string_2" HPOS="503" VPOS="129" WIDTH="139" HEIGHT="22" WC="0.96" CONTENT="Propositionen"/><SP WIDTH="13" VPOS="129" HPOS="642"/>
							<String ID="string_3" HPOS="655" VPOS="128" WIDTH="35" HEIGHT="16" WC="0.96" CONTENT="N:o"/><SP WIDTH="13" VPOS="128" HPOS="690"/>
							<String ID="string_4" HPOS="703" VPOS="127" WIDTH="16" HEIGHT="16" WC="0.93" CONTENT="2."/>
						</TextLine>
					</TextBlock>
				</ComposedBlock>
				<ComposedBlock ID="cblock_1" HPOS="197" VPOS="174" WIDTH="754" HEIGHT="1270">
					<TextBlock ID="block_1" HPOS="197" VPOS="174" WIDTH="739" HEIGHT="57">
						<TextLine ID="line_1" HPOS="197" VPOS="174" WIDTH="739" HEIGHT="29">
							<String ID="string_5" HPOS="197" VPOS="185" WIDTH="43" HEIGHT="13" WC="0.96" CONTENT="som"/><SP WIDTH="16" VPOS="185" HPOS="240"/>
							<String ID="string_6" HPOS="256" VPOS="182" WIDTH="45" HEIGHT="20" WC="0.96" CONTENT="utan"/><SP WIDTH="15" VPOS="182" HPOS="301"/>
							<String ID="string_7" HPOS="316" VPOS="178" WIDTH="92" HEIGHT="19" WC="0.96" CONTENT="särskildt"/><SP WIDTH="14" VPOS="178" HPOS="408"/>
							<String ID="string_8" HPOS="422" VPOS="177" WIDTH="106" HEIGHT="26" WC="0.96" CONTENT="stadgande"/><SP WIDTH="14" VPOS="177" HPOS="528"/>
							<String ID="string_9" HPOS="542" VPOS="180" WIDTH="22" HEIGHT="16" WC="0.93" CONTENT="är"/><SP WIDTH="16" VPOS="180" HPOS="564"/>
							<String ID="string_10" HPOS="580" VPOS="176" WIDTH="95" HEIGHT="24" WC="0.91" CONTENT="sjelffallet"/><SP WIDTH="13" VPOS="176" HPOS="675"/>
							<String ID="string_11" HPOS="688" VPOS="176" WIDTH="38" HEIGHT="18" WC="0.96" CONTENT="och"/><SP WIDTH="13" VPOS="176" HPOS="726"/>
							<String ID="string_12" HPOS="739" VPOS="174" WIDTH="64" HEIGHT="19" WC="0.93" CONTENT="måste"/><SP WIDTH="14" VPOS="174" HPOS="803"/>
							<String ID="string_13" HPOS="817" VPOS="174" WIDTH="119" HEIGHT="23" WC="0.92" CONTENT="efterlefvas,"/>
						</TextLine>
						<TextLine ID="line_2" HPOS="197" VPOS="202" WIDTH="205" HEIGHT="29">
							<String ID="string_14" HPOS="197" VPOS="210" WIDTH="60" HEIGHT="21" WC="0.96" CONTENT="synes"/><SP WIDTH="14" VPOS="210" HPOS="257"/>
							<String ID="string_15" HPOS="271" VPOS="202" WIDTH="65" HEIGHT="28" WC="0.96" CONTENT="kunna"/><SP WIDTH="13" VPOS="202" HPOS="336"/>
							<String ID="string_16" HPOS="349" VPOS="204" WIDTH="53" HEIGHT="25" WC="0.95" CONTENT="utgå."/>
						</TextLine>
					</TextBlock>
					<TextBlock ID="block_2" HPOS="198" VPOS="226" WIDTH="743" HEIGHT="242">
						<TextLine ID="line_3" HPOS="250" VPOS="226" WIDTH="689" HEIGHT="30">
							<String ID="string_17" HPOS="250" VPOS="230" WIDTH="10" HEIGHT="26" WC="0.92" CONTENT="$"/><SP WIDTH="14" VPOS="230" HPOS="260"/>
							<String ID="string_18" HPOS="274" VPOS="232" WIDTH="19" HEIGHT="18" WC="0.95" CONTENT="5."/><SP WIDTH="16" VPOS="232" HPOS="293"/>
							<String ID="string_19" HPOS="309" VPOS="227" WIDTH="62" HEIGHT="23" WC="0.96" CONTENT="Öfver"/><SP WIDTH="13" VPOS="227" HPOS="371"/>
							<String ID="string_20" HPOS="384" VPOS="230" WIDTH="82" HEIGHT="20" WC="0.94" CONTENT="tilltänkt"/><SP WIDTH="14" VPOS="230" HPOS="466"/>
							<String ID="string_21" HPOS="480" VPOS="228" WIDTH="110" HEIGHT="27" WC="0.96" CONTENT="försäljning"/><SP WIDTH="16" VPOS="228" HPOS="590"/>
							<String ID="string_22" HPOS="606" VPOS="229" WIDTH="20" HEIGHT="19" WC="0.93" CONTENT="af"/><SP WIDTH="12" VPOS="229" HPOS="626"/>
							<String ID="string_23" HPOS="638" VPOS="228" WIDTH="103" HEIGHT="26" WC="0.91" CONTENT="omyndigs"/><SP WIDTH="14" VPOS="228" HPOS="741"/>
							<String ID="string_24" HPOS="755" VPOS="228" WIDTH="51" HEIGHT="18" WC="0.96" CONTENT="fasta"/><SP WIDTH="14" VPOS="228" HPOS="806"/>
							<String ID="string_25" HPOS="820" VPOS="226" WIDTH="49" HEIGHT="25" WC="0.96" CONTENT="gods"/><SP WIDTH="14" VPOS="226" HPOS="869"/>
							<String ID="string_26" HPOS="883" VPOS="226" WIDTH="56" HEIGHT="28" WC="0.96" CONTENT="torde"/>
						</TextLine>
						<TextLine ID="line_4" HPOS="198" VPOS="251" WIDTH="742" HEIGHT="31">
							<String ID="string_27" HPOS="198" VPOS="258" WIDTH="25" HEIGHT="19" WC="0.96" CONTENT="de"/><SP WIDTH="18" VPOS="258" HPOS="223"/>
							<String ID="string_28" HPOS="241" VPOS="258" WIDTH="5" HEIGHT="18" WC="0.86" CONTENT="i"/><SP WIDTH="18" VPOS="258" HPOS="246"/>
							<String ID="string_29" HPOS="264" VPOS="257" WIDTH="10" HEIGHT="25" WC="0.91" CONTENT="$"/><SP WIDTH="19" VPOS="257" HPOS="274"/>
							<String ID="string_30" HPOS="293" VPOS="258" WIDTH="8" HEIGHT="18" WC="0.93" CONTENT="1"/><SP WIDTH="17" VPOS="258" HPOS="301"/>
							<String ID="string_31" HPOS="318" VPOS="256" WIDTH="117" HEIGHT="20" WC="0.92" CONTENT="omnämnde"/><SP WIDTH="14" VPOS="256" HPOS="435"/>
							<String ID="string_32" HPOS="449" VPOS="256" WIDTH="50" HEIGHT="25" WC="0.96" CONTENT="gode"/><SP WIDTH="14" VPOS="256" HPOS="499"/>
							<String ID="string_33" HPOS="513" VPOS="258" WIDTH="45" HEIGHT="17" WC="0.93" CONTENT="män"/><SP WIDTH="14" VPOS="258" HPOS="558"/>
							<String ID="string_34" HPOS="572" VPOS="256" WIDTH="48" HEIGHT="18" WC="0.95" CONTENT="böra"/><SP WIDTH="14" VPOS="256" HPOS="620"/>
							<String ID="string_35" HPOS="634" VPOS="255" WIDTH="65" HEIGHT="23" WC="0.94" CONTENT="höras,"/><SP WIDTH="16" VPOS="255" HPOS="699"/>
							<String ID="string_36" HPOS="715" VPOS="254" WIDTH="5" HEIGHT="18" WC="0.96" CONTENT="i"/><SP WIDTH="15" VPOS="254" HPOS="720"/>
							<String ID="string_37" HPOS="735" VPOS="254" WIDTH="31" HEIGHT="19" WC="0.93" CONTENT="fall"/><SP WIDTH="15" VPOS="254" HPOS="766"/>
							<String ID="string_38" HPOS="781" VPOS="253" WIDTH="77" HEIGHT="19" WC="0.84" CONTENT="frånder"/><SP WIDTH="15" VPOS="253" HPOS="858"/>
							<String ID="string_39" HPOS="873" VPOS="258" WIDTH="16" HEIGHT="19" WC="0.93" CONTENT="ej"/><SP WIDTH="15" VPOS="258" HPOS="889"/>
							<String ID="string_40" HPOS="904" VPOS="251" WIDTH="36" HEIGHT="19" WC="0.93" CONTENT="fin-"/>
						</TextLine>
						<TextLine ID="line_5" HPOS="199" VPOS="279" WIDTH="741" HEIGHT="30">
							<String ID="string_41" HPOS="199" VPOS="290" WIDTH="45" HEIGHT="19" WC="0.95" CONTENT="nas,"/><SP WIDTH="20" VPOS="290" HPOS="244"/>
							<String ID="string_42" HPOS="264" VPOS="284" WIDTH="47" HEIGHT="18" WC="0.96" CONTENT="eller"/><SP WIDTH="18" VPOS="284" HPOS="311"/>
							<String ID="string_43" HPOS="329" VPOS="282" WIDTH="58" HEIGHT="20" WC="0.96" CONTENT="deras"/><SP WIDTH="17" VPOS="282" HPOS="387"/>
							<String ID="string_44" HPOS="404" VPOS="282" WIDTH="60" HEIGHT="20" WC="0.95" CONTENT="fördel"/><SP WIDTH="19" VPOS="282" HPOS="464"/>
							<String ID="string_45" HPOS="483" VPOS="284" WIDTH="20" HEIGHT="18" WC="0.96" CONTENT="är"/><SP WIDTH="18" VPOS="284" HPOS="503"/>
							<String ID="string_46" HPOS="521" VPOS="285" WIDTH="54" HEIGHT="16" WC="0.96" CONTENT="emot"/><SP WIDTH="13" VPOS="285" HPOS="575"/>
							<String ID="string_47" HPOS="588" VPOS="282" WIDTH="38" HEIGHT="19" WC="0.93" CONTENT="den"/><SP WIDTH="14" VPOS="282" HPOS="626"/>
							<String ID="string_48" HPOS="640" VPOS="280" WIDTH="114" HEIGHT="26" WC="0.91" CONTENT="omyndiges"/><SP WIDTH="15" VPOS="280" HPOS="754"/>
							<String ID="string_49" HPOS="769" VPOS="279" WIDTH="118" HEIGHT="29" WC="0.96" CONTENT="stridande."/><SP WIDTH="17" VPOS="279" HPOS="887"/>
							<String ID="string_50" HPOS="904" VPOS="279" WIDTH="36" HEIGHT="29" WC="0.94" CONTENT="Det"/>
						</TextLine>
						<TextLine ID="line_6" HPOS="199" VPOS="306" WIDTH="740" HEIGHT="28">
							<String ID="string_51" HPOS="199" VPOS="311" WIDTH="35" HEIGHT="18" WC="0.96" CONTENT="här"/><SP WIDTH="20" VPOS="311" HPOS="234"/>
							<String ID="string_52" HPOS="254" VPOS="309" WIDTH="161" HEIGHT="20" WC="0.96" CONTENT="förekommande"/><SP WIDTH="20" VPOS="309" HPOS="415"/>
							<String ID="string_53" HPOS="435" VPOS="308" WIDTH="117" HEIGHT="26" WC="0.94" CONTENT="stadgande,"/><SP WIDTH="24" VPOS="308" HPOS="552"/>
							<String ID="string_54" HPOS="576" VPOS="311" WIDTH="27" HEIGHT="16" WC="0.96" CONTENT="att"/><SP WIDTH="19" VPOS="311" HPOS="603"/>
							<String ID="string_55" HPOS="622" VPOS="307" WIDTH="127" HEIGHT="26" WC="0.96" CONTENT="förmyndare"/><SP WIDTH="19" VPOS="307" HPOS="749"/>
							<String ID="string_56" HPOS="768" VPOS="306" WIDTH="62" HEIGHT="19" WC="0.96" CONTENT="borde"/><SP WIDTH="17" VPOS="306" HPOS="830"/>
							<String ID="string_57" HPOS="847" VPOS="306" WIDTH="5" HEIGHT="18" WC="0.93" CONTENT="i"/><SP WIDTH="18" VPOS="306" HPOS="852"/>
							<String ID="string_58" HPOS="870" VPOS="307" WIDTH="69" HEIGHT="23" WC="0.91" CONTENT="vigtiga"/>
						</TextLine>
						<TextLine ID="line_7" HPOS="200" VPOS="332" WIDTH="741" HEIGHT="29">
							<String ID="string_59" HPOS="200" VPOS="337" WIDTH="40" HEIGHT="19" WC="0.93" CONTENT="och"/><SP WIDTH="13" VPOS="337" HPOS="240"/>
							<String ID="string_60" HPOS="253" VPOS="335" WIDTH="133" HEIGHT="26" WC="0.91" CONTENT="tvifvelaktiga"/><SP WIDTH="16" VPOS="335" HPOS="386"/>
							<String ID="string_61" HPOS="402" VPOS="336" WIDTH="31" HEIGHT="18" WC="0.96" CONTENT="fall"/><SP WIDTH="14" VPOS="336" HPOS="433"/>
							<String ID="string_62" HPOS="447" VPOS="335" WIDTH="107" HEIGHT="25" WC="0.96" CONTENT="bevisligen"/><SP WIDTH="15" VPOS="335" HPOS="554"/>
							<String ID="string_63" HPOS="569" VPOS="334" WIDTH="81" HEIGHT="26" WC="0.96" CONTENT="rådgöra"/><SP WIDTH="10" VPOS="334" HPOS="650"/>
							<String ID="string_64" HPOS="660" VPOS="333" WIDTH="45" HEIGHT="20" WC="0.96" CONTENT="med"/><SP WIDTH="14" VPOS="333" HPOS="705"/>
							<String ID="string_65" HPOS="719" VPOS="333" WIDTH="37" HEIGHT="19" WC="0.92" CONTENT="den"/><SP WIDTH="10" VPOS="333" HPOS="756"/>
							<String ID="string_66" HPOS="766" VPOS="332" WIDTH="114" HEIGHT="26" WC="0.91" CONTENT="omyndiges"/><SP WIDTH="10" VPOS="332" HPOS="880"/>
							<String ID="string_67" HPOS="890" VPOS="332" WIDTH="51" HEIGHT="18" WC="0.88" CONTENT="frän-"/>
						</TextLine>
						<TextLine ID="line_8" HPOS="199" VPOS="358" WIDTH="742" HEIGHT="29">
							<String ID="string_68" HPOS="199" VPOS="363" WIDTH="45" HEIGHT="24" WC="0.96" CONTENT="der,"/><SP WIDTH="20" VPOS="363" HPOS="244"/>
							<String ID="string_69" HPOS="264" VPOS="362" WIDTH="72" HEIGHT="24" WC="0.96" CONTENT="skulle,"/><SP WIDTH="20" VPOS="362" HPOS="336"/>
							<String ID="string_70" HPOS="356" VPOS="363" WIDTH="59" HEIGHT="24" WC="0.96" CONTENT="enligt"/><SP WIDTH="16" VPOS="363" HPOS="415"/>
							<String ID="string_71" HPOS="431" VPOS="362" WIDTH="111" HEIGHT="19" WC="0.92" CONTENT="Utskottets"/><SP WIDTH="18" VPOS="362" HPOS="542"/>
							<String ID="string_72" HPOS="560" VPOS="360" WIDTH="58" HEIGHT="26" WC="0.92" CONTENT="åsigt,"/><SP WIDTH="18" VPOS="360" HPOS="618"/>
							<String ID="string_73" HPOS="636" VPOS="364" WIDTH="44" HEIGHT="16" WC="0.96" CONTENT="utan"/><SP WIDTH="15" VPOS="364" HPOS="680"/>
							<String ID="string_74" HPOS="695" VPOS="360" WIDTH="41" HEIGHT="19" WC="0.87" CONTENT="skäl"/><SP WIDTH="14" VPOS="360" HPOS="736"/>
							<String ID="string_75" HPOS="750" VPOS="358" WIDTH="90" HEIGHT="20" WC="0.92" CONTENT="inveckla"/><SP WIDTH="14" VPOS="358" HPOS="840"/>
							<String ID="string_76" HPOS="854" VPOS="359" WIDTH="87" HEIGHT="25" WC="0.89" CONTENT="förmyn-"/>
						</TextLine>
						<TextLine ID="line_9" HPOS="199" VPOS="384" WIDTH="742" HEIGHT="30">
							<String ID="string_77" HPOS="199" VPOS="388" WIDTH="131" HEIGHT="24" WC="0.91" CONTENT="darevården,"/><SP WIDTH="15" VPOS="388" HPOS="330"/>
							<String ID="string_78" HPOS="345" VPOS="388" WIDTH="53" HEIGHT="20" WC="0.93" CONTENT="helst"/><SP WIDTH="14" VPOS="388" HPOS="398"/>
							<String ID="string_79" HPOS="412" VPOS="388" WIDTH="139" HEIGHT="26" WC="0.91" CONTENT="förmyndaren"/><SP WIDTH="14" VPOS="388" HPOS="551"/>
							<String ID="string_80" HPOS="565" VPOS="388" WIDTH="4" HEIGHT="18" WC="0.96" CONTENT="i"/><SP WIDTH="16" VPOS="388" HPOS="569"/>
							<String ID="string_81" HPOS="585" VPOS="388" WIDTH="59" HEIGHT="19" WC="0.96" CONTENT="dessa"/><SP WIDTH="12" VPOS="388" HPOS="644"/>
							<String ID="string_82" HPOS="656" VPOS="387" WIDTH="32" HEIGHT="19" WC="0.95" CONTENT="fall"/><SP WIDTH="10" VPOS="387" HPOS="688"/>
							<String ID="string_83" HPOS="698" VPOS="386" WIDTH="59" HEIGHT="20" WC="0.93" CONTENT="likväl"/><SP WIDTH="10" VPOS="386" HPOS="757"/>
							<String ID="string_84" HPOS="767" VPOS="385" WIDTH="49" HEIGHT="25" WC="0.92" CONTENT="egde"/><SP WIDTH="9" VPOS="385" HPOS="816"/>
							<String ID="string_85" HPOS="825" VPOS="384" WIDTH="116" HEIGHT="20" WC="0.91" CONTENT="beslutande"/>
						</TextLine>
						<TextLine ID="line_10" HPOS="200" VPOS="411" WIDTH="741" HEIGHT="29">
							<String ID="string_86" HPOS="200" VPOS="418" WIDTH="38" HEIGHT="18" WC="0.96" CONTENT="rätt"/><SP WIDTH="17" VPOS="418" HPOS="238"/>
							<String ID="string_87" HPOS="255" VPOS="416" WIDTH="38" HEIGHT="19" WC="0.96" CONTENT="och"/><SP WIDTH="18" VPOS="416" HPOS="293"/>
							<String ID="string_88" HPOS="311" VPOS="418" WIDTH="92" HEIGHT="16" WC="0.96" CONTENT="ansvaret"/><SP WIDTH="17" VPOS="418" HPOS="403"/>
							<String ID="string_89" HPOS="420" VPOS="415" WIDTH="30" HEIGHT="19" WC="0.96" CONTENT="för"/><SP WIDTH="18" VPOS="415" HPOS="450"/>
							<String ID="string_90" HPOS="468" VPOS="414" WIDTH="92" HEIGHT="26" WC="0.96" CONTENT="åtgärden"/><SP WIDTH="14" VPOS="414" HPOS="560"/>
							<String ID="string_91" HPOS="574" VPOS="413" WIDTH="79" HEIGHT="20" WC="0.93" CONTENT="således"/><SP WIDTH="13" VPOS="413" HPOS="653"/>
							<String ID="string_92" HPOS="666" VPOS="413" WIDTH="72" HEIGHT="25" WC="0.92" CONTENT="jemväl"/><SP WIDTH="15" VPOS="413" HPOS="738"/>
							<String ID="string_93" HPOS="753" VPOS="412" WIDTH="81" HEIGHT="20" WC="0.96" CONTENT="komme"/><SP WIDTH="13" VPOS="412" HPOS="834"/>
							<String ID="string_94" HPOS="847" VPOS="414" WIDTH="28" HEIGHT="17" WC="0.77" CONTENT="att"/><SP WIDTH="15" VPOS="414" HPOS="875"/>
							<String ID="string_95" HPOS="890" VPOS="411" WIDTH="51" HEIGHT="19" WC="0.92" CONTENT="hvila"/>
						</TextLine>
						<TextLine ID="line_11" HPOS="200" VPOS="438" WIDTH="740" HEIGHT="30">
							<String ID="string_96" HPOS="200" VPOS="442" WIDTH="12" HEIGHT="20" WC="0.93" CONTENT="å"/><SP WIDTH="14" VPOS="442" HPOS="212"/>
							<String ID="string_97" HPOS="226" VPOS="443" WIDTH="82" HEIGHT="23" WC="0.96" CONTENT="honom;"/><SP WIDTH="20" VPOS="443" HPOS="308"/>
							<String ID="string_98" HPOS="328" VPOS="442" WIDTH="37" HEIGHT="25" WC="0.96" CONTENT="och"/><SP WIDTH="15" VPOS="442" HPOS="365"/>
							<String ID="string_99" HPOS="380" VPOS="447" WIDTH="60" HEIGHT="21" WC="0.96" CONTENT="synes"/><SP WIDTH="14" VPOS="447" HPOS="440"/>
							<String ID="string_100" HPOS="454" VPOS="441" WIDTH="99" HEIGHT="20" WC="0.95" CONTENT="Utskottet"/><SP WIDTH="14" VPOS="441" HPOS="553"/>
							<String ID="string_101" HPOS="567" VPOS="440" WIDTH="52" HEIGHT="20" WC="0.96" CONTENT="detta"/><SP WIDTH="15" VPOS="440" HPOS="619"/>
							<String ID="string_102" HPOS="634" VPOS="440" WIDTH="107" HEIGHT="26" WC="0.96" CONTENT="stadgande"/><SP WIDTH="14" VPOS="440" HPOS="741"/>
							<String ID="string_103" HPOS="755" VPOS="438" WIDTH="55" HEIGHT="21" WC="0.96" CONTENT="alltså"/><SP WIDTH="15" VPOS="438" HPOS="810"/>
							<String ID="string_104" HPOS="825" VPOS="439" WIDTH="47" HEIGHT="19" WC="0.96" CONTENT="böra"/><SP WIDTH="14" VPOS="439" HPOS="872"/>
							<String ID="string_105" HPOS="886" VPOS="438" WIDTH="54" HEIGHT="26" WC="0.96" CONTENT="utgå."/>
						</TextLine>
					</TextBlock>
					<TextBlock ID="block_3" HPOS="200" VPOS="466" WIDTH="750" HEIGHT="767">
						<TextLine ID="line_12" HPOS="254" VPOS="466" WIDTH="685" HEIGHT="28">
							<String ID="string_106" HPOS="254" VPOS="469" WIDTH="9" HEIGHT="25" WC="0.87" CONTENT="$"/><SP WIDTH="15" VPOS="469" HPOS="263"/>
							<String ID="string_107" HPOS="278" VPOS="469" WIDTH="19" HEIGHT="19" WC="0.91" CONTENT="6."/><SP WIDTH="29" VPOS="469" HPOS="297"/>
							<String ID="string_108" HPOS="326" VPOS="469" WIDTH="61" HEIGHT="19" WC="0.90" CONTENT="Öfver"/><SP WIDTH="15" VPOS="469" HPOS="387"/>
							<String ID="string_109" HPOS="402" VPOS="467" WIDTH="73" HEIGHT="26" WC="0.96" CONTENT="frågan,"/><SP WIDTH="17" VPOS="467" HPOS="475"/>
							<String ID="string_110" HPOS="492" VPOS="474" WIDTH="32" HEIGHT="13" WC="0.96" CONTENT="om"/><SP WIDTH="14" VPOS="474" HPOS="524"/>
							<String ID="string_111" HPOS="538" VPOS="467" WIDTH="127" HEIGHT="26" WC="0.96" CONTENT="förmyndare"/><SP WIDTH="14" VPOS="467" HPOS="665"/>
							<String ID="string_112" HPOS="679" VPOS="467" WIDTH="62" HEIGHT="19" WC="0.96" CONTENT="borde"/><SP WIDTH="13" VPOS="467" HPOS="741"/>
							<String ID="string_113" HPOS="754" VPOS="466" WIDTH="73" HEIGHT="25" WC="0.96" CONTENT="årligen"/><SP WIDTH="14" VPOS="466" HPOS="827"/>
							<String ID="string_114" HPOS="841" VPOS="466" WIDTH="98" HEIGHT="22" WC="0.96" CONTENT="redovisa,"/>
						</TextLine>
						<TextLine ID="line_13" HPOS="200" VPOS="492" WIDTH="743" HEIGHT="27">
							<String ID="string_115" HPOS="200" VPOS="496" WIDTH="58" HEIGHT="19" WC="0.96" CONTENT="äfven"/><SP WIDTH="20" VPOS="496" HPOS="258"/>
							<String ID="string_116" HPOS="278" VPOS="501" WIDTH="33" HEIGHT="14" WC="0.95" CONTENT="om"/><SP WIDTH="21" VPOS="501" HPOS="311"/>
							<String ID="string_117" HPOS="332" VPOS="494" WIDTH="21" HEIGHT="20" WC="0.95" CONTENT="så"/><SP WIDTH="22" VPOS="494" HPOS="353"/>
							<String ID="string_118" HPOS="375" VPOS="495" WIDTH="16" HEIGHT="24" WC="0.93" CONTENT="ej"/><SP WIDTH="19" VPOS="495" HPOS="391"/>
							<String ID="string_119" HPOS="410" VPOS="495" WIDTH="111" HEIGHT="22" WC="0.90" CONTENT="fordrades,"/><SP WIDTH="19" VPOS="495" HPOS="521"/>
							<String ID="string_120" HPOS="540" VPOS="494" WIDTH="37" HEIGHT="19" WC="0.96" CONTENT="kan"/><SP WIDTH="18" VPOS="494" HPOS="577"/>
							<String ID="string_121" HPOS="595" VPOS="494" WIDTH="99" HEIGHT="19" WC="0.95" CONTENT="Utskottet"/><SP WIDTH="17" VPOS="494" HPOS="694"/>
							<String ID="string_122" HPOS="711" VPOS="493" WIDTH="16" HEIGHT="24" WC="0.92" CONTENT="ej"/><SP WIDTH="18" VPOS="493" HPOS="727"/>
							<String ID="string_123" HPOS="745" VPOS="493" WIDTH="72" HEIGHT="24" WC="0.91" CONTENT="afgifva"/><SP WIDTH="16" VPOS="493" HPOS="817"/>
							<String ID="string_124" HPOS="833" VPOS="492" WIDTH="58" HEIGHT="25" WC="0.93" CONTENT="något"/><SP WIDTH="18" VPOS="492" HPOS="891"/>
							<String ID="string_125" HPOS="909" VPOS="492" WIDTH="34" HEIGHT="19" WC="0.92" CONTENT="be-"/>
						</TextLine>
						<TextLine ID="line_14" HPOS="202" VPOS="518" WIDTH="740" HEIGHT="29">
							<String ID="string_126" HPOS="202" VPOS="522" WIDTH="74" HEIGHT="19" WC="0.92" CONTENT="stämdt"/><SP WIDTH="16" VPOS="522" HPOS="276"/>
							<String ID="string_127" HPOS="292" VPOS="521" WIDTH="99" HEIGHT="26" WC="0.96" CONTENT="yttrande,"/><SP WIDTH="20" VPOS="521" HPOS="391"/>
							<String ID="string_128" HPOS="411" VPOS="521" WIDTH="83" HEIGHT="20" WC="0.96" CONTENT="emedan"/><SP WIDTH="17" VPOS="521" HPOS="494"/>
							<String ID="string_129" HPOS="511" VPOS="521" WIDTH="57" HEIGHT="19" WC="0.96" CONTENT="äfven"/><SP WIDTH="18" VPOS="521" HPOS="568"/>
							<String ID="string_130" HPOS="586" VPOS="520" WIDTH="34" HEIGHT="19" WC="0.96" CONTENT="vid"/><SP WIDTH="17" VPOS="520" HPOS="620"/>
							<String ID="string_131" HPOS="637" VPOS="520" WIDTH="88" HEIGHT="24" WC="0.96" CONTENT="votering"/><SP WIDTH="18" VPOS="520" HPOS="725"/>
							<String ID="string_132" HPOS="743" VPOS="519" WIDTH="68" HEIGHT="20" WC="0.96" CONTENT="derom"/><SP WIDTH="15" VPOS="519" HPOS="811"/>
							<String ID="string_133" HPOS="826" VPOS="519" WIDTH="33" HEIGHT="19" WC="0.92" CONTENT="två"/><SP WIDTH="16" VPOS="519" HPOS="859"/>
							<String ID="string_134" HPOS="875" VPOS="518" WIDTH="67" HEIGHT="20" WC="0.92" CONTENT="stånds"/>
						</TextLine>
						<TextLine ID="line_15" HPOS="201" VPOS="545" WIDTH="742" HEIGHT="29">
							<String ID="string_135" HPOS="201" VPOS="548" WIDTH="122" HEIGHT="26" WC="0.93" CONTENT="deputerade"/><SP WIDTH="18" VPOS="548" HPOS="323"/>
							<String ID="string_136" HPOS="341" VPOS="548" WIDTH="76" HEIGHT="19" WC="0.91" CONTENT="stadnat"/><SP WIDTH="15" VPOS="548" HPOS="417"/>
							<String ID="string_137" HPOS="432" VPOS="550" WIDTH="52" HEIGHT="17" WC="0.96" CONTENT="emot"/><SP WIDTH="13" VPOS="550" HPOS="484"/>
							<String ID="string_138" HPOS="497" VPOS="547" WIDTH="25" HEIGHT="20" WC="0.96" CONTENT="de"/><SP WIDTH="14" VPOS="547" HPOS="522"/>
							<String ID="string_139" HPOS="536" VPOS="547" WIDTH="64" HEIGHT="25" WC="0.92" CONTENT="begge"/><SP WIDTH="14" VPOS="547" HPOS="600"/>
							<String ID="string_140" HPOS="614" VPOS="547" WIDTH="61" HEIGHT="25" WC="0.90" CONTENT="öfrige"/><SP WIDTH="14" VPOS="547" HPOS="675"/>
							<String ID="string_141" HPOS="689" VPOS="546" WIDTH="99" HEIGHT="23" WC="0.91" CONTENT="ståndens,"/><SP WIDTH="16" VPOS="546" HPOS="788"/>
							<String ID="string_142" HPOS="804" VPOS="548" WIDTH="46" HEIGHT="17" WC="0.95" CONTENT="utan"/><SP WIDTH="15" VPOS="548" HPOS="850"/>
							<String ID="string_143" HPOS="865" VPOS="545" WIDTH="30" HEIGHT="20" WC="0.92" CONTENT="får"/><SP WIDTH="14" VPOS="545" HPOS="895"/>
							<String ID="string_144" HPOS="909" VPOS="545" WIDTH="34" HEIGHT="20" WC="0.91" CONTENT="Ut-"/>
						</TextLine>
						<TextLine ID="line_16" HPOS="202" VPOS="571" WIDTH="740" HEIGHT="26">
							<String ID="string_145" HPOS="202" VPOS="575" WIDTH="73" HEIGHT="20" WC="0.96" CONTENT="skottet"/><SP WIDTH="22" VPOS="575" HPOS="275"/>
							<String ID="string_146" HPOS="297" VPOS="574" WIDTH="33" HEIGHT="19" WC="0.96" CONTENT="vid"/><SP WIDTH="23" VPOS="574" HPOS="330"/>
							<String ID="string_147" HPOS="353" VPOS="574" WIDTH="69" HEIGHT="19" WC="0.96" CONTENT="sådant"/><SP WIDTH="23" VPOS="574" HPOS="422"/>
							<String ID="string_148" HPOS="445" VPOS="573" WIDTH="119" HEIGHT="20" WC="0.96" CONTENT="förhållande"/><SP WIDTH="20" VPOS="573" HPOS="564"/>
							<String ID="string_149" HPOS="584" VPOS="573" WIDTH="107" HEIGHT="20" WC="0.95" CONTENT="framställa"/><SP WIDTH="20" VPOS="573" HPOS="691"/>
							<String ID="string_150" HPOS="711" VPOS="573" WIDTH="114" HEIGHT="19" WC="0.96" CONTENT="alternativa"/><SP WIDTH="21" VPOS="573" HPOS="825"/>
							<String ID="string_151" HPOS="846" VPOS="572" WIDTH="71" HEIGHT="25" WC="0.94" CONTENT="förslag"/><SP WIDTH="21" VPOS="572" HPOS="917"/>
							<String ID="string_152" HPOS="938" VPOS="571" WIDTH="4" HEIGHT="19" WC="0.96" CONTENT="i"/>
						</TextLine>
						<TextLine ID="line_17" HPOS="202" VPOS="598" WIDTH="741" HEIGHT="29">
							<String ID="string_153" HPOS="202" VPOS="602" WIDTH="85" HEIGHT="25" WC="0.95" CONTENT="enlighet"/><SP WIDTH="19" VPOS="602" HPOS="287"/>
							<String ID="string_154" HPOS="306" VPOS="601" WIDTH="47" HEIGHT="19" WC="0.96" CONTENT="med"/><SP WIDTH="19" VPOS="601" HPOS="353"/>
							<String ID="string_155" HPOS="372" VPOS="601" WIDTH="25" HEIGHT="19" WC="0.96" CONTENT="de"/><SP WIDTH="17" VPOS="601" HPOS="397"/>
							<String ID="string_156" HPOS="414" VPOS="601" WIDTH="68" HEIGHT="18" WC="0.96" CONTENT="härom"/><SP WIDTH="19" VPOS="601" HPOS="482"/>
							<String ID="string_157" HPOS="501" VPOS="599" WIDTH="77" HEIGHT="28" WC="0.93" CONTENT="yttrade"/><SP WIDTH="18" VPOS="599" HPOS="578"/>
							<String ID="string_158" HPOS="596" VPOS="600" WIDTH="133" HEIGHT="25" WC="0.90" CONTENT="meningarne,"/><SP WIDTH="20" VPOS="600" HPOS="729"/>
							<String ID="string_159" HPOS="749" VPOS="599" WIDTH="143" HEIGHT="23" WC="0.96" CONTENT="innehållande,"/><SP WIDTH="19" VPOS="599" HPOS="892"/>
							<String ID="string_160" HPOS="911" VPOS="598" WIDTH="32" HEIGHT="20" WC="0.96" CONTENT="det"/>
						</TextLine>
						<TextLine ID="line_18" HPOS="202" VPOS="625" WIDTH="742" HEIGHT="26">
							<String ID="string_161" HPOS="202" VPOS="633" WIDTH="36" HEIGHT="14" WC="0.94" CONTENT="ena"/><SP WIDTH="24" VPOS="633" HPOS="238"/>
							<String ID="string_162" HPOS="262" VPOS="627" WIDTH="99" HEIGHT="20" WC="0.94" CONTENT="föreskrift"/><SP WIDTH="23" VPOS="627" HPOS="361"/>
							<String ID="string_163" HPOS="384" VPOS="633" WIDTH="32" HEIGHT="13" WC="0.92" CONTENT="om"/><SP WIDTH="24" VPOS="633" HPOS="416"/>
							<String ID="string_164" HPOS="440" VPOS="626" WIDTH="101" HEIGHT="24" WC="0.91" CONTENT="ovilkorlig"/><SP WIDTH="23" VPOS="626" HPOS="541"/>
							<String ID="string_165" HPOS="564" VPOS="626" WIDTH="48" HEIGHT="25" WC="0.93" CONTENT="årlig"/><SP WIDTH="20" VPOS="626" HPOS="612"/>
							<String ID="string_166" HPOS="632" VPOS="625" WIDTH="257" HEIGHT="26" WC="0.79" CONTENT="redovisningsskyldighet"/><SP WIDTH="-1" VPOS="625" HPOS="889"/>
							<String ID="string_167" HPOS="888" VPOS="621" WIDTH="9" HEIGHT="36" WC="0.84" CONTENT=","/><SP WIDTH="14" VPOS="621" HPOS="897"/>
							<String ID="string_168" HPOS="911" VPOS="625" WIDTH="33" HEIGHT="19" WC="0.96" CONTENT="det"/>
						</TextLine>
						<TextLine ID="line_19" HPOS="203" VPOS="651" WIDTH="742" HEIGHT="28">
							<String ID="string_169" HPOS="203" VPOS="654" WIDTH="69" HEIGHT="23" WC="0.95" CONTENT="andra,"/><SP WIDTH="21" VPOS="654" HPOS="272"/>
							<String ID="string_170" HPOS="293" VPOS="653" WIDTH="68" HEIGHT="20" WC="0.96" CONTENT="såsom"/><SP WIDTH="18" VPOS="653" HPOS="361"/>
							<String ID="string_171" HPOS="379" VPOS="655" WIDTH="9" HEIGHT="18" WC="0.93" CONTENT="1"/><SP WIDTH="18" VPOS="655" HPOS="388"/>
							<String ID="string_172" HPOS="406" VPOS="653" WIDTH="9" HEIGHT="26" WC="0.92" CONTENT="$"/><SP WIDTH="16" VPOS="653" HPOS="415"/>
							<String ID="string_173" HPOS="431" VPOS="653" WIDTH="24" HEIGHT="20" WC="0.96" CONTENT="23"/><SP WIDTH="15" VPOS="653" HPOS="455"/>
							<String ID="string_174" HPOS="470" VPOS="653" WIDTH="44" HEIGHT="20" WC="0.93" CONTENT="kap."/><SP WIDTH="16" VPOS="653" HPOS="514"/>
							<String ID="string_175" HPOS="530" VPOS="651" WIDTH="23" HEIGHT="23" WC="0.92" CONTENT="Ä."/><SP WIDTH="16" VPOS="651" HPOS="553"/>
							<String ID="string_176" HPOS="569" VPOS="653" WIDTH="20" HEIGHT="19" WC="0.92" CONTENT="B."/><SP WIDTH="16" VPOS="653" HPOS="589"/>
							<String ID="string_177" HPOS="605" VPOS="652" WIDTH="80" HEIGHT="24" WC="0.96" CONTENT="förmår,"/><SP WIDTH="17" VPOS="652" HPOS="685"/>
							<String ID="string_178" HPOS="702" VPOS="655" WIDTH="28" HEIGHT="17" WC="0.96" CONTENT="att"/><SP WIDTH="13" VPOS="655" HPOS="730"/>
							<String ID="string_179" HPOS="743" VPOS="652" WIDTH="126" HEIGHT="25" WC="0.96" CONTENT="förmyndare"/><SP WIDTH="14" VPOS="652" HPOS="869"/>
							<String ID="string_180" HPOS="883" VPOS="651" WIDTH="62" HEIGHT="20" WC="0.96" CONTENT="borde"/>
						</TextLine>
						<TextLine ID="line_20" HPOS="204" VPOS="677" WIDTH="740" HEIGHT="28">
							<String ID="string_181" HPOS="204" VPOS="680" WIDTH="75" HEIGHT="25" WC="0.96" CONTENT="årligen"/><SP WIDTH="17" VPOS="680" HPOS="279"/>
							<String ID="string_182" HPOS="296" VPOS="680" WIDTH="90" HEIGHT="19" WC="0.96" CONTENT="redovisa"/><SP WIDTH="18" VPOS="680" HPOS="386"/>
							<String ID="string_183" HPOS="404" VPOS="680" WIDTH="69" HEIGHT="19" WC="0.96" CONTENT="endast"/><SP WIDTH="30" VPOS="680" HPOS="473"/>
							<String ID="string_184" HPOS="503" VPOS="679" WIDTH="10" HEIGHT="20" WC="0.96" CONTENT="då"/><SP WIDTH="19" VPOS="679" HPOS="513"/>
							<String ID="string_185" HPOS="532" VPOS="679" WIDTH="69" HEIGHT="20" WC="0.93" CONTENT="sådant"/><SP WIDTH="16" VPOS="679" HPOS="601"/>
							<String ID="string_186" HPOS="617" VPOS="679" WIDTH="120" HEIGHT="26" WC="0.91" CONTENT="påyrkades,"/><SP WIDTH="19" VPOS="679" HPOS="737"/>
							<String ID="string_187" HPOS="756" VPOS="684" WIDTH="46" HEIGHT="13" WC="0.95" CONTENT="men"/><SP WIDTH="14" VPOS="684" HPOS="802"/>
							<String ID="string_188" HPOS="816" VPOS="677" WIDTH="57" HEIGHT="26" WC="0.93" CONTENT="eljest"/><SP WIDTH="14" VPOS="677" HPOS="873"/>
							<String ID="string_189" HPOS="887" VPOS="679" WIDTH="57" HEIGHT="18" WC="0.93" CONTENT="hvart"/>
						</TextLine>
						<TextLine ID="line_21" HPOS="203" VPOS="705" WIDTH="741" HEIGHT="28">
							<String ID="string_190" HPOS="203" VPOS="706" WIDTH="66" HEIGHT="26" WC="0.96" CONTENT="tredje"/><SP WIDTH="14" VPOS="706" HPOS="269"/>
							<String ID="string_191" HPOS="283" VPOS="706" WIDTH="22" HEIGHT="20" WC="0.93" CONTENT="år"/><SP WIDTH="14" VPOS="706" HPOS="305"/>
							<String ID="string_192" HPOS="319" VPOS="707" WIDTH="70" HEIGHT="26" WC="0.91" CONTENT="afgifva"/><SP WIDTH="14" VPOS="707" HPOS="389"/>
							<String ID="string_193" HPOS="403" VPOS="706" WIDTH="106" HEIGHT="26" WC="0.93" CONTENT="behörigen"/><SP WIDTH="15" VPOS="706" HPOS="509"/>
							<String ID="string_194" HPOS="524" VPOS="706" WIDTH="83" HEIGHT="20" WC="0.92" CONTENT="afslutad"/><SP WIDTH="14" VPOS="706" HPOS="607"/>
							<String ID="string_195" HPOS="621" VPOS="706" WIDTH="81" HEIGHT="25" WC="0.95" CONTENT="räkning"/><SP WIDTH="14" VPOS="706" HPOS="702"/>
							<String ID="string_196" HPOS="716" VPOS="706" WIDTH="54" HEIGHT="19" WC="0.96" CONTENT="öfver"/><SP WIDTH="14" VPOS="706" HPOS="770"/>
							<String ID="string_197" HPOS="784" VPOS="706" WIDTH="28" HEIGHT="19" WC="0.96" CONTENT="sin"/><SP WIDTH="11" VPOS="706" HPOS="812"/>
							<String ID="string_198" HPOS="823" VPOS="705" WIDTH="121" HEIGHT="25" WC="0.96" CONTENT="förvaltning."/>
						</TextLine>
						<TextLine ID="line_22" HPOS="204" VPOS="731" WIDTH="743" HEIGHT="27">
							<String ID="string_199" HPOS="204" VPOS="734" WIDTH="8" HEIGHT="19" WC="0.95" CONTENT="I"/><SP WIDTH="16" VPOS="734" HPOS="212"/>
							<String ID="string_200" HPOS="228" VPOS="733" WIDTH="34" HEIGHT="20" WC="0.96" CONTENT="det"/><SP WIDTH="17" VPOS="733" HPOS="262"/>
							<String ID="string_201" HPOS="279" VPOS="733" WIDTH="52" HEIGHT="23" WC="0.73" CONTENT="förta"/><SP WIDTH="18" VPOS="733" HPOS="331"/>
							<String ID="string_202" HPOS="349" VPOS="733" WIDTH="92" HEIGHT="25" WC="0.96" CONTENT="förslaget"/><SP WIDTH="14" VPOS="733" HPOS="441"/>
							<String ID="string_203" HPOS="455" VPOS="735" WIDTH="28" HEIGHT="21" WC="0.96" CONTENT="är,"/><SP WIDTH="16" VPOS="735" HPOS="483"/>
							<String ID="string_204" HPOS="499" VPOS="733" WIDTH="67" HEIGHT="20" WC="0.96" CONTENT="såsom"/><SP WIDTH="16" VPOS="733" HPOS="566"/>
							<String ID="string_205" HPOS="582" VPOS="733" WIDTH="82" HEIGHT="19" WC="0.93" CONTENT="kontroll"/><SP WIDTH="15" VPOS="733" HPOS="664"/>
							<String ID="string_206" HPOS="679" VPOS="733" WIDTH="98" HEIGHT="24" WC="0.92" CONTENT="deröfver,"/><SP WIDTH="17" VPOS="733" HPOS="777"/>
							<String ID="string_207" HPOS="794" VPOS="735" WIDTH="27" HEIGHT="17" WC="0.93" CONTENT="att"/><SP WIDTH="14" VPOS="735" HPOS="821"/>
							<String ID="string_208" HPOS="835" VPOS="731" WIDTH="112" HEIGHT="26" WC="0.90" CONTENT="förmynda-"/>
						</TextLine>
						<TextLine ID="line_23" HPOS="204" VPOS="758" WIDTH="742" HEIGHT="28">
							<String ID="string_209" HPOS="204" VPOS="766" WIDTH="34" HEIGHT="14" WC="0.96" CONTENT="ren"/><SP WIDTH="18" VPOS="766" HPOS="238"/>
							<String ID="string_210" HPOS="256" VPOS="760" WIDTH="101" HEIGHT="25" WC="0.96" CONTENT="verkligen"/><SP WIDTH="17" VPOS="760" HPOS="357"/>
							<String ID="string_211" HPOS="374" VPOS="760" WIDTH="70" HEIGHT="24" WC="0.96" CONTENT="fullgör"/><SP WIDTH="18" VPOS="760" HPOS="444"/>
							<String ID="string_212" HPOS="462" VPOS="760" WIDTH="28" HEIGHT="19" WC="0.96" CONTENT="sin"/><SP WIDTH="17" VPOS="760" HPOS="490"/>
							<String ID="string_213" HPOS="507" VPOS="760" WIDTH="119" HEIGHT="26" WC="0.93" CONTENT="skyldighet,"/><SP WIDTH="17" VPOS="760" HPOS="626"/>
							<String ID="string_214" HPOS="643" VPOS="759" WIDTH="131" HEIGHT="24" WC="0.92" CONTENT="föreskrifvet,"/><SP WIDTH="16" VPOS="759" HPOS="774"/>
							<String ID="string_215" HPOS="790" VPOS="762" WIDTH="28" HEIGHT="16" WC="0.96" CONTENT="att"/><SP WIDTH="14" VPOS="762" HPOS="818"/>
							<String ID="string_216" HPOS="832" VPOS="759" WIDTH="38" HEIGHT="19" WC="0.95" CONTENT="han"/><SP WIDTH="15" VPOS="759" HPOS="870"/>
							<String ID="string_217" HPOS="885" VPOS="758" WIDTH="61" HEIGHT="19" WC="0.96" CONTENT="skulle"/>
						</TextLine>
						<TextLine ID="line_24" HPOS="205" VPOS="784" WIDTH="740" HEIGHT="27">
							<String ID="string_218" HPOS="205" VPOS="787" WIDTH="52" HEIGHT="19" WC="0.95" CONTENT="inom"/><SP WIDTH="15" VPOS="787" HPOS="257"/>
							<String ID="string_219" HPOS="272" VPOS="787" WIDTH="42" HEIGHT="19" WC="0.94" CONTENT="viss"/><SP WIDTH="14" VPOS="787" HPOS="314"/>
							<String ID="string_220" HPOS="328" VPOS="786" WIDTH="28" HEIGHT="20" WC="0.93" CONTENT="tid"/><SP WIDTH="13" VPOS="786" HPOS="356"/>
							<String ID="string_221" HPOS="369" VPOS="787" WIDTH="84" HEIGHT="19" WC="0.91" CONTENT="inlemna"/><SP WIDTH="15" VPOS="787" HPOS="453"/>
							<String ID="string_222" HPOS="468" VPOS="787" WIDTH="56" HEIGHT="19" WC="0.93" CONTENT="hevis"/><SP WIDTH="15" VPOS="787" HPOS="524"/>
							<String ID="string_223" HPOS="539" VPOS="787" WIDTH="55" HEIGHT="18" WC="0.93" CONTENT="öfver"/><SP WIDTH="15" VPOS="787" HPOS="594"/>
							<String ID="string_224" HPOS="609" VPOS="786" WIDTH="165" HEIGHT="25" WC="0.92" CONTENT="redoräkningens"/><SP WIDTH="14" VPOS="786" HPOS="774"/>
							<String ID="string_225" HPOS="788" VPOS="785" WIDTH="130" HEIGHT="24" WC="0.91" CONTENT="aflemnande,"/><SP WIDTH="17" VPOS="785" HPOS="918"/>
							<String ID="string_226" HPOS="935" VPOS="784" WIDTH="10" HEIGHT="20" WC="0.90" CONTENT="å"/>
						</TextLine>
						<TextLine ID="line_25" HPOS="205" VPOS="811" WIDTH="742" HEIGHT="28">
							<String ID="string_227" HPOS="205" VPOS="813" WIDTH="65" HEIGHT="20" WC="0.95" CONTENT="landet"/><SP WIDTH="16" VPOS="813" HPOS="270"/>
							<String ID="string_228" HPOS="286" VPOS="813" WIDTH="26" HEIGHT="20" WC="0.93" CONTENT="till"/><SP WIDTH="18" VPOS="813" HPOS="312"/>
							<String ID="string_229" HPOS="330" VPOS="813" WIDTH="178" HEIGHT="26" WC="0.91" CONTENT="Häradshöfdingen"/><SP WIDTH="18" VPOS="813" HPOS="508"/>
							<String ID="string_230" HPOS="526" VPOS="814" WIDTH="37" HEIGHT="18" WC="0.96" CONTENT="och"/><SP WIDTH="17" VPOS="814" HPOS="563"/>
							<String ID="string_231" HPOS="580" VPOS="813" WIDTH="6" HEIGHT="18" WC="0.96" CONTENT="i"/><SP WIDTH="18" VPOS="813" HPOS="586"/>
							<String ID="string_232" HPOS="604" VPOS="813" WIDTH="68" HEIGHT="19" WC="0.96" CONTENT="staden"/><SP WIDTH="17" VPOS="813" HPOS="672"/>
							<String ID="string_233" HPOS="689" VPOS="813" WIDTH="26" HEIGHT="18" WC="0.93" CONTENT="till"/><SP WIDTH="18" VPOS="813" HPOS="715"/>
							<String ID="string_234" HPOS="733" VPOS="813" WIDTH="80" HEIGHT="18" WC="0.88" CONTENT="Rättens"/><SP WIDTH="18" VPOS="813" HPOS="813"/>
							<String ID="string_235" HPOS="831" VPOS="811" WIDTH="116" HEIGHT="20" WC="0.95" CONTENT="ordförande"/>
						</TextLine>
						<TextLine ID="line_26" HPOS="206" VPOS="839" WIDTH="741" HEIGHT="25">
							<String ID="string_236" HPOS="206" VPOS="840" WIDTH="48" HEIGHT="19" WC="0.96" CONTENT="eller"/><SP WIDTH="14" VPOS="840" HPOS="254"/>
							<String ID="string_237" HPOS="268" VPOS="840" WIDTH="44" HEIGHT="23" WC="0.94" CONTENT="den,"/><SP WIDTH="16" VPOS="840" HPOS="312"/>
							<String ID="string_238" HPOS="328" VPOS="845" WIDTH="44" HEIGHT="14" WC="0.93" CONTENT="som"/><SP WIDTH="15" VPOS="845" HPOS="372"/>
							<String ID="string_239" HPOS="387" VPOS="839" WIDTH="10" HEIGHT="20" WC="0.91" CONTENT="å"/><SP WIDTH="15" VPOS="839" HPOS="397"/>
							<String ID="string_240" HPOS="412" VPOS="840" WIDTH="80" HEIGHT="19" WC="0.93" CONTENT="Rättens"/><SP WIDTH="14" VPOS="840" HPOS="492"/>
							<String ID="string_241" HPOS="506" VPOS="841" WIDTH="72" HEIGHT="23" WC="0.96" CONTENT="vägnar"/><SP WIDTH="16" VPOS="841" HPOS="578"/>
							<String ID="string_242" HPOS="594" VPOS="839" WIDTH="112" HEIGHT="25" WC="0.93" CONTENT="handlingar"/><SP WIDTH="15" VPOS="839" HPOS="706"/>
							<String ID="string_243" HPOS="721" VPOS="841" WIDTH="96" HEIGHT="23" WC="0.91" CONTENT="emottaga"/><SP WIDTH="10" VPOS="841" HPOS="817"/>
							<String ID="string_244" HPOS="827" VPOS="839" WIDTH="42" HEIGHT="22" WC="0.93" CONTENT="bör,"/><SP WIDTH="12" VPOS="839" HPOS="869"/>
							<String ID="string_245" HPOS="881" VPOS="839" WIDTH="66" HEIGHT="18" WC="0.91" CONTENT="äfven-"/>
						</TextLine>
						<TextLine ID="line_27" HPOS="205" VPOS="865" WIDTH="742" HEIGHT="26">
							<String ID="string_246" HPOS="205" VPOS="871" WIDTH="44" HEIGHT="14" WC="0.95" CONTENT="som"/><SP WIDTH="21" VPOS="871" HPOS="249"/>
							<String ID="string_247" HPOS="270" VPOS="868" WIDTH="28" HEIGHT="17" WC="0.96" CONTENT="att"/><SP WIDTH="19" VPOS="868" HPOS="298"/>
							<String ID="string_248" HPOS="317" VPOS="867" WIDTH="82" HEIGHT="23" WC="0.96" CONTENT="Rätten,"/><SP WIDTH="23" VPOS="867" HPOS="399"/>
							<String ID="string_249" HPOS="422" VPOS="865" WIDTH="24" HEIGHT="20" WC="0.93" CONTENT="då"/><SP WIDTH="21" VPOS="865" HPOS="446"/>
							<String ID="string_250" HPOS="467" VPOS="866" WIDTH="138" HEIGHT="25" WC="0.90" CONTENT="förmyndaren"/><SP WIDTH="20" VPOS="866" HPOS="605"/>
							<String ID="string_251" HPOS="625" VPOS="865" WIDTH="129" HEIGHT="24" WC="0.91" CONTENT="tredskades,"/><SP WIDTH="22" VPOS="865" HPOS="754"/>
							<String ID="string_252" HPOS="776" VPOS="865" WIDTH="62" HEIGHT="19" WC="0.96" CONTENT="borde"/><SP WIDTH="19" VPOS="865" HPOS="838"/>
							<String ID="string_253" HPOS="857" VPOS="865" WIDTH="33" HEIGHT="19" WC="0.96" CONTENT="vid"/><SP WIDTH="17" VPOS="865" HPOS="890"/>
							<String ID="string_254" HPOS="907" VPOS="865" WIDTH="40" HEIGHT="18" WC="0.96" CONTENT="vite"/>
						</TextLine>
						<TextLine ID="line_28" HPOS="205" VPOS="891" WIDTH="742" HEIGHT="27">
							<String ID="string_255" HPOS="205" VPOS="893" WIDTH="99" HEIGHT="25" WC="0.96" CONTENT="förelägga"/><SP WIDTH="14" VPOS="893" HPOS="304"/>
							<String ID="string_256" HPOS="318" VPOS="893" WIDTH="74" HEIGHT="18" WC="0.95" CONTENT="honom"/><SP WIDTH="14" VPOS="893" HPOS="392"/>
							<String ID="string_257" HPOS="406" VPOS="894" WIDTH="28" HEIGHT="17" WC="0.95" CONTENT="att"/><SP WIDTH="14" VPOS="894" HPOS="434"/>
							<String ID="string_258" HPOS="448" VPOS="892" WIDTH="29" HEIGHT="19" WC="0.93" CONTENT="sin"/><SP WIDTH="14" VPOS="892" HPOS="477"/>
							<String ID="string_259" HPOS="491" VPOS="893" WIDTH="48" HEIGHT="24" WC="0.92" CONTENT="pligt"/><SP WIDTH="14" VPOS="893" HPOS="539"/>
							<String ID="string_260" HPOS="553" VPOS="893" WIDTH="88" HEIGHT="24" WC="0.92" CONTENT="fullgöra."/><SP WIDTH="27" VPOS="893" HPOS="641"/>
							<String ID="string_261" HPOS="668" VPOS="893" WIDTH="33" HEIGHT="19" WC="0.95" CONTENT="Att"/><SP WIDTH="22" VPOS="893" HPOS="701"/>
							<String ID="string_262" HPOS="723" VPOS="891" WIDTH="117" HEIGHT="26" WC="0.96" CONTENT="förmyndare"/><SP WIDTH="14" VPOS="891" HPOS="840"/>
							<String ID="string_263" HPOS="854" VPOS="891" WIDTH="44" HEIGHT="19" WC="0.96" CONTENT="icke"/><SP WIDTH="13" VPOS="891" HPOS="898"/>
							<String ID="string_264" HPOS="911" VPOS="891" WIDTH="36" HEIGHT="19" WC="0.96" CONTENT="bör"/>
						</TextLine>
						<TextLine ID="line_29" HPOS="206" VPOS="918" WIDTH="742" HEIGHT="26">
							<String ID="string_265" HPOS="206" VPOS="925" WIDTH="48" HEIGHT="13" WC="0.93" CONTENT="vara"/><SP WIDTH="14" VPOS="925" HPOS="254"/>
							<String ID="string_266" HPOS="268" VPOS="919" WIDTH="66" HEIGHT="25" WC="0.88" CONTENT="pligtig"/><SP WIDTH="14" VPOS="919" HPOS="334"/>
							<String ID="string_267" HPOS="348" VPOS="919" WIDTH="41" HEIGHT="19" WC="0.93" CONTENT="lösa"/><SP WIDTH="15" VPOS="919" HPOS="389"/>
							<String ID="string_268" HPOS="404" VPOS="919" WIDTH="178" HEIGHT="25" WC="0.92" CONTENT="protokollsutdrag"/><SP WIDTH="14" VPOS="919" HPOS="582"/>
							<String ID="string_269" HPOS="596" VPOS="919" WIDTH="97" HEIGHT="23" WC="0.92" CONTENT="deröfver,"/><SP WIDTH="17" VPOS="919" HPOS="693"/>
							<String ID="string_270" HPOS="710" VPOS="921" WIDTH="28" HEIGHT="16" WC="0.96" CONTENT="att"/><SP WIDTH="13" VPOS="921" HPOS="738"/>
							<String ID="string_271" HPOS="751" VPOS="918" WIDTH="38" HEIGHT="19" WC="0.91" CONTENT="han"/><SP WIDTH="10" VPOS="918" HPOS="789"/>
							<String ID="string_272" HPOS="799" VPOS="918" WIDTH="74" HEIGHT="25" WC="0.90" CONTENT="ingifvit"/><SP WIDTH="9" VPOS="918" HPOS="873"/>
							<String ID="string_273" HPOS="882" VPOS="918" WIDTH="66" HEIGHT="18" WC="0.88" CONTENT="ofvan-"/>
						</TextLine>
						<TextLine ID="line_30" HPOS="206" VPOS="944" WIDTH="742" HEIGHT="26">
							<String ID="string_274" HPOS="206" VPOS="945" WIDTH="128" HEIGHT="19" WC="0.91" CONTENT="omförmälde"/><SP WIDTH="20" VPOS="945" HPOS="334"/>
							<String ID="string_275" HPOS="354" VPOS="944" WIDTH="57" HEIGHT="20" WC="0.96" CONTENT="bevis"/><SP WIDTH="20" VPOS="944" HPOS="411"/>
							<String ID="string_276" HPOS="431" VPOS="945" WIDTH="5" HEIGHT="18" WC="0.96" CONTENT="i"/><SP WIDTH="21" VPOS="945" HPOS="436"/>
							<String ID="string_277" HPOS="457" VPOS="948" WIDTH="57" HEIGHT="16" WC="0.96" CONTENT="annat"/><SP WIDTH="21" VPOS="948" HPOS="514"/>
							<String ID="string_278" HPOS="535" VPOS="945" WIDTH="41" HEIGHT="24" WC="0.95" CONTENT="fall,"/><SP WIDTH="19" VPOS="945" HPOS="576"/>
							<String ID="string_279" HPOS="595" VPOS="946" WIDTH="23" HEIGHT="18" WC="0.96" CONTENT="än"/><SP WIDTH="18" VPOS="946" HPOS="618"/>
							<String ID="string_280" HPOS="636" VPOS="944" WIDTH="24" HEIGHT="20" WC="0.96" CONTENT="då"/><SP WIDTH="15" VPOS="944" HPOS="660"/>
							<String ID="string_281" HPOS="675" VPOS="945" WIDTH="45" HEIGHT="20" WC="0.96" CONTENT="slikt"/><SP WIDTH="14" VPOS="945" HPOS="720"/>
							<String ID="string_282" HPOS="734" VPOS="945" WIDTH="69" HEIGHT="24" WC="0.96" CONTENT="utdrag"/><SP WIDTH="14" VPOS="945" HPOS="803"/>
							<String ID="string_283" HPOS="817" VPOS="944" WIDTH="131" HEIGHT="26" WC="0.96" CONTENT="uttryckligen"/>
						</TextLine>
						<TextLine ID="line_31" HPOS="205" VPOS="971" WIDTH="743" HEIGHT="26">
							<String ID="string_284" HPOS="205" VPOS="972" WIDTH="91" HEIGHT="25" WC="0.92" CONTENT="begäres,"/><SP WIDTH="16" VPOS="972" HPOS="296"/>
							<String ID="string_285" HPOS="312" VPOS="974" WIDTH="22" HEIGHT="17" WC="0.96" CONTENT="är"/><SP WIDTH="14" VPOS="974" HPOS="334"/>
							<String ID="string_286" HPOS="348" VPOS="971" WIDTH="75" HEIGHT="26" WC="0.96" CONTENT="tydligt,"/><SP WIDTH="18" VPOS="971" HPOS="423"/>
							<String ID="string_287" HPOS="441" VPOS="972" WIDTH="82" HEIGHT="19" WC="0.96" CONTENT="emedan"/><SP WIDTH="14" VPOS="972" HPOS="523"/>
							<String ID="string_288" HPOS="537" VPOS="971" WIDTH="116" HEIGHT="26" WC="0.96" CONTENT="anteckning"/><SP WIDTH="15" VPOS="971" HPOS="653"/>
							<String ID="string_289" HPOS="668" VPOS="977" WIDTH="32" HEIGHT="14" WC="0.92" CONTENT="om"/><SP WIDTH="13" VPOS="977" HPOS="700"/>
							<String ID="string_290" HPOS="713" VPOS="971" WIDTH="119" HEIGHT="26" WC="0.92" CONTENT="ingifvandet"/><SP WIDTH="9" VPOS="971" HPOS="832"/>
							<String ID="string_291" HPOS="841" VPOS="971" WIDTH="20" HEIGHT="19" WC="0.96" CONTENT="af"/><SP WIDTH="8" VPOS="971" HPOS="861"/>
							<String ID="string_292" HPOS="869" VPOS="971" WIDTH="79" HEIGHT="18" WC="0.95" CONTENT="beviset"/>
						</TextLine>
						<TextLine ID="line_32" HPOS="206" VPOS="997" WIDTH="742" HEIGHT="27">
							<String ID="string_293" HPOS="206" VPOS="997" WIDTH="16" HEIGHT="25" WC="0.93" CONTENT="ej"/><SP WIDTH="18" VPOS="997" HPOS="222"/>
							<String ID="string_294" HPOS="240" VPOS="998" WIDTH="96" HEIGHT="19" WC="0.91" CONTENT="behöfver"/><SP WIDTH="17" VPOS="998" HPOS="336"/>
							<String ID="string_295" HPOS="353" VPOS="997" WIDTH="35" HEIGHT="20" WC="0.96" CONTENT="ske"/><SP WIDTH="17" VPOS="997" HPOS="388"/>
							<String ID="string_296" HPOS="405" VPOS="998" WIDTH="5" HEIGHT="18" WC="0.93" CONTENT="i"/><SP WIDTH="17" VPOS="998" HPOS="410"/>
							<String ID="string_297" HPOS="427" VPOS="998" WIDTH="81" HEIGHT="26" WC="0.92" CONTENT="Rättens"/><SP WIDTH="17" VPOS="998" HPOS="508"/>
							<String ID="string_298" HPOS="525" VPOS="998" WIDTH="105" HEIGHT="25" WC="0.96" CONTENT="protokoll,"/><SP WIDTH="17" VPOS="998" HPOS="630"/>
							<String ID="string_299" HPOS="647" VPOS="1000" WIDTH="45" HEIGHT="17" WC="0.96" CONTENT="utan"/><SP WIDTH="15" VPOS="1000" HPOS="692"/>
							<String ID="string_300" HPOS="707" VPOS="998" WIDTH="71" HEIGHT="19" WC="0.96" CONTENT="endast"/><SP WIDTH="13" VPOS="998" HPOS="778"/>
							<String ID="string_301" HPOS="791" VPOS="997" WIDTH="5" HEIGHT="19" WC="0.96" CONTENT="i"/><SP WIDTH="15" VPOS="997" HPOS="796"/>
							<String ID="string_302" HPOS="811" VPOS="997" WIDTH="37" HEIGHT="20" WC="0.93" CONTENT="den"/><SP WIDTH="14" VPOS="997" HPOS="848"/>
							<String ID="string_303" HPOS="862" VPOS="997" WIDTH="86" HEIGHT="20" WC="0.92" CONTENT="förteck-"/>
						</TextLine>
						<TextLine ID="line_33" HPOS="205" VPOS="1023" WIDTH="743" HEIGHT="26">
							<String ID="string_304" HPOS="205" VPOS="1025" WIDTH="55" HEIGHT="24" WC="0.93" CONTENT="ning,"/><SP WIDTH="20" VPOS="1025" HPOS="260"/>
							<String ID="string_305" HPOS="280" VPOS="1025" WIDTH="82" HEIGHT="18" WC="0.92" CONTENT="hvarom"/><SP WIDTH="18" VPOS="1025" HPOS="362"/>
							<String ID="string_306" HPOS="380" VPOS="1024" WIDTH="4" HEIGHT="19" WC="0.92" CONTENT="i"/><SP WIDTH="19" VPOS="1024" HPOS="384"/>
							<String ID="string_307" HPOS="403" VPOS="1024" WIDTH="10" HEIGHT="24" WC="0.92" CONTENT="$"/><SP WIDTH="17" VPOS="1024" HPOS="413"/>
							<String ID="string_308" HPOS="430" VPOS="1025" WIDTH="11" HEIGHT="18" WC="0.96" CONTENT="3"/><SP WIDTH="19" VPOS="1025" HPOS="441"/>
							<String ID="string_309" HPOS="460" VPOS="1024" WIDTH="85" HEIGHT="25" WC="0.95" CONTENT="stadgas."/><SP WIDTH="33" VPOS="1024" HPOS="545"/>
							<String ID="string_310" HPOS="578" VPOS="1025" WIDTH="8" HEIGHT="18" WC="0.96" CONTENT="I"/><SP WIDTH="16" VPOS="1025" HPOS="586"/>
							<String ID="string_311" HPOS="602" VPOS="1024" WIDTH="34" HEIGHT="19" WC="0.93" CONTENT="det"/><SP WIDTH="16" VPOS="1024" HPOS="636"/>
							<String ID="string_312" HPOS="652" VPOS="1024" WIDTH="83" HEIGHT="19" WC="0.91" CONTENT="sednare"/><SP WIDTH="17" VPOS="1024" HPOS="735"/>
							<String ID="string_313" HPOS="752" VPOS="1024" WIDTH="92" HEIGHT="25" WC="0.96" CONTENT="förslaget"/><SP WIDTH="18" VPOS="1024" HPOS="844"/>
							<String ID="string_314" HPOS="862" VPOS="1024" WIDTH="36" HEIGHT="19" WC="0.96" CONTENT="har"/><SP WIDTH="16" VPOS="1024" HPOS="898"/>
							<String ID="string_315" HPOS="914" VPOS="1023" WIDTH="34" HEIGHT="20" WC="0.94" CONTENT="det"/>
						</TextLine>
						<TextLine ID="line_34" HPOS="206" VPOS="1050" WIDTH="743" HEIGHT="26">
							<String ID="string_316" HPOS="206" VPOS="1053" WIDTH="56" HEIGHT="23" WC="0.96" CONTENT="synts"/><SP WIDTH="17" VPOS="1053" HPOS="262"/>
							<String ID="string_317" HPOS="279" VPOS="1050" WIDTH="98" HEIGHT="20" WC="0.93" CONTENT="Utskottet"/><SP WIDTH="17" VPOS="1050" HPOS="377"/>
							<String ID="string_318" HPOS="394" VPOS="1051" WIDTH="101" HEIGHT="24" WC="0.91" CONTENT="olempligt"/><SP WIDTH="16" VPOS="1051" HPOS="495"/>
							<String ID="string_319" HPOS="511" VPOS="1053" WIDTH="27" HEIGHT="17" WC="0.95" CONTENT="att"/><SP WIDTH="17" VPOS="1053" HPOS="538"/>
							<String ID="string_320" HPOS="555" VPOS="1051" WIDTH="61" HEIGHT="18" WC="0.96" CONTENT="införa"/><SP WIDTH="14" VPOS="1051" HPOS="616"/>
							<String ID="string_321" HPOS="630" VPOS="1050" WIDTH="99" HEIGHT="20" WC="0.96" CONTENT="föreskrift"/><SP WIDTH="14" VPOS="1050" HPOS="729"/>
							<String ID="string_322" HPOS="743" VPOS="1056" WIDTH="32" HEIGHT="13" WC="0.93" CONTENT="om"/><SP WIDTH="15" VPOS="1056" HPOS="775"/>
							<String ID="string_323" HPOS="790" VPOS="1050" WIDTH="125" HEIGHT="19" WC="0.90" CONTENT="inlemnande"/><SP WIDTH="14" VPOS="1050" HPOS="915"/>
							<String ID="string_324" HPOS="929" VPOS="1050" WIDTH="20" HEIGHT="19" WC="0.96" CONTENT="af"/>
						</TextLine>
						<TextLine ID="line_35" HPOS="206" VPOS="1076" WIDTH="743" HEIGHT="26">
							<String ID="string_325" HPOS="206" VPOS="1077" WIDTH="57" HEIGHT="19" WC="0.96" CONTENT="bevis"/><SP WIDTH="14" VPOS="1077" HPOS="263"/>
							<String ID="string_326" HPOS="277" VPOS="1077" WIDTH="56" HEIGHT="19" WC="0.93" CONTENT="öfver"/><SP WIDTH="14" VPOS="1077" HPOS="333"/>
							<String ID="string_327" HPOS="347" VPOS="1077" WIDTH="164" HEIGHT="25" WC="0.92" CONTENT="redoräkningens"/><SP WIDTH="15" VPOS="1077" HPOS="511"/>
							<String ID="string_328" HPOS="526" VPOS="1077" WIDTH="118" HEIGHT="24" WC="0.92" CONTENT="afgifvande,"/><SP WIDTH="17" VPOS="1077" HPOS="644"/>
							<String ID="string_329" HPOS="661" VPOS="1076" WIDTH="68" HEIGHT="21" WC="0.96" CONTENT="såvida"/><SP WIDTH="14" VPOS="1076" HPOS="729"/>
							<String ID="string_330" HPOS="743" VPOS="1077" WIDTH="78" HEIGHT="23" WC="0.96" CONTENT="Rätten,"/><SP WIDTH="17" VPOS="1077" HPOS="821"/>
							<String ID="string_331" HPOS="838" VPOS="1078" WIDTH="4" HEIGHT="18" WC="0.93" CONTENT="i"/><SP WIDTH="14" VPOS="1078" HPOS="842"/>
							<String ID="string_332" HPOS="856" VPOS="1076" WIDTH="93" HEIGHT="25" WC="0.91" CONTENT="okunnig-"/>
						</TextLine>
						<TextLine ID="line_36" HPOS="206" VPOS="1103" WIDTH="743" HEIGHT="25">
							<String ID="string_333" HPOS="206" VPOS="1103" WIDTH="34" HEIGHT="19" WC="0.95" CONTENT="het"/><SP WIDTH="14" VPOS="1103" HPOS="240"/>
							<String ID="string_334" HPOS="254" VPOS="1109" WIDTH="33" HEIGHT="13" WC="0.96" CONTENT="om"/><SP WIDTH="14" VPOS="1109" HPOS="287"/>
							<String ID="string_335" HPOS="301" VPOS="1103" WIDTH="48" HEIGHT="24" WC="0.95" CONTENT="årlig"/><SP WIDTH="14" VPOS="1103" HPOS="349"/>
							<String ID="string_336" HPOS="363" VPOS="1103" WIDTH="127" HEIGHT="25" WC="0.95" CONTENT="redovisning"/><SP WIDTH="14" VPOS="1103" HPOS="490"/>
							<String ID="string_337" HPOS="504" VPOS="1103" WIDTH="64" HEIGHT="20" WC="0.92" CONTENT="blifvit"/><SP WIDTH="13" VPOS="1103" HPOS="568"/>
							<String ID="string_338" HPOS="581" VPOS="1103" WIDTH="97" HEIGHT="25" WC="0.91" CONTENT="påyrkad,"/><SP WIDTH="17" VPOS="1103" HPOS="678"/>
							<String ID="string_339" HPOS="695" VPOS="1103" WIDTH="48" HEIGHT="20" WC="0.96" CONTENT="ändå"/><SP WIDTH="15" VPOS="1103" HPOS="743"/>
							<String ID="string_340" HPOS="758" VPOS="1103" WIDTH="44" HEIGHT="19" WC="0.96" CONTENT="icke"/><SP WIDTH="13" VPOS="1103" HPOS="802"/>
							<String ID="string_341" HPOS="815" VPOS="1103" WIDTH="66" HEIGHT="19" WC="0.95" CONTENT="kunde"/><SP WIDTH="15" VPOS="1103" HPOS="881"/>
							<String ID="string_342" HPOS="896" VPOS="1104" WIDTH="5" HEIGHT="18" WC="0.93" CONTENT="i"/><SP WIDTH="15" VPOS="1104" HPOS="901"/>
							<String ID="string_343" HPOS="916" VPOS="1109" WIDTH="33" HEIGHT="13" WC="0.90" CONTENT="an-"/>
						</TextLine>
						<TextLine ID="line_37" HPOS="207" VPOS="1129" WIDTH="742" HEIGHT="25">
							<String ID="string_344" HPOS="207" VPOS="1129" WIDTH="79" HEIGHT="24" WC="0.96" CONTENT="ledning"/><SP WIDTH="20" VPOS="1129" HPOS="286"/>
							<String ID="string_345" HPOS="306" VPOS="1130" WIDTH="21" HEIGHT="18" WC="0.93" CONTENT="af"/><SP WIDTH="19" VPOS="1130" HPOS="327"/>
							<String ID="string_346" HPOS="346" VPOS="1129" WIDTH="93" HEIGHT="20" WC="0.92" CONTENT="bevisens"/><SP WIDTH="21" VPOS="1129" HPOS="439"/>
							<String ID="string_347" HPOS="460" VPOS="1129" WIDTH="133" HEIGHT="20" WC="0.90" CONTENT="uteblifvande"/><SP WIDTH="21" VPOS="1129" HPOS="593"/>
							<String ID="string_348" HPOS="614" VPOS="1129" WIDTH="78" HEIGHT="25" WC="0.96" CONTENT="vidtaga"/><SP WIDTH="20" VPOS="1129" HPOS="692"/>
							<String ID="string_349" HPOS="712" VPOS="1129" WIDTH="62" HEIGHT="25" WC="0.96" CONTENT="någon"/><SP WIDTH="24" VPOS="1129" HPOS="774"/>
							<String ID="string_350" HPOS="798" VPOS="1129" WIDTH="79" HEIGHT="25" WC="0.85" CONTENT="åtgärd;"/><SP WIDTH="26" VPOS="1129" HPOS="877"/>
							<String ID="string_351" HPOS="903" VPOS="1131" WIDTH="46" HEIGHT="17" WC="0.90" CONTENT="utan"/>
						</TextLine>
						<TextLine ID="line_38" HPOS="206" VPOS="1155" WIDTH="742" HEIGHT="25">
							<String ID="string_352" HPOS="206" VPOS="1155" WIDTH="56" HEIGHT="20" WC="0.96" CONTENT="torde"/><SP WIDTH="18" VPOS="1155" HPOS="262"/>
							<String ID="string_353" HPOS="280" VPOS="1156" WIDTH="4" HEIGHT="18" WC="0.96" CONTENT="i"/><SP WIDTH="18" VPOS="1156" HPOS="284"/>
							<String ID="string_354" HPOS="302" VPOS="1155" WIDTH="71" HEIGHT="20" WC="0.96" CONTENT="sådant"/><SP WIDTH="16" VPOS="1155" HPOS="373"/>
							<String ID="string_355" HPOS="389" VPOS="1156" WIDTH="42" HEIGHT="23" WC="0.95" CONTENT="fall,"/><SP WIDTH="20" VPOS="1156" HPOS="431"/>
							<String ID="string_356" HPOS="451" VPOS="1162" WIDTH="44" HEIGHT="13" WC="0.96" CONTENT="som"/><SP WIDTH="14" VPOS="1162" HPOS="495"/>
							<String ID="string_357" HPOS="509" VPOS="1156" WIDTH="36" HEIGHT="19" WC="0.93" CONTENT="här"/><SP WIDTH="13" VPOS="1156" HPOS="545"/>
							<String ID="string_358" HPOS="558" VPOS="1156" WIDTH="121" HEIGHT="23" WC="0.92" CONTENT="förutsättes,"/><SP WIDTH="17" VPOS="1156" HPOS="679"/>
							<String ID="string_359" HPOS="696" VPOS="1155" WIDTH="33" HEIGHT="20" WC="0.96" CONTENT="det"/><SP WIDTH="15" VPOS="1155" HPOS="729"/>
							<String ID="string_360" HPOS="744" VPOS="1156" WIDTH="47" HEIGHT="19" WC="0.93" CONTENT="böra"/><SP WIDTH="14" VPOS="1156" HPOS="791"/>
							<String ID="string_361" HPOS="805" VPOS="1155" WIDTH="105" HEIGHT="20" WC="0.90" CONTENT="ankomma"/><SP WIDTH="15" VPOS="1155" HPOS="910"/>
							<String ID="string_362" HPOS="925" VPOS="1155" WIDTH="23" HEIGHT="25" WC="0.96" CONTENT="på"/>
						</TextLine>
						<TextLine ID="line_39" HPOS="207" VPOS="1181" WIDTH="743" HEIGHT="26">
							<String ID="string_363" HPOS="207" VPOS="1181" WIDTH="104" HEIGHT="20" WC="0.92" CONTENT="fränderne"/><SP WIDTH="21" VPOS="1181" HPOS="311"/>
							<String ID="string_364" HPOS="332" VPOS="1182" WIDTH="47" HEIGHT="19" WC="0.96" CONTENT="eller"/><SP WIDTH="20" VPOS="1182" HPOS="379"/>
							<String ID="string_365" HPOS="399" VPOS="1182" WIDTH="25" HEIGHT="19" WC="0.96" CONTENT="de"/><SP WIDTH="17" VPOS="1182" HPOS="424"/>
							<String ID="string_366" HPOS="441" VPOS="1183" WIDTH="51" HEIGHT="24" WC="0.96" CONTENT="gode"/><SP WIDTH="16" VPOS="1183" HPOS="492"/>
							<String ID="string_367" HPOS="508" VPOS="1183" WIDTH="85" HEIGHT="18" WC="0.96" CONTENT="männen"/><SP WIDTH="19" VPOS="1183" HPOS="593"/>
							<String ID="string_368" HPOS="612" VPOS="1184" WIDTH="36" HEIGHT="21" WC="0.96" CONTENT="att,"/><SP WIDTH="20" VPOS="1184" HPOS="648"/>
							<String ID="string_369" HPOS="668" VPOS="1188" WIDTH="32" HEIGHT="13" WC="0.93" CONTENT="om"/><SP WIDTH="23" VPOS="1188" HPOS="700"/>
							<String ID="string_370" HPOS="723" VPOS="1182" WIDTH="133" HEIGHT="25" WC="0.92" CONTENT="förmyndaren"/><SP WIDTH="17" VPOS="1182" HPOS="856"/>
							<String ID="string_371" HPOS="873" VPOS="1183" WIDTH="22" HEIGHT="18" WC="0.92" CONTENT="är"/><SP WIDTH="17" VPOS="1183" HPOS="895"/>
							<String ID="string_372" HPOS="912" VPOS="1182" WIDTH="38" HEIGHT="18" WC="0.92" CONTENT="för-"/>
						</TextLine>
						<TextLine ID="line_40" HPOS="208" VPOS="1208" WIDTH="690" HEIGHT="25">
							<String ID="string_373" HPOS="208" VPOS="1208" WIDTH="70" HEIGHT="25" WC="0.91" CONTENT="sumlig"/><SP WIDTH="14" VPOS="1208" HPOS="278"/>
							<String ID="string_374" HPOS="292" VPOS="1210" WIDTH="28" HEIGHT="16" WC="0.96" CONTENT="att"/><SP WIDTH="14" VPOS="1210" HPOS="320"/>
							<String ID="string_375" HPOS="334" VPOS="1208" WIDTH="42" HEIGHT="19" WC="0.96" CONTENT="visa"/><SP WIDTH="14" VPOS="1208" HPOS="376"/>
							<String ID="string_376" HPOS="390" VPOS="1208" WIDTH="55" HEIGHT="24" WC="0.96" CONTENT="redo,"/><SP WIDTH="17" VPOS="1208" HPOS="445"/>
							<String ID="string_377" HPOS="462" VPOS="1209" WIDTH="4" HEIGHT="18" WC="0.96" CONTENT="i"/><SP WIDTH="15" VPOS="1209" HPOS="466"/>
							<String ID="string_378" HPOS="481" VPOS="1209" WIDTH="43" HEIGHT="24" WC="0.96" CONTENT="laga"/><SP WIDTH="15" VPOS="1209" HPOS="524"/>
							<String ID="string_379" HPOS="539" VPOS="1208" WIDTH="83" HEIGHT="25" WC="0.90" CONTENT="ordning"/><SP WIDTH="15" VPOS="1208" HPOS="622"/>
							<String ID="string_380" HPOS="637" VPOS="1208" WIDTH="89" HEIGHT="25" WC="0.90" CONTENT="förpligta"/><SP WIDTH="15" VPOS="1208" HPOS="726"/>
							<String ID="string_381" HPOS="741" VPOS="1209" WIDTH="73" HEIGHT="18" WC="0.91" CONTENT="honom"/><SP WIDTH="14" VPOS="1209" HPOS="814"/>
							<String ID="string_382" HPOS="828" VPOS="1208" WIDTH="70" HEIGHT="19" WC="0.90" CONTENT="dertill."/>
						</TextLine>
					</TextBlock>
					<TextBlock ID="block_4" HPOS="208" VPOS="1234" WIDTH="743" HEIGHT="210">
						<TextLine ID="line_41" HPOS="260" VPOS="1234" WIDTH="687" HEIGHT="25">
							<String ID="string_383" HPOS="260" VPOS="1234" WIDTH="12" HEIGHT="25" WC="0.91" CONTENT="$"/><SP WIDTH="18" VPOS="1234" HPOS="272"/>
							<String ID="string_384" HPOS="290" VPOS="1234" WIDTH="18" HEIGHT="19" WC="0.95" CONTENT="7."/><SP WIDTH="32" VPOS="1234" HPOS="308"/>
							<String ID="string_385" HPOS="340" VPOS="1234" WIDTH="37" HEIGHT="19" WC="0.94" CONTENT="Det"/><SP WIDTH="16" VPOS="1234" HPOS="377"/>
							<String ID="string_386" HPOS="393" VPOS="1234" WIDTH="36" HEIGHT="19" WC="0.96" CONTENT="här"/><SP WIDTH="17" VPOS="1234" HPOS="429"/>
							<String ID="string_387" HPOS="446" VPOS="1234" WIDTH="159" HEIGHT="20" WC="0.93" CONTENT="förekommande"/><SP WIDTH="17" VPOS="1234" HPOS="605"/>
							<String ID="string_388" HPOS="622" VPOS="1234" WIDTH="126" HEIGHT="25" WC="0.91" CONTENT="stadgandet,"/><SP WIDTH="20" VPOS="1234" HPOS="748"/>
							<String ID="string_389" HPOS="768" VPOS="1237" WIDTH="27" HEIGHT="16" WC="0.93" CONTENT="att"/><SP WIDTH="17" VPOS="1237" HPOS="795"/>
							<String ID="string_390" HPOS="812" VPOS="1234" WIDTH="135" HEIGHT="25" WC="0.92" CONTENT="redoräkning,"/>
						</TextLine>
						<TextLine ID="line_42" HPOS="208" VPOS="1259" WIDTH="743" HEIGHT="26">
							<String ID="string_391" HPOS="208" VPOS="1266" WIDTH="32" HEIGHT="13" WC="0.96" CONTENT="om"/><SP WIDTH="14" VPOS="1266" HPOS="240"/>
							<String ID="string_392" HPOS="254" VPOS="1259" WIDTH="37" HEIGHT="20" WC="0.96" CONTENT="den"/><SP WIDTH="15" VPOS="1259" HPOS="291"/>
							<String ID="string_393" HPOS="306" VPOS="1259" WIDTH="16" HEIGHT="25" WC="0.96" CONTENT="ej"/><SP WIDTH="16" VPOS="1259" HPOS="322"/>
							<String ID="string_394" HPOS="338" VPOS="1261" WIDTH="5" HEIGHT="18" WC="0.96" CONTENT="i"/><SP WIDTH="15" VPOS="1261" HPOS="343"/>
							<String ID="string_395" HPOS="358" VPOS="1260" WIDTH="80" HEIGHT="25" WC="0.95" CONTENT="behörig"/><SP WIDTH="15" VPOS="1260" HPOS="438"/>
							<String ID="string_396" HPOS="453" VPOS="1261" WIDTH="27" HEIGHT="19" WC="0.91" CONTENT="tid"/><SP WIDTH="15" VPOS="1261" HPOS="480"/>
							<String ID="string_397" HPOS="495" VPOS="1261" WIDTH="123" HEIGHT="23" WC="0.91" CONTENT="klandrades,"/><SP WIDTH="18" VPOS="1261" HPOS="618"/>
							<String ID="string_398" HPOS="636" VPOS="1261" WIDTH="63" HEIGHT="19" WC="0.96" CONTENT="skulle"/><SP WIDTH="15" VPOS="1261" HPOS="699"/>
							<String ID="string_399" HPOS="714" VPOS="1262" WIDTH="59" HEIGHT="17" WC="0.96" CONTENT="vinna"/><SP WIDTH="14" VPOS="1262" HPOS="773"/>
							<String ID="string_400" HPOS="787" VPOS="1261" WIDTH="43" HEIGHT="24" WC="0.96" CONTENT="laga"/><SP WIDTH="17" VPOS="1261" HPOS="830"/>
							<String ID="string_401" HPOS="847" VPOS="1261" WIDTH="52" HEIGHT="18" WC="0.93" CONTENT="kraft"/><SP WIDTH="17" VPOS="1261" HPOS="899"/>
							<String ID="string_402" HPOS="916" VPOS="1261" WIDTH="35" HEIGHT="19" WC="0.91" CONTENT="be-"/>
						</TextLine>
						<TextLine ID="line_43" HPOS="208" VPOS="1286" WIDTH="743" HEIGHT="27">
							<String ID="string_403" HPOS="208" VPOS="1286" WIDTH="95" HEIGHT="19" WC="0.96" CONTENT="träffande"/><SP WIDTH="15" VPOS="1286" HPOS="303"/>
							<String ID="string_404" HPOS="318" VPOS="1286" WIDTH="86" HEIGHT="20" WC="0.95" CONTENT="inkomst"/><SP WIDTH="14" VPOS="1286" HPOS="404"/>
							<String ID="string_405" HPOS="418" VPOS="1287" WIDTH="37" HEIGHT="19" WC="0.96" CONTENT="och"/><SP WIDTH="16" VPOS="1287" HPOS="455"/>
							<String ID="string_406" HPOS="471" VPOS="1287" WIDTH="55" HEIGHT="25" WC="0.96" CONTENT="utgift"/><SP WIDTH="14" VPOS="1287" HPOS="526"/>
							<String ID="string_407" HPOS="540" VPOS="1286" WIDTH="41" HEIGHT="20" WC="0.96" CONTENT="från"/><SP WIDTH="15" VPOS="1286" HPOS="581"/>
							<String ID="string_408" HPOS="596" VPOS="1287" WIDTH="38" HEIGHT="20" WC="0.93" CONTENT="den"/><SP WIDTH="15" VPOS="1287" HPOS="634"/>
							<String ID="string_409" HPOS="649" VPOS="1287" WIDTH="116" HEIGHT="26" WC="0.90" CONTENT="omyndiges"/><SP WIDTH="14" VPOS="1287" HPOS="765"/>
							<String ID="string_410" HPOS="779" VPOS="1287" WIDTH="50" HEIGHT="19" WC="0.95" CONTENT="fasta"/><SP WIDTH="12" VPOS="1287" HPOS="829"/>
							<String ID="string_411" HPOS="841" VPOS="1287" WIDTH="49" HEIGHT="25" WC="0.95" CONTENT="gods"/><SP WIDTH="13" VPOS="1287" HPOS="890"/>
							<String ID="string_412" HPOS="903" VPOS="1287" WIDTH="48" HEIGHT="19" WC="0.96" CONTENT="eller"/>
						</TextLine>
						<TextLine ID="line_44" HPOS="208" VPOS="1313" WIDTH="741" HEIGHT="25">
							<String ID="string_413" HPOS="208" VPOS="1313" WIDTH="109" HEIGHT="18" WC="0.95" CONTENT="kostnaden"/><SP WIDTH="22" VPOS="1313" HPOS="317"/>
							<String ID="string_414" HPOS="339" VPOS="1313" WIDTH="28" HEIGHT="19" WC="0.95" CONTENT="för"/><SP WIDTH="20" VPOS="1313" HPOS="367"/>
							<String ID="string_415" HPOS="387" VPOS="1313" WIDTH="49" HEIGHT="19" WC="0.95" CONTENT="hans"/><SP WIDTH="18" VPOS="1313" HPOS="436"/>
							<String ID="string_416" HPOS="454" VPOS="1313" WIDTH="101" HEIGHT="19" WC="0.95" CONTENT="underhåll"/><SP WIDTH="19" VPOS="1313" HPOS="555"/>
							<String ID="string_417" HPOS="574" VPOS="1313" WIDTH="36" HEIGHT="19" WC="0.96" CONTENT="och"/><SP WIDTH="18" VPOS="1313" HPOS="610"/>
							<String ID="string_418" HPOS="628" VPOS="1314" WIDTH="124" HEIGHT="24" WC="0.96" CONTENT="uppfostran,"/><SP WIDTH="20" VPOS="1314" HPOS="752"/>
							<String ID="string_419" HPOS="772" VPOS="1319" WIDTH="62" HEIGHT="19" WC="0.96" CONTENT="synes"/><SP WIDTH="17" VPOS="1319" HPOS="834"/>
							<String ID="string_420" HPOS="851" VPOS="1313" WIDTH="98" HEIGHT="19" WC="0.96" CONTENT="Utskottet"/>
						</TextLine>
						<TextLine ID="line_45" HPOS="208" VPOS="1338" WIDTH="743" HEIGHT="26">
							<String ID="string_421" HPOS="208" VPOS="1344" WIDTH="47" HEIGHT="13" WC="0.96" CONTENT="vara"/><SP WIDTH="15" VPOS="1344" HPOS="255"/>
							<String ID="string_422" HPOS="270" VPOS="1338" WIDTH="80" HEIGHT="26" WC="0.96" CONTENT="mycket"/><SP WIDTH="14" VPOS="1338" HPOS="350"/>
							<String ID="string_423" HPOS="364" VPOS="1339" WIDTH="123" HEIGHT="25" WC="0.96" CONTENT="nödvändigt,"/><SP WIDTH="18" VPOS="1339" HPOS="487"/>
							<String ID="string_424" HPOS="505" VPOS="1339" WIDTH="84" HEIGHT="19" WC="0.96" CONTENT="emedan"/><SP WIDTH="15" VPOS="1339" HPOS="589"/>
							<String ID="string_425" HPOS="604" VPOS="1338" WIDTH="71" HEIGHT="20" WC="0.96" CONTENT="sådana"/><SP WIDTH="15" VPOS="1338" HPOS="675"/>
							<String ID="string_426" HPOS="690" VPOS="1342" WIDTH="67" HEIGHT="22" WC="0.96" CONTENT="poster"/><SP WIDTH="15" VPOS="1342" HPOS="757"/>
							<String ID="string_427" HPOS="772" VPOS="1340" WIDTH="59" HEIGHT="18" WC="0.96" CONTENT="oftast"/><SP WIDTH="14" VPOS="1340" HPOS="831"/>
							<String ID="string_428" HPOS="845" VPOS="1339" WIDTH="44" HEIGHT="19" WC="0.93" CONTENT="icke"/><SP WIDTH="14" VPOS="1339" HPOS="889"/>
							<String ID="string_429" HPOS="903" VPOS="1339" WIDTH="48" HEIGHT="19" WC="0.91" CONTENT="kun-"/>
						</TextLine>
						<TextLine ID="line_46" HPOS="208" VPOS="1364" WIDTH="741" HEIGHT="27">
							<String ID="string_430" HPOS="208" VPOS="1370" WIDTH="23" HEIGHT="14" WC="0.92" CONTENT="na"/><SP WIDTH="18" VPOS="1370" HPOS="231"/>
							<String ID="string_431" HPOS="249" VPOS="1364" WIDTH="124" HEIGHT="25" WC="0.90" CONTENT="verificeras,"/><SP WIDTH="19" VPOS="1364" HPOS="373"/>
							<String ID="string_432" HPOS="392" VPOS="1368" WIDTH="46" HEIGHT="16" WC="0.96" CONTENT="utan"/><SP WIDTH="18" VPOS="1368" HPOS="438"/>
							<String ID="string_433" HPOS="456" VPOS="1365" WIDTH="63" HEIGHT="20" WC="0.93" CONTENT="måste"/><SP WIDTH="18" VPOS="1365" HPOS="519"/>
							<String ID="string_434" HPOS="537" VPOS="1366" WIDTH="79" HEIGHT="24" WC="0.92" CONTENT="pröfvas"/><SP WIDTH="18" VPOS="1366" HPOS="616"/>
							<String ID="string_435" HPOS="634" VPOS="1365" WIDTH="23" HEIGHT="26" WC="0.97" CONTENT="på"/><SP WIDTH="19" VPOS="1365" HPOS="657"/>
							<String ID="string_436" HPOS="676" VPOS="1366" WIDTH="62" HEIGHT="24" WC="0.96" CONTENT="grund"/><SP WIDTH="18" VPOS="1366" HPOS="738"/>
							<String ID="string_437" HPOS="756" VPOS="1366" WIDTH="20" HEIGHT="20" WC="0.97" CONTENT="af"/><SP WIDTH="15" VPOS="1366" HPOS="776"/>
							<String ID="string_438" HPOS="791" VPOS="1366" WIDTH="108" HEIGHT="19" WC="0.96" CONTENT="kännedom"/><SP WIDTH="19" VPOS="1366" HPOS="899"/>
							<String ID="string_439" HPOS="918" VPOS="1370" WIDTH="31" HEIGHT="14" WC="0.96" CONTENT="om"/>
						</TextLine>
						<TextLine ID="line_47" HPOS="208" VPOS="1391" WIDTH="743" HEIGHT="27">
							<String ID="string_440" HPOS="208" VPOS="1391" WIDTH="174" HEIGHT="25" WC="0.85" CONTENT="sakförhällandet,"/><SP WIDTH="20" VPOS="1391" HPOS="382"/>
							<String ID="string_441" HPOS="402" VPOS="1392" WIDTH="78" HEIGHT="19" WC="0.93" CONTENT="hvilken"/><SP WIDTH="19" VPOS="1392" HPOS="480"/>
							<String ID="string_442" HPOS="499" VPOS="1392" WIDTH="89" HEIGHT="26" WC="0.92" CONTENT="pröfning"/><SP WIDTH="18" VPOS="1392" HPOS="588"/>
							<String ID="string_443" HPOS="606" VPOS="1392" WIDTH="50" HEIGHT="20" WC="0.96" CONTENT="efter"/><SP WIDTH="16" VPOS="1392" HPOS="656"/>
							<String ID="string_444" HPOS="672" VPOS="1393" WIDTH="67" HEIGHT="24" WC="0.96" CONTENT="längre"/><SP WIDTH="14" VPOS="1393" HPOS="739"/>
							<String ID="string_445" HPOS="753" VPOS="1392" WIDTH="40" HEIGHT="20" WC="0.95" CONTENT="tids"/><SP WIDTH="14" VPOS="1392" HPOS="793"/>
							<String ID="string_446" HPOS="807" VPOS="1393" WIDTH="76" HEIGHT="25" WC="0.93" CONTENT="förlopp"/><SP WIDTH="14" VPOS="1393" HPOS="883"/>
							<String ID="string_447" HPOS="897" VPOS="1392" WIDTH="54" HEIGHT="20" WC="0.92" CONTENT="med-"/>
						</TextLine>
						<TextLine ID="line_48" HPOS="210" VPOS="1417" WIDTH="741" HEIGHT="27">
							<String ID="string_448" HPOS="210" VPOS="1418" WIDTH="28" HEIGHT="20" WC="0.96" CONTENT="för"/><SP WIDTH="22" VPOS="1418" HPOS="238"/>
							<String ID="string_449" HPOS="260" VPOS="1421" WIDTH="42" HEIGHT="19" WC="0.96" CONTENT="stor"/><SP WIDTH="17" VPOS="1421" HPOS="302"/>
							<String ID="string_450" HPOS="319" VPOS="1417" WIDTH="108" HEIGHT="26" WC="0.95" CONTENT="svårighet."/><SP WIDTH="33" VPOS="1417" HPOS="427"/>
							<String ID="string_451" HPOS="460" VPOS="1418" WIDTH="25" HEIGHT="20" WC="0.96" CONTENT="På"/><SP WIDTH="18" VPOS="1418" HPOS="485"/>
							<String ID="string_452" HPOS="503" VPOS="1419" WIDTH="32" HEIGHT="20" WC="0.93" CONTENT="det"/><SP WIDTH="18" VPOS="1419" HPOS="535"/>
							<String ID="string_453" HPOS="553" VPOS="1419" WIDTH="78" HEIGHT="19" WC="0.92" CONTENT="fränder"/><SP WIDTH="17" VPOS="1419" HPOS="631"/>
							<String ID="string_454" HPOS="648" VPOS="1420" WIDTH="47" HEIGHT="19" WC="0.95" CONTENT="eller"/><SP WIDTH="17" VPOS="1420" HPOS="695"/>
							<String ID="string_455" HPOS="712" VPOS="1420" WIDTH="50" HEIGHT="24" WC="0.96" CONTENT="gode"/><SP WIDTH="17" VPOS="1420" HPOS="762"/>
							<String ID="string_456" HPOS="779" VPOS="1421" WIDTH="44" HEIGHT="18" WC="0.96" CONTENT="män"/><SP WIDTH="17" VPOS="1421" HPOS="823"/>
							<String ID="string_457" HPOS="840" VPOS="1419" WIDTH="50" HEIGHT="20" WC="0.95" CONTENT="dock"/><SP WIDTH="18" VPOS="1419" HPOS="890"/>
							<String ID="string_458" HPOS="908" VPOS="1419" WIDTH="43" HEIGHT="19" WC="0.96" CONTENT="icke"/>
						</TextLine>
					</TextBlock>
				</ComposedBlock>
				<GraphicalElement ID="cblock_2" HPOS="717" VPOS="893" WIDTH="8" HEIGHT="307"></GraphicalElement >
			</PrintSpace>
		</Page>
	</Layout>
</alto>
