<?xml version="1.0" encoding="UTF-8"?>
<alto xmlns="http://www.loc.gov/standards/alto/ns-v3#" xmlns:xlink="http://www.w3.org/1999/xlink" xmlns:xsi="http://www.w3.org/2001/XMLSchema-instance" xsi:schemaLocation="http://www.loc.gov/standards/alto/ns-v3# http://www.loc.gov/alto/v3/alto-3-0.xsd">
	<Description>
		<MeasurementUnit>pixel</MeasurementUnit>
		<sourceImageInformation>
			<fileName>/tmp/tess_6eqf4trn_input.PNG</fileName>
		</sourceImageInformation>
		<OCRProcessing ID="OCR_0">
			<ocrProcessingStep>
				<processingSoftware>
					<softwareName>tesseract 5.3.4</softwareName>
				</processingSoftware>
			</ocrProcessingStep>
		</OCRProcessing>
	</Description>
	<Layout>
		<Page WIDTH="1014" HEIGHT="1781" PHYSICAL_IMG_NR="0" ID="page_0">
			<PrintSpace HPOS="0" VPOS="0" WIDTH="1014" HEIGHT="1781">
				<ComposedBlock ID="cblock_0" HPOS="287" VPOS="119" WIDTH="528" HEIGHT="26">
					<TextBlock ID="block_0" HPOS="287" VPOS="119" WIDTH="528" HEIGHT="26">
						<TextLine ID="line_0" HPOS="287" VPOS="119" WIDTH="528" HEIGHT="26">
							<String ID="string_0" HPOS="287" VPOS="119" WIDTH="71" HEIGHT="24" WC="0.87" CONTENT="Nådiga"/><SP WIDTH="12" VPOS="119" HPOS="358"/>
							<String ID="string_1" HPOS="370" VPOS="121" WIDTH="139" HEIGHT="23" WC="0.96" CONTENT="Propositionen"/><SP WIDTH="13" VPOS="121" HPOS="509"/>
							<String ID="string_2" HPOS="522" VPOS="122" WIDTH="36" HEIGHT="19" WC="0.96" CONTENT="N:o"/><SP WIDTH="12" VPOS="122" HPOS="558"/>
							<String ID="string_3" HPOS="570" VPOS="123" WIDTH="28" HEIGHT="18" WC="0.95" CONTENT="17."/><SP WIDTH="183" VPOS="123" HPOS="598"/>
							<String ID="string_4" HPOS="781" VPOS="126" WIDTH="34" HEIGHT="19" WC="0.95" CONTENT="457"/>
						</TextLine>
					</TextBlock>
				</ComposedBlock>
				<ComposedBlock ID="cblock_1" HPOS="274" VPOS="172" WIDTH="543" HEIGHT="113">
					<TextBlock ID="block_1" HPOS="274" VPOS="172" WIDTH="543" HEIGHT="113">
						<TextLine ID="line_1" HPOS="276" VPOS="172" WIDTH="537" HEIGHT="31">
							<String ID="string_5" HPOS="276" VPOS="172" WIDTH="32" HEIGHT="21" WC="0.96" CONTENT="vit,"/><SP WIDTH="15" VPOS="172" HPOS="308"/>
							<String ID="string_6" HPOS="323" VPOS="172" WIDTH="61" HEIGHT="19" WC="0.96" CONTENT="under"/><SP WIDTH="13" VPOS="172" HPOS="384"/>
							<String ID="string_7" HPOS="397" VPOS="172" WIDTH="74" HEIGHT="26" WC="0.96" CONTENT="ledning"/><SP WIDTH="18" VPOS="172" HPOS="471"/>
							<String ID="string_8" HPOS="489" VPOS="175" WIDTH="24" HEIGHT="24" WC="0.96" CONTENT="af"/><SP WIDTH="16" VPOS="175" HPOS="513"/>
							<String ID="string_9" HPOS="529" VPOS="180" WIDTH="24" HEIGHT="14" WC="0.95" CONTENT="en"/><SP WIDTH="19" VPOS="180" HPOS="553"/>
							<String ID="string_10" HPOS="572" VPOS="175" WIDTH="83" HEIGHT="19" WC="0.93" CONTENT="särskild"/><SP WIDTH="18" VPOS="175" HPOS="655"/>
							<String ID="string_11" HPOS="673" VPOS="175" WIDTH="140" HEIGHT="28" WC="0.90" CONTENT="Fångvårdsty-"/>
						</TextLine>
						<TextLine ID="line_2" HPOS="274" VPOS="199" WIDTH="543" HEIGHT="31">
							<String ID="string_12" HPOS="274" VPOS="199" WIDTH="55" HEIGHT="23" WC="0.90" CONTENT="relse,"/><SP WIDTH="16" VPOS="199" HPOS="329"/>
							<String ID="string_13" HPOS="345" VPOS="200" WIDTH="82" HEIGHT="20" WC="0.93" CONTENT="ordnade"/><SP WIDTH="16" VPOS="200" HPOS="427"/>
							<String ID="string_14" HPOS="443" VPOS="202" WIDTH="26" HEIGHT="18" WC="0.93" CONTENT="till"/><SP WIDTH="14" VPOS="202" HPOS="469"/>
							<String ID="string_15" HPOS="483" VPOS="203" WIDTH="188" HEIGHT="24" WC="0.90" CONTENT="öfverensstämmelse"/><SP WIDTH="18" VPOS="203" HPOS="671"/>
							<String ID="string_16" HPOS="689" VPOS="204" WIDTH="42" HEIGHT="20" WC="0.96" CONTENT="med"/><SP WIDTH="18" VPOS="204" HPOS="731"/>
							<String ID="string_17" HPOS="749" VPOS="205" WIDTH="30" HEIGHT="19" WC="0.96" CONTENT="det"/><SP WIDTH="14" VPOS="205" HPOS="779"/>
							<String ID="string_18" HPOS="793" VPOS="206" WIDTH="24" HEIGHT="24" WC="0.96" CONTENT="af"/>
						</TextLine>
						<TextLine ID="line_3" HPOS="275" VPOS="226" WIDTH="538" HEIGHT="32">
							<String ID="string_19" HPOS="275" VPOS="226" WIDTH="108" HEIGHT="21" WC="0.84" CONTENT="Ständerna"/><SP WIDTH="22" VPOS="226" HPOS="383"/>
							<String ID="string_20" HPOS="405" VPOS="228" WIDTH="101" HEIGHT="21" WC="0.75" CONTENT="tillsvidare"/><SP WIDTH="19" VPOS="228" HPOS="506"/>
							<String ID="string_21" HPOS="525" VPOS="233" WIDTH="84" HEIGHT="23" WC="0.79" CONTENT="antagna"/><SP WIDTH="19" VPOS="233" HPOS="609"/>
							<String ID="string_22" HPOS="628" VPOS="232" WIDTH="133" HEIGHT="26" WC="0.57" CONTENT="siraffsystem,"/><SP WIDTH="18" VPOS="232" HPOS="761"/>
							<String ID="string_23" HPOS="779" VPOS="234" WIDTH="34" HEIGHT="18" WC="0.96" CONTENT="och"/>
						</TextLine>
						<TextLine ID="line_4" HPOS="274" VPOS="255" WIDTH="511" HEIGHT="30">
							<String ID="string_24" HPOS="274" VPOS="255" WIDTH="75" HEIGHT="20" WC="0.0" CONTENT="hvilken"/><SP WIDTH="9" VPOS="255" HPOS="349"/>
							<String ID="string_25" HPOS="358" VPOS="257" WIDTH="113" HEIGHT="26" WC="0.91" CONTENT="författning"/><SP WIDTH="16" VPOS="257" HPOS="471"/>
							<String ID="string_26" HPOS="487" VPOS="258" WIDTH="54" HEIGHT="20" WC="0.93" CONTENT="borde"/><SP WIDTH="16" VPOS="258" HPOS="541"/>
							<String ID="string_27" HPOS="557" VPOS="265" WIDTH="34" HEIGHT="19" WC="0.92" CONTENT="ega"/><SP WIDTH="9" VPOS="265" HPOS="591"/>
							<String ID="string_28" HPOS="600" VPOS="259" WIDTH="87" HEIGHT="26" WC="0.95" CONTENT="följande"/><SP WIDTH="18" VPOS="259" HPOS="687"/>
							<String ID="string_29" HPOS="705" VPOS="260" WIDTH="80" HEIGHT="25" WC="0.82" CONTENT="lydelse:"/>
						</TextLine>
					</TextBlock>
				</ComposedBlock>
				<ComposedBlock ID="cblock_2" HPOS="249" VPOS="310" WIDTH="563" HEIGHT="1148">
					<TextBlock ID="block_2" HPOS="400" VPOS="310" WIDTH="286" HEIGHT="26">
						<TextLine ID="line_5" HPOS="400" VPOS="310" WIDTH="286" HEIGHT="26">
							<String ID="string_30" HPOS="400" VPOS="310" WIDTH="115" HEIGHT="25" WC="0.96" CONTENT="Förordning"/><SP WIDTH="8" VPOS="310" HPOS="515"/>
							<String ID="string_31" HPOS="523" VPOS="310" WIDTH="93" HEIGHT="25" WC="0.93" CONTENT="angående"/><SP WIDTH="9" VPOS="310" HPOS="616"/>
							<String ID="string_32" HPOS="625" VPOS="312" WIDTH="61" HEIGHT="24" WC="0.92" CONTENT="envig."/>
						</TextLine>
					</TextBlock>
					<TextBlock ID="block_3" HPOS="271" VPOS="341" WIDTH="541" HEIGHT="254">
						<TextLine ID="line_6" HPOS="334" VPOS="341" WIDTH="477" HEIGHT="29">
							<String ID="string_33" HPOS="334" VPOS="341" WIDTH="45" HEIGHT="21" WC="0.92" CONTENT="Med"/><SP WIDTH="13" VPOS="341" HPOS="379"/>
							<String ID="string_34" HPOS="392" VPOS="344" WIDTH="132" HEIGHT="25" WC="0.81" CONTENT="upphäfvande"/><SP WIDTH="14" VPOS="344" HPOS="524"/>
							<String ID="string_35" HPOS="538" VPOS="345" WIDTH="24" HEIGHT="25" WC="0.93" CONTENT="af"/><SP WIDTH="12" VPOS="345" HPOS="562"/>
							<String ID="string_36" HPOS="574" VPOS="344" WIDTH="17" HEIGHT="26" WC="0.67" CONTENT="e&amp;"/><SP WIDTH="14" VPOS="344" HPOS="591"/>
							<String ID="string_37" HPOS="605" VPOS="344" WIDTH="71" HEIGHT="20" WC="0.95" CONTENT="mindre"/><SP WIDTH="10" VPOS="344" HPOS="676"/>
							<String ID="string_38" HPOS="686" VPOS="345" WIDTH="67" HEIGHT="25" WC="0.93" CONTENT="Kongl."/><SP WIDTH="11" VPOS="345" HPOS="753"/>
							<String ID="string_39" HPOS="764" VPOS="345" WIDTH="47" HEIGHT="20" WC="0.92" CONTENT="För-"/>
						</TextLine>
						<TextLine ID="line_7" HPOS="273" VPOS="369" WIDTH="538" HEIGHT="31">
							<String ID="string_40" HPOS="273" VPOS="369" WIDTH="57" HEIGHT="20" WC="0.86" CONTENT="budet"/><SP WIDTH="13" VPOS="369" HPOS="330"/>
							<String ID="string_41" HPOS="343" VPOS="373" WIDTH="38" HEIGHT="17" WC="0.96" CONTENT="mot"/><SP WIDTH="14" VPOS="373" HPOS="381"/>
							<String ID="string_42" HPOS="395" VPOS="371" WIDTH="69" HEIGHT="20" WC="0.96" CONTENT="dueller"/><SP WIDTH="13" VPOS="371" HPOS="464"/>
							<String ID="string_43" HPOS="477" VPOS="372" WIDTH="34" HEIGHT="20" WC="0.95" CONTENT="och"/><SP WIDTH="14" VPOS="372" HPOS="511"/>
							<String ID="string_44" HPOS="525" VPOS="372" WIDTH="90" HEIGHT="26" WC="0.95" CONTENT="slagsmål"/><SP WIDTH="14" VPOS="372" HPOS="615"/>
							<String ID="string_45" HPOS="629" VPOS="374" WIDTH="24" HEIGHT="24" WC="0.96" CONTENT="af"/><SP WIDTH="10" VPOS="374" HPOS="653"/>
							<String ID="string_46" HPOS="663" VPOS="373" WIDTH="36" HEIGHT="19" WC="0.96" CONTENT="den"/><SP WIDTH="14" VPOS="373" HPOS="699"/>
							<String ID="string_47" HPOS="713" VPOS="373" WIDTH="26" HEIGHT="19" WC="0.93" CONTENT="22"/><SP WIDTH="9" VPOS="373" HPOS="739"/>
							<String ID="string_48" HPOS="748" VPOS="373" WIDTH="63" HEIGHT="27" WC="0.92" CONTENT="Augu-"/>
						</TextLine>
						<TextLine ID="line_8" HPOS="273" VPOS="397" WIDTH="538" HEIGHT="30">
							<String ID="string_49" HPOS="273" VPOS="399" WIDTH="26" HEIGHT="18" WC="0.96" CONTENT="sti"/><SP WIDTH="14" VPOS="399" HPOS="299"/>
							<String ID="string_50" HPOS="313" VPOS="397" WIDTH="58" HEIGHT="25" WC="0.96" CONTENT="1682,"/><SP WIDTH="16" VPOS="397" HPOS="371"/>
							<String ID="string_51" HPOS="387" VPOS="402" WIDTH="26" HEIGHT="16" WC="0.96" CONTENT="än"/><SP WIDTH="15" VPOS="402" HPOS="413"/>
							<String ID="string_52" HPOS="428" VPOS="400" WIDTH="22" HEIGHT="19" WC="0.96" CONTENT="de"/><SP WIDTH="14" VPOS="400" HPOS="450"/>
							<String ID="string_53" HPOS="464" VPOS="400" WIDTH="69" HEIGHT="25" WC="0.95" CONTENT="påbud,"/><SP WIDTH="16" VPOS="400" HPOS="533"/>
							<String ID="string_54" HPOS="549" VPOS="407" WIDTH="40" HEIGHT="13" WC="0.96" CONTENT="som"/><SP WIDTH="14" VPOS="407" HPOS="589"/>
							<String ID="string_55" HPOS="603" VPOS="401" WIDTH="61" HEIGHT="19" WC="0.96" CONTENT="ändra"/><SP WIDTH="11" VPOS="401" HPOS="664"/>
							<String ID="string_56" HPOS="675" VPOS="402" WIDTH="44" HEIGHT="19" WC="0.95" CONTENT="eller"/><SP WIDTH="2" VPOS="402" HPOS="719"/>
							<String ID="string_57" HPOS="721" VPOS="402" WIDTH="90" HEIGHT="25" WC="0.96" CONTENT="förklara"/>
						</TextLine>
						<TextLine ID="line_9" HPOS="272" VPOS="426" WIDTH="537" HEIGHT="29">
							<String ID="string_58" HPOS="272" VPOS="426" WIDTH="82" HEIGHT="19" WC="0.95" CONTENT="berörda"/><SP WIDTH="9" VPOS="426" HPOS="354"/>
							<String ID="string_59" HPOS="363" VPOS="427" WIDTH="120" HEIGHT="27" WC="0.96" CONTENT="författning,"/><SP WIDTH="15" VPOS="427" HPOS="483"/>
							<String ID="string_60" HPOS="498" VPOS="431" WIDTH="50" HEIGHT="17" WC="0.94" CONTENT="samt"/><SP WIDTH="14" VPOS="431" HPOS="548"/>
							<String ID="string_61" HPOS="562" VPOS="429" WIDTH="42" HEIGHT="19" WC="0.96" CONTENT="med"/><SP WIDTH="9" VPOS="429" HPOS="604"/>
							<String ID="string_62" HPOS="613" VPOS="428" WIDTH="80" HEIGHT="27" WC="0.96" CONTENT="ändring"/><SP WIDTH="10" VPOS="428" HPOS="693"/>
							<String ID="string_63" HPOS="703" VPOS="430" WIDTH="24" HEIGHT="24" WC="0.95" CONTENT="af"/><SP WIDTH="12" VPOS="430" HPOS="727"/>
							<String ID="string_64" HPOS="739" VPOS="429" WIDTH="7" HEIGHT="19" WC="0.92" CONTENT="9"/><SP WIDTH="9" VPOS="429" HPOS="746"/>
							<String ID="string_65" HPOS="755" VPOS="436" WIDTH="54" HEIGHT="14" WC="0.95" CONTENT="mom."/>
						</TextLine>
						<TextLine ID="line_10" HPOS="274" VPOS="453" WIDTH="538" HEIGHT="30">
							<String ID="string_66" HPOS="274" VPOS="454" WIDTH="12" HEIGHT="19" WC="0.91" CONTENT="2"/><SP WIDTH="15" VPOS="454" HPOS="286"/>
							<String ID="string_67" HPOS="301" VPOS="453" WIDTH="17" HEIGHT="27" WC="0.78" CONTENT="9"/><SP WIDTH="13" VPOS="453" HPOS="318"/>
							<String ID="string_68" HPOS="331" VPOS="454" WIDTH="14" HEIGHT="19" WC="0.93" CONTENT="8"/><SP WIDTH="14" VPOS="454" HPOS="345"/>
							<String ID="string_69" HPOS="359" VPOS="455" WIDTH="44" HEIGHT="26" WC="0.93" CONTENT="kop."/><SP WIDTH="16" VPOS="455" HPOS="403"/>
							<String ID="string_70" HPOS="419" VPOS="456" WIDTH="192" HEIGHT="26" WC="0.84" CONTENT="Rättegångsbalken,"/><SP WIDTH="15" VPOS="456" HPOS="611"/>
							<String ID="string_71" HPOS="626" VPOS="456" WIDTH="62" HEIGHT="21" WC="0.92" CONTENT="sävidt"/><SP WIDTH="14" VPOS="456" HPOS="688"/>
							<String ID="string_72" HPOS="702" VPOS="458" WIDTH="30" HEIGHT="19" WC="0.96" CONTENT="det"/><SP WIDTH="19" VPOS="458" HPOS="732"/>
							<String ID="string_73" HPOS="751" VPOS="457" WIDTH="61" HEIGHT="26" WC="0.96" CONTENT="angår"/>
						</TextLine>
						<TextLine ID="line_11" HPOS="272" VPOS="483" WIDTH="539" HEIGHT="29">
							<String ID="string_74" HPOS="272" VPOS="483" WIDTH="61" HEIGHT="25" WC="0.91" CONTENT="envig,"/><SP WIDTH="14" VPOS="483" HPOS="333"/>
							<String ID="string_75" HPOS="347" VPOS="483" WIDTH="96" HEIGHT="25" WC="0.96" CONTENT="slagsmål,"/><SP WIDTH="16" VPOS="483" HPOS="443"/>
							<String ID="string_76" HPOS="459" VPOS="485" WIDTH="44" HEIGHT="19" WC="0.92" CONTENT="eller"/><SP WIDTH="7" VPOS="485" HPOS="503"/>
							<String ID="string_77" HPOS="510" VPOS="485" WIDTH="123" HEIGHT="25" WC="0.92" CONTENT="förgripelser"/><SP WIDTH="18" VPOS="485" HPOS="633"/>
							<String ID="string_78" HPOS="651" VPOS="486" WIDTH="42" HEIGHT="18" WC="0.91" CONTENT="med"/><SP WIDTH="19" VPOS="486" HPOS="693"/>
							<String ID="string_79" HPOS="712" VPOS="486" WIDTH="99" HEIGHT="26" WC="0.90" CONTENT="skymfliga"/>
						</TextLine>
						<TextLine ID="line_12" HPOS="273" VPOS="511" WIDTH="537" HEIGHT="29">
							<String ID="string_80" HPOS="273" VPOS="511" WIDTH="35" HEIGHT="19" WC="0.95" CONTENT="ord"/><SP WIDTH="14" VPOS="511" HPOS="308"/>
							<String ID="string_81" HPOS="322" VPOS="511" WIDTH="33" HEIGHT="20" WC="0.93" CONTENT="och"/><SP WIDTH="13" VPOS="511" HPOS="355"/>
							<String ID="string_82" HPOS="368" VPOS="513" WIDTH="107" HEIGHT="24" WC="0.91" CONTENT="gerningar,"/><SP WIDTH="16" VPOS="513" HPOS="475"/>
							<String ID="string_83" HPOS="491" VPOS="514" WIDTH="95" HEIGHT="25" WC="0.35" CONTENT="äfvensom"/><SP WIDTH="14" VPOS="514" HPOS="586"/>
							<String ID="string_84" HPOS="600" VPOS="514" WIDTH="24" HEIGHT="24" WC="0.96" CONTENT="af"/><SP WIDTH="11" VPOS="514" HPOS="624"/>
							<String ID="string_85" HPOS="635" VPOS="514" WIDTH="46" HEIGHT="18" WC="0.96" CONTENT="sista"/><SP WIDTH="14" VPOS="514" HPOS="681"/>
							<String ID="string_86" HPOS="695" VPOS="520" WIDTH="54" HEIGHT="13" WC="0.96" CONTENT="mom."/><SP WIDTH="16" VPOS="520" HPOS="749"/>
							<String ID="string_87" HPOS="765" VPOS="514" WIDTH="14" HEIGHT="19" WC="0.92" CONTENT="6"/><SP WIDTH="14" VPOS="514" HPOS="779"/>
							<String ID="string_88" HPOS="793" VPOS="514" WIDTH="17" HEIGHT="26" WC="0.77" CONTENT="f"/>
						</TextLine>
						<TextLine ID="line_13" HPOS="271" VPOS="538" WIDTH="538" HEIGHT="28">
							<String ID="string_89" HPOS="271" VPOS="540" WIDTH="10" HEIGHT="18" WC="0.74" CONTENT="€"/><SP WIDTH="13" VPOS="540" HPOS="281"/>
							<String ID="string_90" HPOS="294" VPOS="538" WIDTH="70" HEIGHT="26" WC="0.83" CONTENT="Adliga"/><SP WIDTH="15" VPOS="538" HPOS="364"/>
							<String ID="string_91" HPOS="379" VPOS="540" WIDTH="135" HEIGHT="26" WC="0.92" CONTENT="Privilegierna"/><SP WIDTH="14" VPOS="540" HPOS="514"/>
							<String ID="string_92" HPOS="528" VPOS="542" WIDTH="23" HEIGHT="24" WC="0.95" CONTENT="af"/><SP WIDTH="12" VPOS="542" HPOS="551"/>
							<String ID="string_93" HPOS="563" VPOS="541" WIDTH="36" HEIGHT="19" WC="0.96" CONTENT="den"/><SP WIDTH="13" VPOS="541" HPOS="599"/>
							<String ID="string_94" HPOS="612" VPOS="541" WIDTH="27" HEIGHT="19" WC="0.96" CONTENT="16"/><SP WIDTH="20" VPOS="541" HPOS="639"/>
							<String ID="string_95" HPOS="659" VPOS="541" WIDTH="78" HEIGHT="20" WC="0.96" CONTENT="Oktober"/><SP WIDTH="14" VPOS="541" HPOS="737"/>
							<String ID="string_96" HPOS="751" VPOS="541" WIDTH="58" HEIGHT="24" WC="0.96" CONTENT="1723,"/>
						</TextLine>
						<TextLine ID="line_14" HPOS="272" VPOS="567" WIDTH="300" HEIGHT="28">
							<String ID="string_97" HPOS="272" VPOS="567" WIDTH="69" HEIGHT="20" WC="0.92" CONTENT="varder"/><SP WIDTH="13" VPOS="567" HPOS="341"/>
							<String ID="string_98" HPOS="354" VPOS="568" WIDTH="90" HEIGHT="25" WC="0.58" CONTENT="stadgadi"/><SP WIDTH="13" VPOS="568" HPOS="444"/>
							<String ID="string_99" HPOS="457" VPOS="576" WIDTH="41" HEIGHT="13" WC="0.96" CONTENT="som"/><SP WIDTH="8" VPOS="576" HPOS="498"/>
							<String ID="string_100" HPOS="506" VPOS="569" WIDTH="66" HEIGHT="26" WC="0.92" CONTENT="följer:"/>
						</TextLine>
					</TextBlock>
					<TextBlock ID="block_4" HPOS="266" VPOS="596" WIDTH="544" HEIGHT="311">
						<TextLine ID="line_15" HPOS="332" VPOS="596" WIDTH="478" HEIGHT="27">
							<String ID="string_101" HPOS="332" VPOS="596" WIDTH="8" HEIGHT="19" WC="0.59" CONTENT="1"/><SP WIDTH="17" VPOS="596" HPOS="340"/>
							<String ID="string_102" HPOS="357" VPOS="596" WIDTH="17" HEIGHT="25" WC="0.59" CONTENT="$."/><SP WIDTH="30" VPOS="596" HPOS="374"/>
							<String ID="string_103" HPOS="404" VPOS="596" WIDTH="64" HEIGHT="26" WC="0.88" CONTENT="Hafva"/><SP WIDTH="20" VPOS="596" HPOS="468"/>
							<String ID="string_104" HPOS="488" VPOS="600" WIDTH="72" HEIGHT="20" WC="0.95" CONTENT="tvenne,"/><SP WIDTH="21" VPOS="600" HPOS="560"/>
							<String ID="string_105" HPOS="581" VPOS="598" WIDTH="46" HEIGHT="25" WC="0.93" CONTENT="efter"/><SP WIDTH="20" VPOS="598" HPOS="627"/>
							<String ID="string_106" HPOS="647" VPOS="598" WIDTH="47" HEIGHT="25" WC="0.92" CONTENT="aftal"/><SP WIDTH="22" VPOS="598" HPOS="694"/>
							<String ID="string_107" HPOS="716" VPOS="598" WIDTH="33" HEIGHT="20" WC="0.96" CONTENT="och"/><SP WIDTH="19" VPOS="598" HPOS="749"/>
							<String ID="string_108" HPOS="768" VPOS="598" WIDTH="42" HEIGHT="20" WC="0.96" CONTENT="med"/>
						</TextLine>
						<TextLine ID="line_16" HPOS="271" VPOS="623" WIDTH="536" HEIGHT="28">
							<String ID="string_109" HPOS="271" VPOS="623" WIDTH="123" HEIGHT="27" WC="0.44" CONTENT="Begagnande"/><SP WIDTH="15" VPOS="623" HPOS="394"/>
							<String ID="string_110" HPOS="409" VPOS="626" WIDTH="87" HEIGHT="25" WC="0.80" CONTENT="afvapen,"/><SP WIDTH="14" VPOS="626" HPOS="496"/>
							<String ID="string_111" HPOS="510" VPOS="625" WIDTH="62" HEIGHT="20" WC="0.92" CONTENT="inlätit"/><SP WIDTH="13" VPOS="625" HPOS="572"/>
							<String ID="string_112" HPOS="585" VPOS="627" WIDTH="28" HEIGHT="23" WC="0.96" CONTENT="sig"/><SP WIDTH="14" VPOS="627" HPOS="613"/>
							<String ID="string_113" HPOS="627" VPOS="627" WIDTH="3" HEIGHT="18" WC="0.93" CONTENT="i"/><SP WIDTH="10" VPOS="627" HPOS="630"/>
							<String ID="string_114" HPOS="640" VPOS="628" WIDTH="52" HEIGHT="23" WC="0.92" CONTENT="envig"/><SP WIDTH="10" VPOS="628" HPOS="692"/>
							<String ID="string_115" HPOS="702" VPOS="626" WIDTH="42" HEIGHT="19" WC="0.93" CONTENT="med"/><SP WIDTH="9" VPOS="626" HPOS="744"/>
							<String ID="string_116" HPOS="753" VPOS="627" WIDTH="54" HEIGHT="18" WC="0.90" CONTENT="hvar-"/>
						</TextLine>
						<TextLine ID="line_17" HPOS="270" VPOS="652" WIDTH="538" HEIGHT="27">
							<String ID="string_117" HPOS="270" VPOS="652" WIDTH="70" HEIGHT="24" WC="0.94" CONTENT="andra,"/><SP WIDTH="16" VPOS="652" HPOS="340"/>
							<String ID="string_118" HPOS="356" VPOS="653" WIDTH="33" HEIGHT="19" WC="0.93" CONTENT="och"/><SP WIDTH="15" VPOS="653" HPOS="389"/>
							<String ID="string_119" HPOS="404" VPOS="652" WIDTH="64" HEIGHT="27" WC="0.88" CONTENT="blifver"/><SP WIDTH="13" VPOS="652" HPOS="468"/>
							<String ID="string_120" HPOS="481" VPOS="653" WIDTH="62" HEIGHT="26" WC="0.92" CONTENT="nägon"/><SP WIDTH="14" VPOS="653" HPOS="543"/>
							<String ID="string_121" HPOS="557" VPOS="653" WIDTH="40" HEIGHT="20" WC="0.93" CONTENT="deri"/><SP WIDTH="14" VPOS="653" HPOS="597"/>
							<String ID="string_122" HPOS="611" VPOS="653" WIDTH="63" HEIGHT="20" WC="0.92" CONTENT="dödad"/><SP WIDTH="15" VPOS="653" HPOS="674"/>
							<String ID="string_123" HPOS="689" VPOS="654" WIDTH="42" HEIGHT="19" WC="0.93" CONTENT="eller"/><SP WIDTH="12" VPOS="654" HPOS="731"/>
							<String ID="string_124" HPOS="743" VPOS="653" WIDTH="65" HEIGHT="24" WC="0.91" CONTENT="särad,"/>
						</TextLine>
						<TextLine ID="line_18" HPOS="271" VPOS="680" WIDTH="537" HEIGHT="28">
							<String ID="string_125" HPOS="271" VPOS="680" WIDTH="58" HEIGHT="20" WC="0.93" CONTENT="varde"/><SP WIDTH="12" VPOS="680" HPOS="329"/>
							<String ID="string_126" HPOS="341" VPOS="683" WIDTH="178" HEIGHT="24" WC="0.92" CONTENT="gerningsmannen,"/><SP WIDTH="16" VPOS="683" HPOS="519"/>
							<String ID="string_127" HPOS="535" VPOS="683" WIDTH="46" HEIGHT="24" WC="0.96" CONTENT="efter"/><SP WIDTH="13" VPOS="683" HPOS="581"/>
							<String ID="string_128" HPOS="594" VPOS="682" WIDTH="68" HEIGHT="19" WC="0.96" CONTENT="sakens"/><SP WIDTH="16" VPOS="682" HPOS="662"/>
							<String ID="string_129" HPOS="678" VPOS="682" WIDTH="130" HEIGHT="26" WC="0.95" CONTENT="beskaffenhet,"/>
						</TextLine>
						<TextLine ID="line_19" HPOS="271" VPOS="708" WIDTH="538" HEIGHT="27">
							<String ID="string_130" HPOS="271" VPOS="708" WIDTH="58" HEIGHT="20" WC="0.95" CONTENT="dömd"/><SP WIDTH="14" VPOS="708" HPOS="329"/>
							<String ID="string_131" HPOS="343" VPOS="709" WIDTH="26" HEIGHT="19" WC="0.94" CONTENT="til"/><SP WIDTH="14" VPOS="709" HPOS="369"/>
							<String ID="string_132" HPOS="383" VPOS="709" WIDTH="70" HEIGHT="20" WC="0.96" CONTENT="sådant"/><SP WIDTH="14" VPOS="709" HPOS="453"/>
							<String ID="string_133" HPOS="467" VPOS="710" WIDTH="60" HEIGHT="25" WC="0.95" CONTENT="straff,"/><SP WIDTH="16" VPOS="710" HPOS="527"/>
							<String ID="string_134" HPOS="543" VPOS="716" WIDTH="40" HEIGHT="13" WC="0.96" CONTENT="som"/><SP WIDTH="8" VPOS="716" HPOS="583"/>
							<String ID="string_135" HPOS="591" VPOS="711" WIDTH="34" HEIGHT="24" WC="0.96" CONTENT="för"/><SP WIDTH="9" VPOS="711" HPOS="625"/>
							<String ID="string_136" HPOS="634" VPOS="710" WIDTH="62" HEIGHT="23" WC="0.96" CONTENT="mord,"/><SP WIDTH="11" VPOS="710" HPOS="696"/>
							<String ID="string_137" HPOS="707" VPOS="710" WIDTH="48" HEIGHT="25" WC="0.96" CONTENT="dråp"/><SP WIDTH="11" VPOS="710" HPOS="755"/>
							<String ID="string_138" HPOS="766" VPOS="710" WIDTH="43" HEIGHT="20" WC="0.95" CONTENT="eller"/>
						</TextLine>
						<TextLine ID="line_20" HPOS="271" VPOS="737" WIDTH="537" HEIGHT="26">
							<String ID="string_139" HPOS="271" VPOS="743" WIDTH="65" HEIGHT="13" WC="0.92" CONTENT="annan"/><SP WIDTH="15" VPOS="743" HPOS="336"/>
							<String ID="string_140" HPOS="351" VPOS="738" WIDTH="113" HEIGHT="19" WC="0.92" CONTENT="misskandel"/><SP WIDTH="15" VPOS="738" HPOS="464"/>
							<String ID="string_141" HPOS="479" VPOS="737" WIDTH="88" HEIGHT="26" WC="0.91" CONTENT="stadgadt"/><SP WIDTH="14" VPOS="737" HPOS="567"/>
							<String ID="string_142" HPOS="581" VPOS="741" WIDTH="30" HEIGHT="20" WC="0.96" CONTENT="är;"/><SP WIDTH="14" VPOS="741" HPOS="611"/>
							<String ID="string_143" HPOS="625" VPOS="745" WIDTH="42" HEIGHT="12" WC="0.96" CONTENT="men"/><SP WIDTH="10" VPOS="745" HPOS="667"/>
							<String ID="string_144" HPOS="677" VPOS="738" WIDTH="41" HEIGHT="23" WC="0.96" CONTENT="den,"/><SP WIDTH="11" VPOS="738" HPOS="718"/>
							<String ID="string_145" HPOS="729" VPOS="745" WIDTH="40" HEIGHT="12" WC="0.93" CONTENT="som"/><SP WIDTH="10" VPOS="745" HPOS="769"/>
							<String ID="string_146" HPOS="779" VPOS="738" WIDTH="29" HEIGHT="19" WC="0.89" CONTENT="så-"/>
						</TextLine>
						<TextLine ID="line_21" HPOS="271" VPOS="765" WIDTH="536" HEIGHT="26">
							<String ID="string_147" HPOS="271" VPOS="765" WIDTH="37" HEIGHT="19" WC="0.96" CONTENT="rad"/><SP WIDTH="15" VPOS="765" HPOS="308"/>
							<String ID="string_148" HPOS="323" VPOS="765" WIDTH="40" HEIGHT="26" WC="0.95" CONTENT="blef,"/><SP WIDTH="16" VPOS="765" HPOS="363"/>
							<String ID="string_149" HPOS="379" VPOS="766" WIDTH="55" HEIGHT="23" WC="0.96" CONTENT="skall,"/><SP WIDTH="15" VPOS="766" HPOS="434"/>
							<String ID="string_150" HPOS="449" VPOS="773" WIDTH="30" HEIGHT="13" WC="0.96" CONTENT="om"/><SP WIDTH="14" VPOS="773" HPOS="479"/>
							<String ID="string_151" HPOS="493" VPOS="767" WIDTH="38" HEIGHT="18" WC="0.93" CONTENT="han"/><SP WIDTH="14" VPOS="767" HPOS="531"/>
							<String ID="string_152" HPOS="545" VPOS="766" WIDTH="45" HEIGHT="25" WC="0.91" CONTENT="sielf"/><SP WIDTH="11" VPOS="766" HPOS="590"/>
							<String ID="string_153" HPOS="601" VPOS="766" WIDTH="38" HEIGHT="19" WC="0.96" CONTENT="icke"/><SP WIDTH="14" VPOS="766" HPOS="639"/>
							<String ID="string_154" HPOS="653" VPOS="766" WIDTH="58" HEIGHT="19" WC="0.96" CONTENT="dödat"/><SP WIDTH="15" VPOS="766" HPOS="711"/>
							<String ID="string_155" HPOS="726" VPOS="767" WIDTH="43" HEIGHT="19" WC="0.93" CONTENT="eller"/><SP WIDTH="8" VPOS="767" HPOS="769"/>
							<String ID="string_156" HPOS="777" VPOS="766" WIDTH="30" HEIGHT="20" WC="0.92" CONTENT="så-"/>
						</TextLine>
						<TextLine ID="line_22" HPOS="270" VPOS="794" WIDTH="538" HEIGHT="27">
							<String ID="string_157" HPOS="270" VPOS="797" WIDTH="33" HEIGHT="16" WC="0.95" CONTENT="rat"/><SP WIDTH="14" VPOS="797" HPOS="303"/>
							<String ID="string_158" HPOS="317" VPOS="794" WIDTH="35" HEIGHT="19" WC="0.96" CONTENT="den"/><SP WIDTH="15" VPOS="794" HPOS="352"/>
							<String ID="string_159" HPOS="367" VPOS="795" WIDTH="64" HEIGHT="22" WC="0.96" CONTENT="andre,"/><SP WIDTH="10" VPOS="795" HPOS="431"/>
							<String ID="string_160" HPOS="441" VPOS="796" WIDTH="36" HEIGHT="25" WC="0.96" CONTENT="för"/><SP WIDTH="12" VPOS="796" HPOS="477"/>
							<String ID="string_161" HPOS="489" VPOS="796" WIDTH="32" HEIGHT="18" WC="0.96" CONTENT="sitt"/><SP WIDTH="16" VPOS="796" HPOS="521"/>
							<String ID="string_162" HPOS="537" VPOS="794" WIDTH="110" HEIGHT="25" WC="0.95" CONTENT="deltagande"/><SP WIDTH="10" VPOS="794" HPOS="647"/>
							<String ID="string_163" HPOS="657" VPOS="795" WIDTH="7" HEIGHT="18" WC="0.95" CONTENT="i"/><SP WIDTH="9" VPOS="795" HPOS="664"/>
							<String ID="string_164" HPOS="673" VPOS="795" WIDTH="71" HEIGHT="19" WC="0.68" CONTENT="striden"/><SP WIDTH="9" VPOS="795" HPOS="744"/>
							<String ID="string_165" HPOS="753" VPOS="796" WIDTH="55" HEIGHT="25" WC="0.92" CONTENT="straf-"/>
						</TextLine>
						<TextLine ID="line_23" HPOS="266" VPOS="821" WIDTH="543" HEIGHT="28">
							<String ID="string_166" HPOS="266" VPOS="823" WIDTH="37" HEIGHT="24" WC="0.87" CONTENT="Jas"/><SP WIDTH="14" VPOS="823" HPOS="303"/>
							<String ID="string_167" HPOS="317" VPOS="823" WIDTH="42" HEIGHT="19" WC="0.96" CONTENT="med"/><SP WIDTH="8" VPOS="823" HPOS="359"/>
							<String ID="string_168" HPOS="367" VPOS="823" WIDTH="89" HEIGHT="25" WC="0.95" CONTENT="fängelse"/><SP WIDTH="9" VPOS="823" HPOS="456"/>
							<String ID="string_169" HPOS="465" VPOS="823" WIDTH="48" HEIGHT="26" WC="0.96" CONTENT="från"/><SP WIDTH="16" VPOS="823" HPOS="513"/>
							<String ID="string_170" HPOS="529" VPOS="823" WIDTH="34" HEIGHT="19" WC="0.96" CONTENT="och"/><SP WIDTH="14" VPOS="823" HPOS="563"/>
							<String ID="string_171" HPOS="577" VPOS="823" WIDTH="42" HEIGHT="19" WC="0.96" CONTENT="med"/><SP WIDTH="9" VPOS="823" HPOS="619"/>
							<String ID="string_172" HPOS="628" VPOS="817" WIDTH="24" HEIGHT="36" WC="0.96" CONTENT="en"/><SP WIDTH="6" VPOS="817" HPOS="652"/>
							<String ID="string_173" HPOS="658" VPOS="821" WIDTH="73" HEIGHT="21" WC="0.94" CONTENT="månad"/><SP WIDTH="10" VPOS="821" HPOS="731"/>
							<String ID="string_174" HPOS="741" VPOS="823" WIDTH="26" HEIGHT="19" WC="0.96" CONTENT="till"/><SP WIDTH="9" VPOS="823" HPOS="767"/>
							<String ID="string_175" HPOS="776" VPOS="823" WIDTH="33" HEIGHT="19" WC="0.96" CONTENT="och"/>
						</TextLine>
						<TextLine ID="line_24" HPOS="273" VPOS="850" WIDTH="536" HEIGHT="27">
							<String ID="string_176" HPOS="273" VPOS="851" WIDTH="42" HEIGHT="18" WC="0.96" CONTENT="med"/><SP WIDTH="14" VPOS="851" HPOS="315"/>
							<String ID="string_177" HPOS="329" VPOS="853" WIDTH="24" HEIGHT="17" WC="0.96" CONTENT="ett"/><SP WIDTH="15" VPOS="853" HPOS="353"/>
							<String ID="string_178" HPOS="368" VPOS="850" WIDTH="23" HEIGHT="20" WC="0.95" CONTENT="år"/><SP WIDTH="15" VPOS="850" HPOS="391"/>
							<String ID="string_179" HPOS="406" VPOS="851" WIDTH="43" HEIGHT="19" WC="0.96" CONTENT="eller"/><SP WIDTH="14" VPOS="851" HPOS="449"/>
							<String ID="string_180" HPOS="463" VPOS="851" WIDTH="50" HEIGHT="20" WC="0.96" CONTENT="böter"/><SP WIDTH="9" VPOS="851" HPOS="513"/>
							<String ID="string_181" HPOS="522" VPOS="851" WIDTH="47" HEIGHT="26" WC="0.96" CONTENT="från"/><SP WIDTH="15" VPOS="851" HPOS="569"/>
							<String ID="string_182" HPOS="584" VPOS="851" WIDTH="33" HEIGHT="19" WC="0.96" CONTENT="och"/><SP WIDTH="17" VPOS="851" HPOS="617"/>
							<String ID="string_183" HPOS="634" VPOS="851" WIDTH="42" HEIGHT="19" WC="0.93" CONTENT="med"/><SP WIDTH="12" VPOS="851" HPOS="676"/>
							<String ID="string_184" HPOS="688" VPOS="852" WIDTH="75" HEIGHT="25" WC="0.92" CONTENT="fyratio"/><SP WIDTH="20" VPOS="852" HPOS="763"/>
							<String ID="string_185" HPOS="783" VPOS="851" WIDTH="26" HEIGHT="20" WC="0.85" CONTENT="till"/>
						</TextLine>
						<TextLine ID="line_25" HPOS="272" VPOS="879" WIDTH="295" HEIGHT="28">
							<String ID="string_186" HPOS="272" VPOS="879" WIDTH="35" HEIGHT="20" WC="0.96" CONTENT="och"/><SP WIDTH="14" VPOS="879" HPOS="307"/>
							<String ID="string_187" HPOS="321" VPOS="879" WIDTH="42" HEIGHT="28" WC="0.93" CONTENT="med"/><SP WIDTH="8" VPOS="879" HPOS="363"/>
							<String ID="string_188" HPOS="371" VPOS="879" WIDTH="123" HEIGHT="26" WC="0.87" CONTENT="fyrahundra"/><SP WIDTH="13" VPOS="879" HPOS="494"/>
							<String ID="string_189" HPOS="507" VPOS="879" WIDTH="60" HEIGHT="20" WC="0.96" CONTENT="mark."/>
						</TextLine>
					</TextBlock>
					<TextBlock ID="block_5" HPOS="271" VPOS="906" WIDTH="539" HEIGHT="112">
						<TextLine ID="line_26" HPOS="332" VPOS="906" WIDTH="477" HEIGHT="27">
							<String ID="string_190" HPOS="332" VPOS="907" WIDTH="38" HEIGHT="20" WC="0.89" CONTENT="Åro"/><SP WIDTH="15" VPOS="907" HPOS="370"/>
							<String ID="string_191" HPOS="385" VPOS="908" WIDTH="178" HEIGHT="25" WC="0.88" CONTENT="omständigheterne"/><SP WIDTH="19" VPOS="908" HPOS="563"/>
							<String ID="string_192" HPOS="582" VPOS="906" WIDTH="81" HEIGHT="24" WC="0.96" CONTENT="sådana,"/><SP WIDTH="21" VPOS="906" HPOS="663"/>
							<String ID="string_193" HPOS="684" VPOS="910" WIDTH="28" HEIGHT="17" WC="0.92" CONTENT="att"/><SP WIDTH="19" VPOS="910" HPOS="712"/>
							<String ID="string_194" HPOS="731" VPOS="907" WIDTH="78" HEIGHT="20" WC="0.91" CONTENT="enderas"/>
						</TextLine>
						<TextLine ID="line_27" HPOS="271" VPOS="935" WIDTH="538" HEIGHT="26">
							<String ID="string_195" HPOS="271" VPOS="936" WIDTH="46" HEIGHT="19" WC="0.92" CONTENT="eller"/><SP WIDTH="13" VPOS="936" HPOS="317"/>
							<String ID="string_196" HPOS="330" VPOS="935" WIDTH="65" HEIGHT="26" WC="0.92" CONTENT="begges"/><SP WIDTH="16" VPOS="935" HPOS="395"/>
							<String ID="string_197" HPOS="411" VPOS="936" WIDTH="112" HEIGHT="25" WC="0.96" CONTENT="brottslighet"/><SP WIDTH="9" VPOS="936" HPOS="523"/>
							<String ID="string_198" HPOS="532" VPOS="937" WIDTH="35" HEIGHT="24" WC="0.93" CONTENT="för"/><SP WIDTH="10" VPOS="937" HPOS="567"/>
							<String ID="string_199" HPOS="577" VPOS="937" WIDTH="76" HEIGHT="24" WC="0.92" CONTENT="ringare"/><SP WIDTH="10" VPOS="937" HPOS="653"/>
							<String ID="string_200" HPOS="663" VPOS="942" WIDTH="56" HEIGHT="13" WC="0.96" CONTENT="anses"/><SP WIDTH="10" VPOS="942" HPOS="719"/>
							<String ID="string_201" HPOS="729" VPOS="936" WIDTH="45" HEIGHT="23" WC="0.96" CONTENT="kan;"/><SP WIDTH="10" VPOS="936" HPOS="774"/>
							<String ID="string_202" HPOS="784" VPOS="935" WIDTH="25" HEIGHT="20" WC="0.96" CONTENT="då"/>
						</TextLine>
						<TextLine ID="line_28" HPOS="271" VPOS="963" WIDTH="537" HEIGHT="26">
							<String ID="string_203" HPOS="271" VPOS="963" WIDTH="33" HEIGHT="20" WC="0.94" CONTENT="må"/><SP WIDTH="14" VPOS="963" HPOS="304"/>
							<String ID="string_204" HPOS="318" VPOS="964" WIDTH="73" HEIGHT="25" WC="0.94" CONTENT="straffet"/><SP WIDTH="8" VPOS="964" HPOS="391"/>
							<String ID="string_205" HPOS="399" VPOS="965" WIDTH="35" HEIGHT="24" WC="0.96" CONTENT="för"/><SP WIDTH="14" VPOS="965" HPOS="434"/>
							<String ID="string_206" HPOS="448" VPOS="965" WIDTH="45" HEIGHT="22" WC="0.95" CONTENT="den,"/><SP WIDTH="20" VPOS="965" HPOS="493"/>
							<String ID="string_207" HPOS="513" VPOS="971" WIDTH="40" HEIGHT="12" WC="0.96" CONTENT="som"/><SP WIDTH="18" VPOS="971" HPOS="553"/>
							<String ID="string_208" HPOS="571" VPOS="964" WIDTH="60" HEIGHT="19" WC="0.92" CONTENT="under"/><SP WIDTH="18" VPOS="964" HPOS="631"/>
							<String ID="string_209" HPOS="649" VPOS="964" WIDTH="104" HEIGHT="19" WC="0.91" CONTENT="mildrande"/><SP WIDTH="19" VPOS="964" HPOS="753"/>
							<String ID="string_210" HPOS="772" VPOS="970" WIDTH="36" HEIGHT="13" WC="0.91" CONTENT="om-"/>
						</TextLine>
						<TextLine ID="line_29" HPOS="272" VPOS="991" WIDTH="538" HEIGHT="27">
							<String ID="string_211" HPOS="272" VPOS="991" WIDTH="105" HEIGHT="26" WC="0.92" CONTENT="ständighet"/><SP WIDTH="25" VPOS="991" HPOS="377"/>
							<String ID="string_212" HPOS="402" VPOS="993" WIDTH="28" HEIGHT="25" WC="0.93" CONTENT="sig"/><SP WIDTH="22" VPOS="993" HPOS="430"/>
							<String ID="string_213" HPOS="452" VPOS="993" WIDTH="96" HEIGHT="25" WC="0.74" CONTENT="förbrutit,"/><SP WIDTH="24" VPOS="993" HPOS="548"/>
							<String ID="string_214" HPOS="572" VPOS="992" WIDTH="63" HEIGHT="19" WC="0.93" CONTENT="kunna"/><SP WIDTH="22" VPOS="992" HPOS="635"/>
							<String ID="string_215" HPOS="657" VPOS="992" WIDTH="104" HEIGHT="19" WC="0.92" CONTENT="nedsättas:"/><SP WIDTH="19" VPOS="992" HPOS="761"/>
							<String ID="string_216" HPOS="780" VPOS="998" WIDTH="30" HEIGHT="13" WC="0.97" CONTENT="om"/>
						</TextLine>
					</TextBlock>
					<TextBlock ID="block_6" HPOS="249" VPOS="1019" WIDTH="562" HEIGHT="252">
						<TextLine ID="line_30" HPOS="249" VPOS="1019" WIDTH="559" HEIGHT="26">
							<String ID="string_217" HPOS="249" VPOS="1037" WIDTH="2" HEIGHT="2" WC="0.27" CONTENT="+"/><SP WIDTH="22" VPOS="1037" HPOS="251"/>
							<String ID="string_218" HPOS="273" VPOS="1021" WIDTH="38" HEIGHT="19" WC="0.93" CONTENT="han"/><SP WIDTH="14" VPOS="1021" HPOS="311"/>
							<String ID="string_219" HPOS="325" VPOS="1020" WIDTH="62" HEIGHT="25" WC="0.94" CONTENT="begått"/><SP WIDTH="14" VPOS="1020" HPOS="387"/>
							<String ID="string_220" HPOS="401" VPOS="1021" WIDTH="53" HEIGHT="19" WC="0.95" CONTENT="mord"/><SP WIDTH="15" VPOS="1021" HPOS="454"/>
							<String ID="string_221" HPOS="469" VPOS="1021" WIDTH="44" HEIGHT="19" WC="0.73" CONTENT="eller"/><SP WIDTH="12" VPOS="1021" HPOS="513"/>
							<String ID="string_222" HPOS="525" VPOS="1019" WIDTH="48" HEIGHT="26" WC="0.93" CONTENT="dråp"/><SP WIDTH="21" VPOS="1019" HPOS="573"/>
							<String ID="string_223" HPOS="594" VPOS="1022" WIDTH="7" HEIGHT="17" WC="0.93" CONTENT="i"/><SP WIDTH="17" VPOS="1022" HPOS="601"/>
							<String ID="string_224" HPOS="618" VPOS="1019" WIDTH="69" HEIGHT="26" WC="0.96" CONTENT="uppsåt"/><SP WIDTH="19" VPOS="1019" HPOS="687"/>
							<String ID="string_225" HPOS="706" VPOS="1023" WIDTH="28" HEIGHT="16" WC="0.93" CONTENT="att"/><SP WIDTH="19" VPOS="1023" HPOS="734"/>
							<String ID="string_226" HPOS="753" VPOS="1020" WIDTH="55" HEIGHT="23" WC="0.96" CONTENT="döda,"/>
						</TextLine>
						<TextLine ID="line_31" HPOS="272" VPOS="1047" WIDTH="537" HEIGHT="27">
							<String ID="string_227" HPOS="272" VPOS="1049" WIDTH="28" HEIGHT="19" WC="0.92" CONTENT="till"/><SP WIDTH="14" VPOS="1049" HPOS="300"/>
							<String ID="string_228" HPOS="314" VPOS="1049" WIDTH="73" HEIGHT="19" WC="0.92" CONTENT="tukthus"/><SP WIDTH="10" VPOS="1049" HPOS="387"/>
							<String ID="string_229" HPOS="397" VPOS="1048" WIDTH="48" HEIGHT="26" WC="0.96" CONTENT="från"/><SP WIDTH="15" VPOS="1048" HPOS="445"/>
							<String ID="string_230" HPOS="460" VPOS="1049" WIDTH="33" HEIGHT="19" WC="0.86" CONTENT="och"/><SP WIDTH="14" VPOS="1049" HPOS="493"/>
							<String ID="string_231" HPOS="507" VPOS="1049" WIDTH="42" HEIGHT="18" WC="0.96" CONTENT="med"/><SP WIDTH="14" VPOS="1049" HPOS="549"/>
							<String ID="string_232" HPOS="563" VPOS="1049" WIDTH="25" HEIGHT="18" WC="0.96" CONTENT="tio"/><SP WIDTH="16" VPOS="1049" HPOS="588"/>
							<String ID="string_233" HPOS="604" VPOS="1048" WIDTH="26" HEIGHT="19" WC="0.90" CONTENT="till"/><SP WIDTH="13" VPOS="1048" HPOS="630"/>
							<String ID="string_234" HPOS="643" VPOS="1049" WIDTH="33" HEIGHT="19" WC="0.92" CONTENT="och"/><SP WIDTH="9" VPOS="1049" HPOS="676"/>
							<String ID="string_235" HPOS="685" VPOS="1048" WIDTH="42" HEIGHT="19" WC="0.93" CONTENT="med"/><SP WIDTH="10" VPOS="1048" HPOS="727"/>
							<String ID="string_236" HPOS="737" VPOS="1048" WIDTH="36" HEIGHT="25" WC="0.93" CONTENT="tolf"/><SP WIDTH="6" VPOS="1048" HPOS="773"/>
							<String ID="string_237" HPOS="779" VPOS="1047" WIDTH="30" HEIGHT="25" WC="0.96" CONTENT="är;"/>
						</TextLine>
						<TextLine ID="line_32" HPOS="272" VPOS="1076" WIDTH="537" HEIGHT="27">
							<String ID="string_238" HPOS="272" VPOS="1077" WIDTH="32" HEIGHT="19" WC="0.93" CONTENT="vid"/><SP WIDTH="15" VPOS="1077" HPOS="304"/>
							<String ID="string_239" HPOS="319" VPOS="1076" WIDTH="47" HEIGHT="26" WC="0.96" CONTENT="dråp"/><SP WIDTH="15" VPOS="1076" HPOS="366"/>
							<String ID="string_240" HPOS="381" VPOS="1080" WIDTH="46" HEIGHT="16" WC="0.87" CONTENT="utan"/><SP WIDTH="10" VPOS="1080" HPOS="427"/>
							<String ID="string_241" HPOS="437" VPOS="1077" WIDTH="68" HEIGHT="26" WC="0.72" CONTENT="uppsät"/><SP WIDTH="6" VPOS="1077" HPOS="505"/>
							<String ID="string_242" HPOS="511" VPOS="1079" WIDTH="32" HEIGHT="17" WC="0.93" CONTENT="att"/><SP WIDTH="9" VPOS="1079" HPOS="543"/>
							<String ID="string_243" HPOS="552" VPOS="1076" WIDTH="50" HEIGHT="20" WC="0.89" CONTENT="döda"/><SP WIDTH="11" VPOS="1076" HPOS="602"/>
							<String ID="string_244" HPOS="613" VPOS="1077" WIDTH="25" HEIGHT="18" WC="0.96" CONTENT="till"/><SP WIDTH="9" VPOS="1077" HPOS="638"/>
							<String ID="string_245" HPOS="647" VPOS="1076" WIDTH="101" HEIGHT="19" WC="0.69" CONTENT="enahanda"/><SP WIDTH="7" VPOS="1076" HPOS="748"/>
							<String ID="string_246" HPOS="755" VPOS="1077" WIDTH="54" HEIGHT="24" WC="0.78" CONTENT="straff"/>
						</TextLine>
						<TextLine ID="line_33" HPOS="266" VPOS="1103" WIDTH="545" HEIGHT="28">
							<String ID="string_247" HPOS="266" VPOS="1105" WIDTH="49" HEIGHT="26" WC="0.91" CONTENT="från"/><SP WIDTH="15" VPOS="1105" HPOS="315"/>
							<String ID="string_248" HPOS="330" VPOS="1105" WIDTH="33" HEIGHT="19" WC="0.96" CONTENT="och"/><SP WIDTH="14" VPOS="1105" HPOS="363"/>
							<String ID="string_249" HPOS="377" VPOS="1106" WIDTH="42" HEIGHT="19" WC="0.96" CONTENT="med"/><SP WIDTH="8" VPOS="1106" HPOS="419"/>
							<String ID="string_250" HPOS="427" VPOS="1106" WIDTH="50" HEIGHT="25" WC="0.96" CONTENT="fyra"/><SP WIDTH="15" VPOS="1106" HPOS="477"/>
							<String ID="string_251" HPOS="492" VPOS="1106" WIDTH="26" HEIGHT="19" WC="0.96" CONTENT="till"/><SP WIDTH="15" VPOS="1106" HPOS="518"/>
							<String ID="string_252" HPOS="533" VPOS="1105" WIDTH="34" HEIGHT="19" WC="0.96" CONTENT="och"/><SP WIDTH="13" VPOS="1105" HPOS="567"/>
							<String ID="string_253" HPOS="580" VPOS="1105" WIDTH="42" HEIGHT="19" WC="0.96" CONTENT="med"/><SP WIDTH="13" VPOS="1105" HPOS="622"/>
							<String ID="string_254" HPOS="635" VPOS="1104" WIDTH="41" HEIGHT="20" WC="0.96" CONTENT="åtta"/><SP WIDTH="10" VPOS="1104" HPOS="676"/>
							<String ID="string_255" HPOS="686" VPOS="1104" WIDTH="30" HEIGHT="24" WC="0.96" CONTENT="år;"/><SP WIDTH="9" VPOS="1104" HPOS="716"/>
							<String ID="string_256" HPOS="725" VPOS="1105" WIDTH="32" HEIGHT="19" WC="0.96" CONTENT="vid"/><SP WIDTH="9" VPOS="1105" HPOS="757"/>
							<String ID="string_257" HPOS="766" VPOS="1103" WIDTH="45" HEIGHT="20" WC="0.96" CONTENT="svår"/>
						</TextLine>
						<TextLine ID="line_34" HPOS="272" VPOS="1132" WIDTH="538" HEIGHT="26">
							<String ID="string_258" HPOS="272" VPOS="1133" WIDTH="131" HEIGHT="25" WC="0.96" CONTENT="kroppsskada"/><SP WIDTH="16" VPOS="1133" HPOS="403"/>
							<String ID="string_259" HPOS="419" VPOS="1134" WIDTH="26" HEIGHT="19" WC="0.91" CONTENT="till"/><SP WIDTH="18" VPOS="1134" HPOS="445"/>
							<String ID="string_260" HPOS="463" VPOS="1134" WIDTH="74" HEIGHT="19" WC="0.91" CONTENT="tukthus"/><SP WIDTH="13" VPOS="1134" HPOS="537"/>
							<String ID="string_261" HPOS="550" VPOS="1132" WIDTH="49" HEIGHT="26" WC="0.95" CONTENT="från"/><SP WIDTH="19" VPOS="1132" HPOS="599"/>
							<String ID="string_262" HPOS="618" VPOS="1133" WIDTH="33" HEIGHT="20" WC="0.96" CONTENT="och"/><SP WIDTH="18" VPOS="1133" HPOS="651"/>
							<String ID="string_263" HPOS="669" VPOS="1132" WIDTH="42" HEIGHT="20" WC="0.96" CONTENT="med"/><SP WIDTH="20" VPOS="1132" HPOS="711"/>
							<String ID="string_264" HPOS="731" VPOS="1132" WIDTH="30" HEIGHT="19" WC="0.94" CONTENT="två"/><SP WIDTH="23" VPOS="1132" HPOS="761"/>
							<String ID="string_265" HPOS="784" VPOS="1132" WIDTH="26" HEIGHT="19" WC="0.90" CONTENT="till"/>
						</TextLine>
						<TextLine ID="line_35" HPOS="269" VPOS="1160" WIDTH="540" HEIGHT="25">
							<String ID="string_266" HPOS="269" VPOS="1161" WIDTH="36" HEIGHT="20" WC="0.96" CONTENT="och"/><SP WIDTH="15" VPOS="1161" HPOS="305"/>
							<String ID="string_267" HPOS="320" VPOS="1161" WIDTH="42" HEIGHT="19" WC="0.96" CONTENT="med"/><SP WIDTH="13" VPOS="1161" HPOS="362"/>
							<String ID="string_268" HPOS="375" VPOS="1167" WIDTH="36" HEIGHT="13" WC="0.95" CONTENT="sex"/><SP WIDTH="14" VPOS="1167" HPOS="411"/>
							<String ID="string_269" HPOS="425" VPOS="1161" WIDTH="28" HEIGHT="23" WC="0.96" CONTENT="år,"/><SP WIDTH="17" VPOS="1161" HPOS="453"/>
							<String ID="string_270" HPOS="470" VPOS="1164" WIDTH="48" HEIGHT="17" WC="0.96" CONTENT="samt"/><SP WIDTH="14" VPOS="1164" HPOS="518"/>
							<String ID="string_271" HPOS="532" VPOS="1161" WIDTH="31" HEIGHT="19" WC="0.93" CONTENT="vid"/><SP WIDTH="20" VPOS="1161" HPOS="563"/>
							<String ID="string_272" HPOS="583" VPOS="1163" WIDTH="76" HEIGHT="22" WC="0.91" CONTENT="ringare"/><SP WIDTH="20" VPOS="1163" HPOS="659"/>
							<String ID="string_273" HPOS="679" VPOS="1160" WIDTH="130" HEIGHT="25" WC="0.96" CONTENT="kroppsskada"/>
						</TextLine>
						<TextLine ID="line_36" HPOS="272" VPOS="1188" WIDTH="538" HEIGHT="27">
							<String ID="string_274" HPOS="272" VPOS="1189" WIDTH="27" HEIGHT="20" WC="0.95" CONTENT="till"/><SP WIDTH="8" VPOS="1189" HPOS="299"/>
							<String ID="string_275" HPOS="307" VPOS="1189" WIDTH="88" HEIGHT="26" WC="0.96" CONTENT="fängelse"/><SP WIDTH="9" VPOS="1189" HPOS="395"/>
							<String ID="string_276" HPOS="404" VPOS="1189" WIDTH="48" HEIGHT="26" WC="0.96" CONTENT="från"/><SP WIDTH="15" VPOS="1189" HPOS="452"/>
							<String ID="string_277" HPOS="467" VPOS="1190" WIDTH="33" HEIGHT="19" WC="0.96" CONTENT="och"/><SP WIDTH="15" VPOS="1190" HPOS="500"/>
							<String ID="string_278" HPOS="515" VPOS="1189" WIDTH="41" HEIGHT="19" WC="0.96" CONTENT="med"/><SP WIDTH="15" VPOS="1189" HPOS="556"/>
							<String ID="string_279" HPOS="571" VPOS="1195" WIDTH="22" HEIGHT="13" WC="0.96" CONTENT="en"/><SP WIDTH="14" VPOS="1195" HPOS="593"/>
							<String ID="string_280" HPOS="607" VPOS="1188" WIDTH="72" HEIGHT="20" WC="0.96" CONTENT="månad"/><SP WIDTH="10" VPOS="1188" HPOS="679"/>
							<String ID="string_281" HPOS="689" VPOS="1189" WIDTH="26" HEIGHT="18" WC="0.96" CONTENT="till"/><SP WIDTH="10" VPOS="1189" HPOS="715"/>
							<String ID="string_282" HPOS="725" VPOS="1189" WIDTH="34" HEIGHT="18" WC="0.95" CONTENT="och"/><SP WIDTH="9" VPOS="1189" HPOS="759"/>
							<String ID="string_283" HPOS="768" VPOS="1189" WIDTH="42" HEIGHT="18" WC="0.96" CONTENT="med"/>
						</TextLine>
						<TextLine ID="line_37" HPOS="272" VPOS="1216" WIDTH="537" HEIGHT="27">
							<String ID="string_284" HPOS="272" VPOS="1219" WIDTH="25" HEIGHT="18" WC="0.94" CONTENT="ett"/><SP WIDTH="14" VPOS="1219" HPOS="297"/>
							<String ID="string_285" HPOS="311" VPOS="1216" WIDTH="24" HEIGHT="20" WC="0.96" CONTENT="år"/><SP WIDTH="13" VPOS="1216" HPOS="335"/>
							<String ID="string_286" HPOS="348" VPOS="1217" WIDTH="45" HEIGHT="20" WC="0.96" CONTENT="eller"/><SP WIDTH="14" VPOS="1217" HPOS="393"/>
							<String ID="string_287" HPOS="407" VPOS="1217" WIDTH="50" HEIGHT="20" WC="0.96" CONTENT="böter"/><SP WIDTH="11" VPOS="1217" HPOS="457"/>
							<String ID="string_288" HPOS="468" VPOS="1217" WIDTH="45" HEIGHT="26" WC="0.96" CONTENT="från"/><SP WIDTH="14" VPOS="1217" HPOS="513"/>
							<String ID="string_289" HPOS="527" VPOS="1217" WIDTH="34" HEIGHT="20" WC="0.96" CONTENT="och"/><SP WIDTH="18" VPOS="1217" HPOS="561"/>
							<String ID="string_290" HPOS="579" VPOS="1216" WIDTH="42" HEIGHT="20" WC="0.93" CONTENT="med"/><SP WIDTH="12" VPOS="1216" HPOS="621"/>
							<String ID="string_291" HPOS="633" VPOS="1217" WIDTH="74" HEIGHT="25" WC="0.93" CONTENT="fyratio"/><SP WIDTH="22" VPOS="1217" HPOS="707"/>
							<String ID="string_292" HPOS="729" VPOS="1217" WIDTH="27" HEIGHT="18" WC="0.96" CONTENT="till"/><SP WIDTH="20" VPOS="1217" HPOS="756"/>
							<String ID="string_293" HPOS="776" VPOS="1217" WIDTH="33" HEIGHT="18" WC="0.96" CONTENT="och"/>
						</TextLine>
						<TextLine ID="line_38" HPOS="271" VPOS="1245" WIDTH="248" HEIGHT="26">
							<String ID="string_294" HPOS="271" VPOS="1245" WIDTH="43" HEIGHT="20" WC="0.90" CONTENT="med"/><SP WIDTH="8" VPOS="1245" HPOS="314"/>
							<String ID="string_295" HPOS="322" VPOS="1245" WIDTH="124" HEIGHT="26" WC="0.91" CONTENT="fyrahundra"/><SP WIDTH="13" VPOS="1245" HPOS="446"/>
							<String ID="string_296" HPOS="459" VPOS="1245" WIDTH="60" HEIGHT="20" WC="0.96" CONTENT="mark."/>
						</TextLine>
					</TextBlock>
					<TextBlock ID="block_7" HPOS="270" VPOS="1273" WIDTH="540" HEIGHT="185">
						<TextLine ID="line_39" HPOS="330" VPOS="1273" WIDTH="478" HEIGHT="25">
							<String ID="string_297" HPOS="330" VPOS="1273" WIDTH="12" HEIGHT="18" WC="0.87" CONTENT="2"/><SP WIDTH="14" VPOS="1273" HPOS="342"/>
							<String ID="string_298" HPOS="356" VPOS="1273" WIDTH="19" HEIGHT="24" WC="0.70" CONTENT="8."/><SP WIDTH="32" VPOS="1273" HPOS="375"/>
							<String ID="string_299" HPOS="407" VPOS="1273" WIDTH="62" HEIGHT="25" WC="0.89" CONTENT="Hafva"/><SP WIDTH="16" VPOS="1273" HPOS="469"/>
							<String ID="string_300" HPOS="485" VPOS="1273" WIDTH="28" HEIGHT="23" WC="0.96" CONTENT="de,"/><SP WIDTH="16" VPOS="1273" HPOS="513"/>
							<String ID="string_301" HPOS="529" VPOS="1279" WIDTH="40" HEIGHT="13" WC="0.93" CONTENT="som"/><SP WIDTH="14" VPOS="1279" HPOS="569"/>
							<String ID="string_302" HPOS="583" VPOS="1273" WIDTH="65" HEIGHT="25" WC="0.93" CONTENT="träffat"/><SP WIDTH="15" VPOS="1273" HPOS="648"/>
							<String ID="string_303" HPOS="663" VPOS="1273" WIDTH="48" HEIGHT="25" WC="0.80" CONTENT="aftal"/><SP WIDTH="18" VPOS="1273" HPOS="711"/>
							<String ID="string_304" HPOS="729" VPOS="1278" WIDTH="29" HEIGHT="13" WC="0.96" CONTENT="om"/><SP WIDTH="20" VPOS="1278" HPOS="758"/>
							<String ID="string_305" HPOS="778" VPOS="1278" WIDTH="30" HEIGHT="13" WC="0.47" CONTENT="en"/>
						</TextLine>
						<TextLine ID="line_40" HPOS="270" VPOS="1300" WIDTH="539" HEIGHT="27">
							<String ID="string_306" HPOS="270" VPOS="1303" WIDTH="39" HEIGHT="24" WC="0.93" CONTENT="vig,"/><SP WIDTH="16" VPOS="1303" HPOS="309"/>
							<String ID="string_307" HPOS="325" VPOS="1301" WIDTH="66" HEIGHT="20" WC="0.93" CONTENT="skridit"/><SP WIDTH="15" VPOS="1301" HPOS="391"/>
							<String ID="string_308" HPOS="406" VPOS="1302" WIDTH="26" HEIGHT="19" WC="0.91" CONTENT="till"/><SP WIDTH="14" VPOS="1302" HPOS="432"/>
							<String ID="string_309" HPOS="446" VPOS="1301" WIDTH="136" HEIGHT="25" WC="0.96" CONTENT="verkställighet"/><SP WIDTH="19" VPOS="1301" HPOS="582"/>
							<String ID="string_310" HPOS="601" VPOS="1300" WIDTH="62" HEIGHT="25" WC="0.96" CONTENT="deraf,"/><SP WIDTH="20" VPOS="1300" HPOS="663"/>
							<String ID="string_311" HPOS="683" VPOS="1307" WIDTH="48" HEIGHT="15" WC="0.93" CONTENT="men,"/><SP WIDTH="20" VPOS="1307" HPOS="731"/>
							<String ID="string_312" HPOS="751" VPOS="1301" WIDTH="58" HEIGHT="18" WC="0.93" CONTENT="innan"/>
						</TextLine>
						<TextLine ID="line_41" HPOS="273" VPOS="1328" WIDTH="536" HEIGHT="27">
							<String ID="string_313" HPOS="273" VPOS="1329" WIDTH="108" HEIGHT="26" WC="0.95" CONTENT="någondera"/><SP WIDTH="14" VPOS="1329" HPOS="381"/>
							<String ID="string_314" HPOS="395" VPOS="1329" WIDTH="70" HEIGHT="23" WC="0.95" CONTENT="sårats,"/><SP WIDTH="8" VPOS="1329" HPOS="465"/>
							<String ID="string_315" HPOS="473" VPOS="1329" WIDTH="58" HEIGHT="26" WC="0.96" CONTENT="blifvit"/><SP WIDTH="8" VPOS="1329" HPOS="531"/>
							<String ID="string_316" HPOS="539" VPOS="1328" WIDTH="48" HEIGHT="26" WC="0.96" CONTENT="från"/><SP WIDTH="9" VPOS="1328" HPOS="587"/>
							<String ID="string_317" HPOS="596" VPOS="1329" WIDTH="124" HEIGHT="25" WC="0.82" CONTENT="fortsättning"/><SP WIDTH="15" VPOS="1329" HPOS="720"/>
							<String ID="string_318" HPOS="735" VPOS="1328" WIDTH="24" HEIGHT="25" WC="0.92" CONTENT="af"/><SP WIDTH="8" VPOS="1328" HPOS="759"/>
							<String ID="string_319" HPOS="767" VPOS="1329" WIDTH="42" HEIGHT="18" WC="0.88" CONTENT="stri-"/>
						</TextLine>
						<TextLine ID="line_42" HPOS="272" VPOS="1356" WIDTH="537" HEIGHT="27">
							<String ID="string_320" HPOS="272" VPOS="1358" WIDTH="37" HEIGHT="19" WC="0.96" CONTENT="den"/><SP WIDTH="15" VPOS="1358" HPOS="309"/>
							<String ID="string_321" HPOS="324" VPOS="1357" WIDTH="91" HEIGHT="20" WC="0.95" CONTENT="hindrade"/><SP WIDTH="15" VPOS="1357" HPOS="415"/>
							<String ID="string_322" HPOS="430" VPOS="1359" WIDTH="22" HEIGHT="24" WC="0.96" CONTENT="af"/><SP WIDTH="13" VPOS="1359" HPOS="452"/>
							<String ID="string_323" HPOS="465" VPOS="1357" WIDTH="160" HEIGHT="25" WC="0.95" CONTENT="omständigheter,"/><SP WIDTH="16" VPOS="1357" HPOS="625"/>
							<String ID="string_324" HPOS="641" VPOS="1362" WIDTH="40" HEIGHT="13" WC="0.96" CONTENT="som"/><SP WIDTH="14" VPOS="1362" HPOS="681"/>
							<String ID="string_325" HPOS="695" VPOS="1362" WIDTH="44" HEIGHT="13" WC="0.94" CONTENT="voro"/><SP WIDTH="15" VPOS="1362" HPOS="739"/>
							<String ID="string_326" HPOS="754" VPOS="1356" WIDTH="23" HEIGHT="25" WC="0.96" CONTENT="af"/><SP WIDTH="10" VPOS="1356" HPOS="777"/>
							<String ID="string_327" HPOS="787" VPOS="1356" WIDTH="22" HEIGHT="18" WC="0.96" CONTENT="de"/>
						</TextLine>
						<TextLine ID="line_43" HPOS="273" VPOS="1384" WIDTH="536" HEIGHT="27">
							<String ID="string_328" HPOS="273" VPOS="1386" WIDTH="100" HEIGHT="20" WC="0.88" CONTENT="tvistandes"/><SP WIDTH="10" VPOS="1386" HPOS="373"/>
							<String ID="string_329" HPOS="383" VPOS="1387" WIDTH="42" HEIGHT="24" WC="0.96" CONTENT="fria"/><SP WIDTH="14" VPOS="1387" HPOS="425"/>
							<String ID="string_330" HPOS="439" VPOS="1386" WIDTH="44" HEIGHT="25" WC="0.96" CONTENT="vilja"/><SP WIDTH="10" VPOS="1386" HPOS="483"/>
							<String ID="string_331" HPOS="493" VPOS="1385" WIDTH="107" HEIGHT="23" WC="0.93" CONTENT="oberoende,"/><SP WIDTH="11" VPOS="1385" HPOS="600"/>
							<String ID="string_332" HPOS="611" VPOS="1384" WIDTH="81" HEIGHT="25" WC="0.91" CONTENT="straffes,"/><SP WIDTH="16" VPOS="1384" HPOS="692"/>
							<String ID="string_333" HPOS="708" VPOS="1384" WIDTH="46" HEIGHT="24" WC="0.93" CONTENT="efter"/><SP WIDTH="11" VPOS="1384" HPOS="754"/>
							<String ID="string_334" HPOS="765" VPOS="1390" WIDTH="44" HEIGHT="18" WC="0.91" CONTENT="gra-"/>
						</TextLine>
						<TextLine ID="line_44" HPOS="272" VPOS="1410" WIDTH="538" HEIGHT="48">
							<String ID="string_335" HPOS="272" VPOS="1414" WIDTH="36" HEIGHT="18" WC="0.96" CONTENT="den"/><SP WIDTH="15" VPOS="1414" HPOS="308"/>
							<String ID="string_336" HPOS="323" VPOS="1415" WIDTH="25" HEIGHT="23" WC="0.93" CONTENT="af"/><SP WIDTH="9" VPOS="1415" HPOS="348"/>
							<String ID="string_337" HPOS="357" VPOS="1414" WIDTH="103" HEIGHT="18" WC="0.83" CONTENT="hvarderas"/><SP WIDTH="15" VPOS="1414" HPOS="460"/>
							<String ID="string_338" HPOS="475" VPOS="1413" WIDTH="118" HEIGHT="24" WC="0.96" CONTENT="brottslighet,"/><SP WIDTH="15" VPOS="1413" HPOS="593"/>
							<String ID="string_339" HPOS="608" VPOS="1412" WIDTH="43" HEIGHT="18" WC="0.96" CONTENT="med"/><SP WIDTH="14" VPOS="1412" HPOS="651"/>
							<String ID="string_340" HPOS="665" VPOS="1411" WIDTH="51" HEIGHT="18" WC="0.96" CONTENT="böter"/><SP WIDTH="-3" VPOS="1411" HPOS="716"/>
							<String ID="string_341" HPOS="713" VPOS="1410" WIDTH="55" HEIGHT="48" WC="0.67" CONTENT="="/><SP WIDTH="9" VPOS="1410" HPOS="768"/>
							<String ID="string_342" HPOS="777" VPOS="1411" WIDTH="33" HEIGHT="18" WC="0.96" CONTENT="och"/>
						</TextLine>
					</TextBlock>
				</ComposedBlock>
			</PrintSpace>
		</Page>
	</Layout>
</alto>
