973 1798
412 445 44 34 24

272 573 68 22 Hans
353 572 154 29 Kejserliga
518 571 135 29 Majestäts
663 571 84 30 Nådiga
757 573 52 23 Pro-

206 601 99 51 position
321 601 36 23 till
374 601 103 23 Finlands
494 601 99 28 Ständer,
613 600 113 29 angäende
744 607 66 22 grun-

221 635 54 17 erna
293 629 36 23 för
343 628 98 29 reglering
475 629 25 23 af
514 629 179 29 presterskapets
713 629 99 28 aflöning

205 658 9 22 i
228 657 87 23 landets
330 657 259 28 evangelisk-lutherska
602 657 165 29 församlingar.

122 725 60 19 Emot
199 724 34 20 det
252 724 6 19 i
275 724 79 19 Finland
373 724 99 24 brukliga,
495 723 24 26 pä
540 723 55 20 äldre
611 724 61 19 tiders
692 723 119 31 lagstiftning

70 751 102 25 grundade
187 751 59 19 sättet
266 750 30 19 för
312 749 174 26 prestaflöningens
507 749 108 26 utgörande
631 750 58 19 hafva
704 755 21 13 sä
739 749 72 26 många

69 777 40 19 och
123 777 72 25 vigtiga
212 776 150 25 anmärkningar
378 776 63 20 blifvit
458 775 74 27 gjorda,
555 779 28 16 att
600 776 60 19 Hans
677 774 136 26 Kejserliga

70 802 109 25 Majestät
193 802 62 20 funnit
269 808 23 14 en
306 802 95 25 reglering
416 803 5 17 i
431 802 53 19 detta
499 802 112 19 hänseende
624 807 47 13 vara
685 802 21 18 af
718 801 94 20 behofvet

71 829 101 25 högeligen
186 828 96 26 påkallad.
312 829 28 18 De
354 828 97 20 allmänna
465 828 136 25 författningar
616 828 6 18 i
636 829 73 23 ämnet,
726 828 67 19 hvilka
807 828 5 18 i

72 856 60 18 slutet
146 856 20 18 af
178 855 34 19 det
229 854 100 25 sjuttonde
345 855 39 19 och
400 854 51 19 förra
469 854 56 20 delen
540 854 20 19 af
575 854 34 19 det
625 854 107 19 adertonde
750 854 63 19 seklet

72 882 101 19 utkommo
188 881 38 20 och
240 881 29 19 för
283 881 55 19 vissa
354 880 110 20 landsorter
478 882 52 18 ännu
546 881 34 18 äro
597 880 164 25 hufvudsakligen
774 880 40 25 gäl-

70 908 64 25 lande,
151 909 64 18 ehuru
231 907 26 20 de
276 907 43 19 icke
334 907 71 19 kunnat
422 907 5 18 i
441 907 36 19 alla
498 907 106 19 afseenden
622 907 104 24 tillämpas,
745 906 68 19 visade

71 934 29 25 sig
114 934 60 19 redan
189 933 41 20 från
244 932 67 25 början
326 939 47 13 vara
387 933 103 25 oförenliga
505 933 46 19 med
565 933 87 24 billighet
665 933 39 18 och
718 932 96 19 häfdvun-

71 966 37 13 nen
124 960 36 19 sed
174 962 53 17 samt
244 959 57 19 hafva
316 959 32 19 vid
363 965 25 13 en
405 959 122 19 franskriden
544 959 112 25 utveckling
676 959 20 18 af.
712 959 101 19 samhälls-

72 986 142 20 förhållandena
229 986 98 19 befunnits
341 987 23 17 än
379 990 55 14 mera
448 985 109 26 olämpliga,
573 984 20 20 så
608 988 27 16 att
649 984 41 20 från
701 986 113 25 Styrelsens

72 1012 42 20 sida
128 1012 43 20 icke
186 1012 49 20 blott
249 1011 90 20 tillåtelse
353 1012 92 24 lemnats,
456 1015 46 15 utan
517 1011 37 19 ock
568 1012 141 25 uppmaningar
723 1011 53 19 skett
786 1012 27 18 till

72 1038 159 25 församlingarne
245 1041 28 16 att
282 1038 46 19 med
343 1038 41 19 sina
393 1040 79 23 prester
485 1037 43 26 ingå
539 1038 101 19 bestämda
650 1038 162 24 löneföreningar.

72 1065 70 25 Dylika
156 1064 214 20 öfverenskommelser
380 1065 33 18 äro
428 1065 57 18 äfven
500 1064 62 19 under
571 1064 86 19 tidernas
671 1064 46 24 lopp
732 1063 24 25 på
767 1063 48 19 flere

73 1091 69 19 ställen
156 1091 5 18 i
175 1090 66 20 landet
255 1090 88 25 träffade,
355 1090 20 20 af
387 1090 67 20 hvilka
469 1096 23 13 en
502 1090 30 20 del
547 1090 63 20 blifvit
622 1090 21 19 af
651 1090 101 25 Styrelsen
762 1090 53 19 stad-

73 1117 82 24 fästade,
171 1116 25 26 på
211 1116 18 20 få
244 1117 98 25 undantag
356 1118 35 18 när
405 1116 29 19 för
449 1116 103 26 obestämd
567 1116 39 25 tid,
615 1122 23 13 en
652 1122 63 13 annan
729 1116 38 23 del,
783 1115 32 20 så-

74 1149 43 14 som
132 1144 53 18 fallet
198 1144 22 18 är
233 1143 6 19 i
254 1142 128 21 Österbotten
400 1143 37 19 och
453 1142 23 26 på
491 1142 68 25 Aland,
576 1142 70 26 ingåtts
663 1142 70 20 endast
746 1147 69 19 perso-

73 1170 41 19 nelt
128 1170 46 19 med
188 1169 25 20 de
229 1168 147 26 tjenstgörande
395 1172 110 22 presterne,
521 1171 47 17 utan
587 1168 98 20 utverkad
699 1168 116 25 öfverhetlig

74 1196 131 24 fastställelse,
221 1196 104 18 hvaremot
339 1196 28 18 uti
381 1200 24 14 en
419 1196 71 24 mängd
508 1195 60 19 andra
583 1195 134 25 församlingar
731 1194 84 25 prestaf-

74 1222 90 26 löningen
178 1222 80 25 utgöres
272 1222 43 19 dels
329 1222 50 19 efter
392 1223 83 23 gammal
490 1222 87 19 sedvana
589 1221 42 19 dels
646 1222 49 18 efter
709 1220 107 20 författnin-

74 1254 67 20 garne,
156 1251 47 16 utan
217 1250 28 17 att
259 1247 62 26 någon
336 1247 89 26 skriftlig,
437 1248 46 19 eller
497 1248 21 19 af
530 1248 103 25 Styrelsen
644 1246 108 21 stadfästad
766 1246 50 20 före-

75 1275 45 25 ning
133 1275 70 19 derom
217 1274 38 20 kan
269 1274 104 25 åberopas.

128 1301 29 19 De
170 1302 132 24 olägenheter,
319 1306 43 14 som
371 1300 20 20 af
405 1300 114 20 förberörde
533 1299 132 20 förhållanden
675 1298 90 27 uppstått
779 1300 38 19 och

76 1328 76 25 påkalla
167 1327 116 25 förändring,
300 1328 33 18 äro
348 1327 131 25 förnämligast
493 1325 92 26 följande:

130 1354 18 24 1)
177 1354 46 18 Stor
240 1353 73 19 olikhet
332 1353 5 19 i
355 1353 174 25 prestaflöningens
550 1352 106 26 utgörande
676 1352 25 19 de
721 1352 96 19 särskilda

76 1380 161 24 församlingarne
251 1380 91 22 emellan;

129 1406 19 25 2)
178 1404 70 27 Ojemn
265 1406 38 19 och
317 1405 65 26 obillig
398 1405 108 26 fördelning
523 1405 21 19 af
559 1404 101 26 afgifterna
680 1403 25 26 pä
721 1404 26 19 de
763 1404 55 19 beta-

76 1433 56 18 lande
146 1432 52 18 inom
213 1437 76 13 samma
301 1432 122 24 församling;
