998 1778
285 138 71 25 Nädiga
367 141 143 24 Propositionen
519 141 36 19 N:o
568 143 27 17 15.
779 144 33 21 879

70 188 78 26 tjenliga
164 191 41 22 äro,
221 190 38 19 och
273 190 90 20 kommer
377 191 70 20 fostret
460 192 5 18 i
480 191 45 25 följd
539 192 58 19 deraf
608 195 46 17 utan
667 193 22 19 tif
699 193 48 21 eller
757 195 54 19 ofull-

69 215 71 26 gänget
156 216 60 25 fram,
234 216 79 20 straffes
330 217 46 20 med
393 218 82 19 tukthus
492 217 43 20 från
553 219 38 19 och
608 219 45 20 med
668 224 34 14 sex
717 219 94 22 månader

69 242 26 19 till
112 242 38 19 och
168 243 44 18 med
231 242 33 19 två
281 242 28 20 år.
342 243 62 25 Följer
421 243 17 25 ej
456 244 81 19 fostrets
553 245 38 19 död
613 246 20 19 af
652 245 61 20 sådan
732 246 76 26 åtgärd,

69 268 61 20 varde
143 268 59 19 dömd
217 269 26 19 till
258 269 88 25 fängelse
359 269 43 20 från
416 270 37 19 och
465 271 47 18 med
527 270 32 20 två
573 271 27 19 till
615 271 38 20 och
668 272 45 19 meil
723 278 36 13 sex
767 272 44 20 mä-

67 295 67 18 nader.

121 321 11 18 8
148 320 16 25 6.
193 321 63 19 Söker
273 320 72 26 någon.
365 321 4 19 i
388 322 114 26 rättsvidrig
519 323 57 25 afsigt
592 324 37 18 och
646 326 45 17 utan
712 325 97 24 qvinnans

68 346 54 26 vilja,
142 347 50 19 döda
209 348 49 18 eller
274 347 95 19 fördrifva
386 349 74 20 hennes
478 349 70 23 foster,
567 349 90 20 dömmes
673 353 28 16 att
722 350 61 20 hållas
803 352 5 18 i

66 373 94 25 tukthus,
176 379 32 13 om
223 374 70 20 fostret
306 373 5 19 i
326 373 45 25 följd
386 375 57 20 deraf
455 375 90 20 kommer
559 378 47 16 utan
620 376 23 19 lif
655 376 47 20 eller
713 376 96 26 ofullgån-

65 402 34 23 get
113 400 60 25 fram,
189 400 43 19 från
246 400 39 20 och
300 400 45 20 med
359 401 44 25 fyra
417 401 26 20 till
458 402 38 20 och
510 402 45 20 med
569 402 40 19 åtta
624 401 28 25 år,
667 403 47 25 och,
730 408 33 14 om
777 403 32 20 sä-

66 426 38 20 dan
120 427 75 19 verkan
208 426 11 20 å
233 427 105 25 gerningen
353 427 44 20 icke
411 427 62 26 följer,
489 428 42 20 från
545 429 38 19 och
598 429 44 19 med
661 435 35 14 sex
713 429 95 20 månader

66 453 27 19 till
108 453 37 20 och
160 453 45 20 med
219 453 33 20 två
267 453 28 20 år.
681 468 2 2 .
805 462 2 2 :

118 479 48 21 Fick
182 480 87 25 qvinnan
282 480 24 20 af
322 481 106 25 gerningen
446 481 47 20 svår
507 481 143 29 kroppsskada,
665 482 32 20 mä
711 482 54 20 tiden
778 483 29 20 för

66 507 161 20 tukthusstraffet
241 507 96 25 förlängas
351 507 26 20 till
392 509 57 24 högst
462 509 26 19 tio
503 508 31 24 är;
549 509 34 24 tjöt
597 509 38 18 hon
649 509 72 24 döden,
740 509 67 20 ädöm-

66 538 44 14 mes
127 534 83 19 tukthus
228 533 43 20 från
287 534 39 19 och
344 534 45 20 med
406 534 39 20 åtta
462 535 27 20 till
506 535 38 19 och
561 535 45 19 med
624 536 35 19 tolf
673 535 29 20 är
714 536 49 19 eller
781 535 26 26 pä

64 559 67 21 lifstid.
753 578 2 2 :

118 586 13 21 9
146 587 17 24 $.
192 585 40 21 Har
245 588 80 24 gvinna,
341 593 43 13 som
400 588 20 20 af
433 587 64 26 oloflig
506 587 125 21 beblandelse
641 589 51 18 varit
700 587 105 26 hafvando,

65 613 6 18 i
84 613 59 25 afsigt
155 615 30 18 att
198 613 72 26 frigöra
284 614 29 25 sig
326 613 43 19 från
384 614 40 19 sina
438 614 71 25 pligter
523 613 68 20 såsom
605 614 78 25 moder,
699 609 59 34 utsatt
765 609 42 34 :sitt

64 640 107 25 nyssfödda
186 639 47 20 barn
248 639 10 20 å
274 639 70 20 sådant
357 641 55 18 ställe
426 641 46 19 eller
485 641 63 19 under
558 640 72 21 sådana
641 641 166 24 omständigheter

64 668 29 16 att
110 666 41 19 fara
168 666 29 19 för
213 666 48 19 dess
277 666 23 19 lif
315 666 47 19 eller
379 667 54 19 helsa
451 673 35 13 var
504 667 29 19 för
549 667 86 24 handen,
652 672 48 14 men
719 668 88 24 qvinnan

64 691 52 20 dock
132 693 46 19 med
196 693 121 19 sannolikhet
333 693 66 19 kunde
415 695 58 18 vänta
489 694 48 19 dess
554 687 102 35 räddning,
672 694 61 19 varde
746 693 60 20 dömd

64 718 26 20 till
105 719 88 25 fängelse
207 718 42 20 från
264 720 38 19 och
310 719 52 19 med
376 725 23 13 en
415 720 25 19 till
455 719 39 20 och
507 720 46 19 med
567 720 43 26 fyra
625 718 102 21 månader.

118 745 46 19 Fick
178 746 70 19 barnet
262 744 48 20 svår
322 746 139 24 kroppsskada
473 746 49 20 eller
535 745 34 25 ljöt
581 746 35 20 det
630 746 69 25 döden,
716 746 31 20 mä
765 746 40 19 fän-

64 771 108 26 gelsetiden
186 772 103 26 förlängas,
305 772 6 19 i
325 772 51 20 förra
390 772 52 20 fallet
456 773 26 19 till
497 773 58 25 högst
569 775 28 18 ett
611 772 27 25 år,
655 773 37 19 och
706 772 5 20 i
719 772 87 20 sednare

63 798 54 20 fallet
130 798 27 20 till
171 799 57 25 högst
241 798 34 20 två
289 798 29 20 år.
803 801 2 2 i

118 825 24 19 10
156 825 18 25 8.
203 826 66 19 Sattes
282 825 72 20 barnet
367 827 21 17 ut
402 826 62 19 under
477 824 73 21 sådana
564 825 168 25 omständigheter
741 828 28 18 att
779 826 22 18 fa-
818 840 2 3 .

63 857 22 14 ra
103 851 29 19 för
148 851 48 19 Jess
213 851 22 20 lif
250 852 47 18 eller
314 852 54 19 helsa
386 850 16 26 ej
421 855 70 23 syntes:
507 857 48 14 vara:
572 852 29 19 för
618 852 83 24 handen,
717 852 24 19 dä
756 852 47 20 skall

64 878 26 19 till
104 878 58 19 böter
175 877 42 20 från
232 878 38 18 och
285 878 46 19 med
345 877 56 25 tjugu
416 878 26 20 till
456 879 38 19 och
509 878 46 20 med
565 877 109 20 tvåhundra
684 878 56 20 mark
750 878 56 20 döme

59 899 53 35 mas.
790 909 15 8 ji

116 930 45 19 Fick
177 930 69 20 batnet
260 930 47 20 svår
321 930 136 26 kroppsskada
472 932 47 18 eller
533 930 34 25 ljöt
580 931 34 20 det
627 930 70 25 döden,
712 930 94 20 dömmes

63 956 37 20 den
117 956 100 26 brottsliga
235 956 26 20 till
279 957 95 25 fängelse,
393 958 6 17 i
416 957 51 19 förra
484 958 53 19 fallet
553 957 42 19 från
612 958 38 18 och
667 958 45 18 med
731 956 32 20 -två
777 957 28 20 til

63 984 38 19 och
118 983 45 20 med
182 989 34 13 sex
234 982 104 25 månader,
357 984 37 18 och
412 983 4 19 i
434 984 84 20 sednare
535 984 52 19 fallet
603 983 42 19 från
663 984 37 18 och
714 983 46 20 med
774 986 29 17 tre

63 1009 94 21 månader
170 1010 26 20 till
210 1010 38 19 och
263 1010 45 19 med
323 1012 27 17 ett
364 1009 29 20 år.

116 1037 22 20 14
155 1036 17 26 $.
202 1036 90 20 Befinner
310 1036 29 25 sig
356 1037 83 25 gvinna,
456 1042 43 14 som
513 1037 21 19 af
546 1036 63 25 oloflig
623 1036 126 20 beblandelse
763 1036 41 20 blif-

62 1063 28 19 vit
107 1063 107 23 hafvande,
233 1064 4 18 i
256 1062 95 20 nödställd
367 1063 126 24 belägenhet,
512 1063 37 19 och
566 1066 34 16 vet
613 1063 149 25 lägersmannen
776 1066 28 16 att

63 1091 38 18 hon
115 1092 21 18 är
150 1089 104 26 hafvande,
271 1095 44 14 men
330 1089 74 20 lemnar
418 1090 65 19 henne
496 1092 48 17 utan
559 1089 70 20 sådant
643 1089 68 24 bidrag
720 1088 27 21 till
757 1089 47 19 hen-

61 1122 37 14 nes
112 1116 99 25 bergning,
228 1122 44 13 som
287 1116 39 19 han
340 1116 50 19 efter
405 1116 40 19 sina
460 1117 39 18 och
513 1117 74 19 hennes
603 1115 62 20 vilkor
680 1115 63 20 henne
752 1116 51 24 gifva

62 1143 48 25 kan,
130 1143 47 20 eller
193 1143 112 20 underlåter
322 1143 37 18 han
377 1145 28 17 att
422 1147 32 14 om
471 1143 64 19 henne
552 1141 57 26 eljest
625 1144 44 22 taga
687 1141 37 20 den
747 1141 55 26 vård,

62 1175 43 14 som
124 1170 20 19 af
160 1169 74 20 hennes
251 1168 86 21 tillstånd
356 1168 86 26 påkallas
459 1170 39 18 och
515 1169 38 19 han
570 1169 63 18 henne
650 1169 52 24 gifva
722 1167 80 25 förmår,

62 1196 62 20 varde
144 1197 160 24 lägersmannen,
328 1201 32 14 om
382 1195 33 20 det
434 1195 64 20 finnes
518 1198 27 17 att
566 1196 49 19 hans
635 1194 82 20 sålunda
736 1194 68 19 visade

63 1221 84 21 hårdhet
162 1215 42 27 håft
220 1222 28 19 till
266 1221 46 26 följd.
327 1221 64 26 hågon
408 1223 20 18 af
440 1222 24 19 de
479 1222 134 26 förbrytelser,
630 1221 65 20 hvilka
711 1221 3 18 i
731 1220 74 26 föregå-

62 1249 52 19 ende
130 1249 22 26 $$
170 1249 83 19 nämnda
270 1252 44 18 äro,
333 1248 58 19 dömd
410 1249 24 19 till
452 1248 56 19 böter
523 1248 42 19 från
579 1248 38 18 och
631 1247 45 20 med
691 1248 71 28 fyratie
777 1247 26 19 till

62 1276 38 19 och
114 1276 46 19 med
174 1275 111 20 tvåhundra
300 1275 56 19 mark
370 1275 46 19 eller
431 1275 86 25 fängelse
531 1274 42 20 från
588 1274 38 19 och
641 1273 45 20 med
696 1279 24 14 en
730 1273 26 20 till
767 1274 43 18 och.

63 1302 45 19 med
118 1297 48 41 fyra
181 1297 101 33 månader.
554 1315 44 12 and

115 1327 33 22 Till
163 1329 101 19 enahanda
277 1329 129 21 bötesansvar
421 1334 47 14 vare
482 1328 38 20 ock
534 1327 102 26 föräldrar,
651 1326 112 24 husbönder
777 1327 27 18 el-

62 1355 28 20 ler
104 1355 121 20 matmödrar
238 1355 96 24 förfaline,
350 1355 22 20 sä
386 1355 59 20 framt
459 1355 31 25 de;
502 1355 51 21 med
564 1354 133 25 vetskap:om
707 1353 97 25 qvinnans

62 1382 99 19 hafvande
175 1381 91 24 tillstånd,
283 1382 89 25 antingen
387 1388 69 19 genom
472 1381 98 26 synnerlig
582 1380 84 20 hårdhet
676 1380 55 25 bragt
741 1379 63 20 henne

61 1408 26 18 till
102 1408 96 18 förtviflan
214 1409 37 17 och
266 1408 81 18 sålunda
361 1409 56 23 gifvit
430 1408 76 25 upphof
518 1408 20 18 åt
552 1409 74 17 hennes
640 1407 65 18 beslut
719 1409 28 15 att
761 1408 43 22 taga

61 1433 35 19 sitt
110 1434 64 19 foster
188 1434 20 19 af
221 1434 56 23 daga,
293 1434 47 19 eller
353 1434 37 18 ock
406 1432 105 21 underlåtit
524 1436 26 16 att
566 1438 47 20 egna
626 1433 63 18 henne
699 1432 38 19 den:
747 1430 56 25 vård,
