995 1778
275 99 70 22 Nådiga
356 101 140 22 Propositionen
508 101 36 18 N:o
557 100 28 19 14.
768 101 33 19 375

263 149 55 24 skar,
338 151 31 20 må
388 151 33 20 ske
439 153 7 18 i
467 152 41 20 hela
524 153 146 25 församlingens
692 155 79 17 närvaro
794 154 7 17 i

263 179 79 26 kyrkan.

320 208 14 19 3
348 207 22 27 f.
400 209 42 18 Den
458 209 53 25 afgift
526 209 26 19 till
566 209 67 25 kyrka,
648 215 40 13 som
703 210 6 17 i
724 209 31 26 lag
767 209 34 19 och

263 235 93 21 särskilda
368 237 137 25 förordningar
522 239 24 16 är
560 236 95 26 påbjuden
668 237 36 25 för
722 238 78 25 tvegifte,

263 264 100 23 horsbrott,
382 267 58 17 annat
459 264 99 26 lägersmål
577 265 34 19 och
625 265 66 24 otidigt
705 266 95 25 sängelag,

263 290 30 21 mä
302 293 104 24 framdeles
421 294 16 24 e&
451 293 62 26 någon
527 292 79 27 åläggas
620 295 28 17 att
659 293 66 25 gälda.

320 321 12 18 4
347 320 23 26 f.
400 321 12 18 I
428 321 86 26 afseende
534 320 12 20 &
557 327 91 20 personer
662 321 24 22 af
698 328 63 13 annan
775 324 26 16 än

263 348 93 20 lutherska
374 349 65 23 läran,
455 349 62 19 hvilka
532 349 45 25 begä
591 348 58 26 nägot
662 347 70 21 sädant
746 349 55 23 brott,

264 382 40 14 som
320 378 7 18 i
344 376 13 20 2
374 376 17 26 G
409 378 23 25 af
446 377 61 20 denna
518 377 113 25 förordning
649 379 23 17 är
686 377 114 23 omnämnät,

262 405 49 25 gälle
328 405 50 19 hvad
393 412 66 18 genom
477 405 104 26 Kejserliga
599 404 164 26 Förordningarne
781 406 24 25 af

265 434 35 19 den
318 433 14 19 9
354 433 80 20 Oktober
452 433 52 20 1816
523 434 33 19 och
578 433 36 19 den
635 433 25 19 22
682 433 45 20 Juni
749 433 53 19 1823

262 464 51 19 samt
330 461 105 26 Kejserliga
449 462 75 25 Brefvet
538 462 23 25 af
572 461 36 20 den
628 461 7 19 9
653 460 81 21 Oktober
747 461 54 19 1820

258 489 121 27 Jöreskrifvet
393 493 28 16 är.

320 519 14 18 5
348 517 22 27 f.
400 519 68 19 Denna
476 519 113 26 förordning
603 518 58 19 varde
670 519 55 26 äfven
735 518 65 19 tilläm-

262 547 40 26 pad
320 546 12 20 &
344 547 132 26 förbrytelser,
494 547 62 20 hvilka
565 548 44 24 före
624 546 41 20 dess
681 545 120 27 kungörande

260 576 104 26 föröfvats,
382 582 42 13 men
441 575 25 20 dä
484 578 50 17 ännu
548 575 39 19 icke
602 575 58 26 blifvit
673 575 85 25 slutligen
772 575 27 26 af-

264 599 74 32 dömda.
772 625 2 2 .

321 631 102 26 Angående
439 632 148 25 presterskapets
605 631 145 20 underrättande
771 637 30 14 om

265 661 22 20 de
303 666 99 19 personer,
421 660 61 19 hvilka
496 660 46 19 böra
556 659 83 26 undergå
649 659 89 20 särskildt
747 659 53 26 skrif-

266 688 70 23 termål,
350 689 50 25 gälle
415 688 21 20 de
443 689 124 25 föreskrifter,
583 694 40 13 som
637 688 58 25 blifvit
708 687 92 20 meddela-

266 718 22 18 de
306 718 7 18 i
332 716 104 26 Kejserliga
458 716 72 28 Brefvet
549 716 23 26 af
588 715 35 20 den
641 715 26 20 16
689 715 39 20 Juli
749 714 52 20 1827

265 748 48 17 samt
330 744 133 26 Hofrätternas
482 746 6 18 i
502 744 38 20 Abo
558 744 33 20 och
610 744 57 20 Wasa
686 744 118 20 Universaler

265 775 23 25 af
299 774 35 19 den
348 774 13 18 5
380 772 53 20 Mars
448 773 33 19 och
495 773 36 19 den
546 773 12 19 7
572 772 46 20 Juni
632 771 62 20 1830.

330 870 87 20 Finlands
429 870 77 19 Ständer
517 869 105 20 framhärda
633 870 35 18 ete.

118 967 129 25 Helsingfors,
263 966 38 20 den
315 966 13 19 9
342 964 52 26 April
411 964 57 20 1864.
