1003 1753
282 108 76 23 Nädiga
368 109 141 24 Propositionen
521 110 36 23 N:n
567 109 30 24 19.
776 108 35 28 Ka

68 159 49 22 vast
132 157 107 26 befrämjar
255 159 112 21 utförandet
381 153 53 37 eller.
446 153 59 37 sjelf.
511 160 110 25 öfvertager
635 158 120 27 detsamma,
767 159 44 27 icke

71 184 52 23 alltid
138 184 86 21 undvika
239 187 28 19 att
280 185 80 20 komma
375 186 5 19 i
394 185 104 23 delo:med
507 186 38 20 den
555 185 98 26 enskildes
664 186 4 19 i
678 186 55 26 lagen
743 185 66 23 erkän-

70 212 25 21 da
109 212 46 22 rätt,
170 211 98 25 Tydligast
284 212 38 20 och
337 212 143 25 fullständigast
494 212 108 23 framträda
611 212 64 20 denna
683 210 82 28 konflikt
773 212 37 21 och

68 238 50 22 «less:
132 237 76 25 följder,
223 236 25 21 då
263 238 95 25 företaget
374 240 21 18 är
413 238 24 23 af.
447 239 39 23 den
500 238 142 27 beskaffenhet,
658 240 27 17 att
699 238 62 20 dertill
777 238 34 26 be-

69 264 70 19 höfves
152 263 44 25 jord
211 264 47 20 eller
272 264 69 25 grund,
357 270 43 14 som
415 264 89 20 befinner
517 265 29 24 sig
560 265 5 19 i
580 265 75 22 enskild
665 270 35 20 ego
715 264 48 21 eller
777 264 33 20 be-

68 290 86 24 sittning,
170 292 14 17 t.
200 296 30 17 ex.
247 290 35 23 vid
297 290 94 26 jernvägs
401 291 55 20 eller
472 291 68 20 kanals
557 291 115 20 inrättande.
688 292 29 18 En
735 292 71 24 sträng,

68 316 119 25 hänsigtslös
201 317 81 24 aktning
296 318 30 22 för
334 317 43 21 ;den
392 317 98 20 enskildes
501 317 116 25 eganderätt
625 317 48 20 eller
682 316 128 27 besittnings-

61 344 46 20 -pätt.
120 342 49 24 skall
185 342 5 20 i
202 343 27 22 de
242 342 58 21 flesta
314 343 30 24 fall
372 344 33 21 göra
420 343 96 25 företaget:
530 342 92 27 omöjligt,
638 346 21 23 ty
673 342 37 21 den
720 342 49 22 låter
778 346 31 17 ut-

67 368 126 25 förharheten
207 372 73 23 ytterst
293 370 49 22 bero
369 370 47 25 deraf,
432 372 29 17 att
475 369 81 26 alla:de,
572 369 65 23 hvilka
652 375 36 21 ega
697 369 48 21 eller
756 367 44 25 inne

65 396 64 23 hafva
140 395 39 23 den
194 396 125 26 erforderliga
330 396 88 25 marken,
430 396 100 26 godvilligt
538 394 79 28 upplåta
626 396 123 21 Jensamma.
764 393 44 23 Och

63 418 44 35 am;
112 418 36 35 det
160 422 61 24 också
235 423 45 23 icke
294 423 35 23 bör
343 426 85 22 antagas,
444 425 28 18 att
486 423 63 24 någon
562 423 50 23 skall
626 423 22 22 af
659 429 24 14 en
691 422 51 22 blott
755 423 52 26 nyck

63 445 54 34 eller
128 449 69 24 fördom
219 451 55 20 tvärt.
285 451 59 24 vägra
358 452 28 18 att
399 449 75 26 afträda
489 450 38 21 den
537 450 31 21 del
578 450 21 20 af
606 449 33 21 det
647 450 67 25 nödigt
722 449 84 25 befunna

66 475 97 26 området,
173 477 111 21 -hvaröfver
297 477 38 20 han
349 477 89 25 förfogar,
450 476 21 20 sä
481 477 47 20 skall
538 476 51 20 dock
600 479 123 25 egennyttan,
735 476 24 20 dä
770 476 37 21 den

64 502 46 23 icke
125 502 69 26 -hejdas
208 503 20 21 af
240 503 60 24 några
309 503 107 25 skrankor,
433 503 43 21 icke
491 502 60 23 heller
571 502 100 27 underlåta
692 506 29 17 att
739 500 66 28 såsom

59 529 70 22 -vilkor
138 530 97 25 uppställa
250 525 66 36 sådana
321 529 217 27 ersättningsanspräk,
548 532 28 20 att
585 529 110 23 utförandet
704 530 40 20 blir
751 529 56 26 öfver

65 556 73 20 höfvan
153 556 117 24 försvåradt,
288 562 32 14 om
334 556 44 20 icke
393 557 40 20 helt
447 556 37 22 och
499 556 61 22 hållet
568 555 150 26 omöjliggjordt.
733 556 33 21 Att
775 556 31 22 så-

61 582 67 22 lunda.
138 584 56 23 ställa
209 583 45 21 icke
267 583 49 20 blott
330 583 108 20 individens
452 584 38 20 rätt
502 587 47 17 utan
558 583 26 20 till
595 584 37 18 och
643 583 44 21 med
697 583 52 20 hans
759 583 46 25 god-

64 609 61 26 tycke
139 610 62 26 högre
214 612 25 19 än
254 610 113 21 samhällets
382 610 20 19 af
414 609 47 22 dess
476 610 72 26 sedliga
562 609 142 22 bestämmelse
718 610 88 26 betinga-

60 636 36 23 Je;
99 636 122 26 befogenhet
236 637 38 22 och
289 636 61 22 behof
362 636 49 20 skall
426 636 79 20 alldeles
519 636 110 26 följdrigtigt
643 636 42 20 leda
695 636 71 25 dertill,
777 639 27 17 att

60 663 109 21 samhället
181 663 66 22 måste
260 664 67 25 afsäga
341 663 28 25 sig
384 669 24 13 en
421 664 87 25 betydlig
522 664 30 20 del
568 663 20 19 af
598 662 30 20 sin
638 663 129 22 verksamhet
776 664 28 20 för

60 688 37 22 det
105 690 62 21 helas.
181 692 93 25 trygghet
286 690 38 20 och
339 690 90 24 bestånd,
446 690 29 20 för
488 689 121 22 välständets
619 690 117 20 allmännare
747 689 57 22 ökan-

62 715 26 23 de
102 717 38 19 och
154 717 29 20 för
197 717 154 24 civilisationens
365 716 99 25 spridning
478 717 38 19 och
530 715 88 26 höjande.
643 717 33 19 Till
691 721 24 15 en:
730 715 37 21 slik
777 716 28 20 af-

58 744 88 25 -Säpelse,
161 744 38 21 den
213 743 110 24 der-i..gina
338 742 70 26 föjlder
422 743 142 25 undanskjuter
580 743 38 20 och
635 743 113 25 tillintetgör
765 743 37 20 Jen

62 771 237 25 numera
147 765 10 35 :
165 771 134 25 väsentligaste
312 769 154 22 beståndsdelen
480 771 5 18 i
499 770 33 21 det
546 770 154 25 medborgerliga
718 769 86 21 samhäl-

60 796 45 21 lets:
115 796 94 27 begrepp,
225 799 21 18 är
256 797 52 23 detta
318 796 126 21 samhälle.sä
455 797 82 26 mycket
542 802 58 16 mera
611 796 135 26 oberättigadt,
759 802 43 16 som

60 823 35 20 det
111 819 115 35 derigenom.
237 819 88 35 kränker
337 823 154 24 medborgarens
505 824 5 19 i
525 823 112 22 samhällets
647 823 87 21 väsende
743 828 60 20 grun-

61 849 52 22 dada
126 851 39 20 och
179 850 79 21 således
271 850 167 23 fullt:rättmätiga
452 850 87 25 fordran,
555 853 27 17 att
597 849 106 21 samhället.
711 849 92 21 medver-

61 875 40 22 kar.
110 877 25 20 till
150 878 49 19 eller
211 878 112 24 öfvertager
337 877 24 20 de
376 877 74 24 företag
464 877 5 19 i
481 877 78 20 allmänt
570 876 97 26 gagneligt
679 877 59 25 syfte,
752 875 50 22 hvil-

60 902 37 25 kas
110 903 103 21 utförande
227 903 117 26 öfverstiger
357 903 25 20 de
396 903 101 21 enskildes
511 903 75 24 krafter
600 903 47 19 eller
661 902 44 20 icke
715 903 42 20 kan
775 902 26 27 till

60 928 58 21 deras
132 936 82 19 omsorg
226 930 140 20 öfverlemnas.
395 930 46 19 Just
455 930 4 19 i
474 929 62 21 denna
550 930 20 19 af.
583 929 113 21 samhällets
713 928 88 25 väsende

60 955 103 26 hetingade
169 951 8 35 :
179 958 39 19 och:
235 956 115 26 följaktligen
368 956 125 25 oeftergifliga.
510 956 113 26 skyldighet
639 955 106 21 förefinnes
763 955 37 21 ock

55 978 32 35 en'
96 982 45 21 fullt
154 984 52 25 giltig
221 983 114 25 rättserund
348 984 29 18 för
391 983 34 20 det
438 983 132 24 rättsinstitut,
587 988 43 14 som
644 983 107 19 henämnes
767 988 34 15 ex-

59 1009 128 25 propriation,
203 1010 38 19 och
255 1011 31 19 för
294 1009 39 22 let
339 1010 88 24 ingrepp
441 1010 5 19 i
461 1009 38 21 den
513 1009 100 25 enskildes
622 1008 68 26 lagliga
700 1010 44 24 rätt,
756 1014 43 16 som

59 1034 52 21 detta
125 1036 127 20 rättsinstitut
266 1036 104 24 onekligen
386 1035 87 20 innebär.
501 1036 38 19 Det
553 1035 55 22 enda,
628 1035 102 20 samhället
747 1035 6 19 i
769 1036 30 20 sin

57 1062 31 21 hit
100 1061 87 21 hörande
201 1063 112 24 lagstiftade
326 1062 130 21 verksamhet
469 1062 36 19 har
522 1065 28 16 att
559 1062 102 25 iakttaga,
679 1063 23 18 är
718 1065 28 16 att
763 1061 36 21 den

59 1088 89 22 enskilde
162 1089 87 25 skyddas
263 1091 54 22 emot
331 1089 234 25 expropriationsrättens.
577 1086 112 22 missbruk,
708 1090 29 19 att
750 1089 49 19 hans

58 1116 43 19 rätt.
111 1115 26 20 till
152 1116 108 25 ersättning
273 1116 30 19 för
316 1116 39 23 allt,
371 1115 51 20 hvad
435 1115 39 20 han
486 1120 72 20 genom
568 1114 231 26 expropriationsrättens

57 1142 89 25 utöfning
159 1143 87 23 förlorar,
263 1142 120 25 fullständigt
400 1141 96 22 erkännes
514 1143 38 18 och
569 1141 114 26 betryggas,
703 1144 52 17 samt
771 1144 28 19 att

57 1169 117 20 samhällets
189 1169 75 25 skäliga
277 1169 98 22 intressen
390 1168 44 20 icke
448 1169 62 19 heller
524 1168 124 20 blotiställas..
677 1166 63 23 Äfven
754 1167 5 20 i
773 1168 26 19 Je

57 1195 75 25 länder,
149 1195 93 24 (England
258 1196 35 19 och
306 1195 101 25 Sverige),
423 1195 35 20 der
472 1195 138 25 eganderätten
628 1195 20 19 af
663 1194 54 21 älder
734 1193 64 22 hällits

57 1222 6 18 i
76 1222 73 19 största
166 1222 64 25 heled,
251 1222 36 19 har
302 1227 47 17 man
366 1221 115 24 längesedan
499 1221 69 20 erkänt
583 1221 115 20 samhällets
715 1222 39 19 rätt
770 1224 28 18 att

55 1247 20 21 af
84 1247 43 20 den
143 1248 87 20 enskilde
244 1254 71 20 egaren
331 1249 46 20 eller.
391 1248 137 21 innehafvaren
544 1247 75 26 tillegna
634 1248 31 24 sig
678 1248 37 20 den
733 1247 62 26 mark,

54 1279 44 15 som
112 1275 29 18 för
154 1275 110 20 utförandet
278 1275 21 20 af
310 1277 28 17 ett
355 1275 77 20 allmänt
449 1275 70 24 nyttigt
531 1275 80 23 företag
627 1273 90 21 -befinnes
729 1274 69 20 behöf-

54 1301 33 22 lig.
98 1296 10 34 -
117 1300 135 21 Förhållandet
271 1303 22 18 'är
306 1301 50 20 dock
371 1301 4 19 i
386 1301 37 20 den
433 1301 180 23 hufvudsakligaste
623 1301 173 24 omständigheten

54 1327 81 20 alldeles
149 1327 51 20 olika
214 1328 5 19 i
236 1328 25 19 de
278 1328 177 25 bägge.länderna.
486 1329 6 18 I
509 1327 82 24 Sverige
607 1328 22 19 är
646 1327 113 25 pröfningen
777 1327 22 19 af

53 1354 108 24 företagets.
175 1355 121 23 gapnelighet
310 1355 39 23 och
363 1354 180 25 expropriationens
561 1354 57 20 deraf
633 1353 99 21 -beroende
749 1353 47 20 nöl-

52 1380 106 24 vändighet
169 1381 85 23 nallagd
270 1382 4 17 i
289 1381 199 24 Regeringsmaktens
497 1381 81 22 händer,
589 1380 60 21 meni
659 1379 88 25 England
757 1381 38 18 för-

51 1405 91 23 behälien:
152 1407 185 24 representationen
352 1406 47 22 eller
412 1406 138 21 Parlamentet.
564 1406 99 22 Den:höga
674 1404 118 26 utbildning,
