998 1750
197 128 34 18 I
412 127 71 23 Nädiga
494 128 140 21 Propositionen
647 126 36 17 N:o
694 126 29 17 14.

198 177 88 25 uppgöra
300 176 71 26 förslag
385 176 26 20 till
427 176 189 25 sammanjemkning
629 175 22 19 af
661 174 100 20 Ståndens
775 174 66 20 beslut
857 174 6 19 i
878 174 62 26 begge

198 202 59 20 dessa
271 202 74 25 frägor.

252 229 75 19 Genom
343 228 214 25 remisshandlingarne
570 229 6 17 i
590 229 65 18 ämnet
669 228 38 18 och
717 227 140 25 upplysningar
866 226 20 19 af
893 227 48 25 Lag-

199 255 107 20 utskottets
320 260 48 20 egna
381 255 110 19 ledamöter
505 255 35 18 har
550 254 100 20 Utskottet
659 254 102 25 inhemtat,
772 255 28 17 att
809 253 25 20 Je
844 253 96 20 särskilda

200 281 96 20 Ständens
310 281 65 20 beslut
389 281 4 19 i
408 281 58 20 dessa
481 281 84 25 punkter
579 282 33 18 äro
626 280 93 25 följande:

365 361 17 24 1)
394 359 96 26 Angående
502 361 145 24 kyrkopliktens
659 361 114 20 ersättande:

255 411 105 27 Höglofliga
374 411 175 26 Ridderskapet
564 413 43 18 och
622 411 78 25 Aleln,
716 417 44 13 som
783 409 26 20 till
831 409 38 20 alla
889 409 53 20 delar

201 439 85 26 godkänt
303 439 139 26 Lagutskottets
457 439 123 26 omförmälda
595 438 122 23 betänkande,
732 440 36 19 har
784 439 78 20 säledes
878 443 65 16 ansett

203 468 11 19 2
230 467 10 25 $
254 467 5 19 i
274 467 37 20 den
325 466 148 26 ifrågavarande
486 467 136 24 författningen
636 467 47 19 böra
697 466 46 26 lyda
758 465 91 21 sålunda:

259 509 13 8 »
292 494 35 19 Till
340 493 163 26 upprätthållande
518 495 23 24 af
552 493 121 26 kyrkotukten
691 494 57 19 varde
767 493 56 20 likväl
840 493 101 26 iakttaget,

204 525 33 20 att,
251 525 38 17 när
301 521 62 26 någon
377 522 63 19 dömes
455 522 26 19 till
495 522 59 25 straff
559 522 35 25 för
610 521 53 24 brott,
683 521 13 20 &
715 521 68 20 hvilket
801 522 82 25 offentlig
900 522 43 19 eller

204 551 70 19 enskild
289 550 105 27 kyrkoplikt
408 550 122 25 härförinnan
539 550 51 26 följa
605 549 59 24 bordt,
680 550 35 19 den
729 550 86 25 sakfälde
830 550 34 20 ock
879 550 64 20 skall
935 545 12 36 i

204 579 64 19 domen
283 578 90 20 åtvarnas
389 581 27 17 att
431 579 26 19 till
471 578 80 20 enskildt
565 579 68 19 samtal
647 578 32 20 hos
695 579 29 19 sin
738 579 123 25 själasörjare
873 579 29 25 sig
916 586 26 12 m-

203 608 62 22 ställa,
280 609 59 17 innan
353 607 38 19 han
405 606 36 20 den
455 606 61 26 heliga
531 606 110 20 nattvarden
655 613 89 13 anamma
758 606 37 20 må.
825 606 70 21 Finnes
906 607 37 20 han

202 635 65 20 dervid
280 642 48 13 vara
343 634 110 27 obotfärdig,
468 634 32 21 må
512 637 75 23 presten
601 635 66 19 honom
681 636 100 19 undervisa
796 636 33 18 och
837 635 49 26 från
895 638 48 17 natt-

202 663 80 21 vardens
300 662 92 27 begående
406 662 76 27 afråda,
497 662 23 21 så
534 663 55 26 länge
603 663 35 20 den
651 663 88 26 sakfälde
757 665 7 18 i
783 665 30 19 sin
831 663 112 26 obotfärdig-

203 692 30 20 het
243 691 128 26 framhärdar.

259 734 6 9 »
267 720 76 25 Bryter
357 719 62 26 någon
438 720 89 23 häremot,
543 719 22 20 så
583 722 29 17 att
630 720 37 20 han
685 719 58 26 begår
759 720 118 23 nattvarden,
897 723 47 17 utan

204 751 28 16 att
240 749 56 24 förut
309 748 56 25 hafva
381 748 26 19 till
421 748 31 19 det
466 748 84 19 enskilda
570 748 85 19 samtalet
674 749 33 18 hos
727 749 29 18 sin
775 749 121 25 själasörjare
915 749 28 25 sig

205 777 70 23 instält,
287 777 59 24 plikte
355 775 48 26 från
417 777 33 18 och
464 777 42 21 med
521 777 51 25 tjugu
586 777 26 18 till
627 776 33 19 och
674 776 43 20 med
724 777 67 25 femtio
809 777 59 18 mark.
899 776 45 20 Men

206 805 15 25 ej
235 803 32 20 må
281 803 62 26 någon
352 805 61 24 fällas
429 805 26 18 till
469 805 59 25 straff
532 805 36 25 för
584 807 29 17 att
631 805 44 22 han,
695 807 48 17 emot
760 807 85 22 prestens
864 806 79 24 varning

205 833 44 19 eller
262 831 88 27 afrådan,
365 833 24 24 af
400 832 35 19 den
450 833 60 24 heliga
524 833 110 19 nattvarden
646 835 36 23 gör
696 834 28 24 sig
739 833 87 25 delaktig,
837 833 58 19 sedan
906 833 37 19 kan

205 861 31 19 det
250 861 96 18 allmänna
360 860 131 25 skriftermälet
505 862 119 24 öfvervarit*.

259 887 123 26 Högvördiga
396 888 190 23 Prestaständet,
603 893 43 14 som
659 889 58 18 äfven
731 888 30 20 för
775 889 29 18 sin
817 888 31 20 del
859 889 85 25 godkänt

207 915 8 19 1
233 913 9 26 $
257 914 5 19 i
276 914 111 20 Utskottets
402 915 129 24 betänkande,
547 916 35 18 har
596 915 89 19 deremot
698 915 87 24 beslutit,
801 917 28 17 att
841 916 12 18 2
863 915 10 25 $
882 915 62 20 borde

206 942 73 20 erhålla
294 942 81 25 följande
390 943 84 26 lydelse:
490 955 14 10 ,,
509 942 35 19 Till
558 941 131 26 kyrkotuktens
707 941 163 26 upprätthållande
887 942 57 20 varde

206 970 46 19 dock
266 969 97 26 iakttaget:
377 972 28 17 att
419 970 35 19 den
468 977 44 12 man
528 969 44 20 eller
585 971 74 24 gvinna,
675 976 39 13 som
729 969 58 26 blifvit
805 970 80 19 beträdd
903 971 50 18 med

206 998 53 23 brott,
275 997 12 19 &
303 997 66 20 hvilket
383 998 82 19 hitintills
480 997 82 26 offentlig
572 997 43 20 eller
629 997 71 20 enskild
710 998 105 25 kyrkoplikt
823 998 51 25 följa
884 998 59 23 bordt,

206 1026 16 25 ej
237 1025 30 20 må
282 1025 74 20 komma
370 1027 7 17 i
391 1025 108 26 åtnjutande
513 1026 24 25 af
548 1025 35 20 den
598 1025 60 26 heliga
673 1026 116 23 nattvarden,
805 1027 57 18 innan
872 1026 38 19 han
920 1027 23 18 el-

206 1054 27 19 ler
247 1054 36 19 hon
298 1054 33 18 hos
346 1055 41 18 sina
402 1054 130 25 själasörjare,
550 1055 8 17 i
575 1053 30 19 två
628 1053 43 20 eller
689 1056 27 17 tre
738 1055 23 24 af
772 1056 77 22 presten
868 1054 77 20 utsedde

206 1083 78 17 vittnens
298 1084 88 20 närvaro,
398 1082 122 19 underkastat
532 1083 28 24 sig
574 1081 78 19 enskildt
661 1081 111 25 skriftermål
782 1082 33 19 och
825 1082 65 23 dervid
898 1083 46 19 und-

201 1108 41 27 fätt
257 1109 90 25 aflösning
362 1110 6 18 i
383 1110 35 18 den
433 1110 83 24 ordning,
532 1116 40 13 som
580 1110 35 24 för
632 1108 69 20 sådant
719 1109 113 25 skriftermål
853 1110 92 26 härförin-

207 1144 38 12 nan
258 1138 49 18 varit
322 1136 42 20 eller
372 1138 104 24 framdeles
491 1138 69 19 varder
573 1136 88 26 stadgad;
675 1137 81 20 sålunda
772 1138 55 19 likväl
846 1140 28 17 att
891 1138 54 26 skrif-

208 1164 82 21 termälet
305 1165 16 25 ej
335 1164 48 20 skall
397 1165 117 26 ovilkorligen
529 1165 109 20 verkställas
653 1166 6 18 i
673 1166 103 19 sakristian
797 1168 46 17 utan
863 1166 37 23 mä,
916 1173 30 13 om

208 1193 35 19 den
257 1193 86 23 sakfälde
357 1193 29 19 det
395 1193 86 26 fordrar,
491 1192 88 27 försiggå
594 1193 34 19 hos
640 1197 75 21 presten
725 1195 6 18 i
741 1194 47 19 hans
798 1194 81 19 hemvist.
895 1193 50 20 Jem-

207 1221 31 19 väl
251 1227 46 12 vare
311 1220 70 23 tillåtet,
397 1223 28 17 att
439 1221 136 26 skriftermålet,
591 1221 33 18 der
638 1221 35 19 den
687 1221 86 26 sakfälde
785 1221 45 26 sjelf
835 1221 70 20 sådant
913 1224 31 17 ön-

208 1248 51 23 skar,
273 1248 32 19 må
319 1249 32 18 ske
365 1250 6 17 i
386 1249 41 19 hela
436 1250 147 25 församlingens
598 1251 81 18 närvaro
694 1251 7 18 i
715 1249 93 26 kyrkan".
947 1263 2 2 5

261 1275 96 26 Vällofliga
371 1276 201 25 Borgareständet
585 1277 36 18 har
635 1276 50 25 äter,
702 1277 82 19 likasom
802 1277 143 26 Ridderskapet

208 1305 39 18 och
260 1304 67 23 Adeln,
344 1302 25 20 till
387 1303 38 18 alla
445 1303 52 18 delar
516 1303 84 24 godkänt
619 1303 138 24 Lagutskottets
770 1304 128 24 förenämnda
916 1304 28 19 be-

207 1330 100 23 tänkande,
322 1334 51 17 samt
387 1331 78 20 säledes
480 1333 29 18 för
523 1333 12 18 2
550 1331 10 26 $
574 1332 70 25 antagit
657 1337 73 12 samma
745 1331 77 25 lydelse,
841 1337 40 13 som
899 1331 45 19 Rid-

207 1357 100 26 derskapet
321 1359 33 19 och
368 1358 61 20 Adeln
441 1359 59 25 gillat.

261 1385 128 22 Hedervärda
406 1386 176 20 Bondeständet
598 1387 36 19 har
650 1386 100 25 deremot,
769 1386 67 21 såsom
854 1387 53 20 förut
923 1388 21 19 är

207 1414 89 25 nämndt,
312 1412 69 22 biträdt
395 1413 151 20 Prestaständets
560 1413 49 26 äsigt
623 1415 7 18 i
643 1414 64 19 saken.
