1003 1739
179 130 35 19 214
397 128 71 22 Nådiga
479 128 140 23 Propositionen
632 126 36 18 N:o
680 126 28 18 12.

180 178 91 26 reslagna
285 178 47 20 eller
348 177 60 26 några
422 177 59 19 andra
495 176 108 20 straffarter
617 176 39 19 och
670 176 96 27 allmänna
778 174 147 28 bestämningar

180 205 47 20 böra
241 205 68 25 läggas
322 203 26 20 till
364 203 62 25 grund
442 203 32 20 vid
488 208 25 14 en
527 202 111 25 fullständig
652 201 136 24 omarbetning
803 200 20 19 af
834 199 91 21 Finlands

181 230 95 26 strafflag.

181 326 111 28 Förslag
314 325 36 23 till
372 325 112 23 allmänna
503 324 98 29 grunder
619 324 37 23 för
675 329 28 17 en
721 328 31 24 ny
772 322 101 27 strafflag
891 322 38 22 för

393 353 210 23 Storfurstendömet
617 352 99 24 Finland.

546 418 17 20 1.

184 468 85 20 Positiva
280 468 35 20 och
329 473 109 20 noggranna
452 468 137 25 bestämningar
600 472 29 14 om
640 466 67 20 hvilka
718 466 105 20 straffarter
834 466 53 19 skola
898 465 31 19 till

371 491 117 19 användande
500 491 7 18 i
519 490 98 20 framtiden
629 490 111 26 fastställas.

493 539 11 20 1
518 538 104 26 Kapitlet.

392 590 42 20 Om
448 590 102 20 straffen
565 589 5 19 i
584 589 132 20 allmänhet.

243 633 9 19 1
269 632 18 25 8.
315 632 101 20 Allmänna
430 631 108 20 straffarter
553 636 56 14 vare:

275 663 4 5 >
309 658 99 24 Tukthus;

309 685 105 25 Fängelse;

309 710 79 25 Arrest;

308 738 63 19 Böter.

238 765 12 18 2
265 764 17 25 8.
311 764 7 19 I
337 763 96 20 särskilda
448 764 37 24 fall,
503 764 65 20 hvilka
582 765 4 18 i
602 763 112 26 strafflagen
728 763 54 27 skola
796 763 129 25 bestämmas,

184 790 66 19 kunna
267 790 25 19 de
309 790 5 19 i
332 791 9 18 4
357 786 15 36 $
387 790 127 28 uppräknade
528 790 58 20 straff
597 791 77 18 förenas
688 790 46 19 med
748 795 24 14 en
787 790 47 19 eller
847 790 48 19 flera
909 790 20 19 af

185 816 147 20 nedannämnda
346 816 103 25 påföljder
442 812 11 34 :

238 844 19 19 1.
285 842 89 26 Mistning
391 843 20 18 af
426 843 70 20 sådant
512 843 123 26 förbrytaren
650 843 91 24 tillhörigt
755 843 47 19 eller
815 841 112 21 tillfallande

184 869 49 25 ting,
250 874 44 14 som
309 868 62 25 tjenat
384 869 26 19 till
424 869 84 26 verktyg
523 869 47 20 eller
582 869 64 19 medel
661 869 29 18 för
704 868 107 26 uppsätligt
824 867 60 26 brott,
900 869 29 18 el-

186 895 29 20 ler
231 895 116 26 derigenom
363 895 120 25 tillkommit,
502 896 48 19 eller
565 896 57 23 utsör
638 895 31 20 lön
686 895 30 19 för
735 895 124 24 detsamma,
881 895 48 19 eller

187 921 79 26 vinning
283 921 63 24 deraf;
365 921 22 20 sä
404 922 38 19 ock
460 922 5 19 i
482 922 54 20 vissa
551 921 30 20 fall
595 921 70 20 förlust
678 921 21 20 af
711 921 85 24 arfsrätt,
812 921 47 20 eller
872 921 57 25 gifto-

188 949 39 18 rätt
240 948 47 20 med
300 947 61 21 fördel
375 948 39 19 och
427 948 147 26 morgongäiva.

240 975 39 19 Har
295 975 174 25 myntförbrytelse
486 977 33 23 egt
535 980 54 19 rum,
607 974 49 20 eller
676 975 54 18 brott
749 974 64 19 blifvit
832 974 97 19 föröfvadt

185 1007 72 20 genom
274 1001 67 24 skrift,
360 1001 65 26 billig
442 1001 140 25 framställning
599 1001 47 20 eller
663 1001 129 25 tryckalster,
813 1000 61 20 varde
895 1001 34 19 det

188 1027 111 26 förgripliga
317 1027 68 20 alstret
402 1028 79 19 förstört
498 1028 59 19 äfven
574 1028 6 19 i
594 1027 54 20 vissa
662 1026 73 21 sådana
750 1027 101 25 exemplar
865 1027 61 24 deraf,

189 1059 45 15 som
247 1054 75 20 tillhöra
337 1059 62 14 annan
412 1059 73 20 person
498 1056 24 17 än
536 1054 129 25 förbrytaren.

240 1081 21 19 2.
289 1080 122 25 Ovärdighet
425 1081 19 18 af
456 1081 151 25 medborgerligt
622 1080 118 24 förtroende,
752 1079 130 20 innefattande
891 1080 39 19 för-

187 1107 40 20 lust
240 1107 21 19 af
273 1106 118 25 rättigheten
405 1109 28 17 att
448 1107 82 19 bekläda
545 1107 47 19 eller
607 1106 66 20 utöfva
687 1106 94 25 offentligt
795 1106 78 19 embete
883 1107 47 19 eller

187 1135 58 18 annat
261 1133 79 20 allmänt
356 1133 45 19 värf
416 1135 52 18 samt
484 1136 29 17 att
529 1133 63 20 dertill
606 1132 58 25 välja,
680 1132 22 19 så
717 1132 38 19 ock
769 1135 27 16 att
810 1132 41 19 föra
866 1137 63 14 annan

187 1160 24 19 än
229 1165 50 19 egen
295 1159 48 19 eller
359 1158 173 21 målsmannatalan
549 1159 32 19 vid
599 1159 85 20 domstol
702 1159 46 19 eller
766 1163 61 14 annan
840 1158 89 26 myndig-

186 1186 41 25 het,
244 1188 28 17 att
286 1191 49 14 vara
348 1185 136 27 förmyndare,
501 1189 51 16 samt
566 1188 27 17 att
606 1185 73 26 aflägga
694 1185 97 20 vittnesed
805 1185 47 20 eller
866 1190 63 15 annan

187 1213 6 19 i
207 1213 30 25 Jag
251 1212 82 25 stadgad
349 1211 50 26 edlig
412 1213 108 23 försäkran,

311 1238 90 26 antingen
415 1239 29 18 för
458 1239 60 25 alltid,

312 1266 47 18 eller
372 1264 25 26 på
410 1265 91 20 bestämd
515 1266 34 19 tid.
843 1274 2 3 »

243 1290 26 20 På
283 1290 96 20 domstols
393 1291 88 25 pröfning
495 1291 105 19 ankomme
613 1291 57 19 likväl
685 1296 33 14 om
728 1291 164 25 förmyndarerätt
902 1291 28 18 öf-

187 1323 36 14 ver
237 1321 48 21 egna
300 1316 49 19 barn
363 1316 32 20 mä
408 1317 65 19 kunna
487 1317 38 19 den
539 1317 93 19 sakfällde
646 1317 100 19 förunnas.

240 1341 23 27 Ej
285 1342 32 20 mä
337 1342 25 20 de
383 1343 5 19 i
408 1342 54 20 detta
482 1346 88 17 moment
590 1343 116 19 omnämnda
729 1342 114 26 rättigheter
866 1342 62 20 under

189 1368 110 21 strafftiden
312 1369 79 20 utöfvas
405 1369 21 19 af
437 1369 44 25 den,
498 1375 43 15 som
556 1370 27 19 till
598 1369 92 25 tukthus,
705 1369 87 26 fängelse
805 1370 47 19 eller
865 1371 66 17 arrest

190 1396 59 20 dömd
263 1396 69 24 blifvit,
348 1396 148 25 undantagande
511 1396 81 27 edgång,
608 1397 29 19 för
651 1396 79 20 hvilken
744 1396 87 26 fängelse
845 1396 45 20 eller
900 1401 31 15 ar-

190 1425 41 19 rest
246 1421 17 26 ej
278 1422 33 20 må
325 1422 69 26 utgöra
408 1422 77 20 hinder.
