1003 1786
191 134 34 32 192
404 137 72 22 Nädiga
487 136 139 23 Propositionen
639 135 36 18 N:o
687 136 28 17 11.

189 189 93 24 upprätta
297 186 92 26 skriftligt
402 186 121 25 reglemente
538 185 47 20 eller
598 184 152 26 bolagsordning
764 184 39 19 och
817 183 47 20 derå
874 183 59 26 begä-

190 219 22 14 ra
226 213 290 25 Ekonomie-Departementets
530 211 6 20 i
549 212 86 19 Senaten
649 212 30 19 för
692 210 80 21 Finland
786 210 133 20 stadfästelse.

540 270 10 25 $
565 271 19 18 2.

245 315 177 26 Bolagsordningen
436 314 35 20 bör
485 313 106 21 innehälla:

246 343 41 19 1:0.
318 342 90 25 Bolagets
424 341 117 25 benämning
558 341 47 19 eller
621 340 67 25 firma,
711 346 45 14 som
776 340 49 20 skall
845 340 90 20 utmärka

193 369 48 19 dess
255 368 101 26 egenskap
370 368 21 20 af
403 368 126 25 aktie-bolag.
544 372 2 3 '

247 396 40 19 2:0.
316 394 109 20 Föremälet
439 394 29 20 för
481 394 89 25 bolagets
584 393 136 20 verksamhet.

247 422 41 20 3:0.
317 420 61 20 Tiden
392 420 29 20 för
435 420 80 20 hvilken
530 420 77 26 bolaget
620 420 64 19 blifvit
698 419 98 27 ingånget,
812 419 69 21 derest
889 420 48 20 den-

194 454 25 13 na
233 450 22 18 är
268 447 98 21 bestämd.

249 476 40 18 4:0.
319 473 173 26 Grundkapitalets
512 473 85 25 belopp,
619 472 105 20 äfvensom
744 472 98 21 aktiernas
863 474 75 21 storlek

196 501 39 20 och
248 502 60 18 antal.

250 528 40 20 5:0.
319 525 103 22 "Huruvida
436 526 88 20 aktierna
538 527 34 19 äro
586 526 70 20 ställda
669 525 25 27 på
708 526 139 21 innehafvaren
857 528 47 20 eller
913 528 26 27 pä

196 555 43 19 viss
255 560 56 20 man,
329 554 38 20 och
385 559 32 14 om
435 553 122 26 förvandling
574 554 20 19 af
610 552 33 21 det
660 558 36 15 ena
714 553 63 25 slaget
789 554 28 20 till
831 554 34 20 det
879 555 73 21 andra-

196 581 37 19 kan
247 586 36 21 ega
297 586 52 17 rum.
613 580 2 3 |

250 607 41 20 6:0.
321 607 55 19 Huru
389 606 87 21 aktierna
491 607 37 19 hos
543 606 88 25 bolagets
645 606 88 26 styrelse
747 606 137 26 inregistreras
901 609 38 19 och

197 634 51 19 huru
262 633 87 20 skeende
362 633 134 25 förändringar
510 633 6 19 i
530 633 127 19 aktie-rätten
671 633 116 20 antecknas.

251 660 39 19 7:0..
319 659 38 20 Om
370 659 90 25 bolagets
474 659 92 26 styrelse,
581 659 20 19 af
613 659 66 20 hvilka
693 659 38 20 den
746 659 47 20 skall
808 660 64 26 bestå,
889 661 52 20 huru

197 686 48 19 dess
259 686 90 25 personal
363 688 57 17 utses
433 687 38 18 och
486 687 49 18 hvar
550 685 98 26 styrelsen
663 685 46 20 skall
725 685 58 20 hafva
798 686 34 20 sitt
846 689 49 18 säte.

251 712 40 25 8:0.
320 712 102 19 Terminen
437 713 47 18 eller
498 711 120 20 terminerna
632 712 30 19 för
676 712 118 26 inbetalning
808 713 21 19 af
843 713 98 21 aktie-ka-

199 739 73 25 pitalet,
287 737 61 26 jemte
362 738 33 20 det
408 738 97 27 äfventyr,
522 743 44 15 som
581 738 48 19 skall
644 737 44 26 följa
701 737 25 26 på
741 738 101 26 delegares
855 740 86 20 uraktlå-

199 766 68 19 tenhet
281 767 28 17 att
324 766 51 18 inom
389 767 39 18 rätt
442 765 27 20 tid
484 765 80 25 fullgöra
578 764 90 20 beslutad
682 765 47 20 eller
743 765 130 20 föreskrifven
887 767 54 20 inbe-

199 791 71 26 talning
284 791 11 20 å
308 791 59 21 aktie.

251 819 42 19 9:o.
321 817 60 20 Tiden
398 818 29 19 för
443 818 117 25 uppgörelse
578 817 20 20 af
613 817 89 26 bolagets
719 817 79 21 bokslut
815 822 52 17 samt
883 825 59 21 grun-

199 844 60 20 derna
273 845 30 19 för
317 844 149 20 bestämmande
480 845 38 18 och
532 843 120 26 utbetalning
666 844 21 20 af
699 844 87 21 vinsten.

548 902 8 26 s
573 903 19 19 3.

252 947 85 19 Senaten
357 945 79 26 pröfvar
456 945 186 25 bolagsordningens
662 946 211 21 öfverensstämmelse
896 948 46 20 med

199 973 66 20 denna
279 972 118 25 förordning,
414 975 52 17 samt
477 978 34 13 om
526 972 38 19 och
579 972 97 19 huruvida
690 972 124 26 derutöfver,
830 974 46 20 med
890 974 53 20 afse-

199 999 52 20 ende
267 998 12 20 å
295 999 72 20 vidden
385 999 37 18 och
436 998 161 20 beskaffenheten
611 999 20 18 af
643 999 89 25 bolagets
746 1000 81 24 rörelse,
844 1000 98 20 särskilda

200 1026 152 20 bestämmelser
366 1024 32 20 må
412 1024 106 26 erfordras,
534 1030 47 14 vare
595 1026 29 24 sig
638 1024 101 26 angående
753 1025 95 20 säkerhet
859 1026 30 20 för
898 1027 43 19 full-

199 1052 87 26 görande
301 1052 20 19 af
334 1052 126 24 Jelegarenes
474 1051 136 25 förbindelser,
626 1056 27 14 om
663 1052 77 26 tillsyn
754 1051 11 20 ä
780 1052 53 24 gifna
843 1052 98 20 föreskrif-

199 1081 41 17 ters
257 1078 93 25 behöriga
367 1077 133 25 iakttagande,
517 1078 47 19 ellev
577 1078 6 18 i
597 1080 57 17 annat
668 1078 100 26 syftemäl.
796 1079 71 19 Finner
881 1080 60 19 Sena-

199 1108 32 16 ten
248 1105 41 19 skäl
307 1107 28 17 att
351 1104 38 20 den
406 1104 56 19 sökta
478 1104 137 20 staufästelsen
631 1104 99 25 meddela,
750 1105 60 19 varde
827 1106 114 25 bolagsord-

200 1132 70 24 ningen
284 1131 38 20 och
335 1131 87 19 beslutet
436 1130 101 20 företelde
552 1131 36 19 hos
602 1130 179 21 Rädstufvurätten
795 1132 48 19 eller
858 1132 84 20 Härads-

200 1159 64 18 rätten
280 1158 6 19 i
303 1158 39 19 den
359 1160 40 22 ort,
418 1157 36 19 der
471 1157 88 25 bolagets
580 1158 85 25 styrelse
686 1157 58 26 enligt
765 1158 176 26 bolagsordningen

200 1184 35 19 har
251 1184 35 19 sitt
302 1186 50 17 säte.
383 1184 70 19 Rätten
469 1183 63 25 intage
549 1183 106 20 innehållet
672 1184 56 19 deraf
744 1184 118 26 fullständigt
881 1185 6 18 i
909 1186 33 19 sitt

199 1210 96 26 protokoll
313 1211 38 18 och
368 1209 38 20 låte
422 1209 143 20 underrättelse
582 1215 33 14 om
633 1209 83 26 bolaget,
733 1209 24 26 pä
770 1210 124 20 detsammas
908 1211 35 20 be-

200 1233 90 29 kostnad,
307 1237 5 18 i
327 1236 96 19 allmänna
437 1236 123 25 tidningarne
574 1236 80 25 införas,
669 1236 69 20 derest
752 1235 24 27 ej,
788 1237 49 20 efter
846 1238 96 19 Senatens

200 1263 135 24 förordnande,
351 1263 72 19 allmän
437 1263 117 25 kungörelse
568 1263 6 18 i
588 1265 68 17 ämnet
669 1263 63 20 blifvit
745 1263 99 20 utfärdad.

550 1328 10 24 S
573 1329 19 17 4.

251 1373 118 26 Förändring
385 1373 20 19 af
420 1373 176 26 bolagsordningen
613 1379 37 20 ege
667 1372 17 26 ej
702 1373 88 26 giltighet
803 1373 46 21 med
863 1374 78 20 mindre

198 1399 37 21 den
252 1399 73 20 varder
341 1400 21 19 af
377 1400 87 20 Senaten
482 1400 116 25 stadfästad;
628 1400 44 20 Och
687 1406 49 14 vare
751 1406 32 14 om
798 1402 91 19 anmälan
903 1401 37 20 hos

198 1427 69 20 Rätten
281 1427 21 19 af
314 1426 62 21 sådan
389 1426 113 27 förändring
516 1427 31 26 lag
562 1433 42 14 som
619 1427 5 20 i
638 1427 12 26 $
664 1427 11 20 3
691 1427 57 26 sagdt
761 1429 29 18 är.
