1006 1761
410 125 71 23 Nådiga
492 125 141 22 Propositionen
644 124 36 17 N:o
693 124 27 17 11.

640 172 50 27 7.

460 213 72 19 Träder
553 212 112 25 aktie-bolag
684 213 7 17 i
708 211 116 21 verksamhet
845 215 47 16 utan
912 214 27 17 att

400 241 58 25 hafva
473 240 72 20 erhållit
559 239 62 20 sådan
635 240 125 25 stadfästelse,
776 246 39 14 som
830 241 7 18 i
852 241 12 23 $
880 241 14 18 3
908 243 29 16 sä-

397 275 40 18 ges,
458 268 65 20 stände
542 269 54 22 hvar,
616 275 40 12 som
675 267 100 20 emellertid
793 267 12 20 &
824 268 31 19 det
873 268 64 25 bolags

398 299 74 22 vägnar
480 296 115 26 förbindelse
610 295 63 26 ingär,
689 295 62 26 derför
769 297 7 18 i
792 296 94 25 personlig
905 303 32 12 an-

400 325 94 25 svarighet
508 324 26 20 till
547 324 175 26 fordringsegaren,
742 323 63 21 säsom
820 324 36 25 för
874 331 64 13 annan

399 353 30 19 sin
438 352 121 26 förbindelse,
575 353 46 24 efter
634 352 70 19 allmän
719 352 36 25 lag.

642 409 12 27 g
673 410 19 19 8.

462 449 54 20 Utom
529 451 7 18 i
551 448 22 21 de
582 449 45 25 fall,
643 449 77 19 hvarom
734 449 35 19 här
783 450 56 24 ofvan
853 449 85 25 stadgas,

400 477 53 20 skola
468 478 111 25 aktieegare,
594 477 72 19 hvilkas
681 477 142 25 bolagsordning
838 477 59 25 blifvit
911 478 28 19 be-

400 506 76 24 hörigen
490 505 108 26 stadfästad
612 506 34 18 och
659 506 34 18 hos
703 505 72 19 Rätten
788 506 82 22 anmäld,
882 506 16 24 ej
907 512 32 13 va-

400 540 24 12 ra
432 534 107 26 jörbundne
554 533 26 20 till
594 540 72 12 ansvar
673 534 35 25 för
722 533 82 26 bolagets
813 534 76 19 skulder
897 534 43 19 med

400 568 60 17 mera,
474 565 26 16 än
514 562 70 19 enhvar
602 563 57 17 insatt
681 562 43 19 eller
741 560 60 27 ätagit
818 563 29 24 sig
865 564 28 17 att
912 563 26 18 in-

402 593 56 16 sätta.

643 643 17 26 9
673 644 19 19 9.

462 684 90 25 Upplöses
567 683 118 26 aktie-bolag,
700 689 40 14 som
755 683 56 26 enligt
829 685 12 23 $
861 684 14 19 3
894 684 45 19 kun-

400 712 62 25 gjordt
468 713 55 22 varit,
533 718 31 19 ege
574 711 73 25 bolaget
656 714 38 16 rätt
703 714 28 17 att
740 710 126 27 ärsstämning
877 711 12 20 &
899 712 39 19 bor-

400 743 102 22 genärerne
516 740 52 23 söka,
584 739 64 20 säsom
661 741 7 17 i
686 740 163 25 konkursstadgan
863 744 62 22 säges.

629 796 16 26 g
660 796 33 19 10.

460 837 79 24 Bolaget
553 843 45 12 vare
612 837 28 18 uti
654 836 22 19 de
690 835 44 25 mål,
744 837 37 25 för
794 837 62 18 hvilka
875 837 16 25 ej
906 843 34 14 an-

402 865 113 19 norlunda
507 860 11 33 i
534 865 30 24 lag
586 865 86 24 stadgas,
693 864 81 25 lydande
793 865 59 18 under
870 866 71 18 allmän

402 892 96 19 underrätt
512 893 7 17 i
534 894 56 21 orten,
606 892 34 19 der
653 892 82 25 bolagets
750 892 77 26 styrelse
841 893 56 24 enligt
910 893 30 19 bo-

402 920 142 25 lagsordningen
560 920 35 19 har
608 921 32 17 sitt
654 922 46 16 säte.
722 919 65 26 Fråga
803 926 29 12 om
842 921 97 24 afträdan-

402 948 23 20 de
440 949 23 24 af
474 948 82 25 bolagets
571 948 88 25 egendom
674 948 26 18 till
710 948 81 19 konkurs
802 948 43 19 eller
855 954 30 13 om
900 948 39 20 års-

402 978 93 24 stämning
510 976 12 19 å
538 976 42 19 dess
594 976 117 25 borgenärer,
727 976 49 19 skall
789 976 39 22 ock,
839 976 101 20 oberoende

402 1005 24 24 af
437 1004 153 25 bolagsmännens
610 1003 55 20 stånd
684 1004 34 18 och
736 1004 83 22 hemvist,
839 1004 100 20 tillkomma

402 1032 145 25 Rädstufvurätt
562 1032 42 19 eller
618 1031 116 20 Häradsrätt
748 1033 7 18 i
770 1032 35 20 den
817 1034 36 21 ort,
864 1032 77 20 hvarom

402 1066 25 14 nu
437 1060 55 25 sagdt
502 1063 28 16 är.

459 1088 46 19 Med
519 1088 61 20 denna
592 1088 113 25 förordning
724 1088 51 26 afses
792 1088 16 26 ej
827 1087 62 26 någon
907 1091 32 17 än

402 1119 54 23 dring
471 1118 7 17 i
492 1117 122 20 härförinnan
630 1117 93 19 tillkomna
741 1117 34 19 och
793 1117 24 25 af
832 1118 108 23 regeringen

402 1145 102 26 godkända
518 1144 123 25 aktie-bolags
650 1144 113 25 fastställda
777 1145 126 24 reglementen.

483 1205 23 19 I.
518 1206 30 18 Om
558 1206 50 22 tysta
620 1205 46 18 eller
677 1204 182 25 kommandit-bolag.

648 1251 17 26 $
679 1252 17 19 1.

465 1293 94 24 Upptager
567 1292 55 26 finsk
635 1292 121 24 medborgare
775 1292 43 19 eller
837 1294 54 22 öppet
910 1292 30 19 bo-

401 1320 41 24 lag,
462 1326 39 12 som
521 1320 87 19 handels-
624 1319 43 19 eller
684 1320 149 18 industrirörelse
851 1319 92 25 bedrifver

401 1348 44 18 eller
458 1348 82 25 bedrifva
555 1348 37 22 vill,
608 1347 26 19 till
650 1347 84 25 delegare
750 1347 40 19 deri
804 1353 22 13 en
841 1347 43 19 eller
892 1348 49 24 flere

400 1378 50 24 tysta
466 1375 119 26 bolagsmän,
606 1375 44 19 eller
664 1374 98 20 såkallade
777 1375 163 22 kommanditärer,

399 1407 86 22 upprätte
500 1404 62 20 derom
576 1404 86 26 skriftligt
676 1403 93 20 kontrakt.
