1003 1792
267 112 71 24 Nådiga
349 114 142 23 Propositionen
503 114 36 18 N:o
552 114 28 18 10.
763 114 32 19 169

393 163 11 25 $
418 164 32 19 29.

104 202 55 19 Huru
175 201 46 20 med
231 202 133 27 vattenverk,
382 207 45 15 som
442 202 68 19 hindra
525 201 110 26 sjöfällning
649 202 39 20 och
703 202 92 21 kanalan-

49 228 99 25 läggning,
162 227 91 20 förhållas
267 228 56 24 skall,
339 230 22 18 är
375 228 93 20 särskildt
480 228 99 26 stadgadt.

265 282 65 25 Enligt
351 282 60 20 Hans
431 281 132 27 Kejserliga
581 281 123 26 Majestäts
720 282 75 27 Nådiga

193 307 112 26 befallning,
324 309 66 25 gifven
406 308 6 19 i
429 309 32 19 S:t
478 308 119 26 Petersburg
613 309 38 19 den
669 309 22 19 31
707 309 38 20 Juli
760 309 34 25 (12

194 334 91 26 Augusti)
300 335 59 20 1863.

319 397 74 17 Alex.
404 396 126 19 Armfelt.

454 489 21 19 A.
487 490 27 18 W.
526 489 132 20 Wallensköld.

258 665 188 23 Sammansatta
461 665 63 28 Lag-
542 663 47 24 och
603 665 192 23 Ekonomie-Ut-

189 693 116 24 skottets
324 693 165 23 betänkande
508 693 46 23 N:o
575 693 11 22 7
606 694 9 22 i
634 693 120 28 anledning
767 693 30 23 af

188 722 70 23 Hans
272 721 154 34 Kejserliga
440 722 137 28 Majestäts
592 721 83 29 Nädiga
696 721 98 30 proposi-

171 755 3 4 *
188 751 57 27 tion,
264 751 113 27 angående
388 750 136 34 jordegares
542 749 130 30 skyldighet
689 751 34 22 att
737 751 58 22 emot

189 779 126 28 ersättning
329 779 91 29 uppläta
431 779 65 22 mark
505 778 37 23 för
551 779 92 22 allmänt
653 779 72 22 behof.

105 836 89 21 Nämnde
208 835 73 27 Nädiga
294 836 121 25 proposition
428 837 22 18 är
459 837 21 18 af
488 836 90 26 samtliga
588 835 131 20 Riksständen
729 836 66 19 öfver-

51 863 80 20 lemnad
146 863 26 20 till
187 862 111 21 Utskottets
311 863 122 26 behandling.
463 863 43 19 Och
521 863 35 20 har
572 862 97 20 Utskottet
686 863 21 19 af
722 862 25 20 de
763 863 33 20 Ut-

52 889 76 21 skottet
141 890 30 20 för
184 889 58 26 öfrigt
255 889 116 21 meddelade
386 889 136 26 handlingarne
536 889 5 20 i
556 889 81 20 ärendet
649 889 102 26 inhemtat,
769 892 28 18 att

52 916 39 21 den
105 917 85 23 Komite,
206 922 44 14 som
263 917 42 19 haft
319 917 29 25 sig
362 916 108 26 uppdraget
484 919 28 17 att
524 916 89 20 utarbeta
628 916 72 26 förslag
714 916 26 20 till
755 916 40 20 Jen

52 942 74 27 Nädiga
141 942 154 27 propositionen,
311 943 93 19 aflenmat
418 945 20 17 två
466 942 78 26 sådana,
561 945 28 17 att
602 943 34 19 det
649 948 36 14 ena
702 943 22 19 af
735 943 60 20 dessa

53 970 78 26 förslag,
147 970 61 20 sedan
221 969 34 20 det
269 969 104 26 undergätt
386 968 60 27 några
461 969 18 20 få
493 970 111 25 ändringar,
623 970 63 19 blifvit
703 970 4 18 i
722 970 74 18 omför-

52 996 61 20 mäldt
126 996 94 20 afseende
234 999 84 23 antaget,
334 997 104 19 äfvensom
452 998 28 17 att
494 996 32 20 vid
540 996 64 20 denna
618 996 93 20 ärendets
725 996 70 20 bered-

52 1024 46 25 ning
111 1023 6 19 i
131 1022 108 26 Kejserliga
252 1024 85 18 Senaten
351 1022 63 26 någon
428 1024 123 24 omröstning
566 1022 44 20 icke
626 1022 96 20 förefallit.

106 1121 42 19 Den
169 1119 113 26 fortgående
298 1120 113 25 utveckling
428 1119 6 19 i
450 1120 36 20 alla
503 1120 114 25 rigtningar,
636 1125 45 14 som
694 1119 102 20 utmärker

53 1146 71 26 hvarje
137 1147 105 25 samhälle,
264 1147 75 19 hvilket
355 1146 43 19 icke
414 1147 22 19 är
453 1149 61 17 utsatt
530 1146 30 19 för
574 1148 28 18 ett
615 1146 139 25 öfvermäktigt
767 1146 28 19 in-

53 1173 86 27 flytande
155 1173 21 19 af
191 1176 54 23 yttre
261 1173 116 19 hämmande
394 1172 82 25 krafter,
495 1172 91 20 sträcker
600 1173 29 25 sig
643 1172 152 25 nödvändigtvis

53 1201 58 18 äfven
125 1200 26 19 till
166 1199 47 21 dess
227 1200 128 25 lagstiftning.
383 1198 44 21 Och
441 1199 5 19 i
460 1199 63 19 denna
537 1199 30 19 del
584 1199 122 25 uppenbarar
723 1199 29 25 sig
767 1201 30 17 ut-

53 1226 125 26 vecklingen,
197 1226 58 25 enligt
274 1226 52 19 hvad
346 1226 153 25 lagstiftningens
520 1225 80 19 historia
622 1224 137 27 ådagalägger,
779 1224 16 26 ej

53 1252 49 20 blott
117 1254 4 18 i
135 1253 26 19 de
175 1252 138 26 förändringar,
329 1258 44 14 som
387 1254 27 18 ett
424 1252 50 20 folks
483 1251 122 27 rättsåsigter
615 1251 88 27 undergå
713 1252 25 19 till
749 1250 46 26 följd

53 1280 20 18 af
85 1280 34 19 det
133 1281 46 18 nära
194 1279 104 25 beroende,
316 1279 55 19 hvari
385 1278 59 21 dessa
453 1278 30 20 stå
494 1279 25 19 till
530 1278 122 20 detsammas
663 1278 84 26 bildning
757 1279 39 18 och

55 1306 115 19 civilisation
186 1306 4 19 i
207 1306 67 25 öfrigt,
293 1308 47 16 utan
357 1306 58 19 äfven
432 1311 71 20 genom
518 1304 121 20 tillkomsten
653 1306 21 18 af
689 1310 38 20 nya
744 1305 53 19 förut

55 1332 76 20 okända
145 1332 77 26 lagbud,
238 1332 126 20 framkallade
377 1333 21 18 af
405 1332 37 20 den
452 1332 83 25 vidgade
545 1331 127 20 verksamhet
683 1332 51 18 inom
744 1336 53 14 sam-

54 1358 65 26 hället,
137 1364 43 14 som
194 1361 28 17 ett
235 1358 58 20 ökadt
307 1358 90 20 välstånd
410 1359 38 19 och
463 1364 23 13 en
500 1358 90 25 stigande
603 1358 66 19 kultur
683 1358 53 18 alltid
755 1358 40 18 föra

54 1385 46 20 med
117 1385 36 26 sig.
182 1386 30 18 En
229 1384 61 20 sådan
307 1390 26 20 ny
350 1385 30 25 lag
397 1384 81 20 föreslår
495 1384 37 20 den
552 1384 98 20 Utskottet
667 1384 130 25 föreliggande

55 1411 74 25 Nådiga
143 1411 153 25 propositionen.
311 1412 96 18 Behofvet
420 1411 21 19 af
453 1411 114 19 densamma
582 1412 36 18 har
632 1411 55 24 länge
705 1410 51 38 varit
770 1410 24 18 in-

701 1436 24 20 11
