1006 1778
270 101 71 24 Nädiga
353 103 139 24 Propositionen
506 105 35 18 N:o
554 105 16 18 7.
762 106 28 19 13)

134 178 2 3 ==
171 153 28 18 alt
215 151 147 27 ifrågavarande
377 155 31 25 lag
425 155 35 19 bör
477 155 26 19 uti
520 155 42 25 allt,
582 162 44 13 som
643 156 59 26 angår
719 159 70 17 ersätt-

118 183 84 20 ningens
217 180 158 25 bestämmande,
393 181 100 21 utarbetas
510 182 4 19 i
532 183 139 26 hufvulsaklig
688 183 101 20 öfverens-

118 206 117 19 stämmelse
249 207 44 20 med
308 207 72 20 den'af
392 209 112 19 Ständerne
513 211 81 24 antagna
604 210 55 25 lagen
673 215 31 14 om
717 216 71 20 expro-

117 232 82 25 priation
214 233 21 19 af
245 232 51 26 jord.

98 285 41 19 Den
154 285 74 26 Näliga
242 287 148 25 propositionen
405 287 111 21 framhåller
530 288 82 21 dernäst
621 289 94 20 behofvet
724 291 21 18 af
753 292 34 19 be-

44 312 77 20 stämda
136 313 119 26 stadganden
271 315 29 18 för
314 314 24 19 de
353 314 40 25 fail,
410 314 24 20 dä
452 314 53 27 fråga
522 315 89 26 uppstått
628 322 32 14 om
677 317 110 26 företagan-

44 339 32 19 Jet
90 339 20 19 af
123 337 61 22 sådan
198 339 114 27 sjöfällning,
331 346 43 14 som
389 341 28 18 för
432 341 48 20 flere
494 342 76 20 medför
587 345 61 23 nyttä,
668 347 52 15 samt
737 340 49 29 upp-

44 366 66 20 ställer
124 365 68 21 såsom
206 367 25 19 de
245 368 83 20 ledande
342 367 154 25 grundsatserna
511 369 5 19 i
530 374 25 14 en
570 367 60 21 sådan
647 370 39 24 lag,
706 372 29 17 att
752 376 34 13 en-

43 393 49 19 hvar
106 394 21 19 af
139 393 52 26 dem,
208 400 43 14 som
266 394 58 20 hafva
340 396 54 24 nyttä
408 395 22 19 af
442 395 100 26 företaget,
559 394 35 20 bör
608 396 64 19 kunna
682 396 103 26 förpliktas

42 422 28 17 att
84 421 92 24 antingen
190 421 76 26 deltaga
281 420 42 21 deri
338 422 47 18 eller
398 420 50 23 afstä
459 422 29 19 sin
498 422 62 20 fördel
574 422 58 20 Jeraf
640 421 18 20 ät
668 422 55 25 dem,
733 423 52 20 hvil-

42 446 23 20 ka
79 447 64 20 utföra
157 447 117 26 detsamma,
290 448 104 19 äfvensom
412 451 28 17 att
457 448 31 20 vid
506 449 67 20 skiftet
596 449 20 19 af
632 449 24 19 de
674 449 110 20 tillandnin-

41 479 40 19 gar,
98 479 44 14 som
157 473 81 21 sålunda
254 475 78 24 vinnas,
351 475 93 20 afseende
461 475 163 26 hufvudsakligen
641 475 35 20 bör
693 477 62 19 fästas
773 477 9 18 ä

41 500 94 20 lotternas
150 501 100 25 beqväma
264 501 113 25 brukande,
394 502 38 19 och
446 503 34 19 det
494 503 48 20 ända
560 503 74 19 derhän
648 505 37 22 att,
701 503 37 19 ifall
753 503 30 20 til-

41 527 114 26 landningen
170 527 44 20 icke
229 528 37 20 kan
280 528 105 25 lämpligen
400 528 62 25 delas,
478 529 38 20 den
530 529 88 20 enskilde
633 529 103 26 delegaren
750 529 31 20 må

40 553 64 20 kunna
120 555 76 24 tvingas
210 557 29 17 att
252 555 44 20 med
312 555 105 25 penningar
431 556 62 20 tillösa
508 556 28 26 sig
546 562 24 13 en
580 561 75 14 annans
669 555 55 20 andel
737 556 46 19 der-

40 580 4 19 i
59 581 47 19 eller
127 583 28 17 att
176 584 52 17 emot
242 582 55 19 lösen
312 582 48 19 afstä
375 582 29 19 sin
418 587 48 20 egen
480 583 42 19 lott...
548 582 147 25 Propositionen
705 582 37 25 går
751 582 32 21 så-

39 607 55 20 ledes
109 607 4 20 i
128 607 63 20 denna
206 608 29 20 del
250 611 22 17 ut
286 608 24 26 på
326 611 27 17 att
362 609 220 25 expropriationsrätten
595 609 49 19 skall
657 608 64 20 kunna
733 609 50 19 utöf-

40 639 36 14 vas
90 634 28 20 till
133 634 76 20 förmån
223 635 30 19 för
266 638 29 17 ett
308 635 83 25 företag,
407 641 44 14 som
464 636 53 19 afser
530 635 90 20 hvarken
634 636 79 19 allmänt
721 635 62 20 behof

39 661 48 19 eller
100 661 81 20 allmänt
194 667 56 20 gagn.
279 662 29 20 En
322 661 62 20 sådan
398 663 234 24 expropriationsrättens
645 662 136 25 utsträckning

39 693 59 14 anser
113 688 58 20 äfven
186 689 100 19 Utskottet
300 688 107 25 berättigad
422 689 21 19 af
450 688 143 21 förhållandena
605 689 3 18 i
619 687 44 21 vårt
672 689 51 24 land,
734 694 46 13 men

39 714 61 20 håller
114 714 50 20 dock
180 715 47 25 före,
243 718 29 17 att
286 714 220 26 expropriationsrätten
521 716 5 19 j
540 715 60 21 dessa
614 715 30 19 fall
659 714 36 20 bör
709 714 72 20 under-

38 740 67 21 kastas
119 741 37 20 den
171 742 145 25 inskränkning,
333 745 26 17 att
375 742 105 26 företagets
494 741 102 21 utförande
610 741 48 20 skall
671 741 108 25 bevisligen

37 768 56 20 lända
105 768 38 20 alla
158 769 46 19 dem
218 769 25 24 till
260 771 60 24 nytta,
338 774 31 14 om
384 768 78 20 hvilkas
475 769 122 19 medverkan
612 768 53 26 fråga
680 768 38 20 kan
730 774 50 19 upp-

38 794 37 26 stå,
92 798 52 16 samt
158 798 28 17 att
200 795 132 21 förbindelsen
350 798 28 17 att
395 798 54 18 emot
465 796 29 19 sin
511 794 47 26 vilja
576 795 89 25 antingen
682 794 77 26 deltaga
774 794 4 19 i

37 822 96 25 företaget
148 822 47 20 eller
208 822 67 26 afsäga
290 822 29 25 sig
334 822 86 20 fördelen
434 822 56 20 deraf
502 822 43 20 icke
559 822 36 19 bör
608 822 75 19 inträda
695 822 5 18 i
714 826 64 15 annan

37 848 100 26 händelse,
154 851 26 17 än
195 854 32 14 om
242 849 38 20 Jen
294 849 47 20 eller
355 849 31 22 Je,
403 849 67 19 hvilka
484 848 80 25 erbjuda
579 848 29 25 sig
622 851 28 17 att
664 848 62 20 utföra
741 847 38 24 sjö-

37 875 111 25 fällningen,
164 881 36 19 ega
214 881 55 14 mera
284 877 23 18 än
314 876 74 19 hälften
402 876 21 19 af
434 875 34 20 Jet
482 874 132 26 ifrägakomna
632 874 145 25 vattendraget.

37 902 67 19 Denna
118 902 137 25 inskränkning
270 908 61 20 synes
345 902 99 20 Utskottet
460 902 120 25 nödvändig,
599 901 42 20 dels
655 902 29 18 för
698 904 29 17 att
740 900 38 20 den

37 928 89 20 enskilde
140 929 44 19 icke
199 928 31 20 mä
246 929 63 20 kunna
323 930 77 24 tvingas
415 932 28 16 att
457 928 24 26 pä
495 931 29 17 ett
540 929 48 19 eller
601 931 57 17 annat
677 928 29 20 vis
723 928 56 20 med-

36 956 62 19 verka
112 955 27 21 till
155 958 28 17 ett
196 956 82 24 företag,
294 962 43 14 som
353 957 21 18 är
392 955 29 19 för
435 956 72 20 honom
524 956 83 25 onyttigt
624 956 46 18 eller
687 954 89 26 skadligt,

36 981 42 21 dels
93 982 29 20 för
135 984 29 18 att
177 982 63 25 afbäja
254 983 34 19 det
302 982 169 20 missförhällande
485 985 29 17 att
527 982 38 20 Jen
580 981 46 21 eller
640 981 31 25 Je,
687 987 45 14 som
742 986 35 20 ega

36 1009 70 20 endast
120 1009 74 20 hälften
209 1010 48 20 eller
270 1010 76 19 mindre
360 1010 22 20 af
394 1009 33 20 det
446 1008 132 27 ifrägakomna
596 1007 95 26 området,
714 1008 63 28 skulle

35 1036 66 20 kunna
116 1037 66 25 tvinga
197 1041 85 21 egarene
298 1036 21 20 af
334 1036 32 20 Jet
384 1036 64 20 större
464 1035 89 21 omrädet
570 1037 27 18 att
614 1038 53 16 emot
684 1036 29 18 sin
730 1034 47 25 vilja

36 1062 58 20 inläta
109 1064 31 24 sig
154 1064 4 18 i
173 1066 28 17 ett
215 1063 91 25 vanligen
320 1063 97 19 kostsamt
432 1063 74 24 företag
521 1062 47 20 eller
582 1061 50 20 afstä
649 1062 29 18 sin
696 1061 79 25 egolott.

35 1100 25 3 —
70 1089 101 20 Utskottet
185 1090 36 19 har
235 1089 45 20 icke
294 1089 61 20 heller
369 1089 73 20 kunnat
456 1089 75 20 biträda
548 1088 51 21 hvad
617 1087 160 26 författningslör-

35 1117 63 22 slaget
112 1116 4 19 i
132 1116 9 25 $
155 1117 23 18 21
196 1115 106 21 innehåller
314 1115 101 25 angående
428 1117 93 24 grunden;
532 1115 102 20 hvarefter
642 1115 78 24 egolott,
732 1119 44 14 som

36 1144 4 18 i
55 1142 133 27 nyssberörda
204 1143 30 19 fall
250 1143 92 23 afträdes,
359 1142 47 20 skall
424 1142 95 20 värderas
536 1142 37 19 och
591 1143 91 18 ersättas,
711 1141 66 24 Enligt

34 1169 112 20 Utskottets
161 1170 77 23 mening
254 1169 37 20 kan
306 1169 95 25 nemligen
416 1168 223 25 ersättningsbeloppets
648 1167 99 20 beroende
757 1167 21 18 af

36 1197 107 24 egolottens
158 1196 62 20 värde
234 1197 5 18 i
254 1195 48 21 Jess
316 1195 132 20 oförbättrade
462 1195 117 20 skick'leda
596 1194 25 19 tili
640 1196 28 17 ett
684 1193 89 24 resultat,

35 1229 44 13 som
92 1223 5 18 i
112 1223 25 20 de
152 1223 55 19 flesta
221 1223 31 20 fall
268 1223 46 19 eller
328 1222 24 20 Jå
366 1223 119 23 lottegarens
499 1224 74 23 vägran
588 1223 28 17 att
634 1220 76 25 deltaga
724 1220 5 19 i
744 1226 32 13 ar-

34 1250 66 19 betets
114 1249 101 20 utförande
233 1251 36 18 har
286 1249 29 20 sin
332 1249 59 20 orsak
410 1250 4 18 i
432 1248 125 26 svårigheten
575 1248 47 19 eller
638 1246 137 27 omöjligheten

35 1277 29 19 för
78 1276 73 19 honom
165 1279 28 16 att
206 1275 87 20 anskaffa
307 1275 64 20 dertill
387 1275 69 24 nödiga
465 1275 71 22 medel,
548 1275 38 19 blir
595 1273 49 20 både
654 1273 72 25 obilligt
736 1273 38 19 och

35 1303 98 20 orättvist.
152 1303 84 19 Säkrare
250 1302 40 20 blir
304 1302 48 20 hans
370 1303 38 18 rätt
424 1301 139 26 tillgodosedd,
582 1306 33 14 om
631 1301 144 23 ersättningens

35 1330 71 25 belopp
120 1330 124 19 bestämmes
259 1329 49 20 efter
323 1329 108 24 egolottens
445 1328 62 19 värde
520 1329 5 18 i
540 1327 48 20 dess
598 1328 19 18 af
629 1327 94 24 företaget
737 1327 37 28 för-

36 1355 81 21 anledda
137 1356 119 19 förbättrade
277 1355 63 24 skick,
356 1355 51 19 efter
421 1355 33 20 Jet
468 1355 38 19 den
523 1353 24 27 pä
566 1355 94 24 egolotten
678 1353 30 26 sig
722 1353 54 19 belö-

37 1383 62 24 pande
114 1383 82 19 andelen
211 1383 20 18 af
243 1382 108 19 kostnaden
365 1381 7 19 i
386 1382 37 19 och
438 1382 29 19 för
481 1381 105 25 företagets
601 1379 101 20 utförande
710 1379 66 19 aldra-

36 1409 38 23 gits
92 1408 42 18 från
151 1408 53 18 detta
221 1408 69 18 värde.
319 1407 61 23 Något
399 1407 145 19 åsidosättande
563 1407 21 17 af
599 1406 58 18 deras
674 1405 101 21 tillbörliga
