1700 1881
625 154 72 23 Nådiga
707 156 140 22 Propositionen
860 155 36 18 N:o
907 155 29 18 16.
1119 153 36 21 =

411 204 46 25 ning
470 203 68 20 tillsätt
551 204 66 19 lifvet:
628 204 30 19 till
674 204 59 19 andra
749 205 78 19 klassen
842 205 24 19 de
881 205 106 19 händelser
1000 204 25 20 dä
1042 204 38 20 den
1094 205 60 19 miss-

412 230 97 19 handlade
523 230 92 25 tilifogats:
631 230 49 19 svår
696 231 147 25 kroppsskada:
857 231 25 19 till
896 230 65 26 tredje
977 231 80 20 klassen
1076 231 25 19 de
1120 231 34 20 fall

411 257 24 19 då
457 262 71 20 genom
544 257 105 25 gerningen
667 257 151 19 åstadkommits
835 257 77 20 mindre
929 258 41 25 lyte
987 258 47 19 eller
1054 257 100 25 kroppsfel

412 284 48 19 eller
472 283 105 25 lindrigare
591 282 102 26 sjukdom:
709 284 37 19 och
763 283 25 20 till
803 282 62 25 fjerde
878 283 82 20 klassen
971 283 25 20 de
1005 286 54 17 arter
1068 283 21 20 af
1095 284 60 19 miss-

413 309 76 24 handel,
504 309 63 19 hvarå
582 310 77 23 ringare
672 310 47 19 eller
733 310 44 19 icke
791 309 62 26 någon
867 309 62 20 skada
942 309 49 25 följt.

465 335 36 20 Vid
505 335 126 20 utsättandet
639 335 22 20 af
669 335 235 20 straffbestämmelserna
910 335 30 20 för
946 335 149 26 ifrågavarande
1101 337 55 18 brott

413 363 29 23 är,
458 365 56 16 utom
528 361 24 19 de
566 361 26 25 på
609 361 151 20 straffbvarheten
779 361 118 20 inverkande
914 361 177 26 omständigheter,
1110 365 44 17 som

412 388 105 19 innefattas
531 387 26 19 uti
573 387 143 20 misskandelns
731 390 64 17 större
808 388 47 19 eller
869 387 76 19 mindre
959 387 91 25 farlighet
1063 389 39 18 och
1111 387 45 25 följ-

412 414 42 23 der,
470 413 150 25 hufvudsakligt
633 413 92 21 afseende
737 413 99 24 derjemte
849 413 75 20 fästadt
932 413 10 19 ä
953 413 25 19 de
988 413 110 26 skiljaktiga
1107 414 49 21 sub-

411 439 75 25 jektiva
500 439 257 26 strafibarhetsgrunderne,
774 439 145 20 misshandelns
932 439 114 20 föröfvande
1059 441 52 18 efter:
1127 439 28 19 öf-

414 466 124 25 verläggning
552 467 47 18 eller
613 466 20 18 af
646 465 72 26 hastigt
732 465 53 24 mod;
801 467 103 18 äfvensom
920 466 6 18 i
937 465 57 26 fråga
1011 471 33 14 om
1061 468 94 17 ansvaret

414 493 29 19 för
455 492 129 25 misshandel,
600 492 127 25 hvarigenom
741 491 47 20 svår
802 491 136 26 kroppsskada
947 491 96 26 uppstått,
1054 492 26 19 de
1089 493 30 19 fall
1129 491 25 20 då

413 518 62 21 sådan
488 519 62 19 skada
565 524 36 14 var
615 517 75 26 åsyftad
705 518 90 19 särskilts
810 518 44 20 från
866 519 54 24 dem;
937 519 5 18 i
957 518 68 20 hvilka
1039 518 72 26 uppsåt
1127 520 29 17 att

412 545 140 21 åstadkomma
567 545 37 20 slik
618 545 61 19 skala
692 545 46 19 icke
747 545 123 20 förefunnits.

466 572 33 20 Till
514 571 45 25 följe
573 572 20 19 af
605 572 38 19 den:
659 571 86 20 vördnad
758 572 40 18 och
812 572 96 26 barnsliga
925 572 130 24 tillgifvenhet
1072 577 46 14 man
1133 573 23 19 är

414 598 77 26 skyldig
504 598 96 20 föräldrar
617 598 48 20 eller'
681 598 59 20 andra
758 597 115 27 skyldemän
890 599 5 18 i
912 600 40 18 rätt
963 598 134 26 :uppstigande
1113 598 40 24 led,

414 626 21 18 är
449 626 31 18 för
493 625 122 19 misshandel
631 624 16 20 å
660 624 46 21 dem
723 624 77 20 straffet
816 627 62 18 utsatt
887 627 102 23 strängare
1006 626 23 18 än
1046 625 32 19 för
1092 624 64 26 dylikt

414 652 53 19 brott
481 654 53 18 emot
547 656 81 20 person,
640 651 29 20 till
688 651 80 19 hvilken
783 652 176 24 gerningsmannen
977 650 18 26 ej
1012 651 41 19 haft
1068 651 87 26 antydda

413 678 131 20 förbindelse.

468 705 75 19 Jemväl
558 704 25 20 de
597 704 58 23 band,
671 704 97 19 hvarmed
782 704 69 19 makar
863 705 34 18 äro
912 704 94 19 förenade
1021 703 33 20 vid
1071 704 85 19 hvaran-

414 732 42 24 dra,
472 733 34 17 äro
521 731 62 25 heligä
598 731 37 19 och
649 730 157 26 betydelsefulla,
822 731 92 19 hvarföre
928 730 37 19 den
979 731 22 19 af
1012 730 55 24 dem,
1081 735 44 14 som
1133 732 23 18 är

413 757 23 20 så
452 757 134 25 pligtförgäten
601 759 28 17 att
643 758 38 18 han
699 762 70 20 genom
788 756 118 20 misshandel
924 756 11 19 å
952 756 39 20 den
1008 756 59 20 andra
1084 756 72 20 makan

415 784 74 20 rubbar
502 784 34 19 det
550 782 119 21 förhållande
683 783 20 19 af
718 784 130 24 tillgifvenhet
861 784 38 18 och
915 783 76 25 kärlek,
1009 783 46 19 dem
1073 783 83 19 emellan

414 811 39 19 bör
465 816 47 14 vara
527 810 92 25 rådande,
634 812 76 17 ansetts
724 810 47 18 böra
785 810 32 19 för
829 809 36 20 slik
878 809 80 26 gerning
972 809 47 20 med
1034 809 70 25 skärpt
1122 815 35 14 an-

414 841 51 16 svar
477 837 101 25 beläggas,
594 836 81 20 likasom
690 836 36 19 ock
736 836 37 19 den
783 836 118 20 förbindelse
918 836 21 19 af
953 836 84 25 aktning,
1057 836 99 19 tacksam-

415 864 35 19 het
464 864 36 19 och
515 863 79 27 lydnad,
611 862 55 20 hvari
680 868 46 14 man
741 862 41 20 står
797 863 26 19 till
838 862 55 25 stjuf-
907 863 37 19 och
959 862 153 25 svärföräldrar,
1128 863 29 19 fo-

416 890 144 25 sterföräldrar,
577 889 125 26 förmyndare
715 890 48 18 eller
777 889 110 24 husbonde,
905 889 95 19 föranledt
1017 888 27 20 till
1061 890 96 18 utsättan-

416 917 26 20 de
455 918 21 19 af
488 916 102 21 enahanda
604 915 73 27 påföljd
691 915 28 19 för
733 916 120 20 misshandel
868 918 53 17 emot
935 916 52 19 dem.

470 944 88 20 Emedan
573 944 82 18 Statens
668 942 32 20 väl
714 944 22 18 är
749 942 6 19 i
773 942 38 26 hög
825 942 47 25 grad
888 942 101 20 beroende
1003 941 26 26 pä
1045 942 112 26 utöfningen

418 970 19 20 af
450 970 25 20 de
490 970 139 24 befattningar,
646 969 38 19 den
698 968 104 26 uppdragit
815 969 47 19 dess
876 969 91 19 embets-
979 969 39 19 och
1031 968 125 25 tjenstemän,

417 997 48 20 böra
478 997 60 19 desse
555 996 5 19 i
577 996 127 24 fullgörandet
721 996 21 19 af
757 995 58 19 deras
832 995 88 26 uppdrag
937 995 99 26 skyddas;
1052 996 103 18 äfvensom

416 1024 25 19 de
456 1029 102 19 personer,
574 1022 73 25 hvilka,
661 1021 26 26 pä
701 1021 63 26 grund
779 1022 20 19 af
812 1022 153 25 medborgerligt
980 1021 114 20 förtroende
1109 1022 47 19 eller

416 1050 98 20 särskilda
528 1049 154 24 förordnanden,
700 1049 67 18 utöfva
785 1049 139 25 befattningar,
943 1053 55 20 som,
1013 1048 64 19 ehuru
1094 1047 61 26 ej-till

416 1077 80 19 Statens
511 1075 60 26 tjenst
585 1075 109 26 egentligen
707 1075 98 24 hörande,
823 1075 59 19 likväl
899 1074 65 19 kunna
981 1080 35 19 ega
1033 1076 51 17 stort
1100 1074 57 26 infly-

416 1103 59 19 tande
489 1102 24 26 pä
528 1103 80 19 allmänt
623 1102 37 19 och
675 1101 84 20 enskildt
774 1101 37 25 väl,
827 1101 48 20 böra
889 1101 5 18 i
908 1101 39 19 och
961 1101 30 19 för
1005 1101 50 19 slika
1062 1101 45 19 värf
1115 1099 43 26 nju-

415 1132 21 17 ta
449 1129 102 20 enahanda
565 1129 58 24 hägn;
639 1129 37 18 och
690 1129 36 18 har
740 1128 52 25 förty
805 1128 39 19 den
858 1127 144 26 omständighet
1015 1130 28 16 att
1057 1127 101 19 misshan-

415 1156 31 20 del
460 1156 86 20 föröfvas
560 1158 55 16 emot
628 1154 65 26 någon
707 1155 20 18 af
740 1154 127 20 nästnämnde
884 1159 105 20 personer,
1008 1154 47 19 eller
1071 1153 12 20 ä
1100 1153 55 25 dem,

416 1183 83 19 emellan
513 1181 65 20 hvilka
594 1181 144 26 ofvanantydda
754 1182 93 18 närmare
862 1180 93 19 inbördes
971 1179 121 20 förhållande
1111 1185 47 20 eger

416 1215 52 18 rum,
484 1209 104 19 förklarats
601 1208 48 19 böra
663 1207 67 20 såsom
745 1207 126 26 synnerligen
883 1206 129 20 försvårande
1026 1211 67 19 anses,
1106 1205 51 26 jem-

417 1238 21 17 te
453 1235 33 20 det
504 1237 28 17 ett
548 1235 61 24 högre
627 1233 105 20 straffmått
748 1234 30 19 för
795 1233 53 26 dylik
865 1233 120 20 misshandel
1004 1233 63 19 blifvit
1086 1235 70 21 utsatt,

416 1263 38 18 och
468 1262 29 19 för
512 1261 57 25 öfrigt
583 1261 25 19 till
623 1261 107 19 domarens
743 1260 88 25 pröfning
845 1259 141 19 öfverlemnats
1004 1261 28 17 att
1048 1259 34 19 vid
1099 1259 59 18 straf-

416 1289 40 19 fets
468 1287 91 20 mätande
573 1289 44 23 taga
632 1287 5 19 i
651 1286 145 25 öfvervägande
812 1287 65 24 vigten
892 1285 20 19 af
924 1285 34 19 det
972 1285 78 19 embete
1068 1285 48 19 eller
1129 1285 29 19 of-

417 1315 77 24 fentliga
509 1313 43 25 kall,
568 1313 5 19 i
587 1314 49 19 eller
648 1313 30 19 för
691 1313 76 18 hvilket
781 1312 62 25 någon
857 1311 64 20 blifvit
934 1311 97 20 våldförd.

474 1340 37 20 Vid
525 1339 87 20 straffets
626 1338 151 21 bestämmande
791 1339 30 18 för
836 1337 121 21 misshandel
975 1337 36 20 har
1028 1337 37 20 ock
1083 1339 77 17 .ansetts

418 1367 47 19 böra
480 1366 67 19 såsom
561 1365 129 20 försvårande
704 1365 145 24 omständighet
862 1364 111 20 betraktas:

472 1393 38 19 Om
525 1392 120 20 misshandel
659 1393 57 24 göres
731 1391 10 19 å
756 1391 45 24 den,
817 1397 46 13 som
873 1390 86 19 bivistar
968 1389 127 25 Gudstjenst;
1106 1395 55 14 eme-

418 1419 41 21 dan
472 1419 74 20 brottet
562 1418 24 20 då
604 1418 75 20 väcker
695 1418 105 24 förargetse
819 1418 37 19 och
873 1419 23 17 är
913 1415 84 21 sårande
1013 1417 30 18 för
1059 1416 102 25 religions-

419 1445 88 20 känslan.

1297 1350 30 48 PAN
