1006 1770
186 122 32 34 134
405 126 72 23 Nådiga
488 125 141 24 Propositionen
641 125 36 17 N:o
690 125 16 17 7.

185 176 123 26 kungsädras
322 178 49 18 rätta
385 176 62 20 bredd
461 176 48 20 skall
524 176 61 26 åligga
599 174 54 29 den,
664 180 44 13 som
721 171 69 27 påstår
807 174 26 17 att
851 172 78 30 strand-

184 209 59 20 egare
261 203 122 19 härförinnan
401 204 52 18 varit
470 202 109 26 berättigad
603 203 28 17 att
639 200 113 30 inskränka
770 199 115 31 densamma
903 200 25 29 till

186 230 38 20 den
238 234 72 21 genom
324 229 166 20 sistomförmälda
505 228 110 26 stadgande
629 226 72 20 tillåtna
719 226 70 29 bredd.
818 226 63 20 Äiven
897 222 33 22 Ut-

186 256 74 20 skottet
276 256 62 20 håller
356 256 40 19 före
413 258 28 18 att
458 262 24 14 en
500 255 21 20 så
539 253 103 22 beskaffad
659 255 90 18 närmäre
766 252 107 25 förklaring
889 252 37 20 kan

185 289 48 14 vara
248 284 21 18 af
284 282 194 25 omständigheterne
495 282 98 26 påkallad,
613 286 46 13 men
676 280 93 24 emedan,
789 278 23 27 på
831 282 40 17 sätt
891 279 37 19 hos

186 310 100 20 Utskottet
292 310 81 25 upplyst
380 309 69 26 blifvit,
462 308 158 27 Högöfverhetlig
630 306 91 21 tillåtelse
730 306 111 20 meddelats
851 306 78 20 strand-

186 342 58 20 egare
258 336 25 26 på
298 336 44 20 icke
357 336 17 19 få
389 336 70 20 ställen
473 337 5 18 i
493 336 65 20 landet
573 337 27 18 att
612 335 46 25 göra
675 332 125 27 kungsådran
815 336 51 17 ännu
876 338 53 14 sma-

185 364 41 19 lare
240 365 24 17 än
279 368 24 14 en
317 362 89 25 sjettedel
421 363 19 19 af
453 366 87 17 vattnets
555 361 68 25 bredd,
640 366 59 14 anser
718 360 98 20 Utskottet
833 360 34 20 det
884 360 45 20 ifrå-

186 390 95 24 gakomna
302 389 115 26 stadgandet
433 390 47 19 böra
495 389 75 20 affattas
585 387 87 23 sålunda,
689 390 28 16 att
731 388 33 19 det
778 387 43 20 icke
836 387 93 19 kommer

186 416 5 19 i
206 416 49 20 strid
269 416 45 20 med
329 416 38 20 den
381 416 146 20 vidsträcktare
541 415 98 25 rättighet,
655 419 44 14 som
714 414 127 26 strandegare
855 415 5 18 i
875 416 54 18 näst-

186 443 72 19 berörd
272 442 61 20 måtto
347 443 38 19 kan
399 443 142 24 undantagsvis
555 442 59 19 hafva
632 441 93 19 utverkat
743 440 35 26 sig.
795 451 25 4 —
835 442 93 18 Deremot

186 469 109 26 tillstyrker
313 469 100 20 Utskottet
432 469 111 25 obetingadt
561 468 145 26 propositionen
724 467 51 24 deri,
794 470 27 17 att
839 467 90 26 stadgan-

186 496 62 19 derne
262 495 101 27 angående
377 495 124 26 kungsådras
515 497 50 18 rätta
581 495 65 20 bredd
663 494 43 19 icke
723 494 62 20 borde
802 494 126 26 ovilkorligen

187 523 97 25 tillämpas
304 522 10 20 å
333 523 125 24 vattenverk,
477 529 44 13 som
538 523 44 19 icke
600 521 17 21 få
637 522 90 25 anläggas
746 523 47 17 utan
812 521 117 26 föregängen

187 555 100 20 noggrann
301 549 146 26 undersökning
463 549 11 20 å
492 549 74 24 stället;
584 549 25 20 de
626 549 52 24 skäl,
697 553 43 14 som
758 548 5 19 i
781 548 147 25 propositionen

188 575 107 26 åberopats
309 575 27 20 till
351 576 44 19 stöd
409 576 29 19 för
453 579 28 16 ett
495 575 69 20 sådant
577 575 105 25 undantag,
694 580 61 20 synas
766 575 101 20 Utskottet
877 575 4 19 i
892 575 37 20 allo

187 597 100 35 antagliga.
301 602 42 20 —På
359 603 62 24 grund
436 603 20 19 af
468 603 33 19 det
515 602 79 20 anförda
609 601 82 20 föreslår
706 601 101 20 Utskottet
817 602 110 24 vördsamt,

186 632 28 16 att
228 629 121 20 Ständernes
360 629 132 26 underdåniga
501 629 92 27 yttrande
603 629 4 19 i
618 629 36 19 här
663 627 128 20 omförmålda
801 628 54 19 delar
865 629 64 19 skulle

187 655 66 21 utfalla
268 655 91 21 sålunda:

310 713 28 16 att
354 710 137 24 strandegare,
510 716 43 13 som
571 709 68 26 påstår
656 710 28 25 sig
701 715 48 13 vara
770 709 109 25 berättigad
899 711 29 18 att

257 737 105 19 inskränka
376 735 112 26 kungsädra
502 737 26 19 till
543 742 24 15 en
581 735 90 26 sjettedel
682 736 21 19 af
711 735 146 26 vattendragets
865 736 62 19 bredd

258 763 47 20 eller
319 763 106 25 derunder,
442 763 41 24 bör,
500 769 32 13 om
548 764 37 19 han
599 763 33 19 vill
647 761 73 26 åtnjuta
735 768 24 13 en
773 761 60 20 sådan
843 762 82 25 förmån,

258 795 47 14 vara
320 789 76 26 skyldig
411 792 27 17 att
452 790 106 25 behörigen
572 789 67 26 styrka
655 789 62 20 denna
731 789 30 19 sin
775 789 85 25 uppgift;
876 792 52 17 samt

310 818 28 17 att
353 815 142 26 stadganderne
509 822 33 13 om
556 815 122 26 kungsådras
692 815 63 20 bredd
769 815 44 19 icke
824 815 47 20 böra
881 815 48 20 ovil-

257 843 87 25 korligen
359 848 34 19 ega
403 843 135 24 tillämplighet
548 843 33 19 vid
591 842 117 19 inrättandet
717 843 21 18 af
747 842 125 25 vattenverk,
883 848 44 14 som

257 869 45 19 icke
316 869 30 19 får
359 871 48 17 utan
421 868 118 26 föregången
553 874 98 20 noggrann
669 869 146 25 undersökning
833 868 10 19 å
863 869 65 19 stället

255 896 99 24 anläggas.

238 948 92 25 Slutligen
344 948 113 20 framhåller
472 948 155 25 propositionen,
647 948 95 20 hurusom
760 954 44 14 man
822 948 3 19 i
844 948 36 20 vår
897 948 31 26 lag

185 975 71 19 saknar
272 975 38 21 alla
328 975 119 25 stadganden
465 981 32 13 om
514 976 136 24 ängsvattning
667 976 39 18 och
723 974 131 25 täckdikning.
883 976 44 19 Med

185 1002 33 20 allt
232 1001 40 20 skäl
289 1002 37 19 kan
341 1002 35 19 ock
392 1002 130 24 lagstiftarens
537 1001 112 27 skyldighet
663 1004 28 17 att
705 1001 84 25 afhjelpa
799 1002 128 20 omförmälda

186 1028 49 20 brist
248 1033 60 14 anses
323 1027 22 21 så
359 1028 81 26 mycket
454 1034 54 14 mera
523 1028 112 25 tvingande,
652 1034 43 13 som
711 1028 34 20 det
758 1030 47 17 nära
820 1028 105 23 beroende,

185 1054 56 20 hvari
256 1055 38 20 den
309 1060 35 14 ena
357 1054 145 24 jordbrukaren
516 1054 23 26 på
555 1054 26 20 de
593 1054 57 21 flesta
667 1055 68 19 ställen
752 1054 5 20 i
772 1054 44 20 vårt
829 1055 54 24 land,
900 1055 25 20 till

185 1080 44 26 följd
244 1082 21 19 af
277 1080 253 26 grannelagsförhållandet,
545 1080 89 21 befinner
648 1081 29 25 sig
695 1082 21 18 af
729 1082 38 19 den
785 1082 68 23 andra,
873 1081 54 19 män-

185 1114 37 20 gen
238 1107 50 26 gång
302 1108 38 19 kan
354 1108 46 24 göra
415 1107 33 21 det
462 1108 30 19 för
506 1108 72 20 honom
592 1109 69 19 nästan
675 1107 88 25 omöjligt
777 1110 28 17 att
814 1108 113 25 tillgodogö-

183 1140 23 14 ra
221 1135 30 25 sig
264 1134 34 20 det
312 1134 85 26 mäktiga
412 1134 65 20 medel
491 1135 26 19 till
532 1134 147 25 jordkulturens
696 1134 93 25 höjande,
808 1140 44 14 som
869 1136 57 25 ängs-

185 1161 89 25 vattning
288 1161 38 19 och
340 1161 124 24 täckdikning
479 1162 4 18 i
499 1161 68 25 sjelfva
583 1161 70 19 verket
667 1162 44 24 äro,
730 1161 59 25 enligt
806 1162 52 19 hvad
876 1160 50 21 erfa-

185 1188 94 19 renheten
293 1187 61 21 redan
368 1188 68 19 hunnit
451 1186 116 27 ädagalägga
585 1188 59 19 äfven
661 1188 36 19 hos
715 1194 41 13 oss.
785 1188 43 19 Men
846 1188 20 19 sä
885 1188 41 24 vig-

185 1214 33 25 tigt
234 1214 34 19 det
284 1213 79 21 säledes
376 1216 32 22 är,
427 1216 28 17 att
471 1215 120 24 lagstiftaren
607 1213 132 25 undanrödjar
755 1214 24 19 de
797 1214 4 18 i
819 1215 55 24 lagen
892 1214 34 19 be-

186 1239 82 20 stående
289 1239 80 20 hindren
389 1241 30 18 för
436 1240 59 19 dessa
512 1240 130 26 hjelpmedels
662 1241 118 20 allmännare
801 1241 126 25 begagnande

186 1269 52 18 samt
252 1267 64 25 gifver
329 1267 180 25 grannelagsrätten
523 1267 37 20 den
575 1267 68 20 vidare
656 1267 117 26 utbildning,
790 1273 42 14 som
850 1267 5 19 i
873 1267 52 20 detta

186 1293 94 20 afseende
294 1295 21 17 är
330 1294 114 24 oumbärlig,
460 1293 62 20 likaså
536 1293 119 26 nödvändigt
669 1296 21 17 är
704 1293 33 20 det
751 1294 44 24 ock,
812 1296 28 17 att
853 1294 74 25 lagstif-

185 1321 55 17 taren
255 1319 59 19 söker
328 1319 63 24 afböja
405 1320 25 18 de
444 1320 82 24 nemliga
541 1319 78 23 följder,
639 1325 44 13 som
699 1319 59 19 dessa
773 1320 63 18 medel.
854 1325 71 13 annars

185 1344 67 20 kunde
267 1344 88 20 medföra
373 1346 29 18 för
419 1350 113 19 grannarne.
562 1346 37 18 Det
616 1346 21 18 är
654 1345 77 20 derföre
749 1345 109 24 Utskottet,
881 1346 44 19 med

186 1371 130 20 förordnande
336 1372 20 18 af
372 1372 52 19 hvad
442 1372 145 24 propositionen
606 1371 105 21 innehåller
729 1378 32 13 om
779 1373 144 24 ängsvattning,

186 1403 60 15 anser
259 1398 34 20 det
307 1398 47 19 böra
368 1398 133 26 uttryckligen
515 1398 88 25 stadgas,
621 1401 27 17 att
661 1398 115 22 densamma
794 1398 17 24 ej
829 1398 29 20 får
875 1400 51 18 före-

187 1427 55 25 tagas
256 1424 24 26 på
295 1424 61 20 sådan
370 1425 26 19 tid
411 1426 21 19 af
445 1425 49 22 året,
510 1428 25 17 att
551 1431 71 17 granne
636 1425 58 20 deraf
705 1426 35 19 kan
755 1426 37 20 lida
806 1431 51 18 men,
875 1429 50 17 samt
