998 1709
284 84 72 23 Nådiga
367 86 140 22 Propositionen
519 85 37 18 N:o
568 86 28 17 13.
780 86 33 19 307

69 134 188 26 Regeringsformen
271 134 39 20 den
323 136 23 18 21
359 134 83 26 Augusti
453 136 58 18 1772.
541 136 95 18 Deremot
644 135 96 20 förklarar
748 136 62 20 denna

68 161 95 25 grundlag
177 162 139 26 uttryckligen,
333 164 27 17 att
374 161 184 26 benådningsrätten
576 161 118 20 tillkommer
711 163 99 24 Regenten

68 188 95 25 «allena»,
179 188 70 20 hvaraf
262 187 77 21 således
353 188 62 26 följer,
431 191 29 17 att
472 188 193 20 leuterationsrätten
675 189 72 19 strider
757 192 53 17 emot

67 220 25 14 en
109 214 5 19 i
133 214 119 26 grundlagen
269 214 87 26 tydligen
372 214 74 21 uttalad
463 215 84 25 princip.
575 214 69 20 Likväl
662 214 38 20 kan
716 216 34 19 det
766 216 45 20 icke

68 240 70 25 nekas,
154 243 28 17 att
196 241 191 20 leuterationsrätten
400 241 94 24 hitintills,
510 242 5 18 i
530 242 98 19 anseende
643 241 25 19 till
686 242 124 25 strafflagens

67 266 110 21 föråldrade
192 267 63 24 skick,
273 268 51 19 varit
340 270 29 17 ett
386 268 30 19 för
432 267 74 20 Landet
522 268 121 24 nödvändigt
660 267 57 24 ondt;
737 262 44 25 men
798 268 11 20 å

67 293 60 21 andra
142 294 55 19 sidan
211 294 56 19 torde
282 294 30 20 väl
327 294 38 19 ock
380 299 84 15 numera
478 294 47 20 böra
538 293 119 27 medgifvas,
673 296 27 17 att
709 294 47 20 flera
767 294 41 20 skäl

68 320 37 20 tala
120 320 30 20 för
163 320 49 19 dess
225 320 128 25 afskaffande,
369 323 53 17 samt
435 322 29 18 att
478 320 17 26 ej
510 321 62 19 heller
585 320 63 26 någon
666 320 145 26 nödvändighet

67 348 30 18 för
108 346 51 21 dess
173 346 137 20 bibehållande
324 347 64 19 skulle
402 346 105 20 förefinnas
521 346 49 20 efter
584 346 108 26 antagande
706 348 20 18 af
733 347 26 20 de
768 348 44 20 utaf

65 373 91 20 Komitén
173 374 110 24 föreslagna
300 373 144 26 förordningar,
462 374 66 19 hvilka
545 372 48 21 ifrån
611 373 90 20 Finlands
720 374 90 26 strafflag

66 400 81 20 komme
161 402 28 17 att
202 399 120 26 undanrödja
336 402 28 17 ett
372 401 46 19 vida
428 401 64 19 större
501 400 52 19 antal
563 400 82 24 brister,
657 401 24 18 än
690 406 45 14 man
745 400 5 19 i
760 401 50 19 Sve-

67 427 41 26 rige
122 426 52 20 hade
188 427 69 19 hunnit
269 427 86 25 aflägsna
369 427 45 19 intill
425 426 23 20 är
458 427 57 24 1829,
527 426 25 20 då
565 426 192 20 leuterationsrätten
766 428 44 19 Jer-

66 454 68 20 städes
148 454 127 19 afskaffades.

119 480 8 20 I
143 480 24 20 78
182 480 10 25 $
205 480 82 20 afslutas
301 480 103 25 förslagets
419 480 51 20 förra
484 480 30 20 del
532 480 47 20 med
595 480 126 24 bestämning
738 485 32 14 om
787 480 24 20 ti-

66 507 46 24 den,
127 506 26 20 då
167 506 136 27 förordningen
319 506 62 20 borde
395 506 54 20 träda
463 506 5 20 i
486 506 137 24 verksamhet,
642 509 53 17 samt
711 505 99 26 angående

65 534 130 20 densammas
209 534 120 19 retroaktiva
343 533 75 19 verkan
432 532 10 20 å
460 533 73 20 sådana
549 532 135 20 dessförinnan
701 532 107 26 begångna,

66 566 47 14 men
126 559 26 21 då
166 562 52 18 ännu
231 560 45 20 icke
290 560 90 24 slutligen
394 559 91 21 afdömda
499 560 64 24 brott,
579 559 30 20 för
626 559 66 20 hvilka
709 559 55 20 äldre
780 560 30 24 lag

66 588 48 19 eller
128 586 112 26 författning
254 586 129 20 föreskrifver
398 586 82 20 svårare
493 585 63 26 straff,
567 587 24 18 än
601 591 45 14 som
655 586 59 25 enligt
722 585 39 20 den
770 591 39 21 nya

66 613 137 27 förordningen
216 614 61 19 borde
291 612 75 21 urabba
379 613 25 19 de
414 613 109 25 brottslige.

119 746 74 20 Såsom
206 745 61 21 redan
280 744 64 21 blifvit
358 744 76 26 antydt,
453 746 35 18 har
504 744 91 20 Komitén
613 746 65 17 ansett
694 743 25 20 de
736 744 20 19 af
771 743 39 20 Ko-

66 773 61 20 mitén
140 772 136 20 utmönstrade
290 771 81 20 straffen
386 771 70 19 endast
469 771 63 20 under
549 770 70 20 sådant
635 770 63 20 vilkor
714 770 48 19 böra
779 776 31 13 er-

66 801 63 18 sättas
146 804 71 21 genom
233 799 26 19 de
275 798 6 19 i
297 798 116 24 nugällande
429 797 118 26 lagstiftning
564 796 94 25 stadgade
674 796 133 24 frihetsstraff,

65 828 29 18 att
108 826 58 19 äfven
181 825 59 20 dessa
255 824 83 20 sednare
351 824 121 26 underginge
486 830 23 13 en
525 823 60 20 sådan
600 822 118 25 förändring,
734 825 29 17 att
775 822 33 25 de;

66 858 55 15 mera
135 854 24 19 än
173 858 27 14 nu
213 853 23 19 är
249 851 60 25 fallet,
324 850 171 21 öfverensstämde
508 850 46 20 med
568 850 38 20 den
618 849 118 20 fortskridna
747 848 63 21 kultu+

66 886 46 14 rens
127 879 114 25 fordringar,
258 881 52 17 samt
323 878 119 20 åtminstone
459 878 5 18 i
478 876 62 28 någon
557 876 45 20 män
619 876 93 20 närmade
727 876 31 26 sig
774 876 36 19 be-

66 906 135 20 skaffenheten
210 906 25 19 'af
247 905 26 20 de
286 904 133 25 frihetsstraff,
435 904 66 20 hvilka
515 905 29 19 för
558 902 104 21 framtiden
679 903 63 19 blifvit
758 902 51 20 före-

65 934 74 24 slagna.
171 932 92 20 Komitén
281 932 36 19 har
333 931 120 20 fördenskull
471 930 44 21 icke
531 930 75 19 kunnat
621 928 77 26 ätnöjas
718 928 46 20 med
782 932 28 16 att

66 959 71 21 endast
151 959 71 20 föreslå
237 958 145 24 benämningen
396 956 173 21 tukthusstraff
584 956 30 20 för
630 955 25 20 de
672 956 5 19 i
695 954 114 27 nugällande

66 985 88 27 strafflag
174 985 117 20 föreskrifna
310 984 82 20 svårare
409 984 134 23 arbetsstraff,
565 982 64 20 hvilka
648 982 36 28 der
702 983 108 19 benämnas

66 1013 71 20 arbete
152 1012 11 20 å
178 1012 47 20 slott
238 1012 47 19 eller
299 1010 92 25 fästning,
408 1011 46 19 eller
467 1010 5 19 i
487 1010 85 20 kronans
587 1008 83 24 smedja,
687 1008 60 20 eller
740 1004 9 35 i
758 1008 52 19 tukt-

66 1040 38 19 hus
119 1039 49 20 eller
181 1039 104 25 spinnhus,
296 1038 103 19 äfvensom
409 1035 182 27 fängelsestraff
603 1036 31 18 för
642 1034 24 20 de
681 1035 6 19 i
695 1034 114 26 nugällande

66 1066 119 26 lagstiftning
203 1065 46 20 med
266 1069 58 15 namn
342 1064 20 18 af
378 1064 95 25 fängelse,
495 1064 47 19 eller
562 1062 66 19 enkelt
647 1060 96 26 fängelse,
762 1060 48 20 eller

68 1092 107 26 fästnings-
188 1092 46 20 eller
248 1090 170 25 tukthusfängelse
431 1092 46 17 utan
494 1090 79 23 arbete,
591 1088 124 20 betecknade
731 1087 79 19 frihets-

67 1119 64 25 straff,
145 1121 48 17 utan
207 1119 59 19 äfven
281 1119 48 18 trott
342 1117 30 25 sig
386 1117 47 19 böra
447 1116 27 20 uti
490 1118 28 18 ett
531 1114 92 20 särskildt
641 1114 102 26 lagförslag
760 1118 50 20 upp-

67 1146 55 20 ställa
137 1146 25 20 de
176 1144 135 27 grundsatser,
327 1143 58 26 enligt
399 1143 67 19 hvilka
480 1142 18 26 ej
512 1141 79 21 mindre
605 1140 95 20 tukthus-
714 1140 38 29 och
769 1140 41 19 fän-

67 1172 144 26 gelsestraffen,
227 1172 24 18 än
265 1169 61 21 också
341 1169 87 26 fängelse
443 1169 33 20 vid
490 1171 66 17 vatten
570 1168 38 19 och
626 1166 55 25 bröd,
700 1167 59 24 enligt
772 1166 38 20 Ko-

67 1200 72 19 miténs
153 1198 58 26 åsigt,
226 1198 63 19 borde
303 1196 123 25 verkställas,
442 1196 46 20 intill
501 1195 48 20 dess
563 1197 28 17 att
600 1194 38 19 den
647 1199 38 21 nya
698 1192 112 26 strafflagen

67 1226 46 20 med
128 1225 63 20 dertill
205 1224 87 20 hörande
306 1222 122 21 föreskrifter
442 1228 33 14 om
489 1221 149 25 verkställighet
651 1220 21 20 af
683 1218 130 21 frihetsstraff

68 1253 80 19 komme
161 1254 28 18 att
202 1252 103 24 tillämpas.

123 1279 33 19 Att
169 1278 91 20 Komitén
274 1277 6 19 i
294 1276 69 20 sådant
376 1276 96 20 afseende
485 1274 100 21 utarbetat
598 1273 73 26 förslag
688 1272 27 19 till
730 1277 24 13 en
769 1272 41 18 sär-

69 1305 51 20 skild
134 1304 139 25 förordning
290 1308 35 14 om
341 1302 186 26 verkställighet
544 1301 23 19 af
583 1297 160 22 frihetsstraff
758 1300 52 27 samt

69 1332 59 24 vågat
141 1332 111 21 förutsätta,
269 1332 28 16 att
310 1329 58 19 äfven
382 1329 54 19 detta
452 1328 73 24 förslag
541 1327 66 20 blefve
623 1324 143 30 öfverleranadt
782 1324 26 28 till

70 1357 120 20 Ständernas
204 1355 113 26 antagande,
332 1355 37 19 har
383 1354 53 19 skett
450 1352 51 26 uppå
518 1352 42 23 det,
579 1352 5 18 i
601 1354 115 26 motiverna
728 1350 26 18 till
772 1350 38 18 för-

70 1384 64 24 slaget
147 1388 33 14 om
193 1382 95 19 allmänna
302 1380 86 26 grunder
402 1379 29 19 för
445 1385 25 13 en
484 1384 27 20 ny
527 1377 96 25 sirafilag,
643 1376 113 20 framhällna
772 1370 38 34 och
