970 1775
282 128 71 21 Nådiga
364 129 139 21 Propositionen
516 130 35 16 N:o
563 129 28 18 24.
774 129 33 19 603

65 176 67 25 ningar
146 181 60 21 synas
222 176 98 20 Utskottet
334 177 46 19 böra
395 178 93 25 betrygga
503 178 50 20 både
562 179 143 25 löngifvarenes
714 180 38 18 och
761 179 42 19 lön-

66 204 102 22 tagarenes
185 202 100 25 tillbörliga
304 205 46 23 rätt,
369 205 58 18 anser
444 204 98 20 Utskottet
558 205 84 19 berörde
659 206 61 24 punkt
737 205 64 20 kunna

65 228 21 19 af
99 228 107 28 Ständerne
221 228 25 19 till
261 229 36 19 alla
311 230 55 19 delar
378 230 61 24 gillas.

119 254 87 24 Sjunde
227 255 86 24 punkten
330 255 82 20 föreslår
428 258 28 17 att
472 257 113 25 uppbörden
603 258 21 18 af
641 257 161 25 presterskapets

64 280 81 25 aflöning
159 280 63 19 skulle
236 281 131 20 öfverlemnas
381 281 20 20 åt
414 282 62 19 dertill
492 283 20 18 af
520 283 135 25 församlingen
665 283 83 19 utsedde
758 289 43 18 per-

64 312 65 14 soner.
159 306 99 20 Utskottet
272 307 37 19 kan
324 307 44 20 icke
381 308 6 18 i
401 308 61 19 denna
477 308 30 20 del
522 308 97 27 tillstyrka
635 309 49 20 bifall
695 309 25 20 till
730 314 72 20 propo-

64 333 90 28 sitionen,
173 333 172 26 hufvudsakligast
360 334 78 19 derföre
455 337 27 17 att
498 335 26 19 de
540 335 115 25 kostnader,
675 341 44 14 som
735 335 66 20 blefve

63 359 123 26 oskiljaktiga
200 359 43 20 från
257 362 28 17 ett
299 360 69 20 sådant
381 361 127 25 uppbördens
523 361 158 25 handhafvande,
697 361 64 20 ehvad
775 362 25 19 de

63 385 25 26 på
103 388 39 17 sätt
156 386 145 25 propositionen
315 386 112 25 innehåller,
443 387 104 20 bestredos
561 388 20 19 af
589 388 145 25 församlingen,
746 388 52 23 eller,

61 411 25 27 på
101 414 39 18 sätt
154 413 52 18 inom
221 412 100 20 Utskottet
335 413 58 20 äfven
406 413 76 26 yrkats,
492 413 100 20 drabbade
601 414 132 25 löntagarene,
746 415 55 18 kom-

62 445 33 13 me
112 441 28 18 att
157 439 42 19 visa
216 439 30 26 sig
263 440 124 25 temmeligen
405 440 91 26 onyttiga.
514 441 66 18 Dertill
597 441 90 18 kommer
704 441 52 18 ännu
773 443 28 16 att

61 465 41 20 den
116 465 108 28 förenkling
237 466 21 19 af
269 465 161 26 aflöningssättet,
446 472 44 14 som
504 467 146 25 propositionen
668 465 80 27 åsyftar,
765 467 35 19 bör

61 492 48 25 göra
123 492 69 23 sjelfva
207 492 114 25 uppbörden
337 492 21 19 så
373 493 55 19 enkel
443 493 39 18 och
496 493 40 24 lätt,
547 495 28 17 att
584 493 112 24 löntagaren
707 493 35 19 bör
752 493 49 18 kun-

61 523 32 20 na,
109 520 45 17 utan
170 517 103 26 olägenhet
286 519 31 18 för
331 519 50 19 hans
395 519 95 25 egentliga
504 519 121 26 åligganden,
641 518 46 25 sjelf
700 519 100 19 ombesör-

57 544 21 26 ja
92 545 124 18 densamma.
245 543 27 20 På
285 545 59 19 dessa
358 547 85 23 grunder
456 544 82 21 föreslår
553 545 106 24 Utskottet,
671 547 28 18 att
707 545 85 19 Ständer

61 575 28 16 ne
103 571 6 18 i
123 571 34 19 sitt
169 570 91 26 yttr:nde
276 571 82 19 rörande
371 570 147 26 ifrågavarande
532 571 62 25 punkt
609 571 62 19 skulle
680 571 83 20 förklara
772 573 28 17 att

59 597 111 21 Ständerne
184 597 43 19 icke
242 597 75 20 kunnat
331 598 26 19 till
371 598 37 20 alla
428 598 54 20 delar
495 598 100 25 godkänna
609 597 38 20 den
661 600 46 18 utan
721 598 31 19 för
770 598 30 19 sin

60 624 32 20 del
107 622 51 22 hålla
172 623 48 25 före,
236 626 28 17 att
277 624 138 25 uppbörden
430 624 24 19 af
465 624 184 25 församlingens
661 624 97 25 afgifter
767 624 31 20 till

59 650 183 26 presterskapet
263 650 78 20 skulle
359 650 145 20 verkställas
521 651 23 19 af
562 651 136 24 löntagaren
720 649 56 25 sjelf
794 650 4 19 i

62 676 104 25 enlighet
181 676 52 20 med
247 676 21 20 af
282 678 83 18 honom
379 677 127 25 upprättad
523 677 44 19 och
584 677 168 25 församlingen
770 677 30 18 fö-

63 708 22 14 re
99 703 196 25 uppbördsdagen
309 702 120 26 delgifven
444 703 78 25 längd;
539 704 43 18 och
595 702 204 26 skullerestlängd

62 728 11 21 å
87 729 55 25 alla,
161 734 49 14 som
226 728 12 20 å
250 731 75 17 utsatt
336 730 220 24 uppbördsstemma
571 730 52 18 sina
637 729 96 25 afgifter
747 729 52 19 icke

62 755 82 25 erlagt,
166 756 24 19 af
208 755 84 19 honom
313 756 105 19 derefter
438 757 133 24 upprättas,
590 754 11 20 ä
622 755 176 25 kyrkostemma

61 782 114 25 granskas
190 782 43 19 och
248 781 71 20 sedan
333 782 43 19 den
393 782 80 20 blifvit
490 782 117 24 godkänd,
626 781 122 20 tillställas
763 787 36 13 ve-

61 808 148 20 derbörande
224 808 148 25 Kronofogde
386 807 11 20 å
411 808 79 20 landet
506 809 57 19 eller
580 807 122 25 Magistrat
716 808 4 18 i
736 808 60 24 stad,

61 834 82 20 hvilka
160 834 58 26 egde
232 836 32 17 att
280 834 75 19 lemna
372 834 134 20 omedelbar
522 834 176 25 handräckning
714 834 34 20 till
767 840 33 13 re-

62 864 95 17 sternas
172 860 149 20 indrifvande
334 860 27 25 på
377 860 27 20 de
418 861 157 19 tredskandes
589 860 137 20 bekostnad.

118 882 98 25 Åttonde
230 886 87 26 punkten
331 887 105 20 fastställer
450 887 58 25 tiden,
524 886 24 20 då
562 889 29 17 ett
604 887 5 18 i
624 886 80 25 bebörig
718 886 81 26 ordning

61 913 71 20 fattadt
144 913 66 20 beslut
224 919 32 13 om
272 913 117 24 aflöningens
403 913 97 25 reglering
514 913 52 20 inom
581 919 23 13 en
622 913 111 24 församling
750 913 47 20 skall

62 939 55 20 träda
135 939 4 20 i
158 939 133 20 verksamhet.
323 939 58 20 Hvad
398 940 68 19 derom
484 940 34 19 här
535 941 67 24 säges,
622 945 59 19 synes
698 939 102 20 Utskottet

62 967 27 19 till
103 967 45 19 fullo
163 967 95 25 betrygga
272 965 37 20 den
322 966 72 25 vigtiga
410 967 109 19 reformens
542 971 56 14 snara
621 965 156 26 genomförande,
792 966 6 19 i

61 992 101 20 anseende
176 992 78 20 hvartill
268 992 37 19 och
320 997 43 14 som
377 993 148 25 bestämningen
539 992 76 24 derom,
635 995 27 16 att
679 991 69 25 sjelfva
765 992 34 19 be-

63 1019 58 20 slutet
136 1019 37 19 kan
187 1021 35 17 när
236 1024 42 14 som
297 1019 50 19 helst
364 1019 58 19 fattas
439 1019 37 20 och
494 1019 56 19 vinna
568 1019 81 25 behörig
666 1018 130 25 stadfaästelse,

63 1045 79 20 alldeles
156 1045 45 19 icke
218 1046 108 19 förnärmar
342 1045 25 19 de
384 1044 111 21 dåvarande
504 1045 235 24 tjensteinnehafvarenes
752 1045 44 24 rätt,

62 1072 101 20 Utskottet
177 1072 106 25 tillstyrker
297 1074 28 17 att
339 1071 108 20 änberörda
461 1072 62 25 punkt
536 1071 26 20 till
577 1072 36 19 alla
628 1072 54 19 delar
696 1071 61 24 gillas.

115 1097 89 21 Nionde
218 1099 38 18 och
270 1097 79 20 tionde
361 1098 113 25 punkterne
490 1097 59 20 hafva
566 1097 29 20 för
613 1097 89 20 ändamål
720 1099 28 17 att
764 1103 34 13 un-

63 1123 92 25 danrödja
170 1130 70 14 annars
253 1123 91 26 möjligen
361 1124 112 20 inträffande
490 1124 70 20 binder
575 1124 30 19 för
622 1124 176 24 löneregleringens

63 1150 110 25 ofördröjda
192 1150 157 27 genomförande.
383 1151 54 20 Hvad
454 1151 59 19 dessa
531 1150 84 26 punkter
632 1149 104 25 innehålla,
758 1149 41 20 står

60 1178 45 19 icke
120 1178 61 20 heller
196 1178 4 20 i
215 1177 49 21 strid
279 1177 44 20 med
338 1177 64 26 någon
420 1177 86 21 enskilds
523 1177 100 25 tillb*riiga
641 1179 47 21 rätt,
706 1177 93 19 hvarföre

59 1204 102 20 Utskottet
175 1204 82 20 föreslår
270 1204 58 20 äfven
342 1204 59 20 deras
414 1204 140 25 godkännande
567 1204 22 19 af
601 1204 115 20 Ständerne.

113 1231 63 19 Elfte
190 1225 93 36 punkten.
289 1225 93 36 föreslår,
398 1233 28 17 att
439 1230 142 26 behandlingen
599 1231 38 18 och
652 1229 114 27 afgörandet
780 1230 20 18 af

61 1257 164 26 löneregleringen
239 1258 6 18 i
259 1257 25 19 de
299 1257 95 20 särskilda
411 1258 160 23 församlingarne
587 1257 64 19 skulle
668 1257 130 19 öfverlemnas

61 1284 26 19 till
101 1284 74 20 länsvis
192 1284 78 19 tillsatta
286 1284 107 19 Komitéer.
423 1284 37 19 Det
476 1284 54 19 faller
544 1286 67 22 genast
625 1283 6 19 i
645 1284 83 24 ögonen,
747 1282 51 19 huru

61 1310 62 24 svårt,
139 1310 67 26 vigtigt
220 1311 38 19 och
272 1310 88 26 granlaga
375 1309 58 21 dessa
443 1310 112 20 Komitéers
565 1309 88 25 uppdrag
663 1309 43 20 blir.
736 1309 62 19 Deras

60 1336 180 26 sammansättning,
256 1336 61 20 sådan
331 1336 37 20 den
385 1337 36 19 här
438 1336 118 26 föreslagits,
575 1341 60 21 synes
652 1335 99 21 Utskottet
768 1341 30 13 er-

60 1361 59 26 bjuda
133 1362 25 20 de
172 1363 70 25 högsta
255 1362 76 26 möjliga
344 1363 98 24 garantier
459 1365 28 17 att
504 1362 22 20 så
544 1363 31 19 väl
593 1362 32 20 det
642 1362 94 20 allmänna
754 1367 43 13 som

59 1388 26 21 de
99 1388 87 21 enskilda
199 1389 158 25 församligarnes
371 1389 38 19 och
423 1389 159 25 presterskapets
597 1388 112 25 rättigheter
723 1388 37 20 och
771 1388 27 19 in-

59 1417 79 17 tressen
151 1415 67 19 kunna
231 1414 33 20 vid
278 1415 120 25 uppdragets
412 1414 102 20 utförande
529 1415 57 19 vinna
600 1415 33 19 allt
647 1414 32 19 det
696 1413 100 23 afseende,
