1006 1773
277 129 70 23 Nädiga
359 130 140 23 Propositionen
511 130 36 18 N:o
559 131 16 17 6.
766 132 32 19 113

55 178 77 27 uppstå,
151 184 44 15 som
212 182 29 17 ett
257 180 63 26 dylikt
338 174 72 38 ärende
427 174 67 38 kunde
511 180 107 21 behandlas
632 182 65 25 enligt.
707 182 90 26 stadgan-

53 206 62 20 derne
128 212 34 13 om
176 206 146 27 egostyckming.
339 207 33 19 Att
385 208 69 20 endast
468 208 95 25 egolotter
577 208 21 19 af
606 213 78 15 samma
691 208 105 25 jordnatur

53 232 82 20 sålunda
148 233 63 20 skulle
225 233 68 20 kunna
301 234 133 20 sammansiäs
441 234 25 20 till
477 239 25 14 en
511 234 52 20 enda
569 233 118 26 sjefständig
696 234 98 26 lägenhet,

52 258 56 20 torde
125 264 47 14 vara
186 258 102 26 sjelflallet:
318 260 109 20 Ständerne
441 260 19 19 få
473 260 79 20 derföre
566 260 143 26 underdänigst
717 261 77 24 föreslå,

54 288 27 17 att
95 285 5 19 i
113 285 42 20 Jen
166 286 100 20 blifvande
281 286 137 24 förordningen
432 286 62 20 måtte
509 286 66 26 inflyta
591 292 23 14 en
629 286 16 26 $,
661 287 38 20 den
715 286 60 26 sjette
790 288 5 18 i

54 312 114 25 ordningen,
183 312 21 19 af
216 312 84 25 följande
313 312 85 26 tydelse:

178 356 45 24 Will
238 355 63 27 nägon
309 358 78 25 genom
400 356 74 20 inlösen
488 356 23 20 af
519 355 58 23 mark
591 355 43 22 frän
644 356 35 20 tvä
688 356 50 21 eller
747 357 48 20 flere

125 383 100 24 hemman,
242 383 36 19 alla
293 382 89 26 antingen
396 383 59 19 frälse
469 383 48 19 eller
527 383 72 24 skatte,
611 383 86 20 billa-en
706 389 27 20 ny
743 383 54 25 sjelf-

124 408 79 26 ständig
222 409 100 25 lägenhet,
344 414 46 14 vare
407 409 34 20 det
457 409 75 25 tillåtet,
552 414 33 14 om
602 410 59 19 hvart
678 410 38 19 och
732 412 29 18 ett
777 411 21 19 af

123 435 60 20 dessa
200 435 105 25 hemman,
319 435 64 21 denna
400 436 110 26 minskning
528 435 86 25 oaktadt,
630 437 99 24 uppfyller
743 436 54 26 sjelf-

124 461 188 26 beständsvilkoret,
325 461 76 26 sådant
415 462 34 20 det
463 469 21 12 :r
499 463 6 18 i
519 462 10 25 $
544 463 9 19 1
569 463 106 23 fastställt,
692 465 53 18 samt
757 463 39 20 den

122 494 38 20 nya
175 489 117 25 lägenheten
306 489 57 20 äfven
377 489 38 19 kan
429 491 47 18 utan
489 488 102 27 svårighet
599 488 64 23 Jertill
673 488 78 27 bringas
763 495 34 21 ge-

122 521 46 14 nom
183 515 112 26 uppodling.
324 515 44 20 Och
381 516 49 25 gälle
445 516 58 19 äfven
517 516 30 19 för
561 515 74 21 sådana
649 516 31 19 fall
694 516 33 19 allt
741 516 54 20 hvad

123 541 125 20 förestående
262 543 22 24 $$
298 542 30 19 för
341 542 59 26 öfrigt
415 543 74 25 stadga.

105 587 8 19 I
129 586 11 25 $
157 586 12 20 6
186 586 21 19 af
221 585 38 20 den
276 585 76 26 Nådiga
368 585 145 26 propositionen
528 586 123 19 förekomma
665 586 130 26 stadganden;

52 613 66 20 hvilka
135 613 43 19 icke
192 614 34 17 äro
242 612 86 25 antydda
342 612 5 19 i
362 612 36 19 Jen
405 613 120 25 föreslagna
538 613 95 19 rubriken
647 613 28 19 till
685 613 111 20 förordnin-

50 645 44 20 gen.
106 633 10 36 -
123 639 109 20 Ständerne
246 644 50 14 anse
308 639 79 20 Jerföre
401 642 28 17 att
442 639 84 20 berörda
540 639 10 25 $
564 639 31 19 hel
606 639 39 19 och
654 638 65 21 hållen
730 637 64 22 borde

52 672 23 14 ur
91 666 38 20 Jen
147 665 97 21 blifvande
259 665 138 26 förordningen
409 665 54 26 utgå.
479 677 26 3 —
520 666 42 19 Men
575 665 26 20 då
616 665 109 20 Stärklerne
739 665 6 20 i
761 666 33 19 det

51 693 125 26 föregående,
192 692 24 25 på
230 692 80 19 anförda
322 692 52 25 skäl,
390 693 29 18 för
433 692 30 20 sin
472 693 31 19 del
513 692 81 20 beslutit
603 695 28 16 att
640 698 24 13 en
674 698 27 21 ny
709 693 12 24 $
729 692 65 21 skulte

52 720 72 19 införas
139 720 5 19 i
159 719 144 26 förordningen,
319 718 22 20 så
356 719 61 19 verka
432 719 24 20 de
471 720 20 18 af
503 719 107 19 ständerne
623 718 6 19 i
639 724 26 14 nu
675 719 118 20 omförmäld

52 746 62 20 måtto
128 747 90 24 vidtagna
233 745 123 24 åtgärderna,
372 745 67 20 derest
453 746 24 19 de
493 745 96 20 hvardera
599 746 20 19 af
630 746 23 19 E.
665 746 23 19 K.
699 746 34 19 Mt.
745 746 5 19 i
761 745 34 20 nå-

51 773 36 20 der
100 773 69 26 gillas,
178 773 44 19 icke
236 778 63 24 någon
313 772 98 28 rubbning
425 772 5 19 i
442 773 149 25 paragrafernas
600 771 149 27 ordningsföljd.

105 800 30 19 De
154 799 162 26 inskränkningar
336 799 31 19 vid
386 799 163 26 jordafsöndring,
569 804 44 14 som
630 799 6 18 i
650 799 12 19 8
676 799 10 24 $
700 798 93 26 föreslås,

51 828 37 18 äre
108 828 81 18 tvenne:
206 829 29 16 alt
249 829 111 16 stommens
375 825 121 20 besutenhet
509 826 38 19 och
561 824 132 25 sjelfbeständ
707 825 45 20 ieke
767 826 28 19 äf-

52 855 95 24 ventyras
162 855 51 17 samt
227 855 28 16 att
268 852 38 19 den
320 851 117 20 afsöndrade
451 852 82 19 marken
547 851 36 20 bör
593 851 53 20 bilda
654 854 31 17 ett
693 857 101 17 samman-

52 879 102 26 hängande
171 878 82 21 område
270 879 21 20 af
303 877 119 21 åtminstone
437 879 41 26 fyra
494 878 112 26 tunneland,
623 879 6 19 i
643 878 81 20 hvilken
739 879 55 19 näst-

52 906 84 20 nämnda
150 906 148 25 omständighet
312 905 97 25 undantag
424 906 58 19 likväl
497 905 110 26 medgifves
621 905 6 19 i
637 904 61 26 några
707 905 88 25 uppräk-

51 933 50 19 nade
121 933 37 19 fall.
188 932 118 25 Ständerne,
330 937 44 15 som
388 932 7 18 i
406 931 132 27 jordegarens
560 930 150 27 ifrågavarande
727 931 68 20 berät-

51 959 77 26 tigande
146 965 22 13 se
186 965 25 13 en
228 959 70 25 åtgärd
315 958 17 25 ej
350 958 49 20 blott
417 960 6 17 i
438 958 201 25 jordbruksäringens
657 960 46 17 utan
717 958 78 19 äfven
784 954 14 35 i

51 985 61 26 öfriga
125 986 103 24 näringars
242 985 91 25 intresse,
345 983 55 21 finna
415 985 29 25 sig
457 985 81 20 derföre
551 984 126 27 uppmanade
685 987 30 16 at
724 984 70 20 såsom

51 1017 25 15 en'
92 1012 51 20 brist
159 1013 100 23 anmärka,
279 1012 95 19 hurusom
392 1011 244 26 afsöndringsrättigheten
650 1013 22 17 är:
686 1011 111 20 inskränkt

51 1039 71 20 endast
140 1039 28 20 till
184 1039 63 20 mark.
277 1039 43 20 Fall
332 1038 122 20 förekomma
472 1038 44 19 ieke
532 1038 69 25 sällan,
621 1037 25 20 dä
662 1042 25 15 en
700 1038 96 26 lägenhet

51 1065 37 20 har
102 1068 14 17 t.
132 1071 32 14 ex.
180 1068 29 17 ett
222 1065 25 26 pä
261 1066 69 24 längre
344 1065 47 19 eller
406 1065 77 19 kortare
497 1064 79 20 afständ
587 1064 44 20 från
641 1060 106 35 bolstaden
757 1064 39 19 be-

51 1093 51 25 läget
115 1092 51 20 fiske
180 1093 47 19 eller
237 1093 101 22 strömfall,
350 1096 44 15 som
403 1097 73 20 egaren
486 1091 91 26 antingen
587 1091 45 20 icke
641 1091 42 22 kan
691 1091 49 20 eter
747 1091 49 19 icke

51 1119 32 20 vill
101 1119 95 26 begagna,
216 1125 46 14 men
280 1120 61 19 hvars
357 1119 113 25 afsöndring
485 1119 62 19 skulle
562 1118 74 19 bereda
651 1117 52 20 både
719 1118 75 19 honom

51 1145 38 20 oelt
104 1146 86 25 köparen
204 1145 63 26 någon
281 1145 70 20 fördel.

105 1171 106 22 Innehållet
224 1173 24 19 af
256 1173 11 25 $
281 1173 6 18 i
300 1172 58 25 öfrigt
371 1171 59 20 hafva
444 1172 107 19 ständerne
560 1171 97 26 godkänt,
669 1177 50 14 men
728 1171 69 25 likväl,

53 1199 29 19 för
96 1199 29 20 sin
139 1199 38 24 del,
194 1199 70 20 önskat
277 1199 64 20 dertilt
355 1199 43 25 foga
413 1201 28 16 ett
455 1199 72 25 tillägg,
539 1198 132 27 hvarigenom
680 1197 115 26 jordegare,

52 1231 44 14 som:
112 1231 46 20 eger
172 1231 26 14 en
213 1225 64 26 urfjell
291 1226 64 19 skutte
368 1225 105 26 berättigas
489 1228 28 17 att
530 1225 92 20 afsöridra
637 1230 24 14 en
675 1222 62 22 sädän
750 1229 48 20 ego-

52 1253 39 24 del,
108 1253 59 19 äfven
182 1258 32 14 om
229 1253 38 19 den
282 1251 17 26 ej
315 1252 96 19 innehölle
425 1257 25 14 en
461 1252 44 19 vidd
517 1251 19 20 af
545 1251 43 29 fyra
599 1251 118 20 tunnelanid.
741 1251 58 19 Stän-

52 1279 63 19 derne
129 1278 51 21 hålla
194 1279 57 20 alltså
266 1279 42 19 före
322 1281 28 17 att
364 1279 11 19 8
390 1279 10 24 $
414 1278 61 19 borde
489 1278 18 19 få
522 1278 84 25 följande
620 1278 83 26 lydelse.

179 1323 45 20 Will
238 1321 104 28 jordegare
358 1320 46 22 från
413 1322 30 20 sin
457 1322 93 26 lägenhet
563 1321 27 20 till
601 1327 75 14 annans
687 1326 36 21 ego
733 1321 66 19 öfver-

126 1350 38 19 låta
183 1351 54 18 mark
256 1351 47 19 eller
317 1355 61 14 annan
395 1349 64 20 dertill
475 1348 88 21 hörande
579 1348 76 19 förmån
670 1350 41 17 mot
725 1347 74 20 förbin-

126 1377 56 19 delse
195 1379 28 17 att
239 1378 42 19 viss
295 1376 63 27 afgäld
373 1375 72 26 årligen
459 1376 27 20 till
497 1378 100 17 stommen
608 1377 86 24 utgöres,
707 1379 49 15 vare
766 1373 32 20 sä-

126 1403 39 18 dan
186 1403 114 24 afsöndring
317 1402 80 24 tillåten,
414 1401 37 20 ifall
467 1401 187 25 stomlägenhetens:
664 1399 133 26 sjelfbestånd

125 1428 115 25 derigenom
250 1429 43 19 icke
302 1428 122 25 äfventyras.
444 1427 109 20 Afsöndrad
563 1427 57 19 mark
631 1427 35 18 bör
667 1421 9 36 i
687 1428 28 17 ett
722 1425 74 26 stycke

741 1459 12 16 8
