984 1767
414 342 44 32 18.

242 480 6 5 =
261 452 74 33 Hans
351 451 152 30 Kejserliga
511 452 138 29 Majestäts
660 448 84 60 Nädiga
754 453 50 24 Pro-

200 475 96 60 position
308 479 35 24 till
350 481 104 23 Finlands
462 481 94 24 Ständer
566 487 34 16 om
610 482 124 27 antagande
744 481 25 24 af
777 487 27 18 en

211 508 122 29 örordning
347 507 113 30 angående
475 509 62 26 falsk
546 509 125 30 angifvelse
681 509 41 24 och
732 515 72 18 annan

200 536 178 30 ärekränkning.

119 592 29 20 Då
163 593 52 20 inom
233 593 65 20 landet
313 593 34 20 det
364 594 91 21 omdöme
472 599 82 17 numera
571 594 81 22 allmänt
668 594 90 26 stadgadt
775 595 30 25 sig

64 622 29 17 att
108 619 91 20 Finlands
213 619 136 26 brottmålslag
362 621 5 18 i
381 621 47 19 flera
439 621 119 26 väsendtliga
568 621 54 20 delar
635 620 44 20 icke
693 624 111 17 motsvarar

61 646 39 20 den
114 647 124 19 närvarande
253 647 66 19 tidens
332 647 85 25 anspråk
432 649 38 18 och
484 649 45 24 rätt,
545 653 45 14 men
605 653 23 14 en
643 647 110 26 fullständig
762 653 43 14 om-

62 673 101 25 arbetning
177 673 21 20 af
209 673 114 20 densamma
341 673 97 20 erfordrar
455 673 143 21 förberedande
615 673 92 26 åtgärder
725 675 38 18 och
780 679 24 14 en

63 699 124 26 tidsutdrägt,
204 705 43 14 som
261 701 46 24 göra
321 699 34 20 Jet
368 699 89 26 omöjligt
470 703 29 17 att
513 700 61 20 redan
589 700 32 19 vid
636 700 64 20 denna
713 700 92 27 landtdag

66 726 27 19 till
108 725 107 20 Ständerna
229 726 83 27 aflemna
326 727 71 25 förslag
411 726 25 19 till
452 733 23 13 en
489 733 27 20 ny
531 727 38 19 och
585 727 107 19 förbättrad
702 727 54 26 dylik
766 727 37 26 lag,

66 753 37 19 har
116 753 63 19 Hans
195 752 134 25 Kejserliga
344 753 107 25 Majestät
466 753 107 20 emellertid
588 755 64 17 ansett
665 753 34 20 Jet
711 759 47 14 vara
768 753 38 20 för-

66 775 59 34 enligt
141 779 40 20 med
199 779 76 20 landets
293 779 29 20 väl
338 781 27 17 att
382 779 145 26 tillvägabringa
545 780 104 24 ändringar
666 779 117 20 ätminstone
800 780 5 19 i

66 805 54 20 vissa
134 805 56 20 delar
202 805 52 20 inom
270 805 261 26 brottmälslagstiftningens
549 805 87 20 område.

119 832 63 20 Hävid
197 832 35 20 har
249 832 34 19 Jet
301 832 43 21 icke
360 831 81 26 undgått
457 833 62 19 Hans
536 832 130 25 Kejserliga
682 832 123 24 Majestäts

65 859 179 26 uppmärksamhet
257 861 28 16 att
299 859 232 20 straffbestämmelserna
545 859 30 21 för
589 865 24 13 en
629 859 31 20 del
677 859 130 21 öfverträdel-

65 891 41 20 ser,
122 891 43 14 som
180 885 37 20 ske
230 886 5 19 i
250 886 25 19 tal
290 886 48 19 eller
351 885 64 24 skrift,
431 888 34 17 äro
480 887 102 24 strängare
595 887 26 18 än
629 885 52 20 hvad
690 885 60 20 dessa
760 885 45 20 med

66 911 92 21 afseende
173 911 10 20 ä
198 912 58 19 deras
270 911 136 21 beskaffenhet
420 913 38 19 och
475 912 69 25 följder
560 911 91 25 förtjena,
671 913 91 18 hvarföre
779 912 27 20 äf-

66 944 40 14 ven
120 939 24 18 de
159 939 57 19 flesta
230 939 21 18 af
263 938 26 19 de
301 939 30 18 för
345 938 73 20 sådana
432 939 54 19 brott
502 940 4 18 i
525 939 30 24 lag
572 938 95 24 stadgade
684 938 123 20 bestrafinin-

67 971 35 19 gar
116 965 43 19 icke
173 970 55 15 mera
242 965 80 19 komma
337 965 27 19 till
380 965 129 23 användning;
523 964 82 21 likasom
620 965 44 24 ock,
680 964 11 19 ä
704 964 62 21 andra
780 965 27 18 si-

66 991 45 24 dan,
127 991 33 20 det
177 991 140 25 hötesansvar,
337 997 43 13 som
398 991 62 20 finnes
476 993 63 18 utsatt
555 991 30 19 för
601 991 104 25 lindrigare
722 993 52 18 arter
788 991 21 19 af

68 1017 172 26 ärekränkningar,
257 1017 50 20 visat
321 1017 29 25 sig
364 1023 46 14 vara
424 1018 63 19 alltför
500 1017 108 26 obetydligt
621 1018 29 19 för
664 1019 28 18 att
704 1019 102 18 motsvara

67 1045 39 19 den
120 1044 6 19 i
140 1043 69 26 hvarje
223 1044 62 26 dylikt
299 1044 31 20 fall
345 1043 117 26 älagalagda
479 1044 132 25 brottslighet.

95 1071 7 19 I
122 1069 89 21 ändamål
231 1073 28 16 att
275 1070 115 20 härutinnan
408 1070 128 25 ävägabringa
554 1070 69 25 nödiga
640 1069 113 26 ändringar,
773 1071 35 19 har

68 1098 62 19 Hans
144 1096 130 26 Kejserliga
291 1096 109 25 Majestät
414 1096 42 20 lätit
469 1097 90 20 utarbeta
573 1097 72 25 förslag
658 1096 26 20 till
698 1103 24 13 en
732 1096 75 20 förord-

68 1124 48 25 ning
129 1123 100 26 angående
243 1124 50 19 falsk
308 1123 106 26 angifvelse
428 1125 39 18 och
483 1128 63 15 annan
563 1122 151 27 ärekränkning,
733 1123 75 21 hvilket

67 1151 74 26 förslag
152 1151 61 24 jemte
228 1151 62 20 Jertill
308 1150 87 19 hörande
412 1151 95 24 motiver,
525 1150 59 25 enligt
601 1151 24 18 42
643 1149 9 26 $
670 1149 5 19 i
692 1150 117 25 Regerings-

67 1178 77 19 formen
158 1178 21 19 af
191 1177 37 20 den
245 1177 24 20 21
288 1177 82 24 Augusti
395 1177 61 23 1772,
481 1177 122 20 härmedelet
626 1177 131 20 öfverlemnas
780 1176 26 19 till

67 1204 76 20 landets
157 1203 92 20 Ständer.
662 1226 8 3 W

119 1231 42 19 Med
176 1230 139 26 upphäfvande
329 1230 20 19 af
362 1229 16 24 ej
396 1229 75 20 mindre
486 1231 12 18 6
513 1229 9 26 $
532 1230 25 19 23
566 1229 85 26 Kapitlet
660 1229 145 23 Ärfda-balken;

66 1258 26 19 40
109 1256 10 25 $
133 1257 24 19 28
175 1257 84 25 Kapitlet
275 1256 205 26 Byggninga-balken;
498 1257 12 18 2
525 1255 10 26 $
549 1257 12 18 5
575 1255 85 26 Kapitlet
678 1256 10 18 3
705 1255 10 25 $
730 1256 26 19 14
770 1255 37 18 Ka-

67 1283 62 26 pitlet,
146 1284 18 24 3,
180 1285 19 22 4,
217 1283 17 24 7,
251 1284 11 19 8
275 1283 39 19 och
326 1283 14 20 9
355 1283 20 24 $$
390 1283 24 19 15
428 1283 92 25 Kapitlet,
536 1283 11 19 8
563 1283 37 18 och
614 1282 12 19 9
640 1282 22 25 $$
677 1282 25 20 18
713 1281 93 25 Kapitlet,

67 1311 12 19 8
94 1309 10 26 6
117 1310 24 19 21
157 1309 91 26 Kapitlet,
265 1311 10 18 1
290 1309 11 25 $
314 1309 26 20 22
353 1309 92 25 Kapitlet,
462 1309 61 20 sådan
536 1309 39 20 Jen
589 1308 57 26 lyder
664 1309 4 18 i
687 1308 67 26 Kongl.
770 1307 38 19 för-

68 1336 108 25 ordningen
190 1336 37 20 den
242 1336 25 20 20
281 1336 78 20 Januari
374 1336 58 23 1779,
450 1337 10 18 3
476 1336 10 24 $
501 1336 24 19 52
539 1335 92 25 Kapitlet.
648 1335 11 19 2
674 1335 10 25 $
703 1334 24 19 53
742 1334 67 25 Kapit-

67 1364 27 18 let
106 1363 40 19 och
160 1363 25 19 60
199 1362 86 25 Kapitlet
300 1362 227 25 Missgernings-balken;
547 1362 12 19 5
575 1362 39 18 och
631 1362 11 18 6
660 1362 21 24 $$
697 1362 10 18 1
725 1360 84 25 Kapitlet

69 1389 198 24 Utsöknings-balken
283 1392 54 16 samt
353 1389 11 18 7
382 1389 10 24 $
410 1389 24 18 14
451 1388 85 26 Kapitlet
553 1387 215 25 Rättegängs-balken,
785 1386 24 20 sä

70 1414 42 20 vidt
124 1414 1 19 i
134 1414 103 20 desamma
247 1420 72 13 ansvar
330 1414 29 19 för
368 1413 141 25 ärekränkning
517 1413 64 19 finnes
591 1415 67 23 utsatt,
670 1414 24 18 än
703 1413 60 19 äfven
772 1412 38 19 alla

736 1444 22 16 30
