1003 1781
277 135 72 23 Nådiga
360 136 139 23 Propositionen
512 137 37 18 N:o
560 137 28 18 10.
771 138 31 19 183

62 183 110 20 inkomster
184 184 38 19 och
236 185 84 20 fördelar
334 190 71 20 egaren
419 185 73 20 kunnat
505 187 21 19 af
537 187 34 19 det
584 187 89 20 afträdda
687 187 6 19 i
706 188 48 19 dess
767 188 35 20 då-

61 209 87 30 varande
161 209 57 20 skick
232 211 74 20 bereda
320 212 35 25 sig.
377 212 65 19 Yrkas
455 212 124 27 godtgörelse
591 213 51 20 efter
655 219 62 14 annan
731 214 70 20 beräk-

60 236 129 26 ningsgrund,
207 236 32 20 mä
254 237 100 21 ock'derä
368 238 60 25 billigt
441 239 93 20 afseende
548 239 63 25 göras.
640 240 71 19 Finnas
725 239 11 20 å
748 239 50 26 jord,

61 266 45 16 som
123 263 85 19 afträdas'
224 263 58 26 skall,
301 265 112 25 byggnader
430 265 48 19 eller
493 265 60 20 andra
571 265 125 26 inrättningar
712 267 38 19 och
767 267 32 19 vill

59 292 73 26 egaren
148 289 47 20 dem
212 290 59 19 tillika
288 290 58 26 afstä,
361 292 36 19 bör
411 291 72 20 honom
496 292 58 19 äfven
568 292 29 19 för
610 291 46 20 dem
670 292 86 26 tilläggas
769 291 31 21 er-

60 315 95 26 sättning;
173 321 46 14 men
237 317 74 19 önskar:
327 317 39 20 han
380 316 73 21 sådana
467 318 39 19 hus
520 317 37 20 och
571 318 124 26 inrättningar
709 318 46 25 sjelf
766 319 34 19 be-

59 340 58 26 hålla,
133 347 49 14 vare
194 342 64 21 dertill
271 343 109 26 berättigad
394 345 38 18 och
445 343 54 26 njute
513 343 24 20 då
551 343 142 28 vedergällning
707 345 30 20 för
745 345 55 20 kost-

58 367 64 21 naden
130 369 26 19 af
168 368 61 21 deras
242 369 122 27 nedtagande
377 371 39 20 och
430 370 121 25 uppförande
565 369 26 27 pä
604 373 58 18 annat
676 372 61 19 ställe.

405 423 10 26 $
430 424 19 19 3:

111 460 76 21 Varder
203 461 94 25 lägenhet
307 462 76 26 'genom
397 461 56 25 jords
470 461 115 22 afträdande
600 462 30 19 för
646 463 79 19 allmänt
739 462 61 21 behof

57 484 22 23 så
96 488 85 25 styckad
200 491 29 16 att
243 488 138 20 bebrukandet
397 488 20 21 af
431 488 62 26 någon
510 489 63 20 under
586 494 82 20 egarens
682 489 116 26 förvaltning

57 513 123 26 gvarblifven
194 515 35 19 lott
242 515 6 19 i
262 514 83 27 märklig
357 514 45 21 män
416 515 107 25 försvåras,
537 520 48 14 vare
594 514 117 21 tillträdaren
721 515 76 27 skyldig

57 541 29 18 att
102 538 61 23 sådan
180 541 36 20 lott
231 542 52 25 lösa,
301 547 33 15 om
351 547 71 20 egaren
439 540 19 26 ej
474 541 47 21 med
534 541 62 25 skälig
609 541 145 27 vedergällning
768 542 29 19 för

55 566 39 21 den
111 567 62 20 ökade
189 567 220 26 brukningskostnaden
428 567 83 26 ätnöjes.
539 568 70 19 Finnes
625 568 43 25 det,
687 573 44 14 som
747 567 49 21 ifrån

56 593 90 26 lägenhet
162 594 86 20 afträdas
265 594 58 26 skäll,
342 595 68 25 utgöra
428 593 22 21 sä
466 594 83 26 mycket
565 596 29 18 att
610 599 70 21 egaren
696 593 19 26 ej
733 596 22 18 är
771 594 24 26 pä

55 619 114 21 återstoden
186 621 102 25 besutten,
306 620 62 22 varde
382 621 43 20 hela
438 621 117 26 lägenheten
568 621 21 19 af
600 620 117 20 tiliträdaren
731 619 63 22 inlöst.

54 646 118 27 Jordegare,
190 648 56 25 öfver
266 648 61 20 hvars
348 648 56 20 mark
425 647 148 27 telegrafträdar
593 647 118 25 framledas,
733 646 63 21 varde

55 672 89 26 skäligen
162 676 61 18 ersatt
239 673 30 21 för
285 674 42 20 den
341 674 60 20 skada
415 675 72 19 honom
501 679 70 20 genom
587 674 108 25 stolparnas
709 674 88 26 uppstäl-

55 699 57 21 lande
126 701 39 19 och
179 700 108 20 anstaltens
301 700 176 21 vidmakthällande
491 700 122 26 tillskyndas.

401 753 10 25 $
426 755 19 18 4.

108 792 42 20 Kan
164 792 35 20 det
211 791 81 27 företag,
307 792 30 20 för
351 792 60 19 hvars
425 791 50 21 skull
490 791 55 20 mark
559 790 68 25 afstäs,
642 791 30 19 för
683 790 111 21 afträdaren

53 816 48 27 sjelf
115 817 89 21 medföra
219 820 66 25 nytta,
303 818 30 20 får
349 818 51 20 dock
416 817 18 25 ej
452 818 78 20 derföre
547 817 58 26 något
619 817 68 26 afdrag
700 817 42 20 från
757 817 38 21 den

54 843 73 21 honom
142 844 146 21 tillkommande
304 845 55 20 lösen
377 850 34 20 ega
424 851 51 13 rum.
505 845 39 19 Har
558 845 44 24 han,
618 844 61 20 sedan
693 844 53 26 fråga
761 849 32 15 om

53 870 131 22 afhändandet
203 871 63 21 blifvit
284 872 61 20 väckt
363 872 39 19 och
421 872 73 19 honom
513 870 110 26 bevisligen
644 870 116 26 meddelad,
783 870 10 20 å

53 897 121 24 egendomen
192 899 78 25 nedlagt
285 898 108 21 kostnader
409 898 6 19 i
434 898 103 25 uppenbar
557 897 58 25 afsigt
634 899 28 17 att
681 896 112 27 derigenom

53 923 37 21 öka
105 924 47 21 dess
166 925 62 26 lösen,
244 924 32 22 må
291 924 110 21 detsamma
415 924 18 26 ej
448 925 27 19 uti
491 924 133 26 ersättningen
638 923 125 21 inberäknas.

402 977 10 26 $
427 979 18 19 5.

106 1016 40 20 Har
163 1015 64 26 någon
243 1021 72 21 genom
331 1015 98 26 arrende-,
446 1016 75 28 hyres-
529 1015 47 20 eller
590 1015 141 26 sytningsaftal,
746 1016 47 20 eller

52 1042 39 20 ock
107 1043 125 25 annorledes,
251 1043 82 25 lagligen
350 1043 106 19 förvärfvat
472 1043 103 26 nyttjorätt
591 1042 25 19 till
634 1042 38 19 fast
688 1041 103 29 egendom,

52 1073 44 15 som
113 1069 87 20 afträdas
217 1069 60 26 skall,
292 1069 61 20 varde
367 1069 131 24 ersättningen
513 1069 30 18 för
556 1069 49 18 hans
620 1068 68 19 förlust
699 1069 73 23 jemväl
787 1069 4 18 i

52 1096 108 24 penningar
176 1095 126 26 uppskattad.
334 1095 78 26 Nödgas
429 1095 167 19 kronohemmans
614 1094 36 20 åbo
667 1095 26 19 till
714 1094 79 20 allmänt

52 1126 50 21 gagn
119 1121 74 20 afträda
209 1122 117 25 lägenheten
344 1122 47 19 eller
404 1121 62 25 någon
480 1121 31 20 del
525 1121 62 24 deraf,
602 1120 54 25 njute
670 1121 37 19 han
721 1123 72 17 ersätt-

52 1147 32 20 ning
110 1148 30 19 för
154 1147 47 20 derå
214 1148 84 26 nedlagd:
312 1147 84 26 odlings-
409 1148 37 19 och
456 1147 192 27 byggnadskostnad.
664 1147 128 28 Innehafvare

51 1174 22 19 af
82 1174 151 21 -kronoboställe
249 1174 36 21 bör
301 1174 38 20 ock
356 1174 104 27 godtgöras
477 1175 29 19 för
523 1173 53 20 hvad
589 1173 39 20 han
641 1173 22 20 af
675 1173 30 20 sin
720 1176 72 23 nyttjo-

51 1201 39 19 rätt
103 1201 65 20 måste
182 1201 55 20 afstä.

400 1253 11 26 $
424 1254 20 19 6.

104 1297 70 20 Finnes
186 1297 51 26 jord,
254 1303 44 14 som
312 1297 75 20 enskild
401 1302 52 20 man,
469 1297 99 26 menighet
583 1296 46 21 eller
643 1297 103 25 inrättning
755 1296 36 19 till-

53 1324 68 25 hörer,
136 1329 48 14 vara
198 1324 84 25 behöflig
295 1324 30 19 för
338 1323 113 26 anläggning
465 1324 21 19 af
498 1323 146 25 försvarsverk,
660 1323 50 24 stad,
726 1323 63 24 kanal,

51 1349 92 26 jernväg,
162 1350 153 25 telegrafanstalt
331 1350 47 19 eller
395 1352 58 17 annat
467 1349 67 27 vigtigt
547 1349 145 25 statsändamål,
708 1355 43 14 som
766 1349 24 25 på

41 1376 73 19 «Hans
131 1375 133 26 Kejserliga
280 1375 122 26 Majestäts
419 1379 44 22 eget
476 1376 131 19 förordnande
620 1375 122 25 ankommer,
758 1375 31 20 må

51 1402 72 20 derom
131 1403 21 19 af
160 1403 85 19 Senaten
259 1402 140 24 framställning
412 1402 37 20 hos
464 1403 61 19 Hans
539 1401 130 28 Kejserliga
682 1401 109 25 Majestät

53 1428 68 25 göras,
139 1428 61 20 sedan
218 1433 70 20 genom
305 1426 139 22 Guvernörens
461 1428 68 25 åtgärd
544 1428 118 24 jordegaren
679 1428 38 18 och
730 1427 61 25 öfrige
