984 1781
289 116 71 24 Nädiga
371 118 139 23 Propositionen
522 119 37 18 N:o
571 119 28 19 18.
778 118 38 20 W

73 171 64 16 annan
151 166 124 26 myndighet,
291 170 28 17 att
333 173 46 14 vara
392 169 131 26 förmyndare
539 173 52 16 sami
607 171 27 18 att
647 168 74 27 aflägga
735 169 81 20 vittnes-

72 193 26 20 ed
112 193 47 20 eller
173 198 64 15 annan
252 194 5 19 i
272 195 29 25 lag
315 195 83 24 stadgad
413 196 65 25 edelig
491 196 110 20 försäkran.

127 220 26 19 18
166 219 18 25 $.
212 221 72 24 Böter,
294 226 44 14 som
351 222 59 25 enligt
424 222 62 20 denna
501 222 112 25 förordning
626 222 108 25 ädömmas,
751 223 66 20 förde-

73 247 30 20 las
118 245 68 21 såsom
201 246 5 19 i
221 247 10 19 1
247 248 11 24 4
272 247 25 20 32
308 247 83 26 Kapitlet
400 248 199 26 Rättegångs-balken
609 250 57 18 säges
675 249 39 19 och
724 249 92 20 förvand-

74 273 30 20 las
118 273 33 19 vid
165 273 102 20 bristande
281 273 79 27 tillgång
373 274 37 19 hos
424 275 39 20 den
478 275 93 20 sakfällde
585 275 38 20 til
634 275 80 25 fängelse
726 275 32 20 vid
773 279 43 16 vat-

74 303 33 17 ten
120 301 39 18 och
174 300 48 19 bröd
236 301 140 19 motsvarande
391 306 23 15 en
429 301 93 25 tredjedel
538 302 20 18 af
574 301 156 26 bötesbeloppet.

124 327 29 19 49
168 326 17 25 $.
214 327 41 19 Har
269 327 59 25 brott,
345 331 43 15 som
402 328 5 19 i
422 328 61 19 denna
497 327 112 27 förordning
625 328 133 24 omförmäles,
777 327 39 21 för-

74 354 65 19 Ofvats
153 358 70 21 genom
237 353 64 26 skrift,
317 354 65 25 bildlig
396 349 141 30 framställning
551 355 48 19 eller
611 354 127 26 tryckalster,
752 355 63 20 varde

75 380 35 21 det.
124 379 109 26 förgripliga
247 380 76 25 alstret,
339 381 47 19 eller
400 387 32 13 om
447 381 33 20 det
495 379 18 27 ej
527 380 41 20 helt
583 382 37 19 och
634 380 60 21 hållet
706 383 24 18 är
742 381 74 20 brotts-

75 407 42 27 ligt,
132 407 49 19 dess
194 406 110 26 förgripliga
318 407 30 20 del
363 406 38 21 och
416 407 51 20 hvad
481 407 82 20 dermed
578 407 118 27 oskiljaktigt
713 412 103 16 -samman-

76 434 75 25 hänger
165 432 94 21 förstördt
274 434 5 18 i
293 434 35 20 alla
343 435 101 24 exemplar
457 435 62 24 deraf,
535 439 43 14 som
592 434 62 20 finnas
661 428 10 37 i
668 434 145 27 författarens,

76 461 130 26 utgilvarens,
223 460 140 27 förläggarens,
380 461 144 25 tillverkarens,
540 461 144 20 bokhandlares
698 461 48 20 eller
755 467 61 14 annan

76 487 124 27 utspridares
214 486 63 26 värjo,
293 487 63 20 ehvad
371 487 25 20 de
409 487 123 27 förbrytaren
547 487 75 20 tillhöra
636 488 48 19 eller
698 487 25 26 ej.

130 515 26 19 20
170 513 17 25 $.
217 514 8 19 I
251 513 26 21 de
290 514 42 26 fall;
348 514 34 20 der
400 514 117 20 Underrätts
533 514 64 26 utslag
613 515 28 19 uti
660 513 40 22 mät
716 513 102 27 angående

73 542 27 21 de
112 542 6 19 i
132 542 63 19 denna
209 540 114 27 förordning
336 544 98 23 upptagna
448 540 60 24 brott,
525 541 58 26 enligt
597 542 11 19 5
622 540 10 26 $
642 541 25 19 25
677 541 86 26 Kapitlet
770 542 46 20 Rät-

73 566 164 29 tegångs-balken
251 568 46 20 eller
312 568 84 19 särskild
411 568 112 25 författning
530 568 60 19 bordt
603 568 114 20 hemställas
725 566 90 22 Hofrätts

73 595 96 27 pröfning,
184 594 33 20 må
231 594 55 26 dylik
299 594 153 25 underställning
466 595 57 19 äfven
537 595 30 19 för
581 594 104 20 framtiden
700 599 35 21 ega
749 599 51 16 rum.

131 621 24 21 24
171 620 17 25 $.
217 622 68 19 Denna
299 621 110 26 förordning
423 622 67 20 träder
503 621 5 19 i
522 620 130 20 verksamhet
664 621 38 20 den
717 622 10 19 4
738 621 78 20 Januari

73 650 60 20 4865.
164 646 156 28 Arekränkning,
336 653 43 14 som
394 648 124 20 Jderförinnan
532 648 105 23 föröfvats,
655 653 47 15 men
719 648 30 19 för
766 648 50 19 hvil-

73 676 40 20 ken
127 676 58 20 straff
196 674 25 20 då
235 673 18 27 ej
267 676 23 18 är
303 674 99 20 bestämdt
415 679 70 20 genom
495 674 70 26 utslag,
582 680 44 14 som
640 675 69 19 vunnit
725 675 48 19 eller
786 673 30 21 fär

73 702 58 20 vinna
144 702 43 26 laga
201 701 58 26 kraft,
275 700 32 21 mä
322 701 37 19 ock
374 702 50 19 efter
438 701 63 20 denna
515 700 113 26 förordning
642 701 85 24 straffas,
740 705 32 15 om
782 701 36 20 det

72 733 81 21 ansvar,
169 734 45 14 som
229 728 58 26 enligt
301 728 40 20 den
354 728 36 20 bör
404 726 43 26 följa
463 727 11 20 å
488 728 81 24 brottet,
585 728 22 18 är
620 727 104 25 lindrigare
737 729 25 19 än
774 727 40 25 det,

72 761 45 15 som
130 755 67 21 derför
210 754 6 19 i
230 754 55 20 äldre
298 755 31 25 lag
343 755 47 19 eller
404 754 112 26 författning
530 754 51 20 varit
597 753 98 27 stadgadt,

287 808 62 26 Enligt
371 808 60 19 Hans
452 806 129 26 Kejserliga
601 806 123 25 Majestäts
740 806 76 26 Nådiga

216 834 115 26 befallning,
350 835 66 25 gifven
433 835 5 18 i
455 834 104 24 Tsarskoje
577 833 47 20 Selo
639 833 39 20 den
691 832 13 20 9
718 832 43 27 (24)
778 833 38 20 Juk

217 862 60 19 1863.
803 865 2 2 :

341 914 74 18 Alex.
428 912 125 20 Armfelt.

545 965 22 19 A.
579 964 28 21 W.
618 964 132 19 Wallensköld.

281 1130 97 20 Motiver
395 1130 32 19 till
440 1129 93 20 förslaget
547 1128 31 19 till
593 1127 101 22 Förordning
725 1126 93 27 angående

214 1154 52 19 falsk
277 1152 94 25 angivelse
383 1153 34 18 och
428 1131 58 49 annan
497 1131 148 49 ärekränkning.
696 1133 12 20 E

131 1205 8 18 I
153 1204 34 19 Jet
201 1203 71 26 förslag
286 1203 27 20 till
327 1204 30 25 lag
370 1202 101 26 angående
486 1202 172 25 ärekränkningar,
678 1206 43 15 som
738 1202 37 19 här
791 1202 31 19 fö-

78 1231 91 25 relägges
182 1230 91 21 Finlands
287 1230 90 25 Ständer,
393 1229 64 20 finnas
471 1233 74 16 trenne:
555 1228 50 20 olika
615 1229 41 24 slag
667 1227 21 21 af
696 1228 61 26 sagde
766 1228 53 20 brott

78 1260 106 23 upptagna,
203 1257 104 26 nemligen:
325 1256 50 19 falsk
392 1256 116 25 angifvelse,
527 1255 99 20 smädelse
643 1255 47 20 eller
706 1254 57 21 förtal.
780 1255 41 21 och

78 1283 99 26 personlig
191 1283 147 26 förolämpning.
616 1291 3 1 -

131 1310 61 20 Bland
209 1310 61 19 dessa
287 1309 128 26 förbrytelser
432 1309 58 19 hafva
508 1309 39 19 den
563 1308 62 20 falska
642 1307 120 26 angifvelsen
779 1307 41 21 och

78 1336 113 20 smädelsen
205 1336 34 19 det
252 1336 46 19 med
312 1336 111 19 hvarandra
437 1337 123 24 gemensamt
573 1336 29 18 att
615 1334 25 19 Je
653 1334 63 26 begge
726 1334 95 19 förulsät-

78 1365 20 18 ta
111 1363 34 19 det
159 1369 24 14 en
197 1363 89 26 oskyldig
299 1363 58 25 göres
371 1362 25 20 till
412 1361 81 21 föremål
507 1362 30 19 för
550 1361 136 25 sanningslösa
698 1360 123 27 beskyllnin-

76 1395 46 20 gar,
141 1392 44 17 som
201 1389 24 26 pä
244 1390 49 19 hans
312 1388 185 27 samhällsstälining
520 1389 39 18 och
575 1387 89 20 enskilda
684 1386 133 21 förhällanden

77 1416 69 19 kunna
157 1416 68 19 utöfva
241 1419 28 15 ett
282 1414 80 26 menligt
375 1415 111 25 inflytande.
515 1413 72 20 Såsom
601 1412 134 21 kännetecken
750 1413 22 25 pä
778 1413 42 19 det
