1028 1759
305 93 71 22 Nådiga
388 94 138 24 Propositionen
539 95 36 17 N:o
587 96 28 17 14.
798 95 31 19 371

294 214 92 21 Finlands
403 216 86 20 ständers
506 216 129 27 underdäniga
652 224 45 12 svar
710 218 7 18 i
731 217 99 25 anledning

224 242 25 25 af
262 242 55 20 Hans
336 243 105 26 Kejserliga
460 244 99 26 Majestäts
581 244 70 27 nådiga
667 246 117 24 proposition
801 252 30 12 om

224 270 107 26 antagande
349 272 23 25 af
388 278 23 12 en
426 273 124 25 författning,
569 273 96 25 angående
684 273 80 25 ändring
781 275 7 17 i
805 280 25 12 nu

222 298 89 26 gällande
325 300 119 24 stadganden
459 307 29 12 om
504 300 104 27 kyrkopliki
622 302 33 18 och
669 301 132 25 upphäfvande
811 301 23 25 af

222 327 37 19 den
268 327 36 25 för
317 328 51 18 vissa
383 327 48 20 brott
442 328 98 26 påbjudna
554 330 55 25 afgift
623 330 26 18 till
661 328 66 27 kyrka.

273 374 145 23 (Lagutskottets
429 374 114 20 betänkande
556 376 34 17 N:o
603 376 39 20 22.)

368 422 22 18 S.
405 422 21 19 A.
440 421 25 20 K.
480 427 20 15 0.
516 422 29 20 S!

141 479 24 20 E.
185 479 23 19 K.
226 479 36 20 M:t
276 480 36 19 har
325 479 5 19 i
344 485 26 14 en
384 480 90 20 Finlands
488 480 80 20 ständer
581 480 11 19 å
606 480 64 20 denna
679 480 91 26 landtdag
779 481 50 19 före-

86 506 49 25 lagd
152 504 60 28 nådig
228 506 120 26 proposition
357 506 32 28 till
404 506 115 20 ständernes
533 507 108 25 antagande
654 507 5 19 i
674 507 61 20 nåder
749 508 81 20 föresla-

86 532 29 25 git
129 538 25 14 en
170 532 112 26 författning
296 533 20 19 af
328 532 84 25 följande
426 533 86 26 lydelse:

290 587 125 23 Förordning
444 586 91 25 angående
547 588 78 24 ändring
637 587 7 19 i
655 593 25 14 nu
701 588 73 19 gällande
781 588 47 19 stad-

221 610 72 42 sonden
304 615 32 23 OM
350 610 117 28 kyrkoplikt
477 611 32 18 och
521 610 127 25 upphäfvande
659 611 22 19 af
703 616 22 14 den
736 611 31 19 för
778 611 50 19 vissa

234 634 38 18 rott
283 633 91 24 påbjudna
386 634 57 23 afgift
454 633 30 19 till
496 634 67 23 kyrka.

139 668 44 21 Med
198 669 138 25 upphäfvande
349 668 21 20 af
382 669 53 20 hvad
448 670 31 25 lag
492 670 38 19 och
545 669 132 25 författningar
689 670 84 19 rörande
782 670 47 26 kyr-

87 694 74 27 koplikt
177 696 38 19 och
231 696 31 19 för
279 696 54 20 vissa
351 695 127 27 förbrytelser
493 696 81 26 stadgad
588 696 53 26 afgift
655 696 26 20 till
696 696 64 26 kyrka
774 697 54 19 inne-

86 721 58 26 hälla,
161 722 71 20 varder
245 722 114 20 förordnadt
373 728 44 14 som
431 722 64 26 följer:

130 749 54 25 18.
212 744 124 40 Kyrkoplikt,
356 754 47 15 vare
421 750 30 24 sig
468 750 84 25 offentlig
568 750 48 19 eller
634 749 84 25 enskild,
741 749 47 20 skall
810 749 16 25 ej

86 775 117 21 hädanefter
216 782 63 19 någon
292 775 113 24 ädömmas;
422 778 38 18 och
473 776 32 21 mä
519 777 52 25 förty
586 774 61 22 sådan
661 775 72 27 påföljd
747 776 20 20 af
775 777 53 19 brott

86 801 17 26 ej
118 803 21 19 af
151 802 84 20 domstol
249 803 6 19 i
269 803 65 25 utslag
347 804 91 18 utsättas.

140 830 11 18 2
166 829 17 25 6.
211 829 32 20 Till
258 829 144 27 kyrkotuktens
414 829 171 27 upprätthållande
595 828 61 22 varde
665 830 50 19 dock
725 830 99 25 iakttaget:

85 858 28 17 att
127 856 38 25 Jen
181 862 44 13 man
240 856 46 19 eller
301 856 77 26 gvinna,
395 862 44 13 som
452 856 63 20 blifvit
526 856 82 20 beträdd
617 856 45 20 med
672 856 59 25 brott,
743 858 84 17 hvarom

86 883 36 19 här
139 883 107 19 nedanföre
262 884 56 23 sägs,
338 882 16 27 ej
372 882 33 20 mä
422 884 80 19 komma
519 884 5 18 i
541 882 112 26 åtnjutande
669 883 21 20 af
705 884 38 19 den
765 883 61 25 heliga

85 909 127 25 nattvarden,
228 910 59 18 innan
301 910 39 20 han
354 909 47 20 eller
415 910 39 19 hon
469 911 37 19 hos
520 910 29 19 sin
564 908 124 27 själasörjare
701 910 127 20 underkastat

85 936 30 26 sig
132 936 84 20 enskildt
234 936 118 20 skriflermäl
370 937 39 19 och
422 936 69 20 dervid
506 929 76 27 undfätt
596 936 99 26 aflösning,
714 936 2 19 i
731 936 38 20 den
784 936 43 20 ord-

85 963 54 25 ning,
159 968 43 14 som
219 963 30 19 för
266 962 70 20 sädant
353 962 119 21 skriftermäl
489 963 124 20 härförinnan
632 963 49 19 varit
697 963 129 20 föreskrifven

85 989 49 20 eller
148 989 105 20 framdeles
267 990 72 19 varder
354 989 88 25 stadgad,
459 990 82 20 sålunda
555 990 65 24 likväl,
637 992 27 17 att
680 990 85 19 vittnens
783 991 45 18 när-

85 1021 48 15 varo
148 1016 32 20 vid
196 1016 138 25 förrättningen
349 1016 17 25 ej
381 1016 31 20 mä
428 1017 21 19 af
461 1020 80 22 presten
555 1016 76 20 fordras
645 1016 38 20 och
697 1019 28 16 att
739 1016 88 20 skrifter-

85 1042 61 20 mälet
163 1042 16 26 ej
197 1043 47 20 skall
262 1043 126 25 ovilkorligen
407 1043 117 20 verkställas
540 1043 5 19 i
562 1043 100 24 sakristia,
678 1045 46 17 utan
738 1042 39 24 mä,
794 1048 32 14 om

85 1069 40 20 den
139 1069 93 20 sakfällle
246 1070 34 19 det
293 1070 82 24 fordrar,
392 1070 83 25 försiggä
490 1071 36 18 hos
540 1072 82 23 presten
636 1071 6 18 i
657 1070 48 19 hans
720 1069 93 20 hemvist.

140 1096 11 19 3
167 1096 16 25 $.
212 1096 58 20 Hvad
288 1096 4 18 i
310 1096 162 26 nästföregäende
488 1096 11 26 $
516 1096 91 24 stadgadt
623 1098 22 17 är
661 1096 49 26 gälle
724 1096 5 18 i
744 1095 84 25 följande

87 1122 115 20 händelser
193 1118 13 35 :

138 1150 33 19 1:0
185 1149 24 20 då
227 1150 47 24 den,
294 1155 42 14 som
354 1149 52 25 gjort
422 1149 30 25 sig
472 1149 78 27 skyldig
571 1148 26 20 till
617 1148 118 26 dödsstraff,
757 1155 70 19 genom

182 1175 126 26 Kejsarens
322 1175 43 21 Nåd
379 1176 43 20 från
436 1176 53 20 detta
504 1176 56 20 straff
573 1175 111 24 förskonas;

139 1204 32 18 2:0
186 1203 30 19 för
229 1203 49 25 den,
294 1208 44 14 som
352 1203 62 19 blifvit
428 1202 59 20 dömd
502 1202 26 20 till
543 1202 140 20 tukthusstraff
695 1203 30 19 för
739 1201 48 26 dråp
802 1202 26 20 el-

189 1230 28 18 ler
230 1230 66 24 gröfre
311 1228 88 20 vållande
413 1230 25 19 till
454 1235 74 13 annans
541 1229 48 22 död;

140 1256 32 19 3:0
188 1256 30 18 vid
234 1256 80 19 ådömdt
328 1256 101 19 enahanda
444 1255 57 20 straff
513 1255 28 19 för
554 1254 119 20 barnamord
690 1255 47 19 eller
755 1254 71 19 fosters

191 1282 131 20 fördrifvande
336 1282 47 19 eller
396 1282 122 23 utsättande;

141 1310 34 18 4:0
189 1308 29 19 för
232 1308 44 25 den,
293 1314 44 14 som
351 1308 63 20 blifvit
427 1308 58 20 dömd
503 1308 26 19 till
548 1307 57 20 straff
619 1307 28 19 för
664 1307 34 20 det
715 1307 37 19 han
769 1307 59 19 lastat

193 1334 35 20 och
244 1336 77 18 smädat
334 1335 50 24 Gud,
401 1336 53 18 Hans
469 1335 62 24 heliga
545 1334 36 19 ord
596 1334 46 19 eller
657 1334 150 22 sakramenten;

143 1362 32 18 5:0
190 1361 29 19 för
233 1361 43 25 den,
293 1366 43 14 som
351 1361 91 20 förbrutit
456 1361 28 25 sig
499 1361 85 19 medelst
597 1359 34 21 rån
645 1360 47 20 eller
706 1359 59 27 stöld,
783 1359 45 19 eller

193 1387 104 19 förklarats
312 1387 75 25 skyldig
401 1390 28 16 att
443 1387 30 19 stä
488 1387 94 23 tjufsrätt;
