1006 1756
290 123 71 22 Nädiga
372 125 139 22 Propositionen
525 125 36 17 N:o
573 125 16 17 7.
781 126 32 18 119

68 172 58 19 skrift
140 174 69 18 derom
224 175 28 17 att
265 178 147 20 gemensamma
427 174 141 25 afloppsdiken,
585 176 27 18 uti
627 176 67 19 hvilka
709 175 64 21 täckta
783 176 30 20 Ji-

68 199 37 19 ken
123 198 75 26 utlöpa,
219 200 62 19 borde
294 199 125 21 underhållas
433 200 26 20 till
477 200 33 20 det
527 200 57 26 djup,
601 207 44 13 som
659 202 30 19 för
703 202 110 20 ändamålet

68 225 109 24 erfordras,
197 225 22 20 så
234 228 28 16 att
275 226 57 20 likväl
347 226 251 27 underhållsskyldigheten
613 228 67 19 blefve
693 228 77 25 lämpad
785 230 28 19 ef-

69 254 30 16 ter
113 251 69 25 hvarje
196 252 104 24 delegares
314 252 61 20 behof
387 253 39 19 och
440 253 60 20 fördel
515 254 20 18 af
548 254 109 25 dikningen.

123 278 63 19 Jemte
200 278 34 20 det
249 278 60 20 Hans
323 278 133 26 Kejserliga
470 279 109 25 Majestät
592 281 54 19 velat
659 281 124 20 öfverlemna
793 281 20 20 åt

69 304 76 20 landets
162 304 85 20 Ständer
262 306 29 18 att
307 304 91 20 samråda
417 311 33 13 om
464 306 126 20 förenämnda
605 306 38 20 och
657 307 60 19 andra
730 308 83 20 dermed

69 330 196 26 sammanhängande
283 331 71 26 frågor,
370 332 87 25 bilägges
472 332 88 24 härmed,
576 333 29 19 för
620 335 28 17 att
661 334 109 20 underlätta
785 334 28 20 öf-

70 358 98 25 versigten
182 359 38 19 och
235 358 142 26 behandlingen
391 359 21 19 af
424 359 109 24 desamma,
550 362 28 17 ett
592 360 93 20 särskildt
699 361 72 25 förslag
785 361 26 20 till

68 384 72 20 allmän
154 384 112 26 författning
280 384 101 26 angående
396 386 173 25 vattenledningar.

148 527 110 31 Förslag
273 529 37 23 till
324 529 133 29 förordning
473 536 34 17 om
521 530 202 29 vattenledningar.

372 608 31 18 Om
415 607 85 25 dikning.

119 654 12 26 $
146 655 18 19 1.
196 655 58 25 Ingen
275 653 32 21 må
328 654 68 20 hindra
414 652 105 28 jordegare
539 656 28 18 att
587 660 72 20 genom
679 656 63 24 öppna
763 656 47 20 eller

67 680 65 20 täckta
149 681 57 19 "diken
224 680 62 20 aflela
303 682 75 18 vattnet
395 680 42 20 från
455 682 42 18 sina
514 686 46 21 egor
575 681 25 20 till
616 681 98 21 derunder
729 682 82 25 belägna

67 706 61 26 sjöar,
147 709 107 19 strömmar
271 708 48 19 eller
330 707 62 20 andra
406 708 95 25 naturliga
515 707 122 27 vattendrag.
667 708 86 20 Afledning
780 708 28 20 öf-

66 740 36 13 ver
119 740 75 14 annans
211 734 57 19 mark
284 734 36 20 bör
337 734 36 19 ske
389 734 36 19 der
442 733 73 26 tjenligt
531 735 42 24 läge
590 734 30 19 för
637 738 86 16 vattnets
743 740 64 20 aflopp

67 759 115 25 förefinnes;
202 760 37 20 och
256 760 150 26 underbyggare
423 760 48 20 skall
491 766 45 14 vara
557 760 68 26 pligtig
636 764 38 22 att
692 761 36 20 der
748 760 59 22 tillåta

66 786 61 20 sådan
139 786 101 27 -gräfning,
259 792 43 14 som
320 788 29 18 för
366 786 111 20 ändamålet
493 787 106 20 erfordras.
630 787 65 26 Öppet
712 788 46 20 dike
774 787 33 21 mä

65 813 53 20 Jock
134 814 45 19 icke
196 814 106 23 anbringas
318 814 56 18 öfver
391 818 84 19 grannes
493 813 102 26 bebyggda
609 816 56 17 tomt.
685 809 12 35 1
717 814 30 19 fall
762 814 46 20 dike

66 839 54 20 tedes
137 840 56 19 öfver
209 845 73 14 annans
298 839 87 20 enskilda
403 841 46 24 väg,
468 845 47 14 vare
532 839 47 25 den,
599 845 42 14 som
658 840 53 19 diket
725 840 79 26 nyttjar,

67 866 79 26 skyldig
160 869 29 18 att
202 865 37 21 bro
252 866 93 19 deröfver
358 865 120 21 underhålla.

119 892 10 25 $
143 893 19 19 2.'
192 893 36 19 För
240 892 38 20 den
291 891 51 26 jord,
358 898 43 14 som
416 892 27 20 till
457 892 80 26 dikning
551 891 60 27 åtgår,
631 898 48 14 vare
695 893 112 26 underbyg-
825 893 1 5 |

78 924 35 15 are
130 918 16 26 ej
164 920 25 19 till
208 919 106 25 ersättning
331 918 116 27 berättigad,
463 919 67 19 derest
543 918 46 20 icke
602 919 114 25 gräfningen
731 920 76 19 medför

66 948 20 17 ät
102 946 74 19 honom
193 946 121 26 betydligare
331 945 70 25 skada,
421 951 45 14 men
483 946 57 25 ingen
556 945 73 25 fördel,
653 952 44 13 som
717 946 90 20 deremot

66 972 88 26 skäligen
172 978 58 14 svara
247 972 45 20 kan.
322 972 70 20 Finnes
409 972 53 20 diket
476 978 47 14 vara
537 972 29 20 för
580 972 71 20 häfden
665 973 47 19 eller
726 973 82 19 förbätt-

66 999 44 26 ring
124 999 21 19 af
160 1000 49 19 hans
223 1004 49 20 egen
284 998 45 25 jord
342 1004 43 14 mer
399 999 47 19 eller
461 999 76 19 mindre
551 998 99 26 behöfligt,
667 1004 48 14 vare
729 998 77 27 skyldig

66 1028 28 17 att
108 1026 5 19 i
129 1025 119 20 förhållande
262 1025 64 20 dertill
340 1026 28 18 uti
382 1025 113 26 gräfningen
509 1026 38 18 och
561 1025 122 20 underhållet
696 1026 82 25 deltaga.

118 1052 10 26 $
143 1053 19 19 3.
180 1052 38 20 Om
231 1057 83 20 grannar
328 1052 87 26 begagna
429 1055 122 22 gemensamt
565 1051 46 20 dike
624 1052 29 19 uti
667 1052 138 26 egoskilnaden

65 1079 84 19 emellan
166 1079 58 19 deras
241 1078 117 20 tillstötande
375 1078 88 24 marker,
482 1079 69 24 gräfve
565 1079 39 18 och
619 1078 114 19 underhälle
748 1079 59 18 hvar-

65 1105 47 20 dera
130 1105 48 20 halft
195 1105 52 19 dike.
276 1103 66 28 Nyttja
359 1110 82 19 grannar
460 1105 47 19 eller
523 1104 145 26 öfverbyggare
683 1107 125 22 gemensamt

64 1131 131 27 afloppsdike,
214 1137 48 14 vare
279 1137 25 13 en
321 1131 51 19 hvar
388 1131 77 26 skyldig
481 1133 28 17 att
525 1131 76 26 deltaga
615 1131 28 19 uti
657 1130 47 21 dess
719 1131 88 25 gräfning

65 1159 38 19 och
117 1157 102 27 underhåll
234 1157 5 20 i
253 1157 120 20 förhållande
386 1158 26 19 till
428 1157 29 20 sin
471 1157 61 20 fördel
547 1158 20 19 af
581 1157 178 25 vattenledningen.

118 1185 10 25 $
141 1186 20 19 4.
182 1182 66 29 Öppet
260 1183 123 27 afloppsdike
396 1183 51 21 skall
459 1185 65 25 läggas
537 1187 31 17 tre
582 1184 53 19 alnar
649 1183 64 24 bredt,
729 1189 24 14 en
767 1184 38 19 och

65 1217 24 14 en
106 1211 106 26 fjerdedels
228 1212 30 19 aln
274 1210 56 26 djupt
347 1211 38 19 och
402 1216 24 14 en
443 1211 41 19 half
499 1211 30 20 aln
547 1210 24 26 på
588 1211 67 19 botten
672 1211 48 19 eller
741 1215 62 19 mera,

66 1239 77 20 alltsom
160 1238 66 26 nödigt
242 1239 22 18 är
277 1238 39 19 och
329 1238 91 25 lägenhet
433 1237 63 20 dertill
511 1237 70 20 finnes.
612 1237 73 20 Mindre
700 1237 106 25 afloppsdi-

65 1265 37 20 ken
118 1264 31 20 må
164 1265 89 24 inrättas,
268 1264 25 20 då
307 1263 37 20 alla
357 1269 84 20 grannar
455 1264 68 19 derom
537 1268 48 15 ense
599 1265 34 18 äro
647 1264 47 19 eller
708 1263 25 20 de
748 1263 58 20 fleste

66 1291 69 21 sådant
152 1291 74 26 påyrka
243 1291 39 20 och
295 1291 59 20 deras
368 1291 41 19 skäl
424 1291 59 20 blifva
497 1291 21 19 af
530 1291 83 19 domstol
628 1290 110 25 godkända.
767 1291 38 18 Der

66 1317 47 21 flere
130 1319 88 24 begagna
235 1317 65 20 täckta
316 1317 58 20 diken
391 1317 46 20 med
455 1319 123 23 gemensamt
595 1317 72 25 aflopp,
683 1317 49 20 skall
747 1319 59 26 öppet

66 1344 122 26 äfloppsdike
204 1344 66 26 läggas
284 1345 45 25 fyra
342 1344 37 25 och
395 1349 23 14 en
433 1344 40 19 half
485 1345 53 18 alnar
551 1343 64 24 bredt,
632 1343 33 20 två
681 1343 55 20 alnar
750 1343 57 25 djupt

65 1372 39 19 och
118 1377 25 14 en
158 1371 41 19 half
210 1371 30 20 aln
255 1371 24 25 på
294 1371 72 19 botten.
381 1369 78 26 Nyttjas
474 1370 63 19 täckta
551 1369 57 20 diken
622 1369 43 20 icke
680 1370 20 19 af
713 1370 42 23 alla,
772 1369 32 20 må

66 1396 138 27 skyldigheten
221 1399 28 16 att
265 1397 67 24 gräfva
349 1397 37 18 och
400 1396 115 19 underhålla
529 1395 124 25 afloppsdike
666 1396 77 25 lämpas
757 1396 49 18 efter

67 1423 49 19 hvar
130 1422 38 19 och
183 1427 36 14 ens
234 1423 62 18 fördel
311 1422 69 19 deraf::
761 1432 2 2 ä
