1006 1798
286 118 71 24 Nådiga
368 120 140 24 Propositionen
520 120 38 19 N:o
569 121 17 18 6.
777 122 32 18 100

64 167 32 25 lag
110 168 52 29 ännu
175 167 38 20 tåla
226 168 40 20 det.
296 169 39 21 Det
347 176 49 14 vore
409 170 51 21 dock
474 172 61 19 oftast
544 171 69 21 bättre
626 175 27 17 att
669 173 29 17 ett
714 172 93 20 hemman

64 193 56 21 delas
134 200 5 13 i
154 197 30 28 tre
200 194 55 21 delar
273 197 24 19 än
314 200 34 17 att:
359 197 33 20 två
409 198 86 27 klyfvas..
512 198 69 26 Någon
596 198 143 21 motsvarande
755 204 52 14 sam-

64 221 135 31 manslagning
216 222 39 20 kan
272 222 17 25 ej
308 226 107 24 ega=rum;
433 225 21 20 sä
471 226 57 24 länge
544 230 46 15 man
606 224 65 20 måste
687 225 52 25 köpa
757 225 50 25 "/,
794 217 17 39 i

65 247 55 25 åker,
138 252 30 22 '/,,
182 254 5 14 i
197 250 43 24 äng,
256 249 56 26 skog,
328 252 45 20 bete
387 257 19 13 o.
422 257 17 15 s.
457 258 38 19 v.,
505 253 65 19 ehuru
583 251 48 20 flere
644 252 20 19 af
676 252 61 20 dessa
747 252 60 20 torde

65 276 92 19 våra-för
170 276 86 24 köparen
270 277 109 27 obehöfliga:
394 278 47 20 eller
455 282 46 16 vara
515 278 22 20 sä
547 278 85 25 :belägna
646 281 28 17 att
688 278 28 20 de
725 280 38 18 :äro
772 278 36 20 ho-

64 304 47 16 nom
124 302 27 20 till
166 302 56 25 ringa
234 306 56 23 nyttä
304 306 54 18 samt
370 304 165 21 kontrahenterne
544 304 19 20 få
571 304 112 21 bestämma
691 307 114 23 gränberna.

93 335 1 3 *
118 328 86 21 Landets
217 329 64 27 odling
295 332 39 19 och
347 331 67 20 kultur
427 331 49 20 lider
489 332 39 20 ock
541 331 134 27 väsendtligen
683 331 70 27 derpä.
761 332 47 20 Fin-

64 359 25 26 ge
101 354 45 26 den,
163 361 44 15 som
220 362 26 14 nu
266 357 77 27 tvingas
360 360 28 18 att
404 358 56 20 sköta
479 361 27 17 ett
523 359 93 19 hemman
629 358 36 20 der
683 360 11 18 5
711 363 96 22 personer

65 386 35 14 äro
114 381 92 27 besutne,
222 384 62 19 ehuru
297 377 37 39 han
345 377 25 39 -ej
384 384 36 20 har
434 384 35 20 råd
483 388 29 17 att
528 385 56 19 sköta
600 387 30 17 ett
645 385 47 21 med
708 387 13 19 4
732 390 75 22 -perso-

65 413 42 21 ner,
123 409 49 25 sälja
186 410 46 20 bort
248 414 23 22 '/,
288 410 64 26 deraf,
371 410 22 21 så
410 412 51 25 finge
477 412 38 20 han
532 411 113 25 derigenom
661 412 144 27 förlagskapital

64 437 28 19 att
106 436 96 20 förbättra
216 437 34 19 det
264 437 133 27 återstående,
413 438 38 20 och
465 438 50 20 hans
529 443 78 21 granne,
627 444 43 14 som
688 440 36 19 har
741 440 64 20 större

65 462 109 30 tillgångar,
189 463 67 21 kunde
269 464 81 26 utvidga
364 464 35 20 sitt
413 464 104 26 jordbruk.
536 465 32 20 Att
584 464 144 28 innehafvaren
740 466 21 20 af
778 468 28 18 ett

64 490 78 20 mindre
155 490 92 20 hemman
262 490 42 21 står
318 491 29 26 sig
360 490 66 27 dåligt,
443 492 68 20 härrör
525 492 60 19 aftast
597 492 22 19 af
631 492 100 20 bristande
744 493 62 19 rörel-

64 516 96 47 mania
174 518 39 19 och
226 517 6 19 i
246 516 71 22 sådant
330 518 31 20 fall
375 519 22 19 är
411 519 38 19 han
463 518 43 27 föga
520 517 75 26 betjent
609 518 46 20 med
669 525 24 13 en
708 519 98 26 tillökning

64 548 6 13 i
82 548 52 20 jord.

119 570 67 21 Ocksä
200 571 36 19 har
251 571 64 21 finska
329 571 60 21 folket
403 572 61 20 sedan
481 572 54 20 äldre
548 571 51 24 tider
615 571 51 21 bäde
682 572 36 20 der
735 572 70 21 sädant

65 597 52 20 varit
130 594 69 24 tillåtet
212 598 38 20 och
264 598 36 20 der
314 598 33 20 det
360 599 52 19 varit
425 598 104 26 Törbjudet,
547 601 47 17 utan
609 598 92 21 afseende
717 598 12 20 å
746 600 59 20 besu-

65 624 69 19 tenhet
147 624 37 20 och
198 627 47 18 utan
260 625 72 24 skada,
346 620 81 36 styckat
444 625 30 20 sin
486 625 51 25 jord"
546 626 29 19 uti
592 626 64 18 större
672 626 39 19 och
727 626 78 20 mindre

64 652 52 24 torp:
132 649 144 22 Erfarenheten
290 652 53 19 lärer
356 654 27 17 att
398 652 57 19 häraf
467 654 21 18 är
502 651 99 26 ingenting
613 653 29 18 att
651 651 74 26 befara,
736 651 24 21 dä
770 653 35 20 be-

65 678 122 25 nägenheten
201 680 28 17 att
246 676 117 22 sammanslå
379 677 70 26 jorden
467 678 114 25 fullkomligt
597 680 104 24 motväger
717 678 87 26 böjelsen

65 706 29 17 att
107 704 70 26 stycka
195 704 47 24 den;
260 711 46 13 men
322 704 53 25 detta
393 706 22 18 är
432 704 127 24 förhållandet
575 705 70 20 endast
661 705 40 25 vid.
712 705 23 19 fri
751 705 54 26 jord-

64 731 112 26 styckning.
191 731 86 20 Fruktan
292 732 30 19 för
335 731 88 20 skattens
437 731 97 27 utgående
551 737 58 14 anser
624 729 32 28 jag
673 731 70 20 endast
756 737 48 15 vara

64 762 24 15 en
102 757 146 21 kameralistisk
263 757 153 22 betänksamhet
428 761 46 17 utan
488 757 113 27 betydelse,
617 757 88 20 särdeles
719 763 32 15 om
766 758 38 20 den

64 783 137 21 förvandlades
215 785 26 19 till
256 791 24 14 en
293 784 91 21 bestämd
396 785 156 27 penningeskatt.
568 785 33 19 Att
609 783 104 27 hållskjuts
722 785 38 20 och
769 785 36 26 dy-

64 810 40 21 lika
116 811 118 20 onera-icke
246 811 49 20 böra
309 810 54 25 ökas,
378 811 25 20 då
417 817 25 14 en
455 811 89 27 lägenhet
558 811 91 29 styckas,
662 814 24 17 är
699 810 103 27 sjelffallet.

64 837 69 27 Någon
143 838 97 21 "bestämd
257 839 61 25 gräns
334 839 29 19 för
379 838 153 25 besutenheten,
553 837 80 20 hvilken.
652 838 31 19 för
702 838 37 21 alla.
755 843 50 15 vore

63 864 85 27 lämplig,
163 865 38 20 kan
215 864 61 21 också
291 864 45 21 icke
348 865 117 24 fastställas;
481 864 114 21 hvad:-som
606 866 23 18 är
637 864 30 20 för
675 860 43 35 litet
726 860 30 35 för
767 865 38 20 den

64 897 37 15 ena
114 893 23 19 är
150 891 31 21 för
194 892 81 26 mycket
288 892 32 20 för
329 892 41 20 den.
383 890 67 22 andra.
573 901 2 3 ;
748 899 2 2 :

116 918 37 26 Jag
166 923 59 15 anser
236 919 79 20 derföre
324 918 56 21 :hela
389 918 122 26 principen
529 924 27 14 om
559 918 181 20 besutenheten
749 918 56 20 böra

63 950 27 14 ur
103 945 201 27 författningarne
317 944 61 27 utgä.
551 960 2 2 i

97 976 2 2 *
116 972 115 20 Detsamma
246 972 61 26 gäller
320 972 30 20 för
362 971 162 21 bestämmandet
537 972 21 22 af
569 973 29 18 ett
607 971 198 21 minimi-tunneland-

63 998 26 20 tal
104 998 30 20 för
146 998 163 26 jordafsöndring.
338 998 84 21 Landets
435 999 96 25 naturliga
545 997 138 21 beskaffenhet
694 998 67 24 vållar,
776 1000 30 18 att

63 1024 88 21 det'ofta:
171 1025 38 20 blir
222 1025 56 21 svårt
292 1027 87 17 att'ntan
393 1025 103 25 olägenhet
511 1024 42 22 från
570 1026 29 18 ett
615 1025 94 19 hemman
722 1024 85 26 utbryta

63 1052 13 19 4
96 1052 115 25 tunneland,
229 1053 65 19 ehuru
310 1052 34 19 det
360 1051 31 19 väl
409 1051 66 20 kunde
492 1052 35 20 ske
544 1050 46 20 med
607 1057 25 13 en
649 1051 77 20 mindre
743 1051 59 19 :areal:

64 1078 33 20 Att
111 1078 107 26 parcellera
233 1078 112 25 stogsmark
359 1078 21 19 är
394 1078 44 19 icke
452 1078 31 20 väl
498 1078 88 20 betänkt.
614 1076 66 21 Också
694 1077 39 20 kan
746 1077 60 25 köpa-

64 1110 35 14 ren
120 1106 40 18 ofta
178 1105 61 20 sakna
256 1104 78 26 tillgång
350 1106 27 18 att
393 1104 61 26 köpa,
473 1105 45 19 odla
534 1104 37 20 och
589 1104 90 26 bebygga
697 1106 29 17 ett
742 1104 64 19 större

62 1130 123 28 jordstycke,
203 1132 93 19 hvarföre
305 1130 174 26 minimibeloppet
492 1130 115 20 motverkar
630 1136 24 14 den
663 1129 140 21 obesutna'be-

64 1156 121 28 folkningens
198 1158 111 25 bosättning
322 1157 38 20 och
374 1157 101 20 försvårar
491 1158 30 19 för
534 1157 38 20 den
586 1156 150 21 förvärfvandet:
746 1156 21 20 af
779 1162 24 14 en

64 1184 144 26 förmögenhet,
231 1190 45 14 som
295 1184 67 20 kunde
378 1183 64 26 uppgå
459 1184 26 20 till:
503 1183 65 21 tiotals
587 1183 96 20 millioner.
702 1183 38 19 och
760 1188 46 14 som

62 1210 64 21 skulle
141 1210 44 26 höja
199 1211 39 20 den
251 1217 25 13 ur
289 1211 50 19 dess:
347 1210 107 26 betryckta
469 1210 94 26 ställning.
580 1205 9 36 -
590 1209 81 26 Mången
689 1209 50 26 gång-
757 1210 48 19 skall

62 1236 35 21 det
109 1237 46 20 ock
163 1243 48 14 vara
224 1236 142 31 nyttigare'att
379 1236 27 20 20
419 1238 96 24 parcellér
526 1235 20 21 få
564 1235 72 26 uppstå
654 1235 25 26 på
689 1238 36 17 -ett
741 1236 65 24 ställe;

63 1264 25 19 än
101 1266 29 17 att
144 1263 24 20 de
182 1264 78 24 tvingas
274 1264 26 19 till
314 1263 86 25 aflägsna
414 1262 75 21 trakter
502 1262 25 26 pä
542 1262 25 20 20
581 1262 66 20 skilda
658 1262 122 25 lägenheter:
791 1270 14 5 +:

70 1289 77 19 «AN
162 1289 121 25 förköpsrätt
296 1292 58 16 anser
366 1288 32 26 jag
412 1288 50 21 vålla
475 1288 72 20 oredor
561 1288 39 20 och
614 1287 69 21 hindra
691 1288 116 28 :parcélens

66 1314 94 27 återgång
171 1316 27 20 till
206 1318 107 18 stommen,
326 1316 16 14 >
674 1323 19 9 "a
793 1323 11 3 E

192 1368 24 20 Af
227 1368 234 26 Landtdagsmannen
475 1369 24 19 M:
513 1367 116 29 Heikura:

94 1404 2 3 +
120 1394 53 20 Enär
187 1394 89 20 hvarken
289 1394 41 19 vär
336 1394 90 27 gällande
440 1394 29 26 lag
483 1395 50 18 eller:
543 1394 138 25 förordningen
690 1393 25 19 af
730 1392 38 31 den
776 1393 31 18 +43

66 1420 47 19 Juni
127 1421 54 19 1800
192 1421 65 24 gifver
270 1420 21 19 ät
300 1421 108 24 den;:som
422 1420 102 25 emottagit:
535 1418 87 26 skog:
602 1414 23 36 på
636 1419 97 23 &rrende;
743 1423 64 20 någon
