1014 1792
423 325 28 32 3.

267 435 67 24 Hans
349 435 154 28 Kejserliga
513 436 137 28 Majestäts
661 434 85 29 Nädiga
755 436 51 22 Pro-

199 464 97 28 position
310 463 35 24 till
360 464 105 22 Finlands
476 464 99 28 Ständer,
591 471 34 15 om
640 464 166 28 förebyggande

198 492 25 22 af
243 492 121 29 olämpliga
386 492 110 23 förbehåll
520 493 36 22 vid
579 492 165 28 fastighetsköp
766 492 39 24 och

197 520 196 28 jordegendomars
406 521 139 23 öfverdrifna
554 521 139 27 betungande
702 521 48 22 med
762 521 44 28 syt-

199 549 55 27 ning
268 549 39 23 och
323 548 70 23 andra
407 550 87 22 hesvär.

115 604 59 20 Bland
196 604 64 20 vilkor
282 605 31 19 vid
335 605 126 21 öfverlätelse
478 607 21 18 af
513 606 39 19 fast
568 606 96 26 egendom
682 605 123 19 förekomma

62 632 43 20 icke
120 632 60 18 sällan
198 630 82 26 sådana,
300 638 52 19 som,
372 632 63 20 ehuru
453 632 24 20 de
495 632 16 25 ej
529 634 33 18 äro
579 634 5 18 i
602 633 55 25 lagen
674 631 131 27 uttryckligen

62 658 114 25 förbjudna,
196 658 56 20 likväl
267 659 28 19 uti
310 660 51 19 visst
375 659 92 20 afseende
483 660 28 19 stä
528 660 4 18 i
547 659 48 20 strid
611 662 53 16 emot
677 659 129 19 densammas

62 685 49 22 anda
129 685 37 19 och
183 686 86 25 mening,
286 686 47 19 eller
346 691 69 21 genom
432 686 40 19 sina
487 686 68 26 följder
570 686 64 20 kunna
647 686 43 20 leda
705 686 27 19 till
747 685 59 19 miss-

62 712 50 20 bruk
127 712 39 19 och
182 712 101 20 orättvisa.
306 710 84 22 Sälunda
404 714 22 18 är
441 712 32 20 det
488 714 114 24 visserligen
617 713 43 19 icke
673 711 131 20 öfverlätaren

61 739 85 20 förment
163 741 28 16 att
207 738 78 26 betinga
303 738 30 23 en
344 740 31 19 del
393 740 20 18 af
429 739 37 19 den
484 740 71 20 honom
573 738 147 21 tillkommande
734 739 71 19 veder-

61 766 84 25 gällning
166 765 27 19 uti
214 766 51 18 form
286 766 20 19 af
325 767 88 25 sytning,
438 772 42 14 som
497 768 26 19 till
541 767 72 18 honom
632 767 47 19 eller
695 771 62 14 annan
775 766 29 18 för

62 792 60 20 lifstid
140 791 46 20 skall
204 791 56 25 utgä;
280 798 45 14 men
342 799 70 19 genom
431 793 101 19 öfverdrift
549 794 5 18 i
572 793 65 25 dylika
655 792 94 20 förbebäll
766 792 38 20 kan

62 818 50 20 dock
130 824 24 13 en
172 818 90 26 lägenhet
278 819 96 25 betungas
392 819 63 19 alltför
471 820 58 26 drygt
546 819 37 19 och
600 819 24 26 pä
643 821 27 17 ett
688 820 47 23 sätt,
752 824 50 18 som,

62 844 116 27 isynnerhet
199 844 23 20 dä
244 844 47 20 flera
308 846 102 26 sytningar
428 846 98 26 samtidigt
542 846 53 19 hvila
612 845 56 24 derä,
688 846 116 24 äfventyrar

62 871 133 26 egendomens
209 871 84 20 beständ
309 873 38 18 och
361 872 82 25 menligt
457 872 91 19 inverkar
563 872 23 25 pä
602 872 53 19 äldre
668 872 46 19 eller
724 872 76 19 mellan-

61 897 71 20 komne
153 898 218 25 inteckningshafvares
392 899 45 18 rätt.
468 899 97 20 Stundom
585 897 106 20 öfverlätes
708 898 38 19 ock
761 897 42 25 jord

61 924 64 19 under
139 923 64 20 vilkor
217 925 21 19 af
249 925 92 20 framtida
356 925 116 25 äktenskap,
489 925 81 24 hvilket,
587 925 66 19 såsom
669 930 24 13 en
708 924 96 25 sjelfstän-

61 951 34 24 dig
111 951 38 18 och
167 951 99 25 personlig
283 952 99 25 förening,
401 951 44 20 icke
462 958 58 19 egnar
537 952 30 25 sig
584 952 27 19 till
629 951 66 20 biaftal
710 951 33 20 vid
757 951 47 19 kon-

61 977 74 19 trakter
152 983 32 14 om
202 977 103 26 egendom.
334 977 68 26 Nägon
419 977 50 26 gäng
485 978 120 19 förekomma
624 978 56 19 äfven
696 977 59 20 andra
770 977 34 19 be-

61 1005 52 24 ting
115 999 10 35 ,
133 1009 43 14 som
195 1005 93 18 innebära
304 1004 121 19 förbindelse
441 1005 29 18 för
486 1004 63 25 tredje
567 1011 46 12 man
631 1004 36 19 och
685 1003 118 26 obehörigen

61 1031 75 24 ingripa
153 1031 28 18 uti
198 1031 50 18 bans
264 1031 68 26 lagliga
350 1030 121 25 rättigheter.
501 1032 37 18 För
554 1031 58 25 öfrigt
629 1031 35 18 har
678 1031 106 18 osäkerhet
799 1031 3 18 i

61 1056 244 25 egendomsförhållanden
321 1056 72 25 jemväl
411 1057 91 25 uppstått
518 1057 57 20 deraf
590 1059 26 18 att
635 1057 117 19 öfverlåtare
765 1057 39 19 för-

61 1082 81 21 behållit
159 1084 29 24 sig
206 1083 47 19 eller
270 1084 60 19 andra
345 1089 24 14 en
384 1084 91 19 framtida
490 1083 169 24 återlösningsrätt
673 1083 25 19 till
714 1083 90 25 lägenhe-

59 1111 33 17 ten
114 1112 53 17 emot
184 1110 104 19 bestämda
304 1110 72 24 vilkor,
395 1111 103 18 äfvensom
515 1110 139 20 erfarenheten
672 1109 64 24 någon
754 1109 50 26 gång

59 1135 81 20 företett
154 1137 91 24 exempel
260 1136 24 25 på
300 1136 72 20 sådana
387 1136 72 25 biaftal,
476 1136 77 20 hvilkas
567 1135 121 25 fullgörande
701 1136 43 20 icke
753 1136 50 19 kun-

59 1164 33 17 nat
113 1162 38 19 den
168 1162 120 20 tredskande
304 1162 85 25 lagligen
408 1162 77 25 åläggas
502 1163 46 19 eller
565 1163 26 19 till
610 1163 107 24 ersättning
734 1163 6 18 i
758 1168 45 19 pen-

59 1189 69 24 ningar
142 1188 123 26 uppskattas.

113 1215 35 19 För
166 1217 28 17 att
211 1215 112 20 inskränka
334 1215 175 26 sytningsaftalens
526 1215 101 20 missbruk
645 1215 37 19 och
697 1215 105 26 förebygga

59 1241 73 20 sådana
147 1241 73 24 vilkor,
238 1247 42 14 som
296 1241 32 20 vid
343 1242 104 25 fastighets
461 1242 136 19 öfverlåtelser
611 1243 34 18 äro
659 1241 58 24 eljest
730 1241 74 20 obehö-

58 1268 41 25 riga
117 1269 50 18 eller
185 1268 112 26 olämpliga,
314 1268 35 19 har
363 1268 62 19 Hans
439 1268 132 25 Kejserliga
585 1267 109 24 Majestät
709 1269 52 18 velat
775 1268 25 19 till

59 1294 181 21 Landtständernas
254 1294 108 25 antagande
377 1294 72 20 föreslå
464 1294 81 25 följande
560 1294 129 25 stadganden:

404 1347 10 25 $
425 1347 22 25 1.

111 1382 113 23 Öfverlåter
240 1385 63 26 någon
318 1385 26 19 till
360 1391 74 14 annans
449 1391 35 19 ego
499 1386 69 19 frälse-
581 1385 48 19 eller
643 1384 108 24 skattejord
767 1391 35 13 un-

57 1411 34 20 der
107 1411 195 25 sytningsförbehåll,
317 1411 62 20 varde
389 1411 111 24 inteckning
509 1412 26 18 till
546 1411 92 18 säkerhet
648 1411 29 18 för
687 1411 114 24 sytningens
