978 1792
176 140 42 32 554
394 141 70 23 Nådiga
476 141 139 23 Propositionen
628 140 36 17 N:o
676 140 29 17 22.

183 190 113 28 inspiration
318 190 20 21 åt
354 191 40 19 sina
412 196 49 20 egna
482 191 99 25 dekreter,
599 196 44 14 som
660 189 21 20 åt
700 189 69 26 sjelfva
786 189 71 26 bibeln,
875 189 46 21 med

183 220 60 18 hvars
260 218 51 20 anda
332 218 25 19 de
372 218 85 19 sednare
474 217 78 19 derföre
569 216 65 20 blefvo
651 217 87 19 alltmera
753 216 110 25 oförenliga.
893 217 29 18 De

184 244 152 27 protestantiska
348 244 109 26 synoderna
472 243 90 20 deremot
571 243 57 20 hafva
643 242 29 20 sin
682 242 173 20 allbestämmande
864 247 58 14 norm

185 273 37 19 och
236 272 54 24 regel
304 271 5 19 i
324 270 37 20 den
376 270 61 26 heliga
453 269 62 23 skrift,
531 269 93 26 specifikt
640 269 5 19 i
659 275 40 22 nya
712 271 134 23 testamentet,
861 269 61 19 hvars

184 297 84 21 innehåll
282 296 42 21 står
338 296 5 19 i
358 298 88 18 tväraste
459 297 119 25 motsägelse
592 296 26 19 till
634 295 33 20 det
679 295 92 25 jägtande
784 296 50 18 efter
848 295 76 20 verlds-

184 324 123 24 herravälde,
318 328 44 14 som
376 324 93 24 stämplar
483 322 105 20 hierarkin.
618 322 68 20 Skulle
699 327 44 15 man
757 322 45 19 icke
814 320 68 21 såsom
895 323 29 18 ett

184 350 58 20 bevis
261 350 24 25 på
300 350 62 20 denna
383 350 118 24 motsägelse
518 349 65 19 kunna
604 348 65 20 anföra
686 347 68 26 sjelfva
774 348 33 20 det
824 353 26 14 nu
864 349 60 18 fram-

185 377 68 22 ställda
268 382 38 20 nya
320 376 207 26 kyrkolagsförslaget,
544 376 60 20 hvars
617 375 113 25 frisinnade,
744 377 42 17 mot
801 375 33 19 allt
849 374 76 20 hierar-

184 404 55 21 kiskt
255 402 89 21 väsende
364 402 100 21 stridande
483 402 49 20 anda
545 402 36 20 har
598 401 30 21 sin
647 401 63 26 grund
728 400 42 26 just
786 400 6 20 i
805 400 47 20 dess
866 401 58 20 base-

184 430 60 20 rande
258 429 25 26 på
296 431 44 18 rent
354 428 83 21 bibliska
451 428 110 26 principer?
577 428 112 20 Tvärtemot
702 428 38 19 den
754 428 108 24 förmodan,
879 433 43 13 som

185 462 45 14 man
248 456 93 20 stundom
358 455 36 20 hör
411 458 69 23 yttras,
503 458 28 16 att
548 454 62 22 under
629 454 136 25 förutsättning
785 454 20 19 af
823 453 101 21 blifvande

184 482 132 27 kyrkomöten
333 482 25 19 de
374 482 62 19 härtill
457 481 77 20 invalda
550 481 115 20 lekmännen
686 480 56 20 torde
753 474 64 26 blifva
835 480 88 25 viljolösa

185 509 86 25 redskap
285 508 5 20 i
304 508 162 26 presterskapets
481 508 58 23 hand,
555 508 21 19 är
590 507 100 20 Utskottet
705 507 125 26 öfvertygadt
846 506 76 25 derom,

185 538 28 18 att
226 536 25 19 de
267 535 103 25 verldsliga
386 534 113 24 ledamöter,
516 540 44 14 som
574 539 71 19 genom
662 534 37 19 den
714 533 86 25 kristliga
815 533 109 20 församlin-

185 568 47 20 gens
246 562 35 19 fria
296 562 30 18 val
341 561 79 19 komma
437 563 28 17 att
478 560 98 20 behedras
593 560 46 20 med
652 560 34 20 det
703 560 157 28 förtroendefulla
875 565 49 20 upp-

185 588 47 25 drag
246 590 28 18 att
288 587 53 20 stifta
354 588 31 25 lag
398 587 30 19 för
441 587 82 26 kyrkan,
540 586 54 20 skola
604 587 43 19 visa
662 586 30 26 sig
706 587 43 19 fullt
763 587 90 25 förtjenta
867 586 20 19 åf
899 592 25 14 en

185 614 54 27 dylik
253 614 127 24 utmärkelse,
391 613 83 20 emedan
484 614 30 18 väl
530 613 71 19 främst
614 612 73 20 sådana
701 618 96 20 personer
811 613 63 19 härtill
883 613 42 19 väl-

183 640 38 25 jas,
237 646 44 14 som
290 638 73 26 åtnjuta
377 640 33 19 det
419 640 62 19 stösta
495 639 107 20 anseendet
612 640 29 18 för
654 639 77 25 kristlig
740 639 59 25 insigt
812 640 38 19 och
864 638 61 20 krist-

185 667 35 25 ligt
233 667 91 19 intresse.
354 666 7 18 I
374 665 107 27 Tyskland,
497 665 21 20 så
533 666 42 19 vidt
592 671 43 14 som
653 665 88 26 synoder
761 665 104 20 derstädes
882 666 44 19 blif-

185 694 27 18 vit
227 692 79 25 införda,
323 692 36 19 har
378 692 33 20 det
424 692 60 19 redan
505 692 83 19 kommit
608 692 30 19 tilt
650 693 78 19 allmänt
747 691 130 24 erkännande,
896 694 29 17 att

185 725 70 19 genom
264 720 46 18 dem
325 721 27 17 ett
363 718 43 20 vida
421 719 64 19 större
498 718 105 27 inflytande
612 718 26 26 på
653 718 88 26 kyrkans
753 718 83 20 ärender
850 718 74 20 tillfallit

185 746 166 25 församlingarne,
367 746 23 18 än
405 745 26 19 de
444 746 50 18 förut
509 745 57 25 egde.
590 744 102 20 Utskottet
705 745 70 19 tvekar
788 744 78 20 derföre
880 744 45 20 icke

185 774 27 17 att
232 772 124 19 tillbakavisa
377 770 66 20 såsom
460 771 101 25 ogrundad
583 771 37 19 den
641 772 84 23 fruktan,
747 773 29 18 att
795 771 129 26 kyrkomöten

185 798 63 20 skulle
262 798 52 26 gifva
328 798 44 19 stöd
386 798 38 19 och
438 799 50 18 fäste
497 798 20 19 åt
532 803 23 14 en
565 798 101 25 otillbörlig
680 798 85 19 hierarki
780 797 52 20 inom
841 797 81 26 kyrkan.

185 836 25 3 —
224 825 42 19 Men
281 824 36 20 lika
331 825 42 18 litet
387 824 36 19 kan
434 824 99 20 Utskottet
548 824 42 19 från
600 824 59 19 andra
673 824 54 20 sidan
737 824 98 25 medgifva
850 826 28 17 att
892 829 33 21 sy-

184 851 73 19 noders
270 850 110 20 inrättande
394 850 50 20 efter
459 850 24 20 de
497 850 92 26 grunder,
605 856 44 14 som
664 850 4 20 i
684 850 199 27 kyrkolagsförslaget
897 851 28 19 in-

184 876 93 25 nehållas,
289 876 63 21 skulle
366 876 72 20 bereda
449 876 20 19 åt
482 877 211 19 lekmannaelementet
707 879 26 17 ett
744 876 73 26 vådligt
830 877 38 19 och
877 877 47 20 obe-

185 903 63 26 hörigt
268 903 113 20 öfvervälde
398 903 4 18 i
419 903 84 26 kyrkan.
531 903 162 20 Kristendomens
710 903 49 20 anda
779 902 34 27 går
829 902 21 26 ju
864 905 22 17 ut
899 903 25 26 på

185 932 33 22 att,
234 929 80 20 lösande
327 929 35 20 alla
379 928 76 25 fjettrar
469 930 21 19 af
502 929 55 20 såväl
573 929 99 26 lekamligt
686 935 44 14 som
747 929 72 26 andligt
836 930 86 25 slafveri,

184 956 101 25 uppfostra
302 955 175 26 menniskoslägtet
497 956 26 19 till
538 956 23 19 fri
579 955 61 26 sedlig
660 956 117 26 myndighet
796 955 17 26 ej
829 956 95 20 mindre
915 951 14 35 i

185 983 32 19 det
231 982 89 26 kyrkliga
335 983 23 18 än
372 982 33 26 det
423 982 107 25 borgerliga
547 982 61 19 lifvet.
637 982 43 20 Med
695 983 165 19 reformationens
874 982 52 20 åter-

184 1009 123 26 upptagande
322 1008 20 19 af
354 1007 37 20 den
404 1008 112 26 urkristliga
530 1009 53 19 läran
596 1013 34 15 om
643 1009 23 19 de
680 1009 79 20 kristnes
774 1009 96 20 allmänna
882 1015 42 20 pre-

184 1038 85 25 sterskap
286 1037 36 19 har
336 1037 36 19 den
385 1037 21 20 af
418 1037 150 20 katholicismen
581 1037 110 26 uppställda
708 1037 72 25 skarpa
797 1036 127 25 skiljemuren

184 1065 70 20 mellan
268 1065 65 20 clerici
348 1066 38 19 och
400 1065 43 20 laici
458 1065 98 21 bortfallit.
582 1066 52 19 Hvar
648 1066 40 19 och
696 1071 25 14 en
734 1065 90 27 kyrkans
839 1066 86 20 medlem

184 1092 36 19 bör
233 1092 65 20 känna
312 1091 37 20 och
364 1095 51 21 veta,
427 1095 28 16 att
469 1093 52 19 hvad
536 1098 44 14 som
595 1093 32 19 rör
640 1092 77 27 kyrkan
731 1093 32 18 rör
777 1092 76 20 direkte
868 1093 57 19 äfven

184 1119 72 19 honom
270 1118 51 25 sjelf,
337 1121 27 17 att
378 1118 47 20 dess
439 1119 35 20 sak
491 1120 21 19 är
527 1120 48 19 hans
592 1121 45 23 eget
653 1119 31 19 lifs
702 1118 92 26 djupaste
811 1119 115 26 angelägen-

183 1145 43 23 het;
242 1144 93 20 hvarföre
348 1145 76 26 ky:kan
439 1146 34 25 gör
487 1146 38 19 lika
539 1145 81 26 mycket
634 1145 86 25 anspråk
737 1145 24 26 på
776 1146 49 19 hans
840 1146 86 20 intresse

184 1177 42 13 som
241 1170 25 25 på
280 1171 49 19 hans
342 1171 60 24 insigt
416 1171 29 20 för
454 1171 142 25 befrämjandet
610 1171 21 20 af
643 1172 146 25 församlingens
799 1177 125 20 gemensam-

184 1203 30 13 ma
229 1197 63 20 bästa.
321 1197 29 19 En
364 1199 39 18 rätt
416 1197 88 21 förstådd
519 1198 121 20 kristendom
655 1198 74 19 fordrar
744 1198 78 19 derföre
836 1201 88 23 prester-

184 1223 81 26 skapets
282 1224 38 19 och
336 1223 89 20 lekmäns
443 1225 95 19 samfälda
553 1224 34 19 fria
609 1224 122 19 medverkan
751 1224 29 19 för
794 1224 55 20 Guds
869 1225 54 20 rikes

183 1249 105 20 befordran
302 1249 24 26 på
339 1249 81 25 jorden;
442 1250 39 21 den
498 1251 102 24 behöfves,
622 1250 63 20 denna
703 1250 34 20 fria
751 1250 55 20 med-
819 1251 38 19 och
871 1257 53 14 sam-

183 1275 82 24 verkan,
281 1276 38 19 lika
338 1277 81 25 mycket
436 1277 29 19 för
482 1277 160 19 öfvervinnandet
659 1277 21 19 af
694 1277 105 25 irreligiösa
816 1277 107 20 tendenser

183 1307 43 14 som
241 1303 29 18 för
283 1301 124 21 befästandet
421 1303 20 19 af
454 1309 24 14 en
492 1303 75 25 kristlig
581 1303 49 20 anda
645 1303 5 18 i
665 1303 85 19 Herrans
764 1303 119 26 församling.

221 1352 4 4 .
235 1328 66 19 Tänka
316 1328 18 17 vi
351 1334 35 13 oss
406 1329 124 24 möjligheten
546 1329 57 19 deraf
622 1331 27 17 att
665 1329 25 19 de
704 1330 6 18 i
724 1329 198 26 kyrkolagsförslaget

183 1353 137 25 projekterade
334 1353 143 26 kyrkomötena
486 1355 65 19 skulle
563 1360 73 19 genom
646 1355 121 19 Ständernas
777 1357 45 17 veto
836 1355 83 25 afböjas,

182 1379 21 19 så
218 1379 96 20 förblefve
327 1379 138 26 landtdagarne
479 1381 24 19 de
519 1381 48 22 enda
582 1381 127 25 legaliserade
724 1386 106 20 organerna
840 1380 17 25 ej
872 1381 49 20 blott

182 1405 29 19 för
225 1407 76 18 statens
316 1408 45 17 utan
376 1407 37 18 ock
428 1407 29 19 för
472 1406 87 28 kyrkans
572 1406 124 26 lagstiftning.
720 1407 53 20 Vore
784 1407 32 20 väl
828 1407 34 20 det
876 1407 45 20 sed-

181 1437 47 14 nare
242 1431 121 21 önskvärdt?
377 1433 100 20 Utskottet
491 1435 41 18 tror
545 1433 29 25 sig
587 1433 49 20 blott
650 1434 59 20 uttala
719 1433 38 27 den
771 1433 95 20 allmänna.
880 1439 41 14 me-
