998 1828
282 160 71 24 Nådiga
365 163 139 23 Propositionen
517 163 35 18 N:o
565 164 28 18 12.
775 165 37 20 239

67 210 208 28 tysthetsåliggandets
291 211 100 21 införande
407 213 5 19 i
429 213 26 20 de
472 213 35 20 två:
518 206 68 37 lägsta
600 213 107 26 klasserna,
724 214 5 20 i
744 214 65 22 hvilka

66 239 54 19 faran
137 238 29 19 för
183 238 93 19 moralisk
293 239 66 19 smitta
378 234 32 35 fån
425 245 46 17 arne
487 241 82 19 emellan
587 242 54 18 ännu
657 242 22 17 är
695 243 52 22 stor,
762 247 47 14 men

65 265 92 20 deremot
171 264 43 19 icke
229 264 5 19 i
248 263 25 21 de
286 267 69 17 trenne
369 265 68 26 högre,
453 267 36 19 der
502 267 62 19 denna
579 267 41 19 fara
634 267 37 19 kan
685 270 80 23 antagas
777 273 32 14 re-

65 291 38 20 dan
118 295 45 15 vara
178 290 105 26 aflägsnad.
304 306 2 2 -

119 318 40 19 3:0.
188 317 54 19 Inom
263 316 150 27 fångklasserna
433 318 47 20 sker
499 325 56 20 upp-
575 320 38 18 och
634 319 128 27 nedflyttning
781 320 25 25 pä

64 344 63 25 grund
140 344 22 21 af
174 343 136 26 förbrytarens
324 344 6 19 i
344 344 152 21 straffanstalten
510 345 117 26 ådagalagda
642 346 130 26 uppförande,
788 346 18 26 ej

64 370 48 20 blott
127 370 5 19 i
146 370 81 20 allmänt
240 369 123 26 disciplinärt
377 370 99 26 afseende,
492 375 46 16 utan
552 372 60 19 äfven
626 372 33 20 vid
669 372 138 20 undervisnin-

63 402 38 21 gen
115 397 39 19 och
168 396 33 20 vid
214 396 87 25 arbetet;
317 397 38 19 och
370 397 29 20 för
412 400 29 17 att
455 398 59 20 blifva
524 398 107 26 berättigad
641 399 25 19 till
678 398 129 28 uppflyttning

64 423 64 21 måste
143 423 69 26 fången
226 424 5 19 i
246 424 106 19 allmänhet
366 424 58 20 hafva
439 424 4 20 i
458 425 80 20 klassen
551 425 86 25 tillbragt
650 431 23 13 en
691 426 42 19 viss:
751 426 56 20 mini-

64 450 27 20 mi
105 450 34 26 tid,
155 451 61 19 hvars
230 450 57 26 längd
301 451 58 19 beror
373 450 62 26 deraf,
451 451 97 21 huruvida
563 452 48 19 hans.
626 452 121 26 uppförande.i
758 452 49 21 all-

63 477 80 21 mänhet
156 477 64 21 blifvit
232 477 95 20 bedömilt
341 477 67 21 såsom
422 478 47 26 godt
483 479 47 20 eller
544 478 117 26 försvarligt.
690 479 77 21 Endast
776 480 31 19 för

64 506 63 23 lägsta
141 504 78 20 klassen
233 505 22 19 är
272 506 29 18 ett
318 504 109 20 maximum
443 506 114 25 föreslaget,
575 505 106 20 hvaröfver
698 506 58 26 ingen
773 506 33 20 vid

64 532 48 25 godt
125 532 48 19 eller
186 530 111 26 försvarligt
311 530 121 26 uppförande
445 532 64 20 borde
521 532 36 20 der
570 532 19 20 få
604 531 118 25 yvarhällas,
738 532 25 26 pä
773 533 34 19 det

64 558 205 20 tukthusdirektionen
284 558 61 20 måtte
358 558 60 20 blifva
432 558 5 19 i
452 558 73 20 tillfälle
542 560 28 18 att
586 558 24 20 så
626 561 55 17 snart
697 564 44 14 som
757 558 49 26 möj-

64 585 34 25 ligt
112 584 26 20 till
153 584 60 20 andra
227 584 80 20 klassen
323 584 98 32 uppflytta
435 585 38 19 och
487 584 81 21 sålunda
583 584 49 20 ifrån
647 584 115 21 tukthusets
778 585 29 20 af-

64 611 59 20 skum
138 610 75 26 afskilja
228 611 53 24 dem,
298 610 66 20 hvilka
378 611 117 26 ådagalägga
509 612 38 26 håg
561 611 26 20 till
602 611 91 26 bättring.
714 611 46 21 :Vid
771 611 36 20 då-

64 638 35 25 ligt
115 637 121 27 uppförande
253 636 63 21 skulle
334 637 96 26 nemligen
447 638 89 20 hvarken
552 637 50 21 ifrån
619 638 37 20 den
677 638 62 20 första
759 639 48 19 eller

63 664 63 26 någon
141 664 21 20 af
173 664 26 20 de
212 662 134 27 efterföljande
360 664 102 20 klasserna
470 664 137 27 uppflyttning,
618 670 47 14 men
674 664 31 20 väl
715 664 92 26 nedflytt-

64 692 46 26 ning
117 691 65 19 kunna
192 690 41 25 ske,
245 690 22 20 så
276 693 29 18 att
314 690 34 21 det
354 690 11 20 å
373 696 37 15 ena
417 691 53 19 sidan
481 691 63 21 skulle
553 691 48 20 bero
610 692 21 18 af
638 690 92 28 fångarne
738 690 69 26 sjelfve

64 720 28 18 att
101 719 46 25 göra
158 717 29 25 sig
200 716 89 26 förtjente
301 718 20 18 af
331 717 194 26 klassuppflyttning,
539 723 45 14 men
597 723 24 14 en
634 717 61 20 sådan
707 717 76 20 förmån
794 716 11 21 ä

63 745 61 20 andra
139 744 55 20 sidan
208 743 44 20 icke
266 744 67 19 heller.
341 743 158 27 tillgodokomma
514 743 69 26 någon,
597 749 45 14 som
650 744 45 20 icke
705 744 102 25 verkligen

62 771 54 26 gjort
130 771 29 25 sig
174 769 78 26 förtjent
265 770 62 20 deraf.
357 771 32 20 Till
404 773 134 23 uppmuntran
552 771 30 19 för
596 769 94 26 fängarne
703 773 29 17 att
744 769 62 26 fortgå

64 799 5 19 I
83 798 85 25 bättring
182 798 38 18 och
234 796 78 29 således
326 797 46 26 göra
386 797 29 26 sig
433 797 120 26 berättigade
570 797 26 20 till
613 793 191 53 klassuppflyttning,

64 825 65 21 skulle
141 824 27 20 de
181 824 7 19 i
202 825 69 23 hvarje
286 824 61 25 högre
360 824 55 19 klass
430 824 80 19 komma
524 823 5 20 i
544 823 114 25 åtnjutande
672 829 10 14 af
704 829 64 20 någon
779 823 28 20 el-

63 852 30 19 för
106 851 60 26 några
180 849 105 26 förmåner,
302 855 43 14 som
359 850 26 20 de
398 849 5 20 i
419 851 52 24 lägre
485 849 54 20 klass
553 850 70 19 saknat
635 851 46 19 eller
690 850 6 19 i
705 849 102 20 inskränk-

64 880 43 18 tare
120 877 51 20 mått
184 875 85 26 åtnjutit,
286 875 22 20 sä
321 879 30 17 att
365 876 136 26 strafftvänget
515 877 103 19 efterhand
633 876 63 20 skulle
706 877 59 19 blifva
775 877 32 19 allt

64 904 76 20 mindre
154 903 101 24 kännbart,
272 903 38 19 tills
323 905 29 17 att
364 903 34 19 det
412 903 4 19 i
431 903 70 26 högsta
515 903 78 20 klassen
607 903 43 19 icke
664 903 64 20 skulle
737 903 71 19 omfat-

64 935 20 16 ta
98 931 60 25 några
172 929 60 20 andra
247 929 52 20 band
313 931 25 18 än
352 929 80 24 sådana,
444 935 44 14 som
497 935 49 14 vore
556 929 155 26 oundgängligen
721 929 86 20 nödvän-

64 958 44 24 diga
125 957 29 19 för
170 955 171 26 upprätthållande
357 956 21 19 af
393 955 89 26 ordning.
514 956 117 25 Härigenom
647 955 76 27 åsyftas
739 955 66 25 tillika,

60 986 35 18 att
108 983 103 20 efterhand
225 982 89 25 bibringa
328 981 91 27 fängarne
433 987 51 15 vana
498 982 33 20 vid
546 982 112 20 frestelsers
672 982 137 19 öfvervinnan-

66 1011 25 20 de
105 1012 52 19 samt
171 1009 33 20 vid
217 1009 62 26 någon
294 1008 157 27 sjelfstänlighet
464 1010 5 19 i
483 1009 99 26 handling,
598 1008 25 26 pä
638 1009 33 20 det
680 1008 25 21 de
715 1009 51 19 efter
774 1009 34 19 fri-

67 1037 100 27 gifvandet
181 1035 21 20 så
217 1036 82 26 mycket
311 1037 70 18 lättare
401 1035 62 20 måtte
482 1036 65 19 kunna
564 1034 83 21 emotstå
664 1035 25 20 de
706 1035 103 20 frestelser

66 1064 38 20 och
117 1064 51 19 finna
182 1064 29 25 sig
224 1063 28 20 uti
266 1062 25 20 de
307 1061 130 26 svårigheter,
458 1068 44 14 som
519 1062 6 19 i
542 1062 34 20 det
592 1062 35 20 fria
644 1061 107 21 tillståndet
766 1067 43 14 me-

64 1091 81 20 rändels
159 1091 58 18 vänta
231 1089 53 20 dem.
313 1090 38 19 Det
365 1090 22 18 är
403 1089 61 19 också
478 1089 44 20 dels
538 1089 6 19 i
560 1089 101 19 anseende
678 1089 26 20 till
721 1088 34 20 det
771 1088 37 20 lin-

63 1117 78 27 drigare
156 1115 123 27 strafftvång,
295 1121 44 15 som
352 1116 63 19 borde
428 1116 92 19 utmärka
536 1115 38 20 den
592 1116 69 24 högsta
678 1115 48 20 eller
742 1114 65 21 öfver-

62 1144 148 27 gångsklassen,
227 1145 52 18 samt
292 1142 39 21 den
346 1142 72 20 olikhet
427 1142 5 19 i
442 1142 104 25 fångarnes
560 1141 128 26 behandling,
704 1147 44 14 som
762 1141 46 20 der-

63 1172 21 19 af
96 1171 66 21 blefve
176 1169 94 26 påkallad,
286 1169 38 20 och
338 1169 42 21 dels
394 1169 30 20 för
438 1172 28 17 att
479 1170 46 25 göra
539 1168 156 27 uppflyttningen
709 1169 26 20 till
759 1168 48 21 den-

63 1202 25 15 na
103 1198 55 19 klass
173 1197 25 19 till
213 1202 24 14 en
252 1196 57 20 desto
323 1197 64 18 större
401 1196 129 24 utmärkelse,
546 1201 44 14 som
604 1195 34 19 det
649 1195 66 20 blifvit
726 1195 81 20 föresia-

63 1227 42 23 get,
121 1226 29 17 att
163 1223 62 19 Jenna
239 1223 54 19 klass
307 1223 70 22 skulle,
394 1227 33 14 om
441 1221 81 26 möjligt,
539 1221 97 26 förläggas
646 1221 26 20 till
682 1224 28 17 ett
719 1221 44 20 från
773 1221 34 20 det

62 1251 62 25 öfriga
138 1249 104 20 tukthuset
255 1249 156 20 afskildt.ställe.
440 1249 75 20 Nästan
529 1249 36 19 alla
579 1247 117 26 skildringar
705 1243 19 37 af
733 1248 74 25 fängel-

63 1276 139 21 seväsendet
194 1270 9 36 i
219 1275 72 26 Irland,
310 1274 35 21 der
362 1280 24 15 en
403 1274 62 21 sådan
485 1274 68 27 åtgärd
570 1274 64 20 blifvit
650 1274 92 26 vidtagen
759 1274 47 21 med

62 1304 39 19 den
115 1303 69 26 högsta
198 1303 132 25 fängklassen,
343 1302 178 20 öfverensstämmäa
534 1302 6 19 i
550 1301 118 26 beprisande
682 1301 20 20 af
712 1301 34 20 det
755 1301 51 25 goda

63 1329 108 28 inflytande
184 1329 24 26 pä
225 1329 94 26 fängarne
339 1329 38 19 och
397 1328 59 20 deras
477 1327 127 27 uppförande,
626 1333 45 14 som
691 1327 115 26 derigenom

63 1357 86 20 vunnits.

115 1384 41 19 4:o.
172 1383 65 21 Under
252 1383 44 19 hela
313 1381 108 20 strafftiden
439 1382 101 19 meddelas
558 1380 20 21 ät
594 1380 91 27 fängarne
703 1380 103 21 undervis-

61 1410 46 25 ning
122 1410 5 18 i
143 1409 88 25 trefaldig
245 1409 90 25 riktning,
350 1408 97 25 nemligen
462 1408 5 19 i
484 1408 86 25 religion,
589 1408 6 19 i
612 1407 193 20 elementarkunska-

61 1442 37 19 per
110 1437 39 18 och
163 1435 6 19 i
182 1435 72 20 sådana
269 1435 70 26 yrken,
355 1440 43 15 som
412 1435 178 20 öfverensstämmä
605 1434 44 19 med
665 1434 58 19 deras
737 1433 68 20 fallen-

62 1462 33 19 het
109 1462 39 18 och
161 1461 65 19 kunna
240 1466 47 14 vara
301 1461 46 19 dem
361 1461 25 19 till
401 1466 50 19 gagn
469 1461 51 18 efter
536 1460 131 25 frigifvandet.
696 1460 33 18 Att
744 1461 59 18 äfven
