1011 1773
202 131 26 31 30
432 134 70 22 Nådiga
513 134 140 22 Propositionen
665 133 36 17 N:o
713 134 18 16 2.

206 188 35 20 gar
254 183 56 19 öfver
323 182 171 25 förmynderskap,
510 182 72 24 hvilka,
598 181 58 25 enligt
675 181 98 26 uppgifter
790 180 43 20 från
850 181 95 20 vederbö-

206 208 60 20 rande
282 208 113 24 domstolar,
414 208 30 19 för
461 207 69 25 hvarje
546 212 72 20 person
635 208 52 18 föras
706 207 31 19 vid
755 207 38 19 den
810 207 54 25 Rätt,
882 207 63 19 under

206 234 79 20 hvilken
302 235 38 18 han
356 239 71 20 genom
444 234 29 18 sin
490 234 113 24 boningsort
620 233 61 25 lyder;
701 233 102 19 äfvensom
824 238 24 14 en
867 233 78 25 lämplig

207 260 98 20 tidsgräns
319 260 36 19 bör
368 260 132 24 bestämmas,
518 259 25 20 då
560 259 84 19 nämnde
661 258 152 26 hypotheksrätt
829 259 50 19 efter
895 258 50 21 olika

208 286 131 20 förhållanden
354 286 48 19 skall
416 286 97 24 upphöra.

261 312 27 19 På
302 312 59 20 dessa
375 311 85 25 grunder
473 312 36 19 har
522 312 62 19 Hans
604 310 131 26 Kejserliga
755 310 110 26 Majestät
885 311 59 26 velat,

208 338 68 20 såsom
292 338 133 25 förändringar
442 338 38 20 och
497 338 63 25 tillägg
576 337 33 20 vid
625 342 27 15 nu
667 337 88 25 gällande
771 336 124 29 föreskrifter
914 342 32 15 om

208 363 185 27 förmyndarevärd,
408 364 27 20 till
449 364 178 20 Landtständernas
648 363 107 26 antagande
775 362 71 21 föreslå
863 363 83 25 följande

209 386 126 34 stadganden:
498 405 3 1 N

552 441 11 26 $
576 443 19 18 1.

260 479 38 20 Vid
312 479 113 21 vårdnaden
439 480 56 19 öfver
509 479 164 26 förmynderskap.
687 478 49 21 skall
754 479 86 20 domstol
858 480 88 20 biträdas

207 506 21 19 af
240 505 208 27 kommunalstyrelse,
463 506 36 19 der
512 505 62 21 sådan
587 505 63 20 finnes
667 505 90 20 inrättad.
774 504 33 22 Till
825 506 122 21 kommunal-

209 533 98 24 styrelsen
321 532 70 26 afgilve
405 532 143 26 Kyrkoherden
561 532 30 19 för
605 531 70 26 hvarje
688 531 48 20 halft
750 531 29 26 är,
795 532 52 20 inom
865 538 23 14 en
905 533 42 20 mä-

208 558 39 20 nad
263 558 95 25 derefter,
378 559 120 25 förteckning
514 559 56 19 öfver
586 557 51 20 döde
654 558 52 19 inom
722 559 146 26 församlingen,
885 558 62 26 jemte

208 584 77 31 uppgift
298 584 11 20 å
323 585 58 20 deras
396 585 140 20 efterlemnade
551 584 103 26 omyndiga
674 585 60 19 barns
754 590 58 14 namn
833 586 38 19 och
887 585 60 20 födel-

209 616 53 15 seär.
278 610 214 27 Kommunalstyrelsen
505 611 37 20 bör
555 613 69 23 genast
636 611 85 25 granska
736 611 146 26 förteckningen
896 615 51 16 samt

209 637 45 19 icke
268 637 81 20 allenast
362 637 52 20 tillse
427 640 28 16 att
469 637 104 26 omyndige
587 637 38 20 och
646 637 57 19 deras
725 637 48 26 gods
795 637 16 26 ej
829 637 35 20 mä
886 638 60 26 sakna

208 663 58 26 nödig
280 662 57 27 vård,
351 666 47 17 utan
413 663 45 26 ock,
473 663 46 20 med
532 663 123 26 iakttagande
669 663 20 19 af
701 663 53 20 hvad
767 664 26 19 20
807 664 81 25 kapitlet
904 665 43 20 Ärf-

209 689 105 20 da-balken
329 689 84 26 stadgar,
429 690 37 19 hos
480 690 70 20 Rätten
564 689 70 20 föreslå
653 689 126 27 förmyndare
793 691 38 18 och
850 690 39 21 låta
909 691 37 20 den

209 715 108 26 föreslagna
330 715 28 20 dit
372 715 76 21 inkalla.

555 768 11 25 $
580 769 19 18 2.

264 799 91 21 Vårdnad
369 799 56 20 öfver
439 800 165 27 förmynderskap
616 800 49 20 skall
679 800 121 21 handhafvas
815 801 20 19 af
846 801 38 20 den
894 801 52 25 Rätt,

208 831 45 14 som
273 826 127 19 tillförordnat
427 826 144 26 förmyndaren.
594 825 75 22 Ändras
683 827 104 26 omyndigs
808 827 88 20 hemvist
909 829 38 19 och

208 851 62 20 finnes
284 852 34 19 det
331 852 51 25 förty
396 852 66 26 nödigt
475 855 28 17 att
516 853 185 31 förmynderskapet
714 853 91 20 kommer
817 853 63 20 under
887 853 60 22 värd-

208 878 37 20 nad
265 879 23 19 af
306 883 61 15 annan
381 878 93 26 domstol,
496 879 24 19 då
540 884 40 21 må,
602 880 50 19 efter
672 879 88 20 anmälan
778 880 37 20 och
833 879 60 21 sedan
909 881 37 20 den

209 905 118 26 omyndiges
340 905 126 27 förmyndare
480 906 38 19 och
531 906 79 19 fränder
623 906 62 19 hörde
698 906 71 25 blifvit,
785 906 37 20 den
837 907 51 19 förra
901 908 46 19 Rät-

209 933 32 17 ten
255 932 119 19 öfverlemna
395 931 113 22 vårdnaden
528 932 56 20 öfver
604 931 185 27 förmynderskapet
808 933 27 20 till
849 932 38 21 den
902 934 44 20 sed-

209 962 54 14 nare.

556 1011 10 25 $
580 1011 18 19 3.

263 1040 175 21 Rådstufvurätten
452 1042 5 19 i
472 1042 45 21 stad
531 1043 37 19 och
588 1043 158 26 Häradshöfding
766 1043 25 26 på
811 1043 66 20 landet.
896 1043 51 22 hålle

210 1067 55 19 öfver
278 1067 26 19 de
317 1067 63 20 under
393 1067 59 20 deras
469 1068 88 20 vårdnad
578 1068 82 20 stående
681 1069 165 26 förmynderskap
862 1071 85 19 särskild

210 1093 128 25 förteckning,
353 1094 104 20 utvisande
471 1095 114 26 omyndiges
599 1100 58 14 namn
677 1095 38 19 och
736 1095 103 26 födelseår,
861 1097 87 25 förmyn=

209 1119 59 19 dares
282 1125 58 14 namn
355 1120 37 19 och
407 1121 93 24 hemvist,
516 1123 51 17 samt
581 1121 59 25 tiden,
655 1121 24 20 dä
699 1121 27 20 de
746 1121 62 20 dertill
830 1122 117 21 förordnade

209 1144 73 20 blifvit.
294 1146 39 19 Bor
346 1146 126 25 förmyndare
486 1147 10 19 ä
511 1153 62 14 annan
587 1149 31 17 ort
631 1148 25 19 än
669 1147 35 20 der
718 1148 38 19 han
777 1148 26 19 till
824 1148 123 26 förmynder-

210 1171 70 25 skapet
293 1172 104 20 förordnad
411 1173 28 24 är,
456 1173 51 25 gifve
520 1174 70 19 Rätten
603 1173 70 20 sådant
690 1173 38 20 den
744 1174 85 19 domstol
847 1175 97 25 tillkänna,

210 1197 112 20 hvarunder
335 1198 138 27 förmyndaren
487 1198 46 25 sjelf
544 1199 62 27 lyder,
624 1201 37 18 och
675 1200 61 19 varde
750 1200 33 20 det
795 1199 73 26 jemväl
885 1201 35 20 der
940 1201 6 19 i

210 1223 145 26 förteckningen
369 1225 55 19 öfver
439 1225 162 26 förmynderskap
620 1229 100 23 upptaget.
743 1227 74 25 Flyttar
835 1227 111 26 förmynda-

211 1255 21 13 re
245 1249 27 20 till
287 1255 61 14 annan
361 1254 37 22 ort,
414 1252 76 19 anmäle
503 1252 69 20 derom
585 1253 37 18 hos
636 1252 100 25 domaren,
748 1252 79 20 hvilken
835 1253 33 20 det
875 1252 72 27 åligger

210 1277 28 16 att
252 1275 25 20 till
292 1277 69 18 Rätten
375 1277 11 19 å
400 1277 38 20 den
452 1280 36 22 ort,
504 1279 36 19 der
553 1279 138 25 förmyndaren
705 1279 30 25 sig
745 1279 73 24 bosatt,
826 1279 64 20 lemna
897 1285 50 20 upp-

210 1301 35 24 gilt
259 1302 56 19 öfver
328 1303 170 26 förmynderskap,
513 1309 45 15 som
571 1305 38 19 han
623 1304 92 20 förestår.
806 1309 2 2 i

556 1355 11 25 S
580 1357 20 18 4.

258 1385 53 29 Den
320 1385 127 26 förteckning,
464 1387 82 20 hvarom
560 1387 5 19 i
578 1387 11 25 $
604 1387 10 20 3
630 1387 56 26 sagdt
706 1389 32 24 är,
761 1388 47 21 skall
829 1389 21 19 af
868 1389 77 26 Rätten,

211 1411 105 26 behörigen
331 1412 96 26 granskad
442 1413 37 20 och
493 1413 87 27 förnyad,
597 1414 33 20 vid
645 1413 69 26 hvarje
728 1415 49 20 halft
790 1415 34 20 ärs
837 1416 40 19 slut
892 1415 56 20 med-
