1000 1814
279 129 72 24 Nådiga
362 131 139 23 Propositionen
514 131 36 18 N:o
562 131 27 18 12.
774 131 34 19 255

65 181 50 18 strat
128 185 24 14 en
167 185 68 14 renare
249 179 43 25 sed,
309 186 44 13 som
366 181 79 19 landets
459 181 109 25 förbrytare
583 181 90 24 vanligen
690 179 55 27 utgå,
760 183 46 17 utan

64 205 103 20 desamme
181 206 77 20 tillhöra
272 207 123 25 gemenligen
410 207 38 20 den
461 207 40 20 lösa
516 207 145 25 befolkningen,
677 207 62 20 hvars
752 207 54 26 lägre

64 231 124 26 ståndpunkt
201 232 5 19 i
220 233 132 24 kristendom,
371 233 5 19 i
393 233 112 25 kunskaper
522 236 53 17 samt
591 233 136 20 arbetsamhet
744 232 61 21 också

64 257 42 20 låtit.
119 258 39 19 den
171 257 30 20 stä
216 258 78 20 tillbaka
308 259 5 19 i
328 259 37 25 god
381 259 42 24 sed;
439 259 38 19 och
491 259 59 20 äfven
564 259 52 20 inom
631 259 63 20 denna
704 260 102 19 samhälls-

63 283 55 20 klass
133 284 57 20 hafva
202 283 42 26 just
258 284 24 20 de
296 285 124 24 kommuner,
437 291 44 13 som
495 284 51 27 gjort
555 285 30 24 sig
594 285 65 20 kända
669 286 29 18 för
707 291 25 14 en
741 287 64 18 större

64 309 63 26 råhet,
143 312 29 17 att
185 311 84 24 uppvisa
287 313 28 17 ett
330 310 146 25 jemförelsevis
493 314 64 17 större
574 311 51 19 antal
643 311 109 26 förbrytare
767 312 39 19 och

63 337 65 25 gröfre
142 337 58 24 brott,
217 338 24 17 än
254 337 25 19 de
294 343 45 14 som
352 337 91 20 utmärka
457 338 29 25 sig
500 337 5 19 i
515 339 82 18 motsatt
606 337 89 25 rigtning.
712 337 38 20 Om
760 343 45 14 man

63 364 25 18 än
102 362 79 21 således
194 363 6 19 i
214 363 82 20 främsta
310 365 87 18 rummet
410 364 36 18 har
460 367 28 16 att
504 364 87 25 hoppas,
609 363 34 20 det
659 369 25 14 en
700 363 106 20 förminsk-

63 389 47 25 ning
123 389 6 19 i
143 389 88 20 brottens
245 389 52 20 antal
312 390 47 20 skall
380 389 75 25 framgå
476 396 24 14 ur
519 390 37 19 den
577 389 60 26 högre
657 389 123 26 ståndpunkt
799 390 6 20 i

63 415 129 26 kristendom,
208 416 6 19 i
228 415 115 27 kunskaper
357 417 38 19 och
411 416 194 26 arbetsskicklighet,
625 416 77 21 hvartill
719 419 29 17 ett
761 416 45 21 ord-

63 442 47 20 nadt
122 442 50 20 folk-
186 443 38 19 och
238 442 189 21 fackskoleväsende
442 443 5 18 i
462 444 87 24 förening
562 443 47 19 med
623 448 25 15 en
658 443 78 20 fortsatt
744 443 61 20 nitisk

64 469 38 19 och
115 469 82 26 upplyst
210 469 142 25 religionsvård
367 469 102 20 efterhand
480 469 47 20 skall
538 467 45 27 höja
592 470 98 25 nationen,
707 469 21 20 så
741 469 64 32 gifver

63 495 59 20 likväl
136 495 35 20 det
184 501 27 14 nu
224 495 104 20 anmärkta
345 494 128 21 förhållandet
489 501 25 15 en
529 495 104 26 anvisning
649 495 59 20 äfven
725 501 25 20 på
767 496 38 20 den

64 521 89 20 säkraste
166 523 86 24 utvägen
265 525 29 16 att
307 522 124 19 förekomma
444 528 38 21 nya
496 522 53 20 brott
562 521 60 21 också
637 523 20 18 af
670 522 53 25 dem,
728 522 76 27 hvilka

64 547 60 21 redan
138 548 91 20 förbrutit
242 548 30 25 sig
286 549 38 19 och
338 549 78 19 derföre
429 550 34 18 äro
477 548 146 21 underkastade
635 549 62 20 straff.
726 550 40 19 Äro
781 549 25 23 de

63 574 126 20 förenämnda
203 575 148 26 egenskaperna
365 575 26 20 de
405 575 56 20 bästa
478 575 153 27 skyddsmedlen
648 577 55 18 emot
719 575 54 20 brott
786 575 21 20 af

63 601 53 25 dem,
132 601 68 20 hvilka
213 603 53 18 ännu
279 601 62 26 aldrig
355 601 96 20 hemfallit
463 601 21 20 åt
497 603 76 19 statens
587 601 117 26 straffmakt,
721 601 21 20 så
757 602 49 20 böra

62 627 25 20 de
102 633 47 14 vara
162 627 34 19 det
210 628 58 19 äfven
282 628 30 19 för
326 628 53 25 dem,
395 627 66 20 hvilka
475 629 59 19 redan
548 628 61 20 brutit
621 631 55 16 emot
684 627 119 26 strafflagen.

62 654 34 19 Att
108 654 106 26 uppväcka
228 654 47 20 eller
289 653 130 27 återupplifva
429 656 28 17 ett
466 654 85 26 religiöst
561 654 87 26 sinnelag
657 654 38 20 hos
704 654 46 24 den,
761 660 45 14 som

62 680 62 25 aldrig
138 680 53 20 förut
204 683 33 23 egt
250 683 28 17 ett
292 679 71 21 sådant
377 681 48 19 eller
438 680 43 20 låtit
494 681 33 19 det
541 680 86 26 grumlas
641 680 21 20 af
674 680 50 20 onda
733 681 71 24 lustar;

63 708 28 18 att
104 712 70 20 genom
188 706 141 27 undervisning
343 707 87 25 bibringa
444 713 26 13 en
483 707 65 20 bättre
562 706 58 26 insigt
634 708 38 18 hos
684 707 46 24 den,
744 707 61 20 hvars

63 733 115 26 kunskaper
191 732 53 20 alltid
259 733 51 20 varit
324 734 54 25 ringa
391 734 47 19 eller
452 733 36 19 fått
502 739 24 13 en
539 733 51 20 falsk
603 733 92 26 rigtning,
712 736 52 17 samt
776 736 30 18 att

63 760 34 20 vid
110 760 29 19 flit
152 759 38 20 och
204 760 137 20 arbetsamhet
354 759 57 27 vänja
425 760 46 24 den,
488 766 44 13 som
545 765 72 21 genom
634 759 53 25 lättja
704 760 39 19 och
759 759 47 27 håg-

62 786 64 20 löshet
140 785 114 25 nedsjunkit
266 786 6 19 i
286 786 60 20 laster
360 786 39 20 och
412 786 60 24 brott,
487 786 63 20 borde
564 785 77 21 således
651 792 48 14 vara
708 786 100 26 uppgifter

63 812 59 21 äfven
137 814 29 18 för
181 812 83 26 straffet,
280 812 65 20 såvidt
357 812 66 21 dettas
437 814 21 18 af
468 813 107 19 rättvisans
584 812 110 26 fordringar
703 812 103 21 bestämda

62 838 50 21 mått
125 840 64 24 gifver
202 839 72 20 tillfälle
282 839 72 20 Jertill.
371 839 44 21 Och
429 839 33 20 det
476 845 61 21 synes
551 844 47 15 vara
612 839 151 26 ovedersägligt,
778 841 29 18 att

62 866 38 20 den
113 866 118 26 förbrytare,
248 871 44 14 som
305 866 7 20 i
326 871 24 14 en
363 865 128 21 straffanstalt
507 866 63 20 blifvit
587 866 59 19 väckt
663 866 27 20 till
707 866 99 25 uppriktig

62 892 60 26 ånger
135 893 57 19 öfver
205 892 34 20 sitt
252 892 54 20 brott
320 895 52 17 samt
385 892 86 20 derifrån
485 891 63 27 utgått
561 890 18 26 ej
597 892 81 20 allenast
696 892 45 20 med
755 892 52 20 före-

62 922 66 16 satser
142 919 26 19 till
182 918 91 26 bättring,
289 921 48 17 utan
353 919 59 19 äfven
428 918 46 20 med
492 918 64 20 bättre
572 918 59 20 insigt
647 918 39 20 och
702 924 53 14 vana
772 918 34 20 vid

63 945 76 25 arbete,
155 945 48 19 skall
217 950 72 20 genom
303 945 34 20 allt
349 944 54 21 detta
418 950 46 14 vara
478 945 44 19 vida
530 945 65 19 bättre
601 929 93 45 skyddad
704 947 42 17 mot
755 944 52 20 åter-

63 972 29 20 fall
107 971 6 19 i
127 971 53 20 brott
194 972 37 18 och
245 970 80 21 således
339 972 58 19 äfven
411 977 47 14 vara
472 971 82 27 mycket
565 970 76 21 mindre
651 971 54 27 farlig
715 972 31 18 för
754 976 53 15 sam-

64 998 66 26 hället,
146 1000 25 17 än
188 997 44 25 den,
254 1003 45 15 som
313 996 111 29 undergätt
444 1000 28 17 ett
488 997 99 27 plågsamt
608 998 38 19 och
667 997 139 21 vanhedrande

62 1024 85 26 kropps-
160 1024 48 20 eller
221 1024 117 20 skamstraff
349 1025 39 19 och
401 1024 44 20 icke
458 1024 74 20 känner
545 1024 30 25 sig
589 1023 110 21 återhållen
710 1023 43 21 från
766 1029 39 21 nya

62 1050 54 21 brott
130 1052 20 18 af
162 1050 58 27 något
234 1053 65 22 annat,
316 1052 24 18 än
354 1051 78 19 fruktan
447 1051 29 19 för
490 1051 89 19 straffets
592 1051 136 25 upprepande.

116 1078 33 18 Ett
162 1076 141 27 straffsystem,
319 1077 75 19 hvilket
407 1076 17 26 ej
439 1078 81 19 allenast
533 1076 93 26 erbjuder
635 1077 115 25 tillräckliga
762 1082 45 20 gra-

62 1103 95 25 dationer,
174 1104 28 19 för
217 1106 28 17 att
261 1104 43 19 afse
324 1104 106 19 rättvisans
450 1104 116 25 fordringar,
588 1106 47 17 utan
655 1104 59 19 äfven
734 1108 72 21 genom

63 1130 91 20 straffens
168 1130 61 20 allvar
244 1130 72 20 verkar
329 1129 144 21 afskräckande
483 1132 51 18 samt
544 1129 115 21 förmedelst
675 1130 78 25 religiös
770 1135 37 14 un-

62 1156 114 26 dervisning
194 1156 58 20 söker
268 1159 28 17 att
313 1157 38 19 hos
368 1156 123 25 förbrytaren
508 1156 100 20 framkalla
625 1155 59 26 ånger
700 1156 38 20 och
755 1156 51 19 före-

63 1185 65 17 satser
141 1183 27 19 till
183 1182 91 26 bättring,
292 1182 62 25 jemte
370 1182 35 20 det
420 1182 110 20 detsamma
547 1188 71 20 genom
637 1182 134 26 bibringandet
786 1182 22 20 af

63 1209 113 25 kunskaper
191 1210 38 19 och
243 1214 51 15 vana
308 1208 34 21 vid
356 1208 69 21 arbete
438 1208 85 20 bereder
537 1209 72 19 honom
626 1210 82 24 utvägar
724 1211 30 17 att
768 1208 39 20 lät-

63 1238 42 17 tare
120 1235 64 19 kunna
198 1234 50 21 hälla
262 1235 43 19 sina
319 1235 50 25 goda
383 1235 117 24 föresatser,
516 1235 35 19 bör
566 1234 117 26 följaktligen
695 1234 54 23 alltid
759 1240 48 14 vara

64 1264 28 17 att
106 1261 113 26 föredragas
234 1262 81 19 framför
329 1264 28 17 ett
371 1260 77 26 sådant,
464 1266 44 15 som
522 1262 65 19 landet
599 1267 27 14 nu
635 1266 53 20 eger,
700 1260 38 20 och
749 1261 56 19 hvari

63 1289 69 19 nästan
146 1288 48 20 blott
210 1288 38 20 den
266 1288 144 20 afskräckande
426 1287 56 20 sidan
499 1288 21 20 af
535 1287 76 20 straffet
627 1288 124 24 uppenbarar
768 1287 38 26 sig.

116 1315 34 19 Ett
164 1314 135 26 straffsystem
314 1314 44 20 utaf
371 1314 125 20 förenämnda
509 1313 136 21 beskaffenhet
658 1315 22 19 är
692 1313 68 25 också,
772 1318 35 14 en-

64 1341 34 25 ligt
113 1340 111 21 Utskottets
239 1341 66 25 tanke,
320 1340 35 20 det
368 1343 84 23 system,
469 1346 43 14 som
526 1340 5 19 i
548 1340 38 20 den
600 1339 74 26 Nådiga
691 1340 117 26 propositio-

64 1372 38 14 nen
116 1366 91 25 föreslås,
223 1368 39 18 och
275 1366 108 25 Utskottet,
401 1372 43 14 som
457 1366 138 24 öfverhufvud,
612 1372 32 14 om
657 1368 26 18 än
702 1366 45 20 icke
760 1368 47 18 utan

42 1398 3 2 *
63 1393 154 25 anmärkningar,
229 1393 89 30 godkänt
331 1393 117 24 detsamma,
464 1395 22 18 är
501 1393 29 19 för
543 1393 30 19 sin
587 1392 29 21 del
632 1392 132 26 öfvertygadt,
780 1395 28 17 att

62 1419 34 20 det
109 1419 94 26 erbjuder
216 1420 54 19 såväl
284 1420 26 19 de
323 1419 70 26 nödiga
414 1419 147 26 gradationerna
582 1418 29 21 för
630 1422 29 16 ett
679 1418 77 20 rättvist
774 1418 34 21 be-
