978 1750
169 122 42 33 548
388 127 72 22 Nådiga
470 127 141 23 Propositionen
624 126 36 19 N:o
671 128 30 16 22.

175 176 126 29 åberopande
316 177 20 19 af
348 176 37 20 alla
398 176 140 21 ofvananförda
553 176 50 25 skäl,
614 176 116 20 underställt
742 176 55 20 Hans
810 175 108 27 Kejserliga

175 202 101 26 Majestäts
290 204 46 24 högt
350 208 41 20 uppl
390 203 53 45 iysta
457 203 39 19 och
510 202 69 25 nådiga
596 202 128 25 behjertande
741 203 58 19 dessa
813 203 106 19 ömmande

175 214 169 44 omständigheter
356 234 33 14 med
417 228 121 25 underdånig
552 228 95 25 anhållan,
663 229 34 19 det
713 230 77 18 täcktes
804 229 56 19 Hans
874 228 45 25 Kej-

175 256 70 25 serliga
259 254 90 26 Majestät
361 255 39 20 låta
416 255 79 25 vidtaga
510 254 97 26 åtgärder,
617 255 44 20 icke
674 255 50 20 blott
738 256 27 19 till
777 255 141 25 upphäfvande

175 282 20 19 af
208 282 131 26 nyssanförda
352 284 100 17 samvetet
468 282 132 24 betvingande
615 282 126 25 stadganden,
756 281 37 20 och
810 282 26 19 till
852 282 68 19 förun-

176 309 65 19 nande
255 309 21 19 af
288 309 58 19 frihet
360 308 21 20 åt
393 308 47 20 dem
454 314 43 13 som
512 308 34 20 det
560 308 60 20 önska
630 311 28 17 att
672 308 26 20 till
713 308 101 20 lutherska
829 308 52 19 läran
890 308 30 19 öf-

176 334 66 27 vergä,
260 338 46 16 utan
320 335 38 19 ock
368 335 28 19 till
409 334 138 20 utarbetandet
560 335 20 19 af
593 334 70 24 förslag
677 335 28 19 till
715 340 23 14 en
753 334 111 26 fullständig
877 334 43 20 Jis-

176 362 104 24 senterlag,
297 361 130 20 innefattande
441 360 119 27 stadganden
570 366 32 15 om
617 362 37 18 rätt
668 362 29 18 för
712 360 74 20 kristna
801 360 119 21 trosbekän-

176 394 48 14 nare
237 389 21 19 af
271 394 23 14 en
308 387 44 20 frän
369 372 137 46 Jutherdomen
523 388 104 19 afvikande
645 388 42 19 lära
705 390 28 17 att
747 388 50 19 bilda
814 392 48 21 egna
880 388 40 19 för-

175 415 112 25 samlingar,
303 417 51 17 samt
368 420 34 14 om
415 414 25 20 Je
455 414 69 25 vilkor,
538 414 63 20 under
615 414 66 21 hvilka
694 414 63 21 denna
770 415 38 18 rätt
822 402 38 31 Kan
874 414 46 19 dem

175 440 83 26 beviljas
268 442 39 19 och
317 440 54 22 hvad
379 440 70 21 Jervid
458 443 22 17 är
493 444 28 16 att
530 440 102 26 iakttagas,
643 440 102 20 äfvensom
754 446 32 14 om
801 441 37 20 alla
846 440 25 20 de
881 442 39 18 rät-

175 468 91 26 tigheter,
282 468 67 20 hvilka
362 467 23 21 sä
399 468 5 18 i
415 468 85 26 kyrkligt
514 473 45 13 som
573 467 5 19 i
591 452 102 45 borgerligt
705 467 93 20 afseende
812 467 108 20 tillkomma

176 495 35 20 alla
226 494 122 21 fremmande
368 494 206 30 religionsförvandter
591 494 5 19 i
611 482 72 32 landet.
710 493 29 20 Då
754 499 40 21 nya
811 493 110 26 genomgri-

176 520 64 26 pande
254 521 123 25 stadganden
390 520 5 20 i
410 521 36 20 alla
458 521 59 19 dessa
531 520 126 20 hänseenden
666 522 35 18 äro
715 521 20 19 af
743 520 79 20 absolut
834 520 87 20 nödvän-

175 526 67 47 dighet
255 548 30 19 för
299 536 185 33 samvetsfrihetens
502 546 154 26 förverkligande
674 548 5 18 i
693 546 86 26 Finland,
794 546 60 26 vågar
872 548 48 28 Lag-

175 562 97 32 utskottet
286 574 103 20 vördsamt
405 574 79 26 föreslå,
502 576 30 19 att
551 574 77 19 landets
645 573 86 20 Ständer
748 563 44 31 ville
807 573 69 20 förena
890 573 30 28 sig

175 607 33 14 om
221 603 28 18 att
262 601 46 20 med
321 607 26 14 en
364 591 122 41 underdånig
507 601 80 26 petition
604 601 6 19 i
624 601 54 20 detta
695 601 53 26 syfte
765 601 26 20 till
806 600 55 20 Hans
874 599 47 26 Kej-

175 627 72 26 serliga
261 627 91 26 Majestät
364 627 52 26 ingå.
432 639 26 3 —

536 692 28 18 C.

228 734 29 20 En
272 733 46 20 icke
332 733 74 26 ovigtig
420 733 111 25 förändring
546 733 20 19 af
578 733 155 20 hittillsvarande
750 732 134 21 förhällanden
898 734 22 19 är

177 761 38 20 den
229 761 6 19 i
250 761 11 20 3
276 761 58 24 kap:s
348 761 12 19 5
374 760 17 25 6,
408 760 84 19 sednare
504 762 115 23 momentet,
631 760 74 19 införda
719 760 157 25 bestämningen,
892 762 28 18 att

175 786 69 27 hvarje
259 787 86 21 medlem
360 787 21 20 af
396 793 24 13 en
434 786 177 27 kyrkoförsamling
626 786 33 21 mä
674 793 36 19 ega
727 787 92 25 rättighet
836 789 35 22 att,
887 791 33 15 om

175 814 38 19 han
227 814 34 20 det
274 814 82 25 önskar,
371 813 29 20 för
414 813 80 20 hvilken
508 813 76 26 kyrklig
601 814 114 25 förrättning
729 813 34 22 det
777 815 24 19 än
816 818 48 15 vara.
878 813 40 25 mä;

175 841 57 19 anlita
246 843 62 22 prest,
324 839 81 21 anställd
419 840 6 19 i
439 845 62 14 annan
516 839 133 25 församling.»
678 841 43 19 Den
736 839 68 26 grund,
815 845 45 14 som
875 840 45 19 här-

175 867 42 20 före
230 867 64 20 blifvit
308 867 69 20 anförd
390 867 6 18 i
411 867 110 19 motiverna
536 866 46 24 (sid.
594 866 53 25 133),
659 867 96 25 nemligen
770 869 27 17 att
811 867 58 25 enligt
882 867 39 19 Ko-

176 893 72 20 miténs
262 896 30 17 tro
307 893 46 20 «det
366 893 44 20 icke
424 893 6 18 i
444 893 53 25 ringa
511 898 46 14 mon
572 892 90 26 bidrager
675 893 27 20 till
718 893 105 20 väckande
832 894 39 19 och
885 899 36 14 un-

175 919 127 20 derhällande
316 919 20 20 af
349 922 28 18 ett
390 920 89 19 alltmera
495 919 91 20 lefvande
601 920 86 20 intresse
701 920 30 19 för
745 920 33 19 det
791 920 76 25 andliga
882 921 38 18 och

175 946 30 19 för
220 949 28 20 ett
262 949 57 17 sannt
332 945 179 21 tilliredsstäliande
525 945 21 20 af
555 945 69 20 väckta
634 946 75 26 andliga
724 945 65 23 behof,
801 952 33 13 om
848 945 72 26 hvarje

175 973 127 29 församlings
316 973 87 20 medtem
421 973 35 18 har
473 972 92 25 rättighet
582 975 28 16 att
625 973 33 19 vid
673 961 91 38 kyrkliga
780 973 140 25 förrättningar

176 999 65 20 vända
262 999 29 26 sig
308 999 26 20 till
352 999 39 20 den
406 987 132 36 själasörjare,
558 999 26 20 till
603 999 81 19 hvilken
701 1000 37 19 han
755 999 20 19 af
790 999 41 19 inre
845 988 75 35 böjelse

175 1025 77 21 känner
265 1026 30 25 sig
308 1028 53 17 mest
377 1025 94 26 dragen,»
488 1035 26 4 —
528 1031 58 13 anser
603 1025 56 20 äfven
674 1025 101 20 Utskottet
790 1025 92 20 innebära
896 1031 25 14 en

176 1048 178 34 tillfredsställande
376 1042 104 39 förklaring
501 1052 56 19 öfver
574 1051 33 20 det
627 1057 57 20 gagn,
708 1057 45 15 som
773 1051 148 26 ifrågavarande

176 1079 80 26 ändring
270 1079 50 20 skall
335 1079 41 19 föra
390 1078 46 19 med
451 1078 29 29 sig
494 1079 38 18 och
548 1083 43 14 som
609 1079 142 25 otvifvelaktigt
765 1066 117 37 öfverväger
896 1078 25 19 de

176 1105 69 25 vådor,
244 1095 59 30 dem
317 1105 60 26 några.
391 1107 48 17 trott
449 1105 29 24 sig
492 1105 58 19 hafva
565 1104 41 20 skäl
621 1107 27 17 att
657 1105 58 20 deraf
728 1105 74 20 befara.
831 1106 44 19 Man
885 1105 36 19 har

177 1118 97 43 nemligen
288 1131 42 20 från
344 1131 63 30 denna
422 1124 49 26 sida
482 1131 111 22 framhållit,
613 1132 106 19 huruledes
734 1137 23 14 en
775 1131 62 20 sådan
855 1131 66 25 rättig-

178 1158 34 20 het
226 1146 63 32 skulle
304 1159 5 18 i
324 1158 46 20 icke
386 1158 52 28 ringa
459 1163 46 14 mon
523 1157 61 20 verka
601 1157 27 20 till
649 1158 118 26 upplösning
782 1158 21 20 af
822 1158 34 20 det
870 1158 51 19 före-

177 1184 109 25 ningsband
300 1185 72 21 mellan
382 1183 70 26 hvarje
465 1184 83 20 särskill
559 1184 124 25 församlings
697 1184 137 26 medlemmar,
847 1184 74 20 hvilket

177 1210 37 20 lika
228 1211 83 29 mycket
325 1211 65 20 tillhör
404 1210 70 25 sjelfva
488 1211 108 25 begreppet
609 1211 21 19 af
645 1211 119 25 församling,
780 1216 44 14 som
830 1201 42 29 "det
886 1211 35 25 lig-

179 1242 34 20 ger
226 1243 6 13 i
247 1238 159 30 kristendomens
417 1237 40 23 idé;
474 1237 126 19 hvarförutan
609 1237 37 19 den
661 1236 98 21 förmenas
772 1238 52 24 gifva
838 1239 29 17 ett
876 1237 45 19 stöd

178 1264 38 18 och
231 1264 52 20 bifall
298 1264 19 19 ät
332 1265 37 19 den
383 1263 22 20 sä
420 1253 40 30 ofta
474 1264 5 18 i
494 1264 88 25 kyrkan
575 1260 12 33 -
591 1264 131 25 uppdykande
738 1264 133 24 villomening,
888 1269 33 13 en-

178 1290 32 24 ligt
225 1290 79 19 hvilken
319 1290 174 19 sakramenternas
507 1290 52 18 kraft
573 1291 37 17 och
624 1290 72 18 verkan
711 1290 64 18 skulle
789 1290 47 18 bero
850 1278 21 30 at
882 1290 38 18 den

177 1304 177 41 administrerande
368 1318 95 26 prestens
474 1316 76 25 andliga
564 1314 84 21 tillstånd
663 1315 38 19 och
719 1315 110 25 personliga
844 1315 78 31 pånytt-

178 1341 81 25 födelse,
282 1342 44 19 icke
344 1342 20 19 af
383 1341 58 21 Kristi
459 1330 103 31 instiftelse
582 1342 38 18 och
635 1343 91 24 närvaro,
749 1341 74 19 hvilket
843 1340 79 20 således

178 1374 48 14 vore
243 1358 28 30 att
288 1369 68 19 arbeta
377 1368 141 20 sektväsendet
538 1368 6 19 i
562 1367 107 21 händerna.
698 1368 100 20 Utskottet
814 1371 41 17 tror
870 1367 51 20 dock

178 1397 28 17 att
219 1395 39 20 den
272 1396 118 19 förbindelse
408 1395 71 19 mellan
494 1401 23 13 en
535 1395 123 26 församlings
675 1395 136 25 medlemmar,
830 1400 44 14 som:
888 1394 34 30 be-

180 1422 70 20 höfver
265 1422 153 20 sammanhållas
432 1422 20 20 af
464 1424 53 24 yttre
531 1421 62 26 tvång
606 1411 40 31 för
649 1425 28 17 att
691 1422 51 20 icke
751 1422 44 20 falla
807 1408 81 42 sönder,
904 1420 18 26 ej
