1003 1756
271 125 71 23 Nädiga
353 126 140 23 Propositionen
506 126 36 17 N:o
554 126 17 17 8.
766 124 31 18 17

55 175 98 25 sakfälde,
172 176 101 19 förändras
290 176 25 20 till
333 179 59 17 annat
409 176 63 19 straff.
502 176 7 19 1
523 176 98 20 anseende
634 174 64 20 härtill
712 174 36 20 har
762 175 34 19 Ut-

55 203 74 19 skottet
146 204 48 18 trott
211 208 23 13 en
252 203 100 20 föreskrift
369 203 5 19 i
391 202 98 20 hvardera
506 202 121 20 hänseendet
643 201 47 19 böra
707 201 89 25 tilläggas

55 230 26 18 till
102 234 76 14 samma
200 233 100 20 moment,
323 230 79 20 hvilken
424 230 5 18 i
450 229 52 27 fråga
523 234 32 15 om
577 229 93 19 böternas
689 227 107 25 fördelning

55 256 112 25 lämpligast
180 255 66 21 kunde
261 256 93 20 innefatta
368 262 25 14 en
407 256 117 26 hänvisning
537 256 26 20 till
579 256 8 18 4
604 254 10 25 $
629 255 25 19 32
669 254 44 25 kap.
730 254 22 19 R.
764 254 29 23 B.,

55 287 44 15 som
113 282 79 26 stadgar
207 282 51 19 huru
272 283 56 19 böter
342 283 29 19 för
385 283 53 19 brott
451 282 5 19 i
471 282 105 20 allmänhet
590 281 53 19 skola
658 280 76 19 skiftas.
751 280 45 19 Vid-

54 309 121 20 kommande
193 308 42 20 åter
253 309 92 19 böternas
359 309 111 25 förändring
484 310 27 18 till
526 310 58 18 annat
598 306 61 24 straff,
676 305 20 20 så
712 306 36 18 har
762 306 34 19 Ut-

55 335 74 19 skottet
145 335 31 21 väl
195 334 44 20 icke
256 338 47 17 trott
319 336 30 24 sig
365 336 47 20 böra
427 335 70 20 föreslå
512 334 65 26 någon
591 333 96 19 afvikelse
701 331 42 20 från
757 331 38 20 den

55 362 29 19 för
101 361 108 20 kriminella
225 362 56 19 böter
295 362 107 26 vanligaste
416 362 136 25 förändringen
566 360 25 20 till
606 359 86 25 fängelse
707 358 32 20 vid
756 360 40 17 vat-

54 391 33 17 ten
103 387 38 20 och
159 388 58 23 bröd,
236 394 45 13 men
299 388 88 20 deremot
404 391 65 17 ansett
486 388 28 26 sig
531 388 48 19 böra
596 385 78 20 förorda
691 390 24 14 en
735 384 61 20 sådan

54 413 62 27 grund
131 413 29 21 för
174 413 91 21 straffens
278 415 92 20 mätande
385 418 53 17 emot
452 414 117 24 hvarandra,
586 418 42 14 som
644 412 64 19 blifvit
717 411 79 19 föresla-

53 447 38 20 gen
109 442 5 19 i
129 440 37 21 den
181 441 20 20 af
213 441 101 20 Utskottet
328 442 5 19 i
347 442 38 26 dag
398 442 100 25 godkända
514 442 22 19 31
554 440 10 26 $
579 440 5 19 i
598 438 68 25 nådiga
680 437 116 27 propositio-

54 474 37 14 nen
106 473 33 14 om
153 467 49 26 dråp
216 471 46 17 utan
277 468 72 25 uppsåt
363 471 27 18 att
403 469 50 19 döda
468 469 38 19 och
520 473 61 14 annan
595 465 120 20 misshandel
730 463 11 20 å
752 469 44 20 per-

55 501 45 18 son,
120 495 98 25 nemligen
235 497 28 17 att
277 495 82 20 böterna
373 495 63 20 skulle
450 494 102 21 förändras
566 493 26 20 till
607 493 86 24 fängelse
707 490 32 20 vid
754 493 43 16 vat-

54 524 34 17 ten
102 521 38 20 och
153 521 56 24 bröd,
227 522 141 20 motsvarande
383 528 22 13 en
420 521 95 26 tredjedel
530 521 20 20 af
562 520 34 19 det
609 518 83 20 ådömda
705 517 91 20 bötesbe-

55 549 73 25 loppet.
157 549 29 24 Ty
200 547 25 20 då
240 548 39 19 den
294 549 5 18 i
314 549 13 19 4
340 549 11 25 $
367 549 10 19 5
392 548 44 25 kap.
453 549 20 18 S.
490 549 20 18 B.
526 545 162 22 förekommande
702 543 54 20 tariff
768 544 29 19 för

55 575 67 19 böters
137 574 110 25 förändring
261 575 25 19 till
302 575 85 25 fängelse
401 575 32 19 vid
448 577 67 17 vatten
530 574 39 19 och
583 572 57 23 bröd,
656 571 46 19 med
716 569 80 20 hvilken

55 600 61 21 också
134 601 37 19 den
189 601 27 19 uti
234 601 25 19 60
277 601 10 24 $
303 601 21 20 af
339 600 68 27 nådiga
424 601 147 25 propositionen
588 605 32 13 om
636 596 121 21 afskaffande
777 597 21 18 af

56 628 54 20 vissa
127 627 124 20 härförinnan
268 627 88 26 nyttjade
373 628 58 20 straff
446 629 77 23 intagna
540 625 54 21 tariff
612 623 136 26 väsendtligen
769 623 28 19 öf-

55 655 180 24 verensstämmer,
253 655 22 20 är
292 645 104 39 uppgjord.
406 654 44 24 med
468 653 92 25 afseende
578 651 11 20 å
605 651 25 20 de
647 650 42 25 låga
706 649 91 20 bötesan-

55 685 54 21 svär,
125 686 45 17 som
184 680 128 21 föreskrifvas
327 680 5 19 i
348 679 51 22 1734
413 681 32 19 års
460 681 35 25 lag,
512 685 46 16 men
573 679 25 19 de
611 683 27 15 nu
649 675 147 27 ifrågavarande

55 708 84 19 böterna
152 707 65 26 uppgå
232 707 27 20 till
275 710 28 17 ett
317 707 21 20 så
352 706 47 28 högt
412 708 80 25 belopp.
509 709 28 18 att
550 706 25 20 de
591 705 29 19 väl
635 704 67 19 kunna
716 705 81 22 antagas

56 735 5 19 i
75 733 106 22 allmänhet
194 737 102 17 motsvara
309 737 31 17 tre
354 734 73 27 gånger
439 734 95 25 beloppet
548 733 21 20 af
581 732 24 20 de
619 732 63 23 böter,
699 735 43 14 som
757 729 5 19 i
772 729 25 20 22

55 761 46 26 kap.
121 762 20 19 B.
161 762 20 19 B.
201 763 34 17 äro
253 760 94 26 stadgade
365 762 28 19 för
408 761 99 26 uppsåtlig
520 758 143 23 misshandling
677 756 20 20 af
709 756 86 21 kreatur,

56 788 21 20 så
92 788 37 20 har
142 787 33 21 det
191 790 57 24 synts
262 787 102 20 Utskottet
378 794 47 14 vara
440 784 80 29 obilligt,
537 789 27 17 att
578 786 24 19 de
612 790 26 14 nu
646 782 151 26 ifrågavarande

56 815 81 20 böterna
155 815 63 19 skulle
235 814 66 20 kunna
318 814 79 27 öfvergå
414 815 26 20 till
458 814 86 26 fängelse
562 812 33 20 Vid
612 813 68 18 vatten
696 810 39 19 och
749 809 49 20 bröd

56 842 61 25 enligt
131 846 24 15 en
169 841 189 26 beräkningsgrund,
375 846 43 15 som
432 840 118 21 fortfarande
564 839 92 19 kommer
668 839 30 17 att
707 835 50 26 gälla
769 833 29 22 för

59 868 25 20 de
101 869 6 19 i
125 868 52 21 1734
194 867 33 20 års
243 868 32 25 lag
291 867 116 21 föreskrifna
423 867 63 25 :böter,
502 867 66 20 hvilka
583 865 31 20 vid
629 864 64 20 denna
706 862 92 25 landtdag

56 895 45 20 icke
117 893 87 26 undergå
222 894 121 25 förändring,
363 899 45 15 men
424 894 92 19 deremot
530 898 47 14 vara
591 891 85 24 rättvist,
691 892 29 17 att
733 889 66 20 bötes-

57 921 137 25 förändringen
209 920 75 20 skedde
298 920 24 26 på
337 921 125 20 förenämnda
477 923 45 17 sätt.

110 947 26 20 På
150 947 61 21 dessa
225 947 43 19 skäl
282 947 29 20 får
325 947 101 20 Utskottet
439 946 55 21 alltså
508 945 104 20 vördsamt
626 941 80 22 föreslå:

261 993 28 17 att
309 991 72 20 landets
399 992 98 25 höglofliga
516 989 82 20 Ständer
615 988 51 23 ville,
689 987 43 20 med
748 987 50 26 före-

261 1020 82 19 nämnda
363 1020 79 25 ändring
462 1019 33 20 och
507 1019 82 25 -tillägg,
608 1019 72 22 antaga
698 1015 36 20 den
746 1015 53 26 före-

261 1048 68 25 slagna
337 1049 143 26 författaingen,
495 1047 73 20 hvilken
583 1044 71 21 således
664 1043 56 20 borde
730 1042 70 20 erhålla

256 1076 87 25 följande
358 1077 78 26 lydelse:
521 1081 5 4 s

132 1128 116 25 Förordning
258 1127 95 26 angående
363 1128 95 27 uppsätlig
468 1128 135 24 misshandling
614 1127 22 19 af
644 1126 85 21 kreatur.

320 1165 45 19 Med
387 1165 79 25 ändring
488 1165 23 25 af
526 1162 218 26 straffbestämmelserna
763 1161 7 18 i
788 1160 13 19 2

262 1193 35 19 och
310 1193 15 19 6
340 1192 33 27 GG
387 1195 50 18 sami
450 1193 14 18 4
478 1198 54 13 mom.
546 1192 8 19 i
568 1190 14 20 8
591 1190 17 26 f
618 1190 24 19 22
652 1189 78 25 kapitlet
738 1187 63 27 Bygg-

262 1221 124 24 ningabalken
399 1221 79 24 stadgas
492 1227 40 12 som
540 1219 68 26 följer:

321 1248 93 27 Föröfvar
432 1247 62 27 någon
515 1247 11 20 &
548 1253 74 14 annans
643 1246 77 19 kreatur
740 1243 62 20 sådan

263 1275 93 27 uppsätlig
374 1277 142 24 misshandling,
536 1282 41 13 söm
594 1276 7 18 i
617 1274 13 19 2
644 1274 44 19 eller
700 1273 16 19 6
731 1273 13 24 $
760 1272 42 19 eller

258 1305 63 25 fjerde
335 1307 97 18 momöntet
445 1304 14 19 8
474 1306 13 23 $
502 1304 26 19 22
538 1303 76 26 kapitlet
626 1300 176 27 Byggningabalken

263 1337 61 22 säges,
330 1333 57 25 plikte
395 1332 48 27 från
458 1333 33 19 och
496 1332 43 20 med
546 1333 25 18 tio
581 1331 25 20 till
613 1331 33 19 och
653 1329 43 20 med
703 1328 101 21 trehundra

263 1361 63 24 mark,
346 1362 26 19 till
389 1361 61 20 sådan
461 1361 118 26 fördelning,
598 1365 39 14 som
650 1359 8 18 i
672 1357 12 20 1
699 1359 13 23 $
727 1356 27 20 32
769 1356 32 19 kar

264 1391 52 23 pitlet
331 1389 183 25 Rättegängsbalken
530 1388 82 25 stadgas.
638 1385 82 19 Förmär
734 1385 38 18 han
786 1385 15 23 ej

263 1417 59 24 gälda
342 1416 86 23 böterna,
449 1417 41 18 sitte
510 1417 6 17 i
529 1415 87 25 fängelse
636 1413 31 20 vid
686 1414 62 17 vatten
769 1411 36 19 och
