1003 1784
211 134 34 33 178
427 140 70 22 Nädiga
509 137 139 25 Propositionen
662 138 34 19 N:o
705 139 32 18 '10.

214 186 28 24 öm
252 186 161 30 anläggande
392 181 23 39 af
426 192 63 23 «väg»
501 189 48 27 icke
563 188 37 20 bör
612 188 88 20 melföra
716 188 63 27 någon
787 187 71 29 dnnan
869 186 85 29 änlritig

209 217 33 18 11
255 216 15 25 8
281 215 29 27 25
323 213 46 28 käp.
386 216 21 19 B.
423 215 33 27 B.,
473 217 25 18 än
512 214 29 20 alt
554 214 47 24 den,
617 220 43 14 som
676 214 73 26 nödgäs
764 214 50 20 afstä
822 215 73 28 'hage,
904 215 50 27 skog

214 243 47 19 eller
274 239 79 22 utmark
368 241 25 20 till
408 241 107 20 inrättande
532 241 20 20 af
567 241 71 20 allmän
655 241 106 26 landsväg,
774 241 42 21 bor
826 241 80 20 'erhälla
924 247 31 14 er-

207 268 91 26 "sättning
307 266 62 21 -äfven
383 267 30 20 för
422 267 64 20 'sädan
495 267 69 20 'mafk.
593 267 107 26 Utskottet,
716 272 45 15 som
774 268 62 19 finner
847 267 107 20 Jenna-an-

214 294 87 20 märkning
328 295 59 18 hafva
402 294 41 20 skäl
457 294 30 19 för
501 294 36 25 sig,
553 299 59 14 anser
627 293 29 26 sig
669 293 58 26 dock,
744 295 5 18 i
759 294 129 19 betraktande
898 293 57 20 deraf

213 324 28 17 att
255 321 24 20 én
285 319 71 28 "ännän
370 321 81 19 slutsats
471 321 19 19 än
505 320 38 20 deh
551 320 184 25 nyssomförmälda
750 320 98 27 svårligen
863 319 36 21 kän
909 315 45 37 dra-

208 348 79 26 "gas
261 341 24 37 Ur
300 346 148 26 ifrågavarande
462 347 110 26 lagförslag,
588 347 61 20 sakna
664 347 51 25 giltig
729 347 101 26 antedning
843 349 34 24 att
883 341 70 37 föreslå

261 372 109 28 uttryckligt
384 372 211 27 stadgande
500 368 12 36 i
524 372 71 27 antydt
611 374 61 25 syfte.
687 383 28 15 —
727 373 37 20 För
780 373 58 26 öfrigt
847 373 107 27 'föranteda

208 423 6 3 N
272 398 25 21 de
308 400 25 25 $$
346 399 45 20 icke
404 399 27 20 tili
445 399 61 20 andra
521 399 151 26 anmärkningar
685 399 21 20 af
713 399 115 25 Utskottet,
842 401 27 18 än
882 393 31 36 att
929 401 25 18 en

213 426 30 20 del
253 426 26 20 'af
291 425 48 21 sista
353 430 60 15 mom.
430 426 5 19 i
448 425 11 26 $
474 427 10 18 7
499 426 45 19 icke
555 425 110 20 återfinnes
679 425 5 20 i
698 425 64 20 finska
777 426 73 24 texten,
858 425 36 20 'att
904 425 14 26 $
930 426 22 25 8,

208 453 66 20 "sådan
288 452 36 21 den
341 452 56 26 lyder
411 452 5 19 i
431 453 154 25 propositionen,
600 452 44 19 icke
658 453 22 18 är
694 452 42 20 fullt
751 450 99 28 tillaniplig
864 453 6 18 i
882 451 18 21 Je
906 451 46 26 fali,

207 479 30 27 'dä
252 478 38 21 den
304 479 104 25 "ögendom,
424 484 43 14 som
482 479 47 20 skall
543 478 105 25 värderas,
663 480 21 17 är
698 479 81 23 belägen
790 479 54 19 inom
862 479 92 27 stads-af-

205 499 66 41 ”hysta
283 505 91 28 ömräde,
390 507 51 17 samt
457 508 29 17 att
498 506 15 25 '$
525 505 27 20 11
572 505 43 19 icke
632 510 60 21 synes
709 505 42 20 fullt
763 505 99 31 betrygga
875 503 80 22 'inteek-

213 533 19 18 Fa
236 527 129 55 ngppalvares
381 533 45 18 rätt.
441 543 26 3 —
476 531 16 26 $
509 532 12 19 8
534 531 61 20 torde
609 531 82 20 -Jerföre
702 531 56 20 'böra
770 532 81 20 *erhälla
864 531 90 26 "följande

213 558 84 26 Iydelse:

282 635 2 2 =.
337 612 128 20 Guvernören
479 611 48 20 höre
540 615 72 21 egaren
628 610 36 21 och
675 610 64 26 öfrige
747 609 206 22 Vederbörande
902 605 54 37 i'sa-

283 638 38 27 ken
331 640 56 18 'samt
401 637 43 24 låte,
461 643 33 14 om
507 636 22 20 sä
543 637 65 26 'nödigt
622 640 31 21 är,
670 643 37 20 syn
724 637 11 20 ä
749 636 73 26 stället,
834 644 2 3 'på
874 635 80 24 'sökän-

283 663 48 27 déns
346 658 118 36 bekostnad,
483 663 60 20 hållas
560 663 22 19 af
596 663 87 25 domare,
701 658 166 36 distriksingeniör
876 658 75 36 ,-fahdt-

276 691 83 19 "mätäre
372 690 48 19 eller
433 690 64 19 annan
511 688 125 26 tjensteman,
652 689 45 19 med
711 689 95 21 biträde'i
821 690 44 19 stad
880 690 24 20 'åf
911 689 42 21 'tvä

282 716 220 26 Magistratsledamöter
515 716 39 19 och
563 716 25 25 pä
597 716 67 19 landet
672 716 21 18 af
703 715 31 20 två
737 715 145 28 nämnderriän,
894 715 60 21 -tivär-

283 746 55 16 utom
352 742 119 26 sakkunnige
484 748 102 20 personer,
602 743 51 19 efter
666 742 98 20 hvardera
777 745 81 23 partens
881 743 72 25 förslag

282 768 11 21 å
308 768 115 26 Omsesidigt
435 768 36 20 lika
485 770 63 24 antal,
563 769 90 19 tillkallas
668 768 39 20 mä.

208 846 4 2 +,
270 815 57 40 Den'i
339 822 94 19 afseende
447 822 11 20 ä
476 821 10 26 $
498 822 27 29 41
545 815 100 40 anmärkta
655 815 82 40 -bristen
749 820 61 22 torde
828 820 43 22 åter
889 822 64 20 kunna

212 848 98 26 aihjelpas
323 851 72 23 genom
409 847 84 25 följande
508 848 116 20 förändrade
635 846 136 28 'Ordalydelse:

335 900 76 21 Varder
423 902 22 19 af
456 897 96 24 Seriatöns
560 901 257 26 Ekonomie-Departemeht
829 901 119 26 förordnadt,

280 927 31 26 alt
315 927 105 26 egendom
431 927 50 24 skall
496 926 105 25 äf*egaren
618 927 47 20 eller
681 926 143 21 innehafvären
842 925 27 22 till
886 927 64 26 någon

280 953 103 26 Yhenighet
399 953 95 26 afträdäs,
513 948 36 36 ege
567 952 136 27 Guvernören,
717 953 72 27 'säsom
807 952 61 21 redan
885 954 6 19 i
911 954 10 25 $
938 954 12 19 6

282 979 91 27 stadgadt
387 981 27 24 är,
431 982 50 18 sätta
495 978 149 21 vederbörände
657 980 6 19 i
677 978 275 28 besittning
791 974 21 36 af
824 978 128 28 Uet?Bestäm-

273 1005 43 20 "da"
324 1004 92 27 området,
435 1009 50 24 emot
497 1000 121 37 utbetalning
635 1006 21 19 af
670 1005 209 27 ersättniingsumiiiän,
898 1012 50 19 som,

273 1030 46 27 ifall
326 1032 117 20 ”afträdaren
457 1031 18 26 ej
484 1030 39 22 vill
538 1032 115 20 densamma
657 1026 56 37 lyfta
722 1033 55 19 eller
790 1033 48 26 tvist
851 1032 34 20 om
902 1033 48 20 hans

273 1058 47 27 "rätt
329 1054 75 36 *Jertill
419 1058 84 27 uppstär
512 1058 55 20 eller
583 1058 121 27 egendomen
721 1061 22 18 är
751 1059 124 25 intecknad,
893 1059 37 20 bör
945 1059 5 20 i

274 1085 98 25 "behörigt
376 1085 75 20 förvar
460 1085 112 20 'neusättas.
945 1092 2 2 L

259 1137 26 30 '$S
300 1138 29 20 13
342 1148 14 4 —
365 1138 24 19 25
408 1137 116 26 bestärhitia,
536 1138 54 19 huru
603 1136 186 28 ersättningsfrägan
802 1137 150 21 skall*behand-

211 1166 30 24 las
258 1164 6 20 i
277 1163 26 21 de
316 1165 39 24 fall,
370 1163 24 21 dä
408 1158 108 36 afträdaren
528 1164 51 20 eller
594 1163 120 21 tillträdären
728 1164 45 20 icke
783 1158 61 36 'höjes
861 1163 42 22 med
912 1164 38 20 den

202 1192 13 24 i
230 1185 70 37 Sådant
311 1185 96 37 afseende
421 1190 58 26 enligt
492 1190 24 26 $$
528 1190 21 20 '6
569 1191 47 19 eller
636 1191 12 19 9
671 1189 123 29 verkstältda
804 1196 18 14 v
884 1191 63 25 ingen.

211 1215 147 28 Propositionen
371 1217 129 26 uppenbarar
508 1213 57 23 äfven
579 1216 78 21 här'ett
671 1209 157 39 omisskännöligt
837 1209 113 39 sträfvande

202 1241 43 28 att
252 1238 175 32 emöt”inflytelser
440 1244 21 19 af
473 1241 143 28 tillfälligheter,
628 1234 49 41 'våtd
684 1243 42 20 'och
741 1242 207 28 godtyckebetrygga

205 1269 104 27 hvårdeta
321 1269 233 26 säkegarens
448 1265 57 35 rätt,
511 1265 43 35 "och
568 1265 67 35 enligt'
650 1269 167 27 Utskottetsäsigt
833 1270 37 19 här
886 1270 64 20 Jenna

211 1291 58 35 svära
277 1292 83 52 vppgift
373 1296 63 20 blifvit
449 1296 25 25 pä
489 1299 27 17 ett
535 1296 42 20 fullt
594 1296 233 27 tillfredsställande
775 1292 54 35 "sätt
843 1297 45 19 löst.
916 1296 32 20 Till

210 1322 59 24 några
291 1328 11 12 få
317 1322 150 24 anmärkningar
480 1323 63 18 finner
557 1322 99 19 Utskottet
670 1323 28 23 sig
712 1322 51 19 dock
781 1322 108 20 föranlätet.
920 1323 30 19 De

206 1351 39 24 äro
259 1347 122 25 visserligen,
397 1352 33 14 om
444 1353 45 14 man
503 1347 22 21 sä
539 1347 40 25 vill,
594 1348 22 19 af
627 1348 146 21 underordnag
781 1348 110 25 betydelse,
903 1353 45 14 men

207 1374 66 19 denna
286 1374 59 19 deras
359 1374 100 26 egenskap
475 1374 37 20 har
528 1373 51 21 dock
594 1374 46 19 icke
656 1374 44 20 bort
716 1374 71 20 hindra
821 1374 83 20 Utskottet
920 1376 29 18 att

206 1400 110 20 framstälta
330 1400 53 20 dem.

262 1427 64 25 Enligt
340 1426 10 26 $
365 1428 24 19 14
403 1427 54 19 skola
471 1427 25 20 de
509 1428 36 20 der
559 1422 116 36 omiiämnde
692 1427 49 27 gode
757 1429 85 19 männen
850 1428 58 20 "vara
920 1428 27 18 «i
