1011 1767
284 122 72 22 Nådiga
366 124 141 22 Propositionen
519 124 36 18 N:o
567 124 16 17 1.
789 124 22 18 27

275 172 76 25 balken;
365 173 13 19 2
393 175 12 23 $
421 174 25 18 19
461 174 77 25 kapitlet
552 169 138 30 Ärfdabalken;
705 173 12 19 7
733 174 12 24 $
756 173 13 19 4
779 173 32 19 ka-

273 200 52 25 pitlet
343 202 33 18 och
393 201 13 18 4
424 203 12 23 &
456 202 14 18 6
487 202 76 25 kapitlet
579 201 140 24 Jordabalken;
736 201 27 19 29
777 202 14 25 &
805 203 14 22 i

274 227 69 27 Adliga
360 229 134 25 Privilegierna
511 230 36 19 den
560 229 27 18 16
603 229 80 20 Oktober
696 228 53 20 1723
763 232 49 17 samt

275 255 67 26 Kongl.
360 256 136 26 Förklaringen
513 257 36 19 den
566 257 12 18 2
596 256 54 20 Mars
665 255 61 24 1802,
741 258 7 17 i
762 257 50 19 hvad

274 283 57 20 dessa
348 284 72 25 lagrum
438 285 43 18 eller
492 285 138 25 författningar
647 287 33 16 äro
697 286 39 17 mot
750 284 61 20 denna

275 310 117 27 Förordning
407 312 102 23 stridande,
523 312 69 19 varder
600 311 89 26 stadgadt
698 318 40 13 som
742 312 69 25 följer:

493 366 46 27 81.

332 405 33 19 Mö
379 405 61 26 hafve,
456 405 58 20 sedan
528 406 36 19 hon
572 406 74 24 femton
658 405 23 19 är
688 406 84 25 gammal
781 409 28 20 är,

273 433 54 20 makt
340 435 28 17 att
382 433 48 20 råda
445 433 51 25 öfver
509 433 37 24 det,
561 433 36 20 hon
611 433 44 26 sjelf
655 434 102 25 förvärfva
767 433 43 20 kan.

276 461 36 20 Vid
327 462 75 25 tjuguett
416 461 33 19 ärs
464 460 53 21 älder
529 467 32 20 ege
575 461 37 20 hon
622 461 34 19 allt
665 463 31 18 sitt
703 462 48 25 gods
755 462 52 25 före-

271 489 40 24 stä,
326 489 34 20 der
373 489 37 20 hon
424 489 22 19 sä
461 488 91 21 ästundar
565 489 34 20 och
612 489 70 20 sädant
689 491 36 24 för
738 489 71 20 Rätten

273 518 89 19 anmäler.
394 517 72 26 Hafver
484 518 36 19 hon
535 517 46 26 fyllt
603 517 87 26 tjugufem
711 517 31 24 är,
764 524 45 13 vare

272 549 46 17 utan
332 545 35 20 slik
381 545 90 20 anmälan
485 545 80 26 myndig.
594 545 36 20 Vill
644 545 35 20 hon
693 545 47 20 dock
754 545 55 20 hellre

267 573 172 27 förmyndarevärd
452 574 59 25 njuta,
527 580 32 19 ege
572 573 78 23 Rätten,
662 573 27 26 pä
700 574 67 19 hennes
781 573 28 20 be-

269 606 71 23 gäran,
359 602 63 20 derom
433 602 94 25 förordna
541 602 34 20 och
589 601 69 20 sädant
671 601 136 26 vederbörligen

271 631 90 26 kungöra.

489 686 14 25 8
517 685 18 19 2.

330 724 64 21 Sedan
410 727 31 17 mö
459 726 75 24 tjuguett
551 724 31 20 års
600 724 53 20 ålder
669 724 87 26 uppnått,
775 730 32 20 ege

272 754 37 19 hon
329 756 45 17 utan
394 754 102 24 giftomans
516 752 95 26 samtycke
632 752 103 26 äktenskap
757 751 49 26 ingå.

273 781 60 27 Gifter
350 782 36 19 hon
402 782 29 24 sig
448 783 38 17 mot
497 780 109 26 föräldrars
624 781 44 25 vilja
683 782 7 17 i
703 780 24 20 de
735 780 45 26 fall,
795 779 13 19 2

271 810 14 25 8
300 810 14 19 6
328 810 43 24 kap.
388 808 172 26 Giftermälsbalken
574 808 107 24 innehåller,
695 808 54 26 hafve
761 807 46 21 dock

265 838 61 26 fader
339 838 44 19 eller
395 837 65 19 moder
472 836 45 20 våld
531 839 28 17 att
570 838 48 24 göra
633 837 57 19 henne
705 837 63 25 arflös.
785 842 3 2 *

271 940 86 20 Finlands
369 940 75 19 ständer
455 940 105 20 framhärda
570 941 34 18 ete.

122 1010 127 24 Helsingfors,
266 1008 39 20 den
321 1008 10 18 7
345 1008 52 19 Mars
412 1008 58 20 1864.
