1003 1756
289 113 71 23 Nådiga
371 114 140 24 Propositionen
524 114 35 18 N:o
572 115 28 17 10.
785 113 29 19 181

76 160 59 21 äfven
148 162 6 18 i
168 161 68 21 länder
249 161 36 20 der
298 163 63 25 någon
375 162 171 27 värdeförhöjning
560 164 30 19 för
603 162 34 20 det
646 162 102 27 ofrivilliga
758 163 58 19 afträ-

75 187 73 21 dandet
162 188 52 20 varit
226 188 113 27 melgifven
353 189 22 21 sä
390 190 82 26 mycket
478 190 64 20 hellre
551 188 86 28 frängätt
646 192 28 16 ett
684 189 69 21 sådant
763 190 53 19 stad-

75 215 69 45 Eä
167 221 44 14 som
228 215 119 27 detsamma,
363 223 71 20 genom
449 217 38 19 den
501 216 108 26 förhöjning
623 216 4 18 i
642 215 131 21 kostnaderna
787 216 30 28 för

89 242 274 20 ommunikationsanstaltens
379 243 184 26 tillvägabringande
577 243 57 20 deraf
646 242 63 20 blifvit
723 248 24 14 en
761 242 53 24 följd,

75 268 131 27 motverkade
220 268 77 21 landets
311 270 103 19 materiela
428 270 120 25 utveckling.
576 270 37 24 Jag
626 268 31 20 får
670 268 79 20 derföre
758 269 60 19 vörd-

75 294 98 20 sämmäst
185 294 100 26 tillstyrka
299 298 28 17 att
340 296 71 19 endast
425 295 33 20 full
469 296 109 26 ersättning
587 294 62 21 måtte
656 294 105 26 jordegare
770 294 48 21 eller

75 320 127 20 innehafvare
217 321 125 21 tillerkännas
356 321 30 20 för
400 322 141 25 exproprierad
554 322 64 20 mark.

128 347 9 19 I
154 347 63 20 denna
234 348 126 20 reservation
377 348 59 20 hafva
455 349 128 19 Friherrarne
600 346 53 26 Boije
669 347 39 19 och
724 348 91 24 Aminoff,

75 372 52 21 Herr
142 379 38 14 von
195 374 144 26 Weissenberg
353 377 51 17 samt
418 374 50 20 Herr
482 375 194 25 Kontraktsprosten,
692 374 76 20 Doktor
776 374 40 20 Eu-

76 404 81 20 ropeus
171 400 39 20 och
223 400 197 26 Landtdagsmannen
434 401 87 20 Heikura
535 402 76 20 förenat
624 400 36 27 sig.

202 456 29 19 Af
243 456 60 19 Herr
317 456 237 26 Kontraktsprosten,
570 456 41 20 D:r
625 455 142 26 Hertzberg:

129 480 89 22 Emedan
232 482 38 20 den
284 482 99 26 principen
398 488 44 14 som
456 482 72 20 uttalas
542 482 5 20 i
561 482 74 26 Nädiga
650 481 166 26 propositionen
803 476 16 37 $

77 508 10 20 1
105 508 39 20 och
161 508 81 20 hvilken
258 508 60 20 äfven
335 508 101 20 Utskottet
453 508 86 26 godkänt
554 508 97 26 nemiligen
668 511 28 17 att
711 507 105 26 jordegare

75 538 43 16 mot
131 534 34 20 full
180 535 108 26 ersättning
302 535 37 20 och
355 535 72 20 hälften
441 534 114 21 derutöfver
569 534 150 26 skyldigkännas
729 536 28 18 att
765 533 50 21 afstä

75 561 58 21 mark
147 561 30 20 för
191 562 80 20 allmänt
284 562 61 20 behof
358 562 63 20 skulle
435 561 89 20 försvåra
538 562 38 20 och
590 561 79 27 fördyra
684 561 79 20 allmänt
772 563 45 27 nyt-

75 588 40 26 tiga
128 588 82 25 företag,
227 588 69 20 såsom
309 588 97 26 reglering
420 589 21 19 af
453 591 61 23 gator,
530 591 44 23 torg
588 588 37 20 och
639 590 72 18 tomter
724 588 6 19 i
740 587 78 21 städer-

75 620 32 19 na,
123 614 109 20 inrättande
246 615 21 19 af
279 615 86 25 kanaler,
380 614 54 26 jern-
447 615 37 19 och
499 615 60 19 andra
573 616 61 24 vägar
647 614 25 26 på
686 614 72 24 landet,
769 613 47 21 med

76 646 56 14 mera
146 640 72 26 dylikt;
234 640 22 21 så
266 641 30 20 får
305 640 32 26 jag
345 641 93 21 häremot
446 641 73 26 inlägga
528 641 40 20 min
577 641 129 25 reservation,
718 640 98 20 anseende

77 667 70 20 endast
166 667 34 20 full
221 668 108 26 ersättning
345 668 48 20 böra
406 668 126 20 tillerkännas
544 666 111 27 jordegare,
671 673 33 14 om
718 667 38 19 han
771 666 45 26 sjelf
837 674 2 2 -

76 693 110 53 plane
206 694 38 20 kan
264 694 61 26 draga
345 696 56 24 nytta
418 694 22 20 af
454 694 34 20 det
508 694 81 26 företag,
612 694 78 20 hvartill
706 694 39 20 han
758 693 56 21 mark

76 720 91 20 upplåtit.

91 726 13 20 E
131 746 66 20 Denna
212 746 121 21 reservation
347 747 35 20 har
396 747 52 21 Herr
462 747 20 19 S.
497 747 101 20 Träskelin
612 746 78 20 biträdt.

280 950 92 21 Finlands
390 951 91 21 Ständers
496 951 128 26 underdäniga
638 958 45 14 svar
696 954 7 17 i
718 951 99 27 anledning

210 980 24 25 af
249 977 55 22 Hans
322 979 105 26 Kejserliga
441 980 101 26 Majestäts
556 979 77 26 Nädiga
643 981 125 24 proposition,
783 986 33 14 an-

208 1007 74 26 gående
291 1007 111 26 jordegares
416 1008 104 26 skyldighet
533 1010 28 18 att
570 1011 47 17 emot
627 1009 102 25 ersättning
738 1006 78 27 upplåta

211 1036 55 19 mark
273 1036 36 25 för
322 1035 77 20 allmänt
414 1036 58 26 behof.

357 1087 57 19 S.A.
429 1087 23 19 K.
468 1093 19 14 o.
503 1088 30 19 S.!

128 1139 44 21 Med
189 1140 95 21 afseende
299 1139 48 22 derä
365 1143 30 17 att
409 1140 77 22 landets
500 1141 96 20 allmänna
613 1141 30 25 lag
657 1140 109 21 innehåller
781 1146 34 14 en-

74 1166 45 21 dast
139 1166 139 27 ofullständiga
295 1167 121 25 stadganden
430 1173 32 14 om
475 1166 115 27 jordegares
605 1167 113 26 skyldighet
731 1169 29 17 att
773 1170 41 16 mot

74 1193 107 26 ersättning
195 1193 80 26 upplåta
289 1193 57 20 mark
360 1193 29 20 för
403 1194 119 26 anläggande
536 1194 20 19 af
563 1193 95 26 landsväg
667 1195 53 18 samt
729 1193 42 20 helt
777 1194 39 22 och

74 1218 61 21 hållet
156 1220 72 19 saknar
247 1219 149 26 bestämningar
416 1220 84 20 rörande
514 1219 56 26 jords
584 1219 114 23 afträdande
711 1220 30 19 för
755 1219 60 22 andra

73 1245 98 21 allmänna
185 1246 67 25 behof,
268 1246 36 20 har
318 1247 23 19 E.
357 1246 23 20 K.
395 1247 37 19 M:t
443 1247 28 19 uti
484 1252 24 14 en
518 1246 89 20 Finlands
621 1246 78 21 ständer
709 1245 33 24 vid
752 1246 63 22 denna

74 1272 91 25 landtdag
181 1272 85 27 förelagd
284 1273 123 25 proposition
424 1273 27 20 till
469 1273 117 20 ständernas
603 1273 108 25 antagande
727 1273 5 19 i
750 1271 66 22 Näder

75 1297 131 22 fverlemnat
220 1301 28 17 ett
262 1299 71 26 förslag
348 1299 26 20 till
389 1299 112 26 författning
515 1299 5 20 i
535 1301 72 18 ämnet.

129 1324 28 21 Då
174 1325 38 20 den
230 1325 147 25 ifrågavarande
393 1325 130 26 lagstiftnings
540 1325 94 26 åtgärden
651 1325 114 25 oafvisligen
782 1324 34 26 pä-

75 1351 63 20 kallas
153 1351 20 20 af
185 1351 37 20 den
236 1351 83 27 vidgade
334 1351 129 21 verksamhet
477 1352 52 20 inom
543 1352 110 25 samhället,
669 1357 45 14 som
723 1353 28 18 ett
758 1351 60 22 ökalt

76 1377 92 20 välstånd
183 1378 36 18 och
232 1384 25 13 en
270 1378 88 24 stigande
367 1378 66 19 kultur
443 1378 94 23 medföra,
550 1378 57 19 hafva
618 1379 105 19 ständerna
734 1378 26 19 till
771 1378 47 19 den-

77 1409 77 14 samma
171 1402 22 21 så
210 1403 82 26 mycket
308 1404 62 19 hellre
386 1404 73 19 lemnat
477 1405 29 18 sin
523 1404 128 24 medverkan,
671 1409 43 14 som
729 1404 25 19 de
768 1404 50 19 före-
