1000 1761
189 111 33 18 328

405 109 71 22 Nådiga
488 109 139 22 Propositionen
639 108 37 18 N:o
688 109 28 17 13.

395 160 34 19 och
442 159 43 19 med
498 165 36 12 sex
547 158 92 20 månader
652 158 26 19 till
689 158 33 19 och
731 158 42 19 med
782 158 44 25 fyra
836 157 28 19 är.
894 157 39 25 (M.

398 187 22 19 B.
435 186 11 20 1
462 187 43 24 kap.
527 186 34 25 18
572 186 10 19 1
595 186 67 25 mom.)

459 214 24 19 14
498 213 16 25 $.
546 214 33 24 (Af
592 213 100 20 enahanda
707 213 77 26 lydelse
798 213 46 19 med
859 218 75 14 samma

396 240 30 25 Si
440 236 163 41 propositionen).

455 269 24 18 15
493 268 17 25 $.
541 266 64 26 Begär
618 266 62 26 någon
696 267 67 25 tidelag
779 267 33 20 och
826 269 24 16 är
862 267 72 24 gernin-

396 302 35 18 gen
440 295 117 26 fullbordad,
572 290 75 43 straffes
661 295 43 19 med
714 295 74 19 tukthus
793 294 48 26 frän
852 294 33 19 och
894 293 42 19 med

398 326 24 17 ett
438 323 26 20 till
478 324 34 18 och
526 322 42 20 med
584 322 30 20 tvä
629 322 30 24 är;
675 323 34 19 och
723 323 59 19 varde
796 323 61 25 djuret
866 322 71 19 dödadt

398 352 44 19 eller
457 351 26 19 till
498 358 64 12 annan
579 354 29 16 ort
624 350 155 26 undanskaffadt.
809 350 39 26 (M.
867 350 24 20 B.
909 349 28 20 10

398 380 44 25 kap.
458 378 12 19 1
484 379 31 25 8).

459 407 25 19 16
498 407 16 24 $.
545 406 138 26 (Likalydande
697 407 46 19 med
758 412 75 14 samma
850 406 10 26 $
874 406 4 19 i
893 411 45 21 pro-

397 433 125 26 positionen).

457 462 24 19 47
496 462 16 25 $.
544 461 48 22 Den,
608 467 39 13 som
661 460 43 20 med
717 460 45 19 våld
777 463 52 23 tager
842 460 34 19 och
889 459 47 20 bort-

398 489 50 20 förer
462 495 64 12 annan
540 495 54 12 mans
609 489 65 18 hustru
691 489 44 18 eller
747 489 133 25 fästegvinna,
900 490 38 17 mot

400 517 69 19 hennes
483 517 51 24 vilja,
550 517 63 18 dömes
629 516 26 19 till
670 515 74 20 tukthus
752 515 49 26 frän
816 517 33 18 och
859 515 42 20 med
904 517 33 25 fy-

400 551 23 12 ra
438 545 27 19 till
480 545 33 18 och
527 545 43 18 med
584 543 40 20 åtta
643 543 28 20 är.
702 543 89 20 Kommer
809 544 45 26 häfd
872 544 66 23 dertill,

401 572 75 25 straffes
493 572 42 19 med
555 573 73 18 tukthus
648 573 6 18 i
674 573 36 25 tolf
726 572 23 20 är
768 573 43 19 eller
827 572 28 26 pä
875 572 62 24 lifstid.

402 600 39 26 (M.
456 600 24 20 B.
496 600 24 19 22
535 600 43 25 kap.
594 600 14 18 3
623 600 31 26 8.)

460 630 24 20 18
498 630 17 24 $.
547 628 60 20 Förer
620 628 61 27 någon
697 629 40 19 bort
751 629 42 19 med
804 628 45 21 våld
858 630 30 18 mö
898 629 43 19 eller

403 656 57 24 enka,
476 663 40 13 som
530 656 16 26 e
558 658 41 24 fäst
612 660 33 20 är,
661 658 76 25 straffes
752 656 63 21 såsom
829 658 7 18 i
850 658 28 18 56
893 657 13 26 &
922 657 22 26 af

402 686 62 19 denna
472 685 112 26 förordning
600 688 60 23 säges.
691 685 77 26 Häfdar
781 686 37 19 han
833 686 58 19 henne
906 687 36 18 mot

403 713 68 20 hennes
484 714 52 24 vilja,
552 713 62 19 dömes
629 714 26 19 till
670 714 74 19 tukthus
749 713 48 26 från
807 714 34 20 och
850 714 42 19 med
902 713 40 20 åtta

403 741 26 19 till
444 742 34 19 och
491 742 41 18 med
548 742 35 24 tolf
595 740 23 20 är
632 742 43 19 eller
687 741 27 26 pä
729 742 64 26 lifstid.
823 742 39 26 (M.
880 742 21 20 B.
917 742 25 19 22

403 769 43 26 kap.
462 769 13 19 4
490 769 31 25 8.)

465 798 25 19 19
504 796 17 25 $.
552 797 138 25 (Likalydande
704 798 46 20 med
765 803 75 14 samma
855 798 10 25 $
879 798 4 19 i
896 803 46 20 pro-

402 819 127 33 positionen).
708 829 3 3 :

462 852 25 20 20
502 852 16 24 $.
553 850 65 20 Fader
637 852 44 19 eller
699 852 70 23 moder,
790 852 43 19 eller
851 858 65 13 annan
935 853 7 18 i

404 881 38 17 rätt
456 878 124 26 uppstigande
595 878 35 23 led,
646 886 39 13 som
700 876 41 29 haft
750 879 100 26 lägersmäl
859 880 42 19 med
911 881 32 18 sitt

404 907 47 19 barn
466 907 43 19 eller
523 907 57 18 barns
594 906 108 27 afkomling,
717 908 58 19 varde
790 908 56 19 dömd
860 909 26 18 till
896 908 46 19 tukt-

404 935 35 19 hus
448 935 48 27 från
510 935 34 19 och
558 935 42 19 med
614 935 40 20 åtta
670 937 26 18 till
711 936 33 20 och
758 936 42 19 med
815 937 35 25 tolf
860 935 29 24 är,
901 937 43 18 eller

402 963 27 25 pä
444 963 64 26 lifstid,
523 963 34 19 och
572 963 64 20 barnet
651 965 43 19 eller
711 964 125 26 afkomlingen
856 965 25 19 till
900 971 42 13 ena-

402 987 67 34 handa
483 992 59 47 ia
546 990 49 27 från
610 993 33 19 och
658 993 42 19 med
715 992 30 20 två
761 994 26 18 till
801 994 33 18 och
848 994 42 18 med
904 992 40 20 åtta

406 1019 28 22 år.
464 1020 73 26 (M.
516 1015 25 37 B.
558 1020 27 18 59
601 1021 43 25 kap.
660 1021 11 19 1
687 1021 31 27 8.)

465 1050 23 19 24
504 1049 16 25 $.
551 1047 44 20 Har
602 1049 60 25 fader
677 1050 43 19 eller
733 1050 64 18 moder
816 1050 40 26 haft
875 1050 69 25 lägers-

406 1076 37 20 mäl
457 1076 42 20 med
513 1078 32 17 sitt
559 1076 71 25 aflidna
645 1077 56 20 barns
716 1078 44 20 eller
774 1078 42 19 dess
830 1078 71 24 aflidna
916 1078 28 25 af-

407 1104 90 26 komlings
514 1104 63 23 maka,
597 1106 43 18 eller
658 1106 99 26 stjufader
776 1106 43 19 eller
837 1106 109 26 stjufmoder

406 1133 43 19 med
465 1134 32 18 sitt
515 1132 92 26 stjufbarn
626 1134 45 19 eller
689 1134 42 20 dess
751 1134 111 26 afkomling,
882 1134 62 19 dömes

407 1160 92 20 hvardera
514 1161 28 19 till
556 1161 74 19 tukthus
638 1161 49 26 från
702 1163 33 18 och
749 1162 43 19 med
806 1169 34 12 sex
854 1162 92 19 månader

408 1189 26 20 till
448 1189 33 19 och
496 1189 41 19 med
546 1190 48 25 fyra
609 1189 27 20 är.
667 1189 39 26 (M.
725 1190 20 19 B.
761 1190 28 19 59
804 1190 43 25 kap.
862 1190 13 19 2
890 1190 31 26 8.)

465 1219 25 19 22
504 1219 16 24 %.
557 1217 47 20 Sker
623 1217 100 26 lägersmäl
745 1219 77 19 emellan
840 1219 38 19 hel-
904 1219 43 19 eller

408 1245 116 26 halfsyskon,
538 1247 58 19 varde
611 1246 66 19 dömde
688 1246 26 20 till
724 1247 74 19 tukthus
802 1246 49 26 frän
862 1247 33 19 och
904 1247 42 18 med

409 1277 25 16 ett
448 1273 26 20 till
489 1274 33 19 och
536 1275 42 19 med
592 1281 35 12 sex
642 1273 27 20 är.
699 1274 39 26 (M.
754 1275 24 19 B.
794 1275 26 19 59
835 1275 45 25 kap.
890 1275 14 18 3
914 1274 31 26 8).

467 1308 24 19 23
506 1309 16 23 $.
554 1308 44 18 Har
611 1307 62 26 någon
687 1308 42 25 haft
743 1307 100 25 lägersmäl
856 1308 42 18 med
917 1308 29 19 sin

409 1335 75 19 broders
499 1335 43 20 eller
556 1337 69 24 systers
640 1335 48 19 barn
703 1335 43 19 eller
760 1335 112 25 afkomling,
891 1335 55 25 straf-

403 1363 33 24 fes
450 1362 93 21 hvardera
557 1363 41 19 med
614 1362 73 20 tukthus
697 1362 48 26 från
760 1363 34 20 och
807 1363 43 19 med
867 1365 27 17 tre
908 1362 38 20 mä-

409 1390 58 20 nader
483 1391 26 18 till
523 1392 33 19 och
571 1391 42 20 med
628 1389 68 28 tvätär.
715 1391 39 26 (M.
766 1391 22 19 B.
799 1391 28 19 59
838 1389 66 29 kapi4
915 1391 31 25 8).
