1003 1750
282 120 71 23 Nädiga
364 122 138 24 Propositionen
516 122 35 18 N:o
563 123 17 17 8.
771 121 31 19 149

116 168 28 21 Då
166 169 77 21 således
263 170 25 20 de
309 171 95 21 särskilda
425 172 85 21 Ständen
534 172 26 20 uti
578 171 148 26 ifrågavarande
743 174 59 18 ämne

61 196 60 20 hafva
138 196 79 20 stadnat
234 197 34 19 vid
285 198 102 20 enahanda
404 199 65 19 beslut
485 198 6 19 i
508 199 33 19 allt
557 199 67 24 öfrigt,
643 201 54 16 utom
719 201 28 17 att
767 198 33 20 två

61 223 70 25 Stånd,
151 224 5 18 i
174 223 88 25 enlighet
278 224 46 20 med
340 224 38 21 den
395 225 69 26 nådiga
478 225 146 25 propositionen
638 226 38 18 och
690 224 111 20 Utskottets

59 249 135 25 betänkande,
209 252 66 17 ansett
289 250 76 20 straffet
379 252 29 19 för
421 251 98 26 uppsåtlig
533 251 142 25 misshandling
688 251 21 19 af
722 250 80 20 kreatur

61 276 47 20 böra
123 281 47 14 vara
184 276 56 20 böter
254 275 41 21 från
309 278 39 18 och
361 278 46 19 med
422 279 27 18 tio
463 278 27 20 till
505 278 38 19 och
557 277 45 19 med
616 277 107 20 trehundra
738 277 62 24 mark,

61 302 72 20 medan
150 302 42 20 åter
209 302 34 20 två
261 303 61 20 andra
337 304 60 20 Stånd
415 304 71 20 önskat
503 303 18 20 få
539 304 63 19 dettas
617 308 72 14 ansvar
702 303 101 19 bestämdt

60 328 27 21 till
105 330 57 19 böter
178 328 42 20 från
237 330 39 18 och
293 330 45 19 med
355 330 27 20 tio
397 331 25 20 till
437 331 38 19 och
490 330 45 20 med
549 329 172 21 etthundrafemtio
736 330 64 23 mark,

62 355 21 21 så
98 356 37 19 har
148 356 135 24 Lagutskottet
297 356 55 20 alltså
366 357 42 19 icke
424 357 57 20 bordt
495 357 78 25 vidtaga
588 355 62 27 någon
662 361 63 15 annan
735 356 67 26 åtgärd

62 382 5 20 i
84 382 70 26 saken,
174 384 24 17 än
211 385 29 17 att
254 383 72 19 föreslå
341 383 191 26 sammanjemkning
546 384 21 20 af
579 382 99 20 Ståndens
692 382 65 20 beslut
770 388 33 14 an-

62 408 73 27 gående
150 410 69 24 högsta
233 409 94 26 beloppet
340 411 22 19 af
374 411 133 26 nyssnämnda
521 410 62 20 böter.

115 435 8 20 I
140 435 71 20 sådant
227 436 95 19 afseende
337 437 62 20 skulle
414 438 116 25 visserligen
544 436 33 20 det
591 436 20 19 af
624 436 95 25 vällofliga
732 436 70 25 Borga-

62 461 100 22 reståndet
179 461 37 20 och
234 463 124 20 hedervärda
376 463 146 20 Bondeståndet
543 463 71 20 fattade
635 463 78 24 beslut,
736 462 66 20 såsom

61 491 88 18 närmast
169 489 206 21 öfverenstämmande
394 490 45 20 med
460 491 38 20 den
518 490 115 25 nugällande
654 489 5 19 i
680 490 25 19 22
722 489 81 26 kapitlet

61 515 183 27 Byggningabalken
261 516 158 21 förekommande
436 517 144 26 lagstiftningen
597 516 4 20 i
619 518 78 23 ämnet
693 511 10 36 ,
720 515 82 26 erbjuda

61 543 30 26 sig
107 542 26 21 till
152 542 62 25 grund
231 543 30 19 för
277 545 28 18 ett
318 542 191 27 jemkningsförslag.
538 544 43 19 Men
596 549 44 14 som
653 543 100 19 Utskottet
767 543 35 19 har

61 570 30 26 sig
107 569 81 25 bekant,
206 571 29 18 att
251 569 129 21 förbrytelser
395 571 19 20 af
426 569 149 28 ifrågavarande
588 571 42 24 slag
644 569 91 21 stundom
750 569 53 21 skett

60 596 64 20 under
140 596 89 20 särdeles
247 596 129 21 försvårande
393 598 178 25 omständigheter,
589 600 15 16 t.
623 603 31 13 ex.
671 596 86 24 sålunda,
774 598 27 17 att

61 629 24 14 en
102 628 72 21 person
191 623 6 19 i
212 622 73 26 uppsåt
302 627 29 17 att
347 625 83 19 hämnas
447 624 10 20 å
477 629 61 15 annan
553 626 65 24 sargat
631 626 73 17 tretton
719 623 82 26 stycken

61 650 64 20 denne
141 650 94 25 tillhöriga
252 650 80 20 kreatur
349 650 28 26 så,
393 654 28 17 att
435 651 26 19 tio
476 652 21 19 af
508 651 60 20 dessa
583 650 5 19 i
602 649 45 26 följd
662 650 57 19 deraf
730 649 72 20 måstat

61 676 127 26 nedslagtas
188 671 13 37 ,
203 687 26 3 —
244 675 22 21 så
287 677 37 20 har
343 678 113 24 Utskottet,
479 682 44 15 som
543 679 65 17 ansett
629 675 172 21 etthundrafemtio

62 704 68 19 marks
144 702 56 20 böter
214 708 47 14 vara
275 706 28 18 ett
317 704 63 20 alltför
394 704 76 26 lindrigt
484 704 58 20 straff
553 703 29 20 för
595 703 66 26 dylika
670 702 82 21 svårare
761 703 39 24 fall,

62 732 48 18 trott
123 730 30 26 sig
166 729 47 21 böra
228 730 103 20 vördsamt
345 730 80 21 föreslå:

266 760 27 17 att
311 758 72 20 landets
401 759 98 25 höglofliga
517 757 82 21 Ständer
612 756 56 21 måtte
682 756 77 23 besluta,
775 759 27 17 att

266 787 65 25 högsta
349 786 83 26 beloppet
449 788 24 24 af
484 786 51 20 böter
542 787 35 25 för
591 785 93 26 uppsåtlig
698 784 104 20 misshand-

265 815 38 25 ling
317 816 25 19 af
352 814 77 20 kreatur
442 815 48 19 skall
503 822 47 13 vara
565 813 104 21 tvåhundra
682 813 59 20 mark.

117 848 125 26 Helsingfors,
259 848 37 20 den
311 848 24 20 18
349 849 52 19 Mars
416 849 57 19 1864.

267 1016 92 21 Finlands
374 1016 99 21 Ständers
495 1016 129 26 underdäniga
646 1023 43 13 svar
713 1016 12 20 ä&
749 1016 55 19 Hans

199 1045 105 26 Kejserliga
319 1045 100 26 Majestäts
434 1045 76 26 Nädiga
523 1046 116 25 proposition
654 1051 29 13 om
697 1044 107 26 antagande

199 1074 24 25 af
237 1080 23 13 en
271 1074 125 26 författning,
414 1073 96 26 angäende
527 1072 94 27 uppsätlig
636 1073 133 25 misshandling
783 1073 25 22 af

199 1101 81 20 kreatur.

249 1140 144 24 (Lagutskottets
405 1140 114 19 betänkanda
532 1140 35 18 N:o
580 1140 37 20 17.)

345 1183 56 21 S.A.
416 1184 23 19 K.
455 1190 18 13 0.
490 1184 29 19 S!

116 1239 23 20 E.
155 1239 24 19 K.
194 1239 35 20 M:t
243 1240 36 19 har
293 1239 6 19 i
314 1244 25 14 en
353 1238 89 21 Finlands
457 1238 79 20 ständer
550 1237 11 20 ä
576 1243 26 14 nu
615 1236 108 26 påstående
740 1237 62 19 landt-

63 1265 38 26 dag
121 1265 86 26 förelagd
227 1265 128 26 proposition,
373 1265 24 25 pä
415 1265 41 20 deri
473 1264 80 21 anförde
567 1263 49 24 skäl,
633 1263 101 25 föreslagit
748 1265 54 27 anta-

63 1291 71 26 gandet
151 1291 20 19 af
186 1297 23 14 en
227 1291 22 20 sä
266 1291 84 27 lydande
371 1291 110 25 författning
501 1290 101 26 angäende
622 1289 99 25 uppsätlig
743 1294 59 14 miss-

64 1317 91 26 handling
169 1318 21 19 af
202 1318 88 20 kreatur.

257 1356 31 21 (Se
300 1354 69 24 Nådiga
383 1355 138 23 Propositionen
533 1355 35 18 N:o
583 1356 24 18 .8)

117 1391 56 19 Detta
187 1390 103 26 lagförslag
304 1389 57 20 hafva
376 1389 104 20 ständerne
493 1389 26 19 till
535 1388 119 26 granskning
668 1389 83 19 förehaft
763 1389 38 19 och

63 1416 75 25 dervid,
155 1416 25 26 på
194 1416 25 20 de
233 1416 4 19 i
253 1416 37 20 den
299 1415 74 26 Nådiga
383 1416 144 25 propositionen
537 1414 79 25 anförda
626 1415 90 23 motiver,
728 1415 72 24 antagit
