970 1806
153 141 44 33 5684
362 144 80 28 Nädiga
453 144 140 24 Propositionen
605 143 37 19 N:o
653 144 29 17 22.

159 194 80 21 hindrar
253 194 46 22 eller
316 193 68 21 såsom
403 194 53 20 brott
472 193 105 21 bestraffar
594 198 25 15 en
635 193 61 20 sådan
709 191 116 27 öfvergång.
852 192 48 20 För-

159 222 41 25 slag
214 221 27 20 till
255 220 139 26 upphäfvande
408 220 22 20 af
443 220 25 20 de
487 221 82 24 lagrum,
588 219 59 26 enligt
663 218 66 21 hvilka
746 219 49 20 affall
812 218 44 20 från
870 219 29 19 Iu-

160 247 80 20 therska
258 247 95 19 trosläran
370 246 66 20 hittills
453 247 51 19 varit
518 248 67 23 sträng
605 245 126 27 bestraffning
748 245 150 25 underkastadt,

160 274 37 20 har
211 272 60 22 också
285 273 63 20 under
361 273 62 19 denna
437 273 91 25 landtdag
542 273 62 20 blifvit
613 273 107 20 Ständerna
734 272 87 25 förelagd
834 272 6 19 i
855 271 11 25 $
874 271 25 20 27

161 301 20 19 af
193 300 64 20 Eders
271 299 106 27 Kejserliga
392 298 99 26 Majestäts
509 298 69 27 nådiga
595 299 119 25 proposition
731 298 102 26 angående
847 301 53 17 anta-

161 327 64 25 gande
239 326 20 20 af
271 332 25 14 en
309 326 112 26 författning
435 332 32 14 om
477 325 122 21 afskaffande
613 326 20 19 af
646 326 53 19 vissa
709 326 125 19 härförinnan
848 328 53 24 nytt-

159 353 46 25 jade
219 352 58 20 straff
288 353 38 19 och
341 352 58 20 deras
416 352 111 20 ersättande
547 352 37 20 tills
603 352 65 20 vidare
682 358 71 19 genom
768 352 67 24 andra,
851 352 50 19 hvil-

161 380 39 20 ken
213 380 12 25 $
237 380 59 19 äfven
309 378 63 20 blifvit
392 378 19 20 af
423 379 109 20 Ständerna
552 381 90 23 antagen.
670 379 44 20 Men
728 378 25 20 då
770 378 28 20 uti
815 378 85 20 nämnde

162 406 70 26 nådiga
246 406 72 24 förslag
331 405 26 21 till
372 405 133 26 författning,
500 400 9 36 i
519 404 47 26 följd
580 406 21 18 af
612 406 47 19 dess
673 406 94 20 allmänna
781 406 59 25 syfte,
856 405 46 19 icke

163 433 74 19 kunnat
249 431 43 26 ingå
306 431 60 26 några
380 432 122 19 föreskrifter
515 438 33 13 om
561 432 53 19 hvad
627 432 97 25 iakttagas
738 432 43 23 bör,
797 431 24 20 då
836 431 65 25 någon

163 460 32 19 vill
210 457 80 27 öfvergå
305 457 42 20 från
361 459 101 19 lutherska
476 459 76 25 kyrkan
570 458 26 19 till
613 461 59 17 annat
685 457 163 27 kyrkosamfund,
864 457 38 20 och

155 485 32 20 .då
202 491 25 14 en
241 485 110 25 författning
365 490 44 14 som
424 485 95 19 innehölle
532 484 65 27 dylika
611 484 122 20 föreskrifter
749 484 59 20 likväl
823 489 48 14 vore
884 483 21 21 af

163 511 96 22 behofvet
272 511 96 26 påkallad,
379 511 49 20 både
442 512 28 19 till
484 511 161 20 förekommande
658 512 21 19 af
690 511 165 26 proselytmakeri
865 512 39 18 och

163 540 30 19 för
207 538 112 20 erhållande
333 539 20 18 af
367 538 75 19 visshet
458 538 76 25 derom,
550 540 27 17 att
594 538 44 25 den,
657 543 44 14 som
715 538 32 19 vill
765 536 88 27 öfvergå,
868 539 37 24 gör

165 566 34 19 det
213 565 20 20 af
245 565 77 25 religiös
336 565 140 25 öfvertygelse,
487 564 49 26 våga
551 565 108 19 Ständerna
670 564 67 20 nalkas
751 564 64 20 Eders
825 563 79 26 Kejser-

165 593 36 25 liga
216 591 89 25 Majestät
318 591 46 20 med
373 591 121 25 underdånig
509 590 89 20 anhållan
607 591 34 19 det
656 591 64 20 Eders
728 589 89 26 Majestät
831 591 73 19 värdes

164 618 11 20 å
190 618 165 20 nästkommande
363 617 91 26 landtdag
464 618 97 25 förelägga
575 617 76 20 landets
661 617 84 20 Ständer
759 619 28 18 ett
800 617 104 26 lagförslag

165 645 6 20 i
185 644 124 21 förenämndt
322 643 60 27 syfte.

219 698 80 19 Samma
313 697 183 20 samvetsfrihetens
510 697 106 26 grundsats
630 697 78 20 kräfver
722 697 39 20 ock
770 697 38 19 den
823 697 82 19 ömsesi-

165 724 68 25 dighet
247 726 27 17 att
287 723 95 20 likaledes
395 723 121 20 främmande
530 723 218 26 religions-förvandter,
763 723 65 20 hvilka
842 723 5 19 i
861 723 44 20 Fin-

166 750 45 21 land
224 751 70 24 vistas,
309 751 47 19 böra
371 749 25 26 få,
412 750 34 19 der
461 750 25 20 de
499 750 34 19 det
547 749 69 27 sjelfva
631 750 66 25 önska,
711 750 27 19 till
753 750 37 19 den
805 749 99 21 lutherska

166 777 53 20 läran
234 776 87 25 öfvergå.
351 777 34 19 Väl
400 777 133 19 förekommer
550 777 5 19 i
571 776 35 19 vår
619 776 118 27 lagstiftning
753 777 48 19 intet
817 776 89 31 uttryck-

166 803 34 26 ligt
213 803 107 26 stadgande
338 803 75 22 härom,
435 803 83 20 emedan
536 803 117 25 rättigheten
674 803 26 20 till
718 809 26 14 en
765 802 61 21 sådan
842 808 25 21 på
882 803 24 20 fri

167 829 45 25 vilja
227 831 38 18 och
279 830 133 25 öfvertygelse
425 829 87 26 grundad
526 829 107 26 öfvergång
647 829 26 20 till
685 829 34 20 vår
733 829 100 20 lutherska
848 831 58 18 stats-

167 856 63 26 kyrka
245 857 20 18 af
277 855 54 21 ålder
345 856 108 19 betraktats
468 855 67 20 såsom
552 862 24 13 en
591 855 22 20 så
630 855 101 26 sjelffallen
749 856 42 25 sak,
807 859 27 16 att
848 857 58 24 ingen

167 882 84 20 särskild
266 882 110 26 författning
390 883 5 18 i
409 882 53 19 detta
476 883 93 19 afseende
583 885 74 17 ansetts
671 888 47 14 vara
733 883 20 19 af
766 883 70 19 nöden.
863 883 43 19 Men

167 909 38 19 den
218 908 25 31 på
257 909 156 25 grundlagsenlig
428 910 36 24 väg
481 909 100 19 tillkomna
599 909 129 26 kungörelsen
745 909 20 19 af
777 909 38 19 den
831 909 26 19 24
874 909 32 19 Ja-

166 941 56 14 nuari
235 936 48 19 4781
300 934 107 20 innehåller
420 935 51 19 dock
486 935 144 24 bestämningar
641 936 21 19 af
674 935 82 20 härmed
770 935 136 26 närbeslägtad

168 961 107 26 egenskap,
291 961 64 20 hvilka
370 961 58 20 äfven
443 962 4 19 i
463 963 25 18 14
503 961 44 26 kap.
563 962 25 19 16
603 962 10 24 $
629 963 20 18 af
661 961 188 26 kyrkolagförslaget
863 962 44 20 blif-

167 988 29 19 vit
210 987 94 26 ätergifna
318 988 46 19 med
378 987 60 19 dessa
452 988 44 19 ord:
520 989 69 18 «Prest
603 987 32 20 mä
657 987 16 25 ej
689 988 122 20 främmande
824 989 82 18 trosför-

168 1014 60 20 vandt
242 1014 33 19 sitt
289 1014 89 20 embetes
387 1013 60 25 tjenst
461 1013 91 27 pätruga;
568 1019 45 14 men
623 1014 93 20 anmodas
731 1015 38 18 han
782 1014 85 26 frivilligt
879 1017 27 17 att

168 1040 123 20 främmande
304 1040 152 20 trosbekännare
464 1040 46 20 med
525 1040 102 26 presterlig
641 1040 61 24 tjenst
716 1040 125 26 tilihandagä,
858 1041 48 19 skall

168 1067 38 19 han
220 1067 34 19 det
271 1066 17 25 ej
306 1068 60 23 vägra
388 1067 37 18 och
442 1067 80 19 förrätte
542 1066 23 20 Jä
583 1066 84 25 tjensten
684 1067 50 19 efter
749 1067 38 19 den
804 1067 102 19 lutherska

168 1093 87 27 kyrkans
270 1093 112 20 handbok.»
406 1093 30 19 Nu
450 1092 96 20 innehålla
561 1093 106 19 emellertid
677 1093 94 20 särskilda
786 1094 62 18 under
862 1094 44 19 sed-

168 1125 47 15 nare
230 1120 50 20 tider
293 1119 94 19 utkomna
400 1118 69 26 nådiga
483 1120 132 24 författningar
629 1118 71 21 sådana
715 1120 127 26 stadganden,
857 1120 49 19 hvil-

168 1146 25 20 ka
208 1146 30 19 stå
253 1147 5 18 i
273 1146 48 19 strid
339 1146 45 18 med
401 1144 53 21 såväl
472 1146 186 26 religionsfrihetens
674 1146 112 26 grundsats,
806 1151 44 14 som
867 1146 39 20 den

168 1172 101 20 lutherska
287 1173 64 19 lärans
368 1172 100 25 egenskap
488 1173 20 18 af
524 1172 130 25 statsreligion
675 1173 5 18 i
694 1172 79 20 Finland
790 1175 52 17 samt
856 1178 50 20 nyss

169 1198 111 26 åberopade
295 1198 91 26 Kongliga
401 1198 115 26 kungörelse
530 1200 20 18 af
562 1198 21 20 år
594 1199 61 23 1781;
671 1200 37 18 och
723 1198 24 20 då
761 1204 70 20 genom
846 1199 60 19 dessa

169 1226 119 24 stadganden
305 1224 34 20 det
359 1226 101 18 lutherska
477 1225 148 25 presterskapet
645 1225 39 19 ofta
701 1225 36 20 blir
757 1226 69 18 försatt
846 1225 4 19 i
868 1225 38 19 den

169 1251 59 20 svåra
242 1251 125 20 kollissionen
388 1252 82 18 emellan
485 1252 52 19 hvad
552 1251 123 26 embetspligt
695 1252 38 18 och
753 1253 79 17 nästans
850 1251 56 25 själa-

169 1278 48 19 vård
232 1278 76 19 fordrar
322 1280 51 16 samt
388 1278 51 18 hvad
453 1278 38 18 den
508 1278 129 24 undersätliga
655 1278 149 25 trohetspligten
819 1278 85 25 kräfver,

169 1304 48 26 våga
233 1304 106 20 Ständerna
354 1303 26 19 till
394 1304 51 19 hvad
459 1304 25 18 de
496 1304 5 19 i
511 1304 140 19 ofvanstående
662 1304 61 20 måtto
737 1304 104 20 framställt
855 1306 51 17 ännu

168 1331 43 25 föga
225 1331 39 19 den
278 1329 131 25 underdåniga
424 1330 94 24 anhållan,
534 1332 27 17 att
575 1330 63 20 Eders
647 1330 106 25 Kejserliga
763 1330 87 24 Majestät
862 1332 44 17 vär-

168 1356 37 20 des
219 1356 4 18 i
238 1354 59 22 nåder
314 1356 37 18 låta
372 1356 76 25 vidtaga
465 1355 96 26 åtgärder,
581 1361 44 13 som
645 1356 58 19 ledde
719 1356 75 19 derhän
808 1359 27 16 att
849 1356 58 19 frihet

168 1382 118 20 förunnades
300 1381 52 25 dem,
368 1386 44 14 som
425 1382 33 18 det
475 1382 67 24 önska,
558 1384 27 16 att
600 1382 78 24 öfvergå
696 1382 27 19 till
737 1382 102 19 lutherska
854 1383 52 19 läran

168 1410 53 18 samt
234 1409 25 19 till
274 1407 137 21 utarbetandet
430 1408 20 18 af
466 1408 70 25 förslag
553 1408 25 20 till
597 1413 24 14 en
638 1408 111 26 fullständig
765 1408 139 26 dissenterlag,

168 1435 132 21 innefattande
316 1434 118 26 stadganden
448 1440 33 14 om
495 1436 39 18 rätt
550 1434 29 20 för
593 1434 75 20 kristna
685 1435 111 19 bekännare
812 1436 20 18 af
845 1434 61 26 någon
