998 1767
196 110 34 18 370
411 108 72 24 Nådiga
494 109 140 23 Propositionen
646 108 36 18 N:o
694 108 29 18 14.

198 160 90 24 lemmar,
305 159 55 19 skola
374 158 50 20 efter
437 158 121 20 Ständernas
572 158 152 26 godtfinnnande
739 158 17 19 få
771 158 107 24 förändras,
890 162 52 16 samt

198 185 69 20 sådant
281 184 62 20 också
358 185 123 19 härförinnan
497 187 31 23 egt
542 190 52 20 rum,
609 184 25 26 pä
649 186 39 18 sätt
702 185 125 19 förenämnda
843 186 48 18 1741
907 184 34 21 års

200 211 119 24 förordning,
336 216 43 14 som
393 210 80 20 innebär
487 216 26 13 en
526 210 83 26 ändring
623 211 20 19 af
655 212 12 18 4
681 210 11 25 $
706 211 12 19 9
732 211 46 24 kap.
794 212 6 17 i
814 210 126 27 kyrkolagen,

196 236 73 25 jemväl
285 237 82 23 utvisar,
383 235 21 21 så
419 242 59 14 anser
494 237 99 20 Utskottet
606 237 34 19 det
654 242 47 14 vara
715 237 118 25 uppenbart,
845 239 28 17 att
881 238 59 19 äfven

199 263 68 26 hvarje
282 264 27 19 till
323 263 122 26 kyrkolagen
460 263 47 20 eller
520 263 183 26 kyrkohandboken
718 263 88 20 hörande
823 262 53 27 fråga
891 263 48 20 skall

200 295 70 20 genom
285 293 30 17 tre
330 289 72 21 Stånds
416 291 150 24 samstämmiga
575 289 65 20 beslut
649 289 65 20 kunna
725 290 83 24 afgöras.
838 290 7 19 1
859 295 83 14 anseen-

199 317 24 19 de
238 317 63 19 härtill
316 316 37 19 och
367 315 25 21 då
407 316 137 25 Lagutskottet
554 316 44 19 icke
607 316 38 19 kan
654 315 67 26 frångå
736 316 31 19 sin
777 316 124 20 härförinnan
911 319 30 17 ut-

199 343 64 20 talade
277 342 58 26 äsigt,
351 345 28 17 att
387 343 58 19 älven
456 343 33 19 det
499 342 88 21 enskilda
597 342 141 20 skriftermälet
746 342 80 20 innebär
836 345 28 17 ett
873 342 68 27 tvång,

199 375 44 14 som
257 369 38 20 kan
310 369 99 20 föranleda
423 369 98 26 hycklale
538 369 194 27 syndabekännelser
749 369 38 20 och
804 369 102 20 missbruk
922 370 21 20 af

200 396 125 25 aflösningen,
341 395 21 20 sä
377 397 36 18 har
429 396 108 25 Utskottet,
554 397 47 18 enär
614 396 63 20 denna
694 395 51 26 äsigt
759 395 60 20 också
834 395 60 20 redan
910 402 33 14 va-

200 423 24 19 rit
239 422 90 27 godkänd
339 422 20 20 af
371 425 31 17 tre
416 422 67 26 Stånd,
501 423 63 19 ehuru
578 425 28 17 ett
620 422 20 20 af
652 422 59 20 dessa
725 422 115 20 sedermera
857 422 85 26 frängätt

200 449 33 20 sitt
247 450 50 19 först
311 450 5 18 i
331 451 66 18 ämnet
410 449 72 20 fattade
496 449 72 25 beslut,
587 452 49 17 trott
651 448 188 26 sammanjemkning
856 450 87 19 härutin-

199 481 37 14 nan
250 476 53 19 helst
316 475 47 20 böra
378 476 37 19 ske
429 476 58 26 enligt
501 476 37 20 Jen
553 476 21 19 af
585 476 59 20 dessa
657 478 31 17 tre
702 475 62 21 Stånd
778 475 81 21 sålunda
872 477 70 19 omfat-

199 503 44 19 tale
258 502 85 26 mening.

252 529 58 20 Hvad
324 529 80 19 dernäst
417 529 59 25 angår
490 530 20 24 2)
526 529 78 26 afgiften
618 529 26 20 till
662 529 73 26 kyrka,
755 534 44 15 som
815 529 5 19 i
839 529 52 20 4734
907 529 35 20 års

199 556 30 25 lag
243 555 41 21 blef
296 555 129 20 föreskrifven
439 555 29 20 för
483 559 27 16 att
524 557 74 18 ersätta
612 555 38 20 den
664 555 115 26 uppenbara
792 555 148 27 kyrkoplikten,

200 587 33 14 om
247 583 60 18 hvars
321 581 120 20 afskaffande
455 583 59 19 redan
529 582 24 26 pä
568 582 50 20 1731
634 583 39 19 och
688 583 52 19 1734
750 581 34 21 års
794 583 101 26 riksdagar
906 589 36 14 var

200 608 53 26 fräga
267 609 39 19 och
320 609 80 19 hvilken
413 609 113 26 kyrkoplikt
539 609 57 20 äfven
611 609 58 45 enligt
683 610 12 18 4
709 609 10 25 $
733 610 13 19 9
760 609 45 25 kap.
821 609 6 19 i
845 609 52 20 1686
909 609 32 20 års

178 649 2 2 :
200 635 95 26 kyrkolag
311 634 66 20 kunde
393 635 98 20 undvikas
507 641 71 20 genom
595 641 24 13 en
636 635 61 26 afgift,
719 641 44 14 som
783 635 82 21 delades
879 635 62 26 jemnt

200 661 83 20 emellan
296 661 76 26 kyrkan
386 660 11 20 ä
411 667 38 14 ena
463 664 52 18 samt
528 662 105 24 hospitalet
647 662 46 19 eller
707 661 25 20 Je
745 662 68 25 fattige
826 661 11 20 ä
847 662 59 20 andra
916 662 25 20 si-

200 688 44 24 dan,
261 687 21 20 sä
297 693 58 14 anser
368 688 102 20 Utskottet
483 688 63 20 denna
564 688 54 26 algift
634 687 21 21 sä
674 687 81 27 mycket
772 689 61 19 hellre
850 689 48 20 böra
915 689 28 20 af-

201 714 79 26 skaffas,
297 720 44 14 som
354 714 117 21 densamma
485 714 18 26 ej
518 715 82 20 allenast
613 714 102 26 päminner
733 720 33 14 om
784 715 39 20 den
839 716 104 20 katholska

200 741 86 26 kyrkans
300 741 101 20 missbruk
415 744 28 17 att
457 742 90 20 meddela
560 742 48 19 aflat
621 742 30 19 för
664 742 114 26 penningar,
789 745 46 17 utan
847 743 58 20 äfven
915 743 28 20 in-

201 768 80 20 blandar
295 768 75 26 kyrkan
384 768 28 19 uti
426 771 76 17 statens
516 768 100 26 äliggande
630 771 27 17 att
671 768 67 20 straffa
752 769 117 26 förbrytare.

253 794 102 20 Utskottet
368 793 29 21 får
411 794 57 21 alltså
484 795 100 20 vördsamt
597 794 81 20 föreslå:

405 824 28 17 att
447 822 113 26 högvördiga
570 821 141 21 Prestaståndet
721 822 34 19 och
765 822 117 21 hedervärda
891 824 51 20 Bon-

406 849 97 21 deständet
516 850 48 23 ville,
579 852 7 17 i
601 850 55 20 likhet
669 850 43 20 med
727 850 23 20 de
765 850 30 20 två
809 852 62 24 öfriga
887 851 55 21 Stän-

405 878 42 23 den,
464 878 26 20 till
504 878 39 20 alla
557 878 53 20 delar
622 878 102 26 godkänna
739 878 140 26 Lagutskottets
889 881 56 25 förut

405 908 7 17 i
426 909 61 17 ämnet
497 907 73 25 afgifna
580 906 122 20 betänkande.

253 948 128 26 Helsingfors,
399 948 39 20 den
453 949 24 19 30
492 949 52 19 Mars
560 949 58 20 1864.

255 1139 141 26 Kyrkoherden
413 1140 112 26 Rosengren
543 1139 35 20 har
594 1141 71 20 önskat
681 1141 18 20 få
718 1142 35 19 här
769 1141 127 25 antecknadt,
916 1145 28 18 att

203 1165 43 24 han,
262 1165 131 20 vidblifvande
408 1167 30 18 sin
453 1167 51 19 förut
519 1168 5 18 i
539 1167 60 19 saken
614 1167 69 26 afgifna
693 1169 130 25 reservation,
837 1161 41 37 icke
895 1169 49 20 med-

202 1191 68 20 verkat
284 1192 26 19 till
324 1191 125 21 förestående
463 1193 278 27 sammanjemkningsförslag,
757 1195 5 19 i
777 1195 52 20 hvad
838 1195 34 20 det
880 1194 63 27 angår

201 1218 150 26 kyrkopliktens
365 1220 120 19 ersättanude.
