978 1803
171 135 33 19 562
385 132 71 22 Nådiga
468 132 139 23 Propositionen
619 131 36 18 N:o
667 131 28 17 22.

174 183 87 20 medlem
274 182 34 20 vid
318 181 181 20 stiftskonsistoriet
508 181 101 24 beträffar,
621 180 63 19 erinra
694 185 32 14 om
735 179 27 20 de
770 179 72 25 många
851 179 64 26 punk-

174 213 36 21 ter,
225 209 37 20 der
275 208 87 26 kyrkans
376 209 38 18 och
428 209 74 18 statens
514 207 118 25 lagstiftning
644 207 69 19 beröra
726 206 122 25 hvarandra,
862 206 53 29 helst

173 237 6 18 i
193 236 24 20 de
232 241 17 14 s.
264 236 20 19 k.
300 234 96 20 blandade
410 234 201 25 angelägenheterna,
629 233 104 20 äfvensom
751 238 33 14 om
801 233 25 19 de
844 232 70 20 talrika

174 263 41 25 fall,
231 261 25 21 då
273 261 135 25 domkapitlet,
427 261 68 19 såsom
512 260 87 26 kyrkans
616 259 155 20 administrativa
789 259 124 30 myndighet,

175 290 35 19 har
224 289 21 20 af
257 288 64 21 nöden
336 293 24 14 en
374 290 91 17 närmare
479 288 58 25 insigt
551 287 59 20 äfven
625 286 5 19 i
644 285 37 20 den
699 285 107 26 borgerliga
822 285 94 26 jurisdik-

175 316 74 24 tionen;
268 314 121 21 oberäknadt
405 315 33 19 det
455 314 86 25 önskliga
561 313 50 25 deri,
635 315 28 17 att
681 313 234 24 lekmanna-elementet,

176 343 60 19 hvars
257 342 128 19 verksamma
402 341 116 25 deltagande
535 340 6 19 i
558 340 36 20 alla
611 339 90 27 kyrkliga
718 339 142 25 förhandlingar
878 339 38 20 den

176 368 153 26 protestantiska
343 367 76 27 kyrkan
433 367 137 26 principenligt
584 366 81 30 fordrar,
681 366 58 20 äfven
753 365 31 20 må
804 366 5 19 i
826 366 25 19 de
864 365 52 31 olika

176 396 122 20 instanserna
318 394 21 20 af
355 394 187 26 kyrkoregementet
559 393 57 20 hafva
633 398 30 14 sin:
680 392 122 26 berättigade
818 393 52 25 plats
887 398 29 20 sig

176 421 88 21 anvisad.
292 422 44 19 Och
350 421 53 19 hvad
418 421 68 19 vidare
500 420 61 24 angår
575 420 34 20 det
622 421 45 24 sätt,
683 418 76 27 hvarpå
768 418 149 27 ifrågavarande

177 448 56 21 civila
247 448 85 20 ledamot
346 446 32 20 må
393 447 33 19 vid
441 447 126 25 domkapitlet
581 446 101 25 anställas,
701 446 57 20 torde
776 447 49 19 hans
843 446 74 21 likstäl-

177 475 57 20 lande
248 474 46 20 med
308 474 25 19 de
346 474 61 25 öfriga
421 473 119 26 kapitulares
555 472 67 20 såsom
636 472 77 20 ordinär
728 473 38 19 och
776 473 76 25 ständig
862 472 56 20 med-

177 502 39 20 lem
229 500 62 26 deraf,
306 506 47 14 vara
367 502 28 17 att
408 500 181 24 rekommenderas,
605 498 18 26 ej
639 500 76 19 mindre
725 499 67 19 såsom
803 498 115 20 innebäran-

177 528 25 20 Je
216 529 28 18 ett
258 529 54 24 yttre
326 526 126 21 erkännande
466 526 20 20 af
498 526 220 20 lekmannaelementets
727 526 88 25 kristliga
824 526 94 25 rättighet

177 556 28 18 att
219 554 59 20 hafva
292 554 43 19 säte
349 554 38 19 och
401 554 85 19 stämma
500 553 5 19 i
520 552 85 27 kyrkans
619 552 90 25 ärender,
720 554 23 18 än
753 551 67 22 såsom
832 552 86 20 befräm-

176 580 60 26 jande
249 581 5 19 i
270 581 30 18 sin
313 585 47 15 mon
375 585 23 14 en
412 580 120 19 fortfarande
548 579 155 26 likstämmighet
720 579 6 20 i
743 585 77 14 samma
836 579 82 20 domka-

178 607 57 26 pitels
249 607 66 20 beslut
329 607 38 19 och
381 605 97 26 åtgärder.
507 607 65 19 Jemte
585 606 34 20 det
633 606 102 19 Utskottet
747 605 26 26 pä
783 606 63 25 grund
856 606 20 20 af
884 606 34 20 Jet

179 639 27 14 nu
219 634 80 19 anförda
316 633 104 20 vördsamt
437 634 35 19 hos
490 632 89 21 Finlands
596 633 84 20 Ständer
697 632 89 21 förordar
802 633 116 26 antagandet

178 661 21 19 af
210 665 25 14 en
248 660 46 19 civil
308 659 86 20 ledamot
408 659 32 20 vid
454 659 139 26 domkapitlen,
609 659 115 20 instämmer
737 659 99 20 Utskottet
850 659 65 25 tillika,

178 686 52 21 bäde
244 686 54 21 hvad
312 687 50 19 hans
380 685 37 20 och
431 685 25 20 de
472 686 61 25 öfriga
549 686 142 19 ledamöternas
709 685 108 26 inväljande
833 686 25 19 till
876 686 42 19 sina

179 713 91 19 embeten
284 712 99 24 beträffar,
399 712 27 18 uti
440 712 34 20 Jet
488 718 44 13 som
546 712 214 26 Kyrkolagsförslagets
778 713 24 19 22
820 713 45 25 kap.
882 713 11 19 2
908 712 12 25 $

180 739 70 19 härom
262 738 84 26 stadgat,
362 738 46 20 med
421 738 37 20 den
469 738 132 19 modifikation
610 738 64 24 likväl,
685 740 29 18 att
724 738 61 20 sedan
793 738 127 26 ansöknings-

179 765 27 20 tid
221 764 26 20 till
262 764 51 26 ledig
327 764 51 25 plats
391 764 71 26 utgått,
479 765 125 25 Domkapitlet
611 766 52 25 först
678 772 42 18 eger
734 767 28 17 att
777 766 67 25 pröfoa
864 766 57 19 deras

180 794 112 24 kompetens,
307 798 45 14 som
365 793 29 25 sig
408 794 27 18 till
450 793 38 19 den
502 792 126 26 ledigvordna
642 792 131 26 befattningen
789 794 84 23 anmält,
892 793 29 19 in-

179 827 37 14 nan
230 821 33 19 det
278 821 87 25 vidtager
380 820 67 26 åtgärd
462 824 34 21 att,
511 821 114 19 underrätta
640 821 148 26 presterskapet
801 822 69 19 derom
880 821 38 20 och

180 848 108 24 förelägger
305 847 36 24 tid,
358 848 52 18 inom
427 847 79 20 hvilken
520 848 53 19 valet
587 848 70 20 mellan
671 848 24 20 de
711 848 93 24 sökande,
820 854 44 14 som
875 849 45 19 här-

180 874 25 20 till
219 874 127 25 kompetenta
361 874 107 23 befunnits,
484 874 50 20 skall
548 874 91 26 försiggå.
668 874 112 26 Billigheten
794 880 61 21 synes
865 880 55 14 nem-

179 900 51 26 ligen
244 900 76 25 fordra,
336 903 28 17 att
377 900 139 26 domkapiuets
530 901 107 19 ledamöter
651 900 18 26 ej
683 901 54 20 skola
751 901 85 20 behöfva
851 901 68 21 såsom

180 928 42 18 sina
236 927 150 19 embetsbröder
400 929 86 24 mottaga
500 928 38 19 och
552 927 99 26 godkänna
666 927 72 21 sådana
752 933 106 21 personer,
873 929 47 20 dem

179 953 25 20 de
219 952 25 27 på
257 953 63 26 grund
334 954 20 18 af
366 953 89 26 gällande
469 954 53 24 lagar
537 955 37 19 och
587 955 133 25 författningar
734 955 44 19 icke
791 955 65 20 kunna
870 961 50 15 anse

180 980 58 20 hafva
253 980 51 19 varit
316 979 96 27 befogade
426 983 28 17 att
468 980 52 26 dylik
534 980 104 20 befordran
652 981 65 20 vinna.

179 1031 28 19 3:0
219 1032 31 19 Om
262 1031 68 24 nödiga
340 1031 134 25 förändringar
485 1032 22 19 af
516 1032 110 25 nugällande
637 1027 133 35 författningar
780 1027 74 35 rörande
862 1035 58 23 prest-

260 1054 31 19 val
303 1054 33 19 och
348 1054 63 24 öfriga
422 1053 86 26 åtgärder
519 1055 32 19 för
562 1056 151 23 prestatjensters
724 1057 113 19 besättande.

233 1083 38 20 Det
285 1084 21 19 är
320 1083 61 20 kändt
395 1085 38 18 och
447 1084 87 24 erkändt,
551 1087 27 17 att
591 1085 5 18 i
612 1084 65 27 frågan
693 1086 51 19 huru
759 1086 85 25 prestval
859 1087 62 25 lämp-

181 1109 55 26 ligast
250 1109 55 20 skola
318 1109 88 26 inrättas,
423 1109 124 26 svärigheter
561 1111 42 19 visa
618 1111 30 25 sig
665 1111 50 20 ilrän
732 1112 50 19 olika
800 1112 63 25 sidor,
882 1114 38 19 och

180 1138 28 17 att
222 1135 78 20 Jerföre
314 1136 57 19 äfven
386 1135 107 27 skiljaktiga
507 1137 144 25 förfaringssätt
665 1137 70 21 Jervid
748 1139 63 20 blifvit
823 1139 95 21 använda.

180 1161 46 20 Icke
240 1161 48 20 dess
302 1162 77 19 mindre
391 1163 36 19 har
442 1163 98 20 Jerunder
554 1169 24 14 en
591 1165 105 24 grundsats
705 1165 83 20 kommit
797 1165 123 26 småningom

179 1188 26 19 till
227 1188 33 20 allt
279 1189 119 19 allmännare
416 1190 133 24 erkännande,
568 1190 78 20 hvilken
663 1191 77 20 fordrar
757 1194 27 17 att
801 1192 32 20 vid
850 1192 70 26 hvarje

181 1214 136 27 försiggående
332 1216 29 19 val
376 1217 72 18 tvenne
462 1216 95 20 särskilda
571 1217 77 20 makter
662 1217 54 20 skola
730 1222 124 21 gemensamt
868 1225 52 15 sam-

180 1241 69 25 verka,
270 1241 96 25 nemligen
385 1241 10 20 å
413 1248 37 14 ena
467 1243 55 20 sidan
539 1243 174 27 kyrkostyrelsen,
732 1245 80 20 hvilken
828 1252 47 19 eger
891 1248 29 18 att

179 1268 110 28 bestämma
304 1267 100 26 angående
417 1269 58 20 deras
489 1270 96 19 allmänna
598 1269 124 27 kompetens,
738 1276 44 15 som
796 1272 48 20 söka
858 1278 24 14 en
891 1274 28 19 le-

179 1294 32 28 dig
224 1296 71 23 tjenst,
314 1295 38 19 och
368 1294 11 20 å
397 1295 59 19 andra
473 1296 54 20 sidan
545 1296 212 26 lokalförsamlingarne
775 1298 78 25 sjelfva,
873 1305 44 14 som

179 1320 64 20 ibland
257 1320 53 25 dem,
325 1320 77 20 hvilkas
416 1321 117 26 kompetens
547 1322 58 20 redan
619 1324 21 18 af
652 1324 81 26 behörig
747 1325 115 26 myndighet
875 1326 43 20 blif-

179 1346 28 26 vit
220 1346 98 28 godkänd,
335 1347 57 19 hafva
406 1351 29 15 att
452 1347 49 24 välja
519 1348 19 19 åt
555 1349 29 24 sig
600 1349 38 19 den
655 1350 24 18 de
696 1351 51 18 helst
764 1352 61 18 önska
843 1352 26 18 till
887 1353 30 18 sin

179 1372 132 24 själasörjare.
341 1372 7 19 I
362 1372 33 20 det
408 1373 52 20 förra
474 1374 121 19 hänseendet
609 1374 37 20 kan
663 1375 45 20 icke
725 1376 37 20 hos
779 1376 137 27 församlingen

178 1397 114 20 förutsättas
305 1397 58 25 något
377 1398 67 20 säkert
458 1400 92 19 omdöme
563 1400 82 20 rörande
659 1401 74 25 graden
753 1404 37 18 och
808 1403 72 20 vidden
896 1404 22 20 af

177 1428 24 14 en
215 1423 206 25 pastoralkandidands
435 1426 121 25 theologiska
570 1426 86 26 insigter,
673 1433 32 14 om
719 1428 25 19 de
756 1432 102 17 motsvara
868 1430 48 19 eller
