1003 1756
199 120 31 33 172
411 124 72 22 Nådiga
493 124 141 22 Propositionen
646 123 37 17 N:o
694 123 29 17 10.

200 174 34 20 det
246 173 158 20 konstitutionela
418 172 173 21 samhällsskicket
603 172 70 20 hunnit
687 173 5 18 i
706 170 94 27 England,
811 171 96 20 förklarar
915 170 25 27 på

200 205 76 14 samma
294 199 49 25 gång
359 199 34 20 det
406 200 101 19 anmärkta
524 198 139 20 förhållandets
680 198 78 20 tillvaro
772 197 103 20 derstädes
889 196 52 21 samt

200 226 121 20 detsammas
336 226 162 19 oanvändbarhet
511 226 37 19 hos
562 224 26 20 de
601 224 46 24 folk,
663 224 74 25 hvilka,
752 224 83 20 likasom
846 223 51 25 vårt,
908 225 33 18 än-

200 258 26 14 nu
240 254 34 18 äro
289 251 53 27 långt
355 251 85 27 aflägsna
454 252 42 20 från
510 250 98 26 Englands
623 250 119 26 ståndpunkt
756 250 5 19 i
776 250 69 20 socialt
855 250 38 20 och
907 256 34 20 po-

200 279 64 19 litiskt
277 278 120 20 hänseende.

254 306 28 19 Ur
295 305 34 20 det
342 305 80 20 anförda
436 305 37 20 bör
485 305 35 20 det
533 304 82 26 framgå,
634 306 29 18 att
679 303 101 20 stiftandet
796 303 20 19 af
829 309 26 13 en-
872 303 70 20 allmän

200 332 36 26 lag,
246 338 44 14 som
297 332 43 20 fullt
349 332 97 20 erkänner
453 332 115 20 samhällets
578 330 196 26 expropriationsrätt
783 330 37 20 och
829 329 26 26 på
866 336 76 14 samma

200 358 50 26 gång
264 364 49 20 noga
327 360 39 18 och
379 358 86 27 tydligen
479 359 122 19 bestämmer
615 358 34 20 alla
669 356 82 21 dermed
769 356 174 26 sammanhängar-

200 385 26 21 de
239 385 191 25 rättsförhållanden,
446 386 47 20 skall
509 384 84 26 afhjelpa
607 390 24 14 en
645 384 52 20 både
710 386 42 17 stor
761 384 38 19 och
808 384 75 20 känbar
892 383 51 21 brist

200 412 5 19 i
220 411 38 21 vär
271 412 85 26 positiva
369 414 45 18 rätt.
431 412 150 25 Granskningen
595 412 20 18 af
627 410 146 27 stadganderne
787 410 5 20 i
805 410 35 20 det
852 410 6 20 i
873 410 70 20 sälänt

200 438 94 20 afseende
311 439 109 19 Ständerne
437 438 115 20 meddelade
569 438 93 26 förslaget
678 438 28 19 till
723 438 113 24 författning
854 438 4 19 i
876 438 67 19 ämnet

201 464 36 21 har
251 464 41 21 ledt
305 465 27 21 till
347 471 25 14 en
387 466 38 18 och
439 472 63 14 annan
517 464 133 26 anmärkning,
666 464 46 20 dem
726 464 100 20 Utskottet
835 469 27 15 nu
871 463 35 27 går
915 465 28 18 att

200 492 26 20 till
245 491 119 21 Ständernes
381 492 88 26 pröfning
486 492 113 20 framställa.
616 486 10 36 '
627 490 66 26 Några
710 491 21 19 af
746 490 60 20 dessa
823 490 120 26 stadganden

200 518 48 26 angå
264 517 65 27 frågor
343 518 20 20 af
375 518 38 20 den
427 519 113 25 principiela
554 518 47 26 vigt,
617 520 29 18 att
659 518 102 20 Utskottet
771 517 44 19 icke
824 517 75 20 kunnat
908 522 36 14 un-

201 544 75 21 derläta
290 547 28 18 att
334 546 90 19 närmare
441 546 95 25 redogöra
553 545 29 19 för
600 545 25 19 de
648 544 52 24 skäl,
719 544 67 20 hvilka
802 544 87 20 bestämt
909 544 36 20 Ut-

201 571 73 20 skottet
287 574 28 17 att
329 572 78 20 förorda
421 572 59 20 deras
492 571 113 25 antagande.

255 598 74 20 Sådant
342 600 22 18 är
378 598 129 21 förhållandet
520 598 56 20 med”
580 598 51 20 hvad
647 598 10 26 $
671 598 10 20 4
702 597 106 21 innehåller
824 602 33 15 öm
874 598 71 19 ersätt-

202 625 47 25 ning
262 625 30 19 för
305 626 64 24 mark,
385 631 45 14 som
444 625 145 27 exproprieras.
617 624 27 21 På
661 626 40 18 sätt
717 624 60 20 redan
794 624 102 20 ofvanföre
911 630 34 14 an-

201 652 82 24 märkts,
299 652 38 20 kan
350 658 47 14 man
409 658 24 14 ur
444 653 112 19 samhällets
570 652 140 20 bestämmelse
724 654 94 22 otvunget
832 651 79 20 härleda
925 650 18 26 ej

203 678 49 20 blott
266 679 47 20 dess
327 680 39 18 rätt
379 681 28 17 att
422 679 126 25 expropriera
562 681 46 17 utan
623 678 37 20 ock
675 678 48 20 dess
740 678 112 25 skyldighet
868 680 28 17 att
913 684 31 13 er-

202 706 50 19 sätta
267 705 37 19 Jen
319 706 89 19 enskilde
422 706 23 20 all
460 706 38 19 den
508 706 76 23 förlust,
597 711 43 13 som
651 705 233 25 expropriationsrättens
894 705 51 19 utöf-

202 732 64 19 vande
280 732 84 20 bereder
378 733 79 19 honom.
486 733 43 19 Men
543 734 29 17 att
585 738 24 12 ur
626 732 64 20 denna
707 732 141 19 bestämmelse
865 731 79 20 härleda

203 764 25 14 en
242 758 118 20 förbindelse
373 759 30 19 för
417 759 103 19 samhället
529 760 28 18 att
566 761 55 17 utom
634 758 48 20 eller
693 757 61 25 jemte
764 758 127 19 omförmälda
900 757 45 20 ska-

201 784 134 25 deersättning
350 786 72 24 utgifva
438 788 27 17 ett
479 783 160 25 öfverskjutande
652 785 79 25 belopp,
747 784 76 20 mindre
835 785 48 19 eller
892 786 53 17 stör-

202 817 28 18 re,
248 812 53 19 faller
315 812 30 24 sig
358 818 54 13 mera
428 812 61 20 svårt.
518 812 77 19 Genom
609 814 29 17 ett
651 810 70 21 sådant
735 810 109 20 öfverskott
858 810 85 20 erhåller

202 837 34 20 det
253 838 152 25 exproprierade
420 838 100 20 områdets
538 843 58 20 egare
613 838 46 20 eller
676 838 126 19 innehafvare
818 837 25 25 på
860 837 34 19 det
909 837 34 20 all-

202 865 81 19 männas
298 864 107 20 bekostnad
420 871 23 13 en
458 866 53 18 vinst
524 864 49 20 eller
586 864 72 24 fördel,
678 864 79 19 hvilken
774 870 25 13 ur
815 863 127 27 synpunkten

202 891 20 19 af
235 891 113 19 samhällets
363 891 120 26 berättigade
501 890 87 21 ändamål
607 891 54 19 visar
677 890 30 25 sig
723 891 38 19 lika
778 890 102 25 obehörig,
899 895 44 14 som

202 917 37 20 den
254 918 77 23 förlust,
347 918 79 19 hvilken
440 918 85 20 drabbar
539 918 81 23 honom,
636 917 5 19 i
651 916 94 20 händelse
755 917 133 24 ersättningen
898 916 45 20 icke

202 944 92 19 omfattar
307 944 23 21 all
346 944 37 19 den
399 944 60 20 skada
474 945 37 20 och
521 944 90 24 kostnad,
624 949 43 15 som
678 943 171 26 expropriationen
858 942 83 20 medför:

202 970 43 20 Den
260 970 175 25 omständigheten,
452 974 28 16 att
493 970 148 26 ifrågavarande
654 970 113 25 tillökning
760 965 9 35 i
779 970 61 24 utgift,
850 969 92 25 jemförd;

204 1002 48 14 vare
269 998 29 24 sig
315 997 45 19 med
377 997 25 20 de
419 998 60 24 öfriga
496 997 130 20 kostnaderna
643 997 6 19 i
666 997 95 24 företaget
777 997 48 19 eller
840 996 47 20 med
906 996 38 19 den

203 1024 138 23 Oberäkneliga
362 1026 67 23 nyttan
446 1025 21 19 af
482 1024 111 20 detsamma
610 1024 29 19 för
656 1024 23 19 all
697 1022 79 20 framtid
788 1024 52 24 eller
856 1022 45 20 med
919 1022 25 20 de

202 1049 112 26 tillgångar,
338 1050 105 20 hvaröfver
460 1050 34 24 de,
514 1056 43 14 som
574 1050 64 19 utföra
655 1050 104 25 företaget,
779 1049 67 20 kunna
863 1052 81 22 antagas

203 1077 83 24 förfoga,
301 1076 44 19 icke
360 1077 64 19 skulle
439 1077 58 20 blifva
512 1077 80 23 känbar,
609 1076 30 19 får
653 1076 18 25 ej
681 1076 82 19 inverka
773 1076 24 25 pä
807 1076 74 24 frågan,
892 1076 53 25 prin-

204 1102 64 26 cipielt
282 1103 108 25 uppfattad.
420 1104 41 19 Den
475 1103 75 26 Nådiga
563 1102 145 26 propositionen
723 1101 81 21 föreslår
819 1102 124 20 emellertid
933 1097 14 36 i

204 1128 10 26 $
229 1130 9 19 1
254 1131 29 18 ett
296 1129 63 26 dylikt
372 1130 116 25 öfverskott,
504 1129 118 26 uppgående
639 1129 48 20 ända
706 1129 24 19 till
749 1129 72 20 hälften
839 1129 20 19 af
875 1127 68 26 sjelfva

204 1156 142 24 ersättningen;
363 1157 37 18 och
417 1157 64 18 ehuru
497 1156 110 23 Utskottet,
625 1155 25 26 på
668 1155 124 26 nyssantydd
809 1155 72 25 grund,
899 1155 46 19 icke

204 1181 37 20 kan
255 1182 102 25 godkänna
371 1182 33 19 det
418 1183 6 18 i
438 1183 121 23 inledningen
573 1183 27 19 till
615 1181 146 26 propositionen
775 1182 26 19 till
817 1181 44 20 stöd
875 1181 29 19 för
916 1180 29 20 ät-

204 1208 72 25 gärden
291 1208 112 24 åberopade
417 1209 167 24 billighetsskälet,
600 1215 60 14 anser
673 1208 101 20 Utskottet
788 1209 30 24 sig
831 1207 51 20 dock
898 1207 46 20 böra

204 1235 97 25 tillstyrka
316 1235 51 20 bifall
382 1235 58 20 äfven
454 1235 25 20 till
496 1235 51 20 hvad
562 1235 10 25 $
587 1236 8 19 4
614 1235 5 19 i
637 1235 63 19 denna
718 1235 30 19 del
767 1234 112 19 innehåller.
909 1235 36 18 Det

205 1261 62 25 ligger
280 1261 98 26 nemligen
392 1261 5 19 i
412 1261 72 20 sakens
498 1264 63 22 natur,
577 1264 28 17 att
618 1261 167 26 uppskattningen
799 1260 20 20 af
831 1261 37 19 den
883 1260 61 20 skada

205 1287 38 19 och
258 1287 25 19 de
296 1288 98 23 förluster,
409 1294 43 13 som
466 1289 6 18 i
487 1287 71 24 hvarje
571 1287 70 20 sådant
655 1287 31 20 fall
701 1287 54 19 skola
770 1289 90 22 ersättas,
872 1286 70 24 måste,

206 1313 4 19 i
226 1313 73 19 saknad
315 1313 20 20 af
347 1313 79 20 allmänt
438 1313 67 25 giltiga
518 1313 99 24 objektiva
631 1313 91 26 grunder,
736 1313 49 20 bero
799 1313 21 18 af
826 1313 26 19 de
860 1312 86 20 utsedde

207 1339 212 24 värderingsmännens
433 1339 45 24 vilja
494 1341 37 18 och
546 1339 86 25 förmåga
642 1342 27 17 att
679 1339 106 25 behörigen
795 1340 42 19 afse
848 1339 34 19 och
893 1339 53 24 pröf-

207 1371 24 14 va
246 1365 36 20 alla
296 1365 25 20 de
335 1365 177 25 sakförhållanden,
528 1372 44 14 som
586 1366 122 24 rättvisligen
723 1366 48 19 böra
785 1365 17 20 få
812 1365 133 20 bestämman-

206 1392 26 20 de
245 1392 82 21 inverka
342 1392 23 26 på
380 1393 143 26 ersättningens
536 1393 79 25 belopp.
644 1393 43 20 Och
701 1393 64 20 ehuru
779 1393 33 20 det
826 1393 36 20 bör
876 1392 69 20 erkän-

207 1424 41 19 nas,
265 1421 28 18 att
306 1419 216 27 författningsförslaget
535 1419 18 26 ej
567 1420 76 20 mindre
658 1420 4 19 i
677 1420 92 21 afseende
783 1419 7 21 å
804 1419 139 21 fastställandet
