981 1806
280 118 71 22 Nådiga
361 119 140 23 Propositionen
514 120 36 17 N:o
561 120 29 18 20.
773 122 33 18 521

269 175 36 12 nar
326 169 83 19 hörande
422 170 136 26 församlingar
577 171 27 19 till
623 177 72 13 samma
718 172 86 25 tingslag,

269 196 72 26 deltage
356 197 48 20 dock
416 198 8 20 i
438 198 49 19 valet
504 198 67 20 endast
590 198 23 20 de
631 199 58 19 bland
707 200 97 25 tingslags-

267 225 73 23 boerne,
355 232 41 13 som
410 228 34 17 äro
459 228 7 17 i
480 226 35 19 den
529 227 79 20 socknen
622 228 43 18 eller
668 228 137 25 församlingen

267 253 78 23 bosatte,
359 255 51 17 inom
424 254 72 19 hvilken
504 254 102 26 ledigheten
615 254 88 26 uppstått.
732 255 74 20 Valrätt

263 276 97 36 tillkomme
374 276 47 36 'alla
428 282 102 25 jordegare
544 282 34 19 och
592 282 63 26 hvarje
669 290 65 12 annan
748 285 55 23 tings-

265 310 88 24 gästning
367 308 98 21 betalande
479 310 76 25 myndig
567 316 76 19 person,
663 317 40 13 som
721 311 83 19 medbor-

265 336 68 26 gerligt
340 338 110 24 förtroende
465 338 16 26 ej
490 338 104 26 förverkat.
629 338 36 20 Vid
675 340 50 18 valet
738 346 33 18 ege
781 346 22 13 en

267 365 49 20 hvar
329 366 38 18 lika
382 368 44 17 röst.

513 414 11 27 $
538 415 19 19 3.

329 452 70 20 Valbar
414 453 26 19 till
453 453 125 19 nämndeman
592 456 24 16 är
629 454 64 24 hvarje
707 455 7 18 i
729 454 74 25 tingsla-

265 482 31 23 get
311 480 70 25 stadigt
395 480 61 20 bosatt
470 481 120 25 rättskaffens
604 488 51 16 man,
670 488 40 13 som
713 482 47 26 fyllt
769 482 33 26 tju-

265 509 63 25 gufem
342 508 29 23 år,
387 515 43 19 eger
442 509 44 20 eller
499 510 75 19 besitter
586 510 87 21 hemman
686 510 34 20 och
727 510 44 19 icke
780 513 23 16 är

266 538 7 16 i
288 537 102 25 statsijenst
404 538 88 21 anställd.

514 592 11 25 S
538 593 20 19 4.

279 651 5 2 2
328 630 35 20 Val
378 631 24 25 af
412 631 124 20 nämndeman
550 631 49 19 skall
613 631 33 19 ske
658 632 49 25 inför
716 630 86 20 Härads-

266 661 39 17 rätt
319 658 12 19 &
345 660 38 18 viss
398 659 44 25 dag,
457 666 39 14 som
514 659 58 26 blifvit
580 660 74 25 fjorton
673 660 62 24 dagar
747 660 56 25 förut

266 688 7 18 i
295 687 107 25 tingslagets
421 688 71 25 kyrkor
510 688 96 25 kungjord.
644 686 72 27 Uppstä
738 687 65 19 dervid

260 713 70 28 frågor
350 722 30 13 om
398 715 70 20 valräit
481 716 34 19 och
532 716 103 22 valbarhet,
651 722 32 19 ege
702 716 101 19 domstolen

265 744 42 19 dem
321 744 73 25 afgöra,
410 746 45 18 utan
470 747 27 16 att
511 744 49 19 valet
568 745 55 25 förty
637 744 31 19 mä
685 743 116 26 uppehällas.

266 772 48 23 Den,
329 778 40 13 som
384 771 74 26 undfätt
465 773 59 25 flesta
538 774 91 21 rösterna,
645 772 57 23 skall,
718 772 34 19 der
765 772 38 19 han

266 800 90 26 befunnits
375 800 71 24 valbar,
467 800 63 20 såsom
548 800 125 20 nämndeman
691 800 112 26 godkännas

267 828 34 20 och
313 828 43 19 med
370 828 50 19 bevis
434 829 83 25 deröfver
531 829 24 25 af
564 828 70 20 Rätten
638 830 70 24 förses.
738 827 65 27 Hafva

266 856 31 20 två
312 856 43 20 eller
363 856 49 26 flere
426 857 72 19 erhållit
510 857 38 19 lika
558 856 69 28 många
637 859 65 20 röster,
713 862 32 20 ege
755 856 47 19 Rät-

267 887 30 17 ten
311 890 22 14 en
348 885 24 25 af
383 884 41 20 dem
438 888 96 17 utnämna.
565 884 29 20 År
611 884 63 26 någon
691 884 43 20 med
753 884 50 20 dom-

267 913 67 19 stolens
349 912 69 26 åtgärd
436 915 6 17 i
460 913 65 26 dylika
543 912 38 20 mål
599 912 96 26 missnöjd,
715 912 31 20 må
767 912 37 19 han

267 941 84 25 deröfver
365 942 34 18 hos
414 941 99 26 Hofrätten
527 942 7 19 i
548 941 62 25 vanlig
629 941 79 25 ordning
726 942 29 24 sig
774 940 29 20 be-

267 972 64 16 svära:
345 976 43 12 men
402 970 130 23 nämndeman,
548 976 40 13 som
602 969 67 20 utsedd
687 968 65 27 blifvit,
773 974 32 20 ege

269 997 99 20 emellertid
383 999 29 19 sin
427 998 100 26 befattning
542 998 69 25 utöfva.

516 1052 10 26 $
541 1052 19 20 5.

326 1090 131 20 Nämndeman
470 1090 32 20 må
516 1092 46 18 utan
577 1090 44 26 laga
635 1090 42 20 skäl
687 1090 66 26 afsked
757 1089 48 27 från

268 1120 29 18 sin
311 1118 101 26 befattning
429 1118 39 19 icke
486 1117 59 28 undfå
564 1119 59 18 innan
641 1119 38 18 han
696 1118 109 19 densamma

269 1149 27 16 tre
310 1145 23 20 år
347 1147 88 24 innehaft.
468 1146 91 19 Beträdes
578 1146 39 19 han
635 1146 42 19 med
696 1146 48 19 brott
762 1146 43 19 eller

268 1174 80 26 befinnes
363 1174 75 25 oredlig,
454 1173 90 23 vårdslös,
560 1173 115 26 oförståndig
692 1174 45 19 eller
755 1174 50 24 eljest

269 1201 88 26 opålitlig,
374 1208 32 19 ege
423 1201 139 20 Häradsrätten
580 1202 46 27 efter
643 1202 162 25 omständigheter-

269 1237 25 12 na
308 1237 60 12 varna
382 1231 67 18 honom
463 1231 43 18 eller
514 1229 89 26 förklara
618 1230 67 21 honom
699 1231 29 18 sin
741 1229 64 24 befatt-

269 1260 44 23 ning
321 1258 97 26 förlustig,
434 1259 95 24 äfvensom
543 1260 34 21 alt,
593 1257 25 20 dä
633 1258 42 19 skäl
689 1257 60 20 dertill
752 1258 52 24 före-

269 1287 86 22 kommer,
372 1286 60 19 under
442 1286 140 24 ransakningen
591 1286 67 19 honom
661 1285 49 26 från
720 1285 85 25 tjenstens

269 1315 83 24 utöfning
367 1314 61 25 skilja.

515 1367 11 25 S
541 1367 19 20 6.

328 1406 43 20 Har
385 1406 130 20 Nämndeman
524 1407 68 24 förfall
606 1406 34 19 och
654 1409 25 15 är
690 1405 71 19 Rätten
764 1406 41 25 för-

703 1432 45 20 33%*
