1014 1798
269 129 71 22 Nådiga
352 130 140 22 Propositionen
505 130 36 18 N:o
553 131 16 17 1.
778 132 20 18 17

260 314 160 26 Lagutskottets
430 314 130 20 betänkande
570 314 40 21 N:o
626 315 34 25 23,
671 316 127 24 innefattande

187 342 76 25 förslag
277 343 27 19 till
318 343 178 25 sammanjemkning
513 344 24 24 af
548 343 22 19 de
585 343 64 23 beslut,
669 344 7 18 i
695 344 63 19 hvilka
775 344 23 20 de

193 371 94 19 särskilda
311 370 128 20 Riksstånden
458 371 77 19 stadnat
554 372 8 17 i
582 372 99 25 anledning
699 372 23 25 af
743 372 55 20 Hans

194 397 104 27 Kejserliga
314 399 100 25 Majestäts
428 398 70 26 nådiga
508 400 124 24 proposition,
645 398 97 27 angående
753 401 45 25 ogift

193 428 78 23 gvinnas
285 427 107 26 myndighet
404 428 33 18 vid
450 428 38 18 viss
500 426 58 20 ålder.

109 482 65 20 Sedan
191 482 75 20 landets
284 482 100 27 höglofliga
402 482 92 25 Ständer,
514 482 49 20 efter
580 482 64 20 skedd
663 482 133 28 föredragning

56 508 21 20 af
85 505 148 29 Lagutskottets
243 509 38 19 Jen
291 510 26 19 26
328 509 89 20 sistlidne
426 509 89 19 Oktober
524 509 51 25 gifna
586 509 123 20 betänkande
719 510 5 18 i
732 510 65 20 anled-

55 535 46 25 ning
115 536 20 18 af
148 535 125 20 förenämnda
287 534 69 27 nådiga
370 535 128 26 proposition,
514 534 20 20 åt
546 535 136 25 Lagutskottet
692 536 106 20 öfverlem-

57 564 32 17 nat
104 564 28 16 att
145 561 71 26 afgifva
231 562 71 26 förslag
316 562 27 19 till
357 562 37 20 den
406 561 186 25 sammanjemkning
606 562 20 18 af
638 562 89 26 samtliga
740 563 57 19 Riks-

58 587 94 21 ständens
165 588 5 19 i
185 587 81 21 ärendet
280 588 73 20 fattade
366 589 74 25 beslut,
457 594 44 14 som
514 594 49 13 vore
576 588 22 19 af
609 588 63 20 nöden
689 589 29 19 för
732 588 66 21 ästad-

57 613 120 21 kommande
191 615 20 19 af
223 617 28 17 ett
264 618 125 22 gemensamt
409 615 65 19 beslut
488 614 5 19 i
507 616 71 23 ämnet,
596 613 22 20 sä
635 614 35 20 har
687 615 108 25 Utskottet,

57 640 50 20 efter
121 643 28 17 att
162 646 82 14 numera
258 641 59 19 hafva
331 640 35 20 fått
381 644 97 22 emottaga
492 641 88 25 samtliga
598 640 96 20 Ständens
715 642 85 18 remiss-

57 666 113 27 handlingar
186 667 6 18 i
213 668 65 18 ämnet
295 668 103 19 äfvensom
415 667 25 19 de
457 667 21 19 af
493 669 29 17 tre
539 666 61 20 Stånd
618 666 26 20 till
660 667 138 25 Expeditions-

57 693 98 20 utskottet
169 693 146 20 öfverlemnade
328 693 115 26 handlingar
456 694 5 18 i
476 698 75 14 samma
565 692 61 27 fråga,
642 693 5 19 i
662 693 37 25 dag
714 694 84 18 förehaft

58 718 54 20 detta
126 720 73 20 ärende
213 720 26 19 till
253 720 150 26 öfverläggning.

111 746 73 19 Dervid
199 746 35 19 har
248 746 137 26 Lagutskottet
398 752 24 13 ur
436 745 125 21 förenämnda
572 745 112 27 handlingar
694 746 102 25 inhemtat,

57 774 29 17 att
106 772 89 26 samtliga
211 772 133 20 Riksständen
364 771 86 27 godkänt
470 772 147 26 Lagutskottets
634 772 5 18 i
656 772 143 20 ofvannämnda

57 798 124 20 betänkande
201 798 113 20 framstälda
331 799 77 25 förslag,
427 801 28 17 att
471 799 39 19 den
525 798 99 20 blifvande
640 798 136 26 författningen
792 799 6 19 i

58 826 66 19 ämnet
137 824 62 20 borde
213 824 92 20 innefatta
320 824 32 20 tvä
367 825 121 25 paragrafer,
504 825 22 19 af
537 825 66 19 hvilka
621 826 9 19 1
649 824 10 26 $
675 825 82 19 komme
771 828 29 16 att

58 851 70 20 handla
148 856 33 15 om
197 851 82 25 gvinnas
296 851 124 27 myndighet,
440 852 37 19 och
494 852 11 19 2
523 851 11 25 $
553 856 34 14 om
606 852 194 25 giftomannarättens

57 878 147 26 inskränkning;
223 878 103 20 äfvensom
342 880 28 17 att
387 878 137 26 förordningen
540 877 62 20 borde
618 878 74 20 inledas
708 878 47 20 med
775 883 24 14 en

57 905 86 25 ingress,
160 905 55 18 hvari
233 904 81 26 ändring
331 905 20 18 af
366 904 114 25 nugällande
496 903 117 26 lagstiftning
630 904 4 19 i
652 904 60 19 dessa
728 906 71 18 ämnen

57 931 80 20 komme
151 933 29 17 att
193 931 87 25 stadgas.

112 956 36 20 För
162 957 57 26 öfrigt
232 957 59 20 hafva
305 957 25 20 de
344 957 96 20 särskilda
455 957 86 20 Stånden
555 957 56 19 fattat
626 955 82 27 följande
726 957 71 20 beslut:

215 1009 32 23 1:o
262 1009 138 23 Beträffande
415 1009 73 23 första
505 1009 140 29 paragrafen.

111 1052 106 25 Höglofliga
231 1051 175 26 Ridderskapet
421 1052 43 19 och
474 1052 71 20 Adeln
556 1052 36 19 har
602 1051 100 20 förklarat:
711 1052 44 21 ,,att
764 1052 36 20 mö,

58 1086 40 13 som
107 1081 74 24 femton
196 1078 23 20 år
231 1079 84 26 gammal
332 1081 32 20 är,
383 1079 49 19 skall
449 1079 57 25 hafva
522 1078 53 19 makt
592 1081 28 16 att
636 1077 49 20 råda
703 1079 52 24 öfver
771 1078 31 19 det

59 1108 36 19 hon
109 1107 45 26 sjelf
159 1108 102 25 förvärfva
276 1107 38 19 kan.
329 1107 39 23 och,
384 1106 59 20 sedan
452 1107 36 19 hon
497 1107 46 26 fyllt
557 1106 76 25 tjuguett
646 1105 30 24 år,
689 1112 48 13 vara
750 1112 50 19 myn-

59 1136 30 25 dig
104 1139 46 16 atan
164 1138 28 16 att
206 1136 37 19 hon
257 1135 85 25 behöfver
355 1135 63 19 derom
426 1135 35 24 för
475 1135 70 19 Rätten
560 1135 84 23 anmäla;
662 1141 42 12 men
722 1136 34 21 att,
772 1140 29 13 om

61 1164 43 23 hon,
120 1164 57 19 ehuru
192 1163 26 19 till
231 1163 77 26 myndig
322 1162 53 20 ålder
390 1163 89 23 kommen,
494 1163 32 19 vill
534 1162 32 20 vid
576 1163 30 18 sin
616 1162 96 25 egendoms
722 1162 80 25 förvalt-

61 1193 44 24 ning
115 1191 72 26 åtnjuta
196 1190 181 27 förmyndarevård,
388 1191 69 19 Rätten
472 1197 48 19 eger,
534 1190 26 26 på
575 1191 99 22 anmälan,
689 1189 63 20 derom
765 1189 37 23 för-

62 1220 82 19 ordna".

116 1246 123 27 Högvördiga
253 1246 181 20 Prestaständet
448 1247 35 18 har
497 1249 65 16 ansett
575 1245 114 26 paragrafen
707 1244 45 20 böra
769 1243 34 20 er-

63 1275 50 21 hålla
128 1275 82 26 följande
224 1275 80 33 lydelse:
320 1273 49 23 »Mö
388 1274 63 24 hafve,
466 1273 60 19 sedan
544 1273 37 19 hon
594 1273 74 24 femton
686 1271 23 20 år
720 1271 85 25 gammal

63 1306 32 20 är,
111 1303 52 18 makt
177 1305 28 16 att
218 1302 49 19 råda
281 1303 51 24 öfver
346 1301 30 19 det
391 1301 36 19 hon
442 1301 44 26 sjelf
491 1301 101 25 förvärfoa
615 1299 43 20 kan.
678 1299 36 20 Vid
728 1299 77 25 tjuguett

63 1330 32 20 års
110 1330 53 19 ålder
177 1336 32 19 ege
224 1330 36 19 hon
275 1330 33 19 allt
322 1330 31 18 sitt
365 1329 47 25 gods
421 1328 81 26 förestå,
517 1329 35 18 der
566 1329 36 18 hon
619 1327 22 20 så
661 1327 91 19 åstundar
771 1327 33 19 och

63 1358 71 20 sådant
141 1359 35 24 för
189 1357 71 20 Rätten
274 1357 104 20 anmäler”.

118 1387 99 25 Vällofliga
231 1386 164 27 Borgareståndet
408 1387 36 19 har
458 1387 72 25 antagit
543 1385 84 26 följande
640 1385 109 20 redaktion:
760 1398 11 10 ,
773 1381 33 20 Mö

65 1415 61 24 hafve,
142 1414 59 20 sedan
216 1414 36 19 hon
261 1415 73 24 femton
349 1413 23 19 år
383 1415 83 24 gammal
481 1416 29 20 är,
525 1413 53 19 makt
596 1415 28 16 att
640 1411 50 20 råda
708 1406 50 56 Year
776 1410 30 19 det
