975 1770
268 130 71 23 Nådiga
350 132 140 22 Propositionen
503 132 36 18 N:o
550 132 30 18 22.
763 132 34 20 565

53 180 43 20 före
110 179 42 21 inre
165 180 52 20 kraft
231 180 21 20 ät
265 180 70 26 sjelfva
350 181 139 26 institutionen,
505 182 5 20 i
525 182 31 20 fall
571 182 39 20 den
624 183 5 19 i
644 182 31 26 sig
688 182 47 26 sjelf
743 183 56 19 visar

53 206 30 27 sig
97 207 54 20 hvila
171 206 24 27 pä
217 213 25 15 en
256 208 83 20 orättvis
354 207 71 25 grund.
454 209 44 19 Men
513 211 28 17 att
550 208 22 20 sä
582 209 92 20 förhåller
683 209 37 26 sig,
731 210 64 23 torde,

53 234 53 19 hvad
121 234 49 20 först
184 234 37 19 Jen
237 234 67 20 hittills
318 234 57 25 följda
391 235 124 25 proceduren
529 235 99 25 beträffar,
645 236 62 19 redan
721 236 76 26 framgå

54 266 25 14 ur
92 260 39 20 den
144 260 58 20 enkla
216 261 179 26 anmärkning,
360 256 46 36 .att
413 268 33 13 om
463 262 33 20 det
513 264 22 18 är
552 262 131 26 Domkapitlet
701 268 44 14 som
763 269 34 13 en-

54 290 51 17 samt
120 287 123 20 bestämmer
255 288 93 25 förslaget
361 289 38 19 och
416 289 98 25 Regenten
531 288 87 20 derefter
635 294 48 20 eger
699 291 28 17 att
745 288 50 26 välja

54 314 52 19 inom
121 314 48 19 eller
183 316 55 18 utom
252 314 99 25 förslaget,
368 314 23 20 så
405 316 36 18 har
456 315 138 25 församlingen
612 315 104 25 onekligen
733 316 64 19 blifvit

53 340 73 20 kränkt
140 340 6 20 i
159 340 49 20 dess
222 343 40 17 rätt
275 344 28 17 att
316 341 58 20 äfven
389 341 4 19 i
412 341 108 26 väsendtlig
537 347 45 14 mon
600 340 18 21 få
636 342 109 20 medverka
763 342 33 20 vid

54 368 59 18 valet.
143 367 167 26 Kyrkostyrelsen
324 368 36 19 har
375 367 24 20 dä
416 370 29 18 att
462 369 45 24 säga
524 368 43 22 allt,
586 368 208 26 försarnlingen
730 363 5 35 '
739 368 55 26 intet.

54 394 38 19 Det
106 394 36 19 bör
156 394 114 25 visserligen
285 394 45 20 med
344 394 125 20 tacksamhet
482 395 104 25 erkännas,
602 398 28 16 att
644 395 57 19 äfven
715 394 6 20 i
735 395 61 25 impe:

54 420 54 19 riella
122 420 36 25 gäll
173 422 29 17 ett
217 420 88 24 väljande
320 421 50 19 varit
384 420 104 20 öfverlåtet
502 420 20 20 åt
536 422 146 25 församlingen,
692 420 19 25 ja
720 420 26 21 till
757 422 39 19 och

55 446 45 19 med
115 447 37 18 har
165 447 36 18 här
214 452 24 14 en
252 447 128 19 förmonsrätt
393 446 62 21 blifvit
472 446 20 20 åt
508 447 138 26 församlingen
663 447 70 26 unnad,
750 453 44 14 som

54 473 38 20 den
107 472 70 20 saknar
191 473 5 19 i
210 473 143 20 konsistoriella
368 476 116 23 pastorater,
500 473 95 26 nemligen
610 477 28 16 att
652 473 53 26 sjeli,
721 480 32 13 om
769 473 21 21 sä

54 500 83 23 önskas,
153 499 18 20 få
186 501 75 19 anmäla
275 499 63 26 fjerde
352 505 45 14 man
412 499 24 26 pä
450 501 100 25 förslaget,
567 500 79 20 hvilken
661 501 50 19 dock
727 501 21 20 af
760 507 34 14 ve-

54 525 124 21 derbörande
191 526 117 26 domkapitel
323 526 64 20 mäste
401 526 68 21 säsom
484 527 26 19 till
521 527 117 25 skicklighet
648 527 47 20 eller
705 526 91 26 förtjenst

53 551 95 27 jemngod
162 553 45 19 med
222 553 25 19 Je
262 553 60 25 öfriga
337 553 102 25 erkännas,
456 554 28 19 för
498 556 28 16 att
540 553 93 19 afseende
647 552 32 20 mä
694 554 62 19 fästas
769 554 25 25 pä

54 580 152 26 församlingens
220 580 82 26 önskan.
331 580 44 21 Men
388 578 25 21 dä
428 580 33 21 Jet
475 580 64 21 berott
552 579 25 27 pä
595 582 104 24 regentens
709 580 46 24 .frja,
764 581 34 23 val

54 608 29 20 att
96 606 89 26 antingen
199 612 23 14 se
230 602 52 34 eller
294 606 45 20 icke
353 612 22 16 se
385 606 149 26 församlingens
544 606 33 21 vid
586 606 38 23 Jen
634 606 94 26 offentligt
733 607 63 22 sked-

54 632 25 20 da
93 632 171 26 valförrättningen
279 633 85 19 uttalade
381 630 52 27 villja
447 632 87 26 tillgodo,
553 632 22 20 sä
592 638 48 20 eger
656 632 36 21 här
708 635 24 17 en
745 633 51 25 god-

54 659 108 26 tycklighet
176 664 50 20 rum,
243 658 79 20 hvilken
336 659 43 19 icke
395 659 35 20 bör
443 659 109 24 förefinnas,
565 660 81 18 hvarest
656 665 23 13 en
688 658 38 20 den
736 660 60 18 krist-

53 691 25 14 na
92 686 149 24 församlingens
255 685 102 26 grundrätt
371 687 22 17 är
403 688 42 24 satt
459 686 5 18 i
478 685 61 25 fräga.
568 686 32 19 Uti
613 686 35 19 det
664 692 39 20 nya
721 686 74 26 kyrko-

53 712 137 25 lagsförslaget
204 712 36 19 har
254 712 31 19 väl
300 712 37 19 Jen
353 712 71 25 vigtiga
441 712 111 24 förändring
568 712 62 20 blifvit
648 712 100 25 vidta:en,
767 715 28 17 att

53 738 63 20 under
130 738 138 20 ofvananförda
280 737 66 21 vilkor
361 737 57 26 (Kap.
435 739 31 25 15,
483 738 20 26 $$
517 738 25 20 26
552 739 38 19 och
601 739 45 24 103)
658 738 136 26 församlingen

53 764 45 20 icke
112 764 78 20 mindre
204 764 5 20 i
224 764 107 26 imperiella
345 766 23 18 än
383 764 143 20 konsistoriella
541 768 111 21 pastorater
669 771 46 19 eger
729 766 67 26 rättige

54 792 34 19 het
101 794 29 17 att
144 791 26 20 till
185 789 125 28 själasörjare
324 791 73 20 erhålla
412 792 37 19 den
465 792 25 20 de
507 790 69 26 sjelfva
594 790 62 22 Jertill
675 792 46 20 valt.
749 793 45 19 Men

54 824 24 14 en
92 818 86 20 medlem
192 818 20 20 af
221 817 196 27 kyrkolagskomitén
427 820 35 18 har
472 818 46 20 med
527 818 41 20 skäl
578 821 114 17 reserverat
702 817 30 28 sig
741 821 54 17 emot

54 845 37 20 den
105 845 147 25 inkonsegvens
266 850 44 14 som
324 845 61 25 ligger
400 844 48 26 Jeri,
464 848 29 17 att
506 844 24 20 då
545 845 84 20 nämnde
644 845 63 20 vilkor
720 844 18 26 ej
751 846 44 19 -blif-

54 872 29 19 vit
98 872 107 26 uppfyllda,
222 872 26 19 uti
264 871 24 20 de
301 872 108 25 imperiella
423 874 137 23 pastoraterne
575 878 23 13 en
613 874 56 23 prest
682 872 38 23 kan
730 872 65 19 erhål-

54 899 18 20 la
88 899 126 25 lägenheten,
233 901 47 17 utan
296 901 28 16 att
340 897 64 26 någon
421 898 49 20 enda
487 898 123 20 kallelseröst
626 898 74 19 honom
720 898 75 21 tillfallit

54 925 39 20 och
107 926 63 19 ehuru
185 926 37 19 han
237 925 5 18 i
256 923 91 26 förtjenst
361 925 38 19 och
413 925 116 26 skicklighet
542 926 22 18 är
578 925 24 20 de
618 925 61 25 öfriga
696 925 99 20 medföre-

54 953 66 24 slagna
134 951 137 26 underlägsen,
282 951 72 20 medan
364 954 28 17 ett
406 951 69 20 sådant
488 950 119 22 förhållande
620 950 16 25 ej
649 951 38 19 kan
699 956 37 20 ega
749 957 45 14 rum

54 979 33 19 vid
101 978 124 20 besättandet
238 978 22 19 af
271 978 25 19 Je
310 978 149 19 konsistoriella.
488 977 29 20 Då
534 983 26 14 nu
577 976 78 21 således
673 977 89 20 tillvaron
776 977 21 22 af

54 1010 24 14 en
92 1005 95 25 imperiell
205 1005 165 24 utnämningsrätt
387 1004 31 19 vid
436 1007 110 22 pastorater
565 1003 116 26 visserligen
698 1003 50 21 läter
764 1005 31 26 sig

54 1030 25 26 pä
94 1031 94 19 historisk
201 1034 39 22 väg
255 1031 90 24 förklara,
355 1037 46 13 men
411 1031 42 19 icke
463 1031 77 19 derföre
550 1029 49 20 ifrån
609 1030 76 26 kyrklig
694 1030 101 26 synpunkt

54 1063 60 20 gerna
127 1058 89 19 försvara
230 1058 36 24 sig,
283 1056 60 26 vågar
352 1057 99 19 Utskottet
461 1058 50 25 hysa
520 1057 37 19 den
568 1057 125 19 smickrande
704 1057 92 25 förhopp-

54 1084 52 26 ning,
121 1086 29 18 att
164 1084 53 20 Hans
234 1083 109 27 Kejserliga
356 1083 100 26 Majestät,
474 1084 61 19 hvars
552 1089 68 14 varma
635 1083 68 20 känsla
717 1084 30 19 för
762 1084 33 20 allt

55 1111 80 19 rättvist
145 1112 37 18 och
193 1110 52 20 ädelt
259 1110 24 26 på
298 1110 21 20 så
335 1110 69 26 många
419 1112 40 18 sätt
472 1110 54 26 gifvit
540 1110 30 24 sig
583 1109 102 24 tillkänna,
703 1110 45 20 icke
765 1111 30 19 för

55 1138 30 19 sin
99 1137 31 20 del
145 1138 48 19 skall
210 1138 56 18 hafva
283 1136 104 27 någonting
408 1140 53 16 emot
479 1140 36 22 att,
534 1137 37 19 ifall
590 1136 88 20 Finlands
695 1137 100 26 höglofliga

54 1164 84 46 finder
152 1163 72 21 sådant
238 1165 5 18 i
257 1163 155 28 underdånighet
425 1164 67 25 önska,
508 1163 60 26 sagde
577 1164 162 24 utnämningsrätt
746 1169 50 23 upp-

63 1196 57 14 häfva.

109 1218 53 18 Hvad
178 1217 68 19 vidare
260 1217 93 20 beträffar
366 1217 39 19 den
420 1218 4 18 i
440 1219 45 17 nära
500 1216 141 25 sammanhang
655 1216 45 20 med
717 1216 34 20 det
767 1217 32 19 of-

55 1244 119 20 vananförda
191 1243 81 20 stående
290 1243 68 26 frågan
376 1249 32 13 om
425 1244 25 19 de
467 1244 71 23 vilkor,
557 1248 43 14 som
618 1243 78 25 betinga
713 1243 39 19 den
768 1244 29 19 till

55 1270 113 20 erhållande
182 1270 19 20 af
213 1269 151 26 prestatjenster
378 1270 125 25 erforderliga
518 1270 152 24 kompetensen,
689 1270 106 19 hvaröfver

55 1296 132 26 domkapitlen
200 1302 37 20 ega
251 1299 28 17 att
293 1297 71 25 afgöra,
382 1297 35 19 har
431 1296 101 20 Utskottet
545 1296 27 19 till
588 1296 36 20 alla
640 1296 55 20 delar
711 1296 88 25 godkänt

55 1324 52 19 hvad
122 1324 69 18 härom
205 1323 5 18 i
224 1323 93 24 förslaget
331 1322 63 21 blifvit
407 1323 91 24 stadgadt
512 1322 37 19 och
563 1321 30 20 får
601 1322 80 19 således
690 1322 49 19 blott
748 1322 47 19 hän-

54 1349 44 20 visa
112 1349 25 20 till
153 1349 25 20 de
192 1349 5 19 i
211 1348 71 26 sjelfva
296 1349 92 26 försläget
401 1348 94 26 ingående
509 1348 117 22 hithörande
639 1349 157 24 hestämningar-

55 1381 25 15 ne
93 1375 63 26 jemte
169 1376 25 19 de
208 1377 92 18 närmare
313 1375 127 26 förklaringar
454 1376 99 24 deröfver,
569 1380 44 14 som
626 1374 107 21 innehållas
742 1374 6 19 i
757 1375 39 19 Kon

56 1402 72 19 miténs
142 1402 92 24 förslaget
248 1402 91 24 bifogade
350 1402 91 19 motiver.
802 1409 2 3 i

108 1428 95 25 Slutligen.
216 1427 30 20 får
254 1427 138 25 Lagutskottet
401 1428 37 19 hos
447 1427 76 20 landets
532 1427 102 25 höglofliga
643 1426 84 20 Ständer:
737 1426 60 20 värd-
