998 1792
407 363 45 32 14.

259 472 67 23 Hans
341 471 153 35 Kejserliga
503 473 138 28 Majestäts
651 472 84 30 Nådiga
745 473 53 24 Pro-

191 501 97 28 position
302 501 37 22 till
352 501 105 24 Finlands
471 502 100 28 Ständer,
588 508 34 17 om
637 502 124 28 antagande
775 502 26 22 af

192 534 27 17 en
234 529 141 28 författning,
391 529 113 29 angående
519 531 97 28 ändring
630 531 8 22 i
653 536 31 17 nu
694 531 104 28 gällande

191 557 137 29 stadganden
346 564 34 16 om
398 558 138 52 KVrkoplikt
550 559 41 23 och
604 557 157 31 upphäfvande
776 559 25 23 af

190 585 43 23 den
247 586 37 23 för
298 586 61 23 vissa
372 586 62 23 brott
448 586 111 30 påbjudna
574 587 45 28 afgift
654 587 37 23 till
705 585 83 31 kyrka.

107 641 55 20 Inom
175 641 248 26 brottmålslagstiftningen
437 643 38 19 har
487 642 140 31 kyrkoplikten
639 643 88 20 hänförts
737 643 26 20 till
773 643 25 20 de

54 669 81 23 ämnen,
154 668 55 19 hvari
226 669 25 20 de
268 668 86 27 gällande
372 669 97 26 lagbuden
487 675 16 20 ej
519 675 48 14 vore
581 669 217 21 öfverensstämmande

54 695 47 20 med
115 694 65 21 tidens
194 695 108 26 fordringar
316 695 38 20 och
368 696 110 26 förändring
492 697 67 19 kunde
573 696 71 20 införas
659 696 112 20 oberoende
779 697 21 19 af

54 727 24 14 en
92 721 112 25 fullständig
218 722 134 26 omarbetning
366 723 21 18 af
399 723 76 20 landets
489 723 94 26 strafflag.
611 723 62 19 Hans
687 722 111 25 Kejserli-

54 753 27 20 ga
96 747 108 25 Majestät
218 749 36 20 har
268 749 79 20 derföre
361 749 43 20 låtit
416 749 91 21 utarbeta
521 750 72 26 förslag
607 749 26 20 till
648 749 110 27 författning
767 751 31 18 rö-

53 775 63 20 rande
132 775 139 26 upphäfvande
288 775 20 20 af
323 775 25 20 de
365 775 131 27 stadganden,
514 777 60 25 enligt
591 776 65 20 hvilka
673 776 126 26 kyrkoplikts

53 801 139 26 undergående
209 803 21 19 af
244 803 111 25 förbrytare
372 804 22 17 är
411 803 133 25 föreskrifvet,
565 803 1 19 i
581 803 144 25 sammanhang
739 803 63 20 hvar-

53 829 46 19 med
113 827 72 26 jemväl
199 829 64 20 blifvit
276 829 106 25 föreslaget
396 832 28 17 att
437 829 38 20 den
489 831 30 18 för
532 830 54 19 vissa
600 830 131 26 förbrytelser
745 830 5 19 i
767 830 32 25 lag

53 855 104 20 bestämda
172 856 54 25 afgift
239 856 27 20 till
280 855 65 26 kyrka
358 855 73 26 mätte,
447 857 68 20 säsom
529 856 130 21 ändamälslös
673 857 38 18 och
725 857 73 24 olämp-

54 882 32 26 lig,
102 882 102 25 afskaffas;
221 882 37 21 och
274 882 74 21 varder
360 882 54 20 detta
428 883 78 26 förslag,
522 884 30 19 för
565 883 75 21 hvilket
652 882 147 21 nedanstäende

54 909 88 26 grunder
155 911 34 18 äro
204 909 125 25 framställde,
345 909 89 26 härmed,
449 910 78 25 jemlikt
541 910 26 20 42
581 910 9 26 $
601 910 5 20 i
615 909 184 27 Regeringsformen

54 936 21 20 af
88 936 37 19 den
140 936 24 20 21
183 936 82 26 Augusti
282 936 62 25 1772,
363 936 26 20 till
407 936 77 20 landets
500 937 95 20 Ständers
611 936 106 26 antagande
734 937 65 19 öfver-

54 962 94 20 lemnadt.

106 989 144 26 Kyrkoplikten
267 990 118 19 verkställes
402 990 90 25 antingen
509 990 110 26 offentligen
639 990 48 20 eller
705 989 92 25 enskildt,

52 1015 65 21 under
132 1016 26 20 de
174 1016 76 26 vanliga
271 1015 164 26 benämningarne
455 1017 21 19 af
494 1016 103 26 uppenbar
617 1016 114 26 kyrkoplikt
751 1016 47 19 eller

53 1042 87 20 enskildt
154 1042 128 26 skriftermäl,
297 1042 51 20 efter
362 1046 83 22 samma,
461 1043 6 19 i
481 1042 183 27 kyrkohandboken
673 1042 76 26 intagna
759 1042 40 20 for-

53 1070 73 23 mulär,
143 1075 47 14 men
205 1068 58 26 eljest
276 1068 95 26 skiljande
384 1068 30 26 sig
427 1070 42 19 deri
483 1072 29 18 att
525 1070 102 25 uppenbar
640 1069 115 26 kyrkoplikt
768 1071 31 17 ut-

54 1095 42 20 stäs
110 1094 11 20 ä
135 1096 124 26 pliktepallen
274 1096 49 20 inför
337 1095 43 20 hela
394 1095 138 21 församlingen
545 1096 6 20 i
564 1096 71 26 kyrka,
650 1096 106 20 hvaremot
765 1101 34 14 en-

53 1122 61 20 skilät
130 1121 130 26 skriftermäl,
279 1122 59 25 enligt
351 1122 71 26 Kongl.
438 1122 137 26 förordningen
589 1122 20 20 af
621 1122 38 20 den
673 1122 25 20 18
712 1122 87 20 Novem-

53 1148 37 20 ber
104 1148 59 26 1741,
179 1149 36 20 bör
229 1148 37 20 ske
280 1150 6 18 i
301 1148 91 20 sakristia
406 1149 6 19 i
426 1152 84 16 närvaro
524 1150 20 18 af
556 1152 31 16 tre
601 1149 46 19 eller
661 1148 45 27 fyra
720 1149 20 19 af
752 1154 46 20 pre-

54 1177 43 17 sten
111 1175 57 20 valde
182 1180 97 20 personer
293 1175 57 21 bland
364 1174 153 26 församlingens
530 1175 71 20 äldste.

107 1201 8 19 I
130 1202 52 20 1686
196 1201 33 19 ärs
243 1201 97 27 kyrkolag
354 1203 58 23 säges
427 1207 33 14 om
473 1202 140 26 kyrkoplikten
629 1204 28 16 att
669 1201 38 20 den
721 1202 22 18 är
760 1200 39 20 den

54 1227 195 27 syndabekännelse,
268 1234 44 14 som
330 1233 23 14 en
370 1228 94 26 syndare,
482 1228 110 25 lagvunnen
606 1228 38 19 och
658 1227 90 25 sakfälld,
764 1229 35 23 gör

54 1254 50 19 inför
120 1254 149 26 församlingen,
288 1254 25 21 dä
330 1255 38 19 han
386 1254 68 20 tillstär
471 1254 30 25 sig
518 1254 67 26 vara
577 1249 13 35 i
599 1254 37 20 den
650 1254 36 20 sak
699 1253 100 26 brottslig,

54 1280 29 20 för
97 1280 80 20 hvilken
191 1281 40 19 han
246 1281 112 25 uppenbart
372 1281 87 25 skriftas,
475 1281 39 19 och
527 1282 84 24 betygar
625 1280 30 19 sin
669 1280 63 25 ånger
741 1280 57 19 öfver

54 1306 92 20 bemälde
162 1307 60 25 synd,
240 1308 63 20 beder
319 1306 44 20 Gud
383 1307 38 19 och
436 1306 138 26 församlingen
588 1312 33 14 om
635 1306 97 20 förlåtelse
746 1309 53 17 samt

53 1333 86 19 utlofvar
152 1333 35 20 bot
201 1333 37 20 och
252 1332 95 26 bättring.
365 1334 67 19 Denna
446 1333 119 27 bekännelse
580 1332 35 20 bör
629 1332 79 20 säledes
721 1332 78 26 grunda

54 1359 30 26 sig
97 1359 26 26 pä
137 1359 75 26 verklig
226 1360 60 20 ånger
300 1360 36 20 hos
350 1360 132 26 förbrytaren.
501 1361 77 24 Ängern
593 1359 37 19 kan
644 1359 60 19 likväl
718 1358 17 26 ej
749 1358 50 20 bero

54 1386 22 20 af
88 1387 54 25 yttre
156 1385 59 31 tvång
229 1392 24 14 och
282 1385 16 26 ej
313 1385 62 21 heller
388 1386 38 20 den
441 1386 40 25 akt,
493 1385 83 21 hvarvid
586 1384 73 27 ängern
668 1385 48 20 skall:
725 1387 73 23 yttras,

54 1413 69 25 utgöra
137 1418 24 14 en
176 1412 115 26 tvängssak.
320 1413 44 19 Men
378 1412 62 20 dertill
456 1413 36 19 har
505 1413 64 19 denna
583 1412 34 19 akt
630 1411 108 21 emellertid
756 1411 43 21 blif-

56 1438 29 20 vit
98 1437 124 21 förvandlad.
