1009 1750
283 120 72 22 Nådiga
366 122 140 22 Propositionen
519 120 37 18 N:o
568 122 27 16 18.
778 120 32 19 491

120 169 31 20 De
164 168 97 21 särskilda
275 168 97 21 Ståndens
387 170 65 20 beslut
466 169 103 27 angående
582 170 60 20 dessa
652 172 71 18 ämnen
732 171 35 18 äro
776 170 33 20 föl-

68 194 68 25 jande:

251 247 19 21 1)
280 246 145 20 Vidkommande
436 247 63 19 tionde
511 247 117 24 paragrafen:

124 275 108 25 Höglofliga
247 275 173 25 Ridderskapet
434 276 43 20 och
491 276 73 19 Adeln
578 276 42 24 har,
632 276 45 19 med
686 276 123 26 godkännan-

66 301 26 19 de
106 301 22 19 af
140 302 112 19 Utskottets
266 302 129 19 omförmälda
409 301 130 25 betänkande,
554 292 81 30 beslutit
648 305 28 16 att
691 304 24 18 10
726 302 10 25 $
746 302 62 20 skulle

67 327 49 34 lyda
127 326 87 21 sålunda:
231 328 63 24 ,,Den,
309 335 41 13 som
357 329 36 25 för
406 314 139 52 ärekränkning
560 328 82 24 tilltalas,
658 327 31 21 må
702 329 16 25 ej
728 328 42 20 med
780 329 28 19 be-

66 357 74 25 visning
154 363 31 13 om
199 358 103 24 sanningen
316 357 24 25 af
350 356 63 26 gjordt
427 357 75 19 tillmäle
518 358 28 24 sig
554 356 49 26 från
618 363 70 13 ansvar
696 358 49 24 fria,
760 360 50 16 utom

67 386 8 18 i
89 384 23 21 de
120 385 46 25 fall,
182 384 25 20 då
222 386 39 18 han
275 384 85 26 erbjuder
373 386 28 24 sig
417 388 27 16 att
458 384 66 27 styrka
538 386 38 18 viss
591 384 83 20 bestämd
686 385 89 25 handling
785 385 23 19 el-

68 413 28 19 ler
108 412 142 24 uraktlåtenhet,
266 413 34 20 och
314 413 101 19 domstolen
427 420 67 19 genom
507 412 89 20 särskildt
606 412 59 20 beslut
668 414 104 24 förklarat,
782 415 28 17 att

67 440 43 20 dess
124 440 156 27 ådagaläggande
294 441 62 20 kunde
369 441 80 19 utesluta
464 442 44 19 eller
520 441 68 19 mildra
602 441 164 26 strafbarheten*".

121 468 123 26 Högvördiga
258 468 182 20 Prestaståndet
454 470 37 18 och
501 468 100 25 Vällofliga
611 468 198 26 Borgareståndet

68 495 60 19 hafva
142 483 91 31 deremot
246 496 72 26 antagit
333 496 23 18 10
371 495 10 25 $
396 496 58 24 enligt
463 496 37 19 den
511 488 73 32 nådiga
591 483 151 37 propositionen,
758 495 50 20 dock

68 521 47 20 med
130 521 63 26 tillägg
207 522 21 19 af
239 522 61 19 orden
314 522 62 19 «eller
389 520 159 21 uraktlåtenhet»
563 521 50 19 efter
626 521 56 19 ordet
692 521 115 25 «handling»

66 548 6 18 i
92 548 126 25 paragrafens
241 548 59 19 första
324 550 94 17 moment.
450 548 65 25 Enligt
537 547 59 20 dessa
617 546 33 20 två
668 547 74 20 Ständs
759 548 50 25 äsigt

67 574 63 21 borde
144 574 56 20 alltså
216 575 24 19 10
255 574 11 26 $
281 574 44 27 lyda
340 574 92 20 sålunda:

124 601 63 24 Den,
203 608 40 13 som
251 603 37 24 för
301 597 139 42 ärekränkning
455 602 83 23 tilltalas,
552 600 32 20 må
598 601 16 26 ej
625 601 42 20 med
676 597 94 41 bevisning
780 607 30 14 om

67 631 104 24 sanningen
186 631 23 24 af
218 630 64 25 giordt
296 630 75 19 tillmäle
385 631 29 24 sig
423 629 48 26 från
489 637 71 12 ansvar
572 630 43 25 fria
634 632 50 17 utom
702 630 8 18 i
727 629 24 20 de
763 629 46 26 fall,

68 657 25 21 då
108 658 38 19 han
161 658 84 25 erbjuder
259 659 29 24 sig
302 661 28 17 att
344 659 66 24 styrka
424 659 38 18 viss
480 658 84 20 bestämd
583 658 88 25 handling
690 658 43 19 eller
747 657 62 20 urakt-

67 686 86 23 låtenhet,
169 687 33 19 och
217 687 101 20 domstolen
330 693 67 19 genom
417 687 89 19 särskildt
526 686 58 19 beslut
596 686 104 26 förklarat,
720 688 28 17 att
767 686 42 19 dess

67 715 157 26 ådagaläggande
239 715 61 20 kunde
314 715 80 20 utesluta
409 715 43 19 eller
466 715 68 19 mildra
548 714 149 26 straffbarheten.

125 742 43 21 Har
182 743 41 23 den,
243 746 38 17 mot
300 743 71 20 hvilken
391 744 83 19 tillmälet
491 744 74 24 rigtats,
584 744 50 18 varit
646 743 35 25 för
699 743 111 25 handlingen

68 771 81 20 tilltalad
162 773 46 18 utan
222 774 29 17 att
264 771 58 26 kafva
337 771 57 26 blifvit
409 771 20 20 åt
443 771 58 20 saken
510 771 53 26 fäld;

125 800 44 19 eller
184 802 23 17 är
222 800 26 19 tid
264 800 26 19 till
305 799 40 20 åtal
353 801 103 23 försutten;

126 828 44 19 eller
183 831 24 16 är
221 828 41 23 den,
278 834 40 13 som
326 828 100 25 framstält
440 827 144 27 beskyllningen,
604 827 16 25 ej
638 826 119 27 målsegande
777 827 33 20 och

124 856 57 19 körer
194 856 17 25 ej
225 856 113 25 handlingen
351 855 60 19 under
424 855 78 20 allmänt
516 855 48 23 åtal;

125 884 44 19 eller
182 884 36 19 har
232 883 108 23 tillvitelsen,
354 889 66 19 genom
435 886 27 17 att
480 884 128 25 offentliggöra
622 883 73 25 kusliga
704 883 105 26 förhållan-

68 912 42 24 den,
121 918 40 13 som
171 912 16 25 ej
197 915 34 16 äro
241 911 59 26 straff
305 911 145 23 underkastade,
461 911 69 20 kränkt
539 911 31 20 det
580 911 84 19 enskilda
674 911 60 25 lifvets
748 911 62 26 helgd;

66 947 46 13 vare
134 940 27 20 till
182 940 84 25 befrielse
282 939 48 25 från
351 946 71 13 ansvar
436 941 36 24 för
493 939 89 23 tillmälet,
605 939 94 26 bevisning
720 939 40 19 icke
782 939 27 20 til

67 967 71 21 läten**.

121 995 127 20 Hedervärda
263 995 174 20 Bondeständet
451 996 37 19 ahr
502 995 42 20 åter
559 994 99 27 angående
673 995 24 19 10
712 995 7 24 $
718 995 92 20 stadnat

66 1020 8 21 %
88 1023 101 20 enahanda
203 1022 59 20 beslut
276 1022 42 19 med
333 1022 139 26 Ridderskapet
487 1023 34 19 och
535 1010 65 31 Adeln.

272 1075 19 23 2)
302 1075 115 18 Beträffande
429 1075 45 19 elfte
486 1075 118 24 paragrafen.

120 1104 108 25 Höglofliga
242 1104 145 25 Ridderskapet
401 1105 38 18 och
453 1105 61 19 Adeln
528 1105 36 18 har
578 1104 30 19 för
622 1104 30 19 sin
661 1104 30 19 del
705 1106 65 17 ansett
784 1105 22 18 11

67 1131 11 24 $
92 1131 46 20 böra
152 1130 73 20 erhålla
239 1130 90 25 följande,
345 1131 21 18 af
378 1130 95 26 åtskillige
487 1133 129 17 reservanter
630 1129 53 20 inom
693 1130 117 26 Lagutskot-

68 1160 28 18 tet
110 1157 111 24 föreslagna
231 1157 81 25 lydelse:

124 1183 82 26 ssAngär
220 1184 102 20 tillvitelsen
338 1191 21 12 en
373 1186 7 17 i
394 1184 31 25 lag
440 1184 41 20 med
495 1190 70 13 ansvar
580 1183 66 25 belagd
665 1184 96 25 handling,
777 1184 33 19 och

67 1213 31 19 vill
113 1213 35 19 den
164 1212 90 20 tilltalade
268 1212 65 26 styrka
348 1214 28 17 att
390 1212 42 24 den,
447 1215 37 17 mot
498 1212 74 20 hvilken
587 1212 82 19 tillmälet
683 1212 89 25 rigtades,
788 1214 23 17 är

68 1241 28 19 till
110 1240 70 20 sådant
194 1240 48 20 brott
256 1240 63 24 saker;
333 1242 39 18 vise
387 1239 25 20 då
427 1241 43 25 laga
485 1240 43 20 dom
542 1239 51 20 derå.
624 1239 42 20 Har
680 1240 65 19 brottet
760 1244 51 15 ännu

69 1269 39 19 icke
122 1270 49 18 varit
186 1269 59 19 under
259 1268 40 20 åtal
314 1268 43 20 eller
371 1268 59 20 under
442 1270 87 24 pröfning
544 1270 7 17 i
559 1268 62 25 fråga
640 1274 30 13 om
689 1268 121 23 skadestånd,

69 1298 44 19 eller
121 1296 37 26 får
172 1297 36 23 det,
224 1297 58 19 ehuru
296 1297 61 25 utslag
372 1298 7 18 i
393 1297 58 19 saken
463 1297 60 25 fallit,
544 1296 90 25 likmätigt
654 1296 66 26 Kongl.
734 1297 76 25 förord-

69 1326 68 24 ningen
152 1325 35 19 den
201 1325 29 19 20
244 1325 83 19 Januari
341 1324 52 20 1779
409 1326 25 18 till
449 1324 110 26 behandling
574 1323 50 27 ånyo
638 1327 104 22 upptagas,
758 1325 53 25 lägge

70 1353 102 20 domstolen
188 1353 34 19 den
238 1352 88 20 tilltalade
341 1352 26 20 tid
376 1354 45 24 före
436 1356 27 17 att
476 1354 42 19 visa
533 1353 31 19 det
582 1352 58 20 saken
660 1352 25 20 då
704 1353 58 25 blifvit
780 1353 31 19 vid

71 1381 79 19 domstol
164 1381 95 24 anhängig
272 1381 62 25 gjord;
348 1382 34 17 och
396 1380 38 23 må,
449 1381 47 18 intill
510 1381 43 18 dess
567 1381 61 24 utslag
648 1380 39 19 deri
696 1381 59 24 fallit,
770 1380 42 19 med

72 1407 69 26 åtgärd
155 1409 7 18 i
176 1408 99 24 anledning
290 1408 23 25 af
324 1408 113 25 angifvelsen
451 1415 29 13 om
494 1408 138 24 ärekränkning
642 1408 99 19 emellertid
750 1407 61 20 anstå.
