1014 1823
275 114 72 24 Nådiga
358 116 140 24 Propositionen
510 118 36 18 N:o
559 119 28 18 18.
781 120 34 20 499

277 191 3 3 N
334 166 12 19 6
360 166 29 30 $.
407 167 34 25 (Af
453 168 100 20 enahanda
567 169 76 26 lydelse
657 169 45 20 med
717 172 96 25 samma
798 162 20 39 $

276 196 5 13 i
295 194 162 24 propositionen).

334 219 12 19 7
360 219 23 25 9.
413 220 125 26 Förolämpar
554 228 44 13 man
618 229 63 13 annan
699 224 8 18 i
726 225 26 18 tal
771 224 43 20 eller

275 246 54 26 skrift
342 248 43 19 med
397 248 94 26 skymfligt
502 250 96 25 yttrande,
613 256 39 14 som
667 251 16 25 ej
697 252 60 19 under
770 252 14 18 6
796 252 17 26 fi

274 274 91 26 hänföras
379 276 45 23 kan,
444 277 43 19 eller
505 278 44 20 sker
566 278 30 19 det
615 278 42 20 med
675 279 74 23 hotelse,
771 280 42 19 eller

275 309 65 12 annan
352 305 85 24 gerning,
453 311 40 13 som
506 306 122 26 missfirmelig
643 309 28 20 är,
687 308 82 24 straffes,
782 309 31 22 för

275 329 62 21 sådan
346 332 148 26 förolämpning,
509 334 42 19 med
564 334 83 25 fängelse
656 333 49 27 från
723 335 33 19 och
770 336 43 19 med

274 358 41 20 åtta
329 358 62 27 dagar
404 360 27 20 till
445 361 34 20 och
493 362 42 20 med
550 361 30 20 två
595 361 92 21 månader
705 363 44 20 eller
762 363 51 20 böter

268 386 49 26 från
332 388 33 19 och
379 388 42 20 med
429 390 42 25 fem
486 390 26 19 till
527 390 34 20 och
574 390 41 20 med
635 391 100 19 trehundra
749 392 60 19 mark.

331 414 108 28 Innefattar
445 418 166 26 förolämpningen
621 424 82 20 angrepp
713 422 38 17 mot
761 422 49 23 qvin-

273 449 36 13 nas
324 442 121 28 blygsamhet,
459 445 32 20 må
505 447 74 25 straffet
593 446 63 20 kunna
670 447 55 26 höjas
735 448 27 19 till
764 449 46 25 fän-

270 471 51 26 gelse
341 472 54 27 högst
413 476 26 18 ett
457 473 24 20 år
499 475 44 19 eller
561 474 52 21 böter
631 475 53 26 högst
702 476 109 20 sexhundra

272 499 59 20 mark.

329 528 15 20 8
357 528 24 27 f.
409 529 103 27 Förgriper
525 532 28 25 sig
569 530 61 27 någon
643 530 27 27 pä
685 534 38 18 sätt
737 533 6 18 i
758 532 14 20 6
787 533 23 19 el-

272 556 27 19 ler
314 556 12 20 7
340 556 17 27 G
371 559 56 25 sagdt
441 561 23 17 är
477 562 38 17 mot
529 558 62 23 sådan
605 560 77 19 medlem
696 561 24 25 af
736 560 73 26 Kejser-

271 584 39 25 liga
324 585 59 25 huset,
397 593 40 21 som
454 587 17 26 ej
484 594 67 19 genom
565 587 12 19 1
591 587 17 27 G
627 588 14 19 5
659 588 76 26 kapitlet
754 588 55 20 Miss-

270 614 155 26 gerningsbalken
439 618 38 17 mot
492 616 138 26 ärekränkning
644 616 89 26 skyddad
747 620 35 21 är;

330 642 43 20 eller
387 643 42 21 sker
443 644 31 19 det
487 646 38 18 mot
533 644 120 26 fremmande
667 647 48 17 stats
729 648 71 23 regent;

329 670 44 21 eller
386 674 39 18 mot
438 672 109 24 ständerna,
563 672 44 20 eller
625 672 62 26 nägon
705 672 56 20 deras
781 674 28 25 af-

273 697 74 27 delning
361 700 44 20 eller
417 700 77 25 utskott;

331 727 43 20 eller
387 730 38 18 mot
440 728 71 21 enskild
530 728 143 26 landtdagsman
692 730 7 18 i
719 729 43 20 eller
775 730 35 25 för

271 752 62 22 sådan
347 755 113 27 befattning;

330 784 45 20 eller
387 787 38 17 mot
433 784 119 26 fremmande
566 787 47 17 stats
629 785 34 20 hos
677 785 72 20 landets
759 792 49 19 rege-

271 811 41 25 ring
327 812 88 20 anstälda
429 812 107 25 sändebud;

329 840 44 20 eller
385 843 41 18 mot
437 840 111 27 .skyldeman
562 842 7 18 i
583 843 38 18 rätt
635 841 123 25 uppstigande
772 841 37 24 led;

330 868 44 24 eller
386 871 38 21 vaot
438 868 109 26 tjensteman
562 869 44 19 eller
619 868 42 24 den,
677 875 40 13 som
735 872 24 16 är
767 870 41 24 för-

271 895 74 20 ordnad
359 899 28 18 att
398 896 85 22 bestrida
503 897 70 22 allmän
592 898 68 25 eyssla,
681 897 44 19 eller
744 897 65 20 kallad

271 927 28 17 att
312 924 33 20 vid
361 925 82 26 offentlig
455 926 118 25 förrättning
592 925 80 23 biträda,
693 926 6 18 i
718 926 44 19 eller
774 926 35 25 för

271 953 52 25 dylik
337 953 109 26 befattning;

271 987 44 14 vare
330 976 61 36 sådan
404 976 137 36 omständighet
553 981 64 20 såsom
636 982 117 25 synnerligen
765 983 42 24 för-

271 1008 92 21 svärande
379 1009 78 24 ansadd,
473 1010 33 20 och
520 1009 32 22 mä
567 1010 58 26 straff
637 1010 54 25 enligt
705 1010 14 19 6
729 1009 16 26 G
756 1009 25 20 då
791 1011 16 24 ej

271 1037 108 26 understiga
394 1037 31 20 två
438 1038 100 20 månaders
547 1039 89 25 fängelse
650 1038 43 19 eller
703 1037 104 20 tvåhundra

271 1065 54 20 mark
339 1067 7 18 i
360 1066 56 23 böter,
431 1069 49 17 samt
495 1073 70 13 ansvar
579 1066 54 26 enligt
648 1066 12 19 7
674 1065 17 26 f
701 1066 16 25 ej
727 1068 80 17 utsättas

271 1094 51 25 lägre
337 1097 26 17 än
376 1097 68 17 saaton
459 1095 70 25 dagars
539 1094 87 26 fängelse
641 1095 43 18 eller
693 1094 51 26 tjugu
753 1095 54 18 mark

272 1123 7 18 s
294 1122 55 20 böter;
399 1140 2 2 +
581 1140 12 2 Ja

329 1150 13 20 9
356 1150 18 26 $.
404 1150 33 24 (Af
456 1156 75 14 samma
547 1149 93 26 innehåll,
659 1155 44 15 som
719 1152 88 18 motsva-

267 1176 60 20 rande
341 1176 11 26 $
365 1177 6 21 i
385 1176 162 26 propositionen).

328 1204 27 19 10
369 1203 23 27 (G...
412 1204 58 23 Den,
486 1209 40 15 som
530 1204 35 26 för
574 1203 137 26 ärekränkning
723 1204 82 22 tilltalas,

270 1230 31 20 mä
316 1232 15 25 ej
347 1232 41 20 med
402 1229 93 28 bevisning
511 1238 29 14 om.
555 1233 102 24 sanningen
672 1232 23 24 af
700 1231 63 25 gjordt
773 1232 32 18 till-

270 1260 48 20 mäle
333 1262 28 24 sig
377 1255 42 36 frän
441 1255 64 36 ansvar
519 1261 49 25 fria,
587 1262 48 18 utom
655 1260 6 18 i
680 1260 23 18 de
721 1259 40 24 fall,
781 1259 24 19 dä

270 1289 38 22 han
323 1289 84 25 erbjuder
421 1290 30 24 sig.
464 1291 29 17 att
504 1288 63 26 styrka
576 1287 38 23 utse
624 1288 84 19 bestämd
718 1288 87 25 handling

269 1317 43 19 eller
319 1316 141 24 uraktlåtenhet,
466 1317 34 20 och
504 1315 102 22 domstolen
611 1322 64 19 genom
683 1315 89 20 särskildt
777 1316 28 19 be-

268 1345 37 22 slut
313 1345 98 25 förklarat
426 1348 27 18 att
468 1344 41 22 dess
524 1344 155 26 ädagaläggande
694 1344 61 19 kunde
767 1346 38 17 ute-

270 1373 49 19 sluta
334 1373 43 19 eller
391 1373 68 20 mildra
473 1372 147 26 stragbarheten.

327 1406 23 19 11
365 1406 27 26 f.
418 1405 66 27 Angår
499 1406 100 20 tillvitelsen
613 1412 22 12 en
650 1407 6 17 i
671 1406 30 25 lag
716 1406 41 19 med
772 1412 32 12 an-
