1003 1748
282 113 72 24 Nädiga
364 115 139 22 Propositionen
515 114 37 18 N:o
564 115 28 18 10.
772 113 36 20 173

68 162 21 21 af
101 161 114 26 grunderna
227 163 31 20 för
271 162 137 27 värderingen,
425 163 21 20 så
461 163 42 20 vidt
516 163 75 20 sådana
605 164 65 20 kunna
684 163 60 20 blifva
758 164 51 19 före-

69 188 44 21 måt
123 189 30 19 för
166 189 80 26 lagbud,
264 189 43 20 än
299 184 12 36 i
324 190 92 19 afseende
433 190 11 19 ä
462 190 198 26 ersättningsfrägans
675 190 134 20 formela-be-

69 215 98 25 handling,
183 215 134 20 öfverhufvud
332 215 44 20 sökt
394 211 94 35 betrygga
502 217 40 19 den
560 217 100 19 enskildes
676 217 84 20 likasom
775 216 34 20 Jet

68 242 107 24 allmännas
189 241 101 25 tillbörliga
304 243 44 24 rätt,
364 241 21 20 så
395 242 37 20 kan
446 243 34 18 det
493 242 59 20 likväl
566 243 43 19 icke
623 242 106 25 bestridas,
745 245 28 16 att
785 248 23 15 en

66 267 115 26 faliständig
195 268 76 19 visshet
286 267 5 20 i
305 267 53 20 detta
376 269 113 19 hänseende
504 269 44 20 icke
565 269 38 19 kan
620 269 5 19 i
642 269 167 26 lagstiftningsväg

66 294 159 26 åstadkommas.
253 295 38 18 Det
304 294 60 26 ligger
379 293 77 22 således
470 295 52 20 inom
536 294 136 27 möjlighetens
681 294 88 24 områdé,
780 298 28 17 ätt

69 321 39 20 den
121 321 99 20 enskildes
234 322 39 18 rätt
286 316 35 36 till'
332 316 104 36 ersättning
449 320 44 21 icke.
506 321 52 20 alltid
575 322 37 19 blir
628 321 120 26 fullständigt
761 321 48 20 iakt-

68 351 67 22 tagen::
163 346 101 27 Följderna
278 347 21 19 af
310 347 66 26 dylika
390 348 107 20 orättvisor
510 349 65 18 kunna
592 349 43 19 icke
649 348 159 20 annorlunda
784 342 27 35 än

68 380 72 20 genom
154 373 38 20 den
209 375 35 19 här
261 374 109 25 föreslagna
387 374 125 25 tillökningen
529 374 83 26 afböjas,
632 375 37 20 och
686 374 42 20 deri
745 374 63 23 finner

67 401 102 20 Utskottet
181 401 38 20 den
234 400 57 25 enda,
308 405 44 16 men
366 401 61 20 också:
442 401 64 26 giltiga
520 399 137 28 rättsgrunden
671 402 29 18 för
716 401 92 20 densam-

67 433 40 15 ma.
136 427 142 20 Erfarenheten
292 427 5 20 i
315 427 60 20 andra
391 427 69 20 länder
476 428 36 19 har
529 428 116 26 visserligen
662 427 101 26 ådagalagt
779 431 29 16 att

68 457 118 23 egennyttan
200 453 79 21 förstått
291 453 30 20 ätt
334 454 46 25 göra
394 454 31 25 sig
439 454 87 25 gällande
534 455 58 19 äfven
601 455 6 18 i
617 454 141 26 dessa-frågor,
769 455 38 19 och

67 481 34 20 det
115 481 56 19 faller
184 483 69 24 genast
266 480 6 19 i
289 481 76 26 ögonen
381 483 27 17 att
425 481 107 20 änberörda
549 481 99 25 tillökning
663 481 5 19 i
686 480 72 21 sådana
773 481 33 20 fall

67 507 97 27 betydligt
177 508 50 20 ökar
237 506 35 20 det
288 509 52 18 orätt
360 506 80 27 fångnas
460 507 78 26 belopp:
566 507 28 21 Af
612 507 61 21 sådan
692 507 60 20 orsak:
772 507 37 21 har

67 540 46 14 man
127 534 60 20 också
202 534 33 20 vid
249 533 43 21 den
301 534 78 26 nyligen
394 533 77 21 slutade
484 534 106 25 riksdagen
604 536 5 18 i
624 535 83 25 Sverige
716 535 91 25 öfvergif-

68 562 29 19 vit
115 560 39 26 den
171 562 66 20 dittills
260 560 79 27 hyllade
361 559 76 27 åsigten
457 566 33 14 om
510 561 135 25 tillökningens
649 555 9 36 .
665 560 140 27 rättmätighet.

67 588 44 20 Men
124 587 25 20 då
164 593 45 15 man
223 588 37 19 hos
274 593 35 14 oss
323 588 51 19 ännu
387 587 44 19 icke
440 588 51 19 varit
494 583 7 35 i
513 588 72 20 tillfälle
594 590 28 17 att
632 593 22 14 se
663 588 144 25 verkningarne

68 615 21 19 af
103 614 35 20 det
157 616 39 19 sätt
214 615 30 19 för
264 613 197 27 ersättningsfrägors
482 612 122 28 behandling,
627 615 60 19 hvars
707 614 100 20 införande

67 641 147 26 propositionen
229 640 82 28 åsyftar,
327 640 37 20 och
379 640 78 20 således
474 641 43 19 icke
533 641 74 19 kunnat
623 641 50 20 bilda
691 641 30 25 sig
738 647 24 14 en
780 641 27 19 öf-

68 668 115 26 vertygelse
197 668 5 20 i
216 669 74 23 ämnet,
306 667 87 26 grundad
409 666 25 26 pä
452 673 48 20 egen
517 666 121 27 erfarenhet,
657 667 22 21 sä
697 668 57 20 torde
770 668 37 20 ock

67 695 33 19 allt
114 694 106 26 afgörande
233 694 106 26 inflytande
352 694 24 26 pä
392 694 71 20 sakens
481 694 72 26 utgång
567 695 21 19 af
602 694 34 20 Jet
652 694 100 20 anmärkta
769 695 39 19 för-

67 721 100 20 hällandet
187 722 5 18 i
212 721 82 25 Sverige
311 722 30 18 för
357 721 122 19 närvarande
495 721 88 25 skäligen
600 719 47 21 böra
664 722 81 19 förfalla.
774 716 34 25 Ät-

67 750 98 24 minstone
179 749 35 19 har
227 748 113 20 Utskottets
354 748 132 26 öfvertygelse
502 748 3 18 i
519 750 66 18 ämnet
599 748 57 19 deraf
663 748 44 20 icke
717 748 88 25 rubbats,

67 775 40 19 och
121 774 101 20 Utskottet
235 773 82 26 föresjär
331 774 117 26 följaktligen
462 777 51 16 samt
531 774 45 20 med
594 774 93 20 afseende:
704 773 11 21 &
733 774 52 20 livad
802 774 5 20 i

66 800 35 21 det
114 800 117 27 föregäende
245 800 82 28 anförts,
343 803 28 17 att
385 800 10 25 $
410 802 10 18 1
435 801 21 19 af
468 801 109 20 Ständerne
592 803 80 23 antages
682 801 123 20 oförändrad.

119 828 50 19 Näst
183 826 72 27 frågan,
272 829 35 25 omi
319 828 38 18 och
371 828 50 18 huru
437 827 82 27 mycket
532 827 5 20 i
552 830 28 17 ett
593 828 132 19 förekommet
738 828 31 19 fall
778 827 30 20 får

67 854 145 26 exproprieras,
228 854 82 20 hvilken
325 853 53 25 fråga
393 855 56 25 utgör
466 853 81 22 föremål
562 855 29 18 för
609 854 197 24 bestämningarne'i

65 881 22 25 $$
100 881 13 20 6
127 893 26 3 —
168 882 31 23 42,
215 883 22 18 är
251 880 67 25 frågan
332 886 33 14 om
379 881 37 19 den
431 881 21 20 af
464 881 171 25 expropriationen
649 881 113 20 föranledda
776 887 31 14 er-

65 909 122 24 sättningens
201 907 71 26 belopp
286 907 39 20 den
339 907 110 26 vigtigaste.
479 908 37 19 Det
529 908 75 25 ligger
599 903 12 34 i
615 908 72 19 sakens
700 908 64 23 natur,
776 908 30 19 att

64 933 55 22 detta
133 935 71 25 belopp
218 935 44 19 icke:
275 934 36 20 bör
330 935 121 19 :bestämmas
468 935 121 20 annorlunda
607 936 24 18 än
648 940 72 19 genom
737 934 71 20 värde-

65 961 49 26 ring.
141 959 44 22 Men
199 961 38 20 lika
251 960 97 25 sjelffallet
362 962 23 18 är
398 961 34 20 det
446 961 45 22 ock,
507 964 34 22 att,
557 961 63 20 ehuru
635 962 131 26 värderingen
776 960 31 21 sä-

65 988 32 20 väl
112 989 26 19 till
153 988 161 20 beskaffenheten
328 993 44 14 som
386 988 26 20 till
427 988 102 20 resultatet
543 990 73 24 ytterst
628 988 60 20 beror
702 989 21 19 af
735 987 72 20 värde-

64 1010 149 34 ringsmännens
222 1010 183 34 'samvetsgranhet
422 1015 38 19 och
475 1015 67 25 insigt,
558 1014 119 25 lagstiftaren
691 1015 56 19 likväl
762 1014 43 20 icke

65 1040 30 20 får
109 1042 120 18 öfverlemna
244 1041 34 19 allt
291 1040 6 20 i
310 1041 53 19 detta
378 1040 113 20 hänseende
504 1041 125 20 uteslutande
646 1041 32 19 till:
690 1042 59 19 deras
767 1041 39 19 för-

64 1065 144 27 godtfinnande,
225 1070 45 16 utan
285 1067 41 24 bör,
343 1067 45 20 dem
404 1068 25 19 till
447 1067 78 24 ledning
542 1067 38 19 och
598 1068 140 22 efterrättelse,
759 1067 47 19 fast-

65 1094 54 20 ställa
140 1093 62 25 några
219 1094 81 19 allmänt
316 1093 65 25 giltiga
398 1093 93 25 grunder.
521 1093 119 20 Hithörande
660 1094 145 24 bestämningar

65 1120 123 20 förekomma
202 1120 5 19 i
222 1120 20 24 $$
260 1120 8 20 2
282 1130 15 4 —
312 1120 18 24 5,
346 1120 38 20 och
398 1121 37 19 kan
449 1120 39 23 det,
504 1119 25 26 pä
544 1122 28 17 ett
585 1120 98 24 undantag
696 1121 46 24 när,
757 1120 49 19 hva-

65 1152 44 14 rom
122 1152 55 14 mera
192 1147 5 18 i
211 1146 33 20 det
258 1146 90 27 följande,
364 1146 45 20 med
429 1146 21 20 sä
468 1146 82 26 mycket
563 1148 65 18 större
646 1146 40 20 skäl
704 1148 58 24 sägas
778 1148 29 17 att

64 1172 59 21 dessa
134 1173 145 25 bestämningar
288 1173 119 24 fullständigt
416 1173 85 20 erkänna
511 1172 123 20 afträdarens
643 1173 102 25 tillbörliga
755 1174 46 22 rätt,

65 1205 42 15 som
122 1200 11 24 $
147 1200 19 22 2,
181 1199 61 25 jemte
255 1200 34 20 det
302 1200 38 19 den
356 1200 78 24 stadgar
449 1202 28 18 att
495 1200 133 19 inkomsterna
647 1201 37 18 och
694 1199 110 20 fördelarne

64 1226 44 20 från
123 1226 35 20 det
172 1226 86 24 område,
275 1229 44 17 som
332 1228 56 24 tages
401 1227 5 18 i
421 1226 92 26 anspråk,
530 1226 127 24 ovilkorligen
672 1226 55 20 skola
737 1226 68 24 läggas

65 1252 27 21 till
107 1252 61 26 grund
184 1253 28 19 för
226 1252 136 24 värderingen,
378 1252 70 21 tillåter
463 1256 28 17 att
503 1253 72 25 skäligt
589 1253 92 20 afseende
695 1252 59 20 til'ika
766 1253 39 19 fäs-

64 1282 31 18 tas
111 1279 10 20 ä
140 1280 59 20 andra
216 1280 21 18 af
248 1279 40 21 den
306 1280 113 20 afträdande
435 1279 90 26 uppgifna
541 1279 204 25 beräkningsgrunder
767 1280 38 18 "och

65 1306 81 20 sälunda'
163 1307 34 23 gör
214 1306 34 19 det
264 1305 75 25 möjligt
356 1308 27 18 att
401 1306 72 20 bereda
489 1307 72 18 honom
579 1305 123 25 godtgörelse
721 1306 29 18 för
770 1305 33 19 det

64 1332 70 25 värde,
149 1332 34 20 det
197 1332 71 20 honom
284 1331 118 26 frängäende
416 1332 90 20 området
520 1332 37 20 kan
566 1332 63 19 hafva
644 1338 24 13 ur
681 1338 63 13 annan
758 1337 47 20 syn-

63 1358 65 26 punkt
141 1360 25 18 än
181 1358 60 21 blotta
256 1361 85 24 nyttans.
365 1370 12 4 —
389 1360 8 18 I
411 1359 93 20 afseende
518 1358 10 20 å
543 1358 61 25 sagde
617 1358 10 24 &
642 1359 11 19 2
668 1360 35 18 har
717 1358 34 20 det
765 1358 40 20 vis-

63 1385 84 22 serligen
162 1385 52 19 inom
230 1385 101 20 Utskottet
343 1385 109 25 anmärkts,
468 1388 26 16 att
509 1386 44 22 den,
565 1384 22 20 sä
597 1384 42 20 vidt
652 1384 111 25 Jen:angär
773 1390 32 13 er-

63 1411 85 24 sättning
162 1411 30 20 för
206 1411 89 26 byggnad
310 1411 47 20 eller
371 1417 64 14 annan
449 1411 54 26 dylik
518 1411 105 23 inrättning
637 1410 167 26 5::exproprierad
