981 1773
279 113 71 23 Nådiga
361 114 140 24 Propositionen
514 114 36 18 N:o
562 114 29 18 21.
775 114 34 18 533

63 163 43 20 icke
121 162 69 26 finnas,
206 163 93 20 hvarföre
318 165 37 19 ock
372 164 72 20 sådana
459 164 141 26 förteckningar
617 164 25 20 till
657 164 60 20 Wasa
732 164 76 20 Hofrätt

63 190 68 26 alldrig
148 190 107 20 inkomma...
287 191 121 20 Insändande
425 192 21 19 af
465 192 76 25 uppgift
557 190 10 20 å
585 191 106 20 förrättade
711 191 97 21 särskilde

63 217 40 26 ting
117 217 6 19 i
137 216 91 20 brottmål
244 222 47 14 vore
306 218 96 24 deremot,
414 218 59 26 enligt
487 218 41 19 min
542 218 65 25 tanke,
619 218 84 25 onödigt,
713 217 25 21 då
753 218 56 20 dom-

65 244 46 23 bok,
127 242 66 21 såvidt
206 243 60 26 angår
280 243 72 21 sådana
368 244 45 24 mål,
430 244 114 21 hädanefter
558 244 44 20 icke
617 244 56 20 torde
687 244 80 20 komma
781 247 28 17 att

65 270 25 20 till
106 270 126 20 Hofrätterne
245 268 51 26 ingå.
325 271 36 25 Jag
374 271 115 20 hemställer
499 270 109 26 vördsamt,
618 270 25 26 på
657 271 80 20 anförde
749 276 60 23 grun-

64 296 44 46 105,
127 296 95 46 MUUNA
237 296 45 20 icke
295 296 149 26 ifrägavarande
457 298 91 25 paragraf
560 296 65 21 kunde
638 296 73 21 erhälla
725 297 84 25 följande

72 328 78 20 lydelse:

324 350 119 20 «Tvistemål
454 351 38 19 och
507 350 57 20 civila
573 350 90 24 ärender,
674 355 45 15 som
727 349 19 26 ej
760 349 48 27 angå

268 376 70 26 lagfart
357 377 48 20 eller
426 383 27 25 ny
472 377 121 26 intecknings
614 375 120 27 beviljande,
757 379 52 17 samt

268 404 77 20 mindre
364 403 93 21 brottmål
478 403 33 20 må
528 406 97 24 upptagas
646 404 37 19 och
701 402 108 21 behandlas

268 430 34 20 vid
318 430 71 20 urtima
406 430 121 26 häradsting,
546 432 35 18 när
598 430 71 19 endera
689 432 69 24 parten
773 430 36 20 det

268 457 61 20 eskar
341 458 39 19 och
394 457 30 20 för
437 457 110 20 kostnaden
556 456 70 21 dervid
639 462 101 15 ansvarar.
771 457 36 20 Hä-

269 483 126 27 radshöfding
412 490 37 20 ege
469 484 6 19 i
492 485 21 18 thy
544 484 31 20 fall
592 486 70 23 genast
681 482 71 21 sädänt
768 484 41 26 ting

269 512 81 19 utsätta;
366 505 10 36 -
378 511 56 20 Dock
448 516 49 14 vare
525 517 32 19 den,
572 516 45 14 som
631 513 76 23 tappar,
723 509 18 25 ej
755 510 55 27 skyl-

269 537 33 26 dig
319 540 28 17 att
363 537 27 20 till
408 537 132 26 vederparten
560 537 56 26 gälda
633 537 63 20 större
715 536 92 26 kostnad,

270 565 23 18 än
308 563 71 21 målets
388 564 117 25 behandling
515 564 33 20 vid
562 563 78 26 lagtima
654 563 39 26 ting
703 563 104 21 erfordrat.

268 591 39 19 Om
322 590 81 20 särskilt
416 591 129 25 lagmansting
556 596 47 13 vare
616 590 31 25 lag
657 595 82 14 samma.
764 591 44 19 Och

270 616 63 26 åligge
347 616 54 21 såväl
417 617 155 25 Häradshöfding
585 622 44 14 som
643 617 76 25 lagman
733 619 28 17 att
775 617 33 20 vid

270 642 69 26 hvarje
360 643 34 20 års
411 644 40 19 slut
467 643 36 20 och
525 643 84 20 sednast
628 643 51 19 inom
697 649 25 13 en
738 642 71 21 månad

269 669 86 20 derefter
376 670 91 19 meddela
488 670 101 19 Hofrätten
608 669 77 26 uppgift
703 669 12 19 å
732 669 36 20 alla
784 670 26 19 de

269 696 72 19 urtima
358 696 40 25 ting
418 696 83 20 rörande
521 696 58 19 civila
595 695 46 25 mål,
663 695 67 20 hvilka
746 696 64 20 under

267 721 36 21 det
316 721 43 21 året
372 722 53 20 inom
440 723 49 19 hans
503 723 102 19 domkrets
620 721 65 21 hällne
698 721 83 21 blifvit.»
792 729 2 2 *

119 775 26 19 Af
158 775 250 20 Protokollssekreteraren
422 775 107 26 Pipping:

120 800 40 21 «På
175 801 26 20 de
214 802 21 19 af
251 801 226 21 Hofrättssekreteraren
493 801 88 21 Aminoff
594 801 81 20 anförda
692 801 42 20 skäl
751 807 59 15 anser

64 828 35 26 jag
112 829 90 19 anmälan
216 829 6 19 i
237 829 77 19 Hofrätt
326 829 49 19 böra
393 828 35 20 ske
441 829 83 20 rörande
537 828 25 20 de
580 827 20 20 af
613 827 149 21 Underdomare
775 828 34 20 vid

65 855 72 20 urtima
152 855 39 26 ting
205 855 122 20 behandlade
341 855 58 20 civila
413 855 94 24 ärender;
523 855 37 20 och
575 859 44 15 som
629 861 25 13 en
668 854 37 20 slik
719 856 89 19 anmälan

66 881 44 25 kan,
125 884 47 17 utan
187 881 90 21 bemälde
286 881 93 21 domares
393 882 131 26 betungande,
536 881 103 26 lempligen
653 882 58 25 göras
725 888 24 13 en
758 881 52 26 gång

66 914 33 14 om
114 908 49 24 året,
179 908 88 20 biträder
279 908 33 26 jag
324 908 73 26 jemväl
415 908 227 20 Hofrättssekreteraren
656 908 95 20 Aminoffs
768 914 42 14 me-

66 935 47 25 ning
127 934 153 21 vidkommande
292 935 89 27 lydelsen
396 935 21 19 af
428 934 149 27 ifrågavarande
591 934 125 26 lagförslag.»

119 988 25 20 Af
156 988 196 20 Hofrättsassessorn
366 988 144 20 Grotenfelt:
804 1001 2 2 :

120 1015 71 19 «Emot
204 1014 147 27 Lagutskottets
365 1014 125 21 förestående
500 1014 123 20 betänkande
632 1014 75 25 nödgas
719 1014 32 26 jag
761 1014 47 20 ned-

65 1042 56 26 lägga
134 1041 41 20 min
188 1041 124 21 reservation
326 1042 38 19 och
378 1042 32 19 vill
425 1042 30 19 för
468 1042 40 19 min
523 1040 30 20 del
568 1042 6 18 i
588 1040 37 20 allo
639 1040 65 21 bifalla
717 1041 39 20 den
769 1040 40 21 Nä-

66 1068 44 26 diga
125 1068 152 26 propositionen.
306 1069 35 25 Jag
355 1074 60 14 anser
431 1069 98 24 nemligen
546 1067 125 20 föreskriften
685 1074 32 14 om
732 1067 77 21 Under-

66 1095 94 20 domares
175 1094 112 27 skyldighet
301 1098 34 22 att,
345 1094 25 20 dä
386 1094 92 20 särskildt
491 1095 40 25 ting
544 1094 6 19 i
559 1094 162 20 förekommande
735 1094 30 20 fall
778 1096 31 17 ut-

67 1122 69 25 sättes,
152 1122 69 19 härom
237 1122 59 19 tillika
310 1122 37 19 hos
361 1121 77 21 Hofrätt
456 1122 46 25 göra
516 1121 96 24 anmälan,
627 1126 48 14 vara
691 1120 23 20 sä
722 1120 87 27 mycket

67 1150 55 18 mera
137 1148 109 26 nödvändig
259 1148 39 21 och
311 1148 124 26 oeftergiflig,
455 1153 43 14 som
513 1146 76 25 sådant,
605 1146 50 20 efter
668 1147 39 19 min
722 1147 84 25 mening;

66 1174 46 20 icke
125 1176 22 18 är
160 1174 46 20 med
220 1174 109 27 synnerligt
343 1174 142 20 arbetsbesvär
501 1173 95 25 förenadt,
612 1176 45 17 utan
672 1174 94 20 fastmera
779 1173 29 21 till

67 1200 100 20 önskvärd
181 1201 81 25 ordning
275 1202 40 18 och
328 1201 47 19 reda
388 1200 89 24 ledande,
493 1201 46 19 enär.
552 1200 38 19 den
601 1200 82 25 Hofrätt,
699 1200 58 25 enligt
769 1200 38 25 lag,

68 1226 104 26 äliggande
186 1227 118 20 förbindelse
319 1230 27 16 att
360 1228 58 19 hafva
432 1226 109 20 kännedom
555 1226 38 20 och
608 1226 64 26 tillsyn
687 1232 32 14 om
733 1226 77 22 Under-

67 1253 94 20 domares
178 1253 131 20 verksamhet
329 1253 114 26 derigenom
463 1253 22 19 sä
501 1252 166 26 hufvudsakligen
686 1252 123 20 underlättas

68 1282 52 17 samt
133 1279 107 20 kontrollen
250 1280 99 24 deröfver,
362 1282 28 17 att
398 1279 113 20 renskrifne
521 1279 101 25 exemplar
635 1279 20 19 af
662 1278 147 21 Jomböckerne

69 1306 34 20 vid
117 1305 168 26 urtima-tingen.i
299 1306 25 19 de
338 1305 30 21 fall
383 1306 39 19 och
436 1305 26 20 till
477 1305 34 20 det
523 1304 86 26 omfång,
620 1304 70 20 sådant
703 1304 106 25 erfordras,

70 1331 26 23 till
110 1332 80 19 Hofrätt
202 1332 68 26 riktigt
285 1331 107 26 inskickas,
411 1332 70 20 endast
497 1331 82 21 sälunda
594 1331 39 19 ock
648 1330 67 26 möjlig
731 1332 80 24 göres.»

119 1384 31 20 Af
161 1384 164 28 Possessionaten
339 1380 108 30 Östring:
597 1398 4 1 -

124 1409 42 21 «Då
178 1415 33 20 jag
225 1414 118 16 reserverar
355 1410 40 25 mig
413 1413 42 16 mot
471 1410 138 25 lagutskottets
628 1410 71 24 beslut,
718 1410 47 20 sker
778 1410 35 21 det
