992 1795
174 125 44 33 430
395 128 72 22 Nådiga
479 128 140 23 Propositionen
632 127 36 18 N:o
680 127 28 17 16.

178 180 82 19 mänhet
276 179 54 24 icke,
350 178 80 20 oaktadt
446 178 29 19 sin
493 179 64 18 större
576 177 130 26 brottslighet,
721 177 39 19 kan
774 175 92 27 beläggas
880 176 45 20 med

178 208 61 17 annat
256 211 82 18 ansvar,
358 206 24 18 än
399 204 46 19 med
459 205 56 19 böter
529 204 30 19 för
572 203 91 20 säramäl.
692 203 37 19 Det
743 203 94 19 orättvisa
851 203 72 25 häruti,

178 231 84 21 likasom
278 231 38 20 "ock
333 231 6 18 i
357 230 93 26 språnget
466 229 43 21 från
522 229 127 21 dödsstraffet
664 229 27 20 till
707 229 62 23 böter,
785 229 60 26 ligger
852 229 29 19 för
891 230 34 25 öp-

178 263 39 21 pen
232 258 44 25 dag.
295 257 46 20 Lika
355 257 120 20 oförmedlad
489 258 22 18 är
525 257 37 20 ock
576 257 37 18 den
627 255 115 26 öfvergång,
759 261 43 14 som
818 261 47 20 eger
878 261 45 14 rum

178 285 49 20 ifrån
244 285 77 19 straffet
338 284 28 19 för
384 283 105 26 viljadråp,
509 283 83 23 hvilket,
611 283 68 20 såsom
699 288 50 21 nyss
770 282 109 25 nämndes,
902 284 23 17 är

178 312 153 25 halshuggning,
350 311 26 20 till
394 311 76 19 straffet
486 311 31 18 för
533 310 33 20 det
583 308 49 27 dråp
646 310 20 19 af
678 308 95 29 vållande,
791 315 43 14 som
848 309 5 18 i
868 310 55 24 lagen

179 338 98 20 erkännes
291 337 67 20 såsom
371 337 80 25 kulpöst
464 336 60 26 dråp,
539 337 39 19 och
592 336 75 20 hvilket
682 335 57 21 straff
749 336 73 24 jemväl
837 335 67 20 består
919 336 5 19 i

179 365 65 25 böter,
264 367 47 18 utan
324 366 28 17 att
366 364 4 19 i
385 364 105 19 allmänhet
505 363 57 26 något
576 366 59 17 annat
648 363 93 19 afseende
755 365 58 22 göres
827 361 10 20 å
853 361 72 21 vållan-

179 392 45 20 dets
241 391 65 26 gröfre
323 391 47 19 eller
386 390 77 25 ringare
480 389 145 25 beskaffenhet,
645 391 23 18 än
686 392 27 17 att
727 389 150 25 bötesbeloppet
890 389 35 20 be-

180 420 97 18 stämmes
290 420 29 17 att
332 423 48 14 vara
394 418 90 25 antingen
498 416 107 20 trehundra
619 417 56 19 daler
688 417 48 19 eller
751 416 38 19 576
798 415 64 26 mark,
877 416 47 19 eller

180 443 174 21 etthundrafemtio
371 444 63 25 daler,
454 443 140 20 motsvarande
610 443 38 19 288
665 442 66 24 mark,
750 443 47 19 eller
814 442 38 20 ock
869 442 55 26 tjugu

180 471 65 25 daler,
264 476 43 14 som
326 473 112 17 motsvaras
452 471 22 19 af
487 470 24 20 38
527 469 54 20 mark
597 469 37 20 och
649 470 25 19 40
689 469 64 25 penni.
783 469 46 19 Lika
844 468 82 27 obetyd-

180 498 34 26 ligt
228 500 23 18 är
264 498 58 19 äfven
336 498 6 19 i
356 497 104 20 allmänhet
474 497 33 19 det
521 502 79 20 ansvar,
616 502 44 14 som
673 496 57 25 lagen
745 496 80 26 stadgar
835 496 28 20 för
872 496 54 26 hugg

180 525 39 19 och
236 526 48 24 slag.
312 524 34 20 Väl
364 522 70 26 bjuder
451 524 11 20 3
480 523 10 25 $
507 525 25 19 12
550 523 45 25 kap.
614 524 25 19 M.
657 524 33 24 B.,
710 525 28 17 att
756 522 47 26 der,
822 528 44 14 som
880 523 45 19 med

181 550 45 22 våld
240 551 94 25 fasttager
348 552 62 18 annan
425 550 37 20 och
475 550 102 20 lemlästar
591 551 79 24 honom,
687 550 47 19 skall
745 549 78 20 derföre
833 550 93 25 halshug-

181 584 45 20 gas;
244 584 53 18 men,
316 577 38 20 ifall
372 577 101 20 enahanda
490 576 82 27 gerning
589 576 47 20 sker
653 576 76 20 förutan
744 578 28 18 ett
786 576 71 20 sådant
871 576 55 20 våld-

180 606 52 18 samt
248 602 132 27 fasttagande,
399 603 22 20 så
439 604 37 19 kan
493 604 134 25 förbrytaren,
646 608 32 14 om
693 603 38 19 han
745 604 24 18 än
785 602 80 21 handlat
879 603 46 20 med

180 631 33 25 full
228 630 150 26 öfverläggning,
394 630 44 20 icke
454 630 53 20 fällas
523 630 25 20 till
563 632 64 17 större
642 635 79 19 ansvar,
737 630 24 18 än
775 629 24 20 de
814 629 111 25 obetydliga

181 658 64 25 böter,
261 663 45 13 som
319 656 127 21 föreskrifvas
462 656 5 20 i
482 658 25 19 34
522 657 45 25 kap.
582 657 25 19 M.
620 656 29 24 B.,
664 655 82 21 såframt
755 656 44 20 icke
809 656 116 26 handlingen

182 684 54 20 skett
248 684 64 19 under
325 683 74 20 sådana
413 684 174 25 omständigheter,
603 685 27 17 att
643 682 38 20 den
695 682 37 20 kan
745 682 91 21 hänföras
853 683 27 19 till
893 683 33 20 ed-

178 711 136 23 sörebrotten;
334 711 38 18 och
388 712 52 18 ännu
454 710 76 26 ringare
547 711 33 18 äro
598 709 25 20 de
639 709 64 25 böter,
724 709 64 20 hvilka
803 710 60 25 enligt
876 710 49 19 sist-

179 737 86 20 nämnda
279 737 47 19 eller
340 737 24 19 35
375 736 45 26 kap.
436 737 24 19 M.
476 738 20 19 B.
513 737 67 19 kunna
593 735 44 26 följa
652 736 24 26 på
689 736 121 19 misshandel
824 736 21 20 af
857 736 68 20 lindri-

180 769 48 20 gare
240 763 145 20 beskaffenhet.

233 790 63 20 Dessa
313 789 38 20 och
368 789 24 20 de
410 790 46 19 flera
470 790 79 24 brister,
565 795 44 14 som
624 788 76 21 vidlåda
714 790 114 24 nugällande
842 790 82 19 fagstift-

180 817 45 26 ning
239 822 33 14 om
286 816 49 26 dråp
348 818 47 18 utan
408 816 74 25 uppsåt
495 819 29 17 att
537 816 50 20 döda
602 815 37 20 och
654 821 63 14 annan
727 816 121 19 misshandel
859 821 10 14 å
880 814 44 28 per-

180 849 46 20 son,
244 843 59 20 hafva
320 843 5 19 i
342 843 37 19 den
396 842 70 26 nådiga
483 843 146 25 propositionen
647 842 64 20 blifvit
727 842 111 26 aflägsnade
855 841 30 27 på"
893 843 31 19 ett

180 871 49 24 sätt,
248 875 44 14 som
309 869 136 26 Lagutskottet
462 869 132 19 öfverhufvud
610 869 62 19 funnit
689 868 184 25 tillfredsställande,
890 874 33 14 om

180 897 25 18 än
221 895 60 26 några
298 895 88 20 enskilda
402 896 148 25 bestämningar
567 896 5 19 i
587 895 147 26 propositionen
749 895 57 25 gifvit
819 895 104 26 anledning

181 923 27 20 till
225 921 155 26 anmärkningar.
408 921 102 20 Utskottet
526 927 59 14 anser
601 922 30 25 sig
647 921 78 20 derföre
743 921 60 20 också
821 922 48 19 böra
886 922 37 19 till-

181 949 70 26 styrka
268 948 156 26 propositionens
441 948 109 26 antagande
566 947 45 20 med
628 948 25 20 de
670 947 105 26 ändringar
791 949 38 18 och
850 948 71 25 tillägg,

181 975 67 20 hvilka
264 974 36 20 här
317 975 107 20 nedanföre
439 978 88 17 nämnas.
555 976 53 24 Men,
627 975 82 19 emedan
723 975 62 20 denna
799 976 123 25 proposition

179 1007 71 24 genom
267 1001 228 26 straffbestämningarne
510 1002 87 19 ansluter
611 1002 30 25 sig
654 1002 24 19 till
695 1001 52 20 Hans
761 1001 108 26 Kejserliga
882 1003 41 18 Ma-

177 1030 73 24 Jestäts
266 1027 70 27 nådiga
353 1028 120 26 proposition
490 1034 32 13 om
543 1028 121 20 afskaffande
684 1029 20 19 af
724 1029 53 18 vissa
798 1028 124 19 härförinnan

179 1054 88 27 nyttjade
286 1054 58 20 straff
362 1055 38 19 och
423 1054 59 20 deras
505 1055 111 20 ersättande
640 1055 106 19 tillsvidare
768 1060 70 21 genom
861 1055 60 20 andra

180 1081 108 20 straffarter
306 1083 51 17 samt
374 1087 32 13 om
424 1081 148 25 verkställighet
589 1082 20 18 af
622 1081 131 24 frihetsstraff,
769 1082 38 19 och
821 1081 102 20 Utskottet

179 1108 124 20 härförinnan
320 1107 108 27 föreslagit,
447 1111 28 16 att
490 1108 77 19 landets
584 1107 100 27 höglofliga
702 1108 83 20 Ständer
805 1107 62 20 måtte
888 1108 34 20 vid

180 1134 116 26 antagandet
312 1134 21 19 af
348 1140 76 14 samma
440 1135 121 25 proposition
577 1135 50 19 fästa
642 1135 33 19 det
689 1134 101 24 förbehåll,
806 1138 28 16 att
847 1135 25 19 de
886 1135 36 20 der

180 1160 96 26 ingående
290 1161 159 25 författningarne
463 1161 44 19 icke
521 1162 80 19 komme
616 1164 28 16 att
657 1161 56 20 träda
728 1162 4 18 i
748 1161 134 26 verksamhet,
893 1161 28 19 in-

178 1194 38 13 nan
233 1194 25 13 en
275 1187 84 19 särskild
374 1187 195 27 fångvårdsstyrelse
582 1187 65 21 blifvit
660 1188 90 24 inrättad,
767 1191 52 17 samt
833 1188 89 19 straffan-

178 1215 94 19 stalterna
293 1213 62 21 under
374 1214 74 19 dennas
468 1214 78 26 ledning
567 1213 20 20 så
606 1214 159 26 iordningstälda,
785 1217 28 17 att
826 1214 25 20 de
865 1214 55 20 såväl

179 1241 26 19 till
220 1243 101 17 utrymme
334 1242 39 18 och
386 1240 110 26 inredning,
513 1246 43 14 som
571 1240 46 20 med
632 1240 112 20 hänseende
758 1242 26 18 till
799 1240 121 26 fångvården

179 1268 53 18 inom
264 1271 97 21 desamma,
380 1266 43 20 fullt
440 1267 128 20 motsvarade
584 1268 34 19 det
635 1267 5 19 i
658 1267 127 20 nästberörda
799 1268 122 25 proposition

179 1294 109 24 föreslagna
302 1293 140 27 straffsystem,
459 1292 21 21 så
496 1295 35 18 bar
545 1294 100 20 Utskottet
659 1293 43 20 icke
716 1294 61 20 heller
789 1294 74 20 kunnat
873 1294 48 19 und-

178 1319 24 26 gå
219 1323 28 17 att
264 1320 104 26 tillstyrka,
388 1319 34 20 det
438 1320 101 20 enahanda
556 1320 93 20 förbehåll
664 1321 58 19 äfven
736 1320 62 20 måtte
811 1321 61 19 fästas
887 1320 32 20 vid

178 1346 116 25 antagandet
307 1346 21 19 af
341 1351 27 12 nu
381 1345 150 24 ifrågavarande
544 1346 68 25 nådiga
627 1346 127 24 proposition.

232 1372 29 19 De
276 1371 160 25 anmärkningar,
455 1371 26 20 till
500 1371 65 20 hvilka
581 1371 62 26 denna
660 1371 121 20 sistnämnda
798 1372 121 25 proposition

178 1397 56 26 gifvit
246 1397 108 26 anledning,
371 1398 33 19 äro
419 1396 92 25 följande:
853 1405 2 2 :

231 1423 65 21 Sedan
315 1424 8 19 1
342 1424 38 19 och
398 1424 12 19 2
427 1423 21 26 $$
465 1425 76 25 stadgat
557 1424 58 21 straff
632 1424 29 20 för
681 1425 98 26 uppsåtlig
799 1425 118 20 misshandel
