998 1750
196 98 36 19 352

413 97 72 23 Nådiga
496 98 139 22 Propositionen
648 96 36 18 N:o
696 97 28 17 13.

198 148 229 26 deröfver
288 142 35 36 till
329 142 27 36 och
362 142 35 36 med
403 142 21 36 77
432 147 122 20 daler
497 142 30 36 mot
536 142 18 36 19
564 147 70 26 dagars
640 146 87 26 fängelse
736 146 32 20 vid
776 148 63 18 vatten
849 146 33 19 och
897 146 47 19 bröd

397 174 27 21 82
525 176 11 18 2

313 191 13 9 ”

313 219 13 9 ”

313 247 12 9 ”

311 275 14 9 ”

313 304 12 8 ”

313 332 12 9 ”

313 361 14 9 ”

315 389 14 10 ”

202 406 50 17 samt
265 404 72 25 utöfver

396 202 29 20 88
467 218 14 9 ,
528 204 25 19 2
634 218 14 10 »
734 218 14 8 »”
872 217 14 9 ”

398 231 27 19 94
467 246 15 9 ,
529 232 25 19 2
634 246 14 10 »”
734 246 14 8 ”
872 245 14 9 ”

381 259 44 20 100
469 275 12 9 ,
528 260 27 19 23
635 274 14 10 »
735 274 13 9 W
873 274 14 8 ”

383 288 43 20 106
469 304 13 8 ,
529 288 26 20 2
636 302 13 10 »
735 303 14 9 5
873 302 14 10 5

386 316 41 21 12
469 332 13 9 ,
529 317 26 20 2
636 332 13 9 5
736 332 13 8 ”
874 331 13 9 2

387 344 42 21 118
471 361 14 8 ,
529 346 27 20 26
636 361 14 9 2
736 360 13 9 »
873 360 14 9 »

390 374 39 20 14
472 389 14 9 ,
530 374 26 20 27
636 390 13 9 ”
735 389 14 9 ”
874 389 14 9 ”

389 402 41 20 124
530 402 27 20 28

465 418 93 38 Fängelse
572 432 31 19 vid
616 414 62 47 vatten
693 426 33 34 och
737 413 50 47 bröd
800 430 31 19 må
846 430 16 25 ej
875 418 28 32 till
913 427 32 34 an-

407 462 34 17 nat
455 459 58 26 straff
518 460 113 25 förändras,
647 465 41 14 men
702 459 49 19 skall
766 460 6 18 i
790 458 22 19 de
820 459 46 24 fall,
885 465 40 14 som
939 466 7 12 +

408 487 28 20 63
451 487 13 26 &
479 491 81 16 nämnas
574 488 33 19 och
627 488 34 19 der
680 487 15 26 ej
715 487 89 20 särskildt
822 487 123 26 undantagna

408 519 41 20 äro,
458 516 88 25 förfalla.

467 544 24 19 61
508 545 38 18 och
567 544 25 19 62
608 543 28 25 $$.
666 543 140 26 (Likalydande
826 543 45 20 med
894 547 52 16 mot-

406 570 98 20 svarande
518 570 21 26 $$
553 571 4 19 i
567 566 167 42 propositionen).

466 600 24 19 63
506 599 16 25 $.
554 594 29 23 Är
596 597 62 34 någon
670 598 91 26 förfallen
781 598 26 18 till
827 597 74 20 tukthus
918 597 27 27 på

407 627 12 18 W
413 622 58 42 ifstid,
486 626 26 20 då
526 626 54 20 skola
600 627 6 18 i
626 626 35 19 den
680 626 121 26 bestraffning
821 632 56 14 anses
896 626 49 20 inbe-

387 666 8 14 4
407 656 68 25 gripna
490 654 57 24 böter,
564 654 42 20 eller
614 655 89 25 fängelse
717 654 32 20 vid
766 657 62 17 vatten
844 654 33 20 och
892 654 53 24 bröd,

407 683 43 19 eller
463 686 60 17 annat
531 683 131 26 frihetsstrafj,
678 683 74 19 hvartill
762 682 34 20 den
806 683 86 25 sakfälde
897 683 47 25 jem-

405 712 32 18 väl
451 712 38 19 kan
504 712 56 25 hafva
576 712 49 25 gjort
644 712 28 25 sig
691 711 80 26 skyldig,
792 711 33 19 der
844 711 16 25 ej
879 712 66 19 brottet

407 742 24 17 är
444 739 76 23 sädant,
536 742 28 17 att
572 740 87 25 fängelse
672 740 33 18 vid
718 742 62 17 vatten
790 740 34 18 och
834 740 46 19 bröd
890 740 55 25 enligt

405 768 14 18 9
435 768 42 20 eller
491 768 29 19 10
534 768 28 26 88
577 769 7 18 i
598 768 62 19 denna
668 768 114 26 förordning
801 768 42 19 med
862 768 83 20 tukthus-

407 796 72 26 straffet
487 797 81 25 förenas
584 796 38 19 bör.

467 824 91 20 64
509 819 13 35 —
533 824 25 20 74
572 823 28 26 $$.
629 823 35 26 (Af
676 824 102 20 enahanda
792 823 92 27 innehåll,
901 830 43 14 som

407 856 77 14 samma
498 850 22 26 $$
534 850 5 20 i
554 850 161 26 propositionen).

626 914 24 20 10
665 914 55 26 Kap.

598 958 159 24 Slutstadganden.

465 999 25 19 75
504 999 17 25 $.
552 999 102 20 Innehållet
669 1002 23 24 af
703 1000 13 19 2
730 1001 13 25 &
758 1000 12 20 1
785 1000 77 26 kapitlet
876 1000 67 26 Straf-

405 1028 66 20 balken
485 1029 59 19 varde
558 1027 81 20 sålunda
648 1029 127 25 förändradt:

463 1057 89 25 Dråpare
562 1056 33 20 och
604 1056 62 20 andra
676 1057 72 20 sådane
761 1059 183 24 missgerningsmän,

407 1084 12 20 å
434 1085 73 19 hvilkas
515 1085 113 26 förbrytelse
644 1085 133 27 tukthusstraff
782 1086 51 26 följa
844 1087 43 23 kan,
903 1087 41 19 sko-

405 1114 19 19 la
439 1116 68 23 genast
524 1113 12 20 å
545 1113 58 27 färsk
616 1115 77 24 gerning
706 1116 72 23 gripas,
794 1116 6 17 i
814 1115 56 19 häkte
884 1117 61 17 sättas

405 1142 34 20 och
457 1144 47 17 utan
523 1142 83 25 uppskof
616 1142 34 25 för
670 1142 60 19 Rätta
749 1143 71 19 ställas.
856 1143 91 26 Rymmer

405 1169 61 26 någon
477 1171 35 25 för
530 1171 53 22 brott,
598 1171 45 18 eller
656 1169 58 21 håller
728 1172 28 24 sig
770 1171 71 23 undan,
857 1174 36 17 när
907 1172 38 19 han

405 1200 7 18 i
430 1198 85 20 brottmål
533 1199 55 20 borde
600 1199 36 25 för
652 1199 79 20 domstol
748 1205 66 18 svara,
832 1199 25 20 då
876 1199 31 20 må
922 1207 22 12 en

405 1226 61 21 sådan
481 1227 55 25 äfven
545 1228 35 25 för
592 1227 71 19 mindre
678 1227 48 20 brott
740 1227 73 20 häktas.

467 1255 24 19 76
506 1255 16 24 $.
553 1255 139 26 (Likalydane
706 1255 46 20 med
767 1261 76 14 samma
858 1255 10 25 $
883 1257 4 18 i
898 1262 45 19 pro-

404 1281 124 24 positionen).

463 1307 24 18 77
502 1306 17 25 $.
551 1307 45 19 Med
613 1307 98 25 anledning
729 1308 24 24 af
768 1308 50 18 hvad
832 1309 61 18 denna
906 1310 38 22 för-

404 1335 78 25 ordning
497 1337 49 17 samt
560 1334 95 21 särskilda
663 1336 139 24 författningar
814 1342 30 13 om
853 1336 91 19 misshan-

404 1362 31 21 del
452 1363 33 18 och
503 1370 29 12 om
547 1362 161 27 ärekränkningar
722 1362 99 24 innehålla,
836 1364 58 19 varde
909 1364 35 19 den

404 1392 6 19 i
429 1390 66 27 Kongl.
515 1391 67 26 brefvet
601 1391 36 19 den
652 1390 24 21 22
691 1391 55 20 Mars
760 1390 56 21 1803
826 1392 58 25 jemte
894 1393 49 23 flera
