1009 1767
287 116 72 21 Nådiga
371 118 139 22 Propositionen
523 119 36 17 N:o
572 119 15 16 7.
780 120 32 19 123

64 164 78 26 lämplig
151 165 70 25 grund,
231 164 38 20 tills
284 166 85 19 enhvars
383 168 50 18 rätta
448 168 54 18 andel
519 168 35 18 kan
569 168 58 19 blifva
643 168 48 19 känd
702 170 36 18 och
749 168 62 25 jemk-

64 190 44 28 ning
133 191 83 19 emellan
240 191 91 25 delegare
358 193 90 25 försiggå.
480 194 67 18 Kunna
568 194 25 19 Je
614 194 31 19 vid
666 194 59 20 sådan
746 196 65 26 slutlig

62 218 101 24 Jemkning
181 218 47 19 eller
245 218 106 25 fördelning
368 219 44 19 icke
430 218 95 26 äsämjas,
545 220 31 19 mä
594 220 25 19 de
633 222 29 18 sin
675 222 52 18 talan
741 221 69 20 derom

65 243 30 19 vid
110 244 42 25 laga
167 244 84 19 domstol
266 244 70 20 utföra.

115 270 11 24 $
144 271 32 18 24.
207 270 27 19 Då
252 272 74 24 företag
341 272 21 18 af
375 271 149 25 ifrågavarande
538 272 136 20 beskaffenhet
688 273 79 20 komma
780 277 29 16 att

63 297 76 18 utföras
156 296 46 19 med
220 297 107 19 understöd
345 298 20 19 af
377 298 96 19 allmänna
488 298 72 24 medel,
577 298 47 20 skall
639 299 34 19 det
687 300 48 18 bero
749 300 20 19 af
782 301 28 18 öf-

63 323 185 20 verenskommelse
263 324 82 19 emellan
360 324 77 19 Kronan
451 325 39 18 och
505 324 147 23 vederbörande
664 325 103 26 jordegare
776 332 32 14 om

62 349 38 19 den
116 349 121 20 förbättrade
251 350 90 24 grunden
356 350 27 19 får
399 352 20 18 af
431 350 44 19 dem
491 350 87 20 behållas
593 354 46 16 utan
654 350 84 22 särskild
745 353 61 20 skatt,

62 376 49 19 eller
126 381 32 13 om
174 376 115 20 densamma
304 377 35 21 bör
354 376 4 19 i
373 378 41 24 laga
430 377 80 26 ordning
524 378 129 19 underkastas
667 378 142 26 skattläggning

63 402 38 20 och
116 402 80 21 Kronan
211 402 112 26 derigenom
340 403 105 25 godtgöras
460 404 25 19 till
500 404 65 20 större
579 403 52 21 eller
643 404 74 20 mindre
731 405 30 19 del
779 406 28 18 för

61 429 37 20 den
117 430 64 23 ränta,
201 434 43 15 som
262 430 24 19 de
304 430 29 19 för
347 430 110 20 ändamålet
471 430 87 20 använda
573 431 112 20 statsmedel
701 431 66 20 kunde
781 432 27 19 af-

60 452 62 34 kasta.
312 469 3 1 -

114 483 9 24 $
141 484 32 18 25.
208 483 4 18 I
230 484 30 19 fall
278 483 112 25 tillandning
408 484 90 19 kommer
516 486 27 17 att
562 484 131 19 underkastas
715 485 92 19 särskildt

60 509 64 24 skifte,
141 509 36 19 bör
191 509 68 20 dervid
275 510 5 19 i
294 510 105 19 allmänhet
415 511 96 25 iakttagas
525 512 28 18 att
567 516 23 13 en
607 511 48 18 hvar
672 511 87 19 erhåller
777 511 30 20 til-

59 536 91 24 landning
167 535 63 20 under
247 537 41 19 sina
305 538 48 23 ägor
370 537 38 18 och
425 539 28 17 att
466 537 47 24 den,
531 537 60 19 hvars
610 537 54 18 mark
679 539 83 24 gränsar
777 538 27 19 till

61 562 38 25 sjö,
118 563 45 19 icke
179 563 72 19 blifver
267 563 85 20 derifrån
370 563 112 26 utestängd.
515 562 90 21 Befinnes
623 563 116 26 skifteslott,
762 570 43 13 som

60 589 61 20 borde
136 589 87 26 tilläggas
237 589 63 25 någon
315 590 61 19 under
391 595 72 14 annans
479 589 73 23 strand,
570 590 86 19 medföra
671 590 20 19 åt
705 590 38 19 den
753 591 52 19 förre

60 616 74 25 rihgare
149 622 49 19 gagn
213 616 38 19 och
265 616 21 19 åt
299 616 38 19 den
352 616 83 19 sednare
450 617 74 24 verklig
538 617 109 23 olägenhet,
658 617 47 19 skall
717 617 88 19 strande-

61 647 60 20 garen
138 649 45 13 vara
199 643 108 25 berättigad
321 645 28 16 att
363 643 49 19 efter
427 643 89 24 profning
531 643 20 18 af
563 642 82 20 utsedda
660 643 50 24 gode
724 645 45 17 män
779 644 26 19 el-

60 669 28 19 ler
105 669 41 25 laga
164 669 83 20 domstol
263 669 61 20 inlösa
338 670 61 18 lotten
413 670 46 19 med
474 669 112 25 penningar,
603 670 47 18 eller
663 669 38 19 ock
715 672 42 16 mot
773 676 32 13 ve-

59 695 65 26 derlag
143 696 3 18 i
164 695 54 25 jord,
237 696 35 19 der
291 695 70 20 sådant
378 695 137 26 beqvämligen
533 695 35 20 ske
586 695 45 19 kan.
660 695 144 26 Strandegaren

59 725 47 16 vare
124 722 38 19 ock
180 722 77 26 skyldig
273 724 28 17 att
313 722 67 19 under
398 723 101 18 enahanda
519 722 61 19 vilkor
598 723 58 18 lotten
674 722 75 24 inlösa,
772 728 33 13 om

59 749 116 19 densamma
193 748 80 26 pröfvas
291 753 47 14 vara
356 749 29 19 för
403 749 72 19 honom
491 747 114 20 användbar
619 747 37 20 och
671 748 90 20 deremot
775 749 30 18 för

59 775 106 25 lottegaren
180 776 81 25 onyttig.

274 839 30 19 Om
317 839 112 24 anläggning
442 839 21 19 af
472 838 117 20 vattenverk.

112 881 10 24 $
137 881 33 19 26.
201 880 30 19 Uti
246 879 43 20 små
306 879 114 25 vattendrag
434 880 20 19 af
467 879 61 20 sådan
544 878 144 25 beskaffenhet,
705 884 43 13 som
762 884 41 13 om-

60 907 92 20 förmäles
166 907 5 18 i
187 907 24 18 12
227 907 37 18 och
280 907 25 18 19
318 905 27 26 $$,
363 905 30 20 må
409 907 114 24 anläggning
537 906 20 19 af
570 904 114 20 vattenverk
700 905 43 18 icke
756 910 48 13 vara

58 933 133 20 underkastad
205 938 64 13 annan
283 932 138 23 inskränkning
437 934 23 17 än
475 935 28 17 att
517 932 44 24 den,
577 931 78 20 hvilken
671 930 69 20 sådant
755 931 48 18 verk

58 961 36 19 der
112 959 82 26 uppföra
212 959 43 24 vill,
271 959 36 20 bör
321 959 40 18 före
375 959 137 25 anläggningen
526 959 45 25 göra
586 957 86 20 anmälan
687 963 32 24 om
734 958 70 28 företa-

58 989 33 23 get
108 987 37 18 hos
163 985 149 20 vederbörande
329 985 189 26 Distriktsingeniör,
535 991 44 13 som
593 983 46 20 med
653 983 76 31 ledning
744 983 19 19 af
777 983 28 18 fö-

60 1013 82 19 retedda
159 1013 68 19 kartor
241 1013 38 18 och
295 1011 112 25 hardlingar
421 1017 47 19 eger
481 1011 112 20 undersöka
607 1016 32 13 om
655 1015 61 20 någon
731 1014 72 15 annans

59 1041 38 18 rätt
112 1040 38 19 kan
163 1044 72 21 genom
250 1038 138 25 anläggningen
402 1038 117 25 förnärmas,
535 1039 38 18 och
587 1037 34 19 sitt
635 1036 90 26 yttrande
734 1036 69 19 derom

59 1066 69 19 såsom
143 1065 35 20 råd
193 1066 38 18 och
246 1065 117 26 upplysning
377 1064 20 19 åt
411 1064 99 20 sökanden
525 1064 108 24 skriftligen
649 1062 96 20 meddela.

114 1093 73 18 Finnes
202 1094 29 17 ett
245 1091 80 20 sålunda
340 1091 116 19 tillkommet
472 1091 48 19 verk
534 1090 50 20 vålla
600 1089 20 20 åt
634 1089 62 25 någon
710 1089 94 28 uppdäm-

59 1119 46 24 ning
126 1120 47 18 eller
191 1124 63 13 annan
271 1118 112 25 olägenhet,
403 1118 46 18 skall
467 1118 109 19 detsamma
595 1117 4 18 i
616 1117 40 23 laga
674 1115 81 24 ordning
768 1120 36 13 un-

58 1145 115 25 danrödjas,
193 1145 38 18 och
250 1150 70 20 egaren
338 1149 47 13 vare
403 1143 77 26 skyldig
497 1146 29 17 att
540 1145 73 17 ersätta
627 1142 24 19 all
667 1141 66 19 skada.
763 1141 40 18 Har

60 1173 38 18 han
113 1172 72 19 verket
199 1171 64 26 anlagt
277 1173 54 16 emot
346 1169 189 26 Distriktsingeniörs
548 1168 117 26 tllstyrkan,
677 1167 62 19 varde
748 1167 56 19 dess-

60 1201 54 17 utom
130 1198 45 19 fälld
191 1199 28 17 att
232 1198 44 19 böta
291 1196 67 20 såsom
373 1196 4 18 i
394 1197 25 19 15
433 1197 10 24 $
457 1197 86 25 stadgas.

113 1225 10 24 $
138 1225 32 19 27.
199 1224 43 19 Med
260 1223 97 24 undantag
375 1223 21 18 af
411 1223 25 19 de
453 1223 4 18 i
476 1222 117 26 föregående
609 1221 10 25 $
637 1220 166 30 omnämnda
764 1216 44 38 fall

60 1251 63 26 åligge
140 1251 35 20 det
192 1251 85 24 enhvar,
296 1254 43 15 som
358 1249 31 20 vill
407 1250 78 24 anlägga
504 1248 123 23 vattenverk,
644 1249 27 17 att
685 1247 30 19 för
729 1247 76 24 anlägg-

60 1279 69 24 ningen
146 1277 83 20 utverka
247 1275 83 21 tillstånd
349 1275 21 20 af
385 1276 131 19 Guvernören
533 1276 5 19 i
558 1276 64 22 länet,
645 1279 42 14 som
709 1279 46 24 eger
776 1275 28 17 att

61 1305 45 20 med
120 1304 83 19 ärendet
217 1303 70 20 förfara
302 1302 67 21 såsom
384 1303 35 18 här
433 1302 106 20 nedanföre
553 1302 130 19 bestämmes.
708 1300 49 24 Vilja
771 1299 30 24 de,

60 1337 42 14 som
116 1330 77 26 jemlikt
207 1330 132 26 nyssnämnda
354 1329 10 24 $
377 1329 45 19 icke
435 1331 34 17 äro
483 1329 63 20 dertill
562 1327 118 23 förbundna,
696 1327 61 19 hellre
771 1330 34 15 an-

60 1358 48 20 söka
122 1363 33 13 om
170 1357 101 19 enahanda
287 1356 90 24 tillstånd,
393 1361 49 15 vare
455 1356 64 19 dertill
533 1354 127 26 berättigade.

113 1384 10 23 $
137 1384 33 19 28.
195 1382 28 21 Då
237 1382 88 20 tillstånd
339 1385 27 17 att
381 1382 70 20 inrätta
465 1382 118 19 vattenverk
598 1380 91 23 ansökes,
705 1385 46 19 eger
765 1379 41 19 Gu-

60 1405 99 24 vernören
178 1408 91 20 förordna
288 1408 205 24 Distriktsingeniören
511 1408 46 19 eller
574 1407 5 18 i
596 1407 50 19 hans
666 1406 55 18 ställe
743 1409 64 15 annan
