981 1756
281 124 70 24 Nådiga
364 127 139 22 Propositionen
516 127 36 17 N:o
563 127 30 17 20.
776 127 34 19 523

66 179 100 21 personer
179 175 80 20 komme
271 178 30 17 att
314 175 51 21 ifrån
379 176 54 20 valet
445 176 104 20 uteslutas.
579 177 35 25 Jag
627 182 59 15 anser
693 177 79 19 derföre
781 179 29 17 att

66 201 72 19 orden:
155 207 61 19 «eger
230 202 47 19 eller
291 202 83 20 besitter
387 202 56 26 jord»
458 203 6 19 i
478 203 125 20 förenämnde
617 203 10 26 $
640 204 12 19 3
666 203 63 20 borde
742 204 67 26 förby-

66 230 30 17 tas
111 228 27 19 till
154 229 48 18 «har
217 231 29 17 ett
259 228 131 26 sjelfständigt
402 228 97 25 jordbruk
513 230 46 19 eller
572 229 72 26 yrke.»

119 254 103 20 Likaledes
236 259 59 15 anser
301 254 35 26 jag
348 258 28 16 att
390 255 38 20 den
443 255 70 25 nådiga
523 255 156 26 propositionens
688 256 121 26 hufvudsyf-

66 282 29 22 te,
114 282 29 17 att
161 280 66 20 kunna
245 279 105 27 upphjelpa
367 282 157 19 riämndemanna
541 282 135 19 institutionen
692 281 52 20 ifrån
760 282 48 19 dess

64 306 125 20 närvarande
202 306 94 26 lägervall
312 309 53 17 samt
380 306 138 21 åstadkomma
535 308 37 19 hos
588 308 138 25 befolkningen
743 307 65 20 större

64 332 86 20 intresse
165 332 30 20 för
207 333 43 19 sina
265 332 125 21 kommunala
407 334 173 25 angelägenheter,
599 334 37 20 blir
651 333 82 21 alldeles
750 333 58 20 förfe-

66 358 48 26 ladt,
131 364 33 14 om
179 360 180 20 nämndemännens
375 360 32 19 val
423 360 81 20 komme
521 362 28 18 att
566 360 37 20 ske
619 360 49 19 inför
684 359 122 20 Häradsrätt.

65 386 65 25 Enligt
144 385 40 19 min
197 385 51 26 åsigt
261 386 48 19 böra
323 386 25 20 de
361 386 36 20 ske
409 386 50 20 inför
474 387 167 25 socknestämma,
657 386 48 20 eller
718 385 39 21 ock
767 386 40 20 der

63 412 204 26 kommunalstyrelse
283 412 79 20 komme
376 415 29 17 att
417 413 63 20 finnas
493 413 85 20 medelst
591 413 47 20 dess
655 412 153 20 föranstaltande

64 438 8 20 i
91 438 133 27 socknestuga
244 439 47 20 eller
311 442 57 17 annat
384 440 88 25 lämpligt
488 444 51 16 rum.
573 439 28 27 Ty
620 444 34 15 om
675 438 132 20 nämndeman

65 465 81 20 komme
160 467 28 17 att
201 468 80 22 antagas
296 467 39 19 och
348 465 62 26 väljas
424 466 49 20 inför
487 464 125 27 Häradsrätt,
628 466 22 19 så
667 466 67 20 blefve
748 465 59 26 deras

63 490 111 27 antagande
188 492 81 20 alldeles
282 492 25 25 på
321 496 77 16 samma
412 493 29 19 fot
455 497 43 15 som
511 491 102 21 härintills.
628 492 38 20 Det
679 497 50 14 vore
751 496 56 15 nem-

63 518 53 26 ligen
130 518 96 20 domaren
239 518 39 20 och
291 519 127 19 länsmannen
433 524 43 15 som
489 523 50 15 vore
551 519 25 19 de
585 518 149 21 bestämmande
744 518 63 20 fakto-

66 549 58 15 rerna
138 544 33 20 vid
186 545 49 19 slika
249 546 39 19 val.
306 546 29 26 Ty
348 544 22 21 sä
384 545 42 20 vidt
438 543 34 28 jag
482 548 33 18 vet
524 545 86 20 besökes
620 545 110 25 tingstaden
739 547 69 23 egent-

65 571 51 27 ligen
128 571 72 20 endast
213 572 21 18 af
246 570 89 21 traktens
348 572 41 20 lösa
403 572 111 26 befolkning
527 572 40 19 och
580 572 29 19 för
623 572 59 24 öfrigt
695 571 22 19 af
723 570 25 20 de
757 570 51 20 tvis-

65 598 59 20 tande
138 600 92 23 parterna
246 599 38 19 och
298 598 59 20 deras
371 597 81 21 vittnen.
468 599 55 19 Huru
533 597 42 21 litet
585 603 24 15 en
618 597 83 20 sålunda
709 601 99 15 samman-

64 627 41 17 satt
123 625 102 25 menighet
242 624 61 20 borde
320 624 65 20 kunna
402 627 80 24 antagas
498 627 137 23 representera
652 625 154 19 kommunernas

65 651 49 19 eller
127 651 180 25 tingslagsboernas
320 651 60 20 tanke
392 652 39 18 och
445 651 51 26 vilja,
512 650 63 21 borde
588 650 19 25 ej
624 650 63 20 kunna
703 648 104 27 ifrägasät-

65 680 39 17 tas.
132 678 36 25 Jag
182 682 58 15 anser
254 677 78 20 derföre
347 679 28 19 att
387 677 11 26 $
412 678 12 19 4
438 678 61 20 borde
512 678 151 19 omformuleras
675 676 95 20 sålunda:

117 704 35 20 Val
167 704 22 20 af
200 704 131 20 nämndeman
345 705 49 19 skall
409 704 35 20 ske
457 705 50 19 inför
521 704 160 20 socknestämma
690 703 48 19 eller
751 703 55 19 kom-

64 730 154 27 munalstyrelse
231 730 11 19 ä
257 730 42 20 viss
313 731 46 26 dag,
376 735 44 16 som
437 731 63 20 blifvit
516 728 71 28 fjorton
604 730 60 26 dagar
680 730 52 18 förut
749 730 5 18 i
772 734 36 14 ve-

63 756 99 26 derbörlig
177 757 62 26 kyrka
254 756 105 26 kungjord.
388 757 75 26 Uppstä
477 757 70 20 dervid
561 756 67 26 frågor
641 761 33 15 om
688 756 72 20 valrätt
769 755 37 20 och

64 784 111 26 valbarhet,
191 786 37 23 äge
242 784 173 20 socknestämman
430 785 47 19 eller
494 783 211 26 kommunalstyrelsen
719 782 46 20 dem
778 782 29 20 af-

63 809 55 27 göra,
134 809 47 21 utan
196 812 27 17 att
235 810 55 20 valet
304 811 52 27 förty
369 810 33 20 mä
417 810 122 26 uppehällas.
568 810 42 19 Den
624 814 44 15 som
682 808 77 20 undfätt
772 808 35 20 fle-

64 839 32 17 sta
109 837 91 19 rösterna
214 836 57 26 skall,
287 836 35 20 der
336 837 37 20 han
387 837 98 19 befunnits
500 837 79 24 valbar,
594 835 68 20 såsom
675 835 132 19 nämndeman

64 862 115 27 godkännas
193 863 38 19 och
244 863 47 20 med
305 863 56 20 bevis
374 863 93 20 deröfver
481 863 20 19 af
509 862 172 20 socknestämman
695 862 47 19 eller
751 861 57 19 kom-

63 890 169 25 munalstyrelsen
246 889 73 20 förses.
347 890 64 19 Hafva
423 889 33 20 två
470 890 48 19 eller
531 889 49 19 flere
592 888 77 20 erhållit
682 888 40 20 lika
735 887 72 25 många

64 915 72 26 röster,
152 921 35 20 ege
198 916 180 25 socknestämman:
392 916 47 20 eller
453 916 213 25 kommunalstyrelsen
682 920 25 13 en
723 914 22 19 af
761 914 46 19 dem

64 943 102 19 utnämna.
196 942 26 19 Är
236 941 64 26 någon
314 942 46 20 med
373 942 54 20 valet
439 941 104 25 missnöjd,
559 940 32 20 mä
606 942 39 19 han
656 940 93 20 deröfver
758 940 49 19 inför

64 968 142 20 Häradsrätten
220 968 31 26 sig
265 968 92 20 besvära:
372 972 46 16 men
432 974 37 20 ege
481 966 110 22 emellertid
607 968 32 19 sin
657 966 106 25 befattning
776 968 32 17 ut-

62 995 55 19 öfva.

117 1021 38 20 För
168 1020 58 27 öfrigt
239 1021 116 20 instämmer
367 1019 33 28 jag
413 1021 47 20 med
474 1020 148 27 Lagutskottets
635 1019 94 26 förslag.»

419 1054 7 10 N

269 1199 92 19 Finlands
376 1199 85 20 ständers
476 1197 128 27 underdäniga
616 1204 45 13 svar
673 1197 13 20 &
696 1197 55 20 Hans
764 1197 42 26 Kej-

200 1227 69 25 serliga
284 1227 100 25 Majestäts
399 1226 70 25 nådiga
480 1227 123 25 proposition,
617 1225 98 26 angående
729 1225 78 20 härads-

199 1255 136 19 nämndemäns
349 1255 108 25 antagande
471 1255 34 19 och
519 1255 87 24 aflöning.
726 1259 23 12 DN

246 1293 146 24 (Lagutskotteis
404 1293 114 18 betänkande
530 1292 36 19 N:o
579 1294 36 20 10).

346 1334 57 20 S.A.
417 1334 24 19 K.
457 1340 19 14 0.
491 1335 30 18 S!

118 1387 24 18 E.
158 1388 23 18 K.
197 1388 36 17 M:t
241 1387 49 24 har,
305 1387 6 17 i
326 1392 23 13 en
358 1386 91 19 Finlands
463 1386 81 19 ständer
558 1385 10 18 ä
577 1386 63 18 denna
654 1384 92 25 landtdag
757 1385 51 27 före-

65 1413 45 24 lagd'
124 1412 128 26 proposition,
274 1412 27 19 tili
313 1412 119 19 ständernes'
451 1411 118 26 granskning
588 1411 40 18 och
648 1410 160 28 godkännande
796 1406 15 36 i
