<?xml version="1.0" encoding="UTF-8"?>
<alto xmlns="http://www.loc.gov/standards/alto/ns-v3#" xmlns:xlink="http://www.w3.org/1999/xlink" xmlns:xsi="http://www.w3.org/2001/XMLSchema-instance" xsi:schemaLocation="http://www.loc.gov/standards/alto/ns-v3# http://www.loc.gov/alto/v3/alto-3-0.xsd">
	<Description>
		<MeasurementUnit>pixel</MeasurementUnit>
		<sourceImageInformation>
			<fileName>/tmp/tess_tzlqqcsl_input.PNG</fileName>
		</sourceImageInformation>
		<OCRProcessing ID="OCR_0">
			<ocrProcessingStep>
				<processingSoftware>
					<softwareName>tesseract 5.3.4</softwareName>
				</processingSoftware>
			</ocrProcessingStep>
		</OCRProcessing>
	</Description>
	<Layout>
		<Page WIDTH="1011" HEIGHT="1773" PHYSICAL_IMG_NR="0" ID="page_0">
			<PrintSpace HPOS="0" VPOS="0" WIDTH="1011" HEIGHT="1773">
				<ComposedBlock ID="cblock_0" HPOS="279" VPOS="130" WIDTH="526" HEIGHT="24">
					<TextBlock ID="block_0" HPOS="279" VPOS="130" WIDTH="526" HEIGHT="24">
						<TextLine ID="line_0" HPOS="279" VPOS="130" WIDTH="526" HEIGHT="24">
							<String ID="string_0" HPOS="279" VPOS="130" WIDTH="70" HEIGHT="23" WC="0.91" CONTENT="Nådiga"/><SP WIDTH="12" VPOS="130" HPOS="349"/>
							<String ID="string_1" HPOS="361" VPOS="132" WIDTH="139" HEIGHT="22" WC="0.67" CONTENT="Propositionen"/><SP WIDTH="12" VPOS="132" HPOS="500"/>
							<String ID="string_2" HPOS="512" VPOS="132" WIDTH="35" HEIGHT="17" WC="0.95" CONTENT="N:o"/><SP WIDTH="12" VPOS="132" HPOS="547"/>
							<String ID="string_3" HPOS="559" VPOS="132" WIDTH="16" HEIGHT="17" WC="0.94" CONTENT="2."/><SP WIDTH="207" VPOS="132" HPOS="575"/>
							<String ID="string_4" HPOS="782" VPOS="132" WIDTH="23" HEIGHT="19" WC="0.95" CONTENT="45"/>
						</TextLine>
					</TextBlock>
				</ComposedBlock>
				<ComposedBlock ID="cblock_1" HPOS="65" VPOS="181" WIDTH="742" HEIGHT="666">
					<TextBlock ID="block_1" HPOS="65" VPOS="181" WIDTH="741" HEIGHT="78">
						<TextLine ID="line_1" HPOS="65" VPOS="181" WIDTH="741" HEIGHT="26">
							<String ID="string_5" HPOS="65" VPOS="181" WIDTH="46" HEIGHT="24" WC="0.96" CONTENT="mål,"/><SP WIDTH="17" VPOS="181" HPOS="111"/>
							<String ID="string_6" HPOS="128" VPOS="183" WIDTH="29" HEIGHT="16" WC="0.96" CONTENT="att"/><SP WIDTH="14" VPOS="183" HPOS="157"/>
							<String ID="string_7" HPOS="171" VPOS="181" WIDTH="155" HEIGHT="26" WC="0.96" CONTENT="ifrågavarande,"/><SP WIDTH="16" VPOS="181" HPOS="326"/>
							<String ID="string_8" HPOS="342" VPOS="181" WIDTH="116" HEIGHT="21" WC="0.96" CONTENT="tidsödande"/><SP WIDTH="14" VPOS="181" HPOS="458"/>
							<String ID="string_9" HPOS="472" VPOS="182" WIDTH="80" HEIGHT="19" WC="0.96" CONTENT="kontroll"/><SP WIDTH="17" VPOS="182" HPOS="552"/>
							<String ID="string_10" HPOS="569" VPOS="182" WIDTH="45" HEIGHT="19" WC="0.92" CONTENT="icke"/><SP WIDTH="14" VPOS="182" HPOS="614"/>
							<String ID="string_11" HPOS="628" VPOS="182" WIDTH="38" HEIGHT="19" WC="0.96" CONTENT="kan"/><SP WIDTH="14" VPOS="182" HPOS="666"/>
							<String ID="string_12" HPOS="680" VPOS="181" WIDTH="45" HEIGHT="20" WC="0.93" CONTENT="dem"/><SP WIDTH="14" VPOS="181" HPOS="725"/>
							<String ID="string_13" HPOS="739" VPOS="183" WIDTH="67" HEIGHT="19" WC="0.89" CONTENT="Jerut-"/>
						</TextLine>
						<TextLine ID="line_2" HPOS="65" VPOS="205" WIDTH="741" HEIGHT="44">
							<String ID="string_14" HPOS="65" VPOS="197" WIDTH="56" HEIGHT="30" WC="0.93" CONTENT="öfver"/><SP WIDTH="15" VPOS="197" HPOS="121"/>
							<String ID="string_15" HPOS="136" VPOS="207" WIDTH="102" HEIGHT="20" WC="0.92" CONTENT="åhvälfvas"/><SP WIDTH="15" VPOS="207" HPOS="238"/>
							<String ID="string_16" HPOS="253" VPOS="211" WIDTH="45" HEIGHT="16" WC="0.96" CONTENT="utan"/><SP WIDTH="15" VPOS="211" HPOS="298"/>
							<String ID="string_17" HPOS="313" VPOS="215" WIDTH="46" HEIGHT="14" WC="0.96" CONTENT="men"/><SP WIDTH="14" VPOS="215" HPOS="359"/>
							<String ID="string_18" HPOS="373" VPOS="209" WIDTH="29" HEIGHT="18" WC="0.96" CONTENT="för"/><SP WIDTH="15" VPOS="209" HPOS="402"/>
							<String ID="string_19" HPOS="417" VPOS="209" WIDTH="58" HEIGHT="20" WC="0.96" CONTENT="deras"/><SP WIDTH="15" VPOS="209" HPOS="475"/>
							<String ID="string_20" HPOS="490" VPOS="205" WIDTH="99" HEIGHT="44" WC="0.95" CONTENT="egentliga,"/><SP WIDTH="16" VPOS="205" HPOS="589"/>
							<String ID="string_21" HPOS="605" VPOS="209" WIDTH="29" HEIGHT="19" WC="0.96" CONTENT="för"/><SP WIDTH="15" VPOS="209" HPOS="634"/>
							<String ID="string_22" HPOS="649" VPOS="209" WIDTH="102" HEIGHT="20" WC="0.91" CONTENT="samhället"/><SP WIDTH="14" VPOS="209" HPOS="751"/>
							<String ID="string_23" HPOS="765" VPOS="209" WIDTH="41" HEIGHT="26" WC="0.92" CONTENT="vig-"/>
						</TextLine>
						<TextLine ID="line_3" HPOS="65" VPOS="234" WIDTH="265" HEIGHT="26">
							<String ID="string_24" HPOS="65" VPOS="234" WIDTH="37" HEIGHT="25" WC="0.93" CONTENT="tiga"/><SP WIDTH="15" VPOS="234" HPOS="102"/>
							<String ID="string_25" HPOS="117" VPOS="234" WIDTH="213" HEIGHT="26" WC="0.88" CONTENT="embetsverksamhet."/>
						</TextLine>
					</TextBlock>
					<TextBlock ID="block_2" HPOS="67" VPOS="261" WIDTH="740" HEIGHT="212">
						<TextLine ID="line_4" HPOS="119" VPOS="261" WIDTH="687" HEIGHT="26">
							<String ID="string_26" HPOS="119" VPOS="255" WIDTH="53" HEIGHT="31" WC="0.93" CONTENT="Årlig"/><SP WIDTH="13" VPOS="255" HPOS="172"/>
							<String ID="string_27" HPOS="185" VPOS="261" WIDTH="249" HEIGHT="26" WC="0.91" CONTENT="redovisningsskyldighet"/><SP WIDTH="14" VPOS="261" HPOS="434"/>
							<String ID="string_28" HPOS="448" VPOS="262" WIDTH="42" HEIGHT="24" WC="0.96" CONTENT="bör,"/><SP WIDTH="17" VPOS="262" HPOS="490"/>
							<String ID="string_29" HPOS="507" VPOS="262" WIDTH="57" HEIGHT="25" WC="0.96" CONTENT="enligt"/><SP WIDTH="13" VPOS="262" HPOS="564"/>
							<String ID="string_30" HPOS="577" VPOS="261" WIDTH="40" HEIGHT="19" WC="0.96" CONTENT="min"/><SP WIDTH="14" VPOS="261" HPOS="617"/>
							<String ID="string_31" HPOS="631" VPOS="261" WIDTH="67" HEIGHT="25" WC="0.89" CONTENT="tanke,"/><SP WIDTH="24" VPOS="261" HPOS="698"/>
							<String ID="string_32" HPOS="722" VPOS="254" WIDTH="84" HEIGHT="27" WC="0.89" CONTENT="ovilkor-"/>
						</TextLine>
						<TextLine ID="line_5" HPOS="67" VPOS="287" WIDTH="740" HEIGHT="26">
							<String ID="string_33" HPOS="67" VPOS="287" WIDTH="49" HEIGHT="24" WC="0.96" CONTENT="ligen"/><SP WIDTH="15" VPOS="287" HPOS="116"/>
							<String ID="string_34" HPOS="131" VPOS="287" WIDTH="77" HEIGHT="26" WC="0.96" CONTENT="åläggas"/><SP WIDTH="14" VPOS="287" HPOS="208"/>
							<String ID="string_35" HPOS="222" VPOS="287" WIDTH="130" HEIGHT="26" WC="0.96" CONTENT="förmyndare."/><SP WIDTH="19" VPOS="287" HPOS="352"/>
							<String ID="string_36" HPOS="371" VPOS="287" WIDTH="69" HEIGHT="26" WC="0.93" CONTENT="Någon"/><SP WIDTH="17" VPOS="287" HPOS="440"/>
							<String ID="string_37" HPOS="457" VPOS="287" WIDTH="95" HEIGHT="20" WC="0.92" CONTENT="åtskilnad"/><SP WIDTH="22" VPOS="287" HPOS="552"/>
							<String ID="string_38" HPOS="574" VPOS="289" WIDTH="81" HEIGHT="18" WC="0.93" CONTENT="emellan"/><SP WIDTH="21" VPOS="289" HPOS="655"/>
							<String ID="string_39" HPOS="676" VPOS="288" WIDTH="71" HEIGHT="25" WC="0.91" CONTENT="afgifva"/><SP WIDTH="21" VPOS="288" HPOS="747"/>
							<String ID="string_40" HPOS="768" VPOS="289" WIDTH="39" HEIGHT="19" WC="0.95" CONTENT="och"/>
						</TextLine>
						<TextLine ID="line_6" HPOS="67" VPOS="313" WIDTH="739" HEIGHT="26">
							<String ID="string_41" HPOS="67" VPOS="313" WIDTH="71" HEIGHT="19" WC="0.90" CONTENT="afsluta"/><SP WIDTH="15" VPOS="313" HPOS="138"/>
							<String ID="string_42" HPOS="153" VPOS="319" WIDTH="23" HEIGHT="14" WC="0.96" CONTENT="en"/><SP WIDTH="15" VPOS="319" HPOS="176"/>
							<String ID="string_43" HPOS="191" VPOS="314" WIDTH="81" HEIGHT="25" WC="0.96" CONTENT="räkning"/><SP WIDTH="14" VPOS="314" HPOS="272"/>
							<String ID="string_44" HPOS="286" VPOS="314" WIDTH="38" HEIGHT="20" WC="0.93" CONTENT="kan"/><SP WIDTH="12" VPOS="314" HPOS="324"/>
							<String ID="string_45" HPOS="336" VPOS="313" WIDTH="33" HEIGHT="26" WC="0.96" CONTENT="jag"/><SP WIDTH="15" VPOS="313" HPOS="369"/>
							<String ID="string_46" HPOS="384" VPOS="315" WIDTH="29" HEIGHT="18" WC="0.96" CONTENT="för"/><SP WIDTH="13" VPOS="315" HPOS="413"/>
							<String ID="string_47" HPOS="426" VPOS="314" WIDTH="40" HEIGHT="19" WC="0.96" CONTENT="min"/><SP WIDTH="14" VPOS="314" HPOS="466"/>
							<String ID="string_48" HPOS="480" VPOS="314" WIDTH="30" HEIGHT="20" WC="0.96" CONTENT="del"/><SP WIDTH="15" VPOS="314" HPOS="510"/>
							<String ID="string_49" HPOS="525" VPOS="313" WIDTH="18" HEIGHT="26" WC="0.96" CONTENT="ej"/><SP WIDTH="15" VPOS="313" HPOS="543"/>
							<String ID="string_50" HPOS="558" VPOS="315" WIDTH="53" HEIGHT="24" WC="0.96" CONTENT="göra."/><SP WIDTH="20" VPOS="315" HPOS="611"/>
							<String ID="string_51" HPOS="631" VPOS="313" WIDTH="28" HEIGHT="20" WC="0.96" CONTENT="Då"/><SP WIDTH="22" VPOS="313" HPOS="659"/>
							<String ID="string_52" HPOS="681" VPOS="319" WIDTH="24" HEIGHT="14" WC="0.95" CONTENT="en"/><SP WIDTH="19" VPOS="319" HPOS="705"/>
							<String ID="string_53" HPOS="724" VPOS="315" WIDTH="82" HEIGHT="19" WC="0.94" CONTENT="räkning"/>
						</TextLine>
						<TextLine ID="line_7" HPOS="67" VPOS="329" WIDTH="739" HEIGHT="37">
							<String ID="string_54" HPOS="67" VPOS="339" WIDTH="89" HEIGHT="26" WC="0.91" CONTENT="afgifves,"/><SP WIDTH="17" VPOS="339" HPOS="156"/>
							<String ID="string_55" HPOS="173" VPOS="345" WIDTH="63" HEIGHT="20" WC="0.96" CONTENT="synes"/><SP WIDTH="14" VPOS="345" HPOS="236"/>
							<String ID="string_56" HPOS="250" VPOS="329" WIDTH="38" HEIGHT="30" WC="0.96" CONTENT="den"/><SP WIDTH="14" VPOS="329" HPOS="288"/>
							<String ID="string_57" HPOS="302" VPOS="341" WIDTH="39" HEIGHT="25" WC="0.88" CONTENT="mig"/><SP WIDTH="15" VPOS="341" HPOS="341"/>
							<String ID="string_58" HPOS="356" VPOS="340" WIDTH="61" HEIGHT="20" WC="0.88" CONTENT="också"/><SP WIDTH="15" VPOS="340" HPOS="417"/>
							<String ID="string_59" HPOS="432" VPOS="341" WIDTH="52" HEIGHT="19" WC="0.95" CONTENT="alltid"/><SP WIDTH="14" VPOS="341" HPOS="484"/>
							<String ID="string_60" HPOS="498" VPOS="342" WIDTH="46" HEIGHT="19" WC="0.93" CONTENT="böra"/><SP WIDTH="15" VPOS="342" HPOS="544"/>
							<String ID="string_61" HPOS="559" VPOS="341" WIDTH="88" HEIGHT="19" WC="0.91" CONTENT="afslutas."/><SP WIDTH="15" VPOS="341" HPOS="647"/>
							<String ID="string_62" HPOS="662" VPOS="341" WIDTH="29" HEIGHT="19" WC="0.97" CONTENT="En"/><SP WIDTH="10" VPOS="341" HPOS="691"/>
							<String ID="string_63" HPOS="701" VPOS="340" WIDTH="46" HEIGHT="26" WC="0.96" CONTENT="följd"/><SP WIDTH="15" VPOS="340" HPOS="747"/>
							<String ID="string_64" HPOS="762" VPOS="341" WIDTH="44" HEIGHT="20" WC="0.69" CONTENT="der"/>
						</TextLine>
						<TextLine ID="line_8" HPOS="67" VPOS="353" WIDTH="739" HEIGHT="40">
							<String ID="string_65" HPOS="67" VPOS="353" WIDTH="30" HEIGHT="37" WC="0.84" CONTENT="af;"/><SP WIDTH="20" VPOS="353" HPOS="97"/>
							<String ID="string_66" HPOS="117" VPOS="356" WIDTH="52" HEIGHT="30" WC="0.96" CONTENT="hvad"/><SP WIDTH="15" VPOS="356" HPOS="169"/>
							<String ID="string_67" HPOS="184" VPOS="355" WIDTH="228" HEIGHT="38" WC="0.92" CONTENT="förmyndareräkningar"/><SP WIDTH="14" VPOS="355" HPOS="412"/>
							<String ID="string_68" HPOS="426" VPOS="367" WIDTH="134" HEIGHT="25" WC="0.90" CONTENT="vidkommer,"/><SP WIDTH="16" VPOS="367" HPOS="560"/>
							<String ID="string_69" HPOS="576" VPOS="369" WIDTH="22" HEIGHT="18" WC="0.96" CONTENT="är"/><SP WIDTH="15" VPOS="369" HPOS="598"/>
							<String ID="string_70" HPOS="613" VPOS="367" WIDTH="17" HEIGHT="25" WC="0.96" CONTENT="ej"/><SP WIDTH="17" VPOS="367" HPOS="630"/>
							<String ID="string_71" HPOS="647" VPOS="369" WIDTH="27" HEIGHT="18" WC="0.95" CONTENT="att"/><SP WIDTH="21" VPOS="369" HPOS="674"/>
							<String ID="string_72" HPOS="695" VPOS="369" WIDTH="67" HEIGHT="18" WC="0.95" CONTENT="räntan"/><SP WIDTH="14" VPOS="369" HPOS="762"/>
							<String ID="string_73" HPOS="776" VPOS="368" WIDTH="30" HEIGHT="20" WC="0.96" CONTENT="för"/>
						</TextLine>
						<TextLine ID="line_9" HPOS="68" VPOS="381" WIDTH="736" HEIGHT="42">
							<String ID="string_74" HPOS="68" VPOS="381" WIDTH="70" HEIGHT="42" WC="0.96" CONTENT="hvarje"/><SP WIDTH="14" VPOS="381" HPOS="138"/>
							<String ID="string_75" HPOS="152" VPOS="393" WIDTH="49" HEIGHT="26" WC="0.96" CONTENT="gång"/><SP WIDTH="14" VPOS="393" HPOS="201"/>
							<String ID="string_76" HPOS="215" VPOS="393" WIDTH="35" HEIGHT="20" WC="0.96" CONTENT="bör"/><SP WIDTH="15" VPOS="393" HPOS="250"/>
							<String ID="string_77" HPOS="265" VPOS="395" WIDTH="65" HEIGHT="25" WC="0.95" CONTENT="läggas"/><SP WIDTH="14" VPOS="395" HPOS="330"/>
							<String ID="string_78" HPOS="344" VPOS="394" WIDTH="25" HEIGHT="19" WC="0.95" CONTENT="till"/><SP WIDTH="16" VPOS="394" HPOS="369"/>
							<String ID="string_79" HPOS="385" VPOS="394" WIDTH="99" HEIGHT="25" WC="0.96" CONTENT="kapitalet."/><SP WIDTH="9" VPOS="394" HPOS="484"/>
							<String ID="string_80" HPOS="493" VPOS="395" WIDTH="38" HEIGHT="19" WC="0.96" CONTENT="Om"/><SP WIDTH="14" VPOS="395" HPOS="531"/>
							<String ID="string_81" HPOS="545" VPOS="383" WIDTH="38" HEIGHT="30" WC="0.96" CONTENT="och"/><SP WIDTH="14" VPOS="383" HPOS="583"/>
							<String ID="string_82" HPOS="597" VPOS="396" WIDTH="35" HEIGHT="17" WC="0.96" CONTENT="när"/><SP WIDTH="11" VPOS="396" HPOS="632"/>
							<String ID="string_83" HPOS="643" VPOS="379" WIDTH="69" HEIGHT="44" WC="0.96" CONTENT="sådant"/><SP WIDTH="10" VPOS="379" HPOS="712"/>
							<String ID="string_84" HPOS="722" VPOS="395" WIDTH="32" HEIGHT="19" WC="0.96" CONTENT="bör"/><SP WIDTH="8" VPOS="395" HPOS="754"/>
							<String ID="string_85" HPOS="762" VPOS="394" WIDTH="42" HEIGHT="25" WC="0.96" CONTENT="ske,"/>
						</TextLine>
						<TextLine ID="line_10" HPOS="67" VPOS="418" WIDTH="739" HEIGHT="29">
							<String ID="string_86" HPOS="67" VPOS="418" WIDTH="65" HEIGHT="21" WC="0.96" CONTENT="måste"/><SP WIDTH="13" VPOS="418" HPOS="132"/>
							<String ID="string_87" HPOS="145" VPOS="421" WIDTH="48" HEIGHT="18" WC="0.96" CONTENT="bero"/><SP WIDTH="14" VPOS="421" HPOS="193"/>
							<String ID="string_88" HPOS="207" VPOS="420" WIDTH="24" HEIGHT="27" WC="0.93" CONTENT="på"/><SP WIDTH="16" VPOS="420" HPOS="231"/>
							<String ID="string_89" HPOS="247" VPOS="421" WIDTH="88" HEIGHT="26" WC="0.91" CONTENT="pröfning"/><SP WIDTH="14" VPOS="421" HPOS="335"/>
							<String ID="string_90" HPOS="349" VPOS="421" WIDTH="19" HEIGHT="18" WC="0.96" CONTENT="af"/><SP WIDTH="13" VPOS="421" HPOS="368"/>
							<String ID="string_91" HPOS="381" VPOS="421" WIDTH="192" HEIGHT="26" WC="0.95" CONTENT="omständigheterna"/><SP WIDTH="14" VPOS="421" HPOS="573"/>
							<String ID="string_92" HPOS="587" VPOS="421" WIDTH="5" HEIGHT="18" WC="0.96" CONTENT="i"/><SP WIDTH="16" VPOS="421" HPOS="592"/>
							<String ID="string_93" HPOS="608" VPOS="419" WIDTH="69" HEIGHT="26" WC="0.96" CONTENT="hvarje"/><SP WIDTH="10" VPOS="419" HPOS="677"/>
							<String ID="string_94" HPOS="687" VPOS="421" WIDTH="38" HEIGHT="25" WC="0.96" CONTENT="fall,"/><SP WIDTH="9" VPOS="421" HPOS="725"/>
							<String ID="string_95" HPOS="734" VPOS="420" WIDTH="25" HEIGHT="25" WC="0.96" CONTENT="på"/><SP WIDTH="9" VPOS="420" HPOS="759"/>
							<String ID="string_96" HPOS="768" VPOS="411" WIDTH="38" HEIGHT="30" WC="0.94" CONTENT="sätt"/>
						</TextLine>
						<TextLine ID="line_11" HPOS="68" VPOS="446" WIDTH="307" HEIGHT="27">
							<String ID="string_97" HPOS="68" VPOS="446" WIDTH="11" HEIGHT="19" WC="0.80" CONTENT="4"/><SP WIDTH="16" VPOS="446" HPOS="79"/>
							<String ID="string_98" HPOS="95" VPOS="446" WIDTH="10" HEIGHT="25" WC="0.80" CONTENT="$"/><SP WIDTH="14" VPOS="446" HPOS="105"/>
							<String ID="string_99" HPOS="119" VPOS="447" WIDTH="24" HEIGHT="19" WC="0.96" CONTENT="22"/><SP WIDTH="16" VPOS="447" HPOS="143"/>
							<String ID="string_100" HPOS="159" VPOS="447" WIDTH="44" HEIGHT="26" WC="0.93" CONTENT="kap."/><SP WIDTH="17" VPOS="447" HPOS="203"/>
							<String ID="string_101" HPOS="220" VPOS="444" WIDTH="22" HEIGHT="23" WC="0.92" CONTENT="Ä."/><SP WIDTH="17" VPOS="444" HPOS="242"/>
							<String ID="string_102" HPOS="259" VPOS="448" WIDTH="20" HEIGHT="19" WC="0.92" CONTENT="B."/><SP WIDTH="17" VPOS="448" HPOS="279"/>
							<String ID="string_103" HPOS="296" VPOS="447" WIDTH="79" HEIGHT="20" WC="0.96" CONTENT="förmår."/>
						</TextLine>
					</TextBlock>
					<TextBlock ID="block_3" HPOS="66" VPOS="473" WIDTH="741" HEIGHT="374">
						<TextLine ID="line_12" HPOS="120" VPOS="473" WIDTH="686" HEIGHT="27">
							<String ID="string_104" HPOS="120" VPOS="473" WIDTH="57" HEIGHT="20" WC="0.93" CONTENT="Hvad"/><SP WIDTH="15" VPOS="473" HPOS="177"/>
							<String ID="string_105" HPOS="192" VPOS="474" WIDTH="114" HEIGHT="25" WC="0.92" CONTENT="stadgandet"/><SP WIDTH="14" VPOS="474" HPOS="306"/>
							<String ID="string_106" HPOS="320" VPOS="475" WIDTH="5" HEIGHT="19" WC="0.93" CONTENT="i"/><SP WIDTH="14" VPOS="475" HPOS="325"/>
							<String ID="string_107" HPOS="339" VPOS="474" WIDTH="10" HEIGHT="25" WC="0.92" CONTENT="$"/><SP WIDTH="15" VPOS="474" HPOS="349"/>
							<String ID="string_108" HPOS="364" VPOS="475" WIDTH="11" HEIGHT="18" WC="0.96" CONTENT="8"/><SP WIDTH="22" VPOS="475" HPOS="375"/>
							<String ID="string_109" HPOS="397" VPOS="473" WIDTH="65" HEIGHT="26" WC="0.96" CONTENT="angår,"/><SP WIDTH="23" VPOS="473" HPOS="462"/>
							<String ID="string_110" HPOS="485" VPOS="479" WIDTH="58" HEIGHT="14" WC="0.96" CONTENT="anser"/><SP WIDTH="20" VPOS="479" HPOS="543"/>
							<String ID="string_111" HPOS="563" VPOS="473" WIDTH="33" HEIGHT="27" WC="0.96" CONTENT="jag"/><SP WIDTH="21" VPOS="473" HPOS="596"/>
							<String ID="string_112" HPOS="617" VPOS="474" WIDTH="124" HEIGHT="26" WC="0.96" CONTENT="förmyndare"/><SP WIDTH="21" VPOS="474" HPOS="741"/>
							<String ID="string_113" HPOS="762" VPOS="474" WIDTH="44" HEIGHT="20" WC="0.96" CONTENT="icke"/>
						</TextLine>
						<TextLine ID="line_13" HPOS="67" VPOS="498" WIDTH="739" HEIGHT="28">
							<String ID="string_114" HPOS="67" VPOS="498" WIDTH="47" HEIGHT="21" WC="0.96" CONTENT="böra"/><SP WIDTH="15" VPOS="498" HPOS="114"/>
							<String ID="string_115" HPOS="129" VPOS="501" WIDTH="66" HEIGHT="19" WC="0.96" CONTENT="kunna"/><SP WIDTH="14" VPOS="501" HPOS="195"/>
							<String ID="string_116" HPOS="209" VPOS="501" WIDTH="4" HEIGHT="18" WC="0.96" CONTENT="i"/><SP WIDTH="15" VPOS="501" HPOS="213"/>
							<String ID="string_117" HPOS="228" VPOS="500" WIDTH="59" HEIGHT="26" WC="0.96" CONTENT="något"/><SP WIDTH="14" VPOS="500" HPOS="287"/>
							<String ID="string_118" HPOS="301" VPOS="501" WIDTH="30" HEIGHT="20" WC="0.95" CONTENT="fall"/><SP WIDTH="15" VPOS="501" HPOS="331"/>
							<String ID="string_119" HPOS="346" VPOS="500" WIDTH="64" HEIGHT="26" WC="0.96" CONTENT="undgå"/><SP WIDTH="12" VPOS="500" HPOS="410"/>
							<String ID="string_120" HPOS="422" VPOS="491" WIDTH="40" HEIGHT="30" WC="0.95" CONTENT="att,"/><SP WIDTH="13" VPOS="491" HPOS="462"/>
							<String ID="string_121" HPOS="475" VPOS="501" WIDTH="24" HEIGHT="20" WC="0.96" CONTENT="då"/><SP WIDTH="21" VPOS="501" HPOS="499"/>
							<String ID="string_122" HPOS="520" VPOS="501" WIDTH="38" HEIGHT="18" WC="0.95" CONTENT="han"/><SP WIDTH="21" VPOS="501" HPOS="558"/>
							<String ID="string_123" HPOS="579" VPOS="501" WIDTH="46" HEIGHT="19" WC="0.95" CONTENT="med"/><SP WIDTH="20" VPOS="501" HPOS="625"/>
							<String ID="string_124" HPOS="645" VPOS="506" WIDTH="61" HEIGHT="14" WC="0.96" CONTENT="annan"/><SP WIDTH="20" VPOS="506" HPOS="706"/>
							<String ID="string_125" HPOS="726" VPOS="501" WIDTH="80" HEIGHT="20" WC="0.96" CONTENT="innehar"/>
						</TextLine>
						<TextLine ID="line_14" HPOS="67" VPOS="525" WIDTH="739" HEIGHT="32">
							<String ID="string_126" HPOS="67" VPOS="525" WIDTH="164" HEIGHT="32" WC="0.91" CONTENT="förmynderskap"/><SP WIDTH="15" VPOS="525" HPOS="231"/>
							<String ID="string_127" HPOS="246" VPOS="527" WIDTH="85" HEIGHT="26" WC="0.91" CONTENT="odeladt,"/><SP WIDTH="16" VPOS="527" HPOS="331"/>
							<String ID="string_128" HPOS="347" VPOS="527" WIDTH="25" HEIGHT="20" WC="0.95" CONTENT="till"/><SP WIDTH="15" VPOS="527" HPOS="372"/>
							<String ID="string_129" HPOS="387" VPOS="516" WIDTH="39" HEIGHT="31" WC="0.92" CONTENT="lika"/><SP WIDTH="15" VPOS="516" HPOS="426"/>
							<String ID="string_130" HPOS="441" VPOS="522" WIDTH="30" HEIGHT="25" WC="0.96" CONTENT="del"/><SP WIDTH="15" VPOS="522" HPOS="471"/>
							<String ID="string_131" HPOS="486" VPOS="527" WIDTH="45" HEIGHT="20" WC="0.96" CONTENT="med"/><SP WIDTH="14" VPOS="527" HPOS="531"/>
							<String ID="string_132" HPOS="545" VPOS="527" WIDTH="64" HEIGHT="20" WC="0.95" CONTENT="denne"/><SP WIDTH="20" VPOS="527" HPOS="609"/>
							<String ID="string_133" HPOS="629" VPOS="533" WIDTH="57" HEIGHT="14" WC="0.96" CONTENT="svara"/><SP WIDTH="21" VPOS="533" HPOS="686"/>
							<String ID="string_134" HPOS="707" VPOS="528" WIDTH="30" HEIGHT="19" WC="0.95" CONTENT="för"/><SP WIDTH="20" VPOS="528" HPOS="737"/>
							<String ID="string_135" HPOS="757" VPOS="528" WIDTH="49" HEIGHT="19" WC="0.95" CONTENT="hans"/>
						</TextLine>
						<TextLine ID="line_15" HPOS="67" VPOS="552" WIDTH="739" HEIGHT="28">
							<String ID="string_136" HPOS="67" VPOS="552" WIDTH="133" HEIGHT="21" WC="0.96" CONTENT="vårdslöshet."/><SP WIDTH="16" VPOS="552" HPOS="200"/>
							<String ID="string_137" HPOS="216" VPOS="553" WIDTH="29" HEIGHT="20" WC="0.96" CONTENT="Då"/><SP WIDTH="15" VPOS="553" HPOS="245"/>
							<String ID="string_138" HPOS="260" VPOS="554" WIDTH="62" HEIGHT="26" WC="0.96" CONTENT="begge"/><SP WIDTH="6" VPOS="554" HPOS="322"/>
							<String ID="string_139" HPOS="328" VPOS="544" WIDTH="54" HEIGHT="29" WC="0.42" CONTENT="&quot;böra"/><SP WIDTH="15" VPOS="544" HPOS="382"/>
							<String ID="string_140" HPOS="397" VPOS="555" WIDTH="25" HEIGHT="19" WC="0.96" CONTENT="till"/><SP WIDTH="15" VPOS="555" HPOS="422"/>
							<String ID="string_141" HPOS="437" VPOS="554" WIDTH="38" HEIGHT="19" WC="0.96" CONTENT="lika"/><SP WIDTH="15" VPOS="554" HPOS="475"/>
							<String ID="string_142" HPOS="490" VPOS="554" WIDTH="29" HEIGHT="19" WC="0.96" CONTENT="del"/><SP WIDTH="16" VPOS="554" HPOS="519"/>
							<String ID="string_143" HPOS="535" VPOS="559" WIDTH="57" HEIGHT="14" WC="0.96" CONTENT="svara"/><SP WIDTH="14" VPOS="559" HPOS="592"/>
							<String ID="string_144" HPOS="606" VPOS="555" WIDTH="29" HEIGHT="18" WC="0.96" CONTENT="för"/><SP WIDTH="14" VPOS="555" HPOS="635"/>
							<String ID="string_145" HPOS="649" VPOS="554" WIDTH="55" HEIGHT="25" WC="0.95" CONTENT="vård,"/><SP WIDTH="16" VPOS="554" HPOS="704"/>
							<String ID="string_146" HPOS="720" VPOS="554" WIDTH="47" HEIGHT="20" WC="0.96" CONTENT="böra"/><SP WIDTH="14" VPOS="554" HPOS="767"/>
							<String ID="string_147" HPOS="781" VPOS="554" WIDTH="25" HEIGHT="21" WC="0.95" CONTENT="de"/>
						</TextLine>
						<TextLine ID="line_16" HPOS="67" VPOS="580" WIDTH="739" HEIGHT="28">
							<String ID="string_148" HPOS="67" VPOS="580" WIDTH="29" HEIGHT="19" WC="0.92" CONTENT="väl"/><SP WIDTH="16" VPOS="580" HPOS="96"/>
							<String ID="string_149" HPOS="112" VPOS="580" WIDTH="57" HEIGHT="19" WC="0.95" CONTENT="äfven"/><SP WIDTH="14" VPOS="580" HPOS="169"/>
							<String ID="string_150" HPOS="183" VPOS="581" WIDTH="4" HEIGHT="18" WC="0.96" CONTENT="i"/><SP WIDTH="17" VPOS="581" HPOS="187"/>
							<String ID="string_151" HPOS="204" VPOS="587" WIDTH="74" HEIGHT="13" WC="0.96" CONTENT="samma"/><SP WIDTH="15" VPOS="587" HPOS="278"/>
							<String ID="string_152" HPOS="293" VPOS="580" WIDTH="119" HEIGHT="20" WC="0.96" CONTENT="förhållande"/><SP WIDTH="14" VPOS="580" HPOS="412"/>
							<String ID="string_153" HPOS="426" VPOS="586" WIDTH="83" HEIGHT="14" WC="0.96" CONTENT="ansvara"/><SP WIDTH="14" VPOS="586" HPOS="509"/>
							<String ID="string_154" HPOS="523" VPOS="581" WIDTH="29" HEIGHT="18" WC="0.96" CONTENT="för"/><SP WIDTH="14" VPOS="581" HPOS="552"/>
							<String ID="string_155" HPOS="566" VPOS="580" WIDTH="132" HEIGHT="25" WC="0.96" CONTENT="vårdslöshet,"/><SP WIDTH="18" VPOS="580" HPOS="698"/>
							<String ID="string_156" HPOS="716" VPOS="587" WIDTH="46" HEIGHT="21" WC="0.93" CONTENT="som"/><SP WIDTH="12" VPOS="587" HPOS="762"/>
							<String ID="string_157" HPOS="774" VPOS="587" WIDTH="32" HEIGHT="14" WC="0.93" CONTENT="en-"/>
						</TextLine>
						<TextLine ID="line_17" HPOS="66" VPOS="597" WIDTH="737" HEIGHT="36">
							<String ID="string_158" HPOS="66" VPOS="606" WIDTH="44" HEIGHT="19" WC="0.91" CONTENT="dast"/><SP WIDTH="15" VPOS="606" HPOS="110"/>
							<String ID="string_159" HPOS="125" VPOS="607" WIDTH="102" HEIGHT="20" WC="0.95" CONTENT="innefattar"/><SP WIDTH="14" VPOS="607" HPOS="227"/>
							<String ID="string_160" HPOS="241" VPOS="610" WIDTH="28" HEIGHT="17" WC="0.96" CONTENT="ett"/><SP WIDTH="14" VPOS="610" HPOS="269"/>
							<String ID="string_161" HPOS="283" VPOS="607" WIDTH="145" HEIGHT="20" WC="0.96" CONTENT="åsidosättande"/><SP WIDTH="15" VPOS="607" HPOS="428"/>
							<String ID="string_162" HPOS="443" VPOS="608" WIDTH="19" HEIGHT="19" WC="0.96" CONTENT="af"/><SP WIDTH="13" VPOS="608" HPOS="462"/>
							<String ID="string_163" HPOS="475" VPOS="607" WIDTH="37" HEIGHT="20" WC="0.96" CONTENT="den"/><SP WIDTH="14" VPOS="607" HPOS="512"/>
							<String ID="string_164" HPOS="526" VPOS="607" WIDTH="58" HEIGHT="20" WC="0.95" CONTENT="förra."/><SP WIDTH="18" VPOS="607" HPOS="584"/>
							<String ID="string_165" HPOS="602" VPOS="607" WIDTH="11" HEIGHT="19" WC="0.91" CONTENT="5"/><SP WIDTH="14" VPOS="607" HPOS="613"/>
							<String ID="string_166" HPOS="627" VPOS="607" WIDTH="10" HEIGHT="25" WC="0.91" CONTENT="$"/><SP WIDTH="14" VPOS="607" HPOS="637"/>
							<String ID="string_167" HPOS="651" VPOS="608" WIDTH="24" HEIGHT="19" WC="0.96" CONTENT="23"/><SP WIDTH="15" VPOS="608" HPOS="675"/>
							<String ID="string_168" HPOS="690" VPOS="597" WIDTH="45" HEIGHT="36" WC="0.94" CONTENT="kap."/><SP WIDTH="17" VPOS="597" HPOS="735"/>
							<String ID="string_169" HPOS="752" VPOS="609" WIDTH="51" HEIGHT="19" WC="0.82" CONTENT="A.B."/>
						</TextLine>
						<TextLine ID="line_18" HPOS="66" VPOS="633" WIDTH="740" HEIGHT="27">
							<String ID="string_170" HPOS="66" VPOS="633" WIDTH="73" HEIGHT="20" WC="0.96" CONTENT="befriar"/><SP WIDTH="13" VPOS="633" HPOS="139"/>
							<String ID="string_171" HPOS="152" VPOS="634" WIDTH="126" HEIGHT="26" WC="0.96" CONTENT="förmyndare"/><SP WIDTH="15" VPOS="634" HPOS="278"/>
							<String ID="string_172" HPOS="293" VPOS="633" WIDTH="69" HEIGHT="21" WC="0.93" CONTENT="endast"/><SP WIDTH="14" VPOS="633" HPOS="362"/>
							<String ID="string_173" HPOS="376" VPOS="633" WIDTH="42" HEIGHT="20" WC="0.96" CONTENT="från"/><SP WIDTH="16" VPOS="633" HPOS="418"/>
							<String ID="string_174" HPOS="434" VPOS="636" WIDTH="27" HEIGHT="17" WC="0.93" CONTENT="att"/><SP WIDTH="15" VPOS="636" HPOS="461"/>
							<String ID="string_175" HPOS="476" VPOS="639" WIDTH="82" HEIGHT="14" WC="0.96" CONTENT="ansvara"/><SP WIDTH="15" VPOS="639" HPOS="558"/>
							<String ID="string_176" HPOS="573" VPOS="635" WIDTH="29" HEIGHT="18" WC="0.61" CONTENT="för"/><SP WIDTH="7" VPOS="635" HPOS="602"/>
							<String ID="string_177" HPOS="609" VPOS="634" WIDTH="67" HEIGHT="25" WC="0.61" CONTENT="skala,"/><SP WIDTH="10" VPOS="634" HPOS="676"/>
							<String ID="string_178" HPOS="686" VPOS="635" WIDTH="120" HEIGHT="20" WC="0.93" CONTENT="hörrörande"/>
						</TextLine>
						<TextLine ID="line_19" HPOS="66" VPOS="660" WIDTH="739" HEIGHT="27">
							<String ID="string_179" HPOS="66" VPOS="660" WIDTH="21" HEIGHT="19" WC="0.93" CONTENT="af"/><SP WIDTH="11" VPOS="660" HPOS="87"/>
							<String ID="string_180" HPOS="98" VPOS="660" WIDTH="183" HEIGHT="27" WC="0.34" CONTENT="medförmyndares"/><SP WIDTH="15" VPOS="660" HPOS="281"/>
							<String ID="string_181" HPOS="296" VPOS="661" WIDTH="65" HEIGHT="20" WC="0.96" CONTENT="«brott"/><SP WIDTH="13" VPOS="661" HPOS="361"/>
							<String ID="string_182" HPOS="374" VPOS="662" WIDTH="39" HEIGHT="18" WC="0.93" CONTENT="och"/><SP WIDTH="14" VPOS="662" HPOS="413"/>
							<String ID="string_183" HPOS="427" VPOS="661" WIDTH="101" HEIGHT="24" WC="0.96" CONTENT="förseelse,"/><SP WIDTH="17" VPOS="661" HPOS="528"/>
							<String ID="string_184" HPOS="545" VPOS="667" WIDTH="44" HEIGHT="13" WC="0.96" CONTENT="som"/><SP WIDTH="14" VPOS="667" HPOS="589"/>
							<String ID="string_185" HPOS="603" VPOS="661" WIDTH="38" HEIGHT="18" WC="0.93" CONTENT="han"/><SP WIDTH="14" VPOS="661" HPOS="641"/>
							<String ID="string_186" HPOS="655" VPOS="660" WIDTH="18" HEIGHT="26" WC="0.96" CONTENT="ej"/><SP WIDTH="10" VPOS="660" HPOS="673"/>
							<String ID="string_187" HPOS="683" VPOS="661" WIDTH="122" HEIGHT="20" WC="0.95" CONTENT="förekomma"/>
						</TextLine>
						<TextLine ID="line_20" HPOS="68" VPOS="687" WIDTH="736" HEIGHT="26">
							<String ID="string_188" HPOS="68" VPOS="687" WIDTH="92" HEIGHT="26" WC="0.94" CONTENT="kunnat»,"/><SP WIDTH="16" VPOS="687" HPOS="160"/>
							<String ID="string_189" HPOS="176" VPOS="687" WIDTH="19" HEIGHT="20" WC="0.91" CONTENT="d."/><SP WIDTH="17" VPOS="687" HPOS="195"/>
							<String ID="string_190" HPOS="212" VPOS="689" WIDTH="17" HEIGHT="18" WC="0.92" CONTENT="ä."/><SP WIDTH="17" VPOS="689" HPOS="229"/>
							<String ID="string_191" HPOS="246" VPOS="687" WIDTH="67" HEIGHT="26" WC="0.93" CONTENT="skada,"/><SP WIDTH="16" VPOS="687" HPOS="313"/>
							<String ID="string_192" HPOS="329" VPOS="687" WIDTH="119" HEIGHT="20" WC="0.51" CONTENT="härrörande"/><SP WIDTH="14" VPOS="687" HPOS="448"/>
							<String ID="string_193" HPOS="462" VPOS="688" WIDTH="20" HEIGHT="19" WC="0.93" CONTENT="af"/><SP WIDTH="13" VPOS="688" HPOS="482"/>
							<String ID="string_194" HPOS="495" VPOS="687" WIDTH="88" HEIGHT="26" WC="0.96" CONTENT="handling"/><SP WIDTH="15" VPOS="687" HPOS="583"/>
							<String ID="string_195" HPOS="598" VPOS="687" WIDTH="46" HEIGHT="19" WC="0.93" CONTENT="eller"/><SP WIDTH="10" VPOS="687" HPOS="644"/>
							<String ID="string_196" HPOS="654" VPOS="687" WIDTH="150" HEIGHT="25" WC="0.28" CONTENT="uraktjätenhet,"/>
						</TextLine>
						<TextLine ID="line_21" HPOS="68" VPOS="713" WIDTH="738" HEIGHT="27">
							<String ID="string_197" HPOS="68" VPOS="713" WIDTH="61" HEIGHT="20" WC="0.92" CONTENT="hvarä"/><SP WIDTH="15" VPOS="713" HPOS="129"/>
							<String ID="string_198" HPOS="144" VPOS="715" WIDTH="72" HEIGHT="24" WC="0.96" CONTENT="regeln:"/><SP WIDTH="18" VPOS="715" HPOS="216"/>
							<String ID="string_199" HPOS="234" VPOS="715" WIDTH="63" HEIGHT="19" WC="0.92" CONTENT="«hvar"/><SP WIDTH="14" VPOS="715" HPOS="297"/>
							<String ID="string_200" HPOS="311" VPOS="720" WIDTH="46" HEIGHT="20" WC="0.96" CONTENT="eger"/><SP WIDTH="14" VPOS="720" HPOS="357"/>
							<String ID="string_201" HPOS="371" VPOS="714" WIDTH="30" HEIGHT="19" WC="0.96" CONTENT="sin"/><SP WIDTH="15" VPOS="714" HPOS="401"/>
							<String ID="string_202" HPOS="416" VPOS="714" WIDTH="35" HEIGHT="19" WC="0.93" CONTENT="sak"/><SP WIDTH="15" VPOS="714" HPOS="451"/>
							<String ID="string_203" HPOS="466" VPOS="719" WIDTH="68" HEIGHT="14" WC="0.96" CONTENT="ensam"/><SP WIDTH="13" VPOS="719" HPOS="534"/>
							<String ID="string_204" HPOS="547" VPOS="715" WIDTH="45" HEIGHT="19" WC="0.96" CONTENT="böta"/><SP WIDTH="15" VPOS="715" HPOS="592"/>
							<String ID="string_205" HPOS="607" VPOS="714" WIDTH="38" HEIGHT="19" WC="0.93" CONTENT="och"/><SP WIDTH="14" VPOS="714" HPOS="645"/>
							<String ID="string_206" HPOS="659" VPOS="713" WIDTH="17" HEIGHT="25" WC="0.92" CONTENT="ej"/><SP WIDTH="9" VPOS="713" HPOS="676"/>
							<String ID="string_207" HPOS="685" VPOS="719" WIDTH="72" HEIGHT="15" WC="0.92" CONTENT="annans"/><SP WIDTH="14" VPOS="719" HPOS="757"/>
							<String ID="string_208" HPOS="771" VPOS="715" WIDTH="35" HEIGHT="20" WC="0.95" CONTENT="lott"/>
						</TextLine>
						<TextLine ID="line_22" HPOS="68" VPOS="740" WIDTH="738" HEIGHT="27">
							<String ID="string_209" HPOS="68" VPOS="740" WIDTH="104" HEIGHT="19" WC="0.92" CONTENT="förverka»"/><SP WIDTH="15" VPOS="740" HPOS="172"/>
							<String ID="string_210" HPOS="187" VPOS="741" WIDTH="37" HEIGHT="18" WC="0.96" CONTENT="kan"/><SP WIDTH="15" VPOS="741" HPOS="224"/>
							<String ID="string_211" HPOS="239" VPOS="741" WIDTH="102" HEIGHT="25" WC="0.93" CONTENT="tillämpas."/><SP WIDTH="16" VPOS="741" HPOS="341"/>
							<String ID="string_212" HPOS="357" VPOS="740" WIDTH="70" HEIGHT="20" WC="0.92" CONTENT="Såvidt"/><SP WIDTH="12" VPOS="740" HPOS="427"/>
							<String ID="string_213" HPOS="439" VPOS="741" WIDTH="33" HEIGHT="26" WC="0.96" CONTENT="jag"/><SP WIDTH="14" VPOS="741" HPOS="472"/>
							<String ID="string_214" HPOS="486" VPOS="740" WIDTH="73" HEIGHT="20" WC="0.96" CONTENT="förmår"/><SP WIDTH="13" VPOS="740" HPOS="559"/>
							<String ID="string_215" HPOS="572" VPOS="741" WIDTH="49" HEIGHT="24" WC="0.96" CONTENT="inse,"/><SP WIDTH="16" VPOS="741" HPOS="621"/>
							<String ID="string_216" HPOS="637" VPOS="742" WIDTH="22" HEIGHT="19" WC="0.93" CONTENT="är"/><SP WIDTH="13" VPOS="742" HPOS="659"/>
							<String ID="string_217" HPOS="672" VPOS="741" WIDTH="116" HEIGHT="26" WC="0.92" CONTENT="stadgandet"/><SP WIDTH="12" VPOS="741" HPOS="788"/>
							<String ID="string_218" HPOS="800" VPOS="742" WIDTH="6" HEIGHT="19" WC="0.96" CONTENT="i"/>
						</TextLine>
						<TextLine ID="line_23" HPOS="68" VPOS="767" WIDTH="739" HEIGHT="27">
							<String ID="string_219" HPOS="68" VPOS="767" WIDTH="83" HEIGHT="20" WC="0.95" CONTENT="nämnda"/><SP WIDTH="14" VPOS="767" HPOS="151"/>
							<String ID="string_220" HPOS="165" VPOS="768" WIDTH="74" HEIGHT="25" WC="0.95" CONTENT="lagrum"/><SP WIDTH="15" VPOS="768" HPOS="239"/>
							<String ID="string_221" HPOS="254" VPOS="767" WIDTH="203" HEIGHT="27" WC="0.62" CONTENT="mera&#39;principenligt"/><SP WIDTH="14" VPOS="767" HPOS="457"/>
							<String ID="string_222" HPOS="471" VPOS="769" WIDTH="38" HEIGHT="19" WC="0.93" CONTENT="och"/><SP WIDTH="13" VPOS="769" HPOS="509"/>
							<String ID="string_223" HPOS="522" VPOS="767" WIDTH="129" HEIGHT="26" WC="0.92" CONTENT="konseqvent,"/><SP WIDTH="17" VPOS="767" HPOS="651"/>
							<String ID="string_224" HPOS="668" VPOS="769" WIDTH="23" HEIGHT="19" WC="0.97" CONTENT="än"/><SP WIDTH="14" VPOS="769" HPOS="691"/>
							<String ID="string_225" HPOS="705" VPOS="767" WIDTH="33" HEIGHT="21" WC="0.92" CONTENT="det"/><SP WIDTH="11" VPOS="767" HPOS="738"/>
							<String ID="string_226" HPOS="749" VPOS="768" WIDTH="58" HEIGHT="20" WC="0.92" CONTENT="istäl-"/>
						</TextLine>
						<TextLine ID="line_24" HPOS="67" VPOS="794" WIDTH="739" HEIGHT="27">
							<String ID="string_227" HPOS="67" VPOS="794" WIDTH="28" HEIGHT="19" WC="0.96" CONTENT="let"/><SP WIDTH="15" VPOS="794" HPOS="95"/>
							<String ID="string_228" HPOS="110" VPOS="794" WIDTH="30" HEIGHT="20" WC="0.96" CONTENT="för"/><SP WIDTH="13" VPOS="794" HPOS="140"/>
							<String ID="string_229" HPOS="153" VPOS="794" WIDTH="110" HEIGHT="20" WC="0.96" CONTENT="detsamma"/><SP WIDTH="19" VPOS="794" HPOS="263"/>
							<String ID="string_230" HPOS="282" VPOS="795" WIDTH="114" HEIGHT="25" WC="0.94" CONTENT="föreslagna,"/><SP WIDTH="24" VPOS="795" HPOS="396"/>
							<String ID="string_231" HPOS="420" VPOS="795" WIDTH="75" HEIGHT="20" WC="0.92" CONTENT="hvilket"/><SP WIDTH="20" VPOS="795" HPOS="495"/>
							<String ID="string_232" HPOS="515" VPOS="794" WIDTH="83" HEIGHT="20" WC="0.92" CONTENT="sednare"/><SP WIDTH="20" VPOS="794" HPOS="598"/>
							<String ID="string_233" HPOS="618" VPOS="795" WIDTH="29" HEIGHT="19" WC="0.96" CONTENT="för"/><SP WIDTH="21" VPOS="795" HPOS="647"/>
							<String ID="string_234" HPOS="668" VPOS="794" WIDTH="56" HEIGHT="26" WC="0.96" CONTENT="öfrigt"/><SP WIDTH="22" VPOS="794" HPOS="724"/>
							<String ID="string_235" HPOS="746" VPOS="801" WIDTH="60" HEIGHT="20" WC="0.96" CONTENT="synes"/>
						</TextLine>
						<TextLine ID="line_25" HPOS="68" VPOS="821" WIDTH="580" HEIGHT="26">
							<String ID="string_236" HPOS="68" VPOS="820" WIDTH="39" HEIGHT="26" WC="0.96" CONTENT="mig"/><SP WIDTH="14" VPOS="820" HPOS="107"/>
							<String ID="string_237" HPOS="121" VPOS="821" WIDTH="65" HEIGHT="19" WC="0.64" CONTENT="lemna:"/><SP WIDTH="14" VPOS="821" HPOS="186"/>
							<String ID="string_238" HPOS="200" VPOS="824" WIDTH="51" HEIGHT="17" WC="0.64" CONTENT="stort"/><SP WIDTH="14" VPOS="824" HPOS="251"/>
							<String ID="string_239" HPOS="265" VPOS="822" WIDTH="88" HEIGHT="25" WC="0.96" CONTENT="spelrum"/><SP WIDTH="14" VPOS="822" HPOS="353"/>
							<String ID="string_240" HPOS="367" VPOS="821" WIDTH="30" HEIGHT="19" WC="0.96" CONTENT="för"/><SP WIDTH="13" VPOS="821" HPOS="397"/>
							<String ID="string_241" HPOS="410" VPOS="821" WIDTH="104" HEIGHT="20" WC="0.96" CONTENT="domarens"/><SP WIDTH="15" VPOS="821" HPOS="514"/>
							<String ID="string_242" HPOS="529" VPOS="821" WIDTH="119" HEIGHT="26" WC="0.96" CONTENT="godtycke.»"/>
						</TextLine>
					</TextBlock>
				</ComposedBlock>
				<ComposedBlock ID="cblock_2" HPOS="48" VPOS="874" WIDTH="759" HEIGHT="584">
					<TextBlock ID="block_4" HPOS="120" VPOS="874" WIDTH="401" HEIGHT="27">
						<TextLine ID="line_26" HPOS="120" VPOS="874" WIDTH="401" HEIGHT="27">
							<String ID="string_243" HPOS="120" VPOS="874" WIDTH="25" HEIGHT="20" WC="0.92" CONTENT="Af"/><SP WIDTH="11" VPOS="874" HPOS="145"/>
							<String ID="string_244" HPOS="156" VPOS="874" WIDTH="249" HEIGHT="21" WC="0.90" CONTENT="Protokollssekreteraren"/><SP WIDTH="11" VPOS="874" HPOS="405"/>
							<String ID="string_245" HPOS="416" VPOS="874" WIDTH="105" HEIGHT="27" WC="0.96" CONTENT="Pipping:"/>
						</TextLine>
					</TextBlock>
					<TextBlock ID="block_5" HPOS="66" VPOS="901" WIDTH="741" HEIGHT="421">
						<TextLine ID="line_27" HPOS="120" VPOS="901" WIDTH="684" HEIGHT="33">
							<String ID="string_246" HPOS="120" VPOS="902" WIDTH="148" HEIGHT="19" WC="0.92" CONTENT="«Förevarande"/><SP WIDTH="14" VPOS="902" HPOS="268"/>
							<String ID="string_247" HPOS="282" VPOS="901" WIDTH="68" HEIGHT="26" WC="0.96" CONTENT="nådiga"/><SP WIDTH="15" VPOS="901" HPOS="350"/>
							<String ID="string_248" HPOS="365" VPOS="902" WIDTH="121" HEIGHT="24" WC="0.93" CONTENT="proposition"/><SP WIDTH="14" VPOS="902" HPOS="486"/>
							<String ID="string_249" HPOS="500" VPOS="902" WIDTH="58" HEIGHT="24" WC="0.93" CONTENT="afser,"/><SP WIDTH="16" VPOS="902" HPOS="558"/>
							<String ID="string_250" HPOS="574" VPOS="902" WIDTH="31" HEIGHT="19" WC="0.92" CONTENT="väl"/><SP WIDTH="8" VPOS="902" HPOS="605"/>
							<String ID="string_251" HPOS="613" VPOS="901" WIDTH="124" HEIGHT="26" WC="0.92" CONTENT="motiveradt,"/><SP WIDTH="10" VPOS="901" HPOS="737"/>
							<String ID="string_252" HPOS="747" VPOS="901" WIDTH="57" HEIGHT="33" WC="0.96" CONTENT="bland"/>
						</TextLine>
						<TextLine ID="line_28" HPOS="66" VPOS="927" WIDTH="738" HEIGHT="27">
							<String ID="string_253" HPOS="66" VPOS="929" WIDTH="57" HEIGHT="18" WC="0.96" CONTENT="annat"/><SP WIDTH="14" VPOS="929" HPOS="123"/>
							<String ID="string_254" HPOS="137" VPOS="933" WIDTH="38" HEIGHT="20" WC="0.93" CONTENT="nya"/><SP WIDTH="14" VPOS="933" HPOS="175"/>
							<String ID="string_255" HPOS="189" VPOS="934" WIDTH="135" HEIGHT="20" WC="0.93" CONTENT="noggrannare"/><SP WIDTH="12" VPOS="934" HPOS="324"/>
							<String ID="string_256" HPOS="336" VPOS="929" WIDTH="152" HEIGHT="19" WC="0.96" CONTENT="bestämmelser"/><SP WIDTH="14" VPOS="929" HPOS="488"/>
							<String ID="string_257" HPOS="502" VPOS="929" WIDTH="25" HEIGHT="19" WC="0.93" CONTENT="till"/><SP WIDTH="19" VPOS="929" HPOS="527"/>
							<String ID="string_258" HPOS="546" VPOS="927" WIDTH="111" HEIGHT="31" WC="0.87" CONTENT="afvärjande"/><SP WIDTH="21" VPOS="927" HPOS="657"/>
							<String ID="string_259" HPOS="678" VPOS="929" WIDTH="21" HEIGHT="18" WC="0.93" CONTENT="af"/><SP WIDTH="18" VPOS="929" HPOS="699"/>
							<String ID="string_260" HPOS="717" VPOS="928" WIDTH="87" HEIGHT="20" WC="0.88" CONTENT="skadaä"/>
						</TextLine>
						<TextLine ID="line_29" HPOS="67" VPOS="954" WIDTH="738" HEIGHT="27">
							<String ID="string_261" HPOS="67" VPOS="954" WIDTH="115" HEIGHT="25" WC="0.91" CONTENT="omyndiges"/><SP WIDTH="15" VPOS="954" HPOS="182"/>
							<String ID="string_262" HPOS="197" VPOS="950" WIDTH="101" HEIGHT="30" WC="0.95" CONTENT="egendom."/><SP WIDTH="17" VPOS="950" HPOS="298"/>
							<String ID="string_263" HPOS="315" VPOS="955" WIDTH="36" HEIGHT="19" WC="0.93" CONTENT="För"/><SP WIDTH="13" VPOS="955" HPOS="351"/>
							<String ID="string_264" HPOS="364" VPOS="954" WIDTH="84" HEIGHT="20" WC="0.96" CONTENT="berörde"/><SP WIDTH="14" VPOS="954" HPOS="448"/>
							<String ID="string_265" HPOS="462" VPOS="954" WIDTH="88" HEIGHT="21" WC="0.96" CONTENT="ändamål"/><SP WIDTH="15" VPOS="954" HPOS="550"/>
							<String ID="string_266" HPOS="565" VPOS="955" WIDTH="34" HEIGHT="18" WC="0.93" CONTENT="äro"/><SP WIDTH="17" VPOS="955" HPOS="599"/>
							<String ID="string_267" HPOS="616" VPOS="955" WIDTH="41" HEIGHT="19" WC="0.92" CONTENT="deri"/><SP WIDTH="20" VPOS="955" HPOS="657"/>
							<String ID="string_268" HPOS="677" VPOS="955" WIDTH="55" HEIGHT="20" WC="0.93" CONTENT="vissa"/><SP WIDTH="20" VPOS="955" HPOS="732"/>
							<String ID="string_269" HPOS="752" VPOS="955" WIDTH="53" HEIGHT="26" WC="0.90" CONTENT="skyl-"/>
						</TextLine>
						<TextLine ID="line_30" HPOS="66" VPOS="980" WIDTH="739" HEIGHT="27">
							<String ID="string_270" HPOS="66" VPOS="980" WIDTH="89" HEIGHT="26" WC="0.93" CONTENT="digheter"/><SP WIDTH="14" VPOS="980" HPOS="155"/>
							<String ID="string_271" HPOS="169" VPOS="980" WIDTH="90" HEIGHT="21" WC="0.40" CONTENT="ähvälfdä"/><SP WIDTH="14" VPOS="980" HPOS="259"/>
							<String ID="string_272" HPOS="273" VPOS="981" WIDTH="25" HEIGHT="20" WC="0.93" CONTENT="de"/><SP WIDTH="22" VPOS="981" HPOS="298"/>
							<String ID="string_273" HPOS="320" VPOS="981" WIDTH="215" HEIGHT="26" WC="0.89" CONTENT="kommunalstyrelser,"/><SP WIDTH="22" VPOS="981" HPOS="535"/>
							<String ID="string_274" HPOS="557" VPOS="981" WIDTH="77" HEIGHT="20" WC="0.95" CONTENT="hvilkas"/><SP WIDTH="20" VPOS="981" HPOS="634"/>
							<String ID="string_275" HPOS="654" VPOS="981" WIDTH="151" HEIGHT="26" WC="0.95" CONTENT="organiserande"/>
						</TextLine>
						<TextLine ID="line_31" HPOS="66" VPOS="991" WIDTH="738" HEIGHT="46">
							<String ID="string_276" HPOS="66" VPOS="991" WIDTH="75" HEIGHT="46" WC="0.96" CONTENT="ansetts"/><SP WIDTH="16" VPOS="991" HPOS="141"/>
							<String ID="string_277" HPOS="157" VPOS="1013" WIDTH="47" HEIGHT="14" WC="0.96" CONTENT="vara"/><SP WIDTH="14" VPOS="1013" HPOS="204"/>
							<String ID="string_278" HPOS="218" VPOS="1011" WIDTH="28" HEIGHT="16" WC="0.96" CONTENT="att"/><SP WIDTH="15" VPOS="1011" HPOS="246"/>
							<String ID="string_279" HPOS="261" VPOS="1009" WIDTH="4" HEIGHT="18" WC="0.96" CONTENT="i"/><SP WIDTH="15" VPOS="1009" HPOS="265"/>
							<String ID="string_280" HPOS="280" VPOS="1014" WIDTH="24" HEIGHT="13" WC="0.96" CONTENT="en"/><SP WIDTH="14" VPOS="1014" HPOS="304"/>
							<String ID="string_281" HPOS="318" VPOS="1014" WIDTH="45" HEIGHT="14" WC="0.96" CONTENT="snar"/><SP WIDTH="14" VPOS="1014" HPOS="363"/>
							<String ID="string_282" HPOS="377" VPOS="1008" WIDTH="78" HEIGHT="19" WC="0.92" CONTENT="framtid"/><SP WIDTH="15" VPOS="1008" HPOS="455"/>
							<String ID="string_283" HPOS="470" VPOS="1011" WIDTH="83" HEIGHT="20" WC="0.91" CONTENT="emotse;"/><SP WIDTH="15" VPOS="1011" HPOS="553"/>
							<String ID="string_284" HPOS="568" VPOS="1013" WIDTH="46" HEIGHT="14" WC="0.95" CONTENT="men"/><SP WIDTH="20" VPOS="1013" HPOS="614"/>
							<String ID="string_285" HPOS="634" VPOS="1009" WIDTH="35" HEIGHT="18" WC="0.85" CONTENT="har"/><SP WIDTH="19" VPOS="1009" HPOS="669"/>
							<String ID="string_286" HPOS="688" VPOS="1007" WIDTH="116" HEIGHT="26" WC="0.90" CONTENT="Lagutskot-"/>
						</TextLine>
						<TextLine ID="line_32" HPOS="66" VPOS="1033" WIDTH="739" HEIGHT="27">
							<String ID="string_287" HPOS="66" VPOS="1036" WIDTH="34" HEIGHT="23" WC="0.95" CONTENT="tet,"/><SP WIDTH="17" VPOS="1036" HPOS="100"/>
							<String ID="string_288" HPOS="117" VPOS="1033" WIDTH="24" HEIGHT="26" WC="0.96" CONTENT="på"/><SP WIDTH="16" VPOS="1033" HPOS="141"/>
							<String ID="string_289" HPOS="157" VPOS="1034" WIDTH="48" HEIGHT="25" WC="0.96" CONTENT="skäl,"/><SP WIDTH="17" VPOS="1034" HPOS="205"/>
							<String ID="string_290" HPOS="222" VPOS="1041" WIDTH="44" HEIGHT="12" WC="0.96" CONTENT="som"/><SP WIDTH="14" VPOS="1041" HPOS="266"/>
							<String ID="string_291" HPOS="280" VPOS="1035" WIDTH="20" HEIGHT="18" WC="0.96" CONTENT="af"/><SP WIDTH="12" VPOS="1035" HPOS="300"/>
							<String ID="string_292" HPOS="312" VPOS="1035" WIDTH="39" HEIGHT="25" WC="0.96" CONTENT="mig"/><SP WIDTH="14" VPOS="1035" HPOS="351"/>
							<String ID="string_293" HPOS="365" VPOS="1035" WIDTH="58" HEIGHT="18" WC="0.96" CONTENT="äfven"/><SP WIDTH="14" VPOS="1035" HPOS="423"/>
							<String ID="string_294" HPOS="437" VPOS="1035" WIDTH="69" HEIGHT="28" WC="0.96" CONTENT="delats,"/><SP WIDTH="16" VPOS="1035" HPOS="506"/>
							<String ID="string_295" HPOS="522" VPOS="1023" WIDTH="53" HEIGHT="30" WC="0.74" CONTENT="hållit"/><SP WIDTH="14" VPOS="1023" HPOS="575"/>
							<String ID="string_296" HPOS="589" VPOS="1035" WIDTH="42" HEIGHT="18" WC="0.96" CONTENT="före"/><SP WIDTH="14" VPOS="1035" HPOS="631"/>
							<String ID="string_297" HPOS="645" VPOS="1037" WIDTH="27" HEIGHT="16" WC="0.96" CONTENT="att"/><SP WIDTH="20" VPOS="1037" HPOS="672"/>
							<String ID="string_298" HPOS="692" VPOS="1034" WIDTH="60" HEIGHT="25" WC="0.91" CONTENT="någre"/><SP WIDTH="21" VPOS="1034" HPOS="752"/>
							<String ID="string_299" HPOS="773" VPOS="1040" WIDTH="32" HEIGHT="14" WC="0.91" CONTENT="an-"/>
						</TextLine>
						<TextLine ID="line_33" HPOS="67" VPOS="1050" WIDTH="739" HEIGHT="36">
							<String ID="string_300" HPOS="67" VPOS="1050" WIDTH="67" HEIGHT="35" WC="0.96" CONTENT="språk,"/><SP WIDTH="17" VPOS="1050" HPOS="134"/>
							<String ID="string_301" HPOS="151" VPOS="1051" WIDTH="118" HEIGHT="29" WC="0.96" CONTENT="åtminstone"/><SP WIDTH="15" VPOS="1051" HPOS="269"/>
							<String ID="string_302" HPOS="284" VPOS="1061" WIDTH="29" HEIGHT="20" WC="0.96" CONTENT="för"/><SP WIDTH="13" VPOS="1061" HPOS="313"/>
							<String ID="string_303" HPOS="326" VPOS="1050" WIDTH="129" HEIGHT="35" WC="0.93" CONTENT="närvarande,"/><SP WIDTH="17" VPOS="1050" HPOS="455"/>
							<String ID="string_304" HPOS="472" VPOS="1060" WIDTH="18" HEIGHT="26" WC="0.96" CONTENT="ej"/><SP WIDTH="13" VPOS="1060" HPOS="490"/>
							<String ID="string_305" HPOS="503" VPOS="1051" WIDTH="62" HEIGHT="29" WC="0.93" CONTENT="borde"/><SP WIDTH="14" VPOS="1051" HPOS="565"/>
							<String ID="string_306" HPOS="579" VPOS="1059" WIDTH="10" HEIGHT="20" WC="0.91" CONTENT="å"/><SP WIDTH="15" VPOS="1059" HPOS="589"/>
							<String ID="string_307" HPOS="604" VPOS="1060" WIDTH="89" HEIGHT="20" WC="0.91" CONTENT="bemälde"/><SP WIDTH="14" VPOS="1060" HPOS="693"/>
							<String ID="string_308" HPOS="707" VPOS="1049" WIDTH="99" HEIGHT="32" WC="0.91" CONTENT="eventuel-"/>
						</TextLine>
						<TextLine ID="line_34" HPOS="66" VPOS="1085" WIDTH="740" HEIGHT="28">
							<String ID="string_309" HPOS="66" VPOS="1087" WIDTH="17" HEIGHT="19" WC="0.92" CONTENT="la"/><SP WIDTH="15" VPOS="1087" HPOS="83"/>
							<String ID="string_310" HPOS="98" VPOS="1087" WIDTH="212" HEIGHT="26" WC="0.91" CONTENT="kommunalstyrelser"/><SP WIDTH="14" VPOS="1087" HPOS="310"/>
							<String ID="string_311" HPOS="324" VPOS="1087" WIDTH="74" HEIGHT="20" WC="0.95" CONTENT="ställas."/><SP WIDTH="16" VPOS="1087" HPOS="398"/>
							<String ID="string_312" HPOS="414" VPOS="1077" WIDTH="41" HEIGHT="30" WC="0.96" CONTENT="Vid"/><SP WIDTH="10" VPOS="1077" HPOS="455"/>
							<String ID="string_313" HPOS="465" VPOS="1087" WIDTH="52" HEIGHT="20" WC="0.96" CONTENT="detta"/><SP WIDTH="15" VPOS="1087" HPOS="517"/>
							<String ID="string_314" HPOS="532" VPOS="1085" WIDTH="118" HEIGHT="21" WC="0.96" CONTENT="förhållande"/><SP WIDTH="14" VPOS="1085" HPOS="650"/>
							<String ID="string_315" HPOS="664" VPOS="1087" WIDTH="56" HEIGHT="20" WC="0.96" CONTENT="torde"/><SP WIDTH="8" VPOS="1087" HPOS="720"/>
							<String ID="string_316" HPOS="728" VPOS="1087" WIDTH="30" HEIGHT="19" WC="0.93" CONTENT="för"/><SP WIDTH="6" VPOS="1087" HPOS="758"/>
							<String ID="string_317" HPOS="764" VPOS="1088" WIDTH="42" HEIGHT="18" WC="0.93" CONTENT="vin-"/>
						</TextLine>
						<TextLine ID="line_35" HPOS="66" VPOS="1113" WIDTH="739" HEIGHT="26">
							<String ID="string_318" HPOS="66" VPOS="1113" WIDTH="63" HEIGHT="20" WC="0.96" CONTENT="nande"/><SP WIDTH="14" VPOS="1113" HPOS="129"/>
							<String ID="string_319" HPOS="143" VPOS="1114" WIDTH="20" HEIGHT="18" WC="0.96" CONTENT="af"/><SP WIDTH="12" VPOS="1114" HPOS="163"/>
							<String ID="string_320" HPOS="175" VPOS="1114" WIDTH="57" HEIGHT="25" WC="0.96" CONTENT="nödig"/><SP WIDTH="14" VPOS="1114" HPOS="232"/>
							<String ID="string_321" HPOS="246" VPOS="1114" WIDTH="82" HEIGHT="19" WC="0.96" CONTENT="kontroll"/><SP WIDTH="15" VPOS="1114" HPOS="328"/>
							<String ID="string_322" HPOS="343" VPOS="1114" WIDTH="56" HEIGHT="19" WC="0.96" CONTENT="öfver"/><SP WIDTH="14" VPOS="1114" HPOS="399"/>
							<String ID="string_323" HPOS="413" VPOS="1114" WIDTH="138" HEIGHT="25" WC="0.95" CONTENT="förvaltningen"/><SP WIDTH="24" VPOS="1114" HPOS="551"/>
							<String ID="string_324" HPOS="575" VPOS="1114" WIDTH="20" HEIGHT="18" WC="0.93" CONTENT="af"/><SP WIDTH="19" VPOS="1114" HPOS="595"/>
							<String ID="string_325" HPOS="614" VPOS="1113" WIDTH="114" HEIGHT="26" WC="0.91" CONTENT="omyndiges"/><SP WIDTH="21" VPOS="1113" HPOS="728"/>
							<String ID="string_326" HPOS="749" VPOS="1119" WIDTH="56" HEIGHT="19" WC="0.91" CONTENT="egen-"/>
						</TextLine>
						<TextLine ID="line_36" HPOS="67" VPOS="1139" WIDTH="739" HEIGHT="26">
							<String ID="string_327" HPOS="67" VPOS="1139" WIDTH="47" HEIGHT="20" WC="0.96" CONTENT="dom"/><SP WIDTH="13" VPOS="1139" HPOS="114"/>
							<String ID="string_328" HPOS="127" VPOS="1141" WIDTH="88" HEIGHT="18" WC="0.96" CONTENT="närmast"/><SP WIDTH="14" VPOS="1141" HPOS="215"/>
							<String ID="string_329" HPOS="229" VPOS="1139" WIDTH="81" HEIGHT="26" WC="0.96" CONTENT="erbjuda"/><SP WIDTH="14" VPOS="1139" HPOS="310"/>
							<String ID="string_330" HPOS="324" VPOS="1140" WIDTH="29" HEIGHT="25" WC="0.96" CONTENT="sig"/><SP WIDTH="13" VPOS="1140" HPOS="353"/>
							<String ID="string_331" HPOS="366" VPOS="1140" WIDTH="133" HEIGHT="20" WC="0.96" CONTENT="institutionen"/><SP WIDTH="21" VPOS="1140" HPOS="499"/>
							<String ID="string_332" HPOS="520" VPOS="1140" WIDTH="20" HEIGHT="19" WC="0.96" CONTENT="af"/><SP WIDTH="19" VPOS="1140" HPOS="540"/>
							<String ID="string_333" HPOS="559" VPOS="1140" WIDTH="50" HEIGHT="25" WC="0.96" CONTENT="gode"/><SP WIDTH="20" VPOS="1140" HPOS="609"/>
							<String ID="string_334" HPOS="629" VPOS="1141" WIDTH="51" HEIGHT="23" WC="0.95" CONTENT="män,"/><SP WIDTH="23" VPOS="1141" HPOS="680"/>
							<String ID="string_335" HPOS="703" VPOS="1141" WIDTH="103" HEIGHT="18" WC="0.96" CONTENT="hvaremot"/>
						</TextLine>
						<TextLine ID="line_37" HPOS="69" VPOS="1166" WIDTH="736" HEIGHT="26">
							<String ID="string_336" HPOS="69" VPOS="1171" WIDTH="62" HEIGHT="14" WC="0.96" CONTENT="annan"/><SP WIDTH="15" VPOS="1171" HPOS="131"/>
							<String ID="string_337" HPOS="146" VPOS="1166" WIDTH="126" HEIGHT="25" WC="0.96" CONTENT="anmärkning"/><SP WIDTH="14" VPOS="1166" HPOS="272"/>
							<String ID="string_338" HPOS="286" VPOS="1166" WIDTH="17" HEIGHT="26" WC="0.93" CONTENT="ej"/><SP WIDTH="15" VPOS="1166" HPOS="303"/>
							<String ID="string_339" HPOS="318" VPOS="1167" WIDTH="96" HEIGHT="24" WC="0.92" CONTENT="försports"/><SP WIDTH="14" VPOS="1167" HPOS="414"/>
							<String ID="string_340" HPOS="428" VPOS="1167" WIDTH="23" HEIGHT="18" WC="0.96" CONTENT="än"/><SP WIDTH="15" VPOS="1167" HPOS="451"/>
							<String ID="string_341" HPOS="466" VPOS="1169" WIDTH="28" HEIGHT="16" WC="0.93" CONTENT="att"/><SP WIDTH="13" VPOS="1169" HPOS="494"/>
							<String ID="string_342" HPOS="507" VPOS="1166" WIDTH="41" HEIGHT="20" WC="0.91" CONTENT="deri"/><SP WIDTH="15" VPOS="1166" HPOS="548"/>
							<String ID="string_343" HPOS="563" VPOS="1167" WIDTH="71" HEIGHT="18" WC="0.96" CONTENT="saknas"/><SP WIDTH="9" VPOS="1167" HPOS="634"/>
							<String ID="string_344" HPOS="643" VPOS="1166" WIDTH="62" HEIGHT="25" WC="0.96" CONTENT="grund"/><SP WIDTH="14" VPOS="1166" HPOS="705"/>
							<String ID="string_345" HPOS="719" VPOS="1166" WIDTH="6" HEIGHT="19" WC="0.96" CONTENT="i"/><SP WIDTH="11" VPOS="1166" HPOS="725"/>
							<String ID="string_346" HPOS="736" VPOS="1166" WIDTH="69" HEIGHT="19" WC="0.96" CONTENT="Finska"/>
						</TextLine>
						<TextLine ID="line_38" HPOS="67" VPOS="1192" WIDTH="739" HEIGHT="21">
							<String ID="string_347" HPOS="67" VPOS="1193" WIDTH="70" HEIGHT="19" WC="0.94" CONTENT="folkets"/><SP WIDTH="15" VPOS="1193" HPOS="137"/>
							<String ID="string_348" HPOS="152" VPOS="1193" WIDTH="58" HEIGHT="19" WC="0.94" CONTENT="seder"/><SP WIDTH="14" VPOS="1193" HPOS="210"/>
							<String ID="string_349" HPOS="224" VPOS="1194" WIDTH="38" HEIGHT="18" WC="0.96" CONTENT="och"/><SP WIDTH="15" VPOS="1194" HPOS="262"/>
							<String ID="string_350" HPOS="277" VPOS="1193" WIDTH="96" HEIGHT="20" WC="0.96" CONTENT="tänkesätt"/><SP WIDTH="15" VPOS="1193" HPOS="373"/>
							<String ID="string_351" HPOS="388" VPOS="1195" WIDTH="51" HEIGHT="17" WC="0.96" CONTENT="samt"/><SP WIDTH="21" VPOS="1195" HPOS="439"/>
							<String ID="string_352" HPOS="460" VPOS="1195" WIDTH="27" HEIGHT="17" WC="0.95" CONTENT="att"/><SP WIDTH="20" VPOS="1195" HPOS="487"/>
							<String ID="string_353" HPOS="507" VPOS="1192" WIDTH="131" HEIGHT="20" WC="0.96" CONTENT="institutionen"/><SP WIDTH="21" VPOS="1192" HPOS="638"/>
							<String ID="string_354" HPOS="659" VPOS="1192" WIDTH="78" HEIGHT="20" WC="0.96" CONTENT="således"/><SP WIDTH="20" VPOS="1192" HPOS="737"/>
							<String ID="string_355" HPOS="757" VPOS="1197" WIDTH="49" HEIGHT="15" WC="0.94" CONTENT="vore"/>
						</TextLine>
						<TextLine ID="line_39" HPOS="67" VPOS="1218" WIDTH="739" HEIGHT="27">
							<String ID="string_356" HPOS="67" VPOS="1218" WIDTH="48" HEIGHT="20" WC="0.95" CONTENT="svår"/><SP WIDTH="14" VPOS="1218" HPOS="115"/>
							<String ID="string_357" HPOS="129" VPOS="1221" WIDTH="28" HEIGHT="16" WC="0.95" CONTENT="att"/><SP WIDTH="14" VPOS="1221" HPOS="157"/>
							<String ID="string_358" HPOS="171" VPOS="1220" WIDTH="119" HEIGHT="24" WC="0.96" CONTENT="genomföra."/><SP WIDTH="16" VPOS="1220" HPOS="290"/>
							<String ID="string_359" HPOS="306" VPOS="1219" WIDTH="29" HEIGHT="20" WC="0.95" CONTENT="Då"/><SP WIDTH="13" VPOS="1219" HPOS="335"/>
							<String ID="string_360" HPOS="348" VPOS="1219" WIDTH="33" HEIGHT="26" WC="0.96" CONTENT="jag"/><SP WIDTH="14" VPOS="1219" HPOS="381"/>
							<String ID="string_361" HPOS="395" VPOS="1219" WIDTH="21" HEIGHT="19" WC="0.96" CONTENT="af"/><SP WIDTH="12" VPOS="1219" HPOS="416"/>
							<String ID="string_362" HPOS="428" VPOS="1219" WIDTH="37" HEIGHT="19" WC="0.96" CONTENT="den"/><SP WIDTH="15" VPOS="1219" HPOS="465"/>
							<String ID="string_363" HPOS="480" VPOS="1220" WIDTH="51" HEIGHT="19" WC="0.96" CONTENT="inom"/><SP WIDTH="14" VPOS="1220" HPOS="531"/>
							<String ID="string_364" HPOS="545" VPOS="1219" WIDTH="101" HEIGHT="19" WC="0.93" CONTENT="Utskottet"/><SP WIDTH="14" VPOS="1219" HPOS="646"/>
							<String ID="string_365" HPOS="660" VPOS="1219" WIDTH="98" HEIGHT="19" WC="0.91" CONTENT="förefallna"/><SP WIDTH="8" VPOS="1219" HPOS="758"/>
							<String ID="string_366" HPOS="766" VPOS="1219" WIDTH="40" HEIGHT="20" WC="0.91" CONTENT="dis-"/>
						</TextLine>
						<TextLine ID="line_40" HPOS="67" VPOS="1245" WIDTH="739" HEIGHT="26">
							<String ID="string_367" HPOS="67" VPOS="1245" WIDTH="80" HEIGHT="19" WC="0.92" CONTENT="kussion"/><SP WIDTH="16" VPOS="1245" HPOS="147"/>
							<String ID="string_368" HPOS="163" VPOS="1245" WIDTH="17" HEIGHT="25" WC="0.96" CONTENT="ej"/><SP WIDTH="15" VPOS="1245" HPOS="180"/>
							<String ID="string_369" HPOS="195" VPOS="1246" WIDTH="62" HEIGHT="19" WC="0.93" CONTENT="blifvit"/><SP WIDTH="13" VPOS="1246" HPOS="257"/>
							<String ID="string_370" HPOS="270" VPOS="1246" WIDTH="116" HEIGHT="25" WC="0.91" CONTENT="öfvertygad"/><SP WIDTH="14" VPOS="1246" HPOS="386"/>
							<String ID="string_371" HPOS="400" VPOS="1251" WIDTH="33" HEIGHT="14" WC="0.93" CONTENT="om"/><SP WIDTH="21" VPOS="1251" HPOS="433"/>
							<String ID="string_372" HPOS="454" VPOS="1246" WIDTH="111" HEIGHT="25" WC="0.92" CONTENT="giltigheten"/><SP WIDTH="21" VPOS="1246" HPOS="565"/>
							<String ID="string_373" HPOS="586" VPOS="1246" WIDTH="20" HEIGHT="18" WC="0.93" CONTENT="af"/><SP WIDTH="19" VPOS="1246" HPOS="606"/>
							<String ID="string_374" HPOS="625" VPOS="1245" WIDTH="128" HEIGHT="20" WC="0.87" CONTENT="nästberörde"/><SP WIDTH="21" VPOS="1245" HPOS="753"/>
							<String ID="string_375" HPOS="774" VPOS="1251" WIDTH="32" HEIGHT="14" WC="0.75" CONTENT=".an-"/>
						</TextLine>
						<TextLine ID="line_41" HPOS="68" VPOS="1271" WIDTH="739" HEIGHT="26">
							<String ID="string_376" HPOS="68" VPOS="1271" WIDTH="107" HEIGHT="26" WC="0.95" CONTENT="märkning,"/><SP WIDTH="17" VPOS="1271" HPOS="175"/>
							<String ID="string_377" HPOS="192" VPOS="1272" WIDTH="85" HEIGHT="25" WC="0.96" CONTENT="hvilken,"/><SP WIDTH="17" VPOS="1272" HPOS="277"/>
							<String ID="string_378" HPOS="294" VPOS="1277" WIDTH="32" HEIGHT="14" WC="0.95" CONTENT="om"/><SP WIDTH="14" VPOS="1277" HPOS="326"/>
							<String ID="string_379" HPOS="340" VPOS="1272" WIDTH="37" HEIGHT="19" WC="0.95" CONTENT="den"/><SP WIDTH="15" VPOS="1272" HPOS="377"/>
							<String ID="string_380" HPOS="392" VPOS="1272" WIDTH="38" HEIGHT="19" WC="0.96" CONTENT="kan"/><SP WIDTH="14" VPOS="1272" HPOS="430"/>
							<String ID="string_381" HPOS="444" VPOS="1260" WIDTH="123" HEIGHT="32" WC="0.89" CONTENT="tillerkännas"/><SP WIDTH="11" VPOS="1260" HPOS="567"/>
							<String ID="string_382" HPOS="578" VPOS="1271" WIDTH="60" HEIGHT="20" WC="0.96" CONTENT="sådan"/><SP WIDTH="11" VPOS="1271" HPOS="638"/>
							<String ID="string_383" HPOS="649" VPOS="1271" WIDTH="109" HEIGHT="26" WC="0.92" CONTENT="betydelse,"/><SP WIDTH="14" VPOS="1271" HPOS="758"/>
							<String ID="string_384" HPOS="772" VPOS="1272" WIDTH="35" HEIGHT="19" WC="0.91" CONTENT="Ut-"/>
						</TextLine>
						<TextLine ID="line_42" HPOS="66" VPOS="1297" WIDTH="739" HEIGHT="26">
							<String ID="string_385" HPOS="66" VPOS="1297" WIDTH="75" HEIGHT="20" WC="0.91" CONTENT="skottet"/><SP WIDTH="13" VPOS="1297" HPOS="141"/>
							<String ID="string_386" HPOS="154" VPOS="1297" WIDTH="69" HEIGHT="20" WC="0.91" CONTENT="dervid"/><SP WIDTH="15" VPOS="1297" HPOS="223"/>
							<String ID="string_387" HPOS="238" VPOS="1289" WIDTH="52" HEIGHT="29" WC="0.95" CONTENT="velat"/><SP WIDTH="14" VPOS="1289" HPOS="290"/>
							<String ID="string_388" HPOS="304" VPOS="1299" WIDTH="56" HEIGHT="24" WC="0.95" CONTENT="fästa,"/><SP WIDTH="16" VPOS="1299" HPOS="360"/>
							<String ID="string_389" HPOS="376" VPOS="1298" WIDTH="44" HEIGHT="20" WC="0.96" CONTENT="lade"/><SP WIDTH="14" VPOS="1298" HPOS="420"/>
							<String ID="string_390" HPOS="434" VPOS="1298" WIDTH="68" HEIGHT="20" WC="0.96" CONTENT="hinder"/><SP WIDTH="13" VPOS="1298" HPOS="502"/>
							<String ID="string_391" HPOS="515" VPOS="1299" WIDTH="6" HEIGHT="18" WC="0.96" CONTENT="i"/><SP WIDTH="14" VPOS="1299" HPOS="521"/>
							<String ID="string_392" HPOS="535" VPOS="1299" WIDTH="63" HEIGHT="24" WC="0.93" CONTENT="vägen"/><SP WIDTH="12" VPOS="1299" HPOS="598"/>
							<String ID="string_393" HPOS="610" VPOS="1297" WIDTH="74" HEIGHT="30" WC="0.93" CONTENT="jemväl"/><SP WIDTH="13" VPOS="1297" HPOS="684"/>
							<String ID="string_394" HPOS="697" VPOS="1298" WIDTH="30" HEIGHT="19" WC="0.96" CONTENT="för"/><SP WIDTH="16" VPOS="1298" HPOS="727"/>
							<String ID="string_395" HPOS="743" VPOS="1303" WIDTH="62" HEIGHT="14" WC="0.96" CONTENT="annan"/>
						</TextLine>
					</TextBlock>
					<TextBlock ID="block_6" HPOS="48" VPOS="1313" WIDTH="758" HEIGHT="141">
						<TextLine ID="line_43" HPOS="48" VPOS="1313" WIDTH="757" HEIGHT="41">
							<String ID="string_396" HPOS="48" VPOS="1333" WIDTH="2" HEIGHT="2" WC="0.46" CONTENT="+"/><SP WIDTH="17" VPOS="1333" HPOS="50"/>
							<String ID="string_397" HPOS="67" VPOS="1324" WIDTH="90" HEIGHT="25" WC="0.96" CONTENT="tidsenlig"/><SP WIDTH="13" VPOS="1324" HPOS="157"/>
							<String ID="string_398" HPOS="170" VPOS="1325" WIDTH="74" HEIGHT="19" WC="0.96" CONTENT="reform"/><SP WIDTH="15" VPOS="1325" HPOS="244"/>
							<String ID="string_399" HPOS="259" VPOS="1326" WIDTH="4" HEIGHT="18" WC="0.96" CONTENT="i"/><SP WIDTH="15" VPOS="1326" HPOS="263"/>
							<String ID="string_400" HPOS="278" VPOS="1325" WIDTH="34" HEIGHT="20" WC="0.95" CONTENT="det"/><SP WIDTH="13" VPOS="1325" HPOS="312"/>
							<String ID="string_401" HPOS="325" VPOS="1315" WIDTH="91" HEIGHT="39" WC="0.94" CONTENT="åsyftade"/><SP WIDTH="14" VPOS="1315" HPOS="416"/>
							<String ID="string_402" HPOS="430" VPOS="1321" WIDTH="114" HEIGHT="33" WC="0.89" CONTENT="ändamålet,"/><SP WIDTH="16" VPOS="1321" HPOS="544"/>
							<String ID="string_403" HPOS="560" VPOS="1313" WIDTH="41" HEIGHT="31" WC="0.82" CONTENT="tror"/><SP WIDTH="13" VPOS="1313" HPOS="601"/>
							<String ID="string_404" HPOS="614" VPOS="1330" WIDTH="41" HEIGHT="19" WC="0.96" CONTENT="jag"/><SP WIDTH="1" VPOS="1330" HPOS="655"/>
							<String ID="string_405" HPOS="656" VPOS="1323" WIDTH="42" HEIGHT="27" WC="0.91" CONTENT="mig"/><SP WIDTH="14" VPOS="1323" HPOS="698"/>
							<String ID="string_406" HPOS="712" VPOS="1325" WIDTH="54" HEIGHT="24" WC="0.95" CONTENT="böra,"/><SP WIDTH="10" VPOS="1325" HPOS="766"/>
							<String ID="string_407" HPOS="776" VPOS="1325" WIDTH="29" HEIGHT="18" WC="0.96" CONTENT="för"/>
						</TextLine>
						<TextLine ID="line_44" HPOS="67" VPOS="1336" WIDTH="738" HEIGHT="46">
							<String ID="string_408" HPOS="67" VPOS="1351" WIDTH="147" HEIGHT="24" WC="0.91" CONTENT="öfvertagandet"/><SP WIDTH="14" VPOS="1351" HPOS="214"/>
							<String ID="string_409" HPOS="228" VPOS="1351" WIDTH="20" HEIGHT="19" WC="0.95" CONTENT="af"/><SP WIDTH="12" VPOS="1351" HPOS="248"/>
							<String ID="string_410" HPOS="260" VPOS="1352" WIDTH="24" HEIGHT="19" WC="0.96" CONTENT="de"/><SP WIDTH="14" VPOS="1352" HPOS="284"/>
							<String ID="string_411" HPOS="298" VPOS="1352" WIDTH="5" HEIGHT="19" WC="0.96" CONTENT="i"/><SP WIDTH="17" VPOS="1352" HPOS="303"/>
							<String ID="string_412" HPOS="320" VPOS="1351" WIDTH="146" HEIGHT="31" WC="0.96" CONTENT="propositionen"/><SP WIDTH="17" VPOS="1351" HPOS="466"/>
							<String ID="string_413" HPOS="483" VPOS="1336" WIDTH="233" HEIGHT="44" WC="0.90" CONTENT="kommunalstyrelserna"/><SP WIDTH="22" VPOS="1336" HPOS="716"/>
							<String ID="string_414" HPOS="738" VPOS="1340" WIDTH="67" HEIGHT="36" WC="0.67" CONTENT="älagde"/>
						</TextLine>
						<TextLine ID="line_45" HPOS="67" VPOS="1376" WIDTH="739" HEIGHT="26">
							<String ID="string_415" HPOS="67" VPOS="1376" WIDTH="117" HEIGHT="25" WC="0.95" CONTENT="funktioner,"/><SP WIDTH="16" VPOS="1376" HPOS="184"/>
							<String ID="string_416" HPOS="200" VPOS="1377" WIDTH="78" HEIGHT="21" WC="0.96" CONTENT="förorda"/><SP WIDTH="15" VPOS="1377" HPOS="278"/>
							<String ID="string_417" HPOS="293" VPOS="1378" WIDTH="116" HEIGHT="20" WC="0.96" CONTENT="inrättandet"/><SP WIDTH="14" VPOS="1378" HPOS="409"/>
							<String ID="string_418" HPOS="423" VPOS="1377" WIDTH="53" HEIGHT="20" WC="0.96" CONTENT="såväl"/><SP WIDTH="16" VPOS="1377" HPOS="476"/>
							<String ID="string_419" HPOS="492" VPOS="1378" WIDTH="4" HEIGHT="19" WC="0.93" CONTENT="i"/><SP WIDTH="15" VPOS="1378" HPOS="496"/>
							<String ID="string_420" HPOS="511" VPOS="1377" WIDTH="43" HEIGHT="20" WC="0.96" CONTENT="stad"/><SP WIDTH="15" VPOS="1377" HPOS="554"/>
							<String ID="string_421" HPOS="569" VPOS="1383" WIDTH="44" HEIGHT="14" WC="0.96" CONTENT="som"/><SP WIDTH="14" VPOS="1383" HPOS="613"/>
							<String ID="string_422" HPOS="627" VPOS="1377" WIDTH="25" HEIGHT="24" WC="0.96" CONTENT="pä"/><SP WIDTH="14" VPOS="1377" HPOS="652"/>
							<String ID="string_423" HPOS="666" VPOS="1377" WIDTH="64" HEIGHT="20" WC="0.96" CONTENT="landet"/><SP WIDTH="10" VPOS="1377" HPOS="730"/>
							<String ID="string_424" HPOS="740" VPOS="1377" WIDTH="21" HEIGHT="19" WC="0.93" CONTENT="af"/><SP WIDTH="11" VPOS="1377" HPOS="761"/>
							<String ID="string_425" HPOS="772" VPOS="1381" WIDTH="34" HEIGHT="21" WC="0.81" CONTENT="g0-"/>
						</TextLine>
						<TextLine ID="line_46" HPOS="66" VPOS="1403" WIDTH="738" HEIGHT="25">
							<String ID="string_426" HPOS="66" VPOS="1403" WIDTH="25" HEIGHT="18" WC="0.94" CONTENT="de"/><SP WIDTH="13" VPOS="1403" HPOS="91"/>
							<String ID="string_427" HPOS="104" VPOS="1404" WIDTH="52" HEIGHT="23" WC="0.93" CONTENT="män,"/><SP WIDTH="17" VPOS="1404" HPOS="156"/>
							<String ID="string_428" HPOS="173" VPOS="1402" WIDTH="66" HEIGHT="19" WC="0.96" CONTENT="såsom"/><SP WIDTH="16" VPOS="1402" HPOS="239"/>
							<String ID="string_429" HPOS="255" VPOS="1403" WIDTH="60" HEIGHT="20" WC="0.96" CONTENT="sådan"/><SP WIDTH="15" VPOS="1403" HPOS="315"/>
							<String ID="string_430" HPOS="330" VPOS="1406" WIDTH="115" HEIGHT="22" WC="0.92" CONTENT="permanent"/><SP WIDTH="14" VPOS="1406" HPOS="445"/>
							<String ID="string_431" HPOS="459" VPOS="1403" WIDTH="113" HEIGHT="24" WC="0.93" CONTENT="institution,"/><SP WIDTH="13" VPOS="1403" HPOS="572"/>
							<String ID="string_432" HPOS="585" VPOS="1403" WIDTH="82" HEIGHT="18" WC="0.92" CONTENT="hvarom"/><SP WIDTH="7" VPOS="1403" HPOS="667"/>
							<String ID="string_433" HPOS="674" VPOS="1403" WIDTH="83" HEIGHT="24" WC="0.96" CONTENT="förslag"/><SP WIDTH="2" VPOS="1403" HPOS="757"/>
							<String ID="string_434" HPOS="759" VPOS="1409" WIDTH="45" HEIGHT="12" WC="0.96" CONTENT="inom"/>
						</TextLine>
						<TextLine ID="line_47" HPOS="66" VPOS="1412" WIDTH="739" HEIGHT="46">
							<String ID="string_435" HPOS="66" VPOS="1419" WIDTH="103" HEIGHT="29" WC="0.90" CONTENT="Utskottet"/><SP WIDTH="14" VPOS="1419" HPOS="169"/>
							<String ID="string_436" HPOS="183" VPOS="1429" WIDTH="62" HEIGHT="19" WC="0.87" CONTENT="blifvit"/><SP WIDTH="15" VPOS="1429" HPOS="245"/>
							<String ID="string_437" HPOS="260" VPOS="1430" WIDTH="66" HEIGHT="24" WC="0.95" CONTENT="väckt,"/><SP WIDTH="16" VPOS="1430" HPOS="326"/>
							<String ID="string_438" HPOS="342" VPOS="1430" WIDTH="56" HEIGHT="19" WC="0.91" CONTENT="likväl"/><SP WIDTH="17" VPOS="1430" HPOS="398"/>
							<String ID="string_439" HPOS="415" VPOS="1430" WIDTH="44" HEIGHT="19" WC="0.94" CONTENT="med"/><SP WIDTH="15" VPOS="1430" HPOS="459"/>
							<String ID="string_440" HPOS="474" VPOS="1419" WIDTH="98" HEIGHT="35" WC="0.88" CONTENT="rättighet"/><SP WIDTH="8" VPOS="1419" HPOS="572"/>
							<String ID="string_441" HPOS="580" VPOS="1429" WIDTH="29" HEIGHT="19" WC="0.96" CONTENT="för"/><SP WIDTH="13" VPOS="1429" HPOS="609"/>
							<String ID="string_442" HPOS="622" VPOS="1412" WIDTH="132" HEIGHT="46" WC="0.84" CONTENT="ledamöterne"/><SP WIDTH="10" VPOS="1412" HPOS="754"/>
							<String ID="string_443" HPOS="764" VPOS="1428" WIDTH="41" HEIGHT="20" WC="0.89" CONTENT="deri"/>
						</TextLine>
					</TextBlock>
				</ComposedBlock>
			</PrintSpace>
		</Page>
	</Layout>
</alto>
