1006 1781
195 134 36 32 102
416 135 70 22 Nådiga
498 134 140 24 Propositionen
651 133 36 17 N:o
699 134 17 16 6.

195 188 35 18 het
244 185 29 20 för
287 185 148 25 tillämpningen
449 184 65 20 kunde
529 184 71 18 vinnas
614 187 72 21 genom
700 181 64 29 några
775 180 76 32 mindre
862 180 77 20 ändrin-

194 217 37 21 gar
245 212 21 19 af
278 211 139 25 ordalydelsen
432 211 37 19 och
484 209 72 21 tillåter
570 209 29 25 sig
613 209 79 19 derföre
706 210 28 17 att
748 207 77 23 föreslå,
841 209 33 27 att
883 207 57 19 Stän-

195 238 61 20 derne
271 238 62 20 skulle
347 236 29 20 för
390 236 39 20 den
444 238 5 18 i
463 237 65 19 denna
545 236 11 25 $
577 234 163 20 förekommande
759 232 178 26 mellanperioden:

197 264 64 20 «huru
274 264 45 20 hela
333 263 125 19 hemmanets
472 262 72 20 mantal
560 261 39 20 och
613 261 53 19 skatt
679 261 36 19 bör
729 259 24 27 på
770 260 63 25 begge.
848 260 92 24 lägenhe-

195 294 55 17 terna
267 290 104 23 fördelas»,
387 289 101 26 godkänna
502 287 84 26 följande
607 287 85 27 lydelse:
715 286 59 20 huru
795 286 146 30 hemmanets

196 318 90 19 mantal
301 317 45 20 och
363 316 64 20 skatt
444 316 56 20 böra
515 314 27 27 på
562 315 27 19 de
610 314 77 20 skilda
708 314 169 26 lägenheterna
898 312 45 20 för-

195 344 75 20 delas.

250 396 11 26 $
275 398 12 18 5
302 396 111 20 innehåller
427 396 91 26 slutligen
532 395 60 26 några
607 394 123 20 föreskrifter
743 394 6 19 i
763 394 93 20 afseende
865 392 12 20 å
887 396 56 16 ären-

196 424 45 20 dets
255 423 128 20 slutförande.
413 423 41 19 Den
467 422 64 24 karta,
547 427 45 15 som
606 420 62 26 enligt
681 420 12 26 $
708 420 10 19 3
733 421 36 19 bör
782 420 21 20 af
811 420 132 20 landtmätare

198 452 109 24 npprättas,
322 449 63 25 tjenar
394 449 117 26 visserligen
524 448 6 19 i
545 448 60 20 första
620 449 86 17 rummet
720 447 113 20 domstolen
843 446 30 30 till
892 451 50 25 upp-

199 477 78 25 lysning
297 477 33 19 vid
351 475 93 21 ärendets
458 476 96 25 pröfning.
583 475 45 19 Men
642 474 38 19 den
701 474 85 20 erhåller
806 473 107 25 derjemte,
937 478 5 12 i

198 503 61 19 likhet
273 503 45 19 med
333 502 69 20 kartan
416 502 56 19 öfver
486 505 28 17 ett
528 500 111 21 verkstäldt
653 499 101 21 storskifte
766 501 49 19 eller
828 500 115 19 hemmans
935 495 12 36 -

197 528 96 27 klyfning,
309 534 26 14 en
349 533 67 15 annan
431 528 44 20 icke
488 528 79 20 mindre
581 526 61 26 vigtig
664 526 107 25 betydelse
790 527 48 19 eller
858 528 28 18 att
906 530 36 20 ega

198 555 77 21 vitsord
289 556 5 19 i
309 556 72 19 tvister
395 560 34 14 om
451 556 50 18 rätta
522 552 126 22 råskilnaden
669 553 84 20 emellan
774 552 168 26 stomlägenheten

199 582 39 19 och
251 582 40 20 den
306 582 94 19 utbrutna
414 582 124 25 lägenheten.
555 581 37 19 För
606 580 54 19 detta
674 579 76 20 ändmål
765 580 37 20 bör
815 580 39 20 den
877 581 67 17 natur-

199 608 72 25 ligtvis,
287 608 85 20 likasom
386 608 138 25 nyssnämnda
538 607 74 23 kartor,
628 610 48 15 vara
690 606 80 20 försedd
784 606 45 20 med
847 605 97 21 vederbö-

199 634 62 20 rande
281 634 97 21 domstols
398 634 134 20 fastställelse.
554 633 34 20 Att
601 632 278 27 förrättningslandtmätaren,
896 637 46 14 men

200 661 45 20 icke
259 661 115 26 sakegaren,
391 661 95 20 utverkar
503 659 60 21 sådan
580 659 134 24 fastställelse,
736 660 100 20 medförer
856 659 89 20 visserli-

199 693 38 20 gen
251 688 52 20 ökad
317 687 82 20 kostnad
415 688 30 18 för
453 687 39 20 den
502 687 126 24 sistnämnde,
640 690 45 15 men
695 686 116 26 stadgandet
820 692 61 20 synes
894 685 50 20 dock

199 713 102 21 Utskottet
314 713 121 26 berättigadt
448 713 5 20 i
467 713 100 20 anseende
581 713 27 20 till
623 712 36 19 den
675 713 99 24 säkerhet,
797 718 44 15 som
862 711 82 21 sålunda

199 740 70 19 vinnes
283 741 78 23 derom,
377 742 30 18 att
420 740 140 20 fastställelsen
576 739 100 24 verkligen
688 740 105 19 utverkas.
822 739 65 25 Enligt
897 738 50 20 den-

199 770 24 16 nä
237 766 11 25 $
262 766 65 21 skulle
339 767 144 20 landtmätaren
497 767 44 18 icke
556 765 18 21 få
589 764 84 21 utverka
688 765 136 21 fastställelsen
838 766 49 19 eller
904 765 36 19 rör

199 793 53 26 lägga
268 793 124 20 råskilnaden
407 793 85 19 emellan
506 792 147 26 lägenheterna,
669 791 61 21 innan
744 793 109 24 sakegaren
875 792 70 19 derom

199 819 94 20 anmodat
306 819 81 25 honom,
403 825 46 13 men
463 819 64 20 ehuru
541 819 54 20 detta
608 817 80 21 afviker
703 819 43 20 från
756 819 53 20 hvad
819 819 4 19 i
835 818 54 20 detta
898 819 48 19 hän-

202 845 79 20 seende
293 846 60 27 gäller
366 851 33 14 om
413 845 120 25 storskiften,
549 851 59 14 anser
621 844 102 21 Utskottet
736 845 30 25 sig
779 845 58 24 dock,
854 844 47 21 med
917 844 29 20 af-

197 872 77 20 seende
288 872 12 19 &
314 872 181 26 egostyckningens
509 878 56 14 mera
580 871 90 20 enskilda
679 874 64 22 natur,
754 872 47 20 böra
812 871 59 21 äfven
882 872 4 19 i
897 871 48 20 den-

200 904 25 15 na
239 899 31 20 del
285 899 78 20 förorda
376 899 60 20 bifall.
452 899 32 20 Att
499 899 175 26 stomlägenheten,
691 899 49 20 ända
754 899 39 20 tills
805 899 140 20 fästställelsen

200 926 38 19 och
252 926 146 26 rörläggningen
413 928 32 23 egt
458 931 51 19 rum,
526 927 21 18 är
562 924 92 25 ansvarig
668 925 57 20 äfven
739 926 29 19 för
777 925 38 20 den
826 925 60 24 skatt,
899 930 45 15 som

200 952 36 19 bör
252 951 47 26 utgå
320 952 43 20 från
375 952 40 19 den
428 951 93 21 utbrutna
535 952 122 25 lägenheten,
674 951 36 20 kan
725 957 60 15 anses
799 952 59 20 hafva
873 958 23 13 en
909 951 34 26 gil-

199 979 29 24 tig
241 979 63 25 grund
318 979 5 20 i
338 984 104 19 omsorgen
452 984 31 14 om
499 979 89 20 Kronans
602 978 104 25 tillbörliga
718 982 39 17 rätt
770 980 39 19 och
818 979 36 20 bör
865 979 80 20 dessut-

200 1010 33 15 om
247 1005 56 20 lända
317 1006 25 19 till
358 1008 28 18 att
400 1005 101 26 påskynda
514 1005 181 27 egostyckningens
708 1005 93 26 behöriga
815 1005 128 20 slutförande.

200 1032 37 45 v
314 1032 38 20 kan
367 1031 78 20 således
460 1032 98 25 tillstyrka
573 1034 28 17 att
614 1032 63 19 denna
692 1031 9 26 $
712 1032 95 25 antages
803 1027 9 34 i
820 1031 125 20 oförändradt

200 1058 63 20 skick.

255 1085 61 19 Innan
330 1085 101 20 Utskottet
445 1084 92 25 öfvergår
552 1084 25 21 till
592 1084 26 20 de
635 1084 85 25 följande
739 1084 28 25 $$,
789 1085 36 19 bör
844 1085 101 20 Utskottet

203 1110 101 20 framhålla
319 1117 26 13 en
359 1110 50 20 brist
423 1111 5 18 i
443 1111 38 19 den
496 1111 110 25 föreslagna
621 1111 64 25 lagen,
701 1111 65 20 såvidt
780 1111 37 19 den
832 1112 55 19 rörer
900 1117 45 18 ego-

202 1137 111 25 styckning.:
323 1138 74 19 Denna
410 1137 50 19 brist
474 1137 74 24 består,
572 1137 58 25 enligt
651 1137 112 20 Utskottets
783 1137 87 26 mening,
893 1138 50 24 deri,

203 1165 28 18 att
244 1163 39 20 den
297 1163 45 20 icke
355 1163 132 26 uttryckligen
501 1163 71 21 tillåter
586 1165 29 18 att
628 1164 22 19 af
661 1164 55 19 delar
730 1163 44 20 från
788 1163 33 20 två
836 1165 47 19 eller
897 1164 48 19 flere

203 1189 96 20 särskilda
314 1190 92 19 hemman
421 1189 51 20 bilda
488 1195 24 14 en
526 1189 122 26 sjelfständig
662 1190 97 25 lägenhet.
785 1190 39 19 Fall
839 1190 64 20 kunna
917 1191 28 18 in-

204 1215 63 26 träffa,
282 1215 25 20 då
323 1221 25 14 en
363 1215 62 21 sådan
439 1216 91 26 rättighet
545 1217 63 19 skulle
622 1217 55 19 lända
691 1216 27 20 de
730 1217 90 19 enskilde
834 1217 26 20 till
870 1217 76 25 verklig

204 1242 69 29 fördel,
289 1245 47 16 utan
350 1244 28 18 att
391 1242 35 20 det
440 1243 108 20 allmännas
562 1244 38 18 rätt
614 1243 39 19 och
667 1243 94 20 säkerhet
769 1249 44 13 mer
823 1244 24 19 än
855 1243 33 20 vid
899 1249 48 14 van-

204 1268 27 29 lig
245 1269 141 26 egostyckning
400 1269 148 26 äfventyrades.
563 1269 101 20 Utskottet
678 1269 70 20 tillåter
763 1271 30 24 sig
805 1272 29 17 att
847 1270 99 25 exempel-

204 1299 31 14 vis
249 1294 94 26 åberopa,
359 1295 107 20 huruledes
480 1301 25 14 en
519 1295 64 25 urfjell
598 1296 50 19 eller
660 1295 71 26 utjord,
748 1301 43 14 som
806 1295 89 21 befinnes
916 1296 30 19 för

204 1320 48 19 liten
266 1323 29 17 att
308 1327 49 13 vara
370 1327 26 13 en
410 1321 119 26 sjelfständig
549 1322 97 24 lägenhet,
668 1322 67 18 kunde
754 1327 73 20 genom
847 1323 61 23 inköp
927 1321 20 20 af

203 1345 62 20 dertill
281 1347 114 25 erforderlig
409 1347 56 19 mark
479 1347 42 19 från
536 1347 137 24 angränsande
686 1349 94 18 hemman
794 1348 57 25 göras
873 1347 26 20 till
921 1353 25 14 en

204 1371 69 20 sådan.
290 1372 62 20 Äfven
366 1373 60 20 andra
440 1373 38 23 fall,
495 1373 23 20 då
533 1373 149 25 ifrågavarande
695 1373 92 26 rättighet
801 1379 47 14 vore
862 1374 21 19 af
895 1375 51 18 stort

204 1398 68 25 värde,
288 1398 65 20 kunna
364 1399 115 25 uppställas.
492 1399 61 26 Något
564 1400 70 19 hinder
644 1405 22 14 ur
676 1400 157 26 tillämpningens
844 1396 102 38 synpunkt

204 1424 62 24 borde
280 1424 21 21 så
315 1425 81 27 mycket
410 1426 76 20 mindre
500 1426 65 20 kunna
582 1426 103 20 motverka
699 1426 113 20 Utskottets
831 1426 49 26 åsigt
902 1427 44 19 här-
