1009 1778
280 121 71 22 Nådiga
363 123 138 22 Propositionen
515 123 36 17 N:o
562 123 17 17 3.
787 121 21 19 69

270 285 159 26 Lagutskottets
450 285 129 20 betänkande
597 284 39 21 N:o
656 284 13 20 8
687 285 6 18 i
710 285 100 25 anledning

202 313 24 24 af
242 312 55 20 Hans
317 313 104 25 Kejserliga
442 313 99 25 Majestäts
559 312 71 26 nådiga
645 313 117 24 proposition
779 319 30 13 om

196 340 142 26 förebyggande
361 342 24 24 af
401 341 100 25 olämpliga
514 340 95 26 jörbehåll
626 340 31 19 vid
670 340 139 26 fastighetsköp

202 369 33 19 och
244 369 167 25 jordegendomars
426 369 115 25 öfverdrifna
555 368 116 26 betungande
683 368 42 20 med
735 369 74 25 sytning

202 397 33 19 och
249 397 62 20 andra
325 397 72 20 besvär.
538 398 2 2 |

120 458 91 20 Nämnda
233 458 72 26 nådiga
328 460 121 25 proposition
472 459 35 20 har
531 460 20 19 af
572 459 90 26 samtliga
684 459 124 20 riksstånden

68 485 64 20 blifvit
149 485 26 20 till
193 486 147 25 Lagutskottets
355 485 121 26 behandling
490 486 145 23 öfverlemnad;
651 485 110 26 hvarjemte
774 486 35 19 Ut-

68 511 74 20 skottel
161 511 36 20 fått
213 511 43 20 från
273 511 108 26 Kejserliga
399 513 86 19 Senaten
501 515 98 22 emottaga
616 512 43 20 icke
677 513 83 19 allenast
776 512 34 20 det

68 537 20 21 af
110 544 24 15 en
155 538 77 20 Komité
252 538 115 20 utarbetade
388 539 74 25 förslag
483 539 27 20 till
531 539 126 20 omförmälda
679 539 128 26 proposition,

68 564 76 21 hvilket
161 565 100 20 befunnits
275 570 48 14 vara
337 565 46 20 med
397 565 115 20 densamma
526 566 117 24 fullkomligt
656 565 154 20 öfverensstäm-

68 591 86 25 mande
148 587 13 35 ,
176 594 47 17 utan
243 592 38 19 ock
301 591 116 26 protokollet
437 593 56 18 öfver
513 598 25 14 en
554 592 5 19 i
576 591 108 27 Kejserliga
701 593 107 19 Senaten
799 587 14 35 i

67 617 67 27 frågan
148 618 99 20 förefallen
261 618 127 25 omröstning.

121 645 37 20 Om
179 644 11 21 ä
212 651 35 14 ena
268 645 55 20 sidan
342 645 64 20 måste
423 645 120 26 medgifvas,
563 644 225 27 att.jordlägenheterna
804 645 5 19 i

68 671 47 20 vårt
128 671 45 20 land
187 671 152 27 mångenstädes
353 673 34 18 äro
400 672 46 20 med
459 673 78 25 sytning
547 673 55 18 öfver
611 671 71 21 höfvan
691 671 118 26 betungade,

67 698 77 20 hvilket
164 697 65 21 måste
249 698 80 20 inverka
346 699 82 25 menligt
443 698 24 26 på
483 697 166 27 jordbrukarenes
665 698 91 20 välstånd
772 698 38 20 och

67 724 120 26 följaktligen
202 725 57 19 äfven
275 724 24 26 på
311 724 128 25 jordbrukets
453 726 123 24 utveckling,
593 727 28 17 att
634 725 38 20 den
685 724 125 22 oinskränkta

68 751 117 26 rättigheten
202 752 27 19 till
247 751 93 26 ingående
358 751 20 20 af
393 751 136 27 sytningsaftal
543 751 92 20 stundom
649 752 68 24 lägger
731 751 79 27 hyende

67 777 64 20 under
146 776 66 26 lättjan
230 778 37 20 och
285 777 63 20 blifvit
361 778 134 26 missbrukad,
511 780 52 18 samt
577 780 28 17 att
621 778 72 20 sådana
707 778 46 20 aftal
767 778 43 19 icke

68 804 63 20 sällan
149 804 52 26 gifva
218 804 102 24 anledning
335 804 27 20 till
377 804 92 20 bitterhet
483 805 38 19 och
535 805 48 19 tvist
597 805 84 19 emellan
695 804 114 26 närskylde,

68 830 114 26 någongång
199 831 27 19 till
244 831 84 25 gräsliga
345 831 62 24 brott;
427 831 35 19 bör
479 831 10 19 å
504 831 60 19 andra
579 830 54 21 sidan
647 830 32 20 vid
694 830 64 20 denna
772 830 40 20 frå-

67 862 36 20 gas
120 856 145 21 bedömmande
279 860 55 22 tagas
349 858 5 18 i
369 857 96 25 allvarligt
477 857 128 20 betraktande
619 857 44 20 icke
678 857 82 20 allenast
773 857 37 19 den

67 884 45 23 rätt,
129 888 59 20 egare
202 884 110 25 naturligen
325 883 120 21 tillkommer
460 886 28 17 att
501 884 42 19 fritt
556 884 75 25 förfoga
645 884 56 19 öfver
713 884 30 19 sin
751 889 59 21 egen-

67 910 57 25 dom
117 905 12 36 ,
140 913 46 16 utan
201 911 36 19 ock
252 913 28 16 att
294 910 160 27 sytningsaftalen
469 910 76 26 grunda
559 910 30 26 sig
603 910 11 20 å
629 916 24 14 en
666 909 94 26 uråldrig,
776 911 34 19 all-

66 938 46 18 män
130 936 102 26 landssed,
250 936 80 20 hvilken
347 937 36 20 har
400 939 28 17 ett
445 937 69 26 vigtigt
531 936 40 21 skäl
589 937 30 20 för
632 937 30 25 sig
677 938 5 18 i
695 937 114 25 billigheten

66 963 66 25 deraf,
151 965 28 18 att
195 963 46 24 den,
261 969 44 14 som
319 966 57 23 egnat
390 963 30 20 sin
433 964 98 25 ungdoms
544 963 52 20 kraft
609 963 21 20 åt
643 963 90 26 odlingen
746 964 21 19 af
779 964 31 19 sin

65 988 54 27 jord,
138 990 58 20 äfven
214 989 129 21 tillerkännes
359 991 39 19 rätt
414 992 28 17 att
458 989 86 21 derifrän
557 989 54 25 njuta
625 990 34 19 sitt
672 990 137 25 lifsuppehälle

67 1017 6 18 i
90 1015 136 21 ålderdomen.
256 1016 72 25 Hvarje
345 1016 139 26 inskränkning
500 1018 6 18 i
524 1017 116 25 rättigheten
657 1019 26 17 att
701 1016 43 25 ingå
759 1016 49 20 slika

66 1043 45 19 aftal
126 1042 81 21 kräfver
220 1043 78 20 derföre
312 1043 21 19 af
344 1043 122 25 lagstiftaren
481 1043 38 20 den
533 1045 72 18 största
619 1043 121 20 varsamhet.

119 1068 33 20 Att
171 1075 25 13 en
217 1069 62 19 sädan
299 1069 140 25 inskränkning
455 1069 51 20 dock
522 1070 22 18 är
561 1068 122 26 nödvändig,
701 1068 66 20 mäste
783 1068 24 26 pä

67 1095 145 20 ofvannämnda
227 1095 43 19 skäl
285 1096 117 24 medgifvas.
431 1096 38 19 Det
482 1095 108 26 stadgande
603 1096 80 23 härom,
699 1100 43 15 som
756 1096 52 18 före-

65 1120 41 21 slås
127 1122 5 19 i
154 1122 10 25 $
182 1122 7 19 4
211 1122 20 18 af
246 1122 39 20 den
302 1121 70 26 nådiga
389 1122 156 25 propositionen,
564 1128 61 20 synes
642 1121 164 25 hufvudsakligen

65 1148 42 19 afse
125 1150 28 18 att
170 1148 100 20 förhindra
287 1148 25 20 de
329 1148 153 26 förvecklingar,
498 1154 43 14 som
556 1147 71 27 uppstå
643 1148 120 26 derigenom,
779 1150 28 18 att
830 1157 1 3 :

64 1174 105 26 egendom,
189 1180 42 14 som
249 1175 61 19 redan
327 1175 63 19 blifvit
407 1175 46 19 med
470 1174 113 25 inteckning
599 1175 30 19 för
646 1175 54 24 gäld,
721 1174 85 20 arrende

64 1201 48 19 eller
129 1202 81 25 sytning
227 1201 109 24 besvärad,
355 1201 114 26 ytterligare
486 1202 30 18 för
533 1202 82 25 sytning
631 1200 110 21 intecknas.
769 1201 38 19 Det

65 1232 61 21 synes
143 1227 99 20 Utskottet
258 1228 69 24 likväl,
346 1233 44 14 som
407 1227 62 20 skulle
486 1227 88 26 gällande
591 1228 32 24 lag
640 1227 96 21 innehålla
753 1226 53 21 stad-

64 1254 78 24 ganden
156 1254 29 18 för
197 1254 79 19 lösande
286 1254 21 19 af
313 1254 65 26 dylika
388 1254 149 26 förvecklingar,
549 1254 38 19 och
597 1256 34 21 att,
643 1259 32 15 om
684 1254 60 20 dessa
754 1254 52 19 stad-

64 1280 77 25 ganden
155 1286 48 13 vore
218 1280 4 19 i
238 1280 63 25 någon
316 1279 45 20 män
375 1280 122 25 bristfälliga,
509 1281 102 19 desamma
621 1280 66 20 kunde
697 1280 108 20 och:borde

64 1307 58 24 göras
140 1306 147 26 fullständigare
304 1307 68 24 hellre,
389 1308 24 18 än
428 1309 29 17 att
470 1307 119 25 rättigheten
604 1309 28 17 att
645 1306 44 27 ingä
704 1306 103 27 sytnings-

63 1333 45 20 aftal
126 1333 65 19 blefve
209 1332 4 19 i
231 1333 136 27 nyssnämnda
382 1333 90 20 ändamål
487 1333 119 26 begränsad.
635 1334 42 19 Den
691 1336 46 21 rätt;
753 1333 53 19 äldre

40 1379 2 3 .
64 1359 114 25 inteckning
200 1360 127 25 tillkommer,
346 1359 38 20 kan
401 1360 124 24 naturligtvis
542 1359 18 25 ej
578 1359 97 26 förringas
691 1365 73 20 genom
781 1365 25 14 en

63 1386 85 20 sednare
165 1385 113 27 inteckning
295 1386 30 20 för
341 1386 80 27 sytning
439 1386 38 20 och
490 1387 63 19 denna
568 1386 113 26 inteckning
695 1386 79 20 således
787 1385 18 25 ej

65 1412 87 19 medföra
167 1413 94 18 orättvisa
276 1413 47 18 eller
338 1412 107 19 rättsvåda.
473 1413 93 18 Deremot
580 1418 47 13 vore
641 1413 40 22 det,
697 1413 60 23 enligt
771 1413 35 18 Ut-
