1011 1795
280 121 70 23 Nådiga
362 123 140 23 Propositionen
514 125 35 17 N:o
562 126 16 16 2.
786 127 20 18 39

512 175 17 26 f
543 176 19 18 2.

331 213 90 21 Vårdnad
440 216 52 24 äfver
504 215 159 26 förmynderskap
681 216 48 19 skall
748 216 58 20 hand-

268 239 67 27 hafvas
344 243 29 25 af
384 242 36 20 den
435 243 57 23 Rätt,
507 249 40 13 som
562 243 124 26 tiliförordnat
693 245 112 25 förmynda-

268 274 37 14 ren,
336 270 76 20 Andras
430 272 96 24 omyndigs
543 272 86 22 hemvist,
648 272 32 19 och
691 273 65 26 finnes
774 273 30 19 det

261 293 54 40 förty
333 298 63 25 nödigt
414 301 28 17 att
452 299 178 25 förnynderskapet
647 300 81 19 kommer
746 301 59 19 under

266 319 86 32 värdnad
369 326 24 26 af
408 333 63 13 annan
489 327 86 23 domstol,
594 326 25 20 dä
637 327 39 23 mä,
695 328 59 20 sedan
768 328 36 20 den

266 354 106 25 omyndiges
384 355 124 25 förmyndare
526 356 33 18 och
567 355 118 25 förbemälde
696 356 49 25 gode
760 359 44 17 män

266 381 63 25 (eller,
348 388 29 14 om
396 383 80 19 sednare
490 383 116 20 alternativet
621 384 26 18 till
669 384 5 25 &
689 384 11 19 1
715 387 88 23 antages:

266 410 134 26 sförmyndare
418 411 32 19 och
465 412 82 24 fränder
565 412 44 19 eller
621 412 117 25 förbemälde
755 412 48 26 gode

266 439 69 24 män**)
350 439 56 19 hörde
421 439 63 25 blifvit,
500 440 35 19 den
543 441 57 24 förra
610 440 69 19 Rätten
692 442 110 24 öfverlemna

264 465 109 21 vårdnaden
388 468 51 25 öfver
446 468 179 25 förmynderskapet
637 469 26 18 till
673 469 35 19 den
718 469 84 19 sednare.

506 524 17 27 g
537 524 19 19 3.

321 566 167 27 Rädstufvurätten
507 569 7 18 i
533 567 44 20 stad
595 567 34 19 och
647 567 153 27 Häradshöfding

261 595 28 25 pä
308 595 63 20 landet
390 595 48 20 hälle
457 597 50 24 öfver
523 596 28 19 de
563 595 60 20 under
641 596 55 19 deras
714 596 87 20 värdnad

262 623 77 20 stående
359 624 162 25 föärmynderskap
541 623 119 26 förteckning
674 639 2 9 ,
703 625 97 19 utvisande

263 652 106 25 omyndiges
384 659 57 12 namn
455 652 33 19 och
492 651 103 26 födelseär,
600 652 134 25 förmyndares
743 659 58 13 namn

263 680 33 20 och
311 680 77 19 hemvist
402 683 50 16 samt
466 680 55 23 tiden,
537 679 25 20 dä
577 680 23 19 de
615 681 59 19 dertill
682 681 118 25 förordnade

263 709 66 25 blifvit,
344 707 54 21 såväl
412 715 40 12 som
466 715 30 12 om
510 709 33 19 och
557 708 62 19 hvilka
631 709 47 24 gode
688 711 44 17 män
742 708 58 26 blifvit

262 736 76 20 utsedde
356 739 28 17 att
401 737 62 26 tillsyn
478 737 51 26 öfver
541 737 178 25 förmynderskapet
736 737 62 25 hafva.

262 765 40 19 Bor
314 765 126 26 förmyndare
458 765 12 18 å
490 771 62 13 annan
572 767 37 21 ort,
628 767 25 16 än
671 765 33 19 der
720 765 39 19 kan
774 765 26 19 till

256 793 179 27 förmynderskapet
445 793 108 25 förordnad
570 795 32 21 är,
621 792 48 20 skall
682 792 70 20 Rätten
770 799 29 13 om

256 821 138 27 förordnandet
412 821 108 20 underrätta
537 822 36 18 den
590 821 86 23 domstol,
694 820 106 20 hvarunder

256 849 138 27 förmyndaren
408 850 45 25 sjelf
464 850 61 25 lyder;
535 850 34 19 och
579 849 58 19 varde
647 849 30 19 det
682 849 71 25 jemväl
767 849 33 20 der

261 880 7 18 i
286 877 142 26 förteckningen
451 878 51 25 öfver
521 877 159 26 förmynderskap
703 879 95 24 upptaget.

261 906 76 26 Flyttar
345 906 125 25 förmyndare
492 906 26 19 till
539 912 64 13 annan
620 908 34 20 ort,
670 905 74 20 anmäle
758 905 40 19 der-

261 941 30 13 om
306 935 32 18 hos
353 932 95 25 domaren,
464 934 70 19 hvilken
547 934 30 19 det
587 933 70 26 åligger
671 935 28 17 att
712 933 29 25 till,
750 933 48 19 Rät-

261 965 29 17 ten
305 962 12 19 &
332 962 35 19 den
381 964 35 21 ort,
433 962 33 19 der
474 961 138 27 förmyndaren
622 962 27 25 sig
659 961 67 23 bosatt,
738 961 60 19 lemna

260 991 73 26 uppgift
346 991 51 25 öfver
405 990 166 26 förmynderskap,
587 996 39 13 som
641 990 37 19 han
687 989 91 26 förestär.

502 1045 16 27 $
532 1046 19 19 4.

318 1089 41 21 Den
370 1089 129 26 förteckning,
517 1089 77 20 kvarom
611 1090 7 17 i
635 1090 13 25 &
666 1089 14 19 3
698 1089 55 25 sagdt
767 1092 29 20 är,

259 1119 55 23 skall,
329 1117 97 26 behörigen
439 1117 97 26 granskad
549 1117 34 20 och
592 1117 92 27 förnyad,
697 1118 23 25 af
727 1117 70 20 Rätten

258 1147 32 19 vid
306 1146 64 25 hvarje
387 1146 47 25 halft
452 1145 31 20 ärs
501 1146 37 19 slut
552 1146 27 20 til
593 1145 98 27 Hofrätten
706 1146 90 19 insändas

254 1175 58 26 jemte
333 1174 101 20 domboken
456 1175 50 24 öfver
518 1174 160 26 förmynderskap
698 1177 49 16 sami
764 1174 33 19 vid

258 1203 36 20 den
306 1202 79 27 påföljd,
401 1209 40 13 som
455 1204 7 17 i
477 1203 87 25 afseende
578 1202 13 20 å
605 1202 61 20 sådan
681 1202 79 20 dombok
774 1205 23 17 är

259 1231 86 26 stadgad.

501 1287 17 28 f
531 1288 20 19 5.

320 1328 34 21 Vill
366 1328 125 26 förmyndare
509 1329 26 19 til
557 1328 36 19 den
615 1329 107 25 omyndiges
743 1331 53 23 nytta

257 1356 50 26 sälja
321 1357 43 23 dess
373 1356 47 26 jord
435 1357 33 19 och
476 1357 57 25 fasta
545 1356 54 26 gods,
614 1363 45 12 vare
672 1358 28 24 sig
709 1358 36 24 för
759 1358 37 19 nöd

258 1386 34 18 och
306 1384 93 26 trångmål
412 1385 44 19 eller
469 1386 24 24 af
504 1392 64 12 annan
583 1384 62 24 orsak,
661 1385 44 19 söke
715 1385 80 20 Rättens

258 1412 90 24 tillstånd,
367 1413 35 19 och
419 1413 43 19 höre
481 1413 35 19 den
535 1413 83 24 deröfver
637 1416 55 16 nästa
706 1413 88 24 fränder,
