<?xml version="1.0" encoding="UTF-8"?>
<alto xmlns="http://www.loc.gov/standards/alto/ns-v3#" xmlns:xlink="http://www.w3.org/1999/xlink" xmlns:xsi="http://www.w3.org/2001/XMLSchema-instance" xsi:schemaLocation="http://www.loc.gov/standards/alto/ns-v3# http://www.loc.gov/alto/v3/alto-3-0.xsd">
	<Description>
		<MeasurementUnit>pixel</MeasurementUnit>
		<sourceImageInformation>
			<fileName>/tmp/tess_qvfz2gqj_input.PNG</fileName>
		</sourceImageInformation>
		<OCRProcessing ID="OCR_0">
			<ocrProcessingStep>
				<processingSoftware>
					<softwareName>tesseract 5.3.4</softwareName>
				</processingSoftware>
			</ocrProcessingStep>
		</OCRProcessing>
	</Description>
	<Layout>
		<Page WIDTH="992" HEIGHT="1731" PHYSICAL_IMG_NR="0" ID="page_0">
			<PrintSpace HPOS="0" VPOS="0" WIDTH="992" HEIGHT="1731">
				<ComposedBlock ID="cblock_0" HPOS="264" VPOS="86" WIDTH="543" HEIGHT="111">
					<TextBlock ID="block_0" HPOS="268" VPOS="86" WIDTH="539" HEIGHT="100">
						<TextLine ID="line_0" HPOS="274" VPOS="86" WIDTH="533" HEIGHT="26">
							<String ID="string_0" HPOS="274" VPOS="86" WIDTH="77" HEIGHT="24" WC="0.57" CONTENT="INädiga"/><SP WIDTH="11" VPOS="86" HPOS="351"/>
							<String ID="string_1" HPOS="362" VPOS="89" WIDTH="139" HEIGHT="23" WC="0.40" CONTENT="Propositionen"/><SP WIDTH="12" VPOS="89" HPOS="501"/>
							<String ID="string_2" HPOS="513" VPOS="90" WIDTH="37" HEIGHT="18" WC="0.92" CONTENT="N:o"/><SP WIDTH="11" VPOS="90" HPOS="550"/>
							<String ID="string_3" HPOS="561" VPOS="90" WIDTH="30" HEIGHT="18" WC="0.96" CONTENT="15."/><SP WIDTH="181" VPOS="90" HPOS="591"/>
							<String ID="string_4" HPOS="772" VPOS="90" WIDTH="35" HEIGHT="20" WC="0.96" CONTENT="413"/>
						</TextLine>
						<TextLine ID="line_1" HPOS="269" VPOS="138" WIDTH="538" HEIGHT="28">
							<String ID="string_5" HPOS="269" VPOS="138" WIDTH="43" HEIGHT="19" WC="0.96" CONTENT="eller"/><SP WIDTH="11" VPOS="138" HPOS="312"/>
							<String ID="string_6" HPOS="323" VPOS="139" WIDTH="89" HEIGHT="25" WC="0.94" CONTENT="fängelse"/><SP WIDTH="13" VPOS="139" HPOS="412"/>
							<String ID="string_7" HPOS="425" VPOS="139" WIDTH="48" HEIGHT="27" WC="0.96" CONTENT="från"/><SP WIDTH="15" VPOS="139" HPOS="473"/>
							<String ID="string_8" HPOS="488" VPOS="140" WIDTH="33" HEIGHT="20" WC="0.96" CONTENT="och"/><SP WIDTH="13" VPOS="140" HPOS="521"/>
							<String ID="string_9" HPOS="534" VPOS="140" WIDTH="43" HEIGHT="20" WC="0.96" CONTENT="med"/><SP WIDTH="14" VPOS="140" HPOS="577"/>
							<String ID="string_10" HPOS="591" VPOS="146" WIDTH="22" HEIGHT="14" WC="0.96" CONTENT="en"/><SP WIDTH="15" VPOS="146" HPOS="613"/>
							<String ID="string_11" HPOS="628" VPOS="141" WIDTH="27" HEIGHT="19" WC="0.96" CONTENT="till"/><SP WIDTH="13" VPOS="141" HPOS="655"/>
							<String ID="string_12" HPOS="668" VPOS="141" WIDTH="34" HEIGHT="19" WC="0.96" CONTENT="och"/><SP WIDTH="13" VPOS="141" HPOS="702"/>
							<String ID="string_13" HPOS="715" VPOS="141" WIDTH="43" HEIGHT="19" WC="0.96" CONTENT="med"/><SP WIDTH="14" VPOS="141" HPOS="758"/>
							<String ID="string_14" HPOS="772" VPOS="147" WIDTH="35" HEIGHT="13" WC="0.96" CONTENT="sex"/>
						</TextLine>
						<TextLine ID="line_2" HPOS="264" VPOS="160" WIDTH="228" HEIGHT="37">
							<String ID="string_15" HPOS="264" VPOS="160" WIDTH="100" HEIGHT="37" WC="0.96" CONTENT="månader."/><SP WIDTH="126" VPOS="160" HPOS="364"/>
							<String ID="string_16" HPOS="490" VPOS="180" WIDTH="2" HEIGHT="2" WC="0.55" CONTENT=":"/>
						</TextLine>
					</TextBlock>
				</ComposedBlock>
				<ComposedBlock ID="cblock_1" HPOS="238" VPOS="204" WIDTH="569" HEIGHT="1190">
					<TextBlock ID="block_1" HPOS="238" VPOS="204" WIDTH="569" HEIGHT="275">
						<TextLine ID="line_3" HPOS="329" VPOS="204" WIDTH="478" HEIGHT="28">
							<String ID="string_17" HPOS="329" VPOS="204" WIDTH="35" HEIGHT="19" WC="0.94" CONTENT="Till"/><SP WIDTH="15" VPOS="204" HPOS="364"/>
							<String ID="string_18" HPOS="379" VPOS="200" WIDTH="52" HEIGHT="36" WC="0.95" CONTENT="böter"/><SP WIDTH="11" VPOS="200" HPOS="431"/>
							<String ID="string_19" HPOS="442" VPOS="200" WIDTH="44" HEIGHT="36" WC="0.96" CONTENT="från"/><SP WIDTH="13" VPOS="200" HPOS="486"/>
							<String ID="string_20" HPOS="499" VPOS="206" WIDTH="34" HEIGHT="20" WC="0.96" CONTENT="och"/><SP WIDTH="14" VPOS="206" HPOS="533"/>
							<String ID="string_21" HPOS="547" VPOS="205" WIDTH="43" HEIGHT="21" WC="0.93" CONTENT="med"/><SP WIDTH="7" VPOS="205" HPOS="590"/>
							<String ID="string_22" HPOS="597" VPOS="207" WIDTH="75" HEIGHT="25" WC="0.92" CONTENT="fyratio"/><SP WIDTH="14" VPOS="207" HPOS="672"/>
							<String ID="string_23" HPOS="686" VPOS="207" WIDTH="27" HEIGHT="19" WC="0.90" CONTENT="till"/><SP WIDTH="8" VPOS="207" HPOS="713"/>
							<String ID="string_24" HPOS="721" VPOS="207" WIDTH="34" HEIGHT="20" WC="0.96" CONTENT="och"/><SP WIDTH="9" VPOS="207" HPOS="755"/>
							<String ID="string_25" HPOS="764" VPOS="205" WIDTH="43" HEIGHT="22" WC="0.96" CONTENT="med"/>
						</TextLine>
						<TextLine ID="line_4" HPOS="238" VPOS="231" WIDTH="569" HEIGHT="29">
							<String ID="string_26" HPOS="238" VPOS="232" WIDTH="2" HEIGHT="2" WC="0.67" CONTENT="*"/><SP WIDTH="22" VPOS="232" HPOS="240"/>
							<String ID="string_27" HPOS="262" VPOS="231" WIDTH="123" HEIGHT="26" WC="0.75" CONTENT="fyrahundra"/><SP WIDTH="17" VPOS="231" HPOS="385"/>
							<String ID="string_28" HPOS="402" VPOS="233" WIDTH="55" HEIGHT="19" WC="0.93" CONTENT="mark"/><SP WIDTH="16" VPOS="233" HPOS="457"/>
							<String ID="string_29" HPOS="473" VPOS="240" WIDTH="45" HEIGHT="13" WC="0.96" CONTENT="vare"/><SP WIDTH="17" VPOS="240" HPOS="518"/>
							<String ID="string_30" HPOS="535" VPOS="233" WIDTH="34" HEIGHT="20" WC="0.95" CONTENT="ock"/><SP WIDTH="10" VPOS="233" HPOS="569"/>
							<String ID="string_31" HPOS="579" VPOS="234" WIDTH="107" HEIGHT="26" WC="0.93" CONTENT="föräldrar,"/><SP WIDTH="15" VPOS="234" HPOS="686"/>
							<String ID="string_32" HPOS="701" VPOS="235" WIDTH="106" HEIGHT="20" WC="0.89" CONTENT="husbönder"/>
						</TextLine>
						<TextLine ID="line_5" HPOS="268" VPOS="259" WIDTH="537" HEIGHT="28">
							<String ID="string_33" HPOS="268" VPOS="259" WIDTH="44" HEIGHT="19" WC="0.92" CONTENT="eller"/><SP WIDTH="15" VPOS="259" HPOS="312"/>
							<String ID="string_34" HPOS="327" VPOS="260" WIDTH="117" HEIGHT="20" WC="0.92" CONTENT="matmödrar"/><SP WIDTH="10" VPOS="260" HPOS="444"/>
							<String ID="string_35" HPOS="454" VPOS="261" WIDTH="101" HEIGHT="26" WC="0.57" CONTENT="förfallne,"/><SP WIDTH="18" VPOS="261" HPOS="555"/>
							<String ID="string_36" HPOS="573" VPOS="261" WIDTH="79" HEIGHT="26" WC="0.95" CONTENT="såframt"/><SP WIDTH="17" VPOS="261" HPOS="652"/>
							<String ID="string_37" HPOS="669" VPOS="262" WIDTH="29" HEIGHT="23" WC="0.95" CONTENT="de,"/><SP WIDTH="14" VPOS="262" HPOS="698"/>
							<String ID="string_38" HPOS="712" VPOS="262" WIDTH="43" HEIGHT="19" WC="0.93" CONTENT="med"/><SP WIDTH="13" VPOS="262" HPOS="755"/>
							<String ID="string_39" HPOS="768" VPOS="265" WIDTH="37" HEIGHT="17" WC="0.91" CONTENT="vet-"/>
						</TextLine>
						<TextLine ID="line_6" HPOS="267" VPOS="285" WIDTH="539" HEIGHT="30">
							<String ID="string_40" HPOS="267" VPOS="285" WIDTH="48" HEIGHT="27" WC="0.90" CONTENT="skap"/><SP WIDTH="19" VPOS="285" HPOS="315"/>
							<String ID="string_41" HPOS="334" VPOS="293" WIDTH="30" HEIGHT="13" WC="0.93" CONTENT="om"/><SP WIDTH="18" VPOS="293" HPOS="364"/>
							<String ID="string_42" HPOS="382" VPOS="289" WIDTH="92" HEIGHT="24" WC="0.91" CONTENT="gvinnans"/><SP WIDTH="18" VPOS="289" HPOS="474"/>
							<String ID="string_43" HPOS="492" VPOS="289" WIDTH="93" HEIGHT="25" WC="0.91" CONTENT="hafvande"/><SP WIDTH="18" VPOS="289" HPOS="585"/>
							<String ID="string_44" HPOS="603" VPOS="289" WIDTH="93" HEIGHT="24" WC="0.90" CONTENT="tillständ,"/><SP WIDTH="22" VPOS="289" HPOS="696"/>
							<String ID="string_45" HPOS="718" VPOS="291" WIDTH="88" HEIGHT="24" WC="0.96" CONTENT="antingen"/>
						</TextLine>
						<TextLine ID="line_7" HPOS="265" VPOS="315" WIDTH="540" HEIGHT="28">
							<String ID="string_46" HPOS="265" VPOS="320" WIDTH="67" HEIGHT="20" WC="0.93" CONTENT="genom"/><SP WIDTH="14" VPOS="320" HPOS="332"/>
							<String ID="string_47" HPOS="346" VPOS="316" WIDTH="93" HEIGHT="25" WC="0.92" CONTENT="synnerlig"/><SP WIDTH="14" VPOS="316" HPOS="439"/>
							<String ID="string_48" HPOS="453" VPOS="315" WIDTH="78" HEIGHT="21" WC="0.91" CONTENT="härdhet"/><SP WIDTH="14" VPOS="315" HPOS="531"/>
							<String ID="string_49" HPOS="545" VPOS="316" WIDTH="54" HEIGHT="26" WC="0.92" CONTENT="bragt"/><SP WIDTH="8" VPOS="316" HPOS="599"/>
							<String ID="string_50" HPOS="607" VPOS="317" WIDTH="59" HEIGHT="20" WC="0.90" CONTENT="henne"/><SP WIDTH="11" VPOS="317" HPOS="666"/>
							<String ID="string_51" HPOS="677" VPOS="317" WIDTH="26" HEIGHT="20" WC="0.93" CONTENT="till"/><SP WIDTH="3" VPOS="317" HPOS="703"/>
							<String ID="string_52" HPOS="706" VPOS="317" WIDTH="99" HEIGHT="26" WC="0.92" CONTENT="förtviflan"/>
						</TextLine>
						<TextLine ID="line_8" HPOS="266" VPOS="341" WIDTH="540" HEIGHT="29">
							<String ID="string_53" HPOS="262" VPOS="337" WIDTH="37" HEIGHT="37" WC="0.89" CONTENT="och"/><SP WIDTH="4" VPOS="337" HPOS="299"/>
							<String ID="string_54" HPOS="303" VPOS="341" WIDTH="96" HEIGHT="21" WC="0.63" CONTENT="sålunda"/><SP WIDTH="16" VPOS="341" HPOS="399"/>
							<String ID="string_55" HPOS="415" VPOS="345" WIDTH="55" HEIGHT="24" WC="0.86" CONTENT="gifvit"/><SP WIDTH="15" VPOS="345" HPOS="470"/>
							<String ID="string_56" HPOS="485" VPOS="345" WIDTH="74" HEIGHT="25" WC="0.83" CONTENT="upphof"/><SP WIDTH="15" VPOS="345" HPOS="559"/>
							<String ID="string_57" HPOS="574" VPOS="344" WIDTH="21" HEIGHT="20" WC="0.89" CONTENT="ät"/><SP WIDTH="18" VPOS="344" HPOS="595"/>
							<String ID="string_58" HPOS="613" VPOS="345" WIDTH="69" HEIGHT="20" WC="0.96" CONTENT="hennes"/><SP WIDTH="19" VPOS="345" HPOS="682"/>
							<String ID="string_59" HPOS="701" VPOS="345" WIDTH="58" HEIGHT="19" WC="0.95" CONTENT="beslut"/><SP WIDTH="18" VPOS="345" HPOS="759"/>
							<String ID="string_60" HPOS="777" VPOS="347" WIDTH="29" HEIGHT="18" WC="0.94" CONTENT="att"/>
						</TextLine>
						<TextLine ID="line_9" HPOS="267" VPOS="371" WIDTH="539" HEIGHT="26">
							<String ID="string_61" HPOS="267" VPOS="373" WIDTH="45" HEIGHT="23" WC="0.93" CONTENT="taga"/><SP WIDTH="17" VPOS="373" HPOS="312"/>
							<String ID="string_62" HPOS="329" VPOS="371" WIDTH="33" HEIGHT="19" WC="0.93" CONTENT="sitt"/><SP WIDTH="10" VPOS="371" HPOS="362"/>
							<String ID="string_63" HPOS="372" VPOS="372" WIDTH="64" HEIGHT="25" WC="0.93" CONTENT="foster"/><SP WIDTH="16" VPOS="372" HPOS="436"/>
							<String ID="string_64" HPOS="452" VPOS="373" WIDTH="24" HEIGHT="23" WC="0.93" CONTENT="af"/><SP WIDTH="11" VPOS="373" HPOS="476"/>
							<String ID="string_65" HPOS="487" VPOS="371" WIDTH="56" HEIGHT="26" WC="0.93" CONTENT="daga,"/><SP WIDTH="16" VPOS="371" HPOS="543"/>
							<String ID="string_66" HPOS="559" VPOS="373" WIDTH="44" HEIGHT="19" WC="0.93" CONTENT="eller"/><SP WIDTH="12" VPOS="373" HPOS="603"/>
							<String ID="string_67" HPOS="615" VPOS="373" WIDTH="34" HEIGHT="20" WC="0.92" CONTENT="ock"/><SP WIDTH="14" VPOS="373" HPOS="649"/>
							<String ID="string_68" HPOS="663" VPOS="371" WIDTH="101" HEIGHT="21" WC="0.92" CONTENT="underlätit"/><SP WIDTH="14" VPOS="371" HPOS="764"/>
							<String ID="string_69" HPOS="778" VPOS="375" WIDTH="28" HEIGHT="18" WC="0.96" CONTENT="att"/>
						</TextLine>
						<TextLine ID="line_10" HPOS="266" VPOS="399" WIDTH="540" HEIGHT="27">
							<String ID="string_70" HPOS="266" VPOS="405" WIDTH="48" HEIGHT="18" WC="0.93" CONTENT="egna"/><SP WIDTH="18" VPOS="405" HPOS="314"/>
							<String ID="string_71" HPOS="332" VPOS="399" WIDTH="58" HEIGHT="19" WC="0.92" CONTENT="henne"/><SP WIDTH="16" VPOS="399" HPOS="390"/>
							<String ID="string_72" HPOS="406" VPOS="399" WIDTH="37" HEIGHT="20" WC="0.93" CONTENT="den"/><SP WIDTH="17" VPOS="399" HPOS="443"/>
							<String ID="string_73" HPOS="460" VPOS="399" WIDTH="55" HEIGHT="24" WC="0.90" CONTENT="värd,"/><SP WIDTH="16" VPOS="399" HPOS="515"/>
							<String ID="string_74" HPOS="531" VPOS="400" WIDTH="71" HEIGHT="25" WC="0.90" CONTENT="hvaraf"/><SP WIDTH="10" VPOS="400" HPOS="602"/>
							<String ID="string_75" HPOS="612" VPOS="401" WIDTH="37" HEIGHT="19" WC="0.96" CONTENT="hon"/><SP WIDTH="14" VPOS="401" HPOS="649"/>
							<String ID="string_76" HPOS="663" VPOS="401" WIDTH="42" HEIGHT="19" WC="0.96" CONTENT="kort"/><SP WIDTH="7" VPOS="401" HPOS="705"/>
							<String ID="string_77" HPOS="712" VPOS="402" WIDTH="45" HEIGHT="24" WC="0.96" CONTENT="före"/><SP WIDTH="15" VPOS="402" HPOS="757"/>
							<String ID="string_78" HPOS="772" VPOS="401" WIDTH="34" HEIGHT="20" WC="0.96" CONTENT="och"/>
						</TextLine>
						<TextLine ID="line_11" HPOS="265" VPOS="426" WIDTH="541" HEIGHT="28">
							<String ID="string_79" HPOS="265" VPOS="426" WIDTH="61" HEIGHT="19" WC="0.93" CONTENT="under"/><SP WIDTH="6" VPOS="426" HPOS="326"/>
							<String ID="string_80" HPOS="332" VPOS="427" WIDTH="78" HEIGHT="24" WC="0.96" CONTENT="födseln"/><SP WIDTH="13" VPOS="427" HPOS="410"/>
							<String ID="string_81" HPOS="423" VPOS="429" WIDTH="50" HEIGHT="18" WC="0.96" CONTENT="varit"/><SP WIDTH="13" VPOS="429" HPOS="473"/>
							<String ID="string_82" HPOS="486" VPOS="429" WIDTH="7" HEIGHT="18" WC="0.93" CONTENT="i"/><SP WIDTH="14" VPOS="429" HPOS="493"/>
							<String ID="string_83" HPOS="507" VPOS="427" WIDTH="59" HEIGHT="26" WC="0.89" CONTENT="behof,"/><SP WIDTH="15" VPOS="427" HPOS="566"/>
							<String ID="string_84" HPOS="581" VPOS="429" WIDTH="34" HEIGHT="19" WC="0.93" CONTENT="och"/><SP WIDTH="15" VPOS="429" HPOS="615"/>
							<String ID="string_85" HPOS="630" VPOS="429" WIDTH="105" HEIGHT="25" WC="0.88" CONTENT="derigenom"/><SP WIDTH="12" VPOS="429" HPOS="735"/>
							<String ID="string_86" HPOS="747" VPOS="428" WIDTH="59" HEIGHT="20" WC="0.96" CONTENT="vållat"/>
						</TextLine>
						<TextLine ID="line_12" HPOS="260" VPOS="453" WIDTH="135" HEIGHT="26">
							<String ID="string_87" HPOS="260" VPOS="454" WIDTH="80" HEIGHT="25" WC="0.89" CONTENT="fostrets"/><SP WIDTH="12" VPOS="454" HPOS="340"/>
							<String ID="string_88" HPOS="352" VPOS="453" WIDTH="43" HEIGHT="21" WC="0.96" CONTENT="död."/>
						</TextLine>
					</TextBlock>
					<TextBlock ID="block_2" HPOS="262" VPOS="491" WIDTH="541" HEIGHT="142">
						<TextLine ID="line_13" HPOS="322" VPOS="491" WIDTH="479" HEIGHT="28">
							<String ID="string_89" HPOS="322" VPOS="491" WIDTH="25" HEIGHT="18" WC="0.89" CONTENT="D"/><SP WIDTH="13" VPOS="491" HPOS="347"/>
							<String ID="string_90" HPOS="360" VPOS="491" WIDTH="23" HEIGHT="26" WC="0.64" CONTENT="G."/><SP WIDTH="30" VPOS="491" HPOS="383"/>
							<String ID="string_91" HPOS="413" VPOS="491" WIDTH="29" HEIGHT="20" WC="0.92" CONTENT="De"/><SP WIDTH="18" VPOS="491" HPOS="442"/>
							<String ID="string_92" HPOS="460" VPOS="493" WIDTH="7" HEIGHT="18" WC="0.92" CONTENT="i"/><SP WIDTH="11" VPOS="493" HPOS="467"/>
							<String ID="string_93" HPOS="478" VPOS="492" WIDTH="116" HEIGHT="26" WC="0.96" CONTENT="föregående"/><SP WIDTH="13" VPOS="492" HPOS="594"/>
							<String ID="string_94" HPOS="607" VPOS="492" WIDTH="34" HEIGHT="27" WC="0.91" CONTENT="GG"/><SP WIDTH="14" VPOS="492" HPOS="641"/>
							<String ID="string_95" HPOS="655" VPOS="494" WIDTH="24" HEIGHT="25" WC="0.96" CONTENT="af"/><SP WIDTH="11" VPOS="494" HPOS="679"/>
							<String ID="string_96" HPOS="690" VPOS="493" WIDTH="61" HEIGHT="20" WC="0.93" CONTENT="denna"/><SP WIDTH="8" VPOS="493" HPOS="751"/>
							<String ID="string_97" HPOS="759" VPOS="494" WIDTH="42" HEIGHT="25" WC="0.90" CONTENT="för-"/>
						</TextLine>
						<TextLine ID="line_14" HPOS="264" VPOS="519" WIDTH="539" HEIGHT="28">
							<String ID="string_98" HPOS="264" VPOS="519" WIDTH="79" HEIGHT="26" WC="0.93" CONTENT="ordning"/><SP WIDTH="13" VPOS="519" HPOS="343"/>
							<String ID="string_99" HPOS="356" VPOS="519" WIDTH="92" HEIGHT="26" WC="0.93" CONTENT="stadgade"/><SP WIDTH="14" VPOS="519" HPOS="448"/>
							<String ID="string_100" HPOS="462" VPOS="527" WIDTH="71" HEIGHT="13" WC="0.93" CONTENT="ansvar"/><SP WIDTH="6" VPOS="527" HPOS="533"/>
							<String ID="string_101" HPOS="539" VPOS="521" WIDTH="36" HEIGHT="25" WC="0.93" CONTENT="för"/><SP WIDTH="14" VPOS="521" HPOS="575"/>
							<String ID="string_102" HPOS="589" VPOS="521" WIDTH="90" HEIGHT="26" WC="0.90" CONTENT="brottsligt"/><SP WIDTH="9" VPOS="521" HPOS="679"/>
							<String ID="string_103" HPOS="688" VPOS="521" WIDTH="115" HEIGHT="26" WC="0.96" CONTENT="förfarande"/>
						</TextLine>
						<TextLine ID="line_15" HPOS="264" VPOS="548" WIDTH="537" HEIGHT="27">
							<String ID="string_104" HPOS="264" VPOS="548" WIDTH="24" HEIGHT="25" WC="0.93" CONTENT="af"/><SP WIDTH="15" VPOS="548" HPOS="288"/>
							<String ID="string_105" HPOS="303" VPOS="548" WIDTH="78" HEIGHT="25" WC="0.92" CONTENT="gvinna,"/><SP WIDTH="15" VPOS="548" HPOS="381"/>
							<String ID="string_106" HPOS="396" VPOS="554" WIDTH="41" HEIGHT="13" WC="0.97" CONTENT="som"/><SP WIDTH="14" VPOS="554" HPOS="437"/>
							<String ID="string_107" HPOS="451" VPOS="549" WIDTH="23" HEIGHT="25" WC="0.93" CONTENT="af"/><SP WIDTH="11" VPOS="549" HPOS="474"/>
							<String ID="string_108" HPOS="485" VPOS="549" WIDTH="61" HEIGHT="25" WC="0.73" CONTENT="olofiig"/><SP WIDTH="14" VPOS="549" HPOS="546"/>
							<String ID="string_109" HPOS="560" VPOS="548" WIDTH="115" HEIGHT="21" WC="0.80" CONTENT="beblandelse"/><SP WIDTH="15" VPOS="548" HPOS="675"/>
							<String ID="string_110" HPOS="690" VPOS="549" WIDTH="57" HEIGHT="26" WC="0.93" CONTENT="blifvit"/><SP WIDTH="14" VPOS="549" HPOS="747"/>
							<String ID="string_111" HPOS="761" VPOS="549" WIDTH="40" HEIGHT="26" WC="0.90" CONTENT="haf-"/>
						</TextLine>
						<TextLine ID="line_16" HPOS="263" VPOS="575" WIDTH="539" HEIGHT="28">
							<String ID="string_112" HPOS="263" VPOS="575" WIDTH="67" HEIGHT="23" WC="0.81" CONTENT="vände,"/><SP WIDTH="14" VPOS="575" HPOS="330"/>
							<String ID="string_113" HPOS="344" VPOS="575" WIDTH="65" HEIGHT="28" WC="0.96" CONTENT="varde"/><SP WIDTH="8" VPOS="575" HPOS="409"/>
							<String ID="string_114" HPOS="417" VPOS="576" WIDTH="108" HEIGHT="26" WC="0.95" CONTENT="tillämpade"/><SP WIDTH="14" VPOS="576" HPOS="525"/>
							<String ID="string_115" HPOS="539" VPOS="577" WIDTH="55" HEIGHT="21" WC="0.96" CONTENT="äfven"/><SP WIDTH="10" VPOS="577" HPOS="594"/>
							<String ID="string_116" HPOS="604" VPOS="583" WIDTH="29" HEIGHT="14" WC="0.93" CONTENT="om"/><SP WIDTH="10" VPOS="583" HPOS="633"/>
							<String ID="string_117" HPOS="643" VPOS="577" WIDTH="102" HEIGHT="24" WC="0.92" CONTENT="häfdandet"/><SP WIDTH="9" VPOS="577" HPOS="745"/>
							<String ID="string_118" HPOS="754" VPOS="577" WIDTH="48" HEIGHT="20" WC="0.96" CONTENT="skett"/>
						</TextLine>
						<TextLine ID="line_17" HPOS="262" VPOS="603" WIDTH="464" HEIGHT="30">
							<String ID="string_119" HPOS="262" VPOS="603" WIDTH="47" HEIGHT="26" WC="0.96" CONTENT="efter"/><SP WIDTH="8" VPOS="603" HPOS="309"/>
							<String ID="string_120" HPOS="317" VPOS="604" WIDTH="88" HEIGHT="25" WC="0.96" CONTENT="fästning"/><SP WIDTH="14" VPOS="604" HPOS="405"/>
							<String ID="string_121" HPOS="419" VPOS="604" WIDTH="44" HEIGHT="19" WC="0.94" CONTENT="eller"/><SP WIDTH="13" VPOS="604" HPOS="463"/>
							<String ID="string_122" HPOS="476" VPOS="605" WIDTH="59" HEIGHT="20" WC="0.96" CONTENT="under"/><SP WIDTH="9" VPOS="605" HPOS="535"/>
							<String ID="string_123" HPOS="544" VPOS="605" WIDTH="119" HEIGHT="28" WC="0.96" CONTENT="äktenskaps"/><SP WIDTH="14" VPOS="605" HPOS="663"/>
							<String ID="string_124" HPOS="677" VPOS="605" WIDTH="49" HEIGHT="26" WC="0.96" CONTENT="löfte."/>
						</TextLine>
					</TextBlock>
					<TextBlock ID="block_3" HPOS="257" VPOS="637" WIDTH="546" HEIGHT="168">
						<TextLine ID="line_18" HPOS="320" VPOS="637" WIDTH="482" HEIGHT="27">
							<String ID="string_125" HPOS="320" VPOS="637" WIDTH="26" HEIGHT="19" WC="0.93" CONTENT="13"/><SP WIDTH="14" VPOS="637" HPOS="346"/>
							<String ID="string_126" HPOS="360" VPOS="637" WIDTH="23" HEIGHT="26" WC="0.90" CONTENT="f."/><SP WIDTH="32" VPOS="637" HPOS="383"/>
							<String ID="string_127" HPOS="415" VPOS="637" WIDTH="64" HEIGHT="25" WC="0.96" CONTENT="Böter,"/><SP WIDTH="18" VPOS="637" HPOS="479"/>
							<String ID="string_128" HPOS="497" VPOS="645" WIDTH="40" HEIGHT="14" WC="0.96" CONTENT="som"/><SP WIDTH="17" VPOS="645" HPOS="537"/>
							<String ID="string_129" HPOS="554" VPOS="639" WIDTH="55" HEIGHT="25" WC="0.96" CONTENT="enligt"/><SP WIDTH="11" VPOS="639" HPOS="609"/>
							<String ID="string_130" HPOS="620" VPOS="638" WIDTH="113" HEIGHT="26" WC="0.96" CONTENT="föregående"/><SP WIDTH="17" VPOS="638" HPOS="733"/>
							<String ID="string_131" HPOS="750" VPOS="637" WIDTH="25" HEIGHT="27" WC="0.69" CONTENT="$$"/><SP WIDTH="19" VPOS="637" HPOS="775"/>
							<String ID="string_132" HPOS="794" VPOS="638" WIDTH="8" HEIGHT="20" WC="0.95" CONTENT="i"/>
						</TextLine>
						<TextLine ID="line_19" HPOS="262" VPOS="665" WIDTH="540" HEIGHT="28">
							<String ID="string_133" HPOS="262" VPOS="665" WIDTH="62" HEIGHT="20" WC="0.95" CONTENT="denna"/><SP WIDTH="8" VPOS="665" HPOS="324"/>
							<String ID="string_134" HPOS="332" VPOS="665" WIDTH="114" HEIGHT="27" WC="0.93" CONTENT="förordning"/><SP WIDTH="15" VPOS="665" HPOS="446"/>
							<String ID="string_135" HPOS="461" VPOS="665" WIDTH="102" HEIGHT="25" WC="0.92" CONTENT="ädömmas,"/><SP WIDTH="12" VPOS="665" HPOS="563"/>
							<String ID="string_136" HPOS="575" VPOS="667" WIDTH="86" HEIGHT="26" WC="0.96" CONTENT="fördelas"/><SP WIDTH="13" VPOS="667" HPOS="661"/>
							<String ID="string_137" HPOS="674" VPOS="665" WIDTH="63" HEIGHT="21" WC="0.96" CONTENT="såsom"/><SP WIDTH="10" VPOS="665" HPOS="737"/>
							<String ID="string_138" HPOS="747" VPOS="667" WIDTH="7" HEIGHT="19" WC="0.84" CONTENT="i"/><SP WIDTH="9" VPOS="667" HPOS="754"/>
							<String ID="string_139" HPOS="763" VPOS="665" WIDTH="12" HEIGHT="20" WC="0.79" CONTENT="1"/><SP WIDTH="9" VPOS="665" HPOS="775"/>
							<String ID="string_140" HPOS="784" VPOS="665" WIDTH="18" HEIGHT="28" WC="0.43" CONTENT="fi"/>
						</TextLine>
						<TextLine ID="line_20" HPOS="262" VPOS="693" WIDTH="538" HEIGHT="28">
							<String ID="string_141" HPOS="262" VPOS="693" WIDTH="27" HEIGHT="20" WC="0.95" CONTENT="32"/><SP WIDTH="15" VPOS="693" HPOS="289"/>
							<String ID="string_142" HPOS="304" VPOS="693" WIDTH="77" HEIGHT="26" WC="0.93" CONTENT="kapitlet"/><SP WIDTH="13" VPOS="693" HPOS="381"/>
							<String ID="string_143" HPOS="394" VPOS="694" WIDTH="199" HEIGHT="27" WC="0.89" CONTENT="Rättegångs-Balken"/><SP WIDTH="14" VPOS="694" HPOS="593"/>
							<String ID="string_144" HPOS="607" VPOS="697" WIDTH="54" HEIGHT="24" WC="0.96" CONTENT="säges"/><SP WIDTH="10" VPOS="697" HPOS="661"/>
							<String ID="string_145" HPOS="671" VPOS="695" WIDTH="34" HEIGHT="19" WC="0.93" CONTENT="och"/><SP WIDTH="3" VPOS="695" HPOS="705"/>
							<String ID="string_146" HPOS="708" VPOS="695" WIDTH="92" HEIGHT="25" WC="0.92" CONTENT="förvand-"/>
						</TextLine>
						<TextLine ID="line_21" HPOS="262" VPOS="721" WIDTH="541" HEIGHT="28">
							<String ID="string_147" HPOS="262" VPOS="722" WIDTH="40" HEIGHT="23" WC="0.96" CONTENT="las,"/><SP WIDTH="16" VPOS="722" HPOS="302"/>
							<String ID="string_148" HPOS="318" VPOS="722" WIDTH="32" HEIGHT="19" WC="0.96" CONTENT="vid"/><SP WIDTH="14" VPOS="722" HPOS="350"/>
							<String ID="string_149" HPOS="364" VPOS="722" WIDTH="94" HEIGHT="20" WC="0.96" CONTENT="bristande"/><SP WIDTH="15" VPOS="722" HPOS="458"/>
							<String ID="string_150" HPOS="473" VPOS="723" WIDTH="76" HEIGHT="26" WC="0.95" CONTENT="tillgång"/><SP WIDTH="14" VPOS="723" HPOS="549"/>
							<String ID="string_151" HPOS="563" VPOS="723" WIDTH="34" HEIGHT="20" WC="0.96" CONTENT="hos"/><SP WIDTH="14" VPOS="723" HPOS="597"/>
							<String ID="string_152" HPOS="611" VPOS="723" WIDTH="36" HEIGHT="20" WC="0.93" CONTENT="den"/><SP WIDTH="14" VPOS="723" HPOS="647"/>
							<String ID="string_153" HPOS="661" VPOS="723" WIDTH="98" HEIGHT="25" WC="0.91" CONTENT="sakfällde,"/><SP WIDTH="16" VPOS="723" HPOS="759"/>
							<String ID="string_154" HPOS="775" VPOS="721" WIDTH="28" HEIGHT="22" WC="0.95" CONTENT="till"/>
						</TextLine>
						<TextLine ID="line_22" HPOS="257" VPOS="750" WIDTH="544" HEIGHT="26">
							<String ID="string_155" HPOS="257" VPOS="750" WIDTH="89" HEIGHT="26" WC="0.76" CONTENT="fängelse"/><SP WIDTH="21" VPOS="750" HPOS="346"/>
							<String ID="string_156" HPOS="367" VPOS="750" WIDTH="33" HEIGHT="20" WC="0.95" CONTENT="vid"/><SP WIDTH="19" VPOS="750" HPOS="400"/>
							<String ID="string_157" HPOS="419" VPOS="753" WIDTH="63" HEIGHT="18" WC="0.73" CONTENT="vatten"/><SP WIDTH="18" VPOS="753" HPOS="482"/>
							<String ID="string_158" HPOS="500" VPOS="751" WIDTH="33" HEIGHT="20" WC="0.96" CONTENT="och"/><SP WIDTH="20" VPOS="751" HPOS="533"/>
							<String ID="string_159" HPOS="553" VPOS="751" WIDTH="56" HEIGHT="24" WC="0.95" CONTENT="bröd,"/><SP WIDTH="18" VPOS="751" HPOS="609"/>
							<String ID="string_160" HPOS="627" VPOS="751" WIDTH="132" HEIGHT="20" WC="0.96" CONTENT="motsvarande"/><SP WIDTH="20" VPOS="751" HPOS="759"/>
							<String ID="string_161" HPOS="779" VPOS="757" WIDTH="22" HEIGHT="14" WC="0.96" CONTENT="en"/>
						</TextLine>
						<TextLine ID="line_23" HPOS="262" VPOS="778" WIDTH="275" HEIGHT="27">
							<String ID="string_162" HPOS="262" VPOS="778" WIDTH="88" HEIGHT="25" WC="0.96" CONTENT="tredjedel"/><SP WIDTH="14" VPOS="778" HPOS="350"/>
							<String ID="string_163" HPOS="364" VPOS="779" WIDTH="24" HEIGHT="25" WC="0.93" CONTENT="af"/><SP WIDTH="10" VPOS="779" HPOS="388"/>
							<String ID="string_164" HPOS="398" VPOS="779" WIDTH="139" HEIGHT="26" WC="0.89" CONTENT="bötesbeloppet."/>
						</TextLine>
					</TextBlock>
					<TextBlock ID="block_4" HPOS="260" VPOS="812" WIDTH="541" HEIGHT="196">
						<TextLine ID="line_24" HPOS="320" VPOS="812" WIDTH="481" HEIGHT="27">
							<String ID="string_165" HPOS="320" VPOS="812" WIDTH="25" HEIGHT="19" WC="0.92" CONTENT="14"/><SP WIDTH="15" VPOS="812" HPOS="345"/>
							<String ID="string_166" HPOS="360" VPOS="813" WIDTH="19" HEIGHT="24" WC="0.79" CONTENT="6."/><SP WIDTH="30" VPOS="813" HPOS="379"/>
							<String ID="string_167" HPOS="409" VPOS="812" WIDTH="70" HEIGHT="21" WC="0.91" CONTENT="Förser"/><SP WIDTH="18" VPOS="812" HPOS="479"/>
							<String ID="string_168" HPOS="497" VPOS="815" WIDTH="28" HEIGHT="24" WC="0.93" CONTENT="sig"/><SP WIDTH="19" VPOS="815" HPOS="525"/>
							<String ID="string_169" HPOS="544" VPOS="814" WIDTH="69" HEIGHT="25" WC="0.92" CONTENT="gvinna"/><SP WIDTH="19" VPOS="814" HPOS="613"/>
							<String ID="string_170" HPOS="632" VPOS="812" WIDTH="43" HEIGHT="21" WC="0.92" CONTENT="med"/><SP WIDTH="18" VPOS="812" HPOS="675"/>
							<String ID="string_171" HPOS="693" VPOS="813" WIDTH="108" HEIGHT="26" WC="0.92" CONTENT="lönskaläge"/>
						</TextLine>
						<TextLine ID="line_25" HPOS="263" VPOS="841" WIDTH="538" HEIGHT="26">
							<String ID="string_172" HPOS="263" VPOS="841" WIDTH="57" HEIGHT="26" WC="0.96" CONTENT="tredje"/><SP WIDTH="18" VPOS="841" HPOS="320"/>
							<String ID="string_173" HPOS="338" VPOS="841" WIDTH="43" HEIGHT="19" WC="0.93" CONTENT="eller"/><SP WIDTH="11" VPOS="841" HPOS="381"/>
							<String ID="string_174" HPOS="392" VPOS="841" WIDTH="62" HEIGHT="25" WC="0.92" CONTENT="fjerde"/><SP WIDTH="17" VPOS="841" HPOS="454"/>
							<String ID="string_175" HPOS="471" VPOS="848" WIDTH="56" HEIGHT="13" WC="0.96" CONTENT="resan"/><SP WIDTH="18" VPOS="848" HPOS="527"/>
							<String ID="string_176" HPOS="545" VPOS="841" WIDTH="43" HEIGHT="20" WC="0.96" CONTENT="eller"/><SP WIDTH="13" VPOS="841" HPOS="588"/>
							<String ID="string_177" HPOS="601" VPOS="841" WIDTH="66" HEIGHT="26" WC="0.96" CONTENT="oftare,"/><SP WIDTH="15" VPOS="841" HPOS="667"/>
							<String ID="string_178" HPOS="682" VPOS="841" WIDTH="33" HEIGHT="20" WC="0.96" CONTENT="och"/><SP WIDTH="14" VPOS="841" HPOS="715"/>
							<String ID="string_179" HPOS="729" VPOS="841" WIDTH="72" HEIGHT="20" WC="0.96" CONTENT="saknar"/>
						</TextLine>
						<TextLine ID="line_26" HPOS="262" VPOS="868" WIDTH="539" HEIGHT="27">
							<String ID="string_180" HPOS="262" VPOS="869" WIDTH="36" HEIGHT="20" WC="0.91" CONTENT="hon"/><SP WIDTH="18" VPOS="869" HPOS="298"/>
							<String ID="string_181" HPOS="316" VPOS="868" WIDTH="76" HEIGHT="27" WC="0.93" CONTENT="tillgång"/><SP WIDTH="17" VPOS="868" HPOS="392"/>
							<String ID="string_182" HPOS="409" VPOS="871" WIDTH="28" HEIGHT="17" WC="0.93" CONTENT="att"/><SP WIDTH="15" VPOS="871" HPOS="437"/>
							<String ID="string_183" HPOS="452" VPOS="869" WIDTH="59" HEIGHT="26" WC="0.88" CONTENT="gälda"/><SP WIDTH="17" VPOS="869" HPOS="511"/>
							<String ID="string_184" HPOS="528" VPOS="869" WIDTH="24" HEIGHT="20" WC="0.93" CONTENT="de"/><SP WIDTH="17" VPOS="869" HPOS="552"/>
							<String ID="string_185" HPOS="569" VPOS="869" WIDTH="61" HEIGHT="23" WC="0.95" CONTENT="böter,"/><SP WIDTH="15" VPOS="869" HPOS="630"/>
							<String ID="string_186" HPOS="645" VPOS="875" WIDTH="40" HEIGHT="14" WC="0.93" CONTENT="som"/><SP WIDTH="14" VPOS="875" HPOS="685"/>
							<String ID="string_187" HPOS="699" VPOS="869" WIDTH="58" HEIGHT="20" WC="0.96" CONTENT="henne"/><SP WIDTH="14" VPOS="869" HPOS="757"/>
							<String ID="string_188" HPOS="771" VPOS="869" WIDTH="30" HEIGHT="24" WC="0.94" CONTENT="för"/>
						</TextLine>
						<TextLine ID="line_27" HPOS="261" VPOS="897" WIDTH="538" HEIGHT="26">
							<String ID="string_189" HPOS="261" VPOS="897" WIDTH="62" HEIGHT="20" WC="0.93" CONTENT="sådan"/><SP WIDTH="11" VPOS="897" HPOS="323"/>
							<String ID="string_190" HPOS="334" VPOS="897" WIDTH="114" HEIGHT="26" WC="0.47" CONTENT="förbrytelse"/><SP WIDTH="18" VPOS="897" HPOS="448"/>
							<String ID="string_191" HPOS="466" VPOS="897" WIDTH="87" HEIGHT="24" WC="0.91" CONTENT="ädömas,"/><SP WIDTH="19" VPOS="897" HPOS="553"/>
							<String ID="string_192" HPOS="572" VPOS="897" WIDTH="58" HEIGHT="20" WC="0.96" CONTENT="varde"/><SP WIDTH="17" VPOS="897" HPOS="630"/>
							<String ID="string_193" HPOS="647" VPOS="897" WIDTH="76" HEIGHT="20" WC="0.93" CONTENT="böterna"/><SP WIDTH="9" VPOS="897" HPOS="723"/>
							<String ID="string_194" HPOS="732" VPOS="898" WIDTH="67" HEIGHT="25" WC="0.93" CONTENT="förän-"/>
						</TextLine>
						<TextLine ID="line_28" HPOS="262" VPOS="924" WIDTH="537" HEIGHT="27">
							<String ID="string_195" HPOS="262" VPOS="925" WIDTH="60" HEIGHT="20" WC="0.87" CONTENT="drade"/><SP WIDTH="14" VPOS="925" HPOS="322"/>
							<String ID="string_196" HPOS="336" VPOS="925" WIDTH="27" HEIGHT="20" WC="0.93" CONTENT="till"/><SP WIDTH="7" VPOS="925" HPOS="363"/>
							<String ID="string_197" HPOS="370" VPOS="925" WIDTH="149" HEIGHT="26" WC="0.96" CONTENT="fängelsestraff,"/><SP WIDTH="8" VPOS="925" HPOS="519"/>
							<String ID="string_198" HPOS="527" VPOS="926" WIDTH="36" HEIGHT="25" WC="0.92" CONTENT="för"/><SP WIDTH="8" VPOS="926" HPOS="563"/>
							<String ID="string_199" HPOS="571" VPOS="925" WIDTH="108" HEIGHT="26" WC="0.92" CONTENT="lönskaläge"/><SP WIDTH="10" VPOS="925" HPOS="679"/>
							<String ID="string_200" HPOS="689" VPOS="925" WIDTH="56" HEIGHT="26" WC="0.93" CONTENT="tredje"/><SP WIDTH="8" VPOS="925" HPOS="745"/>
							<String ID="string_201" HPOS="753" VPOS="924" WIDTH="46" HEIGHT="27" WC="0.89" CONTENT="gän-"/>
						</TextLine>
						<TextLine ID="line_29" HPOS="260" VPOS="953" WIDTH="539" HEIGHT="26">
							<String ID="string_202" HPOS="260" VPOS="960" WIDTH="36" HEIGHT="19" WC="0.95" CONTENT="gen"/><SP WIDTH="14" VPOS="960" HPOS="296"/>
							<String ID="string_203" HPOS="310" VPOS="955" WIDTH="8" HEIGHT="17" WC="0.93" CONTENT="i"/><SP WIDTH="14" VPOS="955" HPOS="318"/>
							<String ID="string_204" HPOS="332" VPOS="955" WIDTH="26" HEIGHT="18" WC="0.92" CONTENT="tre"/><SP WIDTH="14" VPOS="955" HPOS="358"/>
							<String ID="string_205" HPOS="372" VPOS="953" WIDTH="72" HEIGHT="24" WC="0.96" CONTENT="veckor,"/><SP WIDTH="16" VPOS="953" HPOS="444"/>
							<String ID="string_206" HPOS="460" VPOS="953" WIDTH="33" HEIGHT="20" WC="0.96" CONTENT="och"/><SP WIDTH="12" VPOS="953" HPOS="493"/>
							<String ID="string_207" HPOS="505" VPOS="955" WIDTH="32" HEIGHT="24" WC="0.93" CONTENT="för"/><SP WIDTH="14" VPOS="955" HPOS="537"/>
							<String ID="string_208" HPOS="551" VPOS="953" WIDTH="99" HEIGHT="20" WC="0.96" CONTENT="enahanda"/><SP WIDTH="6" VPOS="953" HPOS="650"/>
							<String ID="string_209" HPOS="656" VPOS="953" WIDTH="92" HEIGHT="26" WC="0.93" CONTENT="förseelse"/><SP WIDTH="3" VPOS="953" HPOS="748"/>
							<String ID="string_210" HPOS="751" VPOS="953" WIDTH="48" HEIGHT="26" WC="0.92" CONTENT="fjer-"/>
						</TextLine>
						<TextLine ID="line_30" HPOS="262" VPOS="981" WIDTH="396" HEIGHT="27">
							<String ID="string_211" HPOS="262" VPOS="981" WIDTH="24" HEIGHT="20" WC="0.93" CONTENT="de"/><SP WIDTH="12" VPOS="981" HPOS="286"/>
							<String ID="string_212" HPOS="298" VPOS="981" WIDTH="74" HEIGHT="26" WC="0.92" CONTENT="gängen"/><SP WIDTH="15" VPOS="981" HPOS="372"/>
							<String ID="string_213" HPOS="387" VPOS="981" WIDTH="43" HEIGHT="21" WC="0.92" CONTENT="eller"/><SP WIDTH="14" VPOS="981" HPOS="430"/>
							<String ID="string_214" HPOS="444" VPOS="983" WIDTH="59" HEIGHT="25" WC="0.92" CONTENT="oftare"/><SP WIDTH="14" VPOS="983" HPOS="503"/>
							<String ID="string_215" HPOS="517" VPOS="983" WIDTH="7" HEIGHT="18" WC="0.96" CONTENT="i"/><SP WIDTH="8" VPOS="983" HPOS="524"/>
							<String ID="string_216" HPOS="532" VPOS="982" WIDTH="42" HEIGHT="25" WC="0.93" CONTENT="fem"/><SP WIDTH="13" VPOS="982" HPOS="574"/>
							<String ID="string_217" HPOS="587" VPOS="981" WIDTH="71" HEIGHT="20" WC="0.91" CONTENT="veckor."/>
						</TextLine>
					</TextBlock>
					<TextBlock ID="block_5" HPOS="261" VPOS="1017" WIDTH="540" HEIGHT="161">
						<TextLine ID="line_31" HPOS="320" VPOS="1017" WIDTH="479" HEIGHT="26">
							<String ID="string_218" HPOS="320" VPOS="1017" WIDTH="26" HEIGHT="20" WC="0.96" CONTENT="15"/><SP WIDTH="15" VPOS="1017" HPOS="346"/>
							<String ID="string_219" HPOS="361" VPOS="1019" WIDTH="19" HEIGHT="24" WC="0.87" CONTENT="6."/><SP WIDTH="30" VPOS="1019" HPOS="380"/>
							<String ID="string_220" HPOS="410" VPOS="1017" WIDTH="49" HEIGHT="20" WC="0.87" CONTENT="Sker"/><SP WIDTH="19" VPOS="1017" HPOS="459"/>
							<String ID="string_221" HPOS="478" VPOS="1017" WIDTH="99" HEIGHT="26" WC="0.90" CONTENT="lägersmäl"/><SP WIDTH="18" VPOS="1017" HPOS="577"/>
							<String ID="string_222" HPOS="595" VPOS="1017" WIDTH="42" HEIGHT="20" WC="0.91" CONTENT="med"/><SP WIDTH="21" VPOS="1017" HPOS="637"/>
							<String ID="string_223" HPOS="658" VPOS="1018" WIDTH="45" HEIGHT="25" WC="0.93" CONTENT="ogift"/><SP WIDTH="21" VPOS="1018" HPOS="703"/>
							<String ID="string_224" HPOS="724" VPOS="1019" WIDTH="75" HEIGHT="24" WC="0.92" CONTENT="gvinna,"/>
						</TextLine>
						<TextLine ID="line_32" HPOS="262" VPOS="1045" WIDTH="536" HEIGHT="27">
							<String ID="string_225" HPOS="262" VPOS="1053" WIDTH="40" HEIGHT="13" WC="0.93" CONTENT="som"/><SP WIDTH="9" VPOS="1053" HPOS="302"/>
							<String ID="string_226" HPOS="311" VPOS="1047" WIDTH="46" HEIGHT="25" WC="0.93" CONTENT="fyllt"/><SP WIDTH="15" VPOS="1047" HPOS="357"/>
							<String ID="string_227" HPOS="372" VPOS="1047" WIDTH="38" HEIGHT="22" WC="0.82" CONTENT="tolf,"/><SP WIDTH="15" VPOS="1047" HPOS="410"/>
							<String ID="string_228" HPOS="425" VPOS="1053" WIDTH="41" HEIGHT="12" WC="0.97" CONTENT="men"/><SP WIDTH="15" VPOS="1053" HPOS="466"/>
							<String ID="string_229" HPOS="481" VPOS="1046" WIDTH="16" HEIGHT="22" WC="0.85" CONTENT="ei"/><SP WIDTH="14" VPOS="1046" HPOS="497"/>
							<String ID="string_230" HPOS="511" VPOS="1046" WIDTH="70" HEIGHT="25" WC="0.89" CONTENT="sjutton"/><SP WIDTH="14" VPOS="1046" HPOS="581"/>
							<String ID="string_231" HPOS="595" VPOS="1045" WIDTH="28" HEIGHT="24" WC="0.96" CONTENT="är,"/><SP WIDTH="15" VPOS="1045" HPOS="623"/>
							<String ID="string_232" HPOS="638" VPOS="1045" WIDTH="34" HEIGHT="20" WC="0.93" CONTENT="och"/><SP WIDTH="8" VPOS="1045" HPOS="672"/>
							<String ID="string_233" HPOS="680" VPOS="1046" WIDTH="56" HEIGHT="25" WC="0.93" CONTENT="förut"/><SP WIDTH="9" VPOS="1046" HPOS="736"/>
							<String ID="string_234" HPOS="745" VPOS="1045" WIDTH="17" HEIGHT="26" WC="0.79" CONTENT="ej"/><SP WIDTH="10" VPOS="1045" HPOS="762"/>
							<String ID="string_235" HPOS="772" VPOS="1045" WIDTH="26" HEIGHT="20" WC="0.92" CONTENT="lä-"/>
						</TextLine>
						<TextLine ID="line_33" HPOS="261" VPOS="1073" WIDTH="540" HEIGHT="27">
							<String ID="string_236" HPOS="261" VPOS="1074" WIDTH="49" HEIGHT="26" WC="0.94" CONTENT="grad"/><SP WIDTH="19" VPOS="1074" HPOS="310"/>
							<String ID="string_237" HPOS="329" VPOS="1077" WIDTH="33" HEIGHT="21" WC="0.92" CONTENT="är,"/><SP WIDTH="20" VPOS="1077" HPOS="362"/>
							<String ID="string_238" HPOS="382" VPOS="1074" WIDTH="58" HEIGHT="20" WC="0.92" CONTENT="varde"/><SP WIDTH="16" VPOS="1074" HPOS="440"/>
							<String ID="string_239" HPOS="456" VPOS="1081" WIDTH="79" HEIGHT="12" WC="0.92" CONTENT="mannen"/><SP WIDTH="18" VPOS="1081" HPOS="535"/>
							<String ID="string_240" HPOS="553" VPOS="1073" WIDTH="56" HEIGHT="20" WC="0.92" CONTENT="dömd"/><SP WIDTH="18" VPOS="1073" HPOS="609"/>
							<String ID="string_241" HPOS="627" VPOS="1073" WIDTH="26" HEIGHT="20" WC="0.83" CONTENT="till"/><SP WIDTH="11" VPOS="1073" HPOS="653"/>
							<String ID="string_242" HPOS="664" VPOS="1073" WIDTH="88" HEIGHT="26" WC="0.92" CONTENT="fängelse"/><SP WIDTH="16" VPOS="1073" HPOS="752"/>
							<String ID="string_243" HPOS="768" VPOS="1073" WIDTH="33" HEIGHT="20" WC="0.96" CONTENT="vid"/>
						</TextLine>
						<TextLine ID="line_34" HPOS="262" VPOS="1101" WIDTH="539" HEIGHT="26">
							<String ID="string_244" HPOS="262" VPOS="1105" WIDTH="62" HEIGHT="17" WC="0.96" CONTENT="vatten"/><SP WIDTH="15" VPOS="1105" HPOS="324"/>
							<String ID="string_245" HPOS="339" VPOS="1103" WIDTH="34" HEIGHT="19" WC="0.95" CONTENT="och"/><SP WIDTH="14" VPOS="1103" HPOS="373"/>
							<String ID="string_246" HPOS="387" VPOS="1102" WIDTH="47" HEIGHT="20" WC="0.96" CONTENT="bröd"/><SP WIDTH="11" VPOS="1102" HPOS="434"/>
							<String ID="string_247" HPOS="445" VPOS="1103" WIDTH="7" HEIGHT="18" WC="0.65" CONTENT="i"/><SP WIDTH="10" VPOS="1103" HPOS="452"/>
							<String ID="string_248" HPOS="462" VPOS="1101" WIDTH="22" HEIGHT="20" WC="0.65" CONTENT="sä"/><SP WIDTH="14" VPOS="1101" HPOS="484"/>
							<String ID="string_249" HPOS="498" VPOS="1101" WIDTH="44" HEIGHT="26" WC="0.96" CONTENT="lång"/><SP WIDTH="15" VPOS="1101" HPOS="542"/>
							<String ID="string_250" HPOS="557" VPOS="1101" WIDTH="33" HEIGHT="24" WC="0.96" CONTENT="tid,"/><SP WIDTH="15" VPOS="1101" HPOS="590"/>
							<String ID="string_251" HPOS="605" VPOS="1107" WIDTH="40" HEIGHT="14" WC="0.96" CONTENT="som"/><SP WIDTH="12" VPOS="1107" HPOS="645"/>
							<String ID="string_252" HPOS="657" VPOS="1103" WIDTH="107" HEIGHT="18" WC="0.96" CONTENT="motsvarar"/><SP WIDTH="13" VPOS="1103" HPOS="764"/>
							<String ID="string_253" HPOS="777" VPOS="1101" WIDTH="24" HEIGHT="20" WC="0.97" CONTENT="de"/>
						</TextLine>
						<TextLine ID="line_35" HPOS="262" VPOS="1129" WIDTH="537" HEIGHT="28">
							<String ID="string_254" HPOS="262" VPOS="1132" WIDTH="7" HEIGHT="18" WC="0.95" CONTENT="i"/><SP WIDTH="15" VPOS="1132" HPOS="269"/>
							<String ID="string_255" HPOS="284" VPOS="1130" WIDTH="30" HEIGHT="27" WC="0.94" CONTENT="lag"/><SP WIDTH="9" VPOS="1130" HPOS="314"/>
							<String ID="string_256" HPOS="323" VPOS="1131" WIDTH="35" HEIGHT="25" WC="0.95" CONTENT="för"/><SP WIDTH="14" VPOS="1131" HPOS="358"/>
							<String ID="string_257" HPOS="372" VPOS="1130" WIDTH="50" HEIGHT="21" WC="0.89" CONTENT="olika"/><SP WIDTH="8" VPOS="1130" HPOS="422"/>
							<String ID="string_258" HPOS="430" VPOS="1131" WIDTH="39" HEIGHT="24" WC="0.96" CONTENT="fall"/><SP WIDTH="14" VPOS="1131" HPOS="469"/>
							<String ID="string_259" HPOS="483" VPOS="1131" WIDTH="24" HEIGHT="24" WC="0.93" CONTENT="af"/><SP WIDTH="10" VPOS="1131" HPOS="507"/>
							<String ID="string_260" HPOS="517" VPOS="1129" WIDTH="100" HEIGHT="26" WC="0.55" CONTENT="lägersmä!"/><SP WIDTH="13" VPOS="1129" HPOS="617"/>
							<String ID="string_261" HPOS="630" VPOS="1131" WIDTH="71" HEIGHT="18" WC="0.93" CONTENT="utsatta"/><SP WIDTH="15" VPOS="1131" HPOS="701"/>
							<String ID="string_262" HPOS="716" VPOS="1129" WIDTH="83" HEIGHT="20" WC="0.81" CONTENT="bötesan-"/>
						</TextLine>
						<TextLine ID="line_36" HPOS="263" VPOS="1165" WIDTH="49" HEIGHT="13">
							<String ID="string_263" HPOS="263" VPOS="1165" WIDTH="49" HEIGHT="13" WC="0.84" CONTENT="svar."/>
						</TextLine>
					</TextBlock>
					<TextBlock ID="block_6" HPOS="262" VPOS="1190" WIDTH="538" HEIGHT="112">
						<TextLine ID="line_37" HPOS="320" VPOS="1190" WIDTH="479" HEIGHT="27">
							<String ID="string_264" HPOS="320" VPOS="1191" WIDTH="26" HEIGHT="20" WC="0.93" CONTENT="16"/><SP WIDTH="15" VPOS="1191" HPOS="346"/>
							<String ID="string_265" HPOS="361" VPOS="1193" WIDTH="19" HEIGHT="24" WC="0.92" CONTENT="$."/><SP WIDTH="30" VPOS="1193" HPOS="380"/>
							<String ID="string_266" HPOS="410" VPOS="1191" WIDTH="41" HEIGHT="20" WC="0.91" CONTENT="Mål"/><SP WIDTH="19" VPOS="1191" HPOS="451"/>
							<String ID="string_267" HPOS="470" VPOS="1191" WIDTH="96" HEIGHT="26" WC="0.96" CONTENT="angående"/><SP WIDTH="19" VPOS="1191" HPOS="566"/>
							<String ID="string_268" HPOS="585" VPOS="1190" WIDTH="22" HEIGHT="20" WC="0.96" CONTENT="de"/><SP WIDTH="19" VPOS="1190" HPOS="607"/>
							<String ID="string_269" HPOS="626" VPOS="1191" WIDTH="7" HEIGHT="18" WC="0.96" CONTENT="i"/><SP WIDTH="17" VPOS="1191" HPOS="633"/>
							<String ID="string_270" HPOS="650" VPOS="1191" WIDTH="62" HEIGHT="19" WC="0.93" CONTENT="denna"/><SP WIDTH="11" VPOS="1191" HPOS="712"/>
							<String ID="string_271" HPOS="723" VPOS="1190" WIDTH="76" HEIGHT="26" WC="0.92" CONTENT="förord-"/>
						</TextLine>
						<TextLine ID="line_38" HPOS="262" VPOS="1218" WIDTH="537" HEIGHT="28">
							<String ID="string_272" HPOS="262" VPOS="1221" WIDTH="44" HEIGHT="25" WC="0.95" CONTENT="ning"/><SP WIDTH="14" VPOS="1221" HPOS="306"/>
							<String ID="string_273" HPOS="320" VPOS="1221" WIDTH="97" HEIGHT="25" WC="0.95" CONTENT="upptagna"/><SP WIDTH="14" VPOS="1221" HPOS="417"/>
							<String ID="string_274" HPOS="431" VPOS="1218" WIDTH="54" HEIGHT="25" WC="0.95" CONTENT="brott,"/><SP WIDTH="14" VPOS="1218" HPOS="485"/>
							<String ID="string_275" HPOS="499" VPOS="1219" WIDTH="43" HEIGHT="19" WC="0.96" CONTENT="med"/><SP WIDTH="13" VPOS="1219" HPOS="542"/>
							<String ID="string_276" HPOS="555" VPOS="1218" WIDTH="96" HEIGHT="26" WC="0.96" CONTENT="undantag"/><SP WIDTH="15" VPOS="1218" HPOS="651"/>
							<String ID="string_277" HPOS="666" VPOS="1220" WIDTH="24" HEIGHT="24" WC="0.96" CONTENT="af"/><SP WIDTH="11" VPOS="1220" HPOS="690"/>
							<String ID="string_278" HPOS="701" VPOS="1218" WIDTH="48" HEIGHT="24" WC="0.96" CONTENT="dem,"/><SP WIDTH="10" VPOS="1218" HPOS="749"/>
							<String ID="string_279" HPOS="759" VPOS="1224" WIDTH="40" HEIGHT="14" WC="0.96" CONTENT="som"/>
						</TextLine>
						<TextLine ID="line_39" HPOS="262" VPOS="1246" WIDTH="538" HEIGHT="28">
							<String ID="string_280" HPOS="262" VPOS="1248" WIDTH="120" HEIGHT="26" WC="0.90" CONTENT="omförmälas"/><SP WIDTH="14" VPOS="1248" HPOS="382"/>
							<String ID="string_281" HPOS="396" VPOS="1249" WIDTH="8" HEIGHT="18" WC="0.96" CONTENT="i"/><SP WIDTH="14" VPOS="1249" HPOS="404"/>
							<String ID="string_282" HPOS="418" VPOS="1247" WIDTH="25" HEIGHT="19" WC="0.95" CONTENT="14"/><SP WIDTH="15" VPOS="1247" HPOS="443"/>
							<String ID="string_283" HPOS="458" VPOS="1248" WIDTH="33" HEIGHT="19" WC="0.95" CONTENT="och"/><SP WIDTH="13" VPOS="1248" HPOS="491"/>
							<String ID="string_284" HPOS="504" VPOS="1247" WIDTH="26" HEIGHT="19" WC="0.96" CONTENT="15"/><SP WIDTH="15" VPOS="1247" HPOS="530"/>
							<String ID="string_285" HPOS="545" VPOS="1248" WIDTH="36" HEIGHT="24" WC="0.96" CONTENT="$$,"/><SP WIDTH="16" VPOS="1248" HPOS="581"/>
							<String ID="string_286" HPOS="597" VPOS="1246" WIDTH="52" HEIGHT="20" WC="0.96" CONTENT="skola"/><SP WIDTH="15" VPOS="1246" HPOS="649"/>
							<String ID="string_287" HPOS="664" VPOS="1247" WIDTH="24" HEIGHT="25" WC="0.93" CONTENT="af"/><SP WIDTH="12" VPOS="1247" HPOS="688"/>
							<String ID="string_288" HPOS="700" VPOS="1246" WIDTH="100" HEIGHT="20" WC="0.92" CONTENT="Underrätt"/>
						</TextLine>
						<TextLine ID="line_40" HPOS="262" VPOS="1274" WIDTH="312" HEIGHT="28">
							<String ID="string_289" HPOS="262" VPOS="1276" WIDTH="106" HEIGHT="20" WC="0.91" CONTENT="hemställas"/><SP WIDTH="15" VPOS="1276" HPOS="368"/>
							<String ID="string_290" HPOS="383" VPOS="1274" WIDTH="85" HEIGHT="28" WC="0.91" CONTENT="Hofrätts"/><SP WIDTH="14" VPOS="1274" HPOS="468"/>
							<String ID="string_291" HPOS="482" VPOS="1276" WIDTH="92" HEIGHT="25" WC="0.92" CONTENT="pröfning."/>
						</TextLine>
					</TextBlock>
					<TextBlock ID="block_7" HPOS="262" VPOS="1309" WIDTH="541" HEIGHT="85">
						<TextLine ID="line_41" HPOS="319" VPOS="1309" WIDTH="480" HEIGHT="28">
							<String ID="string_292" HPOS="319" VPOS="1312" WIDTH="25" HEIGHT="20" WC="0.93" CONTENT="17"/><SP WIDTH="15" VPOS="1312" HPOS="344"/>
							<String ID="string_293" HPOS="359" VPOS="1314" WIDTH="20" HEIGHT="23" WC="0.83" CONTENT="$."/><SP WIDTH="29" VPOS="1314" HPOS="379"/>
							<String ID="string_294" HPOS="408" VPOS="1311" WIDTH="68" HEIGHT="20" WC="0.96" CONTENT="Denna"/><SP WIDTH="12" VPOS="1311" HPOS="476"/>
							<String ID="string_295" HPOS="488" VPOS="1310" WIDTH="112" HEIGHT="27" WC="0.95" CONTENT="förordning"/><SP WIDTH="18" VPOS="1310" HPOS="600"/>
							<String ID="string_296" HPOS="618" VPOS="1310" WIDTH="53" HEIGHT="19" WC="0.96" CONTENT="träde"/><SP WIDTH="14" VPOS="1310" HPOS="671"/>
							<String ID="string_297" HPOS="685" VPOS="1311" WIDTH="7" HEIGHT="17" WC="0.93" CONTENT="i"/><SP WIDTH="14" VPOS="1311" HPOS="692"/>
							<String ID="string_298" HPOS="706" VPOS="1309" WIDTH="93" HEIGHT="20" WC="0.92" CONTENT="verksam-"/>
						</TextLine>
						<TextLine ID="line_42" HPOS="262" VPOS="1336" WIDTH="541" HEIGHT="27">
							<String ID="string_299" HPOS="262" VPOS="1342" WIDTH="30" HEIGHT="18" WC="0.96" CONTENT="het"/><SP WIDTH="14" VPOS="1342" HPOS="292"/>
							<String ID="string_300" HPOS="306" VPOS="1341" WIDTH="36" HEIGHT="19" WC="0.92" CONTENT="den"/><SP WIDTH="15" VPOS="1341" HPOS="342"/>
							<String ID="string_301" HPOS="357" VPOS="1355" WIDTH="5" HEIGHT="5" WC="0.88" CONTENT="."/><SP WIDTH="16" VPOS="1355" HPOS="362"/>
							<String ID="string_302" HPOS="378" VPOS="1355" WIDTH="4" HEIGHT="4" WC="0.84" CONTENT="."/><SP WIDTH="17" VPOS="1355" HPOS="382"/>
							<String ID="string_303" HPOS="399" VPOS="1354" WIDTH="5" HEIGHT="5" WC="0.59" CONTENT="."/><SP WIDTH="16" VPOS="1354" HPOS="404"/>
							<String ID="string_304" HPOS="420" VPOS="1354" WIDTH="4" HEIGHT="4" WC="0.59" CONTENT="."/><SP WIDTH="16" VPOS="1354" HPOS="424"/>
							<String ID="string_305" HPOS="440" VPOS="1338" WIDTH="40" HEIGHT="20" WC="0.67" CONTENT="186"/><SP WIDTH="12" VPOS="1338" HPOS="480"/>
							<String ID="string_306" HPOS="492" VPOS="1353" WIDTH="25" HEIGHT="6" WC="0.67" CONTENT=".."/><SP WIDTH="32" VPOS="1353" HPOS="517"/>
							<String ID="string_307" HPOS="549" VPOS="1338" WIDTH="28" HEIGHT="20" WC="0.93" CONTENT="Är"/><SP WIDTH="13" VPOS="1338" HPOS="577"/>
							<String ID="string_308" HPOS="590" VPOS="1338" WIDTH="73" HEIGHT="25" WC="0.64" CONTENT="straffet"/><SP WIDTH="20" VPOS="1338" HPOS="663"/>
							<String ID="string_309" HPOS="683" VPOS="1337" WIDTH="6" HEIGHT="20" WC="0.91" CONTENT="å"/><SP WIDTH="14" VPOS="1337" HPOS="689"/>
							<String ID="string_310" HPOS="703" VPOS="1336" WIDTH="62" HEIGHT="26" WC="0.96" CONTENT="någon"/><SP WIDTH="15" VPOS="1336" HPOS="765"/>
							<String ID="string_311" HPOS="780" VPOS="1338" WIDTH="23" HEIGHT="25" WC="0.96" CONTENT="af"/>
						</TextLine>
						<TextLine ID="line_43" HPOS="262" VPOS="1366" WIDTH="537" HEIGHT="28">
							<String ID="string_312" HPOS="262" VPOS="1368" WIDTH="22" HEIGHT="20" WC="0.96" CONTENT="de"/><SP WIDTH="14" VPOS="1368" HPOS="284"/>
							<String ID="string_313" HPOS="298" VPOS="1368" WIDTH="132" HEIGHT="26" WC="0.91" CONTENT="förbrytelser,"/><SP WIDTH="20" VPOS="1368" HPOS="430"/>
							<String ID="string_314" HPOS="450" VPOS="1373" WIDTH="40" HEIGHT="13" WC="0.96" CONTENT="som"/><SP WIDTH="18" VPOS="1373" HPOS="490"/>
							<String ID="string_315" HPOS="508" VPOS="1368" WIDTH="7" HEIGHT="16" WC="0.94" CONTENT="i"/><SP WIDTH="13" VPOS="1368" HPOS="515"/>
							<String ID="string_316" HPOS="528" VPOS="1366" WIDTH="136" HEIGHT="24" WC="0.95" CONTENT="förordningen"/><SP WIDTH="19" VPOS="1366" HPOS="664"/>
							<String ID="string_317" HPOS="683" VPOS="1368" WIDTH="116" HEIGHT="19" WC="0.95" CONTENT="omnämnas,"/>
						</TextLine>
					</TextBlock>
				</ComposedBlock>
			</PrintSpace>
		</Page>
	</Layout>
</alto>
