992 1753
281 113 71 23 Nädiga
364 116 138 23 Propositionen
514 115 36 19 N:o
563 117 28 17 15.
744 121 5 3 >
771 112 32 24 ätt

244 166 49 18 sit
309 164 84 27 dödfödt,
406 165 50 20 eller
471 166 22 19 sä
508 166 117 26 ofullgänget,
640 170 28 17 att
682 167 30 19 det
727 168 16 24 ej
758 167 44 20 kun-

253 194 47 18 "mat
317 194 41 18 med
375 194 24 24 Uf
411 193 113 27 framfödas,
542 194 75 27 straffes
634 196 81 25 gvinnan
726 196 36 24 för
776 196 26 19 lä-

264 220 100 25 gersmälet
377 222 68 19 allena.

298 252 2 4 *
325 248 17 20 6
352 249 22 25 f.
405 249 78 26 Nyttjar
498 252 78 31 gvinna,
595 257 40 13 som
654 252 24 24 af
693 251 61 25 oloflig
773 251 29 20 be-

266 276 95 20 blandelse
374 277 57 25 blifvit
445 278 101 24 hafvande,
561 279 7 17 i
582 279 58 25 afsigt
653 281 28 17 att
695 278 50 20 döda
760 279 43 19 eller

259 304 96 28 Jördrijva
369 306 32 18 sitt
410 306 68 24 foster,
492 307 83 18 invärtes
589 306 43 20 eller
645 309 82 17 utvärtes
736 306 65 24 medel,

265 338 43 14 som
323 332 39 20 kan
377 332 57 26 hafoa
452 332 60 21 sådan
530 333 79 23 verkan,
623 334 58 19 varde
696 334 62 23 dömd,
773 341 29 13 om

261 357 74 28 fosbbet
347 361 7 18 i
365 361 53 25 följd
433 361 59 28 deraf
504 360 81 21 kommer
598 364 46 17 utan
658 363 24 24 lif
693 362 43 19 eller
750 363 51 25 ofull-

264 386 71 27 gårget
343 389 64 25 fram,
426 389 27 19 till
470 389 73 20 tukihus
554 389 50 26 från
620 390 34 19 och
671 390 43 19 med
731 389 30 20 två
776 391 27 19 till

265 415 34 20 och
313 417 42 18 med
369 422 35 14 sex
418 416 28 23 år,
461 423 42 13 men
517 423 30 14 om
560 416 62 21 sådan
635 417 73 26 påföljd
721 417 40 20 icke
775 419 27 18 in-

265 443 77 26 träffar,
359 445 30 19 till
392 440 99 42 fängelse
498 444 49 27 från
564 445 33 20 och
615 445 42 20 med
674 445 30 20 två.
724 446 27 19 till
769 447 33 19 och

265 471 42 20 med
320 478 39 14 sex
369 471 96 28 månader.

323 499 49 27 Tf.
402 501 48 23 Den,
465 507 49 18 som,
524 501 47 20 med
585 503 91 24 gvinnans
689 503 52 25 vilja,
756 509 46 19 upp-

264 507 81 59 såtligen
360 529 59 20 dödat
436 529 43 20 eller
489 530 104 26 fördrifvit
604 529 68 21 hennes
683 531 73 25 foster,
775 530 27 26 pä

264 558 38 18 sätt
319 558 6 18 i
343 556 16 20 6
371 556 16 26 G
402 560 62 22 säges,
479 553 79 43 siraffes
567 557 42 20 med
624 558 73 20 tukihus
705 558 49 26 från
768 559 34 19 och

264 584 43 20 med
321 587 26 17 tre
362 586 28 19 till
403 586 33 19 och
449 585 43 20 med
505 585 41 20 åtta
560 584 28 21 år.
618 585 98 21 Stadnade
728 588 74 24 gernin-

263 618 36 21 gen
317 611 32 22 vid
359 608 69 44 försök
438 629 5 8 ,
463 609 80 35 ådömes
553 605 141 47 tukthusstraff
698 614 50 26 från
769 615 33 31 och

264 641 43 29 med
321 641 30 20 två
365 640 91 22 månader
470 642 27 20 till
510 637 37 25 och
557 642 42 20 med
614 642 30 20 två
659 642 27 20 år.

322 669 44 21 Har
381 669 72 27 någon,
472 672 7 18 i
496 670 70 26 uppsåt
580 673 28 17 att
622 670 99 20 medverka
736 671 26 19 till
770 672 32 25 fo-

263 700 55 17 strets
333 698 86 19 dödande
433 698 44 20 eller
483 698 139 26 fördrifvande,
637 699 79 19 allenast
731 699 71 20 tillhan-

264 725 79 20 dahällit
360 727 82 25 qvirnan
459 726 68 23 medel,
542 732 40 14 som
597 727 60 19 dertill
672 727 74 25 tjenliga
761 729 40 21 äro,

265 754 34 19 och
316 753 81 21 kommer
408 755 70 24 fostret
495 755 9 18 i
515 754 51 26 följd
584 754 57 26 deraf
656 757 46 17 utan
720 755 24 25 lif
760 755 44 20 eller

264 781 111 27 ofullgånget
387 784 63 23 fram,
469 783 74 25 straffes
560 782 43 20 med
620 783 74 20 tukthus
706 782 48 27 från
769 783 34 20 och

265 810 42 19 med
321 810 30 20 två
367 811 26 19 till
407 811 33 20 och
455 811 41 19 med
505 812 49 25 fyra
568 810 28 20 år.
620 810 64 27 Följer
698 811 16 26 ej
722 812 80 25 fostrets

265 838 37 20 död
319 839 24 25 af
357 838 62 20 sådan
437 838 76 26 åtgärd,
532 839 57 24 varde
608 839 55 19 dömd
680 840 27 19 till
715 839 88 26 fängelse

259 866 48 26 från
322 867 33 20 och
369 867 44 19 med
427 867 30 19 två
473 868 25 19 till
512 868 34 19 och
560 867 43 20 med
616 873 34 14 sex
665 867 95 20 månader.

323 894 15 20 8
350 895 22 25 f.
403 895 59 20 Söker
476 895 68 25 någon,
558 897 8 17 i
579 895 109 25 rättsvidrig
703 897 57 24 afsigt
770 896 32 19 och

265 926 46 17 utan
326 925 91 24 gvinnans
431 923 52 26 vilja,
498 925 28 17 att
540 923 49 20 döda
604 923 44 20 eller
654 923 96 26 fördrifva
760 923 42 20 hen-

264 957 33 14 nes
306 952 69 25 foster,
391 951 62 20 dömes.
468 953 29 18 att
509 951 61 20 hållas
582 953 7 17 i
599 950 81 24 tukihus,
695 958 29 12 om
733 952 70 25 fostret

239 984 2 3 *
265 981 6 17 i
290 979 47 25 följd
355 979 56 26 deraf
427 979 83 20 kommer
525 982 46 16 utan
590 979 24 25 lf
630 979 43 19 eller
691 979 112 25 ofullgänget

259 1008 65 24 Jram,
339 1007 48 25 från
407 1007 33 20 och
459 1007 41 19 med
511 1008 49 25 fyra
578 1007 28 19 till
622 1007 33 19 och
672 1007 42 19 med
731 1009 25 18 tio
773 1006 29 24 år,

265 1035 43 22 och,
327 1041 30 13 om
375 1034 61 19 sådan
453 1035 70 19 verkan
540 1034 13 19 ä
568 1036 101 23 gerningen
686 1035 39 18 icke
738 1034 63 26 följer,

262 1061 47 26 från
327 1063 33 19 och
374 1063 42 18 med
430 1069 35 13 sex
479 1062 132 20 månader
579 1057 40 35 till
625 1062 33 20 och
672 1063 42 18 med
729 1062 31 19 två
774 1061 27 20 år.

323 1091 47 19 Fick
387 1092 81 24 qvinnan
485 1092 25 24 af
517 1092 101 24 gerningen
633 1090 45 19 svår
691 1090 111 25 kroppsska-

265 1119 36 23 da,
321 1118 32 20 må
372 1119 49 19 tiden
437 1119 33 25 för
491 1119 147 24 tukihusstrafjet
652 1119 102 25 förlängas
777 1119 27 18 til

266 1147 53 26 högst
333 1147 36 25 tolf
380 1149 34 22 är;
428 1147 32 26 ljöt
474 1147 36 20 hon
525 1147 59 25 deraf
593 1146 67 23 döden,
671 1146 75 20 ädömes
757 1146 45 20 tukt-

265 1175 35 20 hus
314 1176 6 17 i
336 1175 35 26 tolf
381 1175 29 23 är,
426 1175 43 20 eller
479 1175 27 26 pä
521 1175 63 25 lifstid.

322 1203 14 20 9
351 1203 22 26 f$.
403 1203 42 20 Har
462 1205 76 24 gvinna,
557 1209 40 14 som
615 1204 23 25 af
652 1203 60 25 oloflig
730 1203 72 19 beblan-

266 1231 49 20 delse
329 1233 49 18 varit
392 1232 99 25 hafvande,
504 1233 7 18 i
521 1232 58 25 afsigt
592 1233 28 17 att
628 1232 76 25 frigöra
718 1233 29 23 sig
755 1229 49 27 från

267 1261 42 18 sina
325 1260 67 25 pligter
409 1259 61 20 såsom
488 1259 71 23 moder,
578 1261 58 18 utsait
654 1260 32 18 sitt
700 1259 102 25 nyssfödda

267 1288 47 20 barn
328 1287 12 20 å
355 1287 69 20 sådant
439 1289 53 18 ställe
506 1288 44 19 eller
563 1287 59 20 under
635 1287 74 20 sådana
724 1289 80 17 omstän-

267 1317 88 24 digheter,
371 1319 28 16 att
406 1317 49 24 fara
464 1317 35 25 för
512 1316 42 19 dess
569 1315 25 25 lif
604 1315 42 20 eller
660 1315 52 19 helsa
724 1321 36 13 var
762 1316 39 23 för-

268 1344 83 23 handen,
372 1345 57 18 ehuru
449 1342 79 28 gvinnan
550 1343 58 20 likväl
626 1343 42 19 med
689 1342 116 20 sannolikhet

268 1372 60 19 kunde
346 1373 58 18 vänta
423 1373 42 18 dess
485 1371 103 25 räddning,
608 1371 57 19 varde
684 1371 68 21 dömd,
776 1377 29 12 om

269 1400 64 18 barnet
348 1399 56 25 deraf
415 1399 33 25 ljöt
461 1399 59 19 döden
535 1399 43 18 eller
586 1397 40 26 fick
640 1397 43 20 svår
693 1397 111 26 kroppsska-
