1014 1784
428 338 40 33 11.

277 449 68 23 Hans
359 449 154 28 Kejserliga
522 449 138 29 Majestäts
669 447 86 30 Nädiga
765 448 51 23 Pro-

210 477 96 30 position
320 477 37 23 till
372 477 103 23 Finlands
492 477 99 28 Ständer,
607 476 114 29 angående
735 482 82 28 anony-

205 502 40 59 aa
259 506 58 24 eller
328 505 140 29 aktie-bolag
483 505 41 24 och
535 507 62 28 tysta
607 505 55 24 eller
671 504 145 25 kommandit-

247 540 35 22 ag.

128 591 57 19 Huru
201 590 58 26 bolag
275 589 48 21 skall
341 590 74 26 läggas,
435 589 61 21 hållas
511 590 37 20 och
562 591 69 26 brytas
644 591 23 19 är
680 589 31 20 väl
726 589 90 26 stadgadt

72 617 7 20 i
98 617 24 20 15
140 617 45 26 kap.
206 617 22 20 H.
246 617 22 20 B.
284 617 41 19 och
341 617 27 20 till
387 617 53 20 vissa
455 617 54 21 delar
522 619 91 18 närmare
627 616 106 21 förklaradt
746 621 71 21 genom

74 645 70 24 Kongl.
161 643 277 26 manufaktur-privilegierna
453 644 23 19 af
489 644 38 20 den
544 644 25 20 29
585 643 38 25 Maj
637 643 52 20 1739
703 643 21 25 $$
739 643 24 19 24
779 643 38 19 och

75 670 35 26 26,
129 671 68 25 Kongl.
217 670 144 26 haliordningen
376 670 22 20 af
412 670 38 20 den
468 671 11 19 2
498 670 52 26 April
569 670 51 20 1770
634 672 37 18 art.
688 670 11 19 5
714 670 11 25 $
738 670 13 18 4
765 671 53 18 samt

74 697 68 27 Kongl.
161 697 138 26 förordningen
315 697 21 19 af
350 697 39 19 den
405 696 25 20 28
448 697 44 19 Juni
510 697 59 20 1798.
600 698 44 19 Men
660 697 62 24 dessa
741 696 76 26 lagrum

75 722 38 22 och
131 723 119 26 stadganden
267 723 42 20 afse
326 723 69 20 endast
411 722 74 21 sädane
501 724 73 25 öppna,
593 723 81 20 emellan
693 725 28 17 ett
741 722 77 20 mindre

75 750 50 22 antal
143 756 96 20 personer
256 749 97 26 ingångna
369 750 68 25 bolag,
454 750 36 20 der
508 750 151 26 bolagsmännen
677 749 76 19 enhvar
773 748 44 20 icke

73 777 50 20 blott
139 778 66 18 kunna
221 776 125 26 personligen
359 776 76 26 deltaga
449 776 6 19 i
469 777 141 25 förvaltningen
624 776 21 20 af
651 775 94 26 'bolagets
755 780 64 20 ange-

69 804 128 26 Jägenheter,
216 805 47 17 utan
279 802 74 20 Jerhos
367 802 54 25 böra,
437 803 36 20 alla
486 803 30 19 för
530 808 25 14 en
569 802 38 20 och
622 808 24 14 en
659 802 31 19 för
704 802 43 25 alla,
763 800 54 20 såväl

74 829 46 21 med
137 829 39 21 den
193 830 5 19 i
215 829 79 25 bolaget
311 829 69 19 insatta
397 829 128 26 egendomen,
543 835 44 14 som
600 830 38 19 ock
652 828 46 20 med
713 828 30 22 sin
756 828 62 26 öfriga

74 857 144 25 förmögenhet,
237 861 85 14 ansvara
339 856 29 19 för
385 856 88 25 bolagets
491 855 136 21 förbindelser.
659 854 99 21 Handelns
779 855 39 19 och

74 883 107 20 industrins
195 882 112 26 utveckling
322 883 35 19 har
371 882 59 21 likväl
445 882 5 19 i
465 888 70 14 senare
550 882 51 21 tider
614 882 103 20 dessutom
727 881 91 20 framkal-

74 910 27 19 lat
119 909 106 26 särskilda,
244 909 25 26 på
287 909 60 20 andra
364 909 87 26 grunder
468 912 142 17 sammansatta
627 908 120 26 föreningar,
763 909 55 25 isyn-

75 937 79 20 nerhet:

129 968 96 21 anonyma
243 963 48 19 eller
305 962 136 26 aktie-bolag,
459 961 47 21 med
523 961 109 28 begränsad
651 960 139 27 ansvarighet,
810 960 8 20 i

70 989 71 20 -hvilka
158 988 145 26 delaktigheten
320 989 123 20 bestämmes
460 989 50 20 efter
521 989 72 24 aktier,
609 989 69 20 ställda
692 987 24 26 pä
730 987 89 20 innehaf-

75 1021 61 15 varen
151 1016 47 19 eller
211 1015 26 26 pä
252 1015 41 20 viss
308 1021 53 19 man,
377 1018 51 18 samt

128 1045 52 23 tystä
197 1042 48 19 eller
263 1041 100 21 såkallade
379 1041 201 26 kommandit-bolag,
599 1042 36 20 der
654 1047 25 14 en
701 1041 47 22 eller
767 1041 50 22 flere

71 1074 98 21 personer
182 1071 43 23 taga
240 1069 31 19 del
286 1069 4 18 i
305 1074 24 14 en
344 1068 90 20 handels-
448 1069 47 20 eller
509 1068 168 24 industrirörelse,
693 1073 44 15 som
750 1069 21 18 af
783 1073 35 14 en-

71 1095 53 20 skild
141 1101 73 19 person
230 1095 47 19 eller
293 1096 61 24 öppet
370 1095 57 25 bolag
444 1095 109 24 bedrifves,
572 1094 82 20 sålunda
671 1097 28 17 att
715 1095 32 24 de,
764 1097 54 17 emot

72 1121 95 25 betingad
185 1121 55 19 andel
257 1121 22 19 af
294 1121 83 24 vinsten,
394 1120 5 19 i
413 1122 88 19 rörelsen
515 1120 71 20 insätta
600 1121 108 25 penningar
723 1121 46 19 eller
785 1126 32 14 an-

75 1154 38 14 nan
129 1147 98 26 egendom
244 1148 27 19 till
288 1148 99 20 bestämdt
402 1148 83 24 belopp,
504 1150 45 16 utan
564 1150 28 17 att
605 1147 50 20 dock
683 1148 63 24 deltaga
759 1147 6 19 i
779 1146 39 20 för-

75 1174 113 26 valtningen
201 1174 20 20 af
233 1174 88 26 bolagets
335 1174 168 26 angelägenheter,
519 1174 47 20 eller
581 1179 83 14 ansvara
679 1173 29 20 för
721 1173 47 21 dess
777 1173 41 20 för-

72 1201 101 21 bindelser
186 1200 117 20 annorledes
318 1202 24 18 än
356 1201 46 20 med
416 1201 30 19 sin
460 1200 67 26 gjorda
541 1200 70 20 insats.

127 1226 27 22 Då
172 1228 57 25 bolag
246 1228 21 19 af
281 1228 61 19 dessa
358 1228 41 25 slag
417 1226 16 25 ej
452 1227 63 19 finnas
532 1227 5 19 i
555 1228 56 24 lagen
628 1226 132 22 omnämnde,
785 1226 31 22 vill

74 1256 61 18 Hans
151 1253 135 26 Kejserliga
301 1252 119 27 Majeståt,
440 1254 26 19 till
481 1253 124 25 afhjelpande
619 1254 21 19 af
651 1259 24 14 en
690 1252 62 21 sådan
766 1252 52 20 brist

73 1282 6 19 i
92 1280 152 27 lagstiftningen,
260 1281 30 19 för
304 1280 75 21 landets
389 1280 85 20 Ständer
487 1280 26 20 till
528 1280 108 25 antagande
649 1279 71 21 föreslå
735 1278 82 26 följande

73 1310 73 17 tvenne
161 1307 143 25 förordningar:

266 1360 15 18 I.
293 1359 32 19 Om
336 1363 89 20 anonyma
437 1359 47 19 eller
495 1359 121 24 aktie-bolag.

281 1402 4 3 :
421 1392 43 25 $1.

123 1424 27 19 De
165 1429 43 14 som
224 1422 45 26 vilja
283 1422 44 26 ingä
340 1426 97 22 anonymt
451 1423 64 25 bolag,
529 1421 100 27 grundadt
639 1422 26 25 pä
675 1422 70 25 aktier,
756 1422 57 19 skola
