989 1828
398 117 71 22 Nådiga
480 117 139 23 Propositionen
633 117 35 17 N:o
681 117 27 16 16.

389 166 70 21 sådant
474 167 26 24 till
507 167 37 20 älle
559 167 44 19 eller
616 167 60 22 ställe,
692 172 39 13 som
745 167 7 17 i
767 165 27 19 16
808 164 16 27 f
843 171 54 13 mom.
913 165 11 18 1

387 205 29 4 —
424 194 19 20 4
457 195 123 24 omförmäles.

450 221 97 25 Vällande,
563 223 82 22 kvarom,
660 223 7 18 i
681 221 15 20 6
709 222 34 19 och
757 221 14 19 8
785 221 33 26 Gf
828 223 51 24 sägs,
894 221 31 20 mä

369 239 2 2 |
390 250 16 25 ej
421 250 57 21 heller
491 251 22 26 af
526 257 64 14 annan
605 253 25 16 än
643 249 121 27 målsegande
778 249 69 20 åtalas.

445 278 25 19 30
485 279 38 20 och
538 279 22 20 31
577 278 27 26 $$.
634 279 33 24 (Af
685 283 77 15 samma
782 277 82 20 innehåll
879 277 46 20 med

368 298 2 2 *
387 305 139 20 motsvarande
539 305 23 25 $$
576 305 5 19 i
595 304 161 26 propositionen).

447 331 24 20 32
487 331 16 25 $.
534 332 13 21 I
559 332 23 20 de
591 331 46 26 fall,
652 331 33 20 der
702 331 111 20 Underrätts
826 331 63 25 utslag
898 332 28 19 uti

389 357 39 21 mål
441 359 98 25 angående
556 361 23 19 de
596 361 7 18 i
623 360 60 18 denna
697 359 114 25 förordning
829 361 97 23 upptagna

389 386 54 24 brott,
462 388 55 25 enligt
535 388 14 18 5
567 387 17 27 f
603 387 26 19 25
647 387 78 25 kapitlet
742 386 185 26 Rättegångsbalken

391 414 43 21 eller
447 415 81 21 särskild
541 416 120 25 författning,
682 415 53 19 bordt
754 415 107 19 hemställas
880 414 46 27 Hof-
950 432 3 1 -

391 445 48 18 rätts
451 444 95 25 pröfning,
561 444 34 19 bör
608 443 51 26 dylik
673 444 146 24 underställning
829 444 55 25 äfven
892 444 35 25 för

392 471 101 23 framtiden
507 478 35 20 ega
555 478 46 14 rum.

449 499 24 19 33
489 499 14 25 $.
536 500 53 20 Huru
603 500 35 19 den
652 499 49 20 skall
715 500 84 25 straffas,
812 506 40 14 som
856 500 71 25 förgri-

391 534 36 19 per
440 530 28 24 sig
483 528 41 20 med
538 528 129 25 väldsgerning
682 527 12 19 ä
709 527 99 49 Käse
816 528 44 19 eller
878 528 49 19 med-

392 556 35 19 lem
442 557 23 25 af
477 556 104 26 Kejserliga
596 556 60 24 huset;

450 584 43 20 eller
506 584 117 26 uppsåtligen
638 586 59 17 sätter
711 583 28 19 eld
754 587 8 16 i
776 590 73 13 annans
859 584 35 19 hus
904 584 24 19 el-

394 612 27 19 ler
433 611 55 25 gård,
503 612 34 20 och
551 612 106 24 derigenom
670 611 61 20 vållar
744 611 72 26 någons
831 612 45 23 död;

450 641 44 19 eller
501 641 88 25 föröfvar
603 640 113 19 misshandel
731 639 12 20 &
752 640 68 25 foster,
840 639 88 20 hvarmed

393 668 68 24 qvinna
475 669 45 25 efter
535 668 60 25 oloflig
609 668 114 19 beblandelse
739 671 24 16 är
776 668 44 19 eller
829 669 49 18 varit
888 668 40 25 haf-

393 696 71 24 vande;

451 707 44 48 eller
507 724 105 26 Ofverfaller
626 730 63 13 annan
698 724 36 38 för
748 726 28 16 att
789 723 36 19 rån
840 723 43 20 eller
892 724 36 25 röf-

393 758 40 16 veri
437 753 84 24 föröfva:
567 761 4 2 =

451 781 44 19 eller
507 786 66 19 genom
587 779 131 27 öfverträdelse
737 780 24 25 af
766 779 108 26 föreskrift,
890 781 45 18 som”

394 807 57 26 blifvit
464 809 62 24 gifven
541 809 26 18 till.
581 807 110 26 skyddande
705 809 24 24 af
731 808 99 25 jernvägs-
844 810 44 17 eller
896 807 32 20 ka-

393 837 153 24 nalanläygning,
561 835 60 20 vållar:
635 835 37 20 död
685 838 44 17 eller
737 835 45 20 svår
791 835 139 26 kroppsskada;

451 866 44 17 eller
508 864 60 19 dödar
583 866 43 17 eller
640 863 57 20 sårar
710 870 65 13 annan
789 865 27 18 uti
831 865 60 24 envig;

397 891 62 20 derom
473 895 24 15 är
511 891 88 21 särskildt
613 891 94 26 stadgadt.

457 919 70 21 Genom
541 920 62 19 denna
611 920 114 25 förordning
739 920 43 19 sker
796 920 16 25 ej
827 920 56 21 heller
896 920 33 19 nå-

392 954 37 19 gon
444 947 79 26 ändring
541 948 24 25 af
576 948 22 19 de
611 949 8 17 i
633 948 82 25 krigslag
723 948 155 25 förekommande
896 955 34 13 an-

394 976 205 20 svarsbestämmelser
591 972 12 34 i
609 976 86 25 afseende
705 976 12 19 å
727 976 47 23 dem,
785 983 40 12 som
836 978 26 18 till
871 976 59 26 krigs-

396 1005 74 19 makten
485 1004 51 19 höra.
600 1029 2 2 N

452 1032 25 19 34
491 1031 16 26 8.
540 1032 67 20 Denna
615 1032 113 26 förordning
744 1033 52 19 träde
815 1033 7 18 i
836 1032 93 20 verksam-

397 1061 30 19 het
441 1061 35 18 den
496 1076 20 4 <.
533 1075 109 5 n.
657 1059 41 20 186
713 1074 5 5 .
734 1075 4 4 .
755 1061 123 22 Misshandel,
891 1067 40 13 som

395 1089 120 25 derförinnan
525 1089 101 25 föräfvats,
639 1095 42 13 men
691 1090 35 24 för
740 1089 72 19 hvilken
831 1088 59 25 straff
905 1087 25 20 dä

394 1116 17 25 o
425 1120 23 16 är
465 1116 91 21 bestämdt
573 1122 66 19 genom
657 1118 68 23 utslag,
745 1122 40 14 som
802 1118 66 18 vunnit
886 1118 44 24 laga

396 1144 50 26 kraft
461 1145 43 19 eller
518 1144 17 25 e
549 1144 128 26 öfverklagadt
690 1144 74 23 varder,
780 1144 48 19 skall
838 1144 34 20 ock
886 1145 46 25 efter

396 1172 61 19 denna
468 1173 111 24 förordning
593 1173 84 24 straffas,
698 1179 29 13 om
747 1173 30 19 det
795 1179 76 16 ansvar,
891 1176 38 16 som

396 1201 55 24 enligt
465 1201 36 19 den
515 1201 34 18 bör
562 1199 13 21 å
590 1199 65 21 brottet
665 1201 58 24 följa,
744 1204 24 15 är
786 1201 100 25 lindrigare
905 1203 26 16 än

395 1229 38 22 det,
448 1235 40 13 som
501 1229 63 24 derför
577 1229 6 17 i
598 1228 53 19 äldre
665 1231 31 22 lag
709 1230 43 18 eller
756 1229 113 25 författning
879 1228 50 19 stad-

393 1256 46 25 gadt
453 1257 54 20 varit.

487 1311 88 21 Finlands
586 1311 77 20 Ständer
674 1311 106 21 framhärda
791 1313 35 17 ete.

239 1347 129 40 Helsingfors,
385 1358 41 28 den
441 1359 22 18 17
477 1359 52 19 Mars
546 1358 57 20 1864.
