986 1753
162 118 38 32 488
382 122 71 22 Nådiga
464 121 139 23 Propositionen
615 120 37 18 N:o
663 120 28 18 18.

371 171 63 19 vilelse
447 174 38 16 mot
499 170 45 23 den,
564 176 39 13 som
621 170 38 19 död
677 172 32 20 är,
730 175 32 18 ege
779 168 42 19 dess
840 168 67 22 maka,

365 199 107 25 föräldrar,
482 199 47 19 barn
539 198 44 19 eller
591 198 76 25 syskon,
678 197 38 19 lika
725 196 42 19 med
780 202 64 13 annan
853 195 55 19 måls-

371 227 77 25 egande,
463 228 38 18 rätt
511 228 28 17 att
553 225 66 19 brottet
631 224 59 23 åtala,
701 225 33 19 der
743 224 61 19 sådan
814 224 52 19 talan
876 230 32 12 an-

372 255 62 19 ställes
449 256 49 18 inom
507 254 96 25 förloppet
617 254 24 24 af
648 252 29 20 två
692 252 23 20 år
729 252 58 20 sedan
802 252 66 20 brottet
880 252 29 19 be-

370 282 58 26 gicks.
458 282 63 24 Hafva
537 282 51 25 tjugu
603 280 22 20 år
637 281 82 25 förflutit
737 280 58 19 sedan
809 280 45 22 den,
872 282 38 18 mot

370 289 74 41 kon
459 310 100 20 tillvitelsen
575 316 35 12 var
623 309 68 25 rigtad,
703 308 66 26 aflidit,
784 307 26 21 dä
824 314 32 20 ege
871 307 40 20 ätal

372 338 16 25 ej
402 345 48 12 rum.

431 365 27 20 16
472 365 21 26 G.
523 365 49 23 Den,
587 371 39 13 som
642 365 25 18 till
679 365 56 25 falsk
752 364 101 25 angifvelse
868 364 44 18 eller

372 400 64 13 annan
451 393 138 24 ärekränkning
604 395 24 16 är
642 393 61 22 saker,
718 391 31 20 mä
763 392 40 23 ock,
819 392 45 25 efter
873 397 37 14 om-

373 421 161 26 ständigheterna,
557 421 65 19 dömas
642 423 27 16 att
691 421 76 24 erlägga
785 419 81 20 kostnad
885 420 27 19 till

374 449 96 26 tryckning
484 451 7 18 i
501 449 70 20 allmän
586 449 43 18 eller
643 451 61 17 ortens
719 448 70 25 tidning
804 448 23 25 af
839 447 30 20 det
883 450 28 17 ut-

374 478 50 34 slag,
440 479 118 24 hvarigenom
577 477 36 19 den
626 476 60 20 andre
704 477 65 19 vunnit
787 476 124 25 upprätielse,

374 505 23 20 sä
408 507 61 25 framt
483 506 58 19 denne
556 505 31 20 det
601 505 63 20 äskar.

434 534 77 19 17—19
525 533 29 25 $$.
584 531 140 27 (Likalydande
741 532 46 19 med
801 537 76 14 samma
891 531 21 25 $$

376 559 4 19 i
394 559 162 26 propositionen).

434 587 28 19 20
477 586 21 26 f.
529 586 12 19 I
553 586 23 19 de
585 586 48 25 fall,
652 584 24 20 dä
694 584 61 26 någon
777 585 55 25 enligt
850 585 62 19 denna

370 615 112 25 förordning
497 615 23 25 af
530 614 101 19 Underrätt
645 613 62 20 dömes
722 616 28 17 att
759 615 55 17 mista
829 613 83 25 tjensten,

377 644 43 18 eller
429 646 28 16 att
466 641 82 27 undergå
563 642 134 24 tukthusstraf
702 642 7 18 i
719 641 31 19 två
765 641 22 19 är
797 641 43 19 eller
848 642 65 24 längre

377 671 32 23 tid,
426 672 42 18 eller
476 670 99 26 förklaras
585 670 76 24 ovärdig
671 669 140 26 medborgerligt
819 670 93 25 förtroen-

376 699 34 23 de,
430 699 57 18 varde
503 698 56 19 mälet
577 697 115 19 understäldt
710 697 86 25 Hofrätts
815 698 97 25 pröfning,

376 726 63 20 såsom
454 728 6 17 i
475 727 30 24 lag
519 732 30 13 om
565 725 128 25 hemställning
707 725 56 25 sagdt
777 728 28 16 är.

435 754 24 19 21
473 753 22 26 f.
525 754 68 19 Denna
603 752 114 29 förordning
731 753 53 19 träde
799 754 7 17 i
820 753 93 18 verksam-

377 783 30 19 het
419 782 35 20 den
469 797 5 4 .
493 797 1 3 .
511 797 4 3 .
537 781 60 20 186
594 777 11 32 .
613 796 5 3 .
644 781 151 24 Arekränkning,
810 787 39 13 som
864 781 50 18 dess-

372 811 92 25 Jförinnan
476 810 104 26 föröfvats,
598 816 42 12 men
651 809 35 26 för
703 809 67 19 hvilket
789 809 58 26 straff
858 808 25 20 dä
898 809 16 24 ej

376 841 24 16 är
414 838 91 20 bestämdt
521 844 67 20 genom
601 834 58 41 utslag
668 851 5 9 ,
693 843 39 14 som
747 839 64 17 vunnit
828 837 43 19 eller
883 835 33 26 får

377 868 57 18 vinna
449 867 44 25 laga
507 866 56 26 kraft,
579 865 30 20 må
625 866 33 18 ock
673 866 45 24 efter
732 865 61 19 denna
802 865 113 26 förordning

378 895 78 24 straffas
471 901 29 12 om
515 894 30 19 det
561 900 76 16 ansvar,
652 899 39 13 som
707 893 55 25 enligt
776 893 35 19 den
826 893 32 19 bör
864 893 51 25 följa

378 922 12 19 å
405 922 71 23 brottet,
492 925 23 16 är
524 921 101 25 lindrigare
635 924 25 16 än
670 921 36 23 det,
717 927 39 13 som
771 921 62 25 derför
846 922 7 17 i
863 921 52 19 äldre

378 951 30 24 lag
424 951 43 18 eller
474 950 114 25 författning
602 950 49 18 varit
665 949 94 25 stadgadt.

227 984 127 25 Helsingfors,
370 984 37 19 den
422 984 23 19 21
462 984 79 18 Januari
557 983 58 19 1864.

418 1163 253 23 Reservationer.

230 1219 25 19 Af
269 1217 270 21 Universitetssekreteraren
554 1218 142 20 Grotenfelt:

229 1245 65 20 «Ense
311 1245 44 20 med
375 1244 111 20 Utskottets
505 1244 90 25 pluralitö
612 1244 5 18 i
632 1243 54 26 fråga
703 1249 33 14 om
756 1245 116 25 rättigheten
889 1247 28 16 att

176 1271 43 19 leda
234 1271 104 25 sanningen
352 1271 20 18 af
385 1273 27 16 ett
428 1270 147 20 ärekränkande
592 1258 81 31 tillmäle
685 1271 5 18 i
704 1271 57 19 bevis
779 1260 37 30 kan
828 1270 32 25 jag
874 1271 44 19 icke

177 1297 101 28 godkänna
293 1285 37 31 den
347 1297 20 18 af
379 1297 101 18 Utskottet
499 1299 82 22 antagna
598 1296 146 24 bestämningen
765 1299 28 16 att
807 1295 61 20 sådan
884 1297 34 18 be-

177 1322 76 25 visning
268 1323 57 18 äfven
339 1321 24 20 då
381 1321 88 20 tillmälet
489 1323 60 18 afsett
566 1322 52 19 brott
639 1324 52 17 emot
708 1310 70 31 allmän
795 1323 38 23 lag,
857 1323 61 18 borde

176 1337 77 30 företes
262 1347 34 20 vid
311 1353 75 14 samma
400 1347 93 25 domstol,
508 1348 36 19 der
558 1346 132 27 injuriemålet
705 1349 21 18 är
740 1348 106 25 anhängigt
860 1349 37 19 och
913 1349 5 18 i

176 1375 143 26 sammanhang
329 1374 46 20 med
385 1374 59 19 detta.
469 1360 64 45 Enligt
542 1374 63 20 denna
620 1375 122 26 uppfattning
750 1375 21 20 af
783 1375 61 20 saken
853 1375 65 20 skulle

177 1406 23 14 en
216 1401 125 26 förbrytelse,
356 1401 59 19 äfven
429 1402 21 18 af
462 1394 91 27 svåraste
568 1402 47 24 slag,
634 1401 61 27 kunna
710 1404 79 24 antagas
803 1407 47 15 vara
864 1402 55 20 bevi-
