992 1795
288 114 70 24 Nådiga
370 117 139 22 Propositionen
521 116 36 18 N:o
570 116 27 17 16.
781 115 33 19 437

276 166 45 18 eller
333 166 44 22 flere
397 167 66 20 honom
482 168 103 25 öfverfallit,
603 166 37 26 fått
659 169 74 24 ringare
753 167 61 20 skada

276 196 26 17 Gn
316 194 7 18 i
336 194 14 19 4
364 194 16 26 f
395 196 55 25 sagdt
469 199 30 20 är,
521 196 34 20 och
573 196 38 19 kan
631 197 16 25 ej
667 196 76 19 utredas
762 196 52 19 hvem

277 222 74 20 skadan
366 223 137 25 åstadkommit,
519 224 76 25 straffes
609 232 22 12 en
646 225 47 19 hvar
707 226 7 17 i
723 223 90 27 slagsmä-

278 250 24 19 let
316 250 80 27 delaktig
410 252 42 19 med
460 254 87 24 fängelse
555 252 49 25 från
619 254 33 18 och
666 253 42 19 mid
726 260 35 12 sex
780 252 33 19 da-

275 284 37 20 går
326 280 27 18 till
367 280 34 19 och
415 281 42 19 med
466 287 35 13 sex
511 280 91 20 månader
611 282 44 18 eller
668 281 51 19 böter
725 280 46 26 från
781 282 34 18 och

276 306 43 19 med
326 308 75 25 fyratio
417 309 26 19 till
462 309 33 19 och
513 309 43 19 med
568 309 124 25 fyrahundra
711 308 60 23 mark,
791 309 22 19 sä

271 334 62 26 Jramt
348 336 16 25 ej
378 336 48 20 hans
439 338 78 24 gerning
531 338 8 18 i
551 336 60 20 denna
615 338 115 24 författning
740 339 24 17 är
772 337 43 19 med

276 364 99 25 sirängare
390 371 70 13 ansvar
470 361 70 42 belagd.

334 392 13 19 I
360 392 88 25 afseende
460 392 27 26 på
501 393 112 25 delaktighet
627 394 7 18 i
647 374 114 49 misshandel
780 400 33 12 un-

277 419 34 19 der
324 420 61 19 andra
400 421 161 26 omständigheter,
577 423 24 18 än
617 422 22 18 de
653 422 8 18 i
673 420 61 20 denna
745 421 32 19 och
782 422 31 24 fö-

277 446 91 26 regående
383 448 17 26 f
414 450 89 22 nämnda,
519 449 74 19 komma
607 450 23 18 de
645 448 96 26 angående
751 449 62 18 delak-

278 475 56 26 tighet
347 477 7 17 i
368 475 49 21 brott
431 478 7 17 i
453 477 98 20 allmänhet
564 477 87 25 gällande
659 477 119 26 föreskrifter
787 479 28 17 att

278 504 49 25 tjena
343 505 26 18 till
384 506 124 25 efterrättelse.

336 533 23 19 12
374 533 17 25 $.
421 533 40 20 För
475 533 92 27 uppsåtlig
587 534 113 20 misshandel
719 532 12 21 &
750 540 64 13 annan

276 561 77 20 medelst
367 562 55 26 hugg,
437 562 48 27 slag,
500 564 42 21 stöt,
558 562 96 26 knuffning
664 563 43 19 eller
716 562 51 25 dylik
771 563 41 25 för-

275 590 89 26 gripelse,
387 591 57 24 deraf
458 593 75 24 ringare
553 591 43 20 eller
613 591 40 19 icke
671 590 62 26 någon
752 591 61 20 skida

276 619 47 25 följt,
338 619 57 19 varde
404 620 88 25 fängelse
501 618 48 27 från
563 620 33 20 och
610 619 43 20 med
666 625 36 14 sex
716 619 62 26 dagar
787 620 27 19 till

277 647 33 20 och
324 647 42 19 med
381 654 35 13 sex
430 647 91 20 månader
536 648 43 20 eller
593 647 51 20 böter
651 647 48 27 från
718 648 34 19 och
771 647 42 20 med

277 675 51 26 tjugu
344 676 26 19 till
384 676 32 19 och
431 677 43 18 med
488 675 103 21 tvåhundra
605 677 55 19 mark
673 677 139 25 gerningsman-

276 710 36 13 nen
322 703 81 20 ådömdt.

332 731 25 20 43
372 732 38 19 och
425 733 25 19 14
464 732 28 25 $$.
521 732 33 24 (Af
565 732 39 20 lika
617 732 76 26 lydelse
705 732 46 20 med
760 737 52 15 sam-

274 763 33 14 ma
320 757 23 25 $$
357 759 5 18 i
376 759 164 24 propositionen).

334 784 24 20 15
373 785 18 25 $.
421 784 48 21 Sker
482 786 113 19 misshandel
610 784 13 20 å
637 786 66 22 maka,
721 786 52 26 stiuf-
789 786 23 19 el-

275 814 27 19 ler
316 814 144 25 svärföräldrar,
474 814 158 26 fosterföräldrar,
642 814 133 26 förmyndare,
786 814 26 19 lä-

275 848 50 17 rare,
341 842 93 20 husbonde
450 842 47 27 eller,
514 850 63 16 annan,
598 842 55 28 under
667 842 56 19 hvars
742 842 71 26 lydnad

277 877 44 13 man
336 870 47 24 står;

332 899 43 19 eller
388 900 88 25 föröfvas
494 899 114 20 misshandel
628 898 12 20 &
660 899 151 25 landtdagsman,

274 931 40 15 som
328 926 81 21 bevistar
424 928 44 19 eller
482 930 23 17 är
518 927 13 20 &
544 930 37 23 väg
597 928 25 18 till
637 927 44 19 eller
689 926 48 26 från
752 927 59 19 landt-

274 955 44 25 dag,
334 955 26 20 då
374 956 40 19 han
429 956 142 25 tillkännagifvit
581 957 27 17 att
617 956 38 19 han
665 956 6 18 i
681 954 69 21 sådant
759 958 53 16 ären-

276 983 23 19 de
314 984 58 19 stadd
385 987 31 21 är;

334 1012 43 19 eller
389 1015 55 23 göres
458 1011 113 21 misshandel
585 1010 12 20 &
612 1011 77 20 embets-
705 1011 44 20 eller
768 1011 44 25 tjen-

274 1042 79 22 steman,
369 1041 25 19 dä
409 1041 37 19 han
460 1044 24 16 är
497 1042 8 18 i
518 1041 84 25 utöfning
617 1041 22 24 af
655 1040 31 19 sitt
705 1039 44 23 kall,
770 1039 43 20 eller

269 1069 35 25 för
318 1071 28 17 alt
360 1069 67 20 honom
442 1069 26 20 till
478 1064 71 43 någon
564 1068 75 19 embets-
658 1067 43 20 eller
721 1063 90 42 tjensteåt-

272 1096 51 26 gärd
338 1099 68 24 tvinga,
423 1098 43 19 eller
480 1094 82 29 derifrän
577 1096 74 23 hindra,
667 1096 45 19 eller
721 1098 28 17 att
759 1095 12 20 ä
781 1097 31 18 ho-

275 1131 43 13 nom
326 1127 36 24 för
375 1126 63 20 sådan
452 1125 68 26 åtgärd
533 1125 87 23 hämnas;

334 1154 44 19 eller
390 1155 49 22 sker,
456 1155 7 18 i
477 1153 99 21 enahanda
585 1153 39 26 fall
639 1153 43 18 eller
695 1153 54 25 syfte,
760 1154 52 17 miss-

275 1181 69 20 handel
358 1181 12 20 å
384 1182 68 26 någon,
468 1189 39 13 som
521 1185 24 16 är
552 1180 109 27 förordnad
676 1181 43 19 eller
732 1180 45 19 vald
786 1183 28 16 att

277 1210 89 25 ofentligt
376 1210 132 26 tjensteärende
512 1210 93 25 förrätta,
616 1209 43 18 eller
669 1215 64 12 annan
743 1208 71 19 allmän

276 1238 101 26 befattning
392 1239 70 23 utöfva,
478 1238 43 19 eller
535 1237 64 20 kallad
609 1239 28 16 att
645 1237 32 19 vid
687 1236 80 25 offentlig
771 1237 42 24 för-

276 1266 82 25 rättning
375 1265 121 27 tillhandagå,
512 1265 43 20 eller
565 1265 123 25 bemyndigad
698 1267 27 16 att
735 1264 78 19 husran-

277 1293 61 20 sakan
352 1295 89 22 anställa;

336 1322 43 20 eller
387 1323 87 25 föröfvas
488 1321 113 20 misshandel
616 1320 12 19 &
642 1320 43 24 den,
705 1326 40 13 som
767 1320 46 19 bevi-

278 1352 43 18 star
326 1350 114 26 gudstjenst;

280 1390 6 4 +
307 1374 15 34 —
335 1378 59 20 varde
408 1378 36 19 den
460 1373 139 41 omständighet
618 1375 62 21 såsom
699 1376 117 25 synnerligen

276 1405 124 25 försvårande
415 1406 77 23 ansedd;
507 1405 34 20 och
555 1404 32 20 må
601 1406 28 18 uti
643 1404 23 20 de
680 1405 7 18 i
701 1404 12 18 7
723 1402 17 27 f
749 1403 67 20 sedna-
