1011 1786
211 140 26 28 50
442 143 70 22 Nädiga
523 142 140 23 Propositionen
675 142 36 27 N:o
723 142 17 17 2.

217 193 91 27 paragraf
320 194 6 18 i
339 192 34 20 det
387 191 148 26 ifrågavarande
550 191 131 26 lagförslaget,
698 191 60 26 enligt
772 190 58 21 deras
840 189 56 28 äsigt,
911 191 46 20 bor-

217 221 24 20 de
280 226 18 14 ega.

255 226 49 41 mn
317 251 48 14 svar
379 243 48 22 härä
441 246 36 18 har
491 244 121 25 högvördiga
629 243 149 20 Prestaständet
798 249 72 20 genom
891 246 66 23 proto-

217 272 120 25 kollsutdrag
351 272 29 19 för
395 271 37 20 den
447 271 25 20 12
487 270 97 20 nästlidne
599 270 94 20 Februari
707 270 124 20 underrättat
847 270 106 25 Utskottet,

217 302 28 18 att
257 299 34 20 det
305 297 120 26 högvördiga
440 297 81 20 Ständet
535 297 101 19 «önskade
650 296 142 20 betänkandets
806 296 129 20 utarbetande
950 298 5 18 i

218 324 210 22 ofverensstämmelse
443 324 46 19 med
502 324 39 20 den
555 324 82 24 princip,
654 328 43 14 som
711 322 65 20 finnes
790 323 6 18 i
810 323 10 25 $
835 324 10 18 1
855 322 21 20 af
884 322 72 26 nådiga

218 352 146 26 propositionen
378 350 113 26 angifven,»
508 355 44 15 men
567 352 28 17 att
608 350 34 19 det
656 349 120 29 högvördiga
790 349 81 19 Ständet
891 352 66 17 ansett

218 380 30 24 sig
263 378 44 20 icke
321 376 24 20 dä
359 377 47 19 böra
422 376 57 25 «ingå
494 377 74 24 inägra
578 378 91 18 närmare
679 376 231 25 detaljbestämningar.»
918 376 40 20 He-

218 404 98 22 dervärda
330 402 144 21 Bondeständet
487 403 35 20 har
537 402 43 20 åter
594 408 72 19 genom
681 402 178 26 protokollsutdrag
873 403 30 19 för
917 402 39 20 den

217 434 12 19 9
244 432 6 18 i
264 435 78 16 samma
357 428 69 21 månad
441 429 89 26 delgifvit
544 429 100 20 Utskottet
664 428 33 20 det
718 428 124 20 hedervärda
863 428 94 21 Ständets

218 458 24 21 dä
256 457 72 21 fattade
345 456 72 20 beslut:
441 459 41 17 «att
501 455 147 26 Lagutskottets
669 455 106 20 skrifvelse
796 455 63 20 skulle
881 456 76 20 lemnas

217 488 47 17 utan
278 482 93 22 afseende
385 482 38 20 och
438 482 98 20 Utskottet
550 482 69 20 derom
636 487 72 20 genom
723 482 179 26 protokollsutdrag
923 488 35 14 -un-

217 512 119 19 derrättas.»
938 517 1 3 ;

270 537 8 19 1
293 535 100 22 anseende
406 535 65 20 härtill
485 536 38 19 och
536 534 25 21 dä
575 535 125 20 hedervärda
715 535 150 25 Bondeständet,
882 535 33 20 vid
930 536 28 19 fö-

218 563 118 26 redragning
350 562 20 20 af
383 561 145 26 Lagutskottets
543 562 128 20 förenämnda
685 561 129 26 betänkande,
837 562 43 21 icke
902 562 56 20 fattat

219 590 59 27 nägot
290 591 59 18 annat
363 588 71 24 beslut,
450 590 25 17 än
489 591 28 16 att
534 588 133 20 betänkandet
688 588 63 19 skulle
772 588 28 20 till
821 589 137 24 Lagutskottet

218 617 161 22 äterremitteras,
402 617 53 17 samt
474 615 92 20 Ständets
588 614 24 20 dä
633 614 55 20 förda
707 615 96 24 protokoll
824 616 83 23 utvisar,
929 617 29 18 att

218 643 98 21 särskilde
330 641 61 21 talare
406 641 61 25 hyllat
481 641 50 21 olika
546 641 73 26 äsigter
633 642 5 18 i
653 643 72 22 ämnet,
748 641 36 20 har
803 641 101 20 Utskottet
924 641 33 19 vid

219 668 149 22 omarbetandet
381 667 21 21 af
414 668 34 19 sitt
463 667 50 21 förra
528 667 126 21 betänkande
668 668 5 19 i
695 668 61 19 saken
773 667 84 26 nödgats
872 668 85 20 umbära

218 698 38 20 den
270 695 85 25 ledning,
371 700 44 14 som
429 694 52 20 hade
495 695 75 19 kunnat
584 694 78 20 hemtas
676 693 43 21 frän
733 696 28 18 ett
775 694 21 20 af
806 694 33 20 det
849 694 108 21 hedervär-

218 725 25 20 da
256 722 83 22 Ständet
352 722 5 18 i
372 720 70 26 sjelfva
457 724 67 17 ämnet
537 721 69 20 fattadt
620 721 72 19 beslut.

272 749 44 21 Med
329 747 93 21 afseende
436 746 11 20 ä
461 748 25 20 de
500 747 78 27 äsigter,
595 753 43 15 som
652 748 21 19 af
685 748 24 20 de
724 748 62 25 öfriga
807 747 87 21 Ständen
914 748 44 20 blif-

218 778 30 19 vit
262 778 5 18 i
282 776 61 20 saken
357 775 92 23 uttalade,
465 776 37 18 har
520 775 99 19 Utskottet
639 777 66 17 ansett
725 775 164 25 omarbetningen
909 775 49 21 böra

219 804 35 20 ske
268 802 25 27 pä
307 801 84 25 följande
405 803 45 17 sätt:

272 828 123 22 Beträffande
409 828 38 19 Jen
461 828 67 26 tillsyn
542 827 57 21 öfver
613 828 172 27 förmynderskap,
802 834 43 14 som
859 829 53 25 enlig
927 828 31 26 1$

219 858 4 18 i
238 858 39 19 den
292 854 68 27 nådiga
375 854 145 26 propositionen
534 854 64 20 skulle
613 854 78 20 utöfvas
705 855 20 20 af
745 855 210 27 kommunalstyrelse,

220 884 48 21 «der
282 882 62 20 sädan
358 881 64 19 finnes
437 881 105 25 inrättad,»
557 882 35 19 har
607 881 102 25 höglofliga
723 882 177 25 Ridderskapet
914 882 43 19 och

219 910 74 20 Adeln
307 908 34 20 vid
355 907 120 26 granskning
489 908 21 19 af
522 913 78 14 samma
614 909 92 24 paragraf
719 908 99 24 förklarat,
834 911 29 17 att
872 908 85 21 nämnda

220 940 64 25 tillsyn
298 937 62 20 borde
374 937 105 19 ankomma
492 935 40 25 »på
552 935 195 25 kommunalstyrelsen
766 936 51 23 eller,
841 935 34 19 der
896 935 62 20 sådan

219 966 39 19 icke
267 966 70 26 finnes,
350 963 27 26 pä
393 970 22 13 en
428 966 108 26 permanent
550 964 103 19 institution
668 964 23 25 af
705 963 49 25 gode
772 967 50 20 män,
842 963 77 20 utsedde
938 965 23 24 af

219 995 131 19 kommunen."
364 1005 26 3 —
404 993 123 26 Högvördiga
540 993 181 21 Prestaständet
735 994 35 19 har
784 993 49 26 åter,
844 993 68 21 såsom
918 995 39 19 här

219 1022 59 20 ofvan
291 1020 64 21 blifvit
368 1020 82 25 anfördt,
467 1021 29 18 för
510 1021 29 18 sin
554 1020 30 20 del
598 1020 85 26 godkänt
698 1020 51 20 «den
766 1021 82 26 princip,
864 1027 45 14 som
921 1020 36 21 fin-

219 1057 35 14 nes
268 1051 6 19 i
288 1050 10 25 $
313 1051 11 19 1
339 1050 20 19 af
370 1049 70 26 nådiga
460 1049 146 26 propositionen
626 1050 111 26 angifven,»
759 1051 38 18 och
819 1049 85 21 således:
931 1051 27 17 att

219 1078 79 20 domstol
311 1077 48 19 skall
371 1077 32 19 vid
416 1077 110 20 vårdnaden
540 1078 51 25 öfver
603 1077 156 26 förmynderskap
775 1076 84 21 biirädas
873 1077 24 25 af
908 1077 49 19 kom-

218 1105 148 26 munalstyrelse,
381 1105 34 19 der
429 1105 60 20 sådan
498 1107 64 24 finnes
576 1106 90 21 inrättad,
683 1107 99 26 Vällofliga
792 1106 166 27 Borgarestän-

219 1134 40 19 det
272 1134 37 19 har
322 1133 89 19 Jeremot
425 1134 29 19 för
468 1133 30 19 sin
511 1133 31 20 del
556 1134 75 24 uttalat,
647 1136 28 17 att
689 1134 102 19 inseendet
802 1134 56 20 öfver
871 1134 86 25 förmyn-

218 1163 88 24 derskap
319 1161 68 26 borde,
402 1163 61 20 ,,utan
477 1160 87 26 afseende
583 1160 65 25 derpä,
668 1167 30 13 om
716 1161 183 25 kommunalstyrelse
911 1161 46 26 fun-

219 1196 39 17 nes,
274 1189 120 25 Öfverlemnas
409 1187 20 20 ät
443 1194 22 13 en
479 1194 65 19 genom
559 1188 118 20 kommunens
691 1190 32 18 val
731 1190 35 24 för
779 1188 70 20 sådant
867 1188 91 20 ändamål

219 1217 89 19 särskildt
323 1216 64 20 tillsatt
401 1216 67 19 komite
482 1216 43 19 eller
532 1216 218 25 förmyndarenämnd'*;
765 1220 38 18 och
817 1219 36 19 har
866 1219 34 19 det
916 1220 42 19 väl-

219 1244 63 26 lofliga
296 1243 81 20 Ständet
392 1243 33 20 vid
438 1243 117 26 granskning
569 1243 20 19 af
601 1244 11 19 2
628 1244 10 26 $
652 1244 96 25 derjemte
756 1245 131 26 uttryckligen
897 1246 60 18 fram-

219 1273 63 25 hållit,
301 1276 29 16 att
345 1272 34 20 det
396 1272 117 20 fortfarande
527 1272 61 20 borde
602 1270 77 26 ,äligga
699 1271 79 20 domstol
795 1274 33 21 att,
845 1273 6 18 i
865 1273 91 24 öfverens-

219 1301 103 19 stämmelse
336 1300 42 19 med
389 1300 96 25 :principen
497 1295 15 35 :i
522 1306 33 13 nu
572 1299 88 26 gällande
679 1300 37 25 lag,
735 1300 57 26 hafva
810 1300 87 20 inseende
914 1300 44 20 eller

218 1328 87 18 vårdnad
318 1329 51 23 öfver
382 1328 174 24 förmynderskap*.

273 1355 7 18 I
294 1354 100 20 anseende
408 1354 65 20 härtill
487 1355 37 19 och
539 1354 23 20 då
577 1354 59 20 äfven
649 1354 48 20 flere
711 1354 22 20 af
744 1355 25 19 de
782 1355 82 19 aderton
885 1355 69 23 talare,

218 1380 68 20 hvilka
300 1381 6 19 i
319 1380 125 20 hedervärda
458 1380 144 21 Bondeständet
616 1383 61 24 yttrat
691 1380 29 27 sig
734 1381 6 19 i
754 1380 68 26 saken,
839 1383 66 18 ansett
918 1382 38 18 till-

218 1413 64 20 synen
296 1406 55 21 öfver
365 1407 164 27 förmynderskap
542 1408 48 20 böra
604 1407 105 21 ankomma
723 1406 24 28 på
767 1408 188 26 kommunalstyrel-

218 1440 29 19 se,
263 1434 35 20 der
312 1434 60 19 sådan
386 1433 64 21 finnes
465 1435 89 24 inrättad,
571 1440 46 14 men
631 1434 56 25 eljest
702 1434 23 27 på
740 1435 51 25 goue
806 1437 51 22 män,
872 1435 35 20 har
917 1434 39 27 jUt-
