1003 1811
195 168 44 33 238
413 171 72 22 Nädiga
496 171 139 23 Propositionen
648 169 37 18 N:o
696 168 28 19 12.

200 222 48 20 eller
265 221 39 20 ock
321 221 82 19 insättas
419 220 6 19 i
442 220 206 25 uppfostringsanstalt
661 219 21 19 af
694 217 126 21 förenämnda
833 217 110 21 beskaffen-

200 245 40 30 het.
521 262 2 2 4
837 248 3 17 5
913 253 6 10 4

254 273 123 21 Beträffande
390 273 210 25 ensamhetsfängelset
614 271 56 20 torde
683 271 30 20 för
727 271 58 26 öfrigt
799 271 46 21 böra
860 269 83 31 erinras,

202 303 28 17 att
244 300 105 25 fängarnes
363 299 136 20 inneslutande
512 300 6 19 i
533 299 35 19 cell
583 298 44 19 icke
641 298 65 19 skulle
719 299 43 18 afse
774 297 58 21 deras
842 297 104 29 fullkomli-

202 332 24 23 ga
242 326 113 20 isolerande
371 324 41 21 från
429 325 61 20 andra
507 324 121 25 menniskor,
649 327 45 17 utan
711 325 84 19 allenast
807 324 58 21 deras
879 323 66 29 afskil-

201 354 60 24 jande
274 352 42 20 från
331 352 120 24 hvarandra,
470 352 27 20 till
512 350 162 21 förekommande
687 351 21 19 af
720 351 38 19 Jen
772 350 105 30 moraliska
891 351 56 18 smit-

201 383 30 23 ta,
250 385 44 15 som
311 380 105 24 umgänget
432 378 94 26 fängarne
543 378 82 20 emellan
642 377 63 21 måste
721 377 98 24 medföra,
843 382 58 24 innan
921 376 26 21 de

202 406 64 21 blifvit.
282 406 73 20 väckta
371 405 26 20 till
415 405 61 26 ånger
492 406 38 19 och
547 405 90 25 bättring.
669 404 94 21 Deremot
780 409 48 15 vore
844 408 103 21 meningen

204 432 104 26 ingalunda
325 432 48 25 den,
391 434 29 17 att
435 432 25 19 de
477 432 64 19 skulle
557 432 76 19 lemnas
651 432 5 18 i
673 431 68 20 ostörd
757 431 102 20 ensamhet
878 430 6 19 i
905 430 43 20 sina

204 459 69 24 celler,
292 462 46 17 utan
356 461 85 17 tvertom
459 460 29 18 att
504 459 25 20 de
546 457 22 21 så
585 459 39 18 ofta
639 463 43 14 som
696 457 75 26 möjligt
784 457 63 22 skulle
861 457 86 20 besökas

204 487 20 19 af:
237 486 114 19 tukthusets
365 485 141 25 föreståndare,
522 487 62 23 prest,
600 484 72 24 läkare,
686 485 113 23 skollärare,
811 483 136 22 verkmästare

204 513 39 19 och
257 512 106 25 betjening,
378 512 103 19 äfvensom
496 514 28 17 att
538 511 85 20 tillträde
637 511 27 19 till
678 511 85 20 cellerna
777 510 17 25 ej
809 510 61 20 heller
883 509 64 21 skulle

204 538 92 21 förnekas
313 538 60 20 andra
391 539 113 20 välsinnade
519 543 106 20 personer,
645 543 44 14 som
706 537 67 20 kunde
789 537 107 20 intressera
917 536 30 25 sig

204 566 31 19 för
248 565 58 20 deras
320 564 154 21 undervisande.

257 592 41 19 2:0.
327 590 52 20 Ifrån
395 591 210 25 ensamhetsfängelset
621 590 67 20 flyttas
706 591 122 25 förbrytaren
845 589 27 21 till
893 589 54 25 fäng-

205 618 64 24 klass,
287 618 42 19 der.
341 618 38 18 han
396 622 32 14 om
445 617 84 27 dagarne
545 616 49 20 skall
612 616 19 19 vid
662 617 76 24 arbete,
754 616 141 26 undervisning
909 616 38 19 och

205 644 173 25 andaktsöfningar
394 643 62 20 häilas
472 644 129 20 tillsammans
617 644 45 19 med
680 643 60 20 andra
757 643 76 26 fångar,
852 648 47 17 men
912 642 35 21 bör

203 670 97 26 tillbringa
317 672 89 18 nätterna
423 670 5 19 i
445 672 43 23 cell,
504 671 86 19 förutom
604 670 5 18 i
623 670 71 26 högsta
708 670 87 25 klassen,
805 670 40 19 der
860 670 42 22 han
912 669 34 20 be-

206 698 47 19 frias
269 698 60 19 äfven
346 696 43 20 från
406 697 123 20 sistnämnda
543 696 66 26 tvång.
638 696 116 21 Klassernas
768 697 50 20 antal
832 697 22 19 är
868 696 80 22 föresla-

204 727 35 23 get
255 726 29 18 att
300 728 49 15 vara
366 724 49 23 fem,
434 730 45 13 men
496 724 20 19 af
532 724 59 20 dessa
608 723 65 20 skulle
689 723 50 20 blott
756 723 25 20 de
795 725 30 17 tre
839 724 62 24 högre
915 728 32 20 ge-

204 750 83 26 nomgås
301 750 21 19 af
334 750 72 19 sådane
420 750 73 26 fångar,
509 756 45 14 som
570 750 120 25 fullständigt
706 749 70 20 utstått
793 749 156 21 ensamhetsfän-

202 778 64 25 gelse,
282 777 105 19 hvaremot
400 776 26 20 de
439 776 33 20 två
486 777 63 25 lägsta
562 776 102 20 klasserna
679 776 63 20 skulle
756 778 98 24 emottaga
866 776 83 22 allenast

203 803 76 21 sådane
295 802 121 26 förbrytare,
435 808 44 14 som
496 804 5 18 i
519 802 204 26 ensämhetsfängelse
740 803 79 25 uppfört
833 802 36 26 sig
879 801 68 27 dåligt,

206 830 47 20 eller
270 829 38 20 ock
324 829 99 20 befunnits
440 829 45 20 icke
502 829 65 20 kunna
582 829 84 19 uthärda
683 830 136 19 ensamheten.
847 829 45 21 Men:
902 833 47 21 som

206 856 27 20 de.
249 858 74 18 tvenne
339 856 62 25 lägsta
418 855 102 21 klasserna
537 856 27 20 till
581 854 45 26 följe
643 855 57 20 häraf
715 855 82 21 komme
813 858 28 17 att
852 855 98 22 innefatta

205 882 44 21 dels
265 882 86 25 dräggen
367 882 20 19 af
402 882 115 20 tukthusets
533 882 120 25 befolkning,
672 881 37 20 och
727 882 43 21 dels
787 881 73 22 sådane
874 881 73 26 fängar,

207 914 45 15 som
272 909 6 18 i
299 908 211 26 ensamhetsfängelset
530 909 45 19 icke
594 908 76 20 kunnat
689 908 73 20 väckas
784 908 25 21 till
831 907 60 27 ånger
911 908 38 21 och

207 935 95 26 bättring
297 930 19 36 ,'
321 934 24 21 så
360 935 35 19 har
412 935 90 19 Komitén
516 937 65 18 ansett
594 935 34 20 det
641 940 48 14 vara
703 935 51 25 bäst,
770 937 29 17 att
812 934 73 21 sådane
899 941 50 20 unge

207 961 122 26 förbrytare,
341 967 50 14 som
409 960 17 26 ej
444 961 80 20 förmått
540 961 83 20 uthärda
641 962 212 25 ensamhetsfängelse,
872 961 39 21 och
931 961 18 26 ej

208 989 63 19 heller
286 987 73 20 kunnat.
375 987 94 20 aflemnas
487 988 26 20 till
528 988 206 25 uppfostringsanstalt
746 989 30 18 för
789 993 51 21 unge
853 988 97 27 förhryta-

207 1020 29 21 re,
252 1015 65 20 blefve
331 1017 70 23 genast
413 1015 72 19 insatte
499 1015 5 19 i
518 1013 62 26 tredje
595 1014 134 25 fångklassen,
744 1014 36 20 der
793 1015 26 21 de
831 1015 83 21 komme
920 1017 30 20 att

205 1047 49 14 vara
271 1041 129 20 tillsammans
417 1041 47 20 med
481 1040 73 21 sädane
570 1041 54 20 äldre
640 1040 76 27 fångar,
735 1047 45 14 som
796 1041 60 20 redan
870 1047 80 20 genom-

203 1068 44 47 gi
261 1068 141 19 ensamhetens
416 1068 96 25 skärselä,
528 1069 39 18 och
581 1067 77 20 hvilkas
671 1069 97 25 umgänge
780 1067 56 21 alltså.
848 1068 63 22 borde
919 1068 31 21 för

219 1100 33 14 lem
265 1099 48 14 vara
326 1093 76 20 mindre
416 1094 69 26 farligt,
502 1096 24 18 än
541 1093 103 26 fängarnes
658 1094 6 19 i
678 1094 25 20 de
717 1091 33 23 två
764 1095 62 25 lägsta
838 1094 110 22 klasserna.

205 1121 27 20 Af
245 1126 77 14 samma
337 1120 41 20 skäl
393 1123 22 17 är
430 1121 36 19 ock
481 1121 111 26 föreslaget,
608 1123 28 17 att
651 1120 93 27 fängarne
758 1121 6 20 i
776 1121 59 21 dessa
845 1120 33 21 tvä
884 1122 65 25 lägsta

205 1148 78 19 klasser
297 1147 44 20 icke
356 1147 55 20 skola
425 1147 18 20 få
458 1147 93 21 meddela
566 1147 29 26 sig
609 1147 46 20 med
669 1147 110 21 hvarandra
793 1153 70 20 genom
878 1149 33 23 tai,
919 1147 32 22 åt-

206 1173 73 22 börder:
293 1175 47 19 eller
353 1173 61 20 andra
428 1174 79 25 tecken,
524 1173 22 20 sä
561 1176 28 18 att
601 1174 222 26 tysthetsförpligtelsen
837 1174 36 21 här
885 1175 64 21 skulle

205 1200 53 24 tjena
274 1201 27 19 till
319 1201 107 24 ersättning
444 1201 29 18 för
490 1200 129 20 ensamheten
637 1201 5 18 i
660 1202 46 23 cell,
728 1201 39 19 och
787 1201 162 26 således
870 1196 5 35 .
883 1201 66 26 åsyfta

204 1226 105 26 fångarnes
323 1226 76 25 andliga
412 1225 114 27 afskiljande
539 1226 44 20 från
597 1227 118 20 hvarandra.
737 1226 28 20 Då
780 1227 58 20 likväl
854 1227 96 27 tysthets-

205 1252 113 26 åliggandet
331 1252 30 20 för
375 1252 74 26 fångar,
466 1253 66 20 hvilka
546 1253 63 26 dagen
623 1258 33 14 om
669 1253 76 21 befinna
760 1254 30 26 sig
803 1254 42 20 sida
859 1254 34 21 vid
906 1254 43 20 sida

205 1279 47 24 med
269 1279 121 25 hvarandra,
406 1280 23 19 är
442 1280 26 20 till
483 1280 38 20 den
535 1280 48 26 grad
597 1279 99 21 stridande
710 1283 54 17 emot
776 1280 126 20 menniskors
915 1286 34 16 na-

205 1306 70 25 turliga
292 1306 124 25 benägenhet
432 1309 28 16 att
477 1306 90 20 meddela
584 1307 30 29 sig
631 1307 46 19 med
695 1307 119 24 hvarandra,
830 1306 21 20 så
866 1309 28 18 att
907 1307 43 20 det-

206 1338 87 18 samma,
312 1332 58 25 enligt
386 1332 53 20 hvad
456 1333 135 20 erfarenheten
606 1338 5 14 i
625 1332 25 20 de
664 1334 50 18 efter
728 1333 112 21 auburnska
854 1334 95 24 fängelse-

206 1360 101 24 systemet
320 1358 96 19 inrättade
430 1359 150 19 straffanstalter
594 1358 108 26 ådagalagt,
717 1359 45 19 icke
776 1360 37 18 kan
826 1358 123 26 upprätthål-

206 1384 30 19 las
252 1384 26 25 på
295 1386 58 16 annat
370 1385 48 23 sätt,
434 1387 24 16 än
473 1390 71 19 genom
560 1385 38 19 ofta
612 1384 101 26 upprepad
728 1386 37 19 och
780 1386 66 25 sträng
859 1385 91 20 bestraff-

204 1410 58 26 ning,
280 1410 65 19 ehuru
362 1410 51 19 dock
430 1411 58 19 äfven
506 1411 32 19 vid
554 1410 69 20 sådant
637 1410 119 22 förhållande
770 1410 71 26 många
855 1412 95 20 öfverträ-

208 1436 67 20 delser
287 1436 21 20 af
321 1436 159 26 tystnadsregeln
490 1437 65 22 måste
564 1437 90 20 förblifva
664 1438 114 20 obemärkta
788 1438 37 20 och
835 1438 112 25 ostraffade;

208 1462 22 26 så
251 1464 36 20 har
306 1463 89 20 Komitén
415 1464 81 20 allenast
516 1463 67 21 såsom
604 1470 24 14 en.
649 1464 143 26 nödfallsutväg
808 1466 53 21 velat
877 1465 71 22 föreslå
