995 1753
188 118 34 33 398
402 122 72 22 Nådiga
484 122 140 23 Propositionen
636 121 36 18 N.o
686 121 26 18 15.

189 171 139 25 ständigheter;
344 171 33 20 vid
393 171 50 20 1809
457 170 34 20 års
506 171 80 25 riksdag
599 170 6 19 i
620 170 83 25 Sverige
716 169 73 20 väckte
806 169 74 20 motion
895 175 33 14 om

189 197 91 24 mildring
295 197 4 19 i
313 199 93 17 ansvaret
420 198 29 18 för
462 197 67 24 lägrad
543 197 78 25 qvinna,
640 197 72 18 möttes
731 196 116 19 densamma
864 196 21 19 af
900 199 27 16 ett

188 223 76 26 ganska
277 224 80 19 allmänt
370 223 51 20 bifall
436 223 49 20 först
499 224 52 18 inom
565 223 116 20 ständernas
700 223 126 24 Lagutskott,
845 222 28 19 dit
891 222 37 19 den

189 250 40 20 blef
241 249 114 20 remitterad
368 249 44 20 från
426 249 157 20 Prestaståndets
593 249 90 22 enskilda
693 249 46 19 eller
748 248 98 20 såkallade
855 248 73 20 Eckle-

188 275 82 21 siastika
289 275 121 26 Lagutskott,
427 277 38 18 och
479 275 59 21 sedan
552 275 53 20 inom
621 274 130 21 Riksstånden
766 277 51 18 samt
831 275 97 20 föranled-

188 302 25 20 de
226 302 126 20 utfärdandet
365 303 21 18 af
397 302 68 26 Kongl.
475 302 143 25 Förordningen
628 301 38 20 den
681 302 25 19 40
720 301 53 26 April
790 302 60 23 4810,
869 301 59 20 hvar-

188 329 78 25 igenom
284 329 25 19 de
328 329 7 18 i
350 329 22 19 53
388 328 45 25 kap.
448 329 25 19 M.
488 329 21 19 B.
525 331 74 17 utsatta
613 333 73 15 ansvar
700 328 30 19 för
744 328 61 19 första
820 329 39 18 och
867 328 61 19 andra

188 360 59 14 resan
260 354 117 26 lönskaläge,
393 354 97 20 föröfvadt
503 354 21 20 af
537 355 77 25 qvinna,
630 354 96 20 bortföllo.

243 381 8 19 I
265 380 78 20 Finland
360 380 51 25 åter,
430 381 35 20 der
482 380 147 26 ifrågavarande
645 380 151 26 lagstadganden
814 380 93 20 förblifvit
923 381 5 18 i

189 406 103 27 oförryckt
305 406 58 26 kraft,
379 407 36 20 har
429 407 135 20 erfarenheten
579 407 62 19 under
655 406 132 20 innevarande
804 406 124 20 århundrade

189 434 56 25 gifvit
259 433 33 20 vid
306 433 76 20 handen
400 436 27 17 att
443 434 25 19 de
483 435 5 18 i
504 434 25 19 de
546 434 56 19 flesta
618 434 75 19 trakter
710 434 20 18 af
745 433 76 25 landet,
841 438 32 14 om
891 432 37 20 ock

189 460 45 20 icke
251 460 45 25 alla,
315 460 105 25 tillämpats
437 460 70 20 endast
523 460 24 20 dä
567 460 85 25 gvinnan
673 460 47 20 eller
741 460 74 19 hennes
832 459 96 20 målsman

189 486 82 26 nödgats
284 486 79 26 lagsöka
377 487 151 26 lägersmannen
542 487 29 19 för
585 489 28 17 att
627 486 86 26 aftvinga
730 487 73 19 honom
819 486 68 26 bidrag
901 486 27 20 till

189 512 125 21 underhållet
327 513 21 19 af
360 514 51 19 hans
424 514 56 19 barn.
509 513 37 20 För
555 516 27 17 att
591 514 114 24 öfvertygas
714 519 33 13 om
757 513 117 25 riktigheten
883 514 44 18 här-

190 540 20 19 af
221 540 52 19 lärer
287 545 45 14 man
346 540 49 20 blott
408 540 84 20 behöfva
506 540 56 19 kasta
577 545 23 14 en
617 540 51 20 blick
683 538 25 27 på
725 539 147 20 nedanstående
889 542 41 17 sta-

189 566 78 20 tistiska
281 566 106 25 uppgifter.
416 566 29 20 De
459 566 11 20 å
486 566 96 20 Senatens
599 566 101 19 kammar-
716 566 38 19 och
771 566 158 26 räkenskapsex-

189 592 86 25 pedition
288 592 116 26 tillgängliga
418 593 108 19 tabellverk
541 593 84 19 rörande
638 592 137 26 folkmängden
791 594 66 18 utvisa
875 598 54 14 nem-

189 618 50 25 ligen
253 621 29 17 att
295 619 54 19 inom
362 619 26 19 de
400 619 101 20 lutherska
514 619 161 25 församlingarne
689 618 6 20 i
712 619 66 20 landet
795 619 64 20 blifvit
875 621 54 18 utom

190 644 129 26 äktenskapet
332 644 68 21 födde:

476 672 50 20 1853
541 682 25 4 —
580 672 59 25 4,211

477 698 50 19 1854
541 709 26 3 —
581 698 62 25 4,407

476 725 51 20 1855
542 736 25 3 —
581 724 62 24 4,355

476 751 51 20 1856
542 762 25 3 —
581 751 61 24 4,396

477 777 51 20 1857
543 789 24 2 —
582 777 59 25 3,831

477 804 51 20 1858
542 815 25 3 —
581 804 60 23 3,937

477 831 51 20 1859
543 841 24 3 —
581 831 61 24 4,239

477 857 52 20 1860
542 867 26 4 —
582 857 61 24 4,382

477 883 49 20 1861
542 894 25 3 —
581 883 60 25 4,812
659 883 38 19 och

477 910 50 19 1862
542 920 25 3 —
581 910 60 23 4,457

190 935 48 20 eller
254 936 6 19 i
277 935 91 21 medeltal
385 936 61 23 4,303
464 941 33 14 om
514 935 52 25 året,
585 935 75 20 hvartill
678 936 114 26 ytterligare
808 936 79 22 komma
903 937 25 20 de

189 962 52 19 inom
256 963 77 19 landets
346 962 91 25 grekiska
451 963 134 25 församlingar
599 962 58 20 födda
671 963 53 24 barn,
741 968 43 15 som
799 963 58 25 enligt
867 964 61 19 tabel-

189 989 54 19 lerna
257 988 91 27 utgjorde
361 989 26 20 94
402 988 22 20 är
438 989 51 20 1862
503 991 40 18 och
556 988 79 20 således
648 989 65 20 kunna
727 991 81 24 antagas
823 989 64 26 uppgå
902 990 26 19 till

190 1015 82 25 ungefär
287 1015 37 20 100
339 1020 33 14 om
384 1014 49 21 äret.

243 1041 26 19 Af
280 1042 25 19 de
319 1041 118 20 berättelser
445 1042 102 25 angående
556 1041 222 27 rättegängsärenderna
787 1042 4 19 i
802 1042 70 25 landet,
883 1048 45 14 som

189 1067 220 21 Prokuratorsembetet
423 1069 5 18 i
442 1069 86 19 Senaten
543 1068 72 26 ärligen
630 1068 89 25 afgifver,
735 1068 99 20 inhemtas
848 1068 43 20 äter
899 1070 29 18 att

189 1094 59 19 ofvan
262 1094 92 26 uppgifna
368 1094 22 20 är
404 1095 63 19 blifvit
480 1096 29 18 för
523 1095 112 25 lönskaläge
649 1095 27 19 till
691 1100 72 15 ansvar
781 1095 65 20 fällde:

475 1122 50 20 1853
541 1132 25 3 —
581 1122 60 25 1,295

475 1148 51 20 1854
541 1159 25 9 —
581 1148 60 25 1,194

475 1175 52 19 1855
541 1186 25 3 —
581 1175 58 25 1,164

475 1201 52 20 1856
541 1212 25 2 —
581 1201 59 25 1,039

475 1228 50 20 1857
540 1238 25 3 —
580 1228 60 24 1,105

475 1254 51 20 1858
540 1264 25 4 —
581 1254 56 25 1,051

475 1281 51 19 1859
541 1292 25 2 —
580 1280 59 25 1,452

475 1306 50 20 1860
540 1317 25 3 —
580 1306 59 24 1,203

476 1332 50 20 1861
541 1343 26 3 —
582 1332 59 24 1,084
659 1332 38 19 och

473 1358 53 20 1862
541 1370 25 2 —
581 1359 60 25 1,178

189 1384 48 21 eller
249 1384 8 20 4
269 1384 93 21 medeltal
378 1385 59 24 1,139
453 1390 32 14 om
500 1385 49 24 året;
567 1385 84 20 hvarvid
667 1391 49 20 noga
734 1386 36 19 bör
786 1386 95 26 iakttagas
899 1390 27 17 att

188 1411 60 21 dessa
262 1411 84 20 sednare
360 1411 64 20 siffror
437 1411 66 20 utvisa
517 1412 58 20 totala
589 1412 73 19 antalet
679 1412 21 19 af
714 1412 36 21 alla
768 1413 25 20 till
813 1418 70 15 ansvar
893 1414 33 19 för
