975 1764
282 126 71 23 Nådiga
366 127 137 23 Propositionen
517 127 36 18 N:o
565 127 28 19 22.
774 129 34 18 363

64 176 45 21 icke
124 179 101 20 motsvara
239 176 63 29 billiga
317 176 87 26 anspråk
418 177 24 25 pä
457 177 44 26 den,
517 183 44 14 som
575 177 48 20 skall
636 178 67 19 kunna
717 179 45 20 med
772 179 34 20 be-

64 203 50 20 sked
128 203 57 20 sköta
200 209 24 14 en
239 203 135 25 själasörjares
389 203 21 20 sä
425 203 71 26 vigtiga
509 205 38 18 och
561 204 145 26 ansvarsdryga
716 205 44 24 kall;
771 205 35 20 det

64 229 66 21 måste
143 230 78 20 derföre
235 235 48 14 vara
296 229 170 26 kyrkostyrelsen,
482 236 43 14 som
542 231 33 19 det
592 233 88 17 närmast
696 231 64 20 tillhör
776 234 28 16 att

64 256 52 20 vaka
134 257 56 18 öfver
207 259 28 16 att
251 258 79 23 prester
346 256 44 19 icke
407 256 17 19 fä
442 256 5 19 i
464 257 161 24 församlingarne
642 257 100 25 tilisättas,
760 263 44 14 som

64 283 61 20 sakna
145 282 116 25 erforderlig
278 282 110 19 theoretisk
405 283 160 26 underbyggnad.
599 283 92 19 Deremot
707 283 36 19 bör
759 289 45 14 man

63 309 44 19 frän
122 309 59 19 andra
196 309 54 19 sidan
265 309 30 19 väl
311 308 19 19 fä
344 311 75 22 antaga,
435 311 28 17 att
477 309 138 25 församlingen
629 310 22 19 af
662 309 34 20 sitt
705 312 44 23 eget
758 309 46 20 and-

62 335 39 26 liga
120 335 63 20 behof
197 335 50 20 skall
264 335 75 19 drifvas
356 335 27 20 till
400 337 28 17 att
444 335 49 20 söka
509 335 106 20 bekomma
633 335 73 20 sädana
724 335 78 26 herdar,

62 367 45 14 som
121 367 35 20 ega
171 361 33 20 det
218 361 87 26 kristliga
321 361 119 26 sinnelagets
455 368 68 13 varma
540 362 27 19 nit
584 362 38 19 och
638 362 91 19 lefvande
745 362 57 25 ande,

62 387 80 20 hvilken
158 388 49 19 först
220 388 83 19 förlänar
317 387 21 20 ät
351 388 93 19 vetandet
459 389 51 19 kraft
527 388 37 20 och
583 389 59 18 kärna
660 391 52 17 samt
729 389 74 19 väcker

61 415 27 20 till
102 415 22 19 lif
136 415 39 19 Jen
189 416 50 18 rätta
254 414 213 26 verksamhetshägen.
496 416 42 19 Den
555 415 67 19 hittills
640 415 36 19 hos
694 421 34 13 oss
746 415 57 26 följda

61 441 107 26 ordningen
182 441 33 20 vid
230 441 96 25 prestval,
346 441 58 25 enligt
422 441 79 20 hvilken
519 441 164 26 hufvudsakligen
700 447 105 14 examens-

60 468 62 26 betyg
141 468 38 19 och
199 467 90 26 prestaär
308 467 113 20 bestämma
441 467 159 26 tjenstsökandes
619 469 51 24 plats
690 467 25 26 pä
735 468 33 19 det
785 468 19 19 af

60 494 130 25 domkapitlet
203 493 119 27 upprättade
336 494 98 25 förslaget,
451 495 37 19 och
503 500 44 14 som
561 494 117 20 inskränker
693 494 110 19 församlin-

60 526 74 21 garnes
148 521 72 19 valrätt
234 520 70 20 endast
317 520 26 20 till
358 519 63 27 någon
436 521 64 19 ibland
514 521 25 19 de
553 523 30 17 tre
601 519 80 22 sålunda
696 520 24 25 på
735 521 68 20 försla-

61 549 33 24 get
108 547 102 26 uppförda,
227 553 46 20 eger
288 546 116 26 visserligen
418 547 38 19 den
470 546 91 26 förtjenst
575 549 28 18 att
617 547 54 26 lägga
684 547 50 20 band
745 547 23 26 pä
778 548 30 19 all

61 573 154 28 fodtycklighet,
230 579 46 14 men
290 573 34 26 gör
338 573 46 19 med
399 573 109 20 detsamma
523 576 28 17 ett
563 573 113 26 tryckande
690 573 76 26 intrång
777 573 25 26 pä

61 600 55 21 såväl
130 600 139 26 domkapitlets
282 604 44 15 som
344 599 25 20 de
386 600 88 20 enskilda
490 600 170 25 församlingarnes
677 599 125 26 obestridliga

62 627 93 25 rättighet
168 629 29 17 att
210 626 52 26 gifva
277 628 27 17 ett
319 625 86 27 skyld'gt
419 626 97 20 företräde
533 626 20 19 åt
567 625 73 21 sådana
655 629 89 22 prester,
758 623 45 23 som

62 653 52 20 både
128 652 73 26 åtnjuta
216 653 38 19 och
267 651 83 26 förtjena
366 654 28 17 ett
407 652 146 26 öfvervägande
567 652 111 20 förtroende
693 653 51 19 inom
761 652 42 19 stif-

62 682 34 17 tet.
126 680 101 19 Utskottet
243 682 43 16 tror
303 681 29 17 att
348 678 30 20 för
394 678 64 20 denna
476 679 127 26 brydsamma
619 678 54 26 fråga
690 684 25 14 en
731 678 72 26 lycklig

57 705 103 26 jemkning
174 706 63 19 blifvit
251 705 72 19 funnen
338 705 5 19 i
358 704 208 27 kyrkolagsförslaget,
582 705 35 19 der
631 705 35 19 det
679 705 80 25 stadgas
769 705 33 25 (15

59 732 47 26 kap.
121 732 26 20 26
162 732 16 25 $.
190 732 41 20 108
247 732 17 24 $)
279 734 29 17 att
321 730 23 20 då
362 731 50 19 efter
429 732 88 19 inträffad
533 732 86 24 ledighet
636 732 32 18 vid
686 729 117 27 prestatjen-

59 762 42 16 ster
116 758 69 26 valdag
201 758 107 24 instundat,
321 758 138 25 församlingen
478 761 45 17 utan
536 758 77 26 förslag
626 758 37 25 får
682 758 51 19 kalla
750 761 53 22 prest

59 788 67 23 dertill,
140 786 83 20 såframt
237 787 36 19 alla
288 784 32 21 vid
335 785 53 20 valet
402 786 121 20 närvarande
533 785 163 26 röstberättigade
706 785 96 20 medlem-

60 818 44 17 mar
117 816 66 19 förena
197 816 29 24 sig
241 821 33 13 om
288 816 28 18 att
329 819 72 20 genom
414 814 126 20 azclamation
555 815 47 19 eller
616 814 50 19 efter
680 814 59 20 skedt
752 819 50 20 upp-

59 848 37 20 rop
109 848 23 14 ur
148 842 89 26 vallängd
254 840 50 25 välja
322 841 82 24 honom,
420 840 58 20 likväl
493 840 46 20 med
553 840 121 20 förbehållen
683 840 89 25 pröfning
782 839 20 19 åt

59 868 131 26 domkapitlet
203 869 20 19 af
236 869 49 18 hans
299 867 119 25 kompetens
436 867 26 19 till
477 866 91 26 tjensten.
597 867 8 19 I
619 866 94 20 händelse
726 866 44 20 åter
783 866 21 19 af

88 895 50 26 pade
159 895 49 20 olika
229 894 102 25 meningar
351 893 71 19 mellan
443 894 150 24 församlingens
615 893 131 19 medlemmar
766 893 36 19 har

60 922 198 26 Kyrkolagskomitén
274 922 65 18 ansett
354 920 51 20 valet
421 920 57 19 hafva
493 920 103 26 afgörande
613 919 52 19 kraft
681 920 71 18 endast
768 924 32 14 om

59 948 26 20 de
99 949 30 19 för
144 954 25 14 en
183 949 38 18 och
235 952 76 16 samma
326 952 72 19 person
411 946 69 25 afgilna
489 948 89 18 rösterna
587 946 67 25 utgöra
665 946 137 26 trefjerdedelar

59 978 22 20 af
94 977 147 25 församlingens
256 976 43 20 hela
313 974 88 25 röstetal,
413 986 25 2 —
448 975 123 26 naturligtvis
588 974 63 20 under
665 973 136 25 förutsättning

59 1004 22 20 af
94 1004 48 19 hans
157 1003 117 25 kompetens
288 1002 29 20 för
332 1001 57 25 öfrigt
403 1001 38 19 och
457 1002 85 25 villighet
552 1004 27 16 att
589 999 44 26 sjelf
643 1000 85 26 tjensten
739 1002 62 17 emot-

59 1034 51 22 taga.
140 1030 101 20 Utskottet
255 1027 82 21 föreslår
350 1028 59 19 likväl
425 1028 35 19 här
474 1028 37 20 den
525 1026 132 21 modifikation
671 1026 6 19 i
689 1026 62 20 denna
768 1026 33 20 be-

59 1057 104 25 stämning,
180 1059 28 17 att
222 1056 60 20 redan
297 1054 142 26 tvätredjedelar
453 1055 20 19 af
485 1055 147 24 församlingens
647 1053 80 19 röstetal
736 1053 65 19 öfver-

60 1083 77 21 hufvud
152 1082 61 21 måtte.
227 1088 60 15 anses
301 1088 39 20 nog
353 1083 30 19 för
398 1083 62 19 valets
477 1080 130 26 fullgiltighet.
635 1080 28 25 Ty
680 1084 70 14 annars
767 1079 34 19 be-

60 1111 52 19 farar
131 1110 100 20 Utskottet
247 1112 28 17 att
291 1109 34 20 det
341 1109 27 19 till
386 1108 62 26 grund
466 1107 87 27 liggande
569 1106 96 28 välvilliga
682 1104 118 26 ändamålet,

59 1143 46 14 som
119 1138 21 18 är
155 1139 28 17 att
197 1135 97 26 förhjelpa
309 1136 163 24 församlingarne
486 1134 26 20 till
527 1133 71 20 sådana
613 1132 128 25 själaherdar,
757 1137 44 13 som

60 1164 25 20 de
100 1162 69 26 sjelfva
183 1162 20 20 åt
217 1163 29 25 sig
260 1162 90 25 åstunda,
366 1160 133 27 mångengång
514 1160 47 20 skall
571 1160 21 18 af
604 1159 33 19 det
647 1158 109 26 uppställda
766 1158 36 19 vil-

60 1191 59 19 koret
133 1190 141 25 tillintetgöras,
290 1188 123 21 alldenstund
427 1188 4 19 i
446 1187 47 20 våra
508 1185 121 21 vidsträckta
647 1186 85 19 socknar
745 1184 56 29 mån-

61 1223 24 21 ga
99 1218 38 18 och
152 1216 50 20 olika
217 1215 167 26 omständigheter
398 1215 65 19 kunna
472 1213 80 25 inträffa,
564 1212 66 20 hvilka
642 1213 46 25 göra
698 1212 33 19 det
741 1211 58 30 omöj-

61 1244 35 25 ligt
110 1244 29 18 för
153 1243 150 24 församlingens
316 1242 130 19 medlemmar
461 1243 27 17 att
502 1240 22 19 så
538 1240 72 22 talrikt,
627 1244 43 13 som
684 1238 25 20 de
723 1238 33 19 det
768 1243 34 13 ön-

62 1270 69 24 skade,
148 1276 46 13 vara
208 1269 33 20 vid
256 1269 52 19 valet
321 1267 129 25 närvarande,
466 1267 91 19 hvarföre
575 1271 24 13 en
616 1264 49 20 enda
680 1265 46 19 eller
741 1263 60 29 några

63 1296 18 20 få
96 1296 103 20 afvikande
214 1296 64 19 röster
292 1296 34 18 äro
340 1294 114 25 tillräckliga
469 1296 27 16 att
509 1292 82 20 förlama
604 1291 38 19 den
657 1294 53 16 stora
724 1290 78 29 plurali-

62 1326 64 17 tetens
140 1322 81 25 önskan,
238 1322 74 19 hvilket
326 1320 84 20 ofelbart
423 1320 80 19 komme
517 1321 28 17 att
558 1317 88 20 medföra
656 1317 79 19 allmänt
743 1321 59 14 miss-

62 1348 52 26 nöje,
130 1349 72 19 besvär
217 1349 55 18 öfver
285 1348 54 19 valet
352 1347 38 19 och
404 1345 92 26 dröjsmål
510 1344 45 20 med
570 1344 26 19 de
613 1343 63 26 lediga
692 1343 109 27 platsernas

64 1375 122 21 besättande.
203 1385 24 3 —
241 1375 95 18 Deremot
355 1373 111 25 godkänner
487 1372 100 19 Utskottet
605 1369 111 29 obetingadt
735 1368 37 19 den
796 1373 5 12 i

64 1398 203 29 kyrkolagsförslaget
280 1399 86 20 uttalade
380 1399 58 24 åsigt,
454 1401 28 16 att
495 1398 4 17 i
514 1397 73 19 sådana
601 1395 141 29 församlingar,
758 1399 43 13 som

65 1427 97 25 antingen
171 1424 44 22 icke
229 1425 46 24 vilja
289 1424 70 26 sjelfva
374 1425 30 19 sin
419 1424 117 20 kallelserätt
549 1422 86 25 begagna
645 1421 47 20 eller
701 1420 45 19 icke
754 1415 50 34 kun-
