995 1778
191 98 34 33 386
406 102 70 22 Nädiga
488 102 139 22 Propositionen
639 100 36 18 N:o
688 100 26 17 15.

247 151 26 20 På
290 152 84 25 begäran
392 151 35 20 har
444 151 100 19 Utskottet
560 151 58 19 äfven
636 149 36 20 fått
689 149 29 20 del
736 149 20 19 af
772 149 34 19 det
819 149 73 28 förslag
906 148 26 20 till

195 178 37 19 den
249 177 71 25 nådiga
337 177 152 25 propositionen,
506 183 42 13 som
562 177 63 19 blifvit
639 175 107 26 uppgjordt
760 176 20 19 af
793 181 24 14 en
831 174 104 21 tillförord-

195 204 37 19 nad
250 204 84 23 Komité;
354 204 37 19 och
406 205 35 18 har
457 203 100 20 Utskottet
569 203 57 19 deraf
639 202 100 25 inhemtat,
756 204 28 17 att
798 202 93 24 förslaget
905 201 29 19 för

195 231 57 24 öfrigt
266 231 5 18 i
286 231 34 18 sak
335 230 188 19 öfverensstämmer
537 230 44 19 med
591 229 38 20 den
639 228 68 25 nådiga
716 228 151 25 propositionen,
879 230 56 17 utom

196 259 27 17 att
238 257 25 19 15
277 256 11 25 $
301 257 5 19 i
321 256 101 19 Komiténs
436 256 72 25 förslag
522 262 46 19 eger
582 255 83 24 följande
679 255 82 25 lydelse:
792 255 85 25 «Lägrar
891 259 44 14 man

196 283 47 25 ogift
259 283 80 25 qvinna,
358 288 44 13 som
419 283 51 18 ännu
487 282 16 25 ej
523 283 42 25 fyllt
581 281 73 26 sjutton
672 281 27 25 år,
718 281 70 20 dömes
805 281 27 19 till
850 281 86 25 fängelse

196 309 33 20 vid
248 311 67 18 vatten
333 309 37 19 och
387 309 47 20 bröd
450 310 5 17 i
470 308 21 20 så
507 309 44 26 lång
565 308 33 25 tid,
614 313 43 14 som
673 310 110 17 motsvarar
797 307 24 20 de
835 307 57 25 enligt
907 307 29 26 lag

196 337 29 18 för
239 336 50 19 olika
304 335 30 20 fall
349 335 22 20 af
383 335 102 25 lägersmål
501 338 72 17 utsatta
588 335 148 23 bötesansvar»;
754 335 70 18 medan
834 333 41 20 åter
885 339 51 14 sam-

196 368 32 14 ma
246 362 92 26 paragraf
354 364 4 17 i
376 361 37 21 den
431 361 68 26 nådiga
516 361 145 28 propositionen
676 361 56 26 lyder
746 360 89 20 sålunda:
853 360 84 26 «Lägrar

198 394 43 14 man
259 388 47 26 ogift
322 389 78 25 gvinna,
419 394 44 14 som
476 390 51 18 ännu
542 388 17 25 ej
574 388 42 26 fyllt
630 390 75 22 sjutton
719 386 29 26 är,
764 387 49 26 ligge
827 387 34 20 det
875 387 6 19 i
895 389 42 17 tve-

197 416 47 19 böte
259 418 53 16 emot
326 417 56 17 annat
396 414 125 26 lägersmål.»
933 439 4 3 N

250 443 8 18 I
274 442 54 25 fråga
342 447 34 15 om
390 441 116 20 barnamord
521 441 88 20 befinner
623 441 29 25 sig
667 441 51 19 1734
733 440 33 20 års
780 441 38 24 lag,
834 440 84 20 likasom
932 445 5 14 i

197 468 53 26 fråga
264 474 33 14 om
311 469 53 19 brott
378 468 4 18 i
398 468 109 25 allmänhet,
524 468 24 25 pä
563 474 23 13 en
599 467 74 26 ganska
682 467 117 20 outvecklad
809 466 127 26 ståndpunkt.

197 495 64 25 Enligt
281 495 33 19 det
334 494 93 20 alltsedan
449 494 22 20 är
489 496 52 19 1779
555 494 127 25 antigverade
697 495 8 19 1
723 500 60 13 mom.
801 495 9 18 1
826 494 10 25 $
851 494 26 20 16
890 494 46 24 kap.

197 522 24 18 M.
242 522 13 19 B.
282 527 34 13 var
330 521 118 20 barnamord
463 521 112 23 förhanden,
592 522 35 18 när
641 521 78 25 gvinna,
736 526 44 14 som
794 520 20 20 af
826 520 63 26 oloflig
904 520 34 19 be-

198 548 98 20 blandelse
312 548 62 19 blifvit
389 548 102 24 hafvande,
508 548 50 20 hade
573 548 40 19 dolt
627 548 34 19 sitt
675 547 98 19 hafvande
787 546 85 20 tillstånd
887 549 51 17 samt

198 574 45 19 sökt
253 574 96 25 enslighet
360 574 32 19 vid
402 574 75 19 födseln
487 575 37 18 och
533 574 86 20 derefter
628 574 40 24 lagt
677 574 69 19 fostret
756 573 10 19 ä
776 574 38 23 lön,
826 572 63 20 ehvad
899 573 38 19 hon

199 601 74 24 föregaf
285 600 110 20 detsamma
406 601 57 19 hafva
474 600 50 20 varit
533 600 46 20 dödt
588 600 41 20 föut
638 601 47 19 eller
695 599 123 26 ofullgänget;
833 600 38 19 och
881 600 57 18 straf-

198 627 27 19 fet
239 626 29 20 för
282 627 34 19 Jet
330 626 80 20 sålunda
426 626 103 20 bestämda
544 628 72 18 brottet
629 632 37 14 var
681 626 143 26 halshuggning
838 626 39 19 och
885 624 53 21 bäle-

198 652 101 26 bränning,
315 656 45 17 utan
374 653 94 19 afseende
482 653 68 25 derpå,
566 656 27 16 att
608 653 75 25 verklig
697 653 112 19 missfödsel
824 652 51 20 hade
889 652 49 20 kun-

199 682 32 17 nat
244 679 65 26 föregå
324 680 151 25 löniäggningen.
504 680 77 20 Endast
594 680 6 18 i
614 680 37 20 den
666 680 94 19 händelse
774 682 28 16 att
818 680 71 18 fostret
905 684 33 20 ge-

199 709 44 16 nast
262 706 65 19 kunde
344 706 124 19 framskaffas
485 707 38 18 och
540 706 68 19 dervid
625 706 106 25 pröfvades
749 712 46 13 vara
812 705 123 26 ofullgänget,

199 733 46 20 eller
263 733 85 19 saknade
365 732 71 20 tecken
453 732 27 20 till
500 733 49 24 våld,
568 733 65 19 kunde
651 732 82 24 straffet,
752 733 58 24 enligt
827 733 11 18 2
856 737 60 14 mom.
932 732 5 19 i

200 765 77 13 samma
294 759 97 25 paragraf,
413 759 98 19 nedsättas
529 760 26 19 till
573 759 34 23 ris,
626 759 87 25 fängelse
730 759 48 20 eller
794 759 69 19 arbete
877 757 62 26 jemte

199 785 56 20 böter
273 786 28 19 för
316 784 130 27 lägersmålet.
476 786 55 19 Hade
545 785 88 20 deremot
647 785 121 26 lönläggning
782 785 43 20 icke
840 788 32 23 egt
886 790 50 20 rum,

199 812 22 19 så
241 817 34 14 var
292 812 88 25 modren,
397 813 59 24 enligt
471 813 11 18 2
498 812 9 24 $
521 813 6 18 i
542 817 75 14 samma
632 812 78 25 kapitel,
727 811 107 26 berättigad
849 814 27 17 att
891 812 47 19 söka

199 838 69 19 bevisa
285 838 33 19 det
335 838 112 19 missfödsel
464 839 49 18 hade
531 838 90 24 inträffat,
637 841 52 16 samt
703 839 74 24 kunde,
793 844 32 13 om
840 843 23 14 en
879 837 60 20 sådan

200 865 104 25 bevisning
320 864 101 26 lyckades,
440 865 103 24 undslippa
557 864 44 20 med
617 865 55 19 böter
687 865 28 18 för
729 864 125 25 lägersmålet
868 864 69 20 allena.

253 891 66 20 Denna
334 891 4 19 i
354 889 21 21 så
390 891 37 25 hög
441 891 46 25 grad
502 891 113 26 bristfälliga
632 891 126 26 lagstiftning,
775 896 44 14 som
837 890 11 20 å
863 896 36 15 ena
915 891 25 18 si-

199 917 38 20 dan
252 917 44 20 icke
310 917 80 26 medgaf
402 917 89 20 tillvaron
507 918 19 19 af
539 917 123 25 barnamord,
678 917 37 20 ifall
731 917 43 20 icke
788 917 87 26 qvinnan
890 917 50 20 hade

200 943 70 20 fördolt
284 944 29 19 sin
329 945 71 18 vanära
415 944 38 19 och
468 945 49 19 efter
531 944 60 25 enslig
606 944 61 20 födsel
681 944 72 25 lönlagt
768 944 32 19 sitt
814 943 68 25 foster,
893 949 47 14 men

199 970 89 20 deremot
309 970 10 19 å
342 970 58 19 andra
418 970 55 20 sidan
492 971 68 20 belade
577 971 61 20 blotta
652 971 144 25 lönläggningen
812 970 45 20 med
873 971 67 24 skärpt

200 996 112 25 dödsstraff,
332 997 80 20 oaktadt
429 997 70 20 fostret
516 997 43 20 icke
575 997 65 20 kunde
657 997 150 20 tillrättaskaffas
824 997 38 20 och
877 996 63 27 någon

200 1023 77 19 visshet
291 1023 79 20 således
384 1023 43 20 icke
443 1024 60 19 heller
518 1024 65 19 kunde
596 1024 62 19 finnas
672 1023 74 25 derom,
763 1026 27 17 att
804 1023 34 20 det
847 1023 20 20 af
875 1023 65 20 henne

200 1049 63 19 blifvit
277 1050 129 25 afdagataget,
423 1051 35 18 har
474 1050 114 24 visserligen
603 1050 4 18 i
623 1049 60 27 någon
697 1049 47 20 mån
758 1050 62 19 blifvit
835 1050 104 19 utvecklad

199 1081 74 20 genom
292 1076 66 25 Kongl.
377 1076 144 26 Förordningen
538 1076 37 20 den
593 1077 24 19 20
634 1076 79 20 Januari
730 1077 51 19 1779
799 1076 77 20 hvilken
894 1076 43 20 åt
927 1072 14 35 4

199 1103 38 18 och
256 1103 11 19 2
285 1102 21 25 $$
322 1102 5 19 i
346 1102 24 20 16
388 1103 44 24 kap.
451 1103 24 19 M.
495 1104 20 18 B.
534 1102 54 26 gifvit
605 1108 24 14 en
645 1103 103 20 förändrad
764 1102 83 27 lydelse.
876 1102 64 27 Enligt

199 1129 63 19 denna
277 1129 100 19 redaktion
388 1129 18 19 af
422 1130 3 19 4
439 1135 59 13 mom.
510 1129 5 18 i
526 1130 9 19 4
547 1129 11 26 $
568 1129 37 20 kan
615 1129 97 26 nemligen
723 1130 127 19 förenämnda
859 1129 80 26 skärpta

199 1155 110 19 dödsstraff
322 1155 82 20 ådömas
422 1156 83 24 gvinnan
521 1156 81 19 allenast
619 1156 4 18 i
641 1156 38 19 den
697 1156 100 25 händelse,
816 1159 28 16 att
857 1156 46 24 hon,
920 1157 17 18 «i

199 1181 43 19 fullt
256 1181 73 25 uppsåt
342 1184 28 17 att
384 1182 70 19 fostret
468 1182 54 19 lifvet
535 1181 102 25 afhända»,
653 1183 39 25 lagt
705 1182 34 20 det
755 1181 11 20 å
781 1183 32 18 lön
828 1183 46 19 eller
886 1182 53 20 afda-

200 1208 71 25 galagit
287 1208 117 19 detsamma.
421 1209 42 18 Men
477 1209 57 19 äfven
543 1209 58 25 enligt
617 1209 50 20 1779
681 1208 33 20 års
728 1208 112 27 förordning
854 1209 39 19 kan
907 1209 31 20 sä-

200 1234 55 19 ledes
269 1235 59 19 blotta
343 1235 146 26 lönläggningen
504 1235 103 20 bestraffas
622 1235 45 20 med
682 1235 65 20 lifvets
762 1235 75 25 förlust,
854 1235 36 20 ifall
905 1235 33 20 det

200 1261 50 19 onda
265 1260 92 26 uppsåtet
371 1261 87 24 utredes;
475 1262 36 19 och
526 1262 94 19 ehuruväl
635 1262 62 19 denna
708 1262 111 25 förordning
828 1262 110 26 medgifver

199 1287 89 20 tillvaron
303 1288 20 19 af
338 1287 117 20 barnamord
473 1287 50 21 ockå
540 1291 45 16 utan
602 1289 124 25 lönläggning,
743 1287 22 20 så
780 1290 22 18 är
815 1289 74 19 brottet
902 1289 36 19 lik-

201 1314 36 24 väl,
253 1315 57 18 äfven
325 1314 57 30 enligt
396 1315 62 18 denna
473 1316 36 23 lag,
525 1315 99 19 beroende
639 1315 63 24 deraf,
717 1318 27 16 att
758 1315 85 24 qvinnan
855 1315 40 20 dolt
905 1315 34 20 sitt

199 1339 97 20 hafvande
313 1340 87 19 tillstånd
413 1341 38 18 och
465 1340 44 20 sökt
524 1341 95 25 enslighet
635 1340 32 20 vid
681 1340 81 25 födseln;
781 1341 91 20 hvarföre
889 1341 46 25 hon,

199 1366 30 18 för
243 1365 107 26 uppsåtligt
364 1366 151 25 afdagatagande
529 1367 21 19 af
561 1367 34 20 sitt
607 1366 61 20 foster
678 1367 62 20 under
750 1367 59 20 andra
818 1366 119 27 omständig-

200 1392 57 20 heter
272 1391 65 21 måste
354 1391 78 21 straffas
449 1393 59 25 enligt
528 1394 6 19 1
553 1392 10 29 $
581 1393 24 19 14
622 1393 45 25 kap.
685 1393 25 20 M.
726 1393 21 20 B.
763 1393 38 19 och
815 1392 78 21 således
907 1394 30 19 för
