1006 1809
203 120 36 34 ma
427 125 72 21 Nädiga
511 126 139 22 Propositionen
663 125 36 17 N:o
712 124 15 18 7.

206 180 73 14 ansvar
299 174 63 20 borde
381 177 84 17 utsättas
483 176 29 18 för
528 175 151 25 underbyggare
696 179 44 14 som
757 173 120 20 åsidosätter
894 173 56 26 skyl-

207 201 93 25 digheten
317 204 27 16 att
361 202 26 18 till
404 201 127 25 erforderliga
545 202 134 20 dimensioner
693 200 90 25 utgräfva
799 200 36 19 och
854 199 97 19 vidmakt-

208 227 51 19 hålla
280 226 129 26 afloppsdike,
431 227 62 25 jemte
513 228 34 20 vet
563 228 38 20 Jen
616 226 131 20 förfördelade
761 226 65 20 skulle
841 226 109 25 berättigas

208 256 34 23 att,
259 253 36 20 ifall
310 254 38 19 Jen
362 254 113 26 försumlige
489 259 92 20 grannen,
593 254 50 19 efter
654 253 124 26 uppmaning,
790 253 44 19 icke
845 252 51 20 inom
908 253 42 19 viss

208 280 28 19 tid
251 280 69 26 fullgör
334 281 30 18 sin
378 281 119 26 skyldighet,
514 281 105 20 verkställa
629 281 34 18 det
672 280 81 20 sälunda
763 279 104 21 eftersatta
877 279 24 26 pä
913 280 37 19 Jen

208 307 131 20 tredskandes
354 307 116 20 bekostnad.
492 308 44 20 Och
550 307 50 20 hålla
614 307 109 20 Ständerne
731 302 9 35 i
738 307 70 25 öfrigt
817 306 41 19 före
868 309 27 16 att
906 306 44 19 ifrä-

209 333 112 25 gavarande
338 333 199 28 lagstiftningsätgärd
554 335 43 19 icke
612 334 61 20 borde
688 333 65 27 åsyfta
768 333 63 26 någon
847 333 83 26 ändring
946 335 3 18 i

210 360 51 20 hvad
279 361 93 19 allmänna
390 361 54 25 lagen
461 362 80 25 stadgar
559 367 31 14 om
608 361 33 19 det
658 367 25 12 nu
703 361 73 26 vanliga
791 360 156 25 Jikningssättet.

209 387 109 19 Ständerne
332 392 49 14 anse
395 387 78 20 Jerföre
488 391 27 16 att
529 388 33 19 det
577 388 61 19 borde
653 388 137 19 föreskrifvas:

333 455 28 16 att
373 451 130 26 jordbrukare
518 453 35 19 bör
568 453 106 24 berättigas
689 455 26 16 att
731 451 41 20 från
787 451 36 26 sjö,
838 452 32 23 eif,
882 451 11 19 ä
903 453 48 18 eller

280 476 50 21 bäck
344 479 23 24 pä
383 479 29 19 sin
427 485 51 19 egen
492 479 111 20 bekostnad
618 480 37 18 och
670 479 21 19 sä
706 480 59 18 framt
782 483 73 14 annans
869 479 39 18 rätt
922 479 27 19 till

281 506 76 19 vattnet
370 505 114 25 Jerigenom
501 506 44 19 icke
559 507 116 20 förnärmas,
691 505 63 20 inleda
769 504 96 21 rinnande
882 508 67 16 vatten

280 529 10 20 å
305 531 30 19 sin
350 535 36 22 äng
402 533 47 19 eller
462 532 108 26 beteshage
584 532 5 19 i
604 532 93 19 afseende
707 531 9 20 å
727 531 58 20 deras
795 531 152 27 öfvervattning;

333 561 28 17 att
374 559 39 19 den
428 559 65 20 öfver-
506 559 37 19 och
557 559 150 26 underbyggare
722 559 94 24 tillhöriga
830 559 63 24 mark,
906 564 43 14 som

280 585 5 18 i
307 585 38 19 och
366 586 29 19 för
415 585 61 20 sådan
499 585 144 26 vattenledning
664 587 103 24 upptages,
791 585 34 19 bör
842 584 107 27 behörigen

280 613 94 22 ersättas
366 609 11 31 ;

333 641 27 16 att
374 639 171 26 öfvervattningen
559 638 16 25 ej
591 638 29 20 får
635 639 35 20 ske
685 638 23 26 på
723 637 61 21 sådan
798 638 26 19 tid
835 639 20 18 af
863 638 49 25 året,
924 639 23 19 Jå

280 671 74 19 granne
368 665 56 21 deraf
436 666 39 20 kan
490 666 58 20 hafva
563 671 44 14 men
623 667 46 18 eller
683 665 69 25 skada,
769 665 37 19 och
817 664 78 21 således
905 665 44 20 icke

280 692 61 19 heller
355 691 21 21 så
391 695 44 17 sent
449 693 23 25 på
488 695 76 22 hösten,
576 695 27 18 att
613 693 33 19 det
655 691 175 21 öfversvämmade
841 693 54 19 fältet
905 692 44 20 icke

280 718 68 20 hinner
363 720 102 28 upptorka,
482 720 56 19 innan
553 719 49 20 frost
616 720 96 19 inträder;

333 747 28 18 att
373 746 136 25 Jordbrukare,
525 752 44 13 som
584 747 79 18 inrättar
678 746 64 19 täckta
757 745 64 26 diken,
839 747 34 18 bör
884 746 65 20 berät-

278 771 49 25 tigas
342 775 28 16 att
383 773 86 20 medelst
482 773 121 25 afloppsdike
613 773 21 20 af
641 773 59 25 nödig
710 772 61 21 bredd
783 773 36 18 och
829 773 47 25 djup
886 773 60 20 afleda

279 801 76 18 vattnet
369 798 42 21 från
429 800 102 20 desamma
547 800 56 20 öfver
617 799 186 27 underbyggarenes
818 800 57 20 mark
890 799 10 21 å
915 800 33 20 det

280 826 62 25 ställe,
358 826 35 19 der
407 826 71 20 sådant
492 827 46 19 dike
552 827 89 20 befinnes
655 827 121 25 lämpligast;

332 855 28 17 att
375 853 157 25 underbyggare,
549 859 44 15 som
609 852 46 26 sjelf
668 854 35 18 har
717 854 61 19 behof
791 854 48 19 eller
852 854 61 20 fördel
929 854 21 20 af

279 878 70 21 sådant
363 879 128 27 afloppsdike,
507 881 36 20 bör
557 882 46 18 vara
619 880 77 25 skyldig
710 882 33 23 att,
763 880 1 20 i
778 879 45 20 mån
834 880 61 26 deraf,
907 880 41 20 del-

278 909 45 22 taga
341 906 18 27 ej
375 907 77 20 mindre
467 907 6 19 i
491 908 64 20 dikets
572 907 149 26 uppgräfvande
735 909 24 18 än
774 908 5 19 i
794 907 47 25 dess
856 908 90 19 framtida

279 933 153 20 underhållande
447 934 4 18 i
466 933 106 25 tjenstbart
586 933 67 24 skick;

332 961 28 18 att
375 960 140 21 försummelse
533 962 4 19 i
555 961 60 20 sådan
633 961 122 26 skyldighets
773 961 119 25 fullgörande
911 962 36 19 bör

279 986 90 25 beläggas
386 987 46 19 med
449 988 88 25 lämpligt
551 993 72 14 ansvar
637 991 50 16 samt
702 987 33 20 det
750 988 98 25 äfventyr;
865 991 28 16 att
907 987 38 20 den

278 1013 113 25 derigenom
407 1013 135 26 förfördelade,
559 1014 59 20 sedan
629 1015 37 19 han
677 1015 106 25 bevisligen
793 1017 107 22 uppmanat
909 1015 37 20 den

279 1039 113 26 försumlige
409 1040 165 27 underbyggaren
592 1043 27 17 att
637 1041 51 19 inom
708 1039 44 22 viss
763 1041 26 20 tid
805 1042 30 19 sin
850 1042 97 19 änomför-

279 1066 64 20 mälda
358 1066 111 27 skyldighet
482 1069 80 22 fullgöra
576 1073 46 14 men
635 1067 63 20 denne
708 1068 76 19 ändock
793 1068 95 24 tredskat,
901 1074 47 17 eger

279 1093 47 24 sjelf
336 1092 38 21 låta
389 1093 105 21 verkställa
509 1095 33 19 det
557 1095 136 20 försummade
707 1095 76 20 arbetet
797 1094 44 20 med
855 1095 92 24 rättighet

279 1120 25 19 till
322 1120 106 25 ersättning
445 1122 20 18 af
482 1121 37 19 den
534 1121 115 25 försumlige
664 1121 29 20 för
707 1122 25 19 de
745 1121 81 20 arbeten
841 1121 37 19 och
895 1122 53 20 kost-

279 1146 68 25 nader,
364 1147 36 19 han
415 1146 80 21 sålunda
509 1147 36 20 fått
560 1147 117 25 vidkännas;
693 1151 52 17 samt

332 1175 27 16 att
376 1173 94 20 allmänna
488 1175 66 23 lagens
571 1175 119 23 stadganden
708 1181 33 13 om
755 1180 93 18 grannars
863 1175 85 26 skyldig-

276 1200 57 18 heter
347 1199 5 19 i
367 1200 94 19 afseende
475 1200 10 19 å
500 1202 63 23 öppen
579 1201 98 24 afdikning
691 1202 44 19 icke
750 1202 47 19 böra
813 1201 85 26 undergå
914 1209 34 12 an-

276 1229 37 16 nan
330 1225 86 26 ändring,
433 1228 23 18 än
472 1230 28 16 att
513 1227 126 20 föreskriften
655 1234 32 13 om
701 1231 124 22 gemensamt
839 1227 107 26 afloppsdi-

275 1251 37 20 kes
326 1251 61 20 bredd
397 1255 39 18 och
445 1253 47 25 djup
501 1254 72 19 ändras
583 1254 25 19 till
620 1255 209 19 öfverensstämmelse
839 1255 45 20 med
892 1255 53 20 hvad

276 1281 28 16 ett
317 1279 64 18 bättre
393 1278 96 25 jordbruk
503 1281 4 18 i
523 1280 53 19 detta
592 1281 113 19 hänseende
720 1281 92 25 påkallar.

261 1345 23 19 Af
301 1345 115 21 ständernes
437 1346 123 21 förestående
579 1347 131 23 underdåniga
733 1347 101 21 utlåtande
853 1349 91 23 framgår,

206 1371 96 19 hurusom
320 1370 146 26 ifrågavarande
483 1373 199 24 lagstiftningsåtgärd
700 1374 93 19 kommer
809 1376 26 17 att
851 1374 24 25 på
892 1374 55 20 mån-

207 1397 87 24 gahanda
309 1398 39 18 sätt
362 1397 73 25 ingripa
450 1398 27 19 uti
491 1398 140 24 jordegarenes
647 1400 3 18 i
665 1400 98 19 allmänna
779 1400 56 24 lagen
846 1401 100 25 grundade

206 1423 120 25 eganderätt,
343 1424 97 24 hvarföre,
