978 1795
407 353 50 34 22.

240 491 5 5 .
259 462 76 34 Hans
346 463 154 34 Kejserliga
511 464 135 30 Majestäts
656 465 85 31 Nädiga
751 467 51 24 Pro-

197 491 99 33 position
304 491 36 23 till
351 492 104 23 Finlands
470 493 94 23 Ständer,
585 496 95 22 rörande
695 496 36 22 det
742 496 25 22 af
775 502 28 17 en

197 519 96 23 särskilt
307 520 89 22 nedsatt
409 520 87 24 Komit6
508 511 135 34 utarbetade
660 523 87 29 förslag
766 524 37 22 till

196 553 32 28 ny
242 547 119 29 Kyrkolag
369 548 73 23 för'de
453 549 249 29 evangelisklutherska
710 552 92 23 försam-

196 575 106 29 lingarna
316 576 9 22 i
338 576 83 23 landet.

115 630 56 26 Uppä
185 630 55 26 gjord
254 631 123 27 underdänig
387 633 90 19 anmälan
491 636 28 17 att
536 633 52 21 1686
604 634 34 20 ärs
654 634 147 27 kyrkoordning

60 657 85 20 behöfle
160 658 91 20 öfverses
265 660 38 18 och
318 660 89 18 närmare
421 660 75 25 lämpas
507 660 50 20 efter
565 662 100 19 närvarande
700 662 39 20 tids
748 662 51 25 kraf,

60 684 39 20 och
112 683 47 21 med
176 684 102 26 anledning
295 684 21 21 af
331 684 38 21 den
386 685 23 20 är
426 687 50 19 1817
495 687 26 19 till
538 686 109 22 åminnelse
664 688 21 20 af
699 688 102 20 lutherska

59 710 217 28 kyrkoreformationen
297 712 4 18 i
322 712 78 24 Finland
422 712 63 20 firade
505 712 128 26 jubelfesten,
655 715 146 20 tillförordnade

60 738 64 19 Hans
141 737 132 25 Kejserliga
290 738 108 25 Majestät
414 739 38 19 den
469 740 26 18 24
511 740 79 19 Januari
609 741 50 19 1818
677 747 26 13 en
722 742 78 19 Komit6

59 764 26 20 till
101 764 128 19 utarbetande
243 764 22 20 af
277 764 73 26 förslag
364 764 26 20 till
405 770 26 21 ny
445 765 146 27 kyrkoordning
604 767 30 19 för
642 768 26 19 de
678 768 122 26 evangelisk-

58 789 104 21 lutherska
176 790 159 26 församlingarne
344 793 6 17 i
360 791 71 19 landet.
461 792 55 20 Efter
526 793 91 19 särskilta
626 794 119 25 förarbeten,
757 800 44 14 som

60 816 133 20 verkställdes
199 817 20 19 af
227 817 102 20 Komitens
335 817 112 21 dåvarande
456 818 117 20 ordförande
581 819 150 26 Erkebiskopen
740 821 62 25 Teng-

59 846 72 22 ström,
150 842 115 21 afstannäde
282 844 126 20 densammas
429 844 128 20 verksamhet
576 846 30 19 för
622 851 25 14 en
664 846 69 25 längre
750 846 28 20 tid
795 846 5 20 i

59 869 45 26 följd
120 870 20 19 af
152 869 83 20 nämnde
249 870 136 26 Erkebiskops
399 870 49 26 höga
462 870 61 26 ålder,
537 870 106 27 sjuklighet
652 872 39 20 och
700 872 101 20 sederme-

59 901 21 14 ra
95 896 102 19 inträffade
211 896 44 23 död;
271 901 46 14 men
331 898 36 18 när
380 896 151 27 Erkebiskopen
539 898 88 19 Melartin
636 898 87 20 derefter
733 898 68 20 säsom

59 922 117 20 ordförande
190 922 71 19 inträdt
275 923 4 18 i
297 923 99 25 Komiten,
416 923 41 20 blef
471 923 54 20 Juris
539 924 115 20 Professorn
672 925 124 25 Nordström,

59 954 43 14 som
116 949 61 20 redan
191 948 42 19 från
248 948 69 25 början
331 950 21 18 af
363 949 24 20 är
400 949 52 20 1842
466 949 25 26 pä
505 949 104 21 Komit&ns
626 951 97 20 anmodan
740 951 62 20 delta-

59 976 28 24 git
101 975 5 18 i
120 975 48 20 dess
182 975 94 24 göromäl,
293 976 5 18 i
313 976 52 19 Mars
377 975 72 20 mänad
464 976 50 20 1843
529 976 64 21 kallad
607 977 25 20 till
647 977 87 20 ledamot
748 978 5 18 i
763 977 38 20 Ko-

58 1001 67 24 miten,
142 995 49 26 med
202 1001 90 26 uppdrag
305 1004 29 17 att
347 1003 71 25 förslag
433 1002 26 19 till
474 1009 13 12 ny
515 1003 97 26 kyrkolag
626 1004 36 19 och
679 1003 82 26 ordning
770 1006 30 17 ut-

59 1029 68 19 arbeta
142 1029 38 18 och
195 1029 4 18 i
214 1028 91 20 Komiten
318 1029 110 24 foredraga.
457 1029 66 20 Sedan
537 1029 53 20 detta
604 1030 68 19 arbete
686 1030 63 19 blifvit
758 1030 43 19 full-

59 1053 74 21 tändadt
146 1055 39 19 och
199 1055 20 18 af
231 1055 90 19 Komiten
335 1055 106 25 granskadt
455 1056 37 18 och
506 1055 75 26 gilladt,
596 1056 148 19 öfverlemnade
762 1056 38 20 Ko-

59 1081 60 20 miten
134 1080 57 25 1'Maj
204 1079 71 21 månad
291 1080 22 20 är
327 1081 51 20 1845
393 1081 25 20 till
434 1081 60 19 Hans
508 1080 134 27 Kejserliga
654 1081 148 26 Majestät
769 1075 36 36 ett

59 1107 81 20 sålunda
155 1107 117 20 tillkommet
285 1107 73 25 förslag
372 1107 26 20 till
414 1107 93 27 kyrkolag
521 1109 38 18 och
574 1109 112 25 förordning
699 1107 101 27 angående

59 1133 96 26 åtskilliga:
166 1134 45 19 med
220 1134 162 26 kyrkoväsendet
390 1134 196 25 sammanhängande
595 1134 84 20 ärender
685 1134 62 25 jemte
757 1134 44 20 der-

60 1156 36 34 till"
111 1156 81 34 hörande
209 1160 84 20 motiver
310 1160 39 19 och
365 1160 144 24 betänkanden;
527 1161 101 19 hvarefter
643 1161 62 25 sagde
720 1161 78 25 förslag,

58 1186 61 26 enligt
132 1186 71 26 Nädigt
218 1186 139 25 förordnande,
377 1186 44 20 från
437 1186 80 20 trycket
533 1187 65 19 utgafs
614 1190 61 21 samt,
695 1187 5 19 i
716 1186 47 25 följd
780 1188 22 18 af

58 1213 81 19 särskilt
153 1213 89 25 vidtagna
260 1212 101 26 åtgärder,
375 1213 137 25 underdäniga
527 1213 113 20 utlåtanden
654 1214 39 19 och
707 1212 93 20 anmärk-

58 1239 67 26 ningar
139 1240 56 19 öfver
208 1239 111 20 detsamma
328 1239 123 19 inom:1847
467 1239 33 20 års
513 1238 72 27 utgång
594 1240 27 19 till
632 1240 64 19 Hans
705 1238 95 26 Kejser-

58 1265 49 25 ligä
118 1264 113 26 Majestät
244 1266 107 24 inkommo,
367 1264 17 26 ej
398 1265 78 20 mindre
491 1265 42 20 från
548 1266 134 24 Hofrätterna;
698 1266 102 19 Guvernö-

58 1292 217 25 rerne;:Domkapitlen
290 1292 38 19 och
341 1291 144 20 Konsistorium
494 1292 34 20 vid
542 1292 121 20 Alexanders
678 1291 123 22 Universite-

59 1320 28 18 tet
103 1319 104 19 äfvensom
221 1318 95 26 ätskilliga
330 1316 125 27 tjenstämän,
471 1320 24 18 än
509 1317 43 21 från
565 1317 60 27 några
638 1318 85 20 enskilte
731 1321 69 23 perso-

58 1350 36 14 ner
107 1344 6 19 i
129 1344 71 20 landet.
232 1344 38 20 Vid
286 1343 47 21 derä
351 1344 64 20 skedd
432 1344 136 26 föredragning
584 1345 20 18 af
619 1344 83 20 ärendet
718 1344 38 19 den
773 1344 25 19 23

58 1369 37 26 Maj
111 1370 51 20 1848
177 1371 104 19 anbefallte
298 1371 63 19 Hans
377 1369 132 27 Kejserliga
526 1369 110 26 Majestät
651 1371 92 19 Komitön
763 1371 34 23 att,

59 1397 50 19 efter
121 1397 101 25 företagen
235 1396 120 26 granskning
368 1397 21 19 af
400 1396 54 20 hvad
471 1396 145 21 ofvanberörda
631 1396 112 20 utlåtanden
761 1396 38 19 och

59 1423 149 25 anmärkningar
222 1423 105 24 innehälla,
345 1423 26 18 till
389 1422 63 19 Hans
469 1422 133 25 Kejserliga
618 1422 132 47 Mejestard
763 1427 36 14 un-

718 1449 14 20 4
