1003 1825
195 176 37 19 4
410 172 71 23 Nädiga
493 172 139 22 Propositionen
644 170 36 17 N:o
692 169 28 17 12.

201 228 29 16 ter
244 224 39 19 och
298 222 228 26 fängelsereglementen,
542 220 28 19 tid
579 220 50 18 efter
638 224 64 14 annan
712 217 116 21 meddelade
838 215 101 21 föreskrif-

201 254 36 16 ter.
266 250 40 19 När
323 250 52 19 1734
392 247 33 21 års
442 248 29 25 lag
489 247 81 24 tillkom,
586 245 90 26 åsyftade
690 249 46 14 man
750 244 46 20 med
810 243 59 20 dessa
883 241 58 21 straff

201 279 51 18 ännu
271 276 44 20 icke
334 277 64 23 annat,
417 276 24 18 än
458 276 34 22 att,
511 274 26 19 till
555 272 113 20 samhällets
685 270 73 27 skydd,
777 269 22 21 sä
813 269 68 20 säkert
895 274 45 26 som

200 302 76 27 möjligt
289 303 77 20 förvara
380 301 136 26 förbrytarene
530 302 51 17 samt
595 301 28 17 att
636 303 72 21 genom
717 297 153 26 behandlingens
881 291 59 36 härd-

202 332 34 18 het
252 331 44 21 och,
317 329 32 19 vid
366 327 155 25 arbetsstraffen,
541 331 70 21 genom
626 325 88 20 arbetets
728 324 62 27 tyngd
801 323 40 20 låta
855 323 47 20 dem
917 321 22 20 sä

202 357 56 20 svårt
270 356 83 26 umgälla
367 355 30 19 sin
411 353 132 26 brottslighet,
559 355 28 17 att
595 352 25 20 de
629 352 113 25 derigenom
751 351 66 20 blefve
826 349 114 21 afskräckte

202 383 44 20 från
262 389 38 20 nya
318 383 60 19 brott.
406 381 43 20 Men
467 383 29 17 att
513 381 5 18 i
536 380 94 20 allmänna
648 379 55 24 lagen
716 378 61 20 uttala
790 377 54 20 detta
858 382 45 13 som
916 381 24 14 en

202 410 113 25 grundsats,
331 409 47 18 kom
392 407 95 20 sannolikt
501 407 78 20 derföre
593 405 44 20 icke
651 405 4 19 i
671 404 59 27 fräga,
747 406 28 18 att
788 409 45 14 man
843 402 61 25 ansäg
914 405 27 17 ett

203 436 70 20 sådant
293 435 121 20 häfdvunnet
431 433 37 20 och
485 434 21 19 af
521 433 61 20 seden
599 431 99 26 godkändt
714 430 167 25 behandlingssätt
895 435 46 14 vara

204 462 21 20 sä
247 462 96 25 sjelffallet
359 461 39 19 och
414 460 27 19 till
459 460 41 19 sina
518 459 98 26 principer
632 457 22 20 sä
672 458 74 25 enkelt,
764 459 28 18 att
807 456 64 25 någon
891 457 52 18 före-

204 489 58 20 skrift
274 489 71 20 derom
358 487 4 19 i
378 487 54 25 lagen
446 486 43 20 icke
503 485 102 21 behöfdes.
634 483 22 26 Ej
672 485 61 20 heller
746 483 57 20 torde
817 488 45 14 man
875 482 25 20 dä
909 484 34 18 än-

204 521 27 14 nu
244 515 59 20 hafva
316 513 89 21 besinnat
419 515 28 17 att
460 513 65 19 Jenna
539 511 138 20 obestämähet
691 510 91 21 lemnade
795 509 74 28 tillfälle
882 509 26 20 till
919 515 25 14 en

205 541 21 20 sä
240 541 67 26 ojemn
321 539 116 26 behandling
451 539 20 20 af
484 539 25 19 Je
523 537 87 21 enskilde
624 537 142 26 förbrytarene,
782 539 27 17 att
823 535 70 25 sjelfva
905 535 38 21 den

205 568 90 25 rättvisa,
312 573 43 13 som
369 565 76 20 straffet
459 566 59 19 äfven
532 564 25 21 då
571 563 72 26 ansågs
656 565 48 19 böra
718 564 99 23 innebära,
831 562 113 29 derigenom

205 593 146 27 äfventyrades.
380 592 119 20 Sedermera
514 593 35 18 har
563 590 117 26 visserligen
694 596 24 14 en
733 591 64 19 större
811 588 80 28 ordning
905 589 40 20 och

206 626 25 16 en
251 621 82 20 mildare
353 619 116 26 behandling
486 618 64 20 blifvit
563 619 6 19 i
583 618 122 25 fängelserna
718 617 64 20 införd
796 621 71 21 genom
880 616 65 20 öfver-

206 648 72 24 hetliga
291 646 110 25 reskripter
415 646 38 19 och
467 645 226 26 fängelsereglementen;
709 650 46 13 men
769 642 25 21 då
808 642 70 26 sjelfva
892 642 54 26 prin-

206 675 79 19 ciperna
300 674 30 18 för
346 672 155 20 verkställandet
514 672 20 19 af
547 672 58 19 dessa
620 670 58 21 straff
689 670 45 20 icke
747 670 114 25 derigenom
874 669 73 20 under-

207 703 41 24 gått
265 700 63 26 någon
345 699 109 24 väsendllig
471 698 118 25 förändring,
606 697 22 20 sä
642 697 36 20 har
692 696 18 26 ej
725 698 63 18 heller
801 696 5 19 i
821 696 84 20 sednare
918 695 28 21 tid

207 726 61 27 någon
283 725 53 27 fråga
351 725 87 26 uppstått
452 730 32 14 om
497 724 172 26 nödvändigheten
684 726 28 17 att
726 724 5 18 i
746 729 23 13 en
779 723 70 20 allmän
859 724 31 25 lag
899 723 48 19 fast-

207 754 56 19 ställa
290 752 110 26 grunderna
414 752 29 19 för
458 750 163 20 frihetsstraffens
635 750 153 19 verkställande.

260 779 31 20 Nu
305 778 96 26 deremot,
416 780 35 17 när
465 783 24 14 en
503 776 109 26 väsendtlig
628 776 149 26 omgestaltning
791 776 20 20 af
821 776 128 20 frihetsstraf-

208 807 32 19 fen
253 808 22 18 är
289 805 5 19 i
308 804 60 27 fråga,
385 810 60 14 synes
459 804 34 20 det
507 804 37 19 ock
559 809 47 14 vara
620 803 128 25 nödvändigt,
764 805 27 17 att
804 803 25 19 de
843 807 42 21 nya
896 802 53 26 prin-

208 834 61 24 ciper,
285 831 60 26 enligt
359 831 64 19 hvilka
437 831 60 19 dessa
511 830 80 20 komme
605 832 29 17 att
648 829 124 25 verkställas,
788 830 66 19 blefve
863 829 84 20 bestäm-

208 859 25 20 da
247 858 92 20 antingen
353 858 6 18 i
373 856 69 26 sjelfva
457 856 118 26 strafflagen,
591 857 47 19 eller
651 856 78 20 kanske
742 856 71 25 hellre,
829 855 68 20 såsom
911 855 38 20 Ko-

208 886 61 19 miten
283 877 38 27 ock
335 884 106 25 föreslagit,
457 884 5 18 i
477 889 24 13 en
515 883 62 20 dertill
592 882 86 20 hörande
693 882 85 20 särskild
792 885 52 17 samt
857 882 58 20 äfven
929 882 22 20 af

209 912 61 26 begge
284 911 155 20 statsmakterna
453 912 81 23 antagen
548 910 37 25 lag,
600 909 38 20 och
651 910 45 19 icke
710 909 82 20 allenast
808 909 6 20 i
831 909 118 26 fängelsere-

208 939 117 26 glementen,
341 937 66 19 hvilka
421 937 90 24 sednare,
527 937 25 20 de
566 937 35 19 der
615 936 20 19 af
642 936 122 25 Regeringen
775 941 69 15 ensam
853 935 96 20 utfärdas,

208 965 45 20 icke
267 964 62 20 borde
343 964 57 19 hafva
415 963 62 26 någon
491 968 63 14 annan
564 962 82 26 uppgift,
656 964 25 17 än
690 965 28 17 att
727 963 6 18 i
742 962 209 21 öfverensstämmelse

208 991 46 20 med
269 996 77 14 samma
360 990 97 25 principer
471 991 91 18 närmare
575 989 62 20 ordna
652 988 86 21 straffets
747 989 158 20 handhafvande.
919 989 33 18 Ett

208 1020 59 18 annat
281 1016 120 20 förhållande
417 1016 69 24 skulle,
502 1016 59 25 enligt
574 1015 132 20 komiterades
715 1016 68 24 tanke,
794 1015 45 20 icke
853 1021 48 14 vara
915 1015 38 19 för-

210 1044 62 25 enligt
290 1043 47 20 med
350 1048 24 14 en
388 1042 36 26 god
439 1041 92 27 strafflag.
560 1043 34 25 Ty,
610 1047 32 14 om
656 1041 44 20 icke
711 1041 63 26 begge
792 1041 160 24 statsmakterna,

209 1070 66 20 hvilka
289 1071 123 24 gemensamt
425 1073 36 20 ega
475 1071 28 17 att
517 1068 68 26 stadga
600 1068 57 19 straff
668 1068 29 19 för
714 1069 26 18 de
754 1068 95 20 särskilda
863 1067 85 26 brotten,

208 1096 62 20 tillika
284 1096 52 19 hade
349 1097 27 17 att
390 1095 119 25 bestämma,
526 1095 51 19 huru
591 1094 25 19 de
630 1094 96 20 särskilda
741 1094 134 20 straffarterna
889 1094 62 20 borde

211 1128 48 14 vara
272 1121 120 24 beskaffade,
408 1123 46 17 utan
467 1121 54 20 detta
535 1121 84 19 sednare
634 1120 63 20 skulle
710 1121 48 19 bero
772 1121 20 19 af
796 1120 40 20 den
847 1126 35 14 ena
891 1123 60 17 stats-

210 1149 82 20 makten
306 1149 70 24 allena,
395 1147 22 20 sä
431 1149 21 18 är
469 1147 60 24 klart,
549 1149 27 18 att
591 1147 75 19 dennas
682 1147 98 20 vexlande
796 1146 74 26 äsigter
887 1147 64 20 skulle

211 1174 103 21 efterhand
328 1174 64 19 kunna
406 1174 47 25 göra
466 1174 38 19 Jen
518 1174 59 19 andra
592 1174 140 19 statsmaktens
746 1173 116 26 deltagande
874 1173 5 20 i
889 1173 62 20 brott-

210 1200 193 26 mälslagstiftningen
415 1200 106 26 illusorisk,
537 1201 38 19 ifall
585 1200 96 25 nemligen
691 1200 152 26 grundsatserna
853 1200 30 19 för
892 1200 59 20 straf-

209 1228 45 20 fens
267 1226 146 21 verkställande
427 1227 101 19 efterhand
542 1227 64 20 blefve
618 1232 72 20 genom
700 1227 219 25 fängelsereglementen
928 1226 22 20 sä

212 1254 122 24 förändrade,
350 1255 29 17 att
391 1253 25 19 de
430 1253 41 19 icke
486 1259 55 13 mera
555 1253 126 20 motsvarade
691 1253 38 20 den
738 1253 60 20 andra
809 1254 141 19 statsmaktens

211 1280 124 26 uppfattning
348 1280 22 19 af
377 1279 143 20 straffarterna.

264 1306 91 20 Komiten
368 1306 35 19 har
416 1305 119 27 följaktligen
550 1308 47 17 trott
610 1306 30 26 sig
653 1306 47 20 böra
714 1308 76 24 antaga,
806 1308 29 18 att
848 1305 45 21 icke
905 1306 46 19 alle-

212 1335 44 17 nast
270 1332 145 26 straffarternas
432 1338 58 14 namn
508 1333 38 19 och
563 1333 126 19 allmännaste
706 1332 102 25 karakter,
828 1334 46 18 utan
891 1332 59 20 äfven

212 1358 24 20 de
250 1359 135 24 grundsatser,
401 1359 59 24 enligt
473 1359 65 19 hvilka
552 1358 80 19 straffen
641 1360 81 18 komme
731 1362 28 15 att
768 1359 125 24 verkställas,
905 1358 46 19 sko-

212 1384 18 19 la
244 1384 59 20 blifva
318 1384 99 20 beroende
431 1384 20 19 af
464 1384 119 20 Ständernas
600 1384 151 26 godkännande,
770 1386 53 18 samt
839 1384 63 20 under
919 1383 32 21 sä-

212 1410 38 19 dan
264 1410 136 26 förutsättning
414 1410 59 20 äfven
487 1410 5 19 i
507 1411 34 19 sitt
554 1411 72 25 förslag
639 1410 89 26 upptagit
743 1416 25 14 en
782 1410 141 26 framställning
932 1410 20 20 af

212 1435 60 21 dessa
285 1436 135 25 grundsatser.

265 1462 75 20 Härvid
355 1464 35 19 har
403 1463 96 25 Komiten,
516 1464 67 19 såsom
597 1464 59 20 redan
670 1463 69 27 antydt
748 1464 69 25 blifvit,
827 1463 64 26 utgått
899 1462 51 21 ifrån
