1003 1767
279 106 74 27 Nådiga,
361 107 145 26 Propositionen,
513 108 42 24 N:o,
561 107 28 25 10.
774 106 36 32 179,

63 158 60 25 orten,
134 156 102 30 bosatte.»
247 156 72 28 Denna,
328 156 139 28 inskränkning
480 157 39 19 kan
532 155 71 28 någon,
611 155 50 28 gång
676 156 37 26 vid
722 156 83 25 tillämp-

63 182 70 27 ningen
143 188 56 22 göra,
208 182 34 24 det
250 177 86 56 Inycker
350 182 36 27 svårt
419 185 32 20 att.
461 182 72 24 erhålla
552 184 33 18 ett.
597 182 90 29 tillräckligt
725 183 51 26 antal
791 182 15 19 i-

63 183 143 57 fråsävårände
218 208 161 27 förtrogndevärf.
391 210 42 26 fullt
447 215 66 20 vuxne.
529 214 105 21 personer.
649 201 4 39 '
664 205 100 29 Utskottet
777 208 28 19 fö-

61 234 64 48 FOR
164 235 57 25 rföre.
233 236 29 25 för
279 236 53 28 sista,
345 241 60 20 mom.
424 235 22 27 af
460 235 84 27 berörde
561 234 10 26 $
587 232 92 28 följande.
689 232 116 32 förändrade

63 252 84 43 lydelse:
322 278 2 2 ;

186 314 41 29 Har
240 314 67 27 sådan
316 314 91 26 förening
419 313 17 26 ej
451 314 59 27 skett,
527 313 51 27 skall
589 314 99 29 hvardera
722 316 44 26 parten
777 314 27 19 fö-

132 339 53 30 reslå
199 346 36 22 sex
249 342 43 24 och
302 342 70 27 Rätten.
385 340 72 26 nämne
470 342 37 25 tre,
523 341 60 29 högst
595 346 37 20 sex
645 340 36 46 mi
696 315 51 62 fån
766 340 38 20 för-

132 367 167 26 rättningsstället
307 368 79 26 bosatte
399 368 52 25 män,
467 366 20 27 af
499 366 76 30 hvilka,
591 366 60 27 sedan
672 368 62 28 Rätten
743 377 27 5 --
784 372 18 14 o.

132 399 17 15 s.
165 398 22 16 v.
202 394 58 26 enligt
274 392 153 28 propositionen.

113 448 13 26 I
136 443 12 36 $
162 447 25 28 19
202 449 10 3 är
236 448 33 27 det
282 447 111 27 föreslaget,
409 449 32 25 att
451 447 25 20 de
490 447 224 28 utsedda
586 443 48 36 gode
646 447 88 28 männen,
746 447 56 26 innan

59 474 31 28 de,
99 443 67 71 skrila
180 453 34 49 öl
227 453 143 50 förrätfpiogen,
383 474 55 28 skola
453 471 48 30 mel
519 472 18 29 63
551 467 74 38 betyga
639 472 61 24 deras
708 453 58 50 sit
776 472 30 29 all

59 503 63 44 syön
141 496 49 33 väld
207 502 38 28 och
263 498 121 31 mannamän,
397 501 50 23 efter
464 498 55 29 bästa
543 499 82 30 Törständ
643 499 39 48 Och
685 499 121 48 viiveen

60 528 81 25 fullgöra
155 528 117 26 uppdraget.
294 523 68 25 Edens
376 525 99 29 oförmåga
489 529 29 18 att
531 528 89 25 bibringa
635 526 121 33 pligtkänsla,
774 526 29 30 der

60 554 63 20 denna
137 554 44 20 icke
196 555 52 19 förut
261 555 69 24 finnes,
347 554 37 20 kan
398 560 59 14 anses
471 553 82 26 afgjord;
570 552 38 21 och
622 552 34 21 dä
683 554 25 20 1734
720 550 32 24 års
761 552 42 27 lag-

60 580 79 29 stiftare
154 581 45 27 icke
215 581 62 28 heller
294 583 56 24 aktat
362 581 67 27 nödigt
445 584 28 16 att
490 581 71 29 ålägga
573 581 26 19 de
614 581 51 29 gode
684 582 55 23 män,
759 586 43 14 som

59 609 117 25 omnämnas
190 608 9 27 i
210 605 49 29 15
250 601 13 39 $
273 609 13 19 4
313 608 35 28 Kap,
364 607 24 20 U.
405 609 30 25 B.,
451 606 64 24 någon
527 607 83 28 edgäng,
622 607 22 20 så
654 608 79 25 saknas,
744 607 59 26 enligt

59 631 116 31 Utskottets
187 633 65 28 tanke,
272 629 26 34 all
302 629 115 34 anledning
434 633 28 20 att
477 625 31 42 för
524 625 28 42 de
563 631 45 25 fall,
628 633 89 20 hvarom
728 635 36 19 här
782 635 21 18 är

60 661 60 25 fråga,
137 658 61 23 införa
212 659 127 22 omförmålda
355 661 111 20 formalitet.
483 659 9 27 $
506 659 25 22 19
546 659 66 26 torde,
624 661 6 19 i
644 660 32 20 fall
690 660 112 27 Utskottets

59 686 52 27 åsigt
125 688 71 19 vinner
210 687 121 20 Ständernes
345 687 58 25 bifall,
420 687 48 20 böra
481 687 78 20 affattas
568 687 90 20 sålunda:

183 740 40 20 När
244 739 89 26 samtlige
353 735 56 30 gode
423 741 45 18 män
489 739 187 25 tillstädleskommit,
697 740 104 19 underätte

129 767 123 20 domstolens
272 766 117 21 ordförande
405 766 47 20 dem
469 773 32 14 om
519 767 52 20 hvad
588 766 28 20 till
634 765 58 21 deras
713 767 88 25 pröfning

129 794 43 25 hör,
189 793 37 20 och
240 793 121 20 öfverlemne
374 804 9 3 -
396 804 9 3 -
419 798 18 14 0.
453 798 17 15 s.
486 799 20 13 v.
521 793 59 26 enligt
593 793 153 25 propositionen.

111 845 144 27 Ordalydelsen
269 846 5 19 i
289 845 10 25 $
313 846 25 19 22
352 851 35 20 ger
401 845 102 25 anledning
520 846 28 19 till
565 845 37 20 den
619 845 133 26 uppfattning,
772 848 28 17 att

58 873 43 20 hela
115 871 223 27 rättegängskostnaden
351 871 119 26 nödvändigt
484 872 48 20 skall
547 871 74 21 drabba
636 871 71 20 endera
718 871 83 26 sakega-

57 905 42 14 ren.
128 899 39 20 Fall
181 897 65 21 måste
260 898 52 20 dock
326 898 69 22 kunna
408 897 79 26 uppstå,
502 898 25 27 då
541 898 97 26 hyardera
652 900 76 23 parten,
740 899 60 24 enligt

57 926 12 19 3
85 925 10 26 $
109 926 24 19 21
148 925 49 25 Kap.
213 925 22 19 R.
251 925 29 23 B.,
297 925 35 19 bör
346 923 109 21 vidkännas
469 925 42 19 sina
525 929 50 20 egna
589 924 113 25 kostnader,
718 925 39 19 och
767 925 34 19 Ut-

57 952 75 20 skottet
145 950 83 21 föreslår
242 951 81 26 derförg
335 950 30 26 för
378 949 11 26 $
402 951 25 21 22
443 949 83 28 följande
539 950 120 27 förändrade
671 951 86 25 lydelse:

181 1003 36 26 Har
233 1003 86 24 domstol
334 1003 131 26 värderingen
479 1004 96 27 förrättat,
592 1003 56 28 gifve.
658 1004 67 25 utslag
734 1003 66 28 deröf-

127 1023 38 42 ver
179 1005 41 61 och
230 1031 74 24 utsätte
316 1028 26 26 de
356 1029 47 27 skäl,
419 1029 62 20 hvarä
491 1031 65 26 slutet
572 1029 96 26 grundas;
687 1026 115 30 bestämme,

127 1057 37 23 ock
181 1062 32 16 om
230 1053 229 31 räitegängskostnaden.
489 1054 27 30 Är
531 1053 112 31 pägondera
656 1067 9 12 -
679 1067 7 3 -
704 1061 19 21 0.
742 1053 18 23 8.
777 1062 19 22 Vv.

127 1084 60 27 enligt
201 1083 153 27 propositionen.

100 1136 50 26 .Den
164 1135 69 30 nådiga
246 1135 149 30 propositionen
407 1135 68 26 vidrör
488 1135 80 26 alldeles
582 1135 45 24 icke
640 1134 68 29 frågan
717 1140 34 21 om
760 1135 40 28 den

56 1163 107 24 ersättning
176 1162 30 27 för
219 1162 111 27 tidsspillan
344 1162 38 22 och
398 1157 129 32 resekostnad,
559 1161 63 28 hvarå
642 1165 41 22 gode
712 1157 88 32 männen

55 1189 88 28 skäligen
156 1189 65 25 kunna
236 1189 46 26 göra
296 1187 94 29 anspråk.
419 1187 58 27 Såväl
492 1188 33 23 det
539 1178 13 34 b
766 1185 21 26 lik

55 1214 86 27 anspråk
155 1221 44 16 som
213 1213 133 27 lagstiftarens
359 1215 47 26 pligt
419 1217 28 22 att
479 1215 13 26 icke
531 1213 20 27 onö

54 1241 128 26 kommandet
195 1241 21 19 af
227 1240 145 26 ifrågavarande
390 1241 107 26 ersättning
512 1241 51 26 torde
593 1262 7 3 få
623 1263 2 4 anses
671 1262 70 6 otvilv

55 1268 52 25 tiga;
121 1268 38 25 och
172 1267 102 26 Utskottet
290 1273 80 21 föreslår
384 1269 34 24 att,
434 1267 29 20 till
477 1266 123 29 afhjelpande
614 1267 21 27 af
646 1268 64 26 nämnde
719 1266 50 25 bri

55 1294 28 25 till
97 1292 12 26 $
121 1294 32 25 23,
169 1293 62 27 sådan
244 1293 40 28 den
296 1293 57 28 lyder
366 1293 7 27 i
386 1293 37 28 den
438 1293 75 29 Nådiga
525 1291 147 30 propositionen
690 1292 35 29 och
742 1294 5 26 ä

55 1321 22 25 af
88 1314 101 32 Utskottet
202 1319 119 28 tillstyrkes,
337 1319 63 27 måtte
413 1320 54 27 fogas
489 1319 76 28 följande
579 1319 118 29 stadgande:

180 1372 140 25 Godemännen
333 1372 110 28 bestämme
457 1373 43 26 ock,
517 1378 32 22 om
563 1373 58 27 deras
636 1372 108 30 tidsspillan
758 1373 38 27 och

128 1398 128 26 resekostnad
269 1397 62 28 jemje
346 1395 61 30 öfriga
421 1400 22 23 af
455 1398 139 31 förrättningen
612 1395 113 33 föranledda
740 1398 57 29 ytgit-
