975 1803
168 149 34 18 578
383 147 72 22 Nådiga
466 147 139 22 Propositionen
618 147 37 17 N:o
665 146 30 18 22.

170 198 31 19 väl
216 198 44 19 röra
273 196 89 26 kyrkans
377 195 118 21 förhållande
509 196 27 19 till
550 197 64 18 staten
627 201 46 14 men
687 196 49 19 blott
752 195 59 20 uttala
826 195 87 26 kyrkans

170 222 125 21 erkännande
309 223 21 19 af
342 223 38 19 och
393 222 71 25 pligter
479 225 52 17 emot
546 224 73 21 staten;
638 222 127 19 hvarförutan
780 222 37 19 den
831 221 20 19 åt
865 222 48 26 kyr-

171 250 95 24 kolagens
280 248 96 20 särskilda
390 250 70 18 ämnen
473 248 6 19 i
493 249 93 24 förslaget
602 248 51 25 gifna
667 248 155 26 uppställningen
837 247 76 21 tillvun-

171 277 27 19 nit
213 276 29 25 sig
256 276 60 19 dessa
329 278 73 16 tvenne
416 274 74 20 Stånds
499 275 81 20 odelade
594 274 59 20 bifall.
684 274 59 20 Bland
758 274 66 26 frågor
837 275 22 19 af
871 274 43 24 dju-

171 308 48 21 pare
241 303 38 19 och
296 307 55 14 mera
371 302 166 25 genomgripande
554 301 110 26 betydelse,
686 307 43 14 som
747 302 5 18 i
767 301 93 25 förslaget
878 304 36 16 äro

172 329 128 22 behandlade,
324 328 58 20 hafva
398 328 143 25 Ridderskapet
561 328 38 19 och
616 328 62 20 Adeln
699 330 52 18 samt
768 327 146 20 Bondeståndet

172 359 58 23 egnat
245 355 84 19 särskild
343 355 176 25 uppmärksamhet
533 354 20 19 åt
567 354 80 25 sådana,
661 355 5 18 i
681 354 65 20 hvilka
761 354 92 25 förslaget
868 354 46 19 skil-

171 382 31 25 jer
215 382 30 25 sig
258 381 42 20 från
315 381 38 19 den
367 381 67 20 hittills
447 381 86 25 gällande
548 381 172 26 kyrkoordningen
729 381 38 18 och
781 380 70 20 dervid
865 381 50 19 lem-

172 411 34 17 nat
219 409 34 18 sitt
266 408 46 19 fulla
327 407 125 20 erkännande
461 407 20 20 åt
495 407 96 20 komitens
600 407 121 26 uppfattning
736 407 83 19 rerande
832 406 34 21 det
875 407 40 20 for-

173 435 57 20 mella
244 434 100 26 uttrycket
358 434 29 19 för
401 433 88 27 kyrkans
503 434 151 19 trobekännelse
669 434 18 24 (4
703 433 46 26 kap.
761 435 8 18 4
787 433 25 26 $),
828 433 38 20 den
880 439 35 14 en-

174 461 62 20 skilda
253 460 176 25 religionsfriheten
447 460 20 25 (2
482 460 44 25 kap.
541 461 13 18 4
568 459 25 26 $),
616 460 39 19 den
672 460 100 19 enskildes
791 461 38 18 rätt
843 462 28 17 att
885 460 31 19 för

174 488 78 19 hvilken
272 486 78 27 kyrklig
367 487 113 25 förrättning
501 492 44 14 som
564 487 52 18 helst
635 487 58 19 anlita
714 489 55 22 prest
790 485 42 20 från
853 491 63 14 annan

174 513 113 26 församling
302 514 47 19 eller
362 513 33 19 det
410 512 96 21 såkallade
516 513 160 19 sockenbandets
690 513 76 25 lösning
779 512 18 25 (3
808 512 45 26 kap.
867 513 11 19 5
889 513 24 25 $),

173 540 85 20 friheten
272 539 26 20 till
313 539 86 20 enskilda
413 539 168 26 andaktsöfningar
595 542 46 16 utan
655 539 161 25 presterskapets
829 539 87 20 omedel-

174 567 47 19 bara
236 566 76 25 ledning
330 566 20 23 (4
364 565 45 27 kap.
425 566 24 19 16
464 565 24 25 $),
512 565 132 26 kyrkotukten
662 566 33 24 (13
713 565 54 25 kap.)
788 566 38 19 och
844 565 73 26 kyrko-

175 593 61 20 mötet
254 593 34 24 (25
305 592 62 25 kap.).
399 592 62 19 Äfven
476 592 37 19 den
529 592 172 25 lagstiftningsrätt
717 591 6 20 i
736 591 90 27 kyrkliga
843 591 72 26 frågor,

176 625 43 14 som
234 619 56 24 enligt
304 618 98 19 komiténs
416 618 70 25 förslag
500 619 80 18 komme
594 621 28 16 att
637 619 77 19 utöfvas
730 618 32 20 vid
777 618 139 27 kyrkomöten,

175 646 59 19 hafva
255 644 145 26 Ridderskapet
420 646 38 18 och
475 645 61 20 Ädeln
557 647 51 17 samt
625 644 145 21 Bondeständet
789 647 66 18 ansett
869 645 49 19 böra

176 672 107 20 tillkomma
298 671 58 20 dessa
371 672 72 24 möten,
461 671 81 20 emedan
553 671 100 20 saknaden
667 671 58 20 deraf
732 672 94 19 beröfvar
839 671 79 27 kyrkan

176 698 56 25 nödig
246 697 158 26 sjelfständighet
417 699 38 17 och
465 700 55 23 utgör
535 700 27 17 ett
572 697 68 20 hinder
655 698 29 19 för
695 698 76 19 hennes
785 698 34 19 fria
834 698 85 19 utveck-

175 725 45 25 ling.
251 723 64 20 Likväl
331 724 69 24 borde,
417 724 59 24 enligt
489 724 143 24 Ridderskapet
646 725 37 17 och
698 724 71 19 Adelns
783 726 52 17 samt
845 724 75 19 Bonde-

177 751 88 19 ständets
279 749 56 26 äsigt,
351 750 64 25 begge
429 750 150 20 statsmakterna
594 751 105 18 samverka
710 750 33 19 vid
757 750 129 20 stadfästelse
899 751 22 19 af

176 777 138 26 kyrkomötets
329 777 64 19 beslut
407 777 5 18 i
427 776 70 26 frågor,
514 782 43 14 som
573 776 41 20 falla
629 777 52 19 inom
699 776 220 26 kyrkolagstiftningens

176 804 88 24 område,
280 802 80 20 sålunda
375 806 28 16 att
416 803 59 19 dessa
489 804 65 18 beslut
568 802 62 20 skulle
644 803 131 19 underställas
791 802 50 21 både
856 804 63 24 Rege-

176 830 81 25 ringens
272 830 37 18 och
319 829 120 19 Ständernas
453 830 148 24 godkånnande.
630 829 71 20 Såsom
715 836 24 13 en
752 829 46 26 följd
812 830 63 24 deraf,
891 833 28 17 att

177 856 145 25 Ridderskapet
336 856 38 19 och
387 856 61 19 Adeln
466 859 50 16 samt
531 855 146 21 Bondeståndet
694 856 29 19 för
741 857 29 19 sin
785 856 30 20 del
834 856 86 26 godkänt

177 883 25 19 de.
216 882 104 26 principer,
332 882 25 25 på
372 882 65 20 hvilka
451 882 147 25 ifrågavarande
613 882 168 26 kyrkolagförslag
796 884 69 24 hvilar,
881 884 39 19 och

177 909 63 19 funnit
253 909 59 19 dessa
327 909 100 25 principer
442 910 29 18 väl
492 909 127 25 genomförda
640 910 4 18 i
661 910 24 19 de
700 910 167 25 hufvudpunkter,
883 910 38 20 der

178 935 81 26 ändring
273 936 5 18 i
293 935 37 19 den
345 936 68 18 hittills
429 935 88 25 gällande
534 936 171 26 kyrkoordningen
723 936 62 19 blifvit
802 937 116 25 föreslagen,

178 962 58 19 hafva
251 962 25 19 de
293 962 82 19 nämnda
397 962 62 25 begge
477 961 85 21 Stånden
583 963 4 18 i
604 962 156 26 underdånighet
776 964 68 19 uttalat
861 963 59 20 deras

178 988 74 19 önskan
269 993 46 14 vara
330 990 28 17 att
371 988 34 19 det
418 993 38 21 nya
473 988 190 26 kyrkolagförslaget
676 989 5 19 i
696 989 47 20 dess
761 990 71 25 helhet,
849 989 71 21 sådant

178 1014 34 20 det
226 1015 20 19 af
258 1014 38 20 den
306 1014 62 20 härtill
385 1015 4 18 i
399 1014 60 20 nåder
474 1015 143 20 tillförordnade
630 1014 84 21 komitén
729 1015 63 21 blifvit
801 1016 118 25 utarbetadt,

179 1040 33 20 vid
230 1040 128 24 nästföljande
378 1040 91 26 landtdag
490 1041 108 26 förelägges
615 1042 108 20 Ständerna
745 1043 37 18 och
803 1042 81 20 sålunda
901 1042 20 20 åt

178 1068 47 19 dem
240 1068 74 18 lemnas
335 1067 71 19 tillfälle
423 1069 28 17 alt
465 1068 121 19 omedelbart
606 1067 38 20 och
662 1071 46 16 utan
728 1068 62 25 någon.
807 1070 113 25 ytterligare

178 1093 86 20 komités
279 1093 178 20 sammankallande
468 1093 76 26 vidtaga
558 1093 71 20 sådana
638 1093 93 26 åtgärder
742 1095 122 26 derutinnan,
876 1101 43 14 som

179 1120 64 19 kunna
258 1118 89 21 befinnas
360 1119 76 26 nödiga.

234 1146 30 20 Uti
278 1145 144 26 Ridderskapet
435 1147 37 18 och
487 1146 73 21 Adelns
575 1149 51 18 samt
636 1147 157 21 Bondeståndets
807 1149 113 20 förberörda

179 1172 91 26 yttrande
284 1172 36 19 har
336 1172 164 25 Borgareståndet
516 1173 29 19 för
559 1173 30 20 sin
604 1174 30 19 del
653 1174 4 19 i
673 1173 21 20 så
713 1174 60 20 måtto
790 1175 87 25 instämt,
893 1178 28 17 att

179 1199 59 19 äfven
252 1197 164 26 Borgareståndet
430 1202 63 17 ansett
506 1199 34 20 det
550 1205 37 20 nya
601 1200 188 27 kyrkolagförslaget
802 1201 5 19 i
817 1202 48 19 dess
881 1202 40 19 hel-

180 1225 39 24 het,
236 1224 70 20 sådant
320 1224 33 19 det
369 1225 64 20 blifvit
450 1226 20 19 af
482 1226 122 19 komiterade
624 1226 119 26 utarbetadt,
759 1228 47 19 böra
821 1228 33 19 vid
868 1230 53 18 näst-

180 1251 83 24 följande
279 1251 90 25 landtdag
389 1252 107 25 föreläggas
514 1251 75 21 landets
606 1253 94 23 Ständer;
723 1254 103 19 hvaremot
844 1255 77 19 Presta-

180 1276 78 20 ståndet
277 1279 62 28 yttrat
353 1277 38 19 den
409 1277 40 26 äsigt
476 1281 27 17 att
523 1278 192 27 kyrkolagförslaget,
738 1280 58 19 innan
810 1280 111 21 detsamma

180 1302 68 20 såsom
261 1303 58 25 nådig
332 1304 121 24 proposition
467 1306 107 24 förelägges
588 1305 114 25 Ständerna,
714 1306 62 20 borde
789 1306 132 21 underkastas

180 1329 84 27 särskild
284 1329 138 26 handläggning
443 1331 20 18 af
481 1331 93 19 förstärkt
594 1331 179 26 kyrkolagkomité,
794 1332 26 20 till
842 1333 79 20 hvilken

180 1355 69 23 hvarje
263 1354 57 20 stånd
335 1356 50 23 egde
399 1358 28 16 att
441 1356 51 19 inom
507 1358 47 18 eller
568 1359 55 17 utom
636 1359 30 23 sig
684 1360 43 17 utse
741 1363 24 13 en
782 1359 86 18 ledamot
882 1360 38 18 och

180 1380 80 18 hvilken
274 1380 73 19 komité
361 1381 62 19 skulle
438 1384 43 23 taga
495 1383 5 18 i
514 1383 144 25 öfvervägande
667 1383 24 19 de
706 1383 155 26 anmärkningar,
877 1390 43 14 som

180 1405 42 21 dels
236 1406 21 19 af
269 1407 150 25 presterskapet
435 1408 32 19 vid
482 1408 86 20 skeende
587 1411 122 22 prestmöten
730 1410 103 20 äfvensom
849 1411 22 19 af
881 1412 39 18 lan-

179 1431 45 20 dets
237 1432 136 25 auktoriteter,
390 1433 42 20 dels
447 1434 36 19 ock
500 1435 20 18 af
532 1434 88 20 enskilda
637 1440 96 20 personer
746 1436 66 20 kunde
828 1437 90 25 afgifvas.

439 1263 4 8 E
