989 1759
293 109 71 23 Nådiga
376 111 139 23 Propositioner
529 112 36 18 N:o
577 112 27 18 17.
788 111 31 22 461

77 157 44 26 diga
136 158 146 30 propositionen
297 160 86 20 uttalade
393 162 42 20 och
450 161 36 20 der
495 162 123 19 motiverade
626 163 85 26 mening,
723 165 29 18 att
760 164 63 20 blotta

78 187 125 23 utmaningen
218 186 39 19 och
271 187 115 25 antagandet
400 187 57 20 deraf
469 186 17 26 ej
501 188 62 20 borde
580 189 85 25 straffas,
684 192 52 17 samt
753 191 68 19 försök

77 210 27 20 till
120 212 58 25 envig
193 212 71 20 endast
278 213 4 19 i
297 212 61 21 sådan
373 213 94 20 händelse
481 214 78 20 komma
573 217 28 18 att
617 216 92 25 beläggas
727 216 45 20 :med
787 222 35 14 an-

78 242 54 21 svar,
148 240 29 18 att
185 238 133 21 duellanterne
328 240 43 19 icke
385 240 92 26 frivilligt,
494 244 46 16 utan
555 241 48 19 blott
622 241 23 25 på
662 242 63 25 grund
741 244 23 19 af
778 248 42 14 om-

78 264 141 26 ständigheter,
235 271 43 13 som
294 271 48 14 voro
357 266 20 19 af
389 270 59 16 deras
463 267 35 19 fria
513 266 46 25 vilja
568 268 119 25 oberoende,
699 268 69 20 afstätt
776 269 43 19 från

78 290 82 25 striden,
179 291 56 19 innan
253 291 111 25 någondera
382 291 41 20 deri
443 292 40 20 blef
499 292 65 21 sårad.
598 295 43 18 Men
661 295 46 18 med
726 295 94 19 afseende

77 315 55 26 derå,
149 319 28 18 att
191 317 60 20 blotta
266 317 126 26 deltagandet
406 319 4 18 i
426 321 27 16 ett
468 319 118 20 fullborJadt
602 321 64 24 envig,
685 320 59 25 enligt
761 321 10 18 4
790 321 29 24 Si

77 343 120 20 ständernes
210 344 79 25 förslag,
305 345 65 19 skulle
385 344 65 21 kunna
465 345 78 19 komma
557 348 29 17 att
600 347 93 25 umgållas
708 347 46 19 med
763 347 57 19 böter

78 368 43 20 från
135 370 38 19 och
188 370 45 19 med
248 371 71 25 fyratio
333 371 26 20 till
375 372 37 18 och
427 371 45 20 med
487 372 120 26 fyrahundra
621 373 65 24 mark,
698 373 59 19 hafva
766 375 53 17 stän-

77 395 62 20 derne
149 399 50 16 trott
214 397 29 24 sig
256 397 47 20 böra
318 396 77 27 föreslå,
412 400 27 17 att
454 401 93 16 ansvaret
560 399 30 19 för
605 399 100 19 straffbart
715 399 67 20 försök
792 399 26 20 till

78 422 59 25 envig
151 422 62 21 skulle
227 429 47 14 vara
289 423 56 20 böter
360 423 41 20 från
417 426 37 18 och
472 424 45 20 med
535 425 65 20 trettio
617 425 27 20 till
663 425 36 20 och
717 425 47 20 med
781 428 39 17 tre-

77 448 78 21 hundra
170 450 63 23 mark,
250 450 48 19 eller
312 449 59 27 något
384 451 53 24 lägre
451 453 23 17 än
489 451 135 26 nyssnämnda
641 452 136 25 bötesbelopp.

107 482 2 2 *
131 476 30 19 De
175 476 4 19 i
194 477 13 18 4
220 476 11 25 $
245 476 98 21 omtalade
357 477 134 20 sekundanter
504 478 38 19 och
555 478 159 25 utmaningsmän
725 480 52 18 samt
786 483 33 14 an-

77 501 34 20 dra
126 501 90 21 biträden
232 503 33 20 vid
279 503 58 26 envig
351 505 34 18 äro
398 503 50 26 åter,
464 504 58 25 enligt
536 505 115 19 ständernes
666 505 65 25 tanke,
743 507 28 16 att
785 505 34 19 be-

77 528 77 20 traktas
168 528 68 21 såsom
250 529 97 26 delaktige
361 530 5 19 i
380 530 83 24 brottet;
483 531 92 19 hvarföre
592 531 25 20 de
633 532 30 18 för
679 531 121 25 delaktighet
813 530 5 19 i

77 556 154 25 missgerningar
249 557 5 18 i
272 557 106 19 allmänhet
395 557 88 25 gällande
501 558 39 19 och
556 557 6 19 i
579 558 23 19 61
621 557 45 26 kap.
684 558 25 19 M.
729 558 20 19 B.
769 557 50 20 före-

77 582 119 21 kommande
210 583 120 26 stadganden
344 583 61 20 borde
421 583 10 20 ä
445 584 45 19 dem
504 583 103 26 tillämpas,
624 584 21 20 sä
660 587 29 16 att
701 584 32 25 de,
746 583 36 21 ifall
793 584 26 20 Je

77 608 70 26 sjelfve
168 609 51 20 varit
237 609 77 26 upphof
327 609 24 21 till
373 610 83 24 striden,
477 611 81 19 komme
574 613 28 17 att
618 611 79 20 straffas
713 611 39 20 lika
772 610 46 20 med

76 635 143 24 duellanterne,
235 642 46 13 men
297 635 57 26 eljest
367 636 111 26 lindrigare.

130 662 145 20 Godkännande
295 663 10 18 5
323 662 19 26 $,
361 668 43 15 som
423 664 80 19 handiar
519 669 33 14 om
570 663 69 20 böters
656 663 107 26 fördelning
780 664 38 19 och

76 689 111 25 förändring
203 689 25 20 till
246 692 60 17 annat
323 689 64 25 straff,
406 689 57 20 hafva
481 690 114 25 ständerne,
614 691 59 18 äfven
690 690 28 19 för
739 689 31 20 sin
786 689 31 20 del

76 715 52 26 gillat
142 714 103 21 innehället
259 715 20 20 af
291 716 12 19 6
317 715 17 26 $,
350 716 47 19 eller
411 719 28 16 att
452 716 38 20 mäl
505 715 100 27 angäende
620 717 59 25 envig
692 716 63 20 borde
769 721 49 20 upp-

76 745 55 22 tagas
145 743 39 18 och
198 742 88 20 afdömas
301 743 21 18 af
334 743 70 19 allmän
418 743 107 25 underrätt,
541 749 47 14 men
603 743 116 20 hemställas
734 743 84 20 hofrätts

75 769 98 25 pröfning.
202 769 55 20 Dock
272 768 58 21 hafva
345 769 107 20 ständerne
466 772 65 17 ansett
547 770 30 25 sig
594 770 47 19 böra
659 768 112 27 framhälla,
790 772 29 17 att

75 795 121 20 sistnämnda
211 794 92 27 paragraf
315 795 80 21 innebär
411 802 23 13 en
449 796 81 26 ändring
545 795 16 26 ej
577 796 80 20 allenast
671 796 19 19 af
710 797 5 18 9
729 801 61 14 mom.
805 797 11 18 2

75 822 11 25 $
101 822 11 19 8
126 822 47 25 kap.
188 823 23 19 R.
227 823 29 20 B.,
272 825 47 16 utan
334 822 57 20 äfven
406 823 20 19 af
439 823 48 19 sista
501 825 109 18 momentet
623 823 5 19 i
643 823 12 20 6
669 822 10 26 $
693 823 21 19 af
724 823 47 19 1723
784 821 34 21 ärs

75 848 68 26 Adliga
157 849 121 25 Privilegier,
295 854 50 20 som,
361 849 4 19 i
380 848 53 26 fråga
449 855 31 13 om
495 849 84 20 domstol
594 849 5 19 i
617 848 122 26 envigesmäl
758 849 60 20 emel-

74 876 31 19 lan
120 876 105 19 frälsemän
240 876 47 19 eller
301 875 58 20 deras
374 875 119 25 vederlikar,
510 875 104 20 stadfästat
623 876 47 19 det
667 871 10 34 i
681 877 25 18 12
716 876 10 25 $
735 876 22 19 af
765 876 51 19 1682

75 901 33 20 ärs
123 903 134 24 Duellsplakat
271 902 161 20 forekommande
446 903 39 19 och
499 901 85 21 derifrän
600 903 26 19 till
644 904 12 18 2
673 902 11 25 $
701 903 12 20 8
730 902 46 25 kap.
791 902 24 20 R.

75 929 21 19 B.
113 929 111 19 öfverförda
239 928 122 26 stadgandet,
377 931 28 17 att
419 929 65 26 dylika
499 929 38 20 mål
552 929 47 20 böra
609 929 89 20 afdömas
707 929 22 20 af
736 929 78 19 hofrätt.

75 956 40 19 Ifall
131 955 52 20 Jetta
198 955 107 25 stadgande
319 955 44 20 icke
380 955 66 20 blefve
463 955 92 25 ändradt,
574 955 63 20 skulle
654 955 37 20 mål
710 961 33 14 om
759 955 57 26 envig

75 983 83 18 emellan
173 982 118 19 ofrälsemän
306 982 46 19 böra
368 982 105 19 framdeles
488 982 89 19 aflömas
594 982 42 19 dels
653 983 21 18 af
689 982 73 19 hofrätt
778 983 38 18 och

75 1008 44 20 dels
133 1008 20 19 af
165 1008 109 25 underrätt,
291 1009 32 19 allt
337 1009 95 18 eftersom
446 1008 137 27 förbrytarene
597 1014 48 14 vore
659 1008 75 25 adelige
748 1007 69 20 veder-

74 1035 55 25 likar,
147 1035 46 19 eller
208 1034 25 25 ej;
249 1035 38 19 och
302 1040 43 14 som
360 1035 38 19 den
413 1035 6 18 i
433 1035 157 25 propositionens
607 1035 12 19 6
636 1035 10 25 $
669 1034 91 26 åsyftade
784 1036 34 17 än-

75 1061 57 26 dring
147 1062 20 19 af
179 1061 12 19 2
201 1062 10 25 $
222 1062 11 19 8
244 1061 45 26 kap.
305 1061 60 20 R&B.
381 1064 52 17 samt
443 1062 12 19 6
465 1061 24 25 $i
501 1061 64 21 Adliga
575 1061 145 26 Privilegierna,
736 1061 5 19 i
752 1061 67 19 anled-

74 1088 45 26 ning
134 1088 61 25 häraf,
211 1091 57 22 synts
283 1093 46 14 vara
345 1087 57 26 nödig
417 1087 4 19 i
436 1088 93 19 afseende
545 1095 3 3 ä
572 1087 127 24 ofrälsemän,
719 1087 22 20 sä
759 1088 57 19 hafva

75 1115 105 19 ständerne
195 1114 91 25 enhälligt
299 1117 64 17 ansett
377 1114 30 25 sig
422 1114 46 20 böra
483 1114 84 25 förorda,
583 1117 28 17 att
625 1113 150 26 ifrägavarande
784 1115 33 18 än-

74 1141 56 25 dring
145 1141 62 20 skulle
221 1140 18 25 ej
254 1141 55 25 blott,
326 1141 67 20 säsom
408 1141 6 19 i
429 1141 147 25 propositionen
588 1141 90 24 föresläs,
689 1141 81 19 omfatta
780 1141 37 19 alla

75 1168 95 25 egentliga
185 1167 127 26 envigesmäl,
327 1170 46 17 utan
387 1167 57 20 äfven
458 1167 111 20 utsträckas
583 1167 28 20 till
625 1167 26 20 de
669 1166 72 21 «andra
757 1167 62 25 slags-

75 1194 38 19 mäl
129 1195 47 19 eller
190 1195 126 24 förgripelser
331 1194 45 19 med
392 1193 115 27 skymfeliga
523 1193 35 20 ord
573 1195 38 18 och
621 1194 102 25 gerningar
734 1193 83 20 emellan

74 1221 106 19 frälsemän
196 1221 46 19 eller
256 1220 59 19 deras
329 1220 132 25 vederlikar»,
478 1220 65 20 hvilka
556 1226 27 14 nu
597 1219 24 27 pä
635 1220 64 26 grund
713 1221 21 18 af
749 1219 69 20 ähero-

75 1247 50 24 pade
140 1246 120 26 stadganden
275 1247 47 18 böra
337 1247 88 19 afdömas
439 1247 20 18 af
472 1247 79 19 hofrätt.
580 1247 33 19 Till
628 1246 43 25 följe
686 1247 57 18 häraf
757 1246 61 19 borde

75 1272 61 20 också
152 1272 17 25 ej
184 1274 82 18 allenast
280 1273 28 19 uti
323 1273 121 24 inledningen
458 1273 27 20 till
499 1273 138 25 envigeslagen
652 1274 122 23 omnämnas,
789 1275 29 16 att

75 1300 12 19 9
102 1304 61 15 mom.
179 1300 11 19 2
205 1299 10 25 $
230 1300 11 19 8
256 1299 46 25 kap.
317 1299 23 20 R.
356 1299 31 23 B.,
404 1298 65 20 såvidt
483 1299 33 20 det
530 1299 60 25 angår
604 1299 62 25 envig,
683 1298 92 26 slagsmål
790 1299 28 18 el-

74 1326 29 19 ler
117 1325 127 26 förgripelser
257 1325 46 20 med
318 1325 103 26 skymfliga
437 1325 34 20 ord
486 1326 38 19 och
533 1325 110 25 gerningar,
655 1326 104 19 äfvensom
769 1325 48 19 sista

74 1357 62 14 mom.
152 1352 5 19 i
172 1353 12 18 6
198 1352 10 25 $
222 1352 20 19 af
255 1351 66 26 Adliga
335 1352 142 24 Privilegiernä
491 1352 78 19 komme
584 1354 28 17 att
629 1351 81 24 ändras,
729 1354 47 17 utan
790 1351 28 19 äf-

75 1383 38 14 ven
128 1378 11 19 å
155 1378 86 25 lämpligt
255 1379 56 18 ställe
324 1379 6 18 i
344 1377 70 25 sjelfva
428 1379 55 24 lagen
497 1378 120 24 framhållas,
633 1381 28 16 att
675 1377 61 20 också
746 1373 20 34 de
774 1378 11 19 i
797 1377 18 24 5,

75 1405 12 18 9
102 1404 38 19 och
155 1404 24 19 44
194 1403 21 26 $$
229 1404 20 19 af
263 1403 152 26 Duellsplakatet
429 1403 120 20 omnämnda
563 1404 134 25 förbrytelser,
711 1403 64 20 hvilka
790 1403 29 24 in-
