1006 1761
204 124 32 18 126
424 125 71 21 Nådiga
506 125 140 22 Propositionen
659 125 36 16 N:o
709 125 15 16 7.

203 173 88 25 gällande
307 173 84 20 räntefot
408 173 26 20 till
453 174 42 19 viss
512 173 114 20 hufvudstol
645 175 4 17 i
667 174 118 24 penningar
783 169 11 34 ,
808 173 139 19 motsvarande

204 200 37 19 den
258 199 89 20 behållna
364 200 111 19 afkomsten
493 200 20 19 af
530 200 67 19 verket
615 201 46 18 eller
678 205 70 19 genom
764 199 117 24 försämring
896 199 53 20 bort-

203 225 74 26 gången
295 226 31 19 del
345 225 75 20 deraf.
435 226 42 19 Kan
495 226 33 19 det
545 227 86 18 förutses
648 229 27 16 att
692 227 113 18 afkomsten
823 227 4 18 i
843 226 104 19 framtiden

204 252 71 19 blifver
292 252 119 25 försämrad,
431 253 34 18 bör
481 253 130 24 ersättningen
626 252 85 19 derefter
726 253 82 24 lämpas.
838 252 35 19 Vill
889 252 61 19 afträ-

204 279 60 19 Jaren
282 279 60 19 hellre
360 278 58 20 hafva
433 279 131 26 ersättningen
579 279 91 19 bestämd
686 279 58 25 enligt
757 279 52 19 hvad
824 278 105 19 nedanföre
944 278 4 18 i

206 305 10 25 $
231 305 25 19 38
272 305 86 26 stadgas,
374 310 47 14 vare
435 305 64 20 dertill
513 305 115 25 berättigad.
737 317 6 3 -

257 331 11 26 $
282 332 31 20 38.
330 332 7 18 I
351 332 29 18 fall
397 332 123 25 vattenverk,
537 338 43 14 som
595 332 123 19 härförinnan
733 331 64 21 blifvit
811 331 75 25 anlagdt
902 330 46 20 med

204 357 96 21 förbehåll
321 360 28 17 att
368 358 44 19 icke
433 357 17 20 få
472 360 67 24 utgöra
560 358 69 20 hinder
653 358 28 19 för
705 358 56 26 nödig
784 358 163 25 strömrensning,

205 386 91 18 kommer
313 387 29 17 att
358 384 148 25 undanskaffas,
525 385 47 20 skall
591 385 33 19 det
641 385 72 19 inlösas
732 385 50 19 efter
801 384 67 20 värdet
886 385 20 19 af
925 385 25 19 de

205 412 25 19 till
247 411 70 20 verket
330 412 87 18 hörande
432 412 111 25 byggnader
558 412 36 18 och
611 412 126 24 inrättningar
752 412 4 18 i
767 411 58 20 deras
835 410 114 21 dåvarande

205 438 55 19 skick
278 440 37 18 och
334 437 44 20 utan
396 438 93 19 afseende
506 438 24 25 på
548 438 84 19 derifrån
650 437 98 26 påräknad
766 438 119 26 afkastning,
901 444 47 13 men

204 465 53 19 detta
272 465 61 20 värde
347 464 36 20 kan
398 464 73 20 erhålla
486 471 24 13 en
524 465 99 25 tillökning
637 465 20 18 af
670 465 50 19 ända
735 465 28 19 till
779 465 73 19 hälften
863 465 86 20 derutöf-

205 497 45 19 ver,
269 492 38 19 ifall
325 491 130 25 ersättningen
473 496 70 15 annars
560 491 79 20 komme
655 495 28 16 att
697 492 4 18 i
717 491 121 26 betydligare
852 492 47 24 grad
914 497 34 14 un-

204 518 86 26 derstiga
308 518 33 19 det
358 518 204 25 ersättningsbelopp,
585 523 43 14 som
649 523 48 14 vore
717 517 24 26 på
763 517 80 20 verkets
863 518 86 19 afkomst

204 545 103 24 grundadt.
340 544 135 20 Underkastas
493 544 62 26 dylikt
572 545 49 18 verk
639 544 88 26 flyttning
744 545 47 19 eller
807 549 61 15 annan
886 545 63 19 förän-

204 571 64 25 dring,
288 571 36 19 bör
340 571 24 19 all
381 571 106 25 ersättning
504 571 45 19 med
567 570 136 20 bibehållande
720 571 20 19 af
753 576 75 14 samma
843 571 106 25 beräkning

204 598 59 19 blifva
277 597 87 20 derefter
377 597 84 25 lämpad.

258 624 10 25 $
282 625 32 19 39.
343 624 71 19 Finnes
429 624 57 25 verk,
503 629 44 14 som
561 624 80 20 hindrar
655 624 64 26 nyttig
733 624 152 26 vattenledning,
903 630 45 14 vara

204 653 45 16 utan
266 650 85 20 tillstånd
369 649 76 26 anlagdt
462 651 38 19 och
517 650 44 20 icke
578 650 69 25 utgöra
661 651 106 24 odalverk,
791 650 62 20 varde
873 651 34 19 Jet
927 651 21 19 så

204 676 151 20 undanskaffadt
369 682 43 14 som
428 677 64 25 nödigt
506 678 87 26 pröfvas,
609 679 46 17 utan
669 680 28 16 att
712 682 70 18 egaren
797 676 30 20 må
843 677 24 26 på
878 678 71 19 ersätt-

203 704 47 25 ning
264 702 77 22 derföre
355 704 46 24 göra
413 704 94 25 anspråk.
527 705 25 19 Är
567 704 71 19 verket
651 704 45 19 med
711 703 86 20 tillstånd
811 704 78 26 anlägdt
903 710 46 14 men

204 729 22 20 så
242 730 92 20 inrättadt
351 732 27 17 att
396 730 107 20 tillståndet
519 730 114 26 derigenom
650 730 147 25 öfverskridits,
814 730 48 20 skall
877 730 72 20 verket

204 755 24 25 på
244 762 82 20 egarens
341 756 108 20 bekostnad
465 757 92 20 försättas
571 758 4 18 i
590 756 70 20 sådant
674 756 57 20 skick
746 762 44 14 som
799 757 30 19 för
838 758 110 19 detsamma

205 783 62 19 blifvit
281 782 106 20 bestämdt.

257 810 39 24 Lag
313 814 75 14 samma
407 813 47 16 vare
469 815 32 13 om
517 810 54 25 verk,
587 814 44 15 som
646 810 113 19 hädanefter
764 806 7 33 -
774 810 94 24 olagligen
883 811 66 24 -anläg-

204 841 44 19 gas;
266 836 38 19 och:
321 835 31 20 mä
366 836 27 18 till
409 836 128 20 vattenverks
552 836 135 25 anläggningar
701 836 105 20 framdeles
821 836 92 20 tillätelse
929 837 17 25 ej

203 861 118 21 annorlunda
336 862 99 20 meddelas
450 864 23 18 än
488 863 45 19 med
549 863 62 19 vilkör
625 866 28 16 att
667 862 25 20 de
707 862 32 20 vid
754 863 62 19 behof
828 863 54 19 skola
898 863 49 20 lem-

203 893 23 14 na
244 894 45 13 rum
306 888 29 20 för
351 888 63 26 nyttig
431 889 152 26 vattenledning,
603 892 52 16 emot
673 889 108 25 ersättning
798 890 51 19 efter
866 889 38 20 den
919 890 4 19 i
938 890 10 25 $

202 916 25 19 38
242 915 103 20 bestämda
359 915 71 24 grund.

255 941 10 26 $
285 942 33 19 40.
353 941 37 20 Om
411 942 33 19 det
465 943 79 24 pröfvas
565 942 65 26 nödigt
651 945 28 17 att
699 943 60 19 sänka
783 943 48 19 eller
855 944 90 23 utgräfva

203 968 104 25 strömfall,
326 974 44 14 som
386 967 44 21 icke
449 970 22 18 är
491 968 29 20 för
539 969 58 25 något
618 969 117 20 vattenverk
756 969 121 26 begagnadt,
899 975 49 15 vare

203 1000 70 21 ogaren
290 995 18 25 ej
323 995 25 19 tili
364 995 107 25 ersättning
485 996 114 25 berättigad,
615 996 82 19 såframt
711 996 44 20 icke
769 996 64 26 någon
846 996 45 25 jord
906 997 43 20 blif-

203 1028 35 14 ver
253 1022 28 19 för
297 1022 72 19 honom
385 1021 70 20 dervid
469 1022 75 20 skadad
558 1023 47 19 eller
619 1022 92 20 förstörd.

254 1048 10 25 S
282 1048 32 20 41.
328 1044 10 36 '
346 1048 48 24 Vilja
412 1048 150 20 vederbörande
580 1048 189 26 vattenverksegare
788 1049 44 20 icke
849 1050 99 26 godvilligt

203 1074 120 20 underkasta
338 1075 30 24 sig
382 1074 61 20 sådan
459 1075 118 26 skyldighet,
593 1081 44 14 som
652 1076 45 19 dem
714 1076 4 18 i
734 1076 125 19 förenämnda
869 1078 78 18 afseen-

202 1102 36 19 den
253 1100 79 26 åligger,
349 1102 46 18 eller
410 1101 37 19 kan
462 1101 203 21 öfverenskommelse
679 1107 32 14 om
726 1102 59 19 deras
795 1104 112 19 ersättande
917 1103 30 19 för

202 1128 61 19 skada
280 1127 37 20 och
335 1127 69 20 förlust
421 1128 44 19 icke
483 1128 74 24 träffas,
573 1129 54 19 skola
643 1128 58 20 dessa
717 1128 66 26 frågor
796 1131 97 23 upptagas
907 1131 38 18 och

203 1154 76 25 afgöras
296 1154 20 19 af
331 1154 150 20 vederbörande
498 1155 139 26 myndigheter
654 1156 38 18 och
710 1155 106 20 domstolar
830 1156 5 18 i
850 1156 37 19 den
902 1156 45 19 ord-

203 1181 44 24 ning
264 1180 38 19 och
319 1181 50 18 efter
385 1180 25 19 de
427 1181 96 24 grunder,
539 1187 44 14 som
597 1181 62 19 finnas
672 1181 103 20 bestämda
790 1182 5 19 i
810 1182 137 25 förordningen

202 1207 20 19 af
234 1205 37 21 den
459 1207 36 20 186
512 1224 3 9 ,
531 1207 100 26 angående
646 1207 136 27 skyldigheten
797 1210 29 17 att
839 1209 48 20 afstå
902 1209 44 25 jord

202 1233 30 19 för
247 1233 80 20 allmänt
342 1233 65 20 hehof.

255 1259 10 25 $
280 1261 32 18 42.
341 1260 28 19 Dei
402 1260 62 20 denna
478 1261 113 25 författning
605 1261 94 24 stadgade
714 1261 55 20 böter
784 1261 84 20 fördelas
884 1263 4 18 i
907 1265 40 16 tre-

202 1285 67 26 skifte,
288 1286 68 19 såsom
372 1287 68 19 allmän
458 1288 31 24 lag
505 1287 68 20 derom
590 1288 132 24 bestämmer,
739 1289 44 23 och,
800 1288 36 19 ifall
851 1289 38 19 den
904 1289 43 19 böt-

202 1311 58 20 fällde
274 1312 73 19 saknar
360 1312 77 25 tillgång
451 1315 28 17 att
492 1313 101 20 desamma
608 1314 61 24 gälda,
686 1314 54 19 skola
755 1315 24 18 de
795 1315 111 19 förvandlas
919 1315 26 20 till

202 1338 86 25 fängelse
302 1337 32 20 vid
349 1340 67 17 vatten
431 1339 36 18 och
483 1339 48 20 bröd
544 1339 75 25 jemlikt
635 1341 12 17 4
661 1341 10 23 $
687 1341 11 18 5
713 1339 46 26 kap.
775 1339 147 20 Straff-balken.

255 1364 10 24 $
280 1365 32 18 43.
341 1363 74 21 Genom
430 1364 62 21 denna
507 1365 111 24 författning
632 1366 73 19 varder
720 1365 137 26 förordningen
871 1367 21 18 af
907 1367 38 19 den

203 1390 12 19 8
232 1390 52 20 Mars
302 1391 62 24 1820,
383 1391 100 25 angående
500 1392 25 19 de
541 1393 30 18 för
589 1392 254 26 strömrensningsarbetets
857 1393 89 26 fortgäng

203 1417 106 26 hinderliga
324 1417 123 21 vattenverk.
464 1419 25 19 till
505 1419 23 19 all
543 1419 50 20 kraft
608 1420 37 19 och
660 1419 74 20 verkan
743 1419 120 26 upphäfven,
875 1420 71 20 hvare-
