<?xml version="1.0" encoding="UTF-8"?>
<alto xmlns="http://www.loc.gov/standards/alto/ns-v3#" xmlns:xlink="http://www.w3.org/1999/xlink" xmlns:xsi="http://www.w3.org/2001/XMLSchema-instance" xsi:schemaLocation="http://www.loc.gov/standards/alto/ns-v3# http://www.loc.gov/alto/v3/alto-3-0.xsd">
	<Description>
		<MeasurementUnit>pixel</MeasurementUnit>
		<sourceImageInformation>
			<fileName>/tmp/tess_h62dlqyq_input.PNG</fileName>
		</sourceImageInformation>
		<OCRProcessing ID="OCR_0">
			<ocrProcessingStep>
				<processingSoftware>
					<softwareName>tesseract 5.3.4</softwareName>
				</processingSoftware>
			</ocrProcessingStep>
		</OCRProcessing>
	</Description>
	<Layout>
		<Page WIDTH="978" HEIGHT="1817" PHYSICAL_IMG_NR="0" ID="page_0">
			<PrintSpace HPOS="0" VPOS="0" WIDTH="978" HEIGHT="1817">
				<ComposedBlock ID="cblock_0" HPOS="286" VPOS="120" WIDTH="524" HEIGHT="25">
					<TextBlock ID="block_0" HPOS="286" VPOS="120" WIDTH="524" HEIGHT="25">
						<TextLine ID="line_0" HPOS="286" VPOS="120" WIDTH="524" HEIGHT="25">
							<String ID="string_0" HPOS="286" VPOS="120" WIDTH="71" HEIGHT="24" WC="0.91" CONTENT="Nådiga"/><SP WIDTH="11" VPOS="120" HPOS="357"/>
							<String ID="string_1" HPOS="368" VPOS="122" WIDTH="140" HEIGHT="23" WC="0.95" CONTENT="Propositionen"/><SP WIDTH="13" VPOS="122" HPOS="508"/>
							<String ID="string_2" HPOS="521" VPOS="122" WIDTH="36" HEIGHT="18" WC="0.96" CONTENT="N:o"/><SP WIDTH="12" VPOS="122" HPOS="557"/>
							<String ID="string_3" HPOS="569" VPOS="122" WIDTH="29" HEIGHT="18" WC="0.89" CONTENT="22."/><SP WIDTH="181" VPOS="122" HPOS="598"/>
							<String ID="string_4" HPOS="779" VPOS="121" WIDTH="31" HEIGHT="19" WC="0.87" CONTENT="551"/>
						</TextLine>
					</TextBlock>
				</ComposedBlock>
				<ComposedBlock ID="cblock_1" HPOS="71" VPOS="170" WIDTH="746" HEIGHT="1273">
					<TextBlock ID="block_1" HPOS="71" VPOS="170" WIDTH="745" HEIGHT="1193">
						<TextLine ID="line_1" HPOS="71" VPOS="170" WIDTH="741" HEIGHT="27">
							<String ID="string_5" HPOS="71" VPOS="171" WIDTH="200" HEIGHT="26" WC="0.96" CONTENT="kommunikationen,"/><SP WIDTH="15" VPOS="171" HPOS="271"/>
							<String ID="string_6" HPOS="286" VPOS="170" WIDTH="46" HEIGHT="21" WC="0.96" CONTENT="icke"/><SP WIDTH="13" VPOS="170" HPOS="332"/>
							<String ID="string_7" HPOS="345" VPOS="172" WIDTH="61" HEIGHT="19" WC="0.92" CONTENT="önska"/><SP WIDTH="14" VPOS="172" HPOS="406"/>
							<String ID="string_8" HPOS="420" VPOS="171" WIDTH="117" HEIGHT="25" WC="0.90" CONTENT="bibehällna,"/><SP WIDTH="16" VPOS="171" HPOS="537"/>
							<String ID="string_9" HPOS="553" VPOS="172" WIDTH="63" HEIGHT="20" WC="0.96" CONTENT="ehuru"/><SP WIDTH="14" VPOS="172" HPOS="616"/>
							<String ID="string_10" HPOS="630" VPOS="172" WIDTH="30" HEIGHT="19" WC="0.96" CONTENT="för"/><SP WIDTH="12" VPOS="172" HPOS="660"/>
							<String ID="string_11" HPOS="672" VPOS="171" WIDTH="47" HEIGHT="20" WC="0.94" CONTENT="dem"/><SP WIDTH="14" VPOS="171" HPOS="719"/>
							<String ID="string_12" HPOS="733" VPOS="172" WIDTH="79" HEIGHT="20" WC="0.93" CONTENT="alldeles"/>
						</TextLine>
						<TextLine ID="line_2" HPOS="71" VPOS="196" WIDTH="742" HEIGHT="28">
							<String ID="string_13" HPOS="71" VPOS="203" WIDTH="76" HEIGHT="16" WC="0.92" CONTENT="samma"/><SP WIDTH="14" VPOS="203" HPOS="147"/>
							<String ID="string_14" HPOS="161" VPOS="198" WIDTH="195" HEIGHT="20" WC="0.91" CONTENT="bibliskt-historiska"/><SP WIDTH="15" VPOS="198" HPOS="356"/>
							<String ID="string_15" HPOS="371" VPOS="198" WIDTH="44" HEIGHT="20" WC="0.96" CONTENT="stöd"/><SP WIDTH="10" VPOS="198" HPOS="415"/>
							<String ID="string_16" HPOS="425" VPOS="199" WIDTH="37" HEIGHT="19" WC="0.96" CONTENT="kan"/><SP WIDTH="15" VPOS="199" HPOS="462"/>
							<String ID="string_17" HPOS="477" VPOS="198" WIDTH="104" HEIGHT="26" WC="0.96" CONTENT="åberopas,"/><SP WIDTH="11" VPOS="198" HPOS="581"/>
							<String ID="string_18" HPOS="592" VPOS="203" WIDTH="44" HEIGHT="15" WC="0.96" CONTENT="som"/><SP WIDTH="14" VPOS="203" HPOS="636"/>
							<String ID="string_19" HPOS="650" VPOS="198" WIDTH="30" HEIGHT="20" WC="0.96" CONTENT="för"/><SP WIDTH="12" VPOS="198" HPOS="680"/>
							<String ID="string_20" HPOS="692" VPOS="196" WIDTH="69" HEIGHT="26" WC="0.92" CONTENT="sjelfva"/><SP WIDTH="8" VPOS="196" HPOS="761"/>
							<String ID="string_21" HPOS="769" VPOS="201" WIDTH="44" HEIGHT="17" WC="0.92" CONTENT="ute-"/>
						</TextLine>
						<TextLine ID="line_3" HPOS="71" VPOS="224" WIDTH="742" HEIGHT="27">
							<String ID="string_22" HPOS="71" VPOS="226" WIDTH="107" HEIGHT="21" WC="0.91" CONTENT="slutandet,"/><SP WIDTH="16" VPOS="226" HPOS="178"/>
							<String ID="string_23" HPOS="194" VPOS="225" WIDTH="51" HEIGHT="19" WC="0.96" CONTENT="hade"/><SP WIDTH="17" VPOS="225" HPOS="245"/>
							<String ID="string_24" HPOS="262" VPOS="224" WIDTH="30" HEIGHT="20" WC="0.96" CONTENT="sin"/><SP WIDTH="13" VPOS="224" HPOS="292"/>
							<String ID="string_25" HPOS="305" VPOS="225" WIDTH="64" HEIGHT="24" WC="0.96" CONTENT="grund"/><SP WIDTH="14" VPOS="225" HPOS="369"/>
							<String ID="string_26" HPOS="383" VPOS="225" WIDTH="5" HEIGHT="18" WC="0.96" CONTENT="i"/><SP WIDTH="15" VPOS="225" HPOS="388"/>
							<String ID="string_27" HPOS="403" VPOS="225" WIDTH="38" HEIGHT="19" WC="0.96" CONTENT="den"/><SP WIDTH="17" VPOS="225" HPOS="441"/>
							<String ID="string_28" HPOS="458" VPOS="225" WIDTH="75" HEIGHT="19" WC="0.96" CONTENT="kristna"/><SP WIDTH="14" VPOS="225" HPOS="533"/>
							<String ID="string_29" HPOS="547" VPOS="224" WIDTH="87" HEIGHT="27" WC="0.96" CONTENT="kyrkans"/><SP WIDTH="16" VPOS="224" HPOS="634"/>
							<String ID="string_30" HPOS="650" VPOS="224" WIDTH="112" HEIGHT="20" WC="0.93" CONTENT="dåvarande"/><SP WIDTH="13" VPOS="224" HPOS="762"/>
							<String ID="string_31" HPOS="775" VPOS="225" WIDTH="38" HEIGHT="19" WC="0.92" CONTENT="för-"/>
						</TextLine>
						<TextLine ID="line_4" HPOS="72" VPOS="250" WIDTH="741" HEIGHT="26">
							<String ID="string_32" HPOS="72" VPOS="251" WIDTH="90" HEIGHT="20" WC="0.95" CONTENT="hållande"/><SP WIDTH="15" VPOS="251" HPOS="162"/>
							<String ID="string_33" HPOS="177" VPOS="251" WIDTH="25" HEIGHT="19" WC="0.96" CONTENT="till"/><SP WIDTH="14" VPOS="251" HPOS="202"/>
							<String ID="string_34" HPOS="216" VPOS="251" WIDTH="39" HEIGHT="20" WC="0.96" CONTENT="den"/><SP WIDTH="13" VPOS="251" HPOS="255"/>
							<String ID="string_35" HPOS="268" VPOS="251" WIDTH="65" HEIGHT="19" WC="0.93" CONTENT="henne"/><SP WIDTH="14" VPOS="251" HPOS="333"/>
							<String ID="string_36" HPOS="347" VPOS="251" WIDTH="123" HEIGHT="25" WC="0.92" CONTENT="omgifvande"/><SP WIDTH="14" VPOS="251" HPOS="470"/>
							<String ID="string_37" HPOS="484" VPOS="250" WIDTH="151" HEIGHT="26" WC="0.91" CONTENT="hednaverlden,"/><SP WIDTH="10" VPOS="250" HPOS="635"/>
							<String ID="string_38" HPOS="645" VPOS="251" WIDTH="21" HEIGHT="20" WC="0.96" CONTENT="af"/><SP WIDTH="12" VPOS="251" HPOS="666"/>
							<String ID="string_39" HPOS="678" VPOS="250" WIDTH="81" HEIGHT="20" WC="0.90" CONTENT="hvilken"/><SP WIDTH="12" VPOS="250" HPOS="759"/>
							<String ID="string_40" HPOS="771" VPOS="251" WIDTH="42" HEIGHT="20" WC="0.96" CONTENT="hon"/>
						</TextLine>
						<TextLine ID="line_5" HPOS="72" VPOS="275" WIDTH="741" HEIGHT="28">
							<String ID="string_41" HPOS="72" VPOS="277" WIDTH="46" HEIGHT="20" WC="0.95" CONTENT="med"/><SP WIDTH="14" VPOS="277" HPOS="118"/>
							<String ID="string_42" HPOS="132" VPOS="277" WIDTH="176" HEIGHT="24" WC="0.95" CONTENT="misstänksamhet"/><SP WIDTH="13" VPOS="277" HPOS="308"/>
							<String ID="string_43" HPOS="321" VPOS="275" WIDTH="70" HEIGHT="27" WC="0.96" CONTENT="ansågs"/><SP WIDTH="15" VPOS="275" HPOS="391"/>
							<String ID="string_44" HPOS="406" VPOS="277" WIDTH="37" HEIGHT="20" WC="0.96" CONTENT="och"/><SP WIDTH="14" VPOS="277" HPOS="443"/>
							<String ID="string_45" HPOS="457" VPOS="275" WIDTH="109" HEIGHT="26" WC="0.96" CONTENT="förföljdes;"/><SP WIDTH="16" VPOS="275" HPOS="566"/>
							<String ID="string_46" HPOS="582" VPOS="277" WIDTH="38" HEIGHT="20" WC="0.92" CONTENT="och"/><SP WIDTH="14" VPOS="277" HPOS="620"/>
							<String ID="string_47" HPOS="634" VPOS="277" WIDTH="83" HEIGHT="26" WC="0.88" CONTENT="afsigten"/><SP WIDTH="14" VPOS="277" HPOS="717"/>
							<String ID="string_48" HPOS="731" VPOS="276" WIDTH="21" HEIGHT="20" WC="0.96" CONTENT="så"/><SP WIDTH="15" VPOS="276" HPOS="752"/>
							<String ID="string_49" HPOS="767" VPOS="275" WIDTH="46" HEIGHT="22" WC="0.96" CONTENT="med"/>
						</TextLine>
						<TextLine ID="line_6" HPOS="72" VPOS="301" WIDTH="740" HEIGHT="27">
							<String ID="string_50" HPOS="72" VPOS="304" WIDTH="34" HEIGHT="19" WC="0.96" CONTENT="det"/><SP WIDTH="13" VPOS="304" HPOS="106"/>
							<String ID="string_51" HPOS="119" VPOS="309" WIDTH="36" HEIGHT="14" WC="0.96" CONTENT="ena"/><SP WIDTH="14" VPOS="309" HPOS="155"/>
							<String ID="string_52" HPOS="169" VPOS="309" WIDTH="44" HEIGHT="14" WC="0.96" CONTENT="som"/><SP WIDTH="14" VPOS="309" HPOS="213"/>
							<String ID="string_53" HPOS="227" VPOS="303" WIDTH="46" HEIGHT="20" WC="0.95" CONTENT="med"/><SP WIDTH="12" VPOS="303" HPOS="273"/>
							<String ID="string_54" HPOS="285" VPOS="303" WIDTH="37" HEIGHT="20" WC="0.94" CONTENT="det"/><SP WIDTH="13" VPOS="303" HPOS="322"/>
							<String ID="string_55" HPOS="335" VPOS="303" WIDTH="59" HEIGHT="20" WC="0.96" CONTENT="andra"/><SP WIDTH="10" VPOS="303" HPOS="394"/>
							<String ID="string_56" HPOS="404" VPOS="309" WIDTH="36" HEIGHT="14" WC="0.96" CONTENT="var"/><SP WIDTH="14" VPOS="309" HPOS="440"/>
							<String ID="string_57" HPOS="454" VPOS="305" WIDTH="28" HEIGHT="18" WC="0.93" CONTENT="att"/><SP WIDTH="13" VPOS="305" HPOS="482"/>
							<String ID="string_58" HPOS="495" VPOS="301" WIDTH="64" HEIGHT="27" WC="0.91" CONTENT="afböja"/><SP WIDTH="10" VPOS="301" HPOS="559"/>
							<String ID="string_59" HPOS="569" VPOS="303" WIDTH="35" HEIGHT="20" WC="0.93" CONTENT="alla"/><SP WIDTH="14" VPOS="303" HPOS="604"/>
							<String ID="string_60" HPOS="618" VPOS="303" WIDTH="117" HEIGHT="25" WC="0.92" CONTENT="tillvitelser,"/><SP WIDTH="11" VPOS="303" HPOS="735"/>
							<String ID="string_61" HPOS="746" VPOS="303" WIDTH="66" HEIGHT="20" WC="0.96" CONTENT="hvilka"/>
						</TextLine>
						<TextLine ID="line_7" HPOS="73" VPOS="329" WIDTH="741" HEIGHT="26">
							<String ID="string_62" HPOS="73" VPOS="330" WIDTH="43" HEIGHT="20" WC="0.92" CONTENT="från"/><SP WIDTH="15" VPOS="330" HPOS="116"/>
							<String ID="string_63" HPOS="131" VPOS="329" WIDTH="146" HEIGHT="21" WC="0.91" CONTENT="hedendomens"/><SP WIDTH="14" VPOS="329" HPOS="277"/>
							<String ID="string_64" HPOS="291" VPOS="329" WIDTH="42" HEIGHT="20" WC="0.96" CONTENT="sida"/><SP WIDTH="10" VPOS="329" HPOS="333"/>
							<String ID="string_65" HPOS="343" VPOS="329" WIDTH="73" HEIGHT="20" WC="0.96" CONTENT="kunnat"/><SP WIDTH="14" VPOS="329" HPOS="416"/>
							<String ID="string_66" HPOS="430" VPOS="333" WIDTH="57" HEIGHT="22" WC="0.96" CONTENT="göras"/><SP WIDTH="9" VPOS="333" HPOS="487"/>
							<String ID="string_67" HPOS="496" VPOS="332" WIDTH="42" HEIGHT="17" WC="0.96" CONTENT="mot"/><SP WIDTH="13" VPOS="332" HPOS="538"/>
							<String ID="string_68" HPOS="551" VPOS="329" WIDTH="26" HEIGHT="20" WC="0.96" CONTENT="de"/><SP WIDTH="12" VPOS="329" HPOS="577"/>
							<String ID="string_69" HPOS="589" VPOS="329" WIDTH="83" HEIGHT="25" WC="0.96" CONTENT="kristna,"/><SP WIDTH="12" VPOS="329" HPOS="672"/>
							<String ID="string_70" HPOS="684" VPOS="335" WIDTH="33" HEIGHT="14" WC="0.96" CONTENT="om"/><SP WIDTH="14" VPOS="335" HPOS="717"/>
							<String ID="string_71" HPOS="731" VPOS="329" WIDTH="25" HEIGHT="21" WC="0.96" CONTENT="de"/><SP WIDTH="13" VPOS="329" HPOS="756"/>
							<String ID="string_72" HPOS="769" VPOS="329" WIDTH="45" HEIGHT="20" WC="0.96" CONTENT="icke"/>
						</TextLine>
						<TextLine ID="line_8" HPOS="72" VPOS="356" WIDTH="742" HEIGHT="27">
							<String ID="string_73" HPOS="72" VPOS="357" WIDTH="88" HEIGHT="26" WC="0.94" CONTENT="iakttagit"/><SP WIDTH="14" VPOS="357" HPOS="160"/>
							<String ID="string_74" HPOS="174" VPOS="362" WIDTH="25" HEIGHT="14" WC="0.96" CONTENT="nu"/><SP WIDTH="15" VPOS="362" HPOS="199"/>
							<String ID="string_75" HPOS="214" VPOS="356" WIDTH="150" HEIGHT="27" WC="0.96" CONTENT="ifrågavarande"/><SP WIDTH="17" VPOS="356" HPOS="364"/>
							<String ID="string_76" HPOS="381" VPOS="356" WIDTH="118" HEIGHT="20" WC="0.96" CONTENT="förhållande"/><SP WIDTH="17" VPOS="356" HPOS="499"/>
							<String ID="string_77" HPOS="516" VPOS="359" WIDTH="42" HEIGHT="17" WC="0.96" CONTENT="mot"/><SP WIDTH="12" VPOS="359" HPOS="558"/>
							<String ID="string_78" HPOS="570" VPOS="356" WIDTH="47" HEIGHT="20" WC="0.96" CONTENT="dem"/><SP WIDTH="14" VPOS="356" HPOS="617"/>
							<String ID="string_79" HPOS="631" VPOS="356" WIDTH="21" HEIGHT="19" WC="0.95" CONTENT="af"/><SP WIDTH="12" VPOS="356" HPOS="652"/>
							<String ID="string_80" HPOS="664" VPOS="356" WIDTH="150" HEIGHT="26" WC="0.96" CONTENT="församlingens"/>
						</TextLine>
						<TextLine ID="line_9" HPOS="72" VPOS="382" WIDTH="742" HEIGHT="32">
							<String ID="string_81" HPOS="72" VPOS="384" WIDTH="136" HEIGHT="23" WC="0.95" CONTENT="medlemmar,"/><SP WIDTH="22" VPOS="384" HPOS="208"/>
							<String ID="string_82" HPOS="230" VPOS="383" WIDTH="67" HEIGHT="20" WC="0.47" CONTENT="hvilka"/><SP WIDTH="17" VPOS="383" HPOS="297"/>
							<String ID="string_83" HPOS="314" VPOS="383" WIDTH="47" HEIGHT="20" WC="0.96" CONTENT="fallit"/><SP WIDTH="20" VPOS="383" HPOS="361"/>
							<String ID="string_84" HPOS="381" VPOS="383" WIDTH="4" HEIGHT="18" WC="0.93" CONTENT="i"/><SP WIDTH="17" VPOS="383" HPOS="385"/>
							<String ID="string_85" HPOS="402" VPOS="383" WIDTH="45" HEIGHT="26" WC="0.93" CONTENT="grof"/><SP WIDTH="15" VPOS="383" HPOS="447"/>
							<String ID="string_86" HPOS="462" VPOS="383" WIDTH="39" HEIGHT="20" WC="0.93" CONTENT="och"/><SP WIDTH="19" VPOS="383" HPOS="501"/>
							<String ID="string_87" HPOS="520" VPOS="383" WIDTH="102" HEIGHT="31" WC="0.96" CONTENT="uppenbar"/><SP WIDTH="17" VPOS="383" HPOS="622"/>
							<String ID="string_88" HPOS="639" VPOS="382" WIDTH="58" HEIGHT="27" WC="0.96" CONTENT="synd."/><SP WIDTH="28" VPOS="382" HPOS="697"/>
							<String ID="string_89" HPOS="725" VPOS="383" WIDTH="44" HEIGHT="20" WC="0.96" CONTENT="Men"/><SP WIDTH="15" VPOS="383" HPOS="769"/>
							<String ID="string_90" HPOS="784" VPOS="386" WIDTH="30" HEIGHT="17" WC="0.96" CONTENT="att"/>
						</TextLine>
						<TextLine ID="line_10" HPOS="73" VPOS="408" WIDTH="742" HEIGHT="26">
							<String ID="string_91" HPOS="73" VPOS="410" WIDTH="54" HEIGHT="20" WC="0.96" CONTENT="detta"/><SP WIDTH="14" VPOS="410" HPOS="127"/>
							<String ID="string_92" HPOS="141" VPOS="410" WIDTH="125" HEIGHT="19" WC="0.96" CONTENT="uteslutande"/><SP WIDTH="14" VPOS="410" HPOS="266"/>
							<String ID="string_93" HPOS="280" VPOS="409" WIDTH="63" HEIGHT="21" WC="0.96" CONTENT="skulle"/><SP WIDTH="13" VPOS="409" HPOS="343"/>
							<String ID="string_94" HPOS="356" VPOS="409" WIDTH="59" HEIGHT="20" WC="0.96" CONTENT="hafva"/><SP WIDTH="14" VPOS="409" HPOS="415"/>
							<String ID="string_95" HPOS="429" VPOS="412" WIDTH="78" HEIGHT="17" WC="0.96" CONTENT="ansetts"/><SP WIDTH="14" VPOS="412" HPOS="507"/>
							<String ID="string_96" HPOS="521" VPOS="415" WIDTH="67" HEIGHT="14" WC="0.96" CONTENT="såsom"/><SP WIDTH="13" VPOS="415" HPOS="588"/>
							<String ID="string_97" HPOS="601" VPOS="409" WIDTH="88" HEIGHT="20" WC="0.96" CONTENT="hörande"/><SP WIDTH="13" VPOS="409" HPOS="689"/>
							<String ID="string_98" HPOS="702" VPOS="410" WIDTH="27" HEIGHT="19" WC="0.94" CONTENT="till"/><SP WIDTH="9" VPOS="410" HPOS="729"/>
							<String ID="string_99" HPOS="738" VPOS="408" WIDTH="77" HEIGHT="26" WC="0.81" CONTENT="-sjelfva"/>
						</TextLine>
						<TextLine ID="line_11" HPOS="74" VPOS="435" WIDTH="739" HEIGHT="28">
							<String ID="string_100" HPOS="74" VPOS="436" WIDTH="87" HEIGHT="27" WC="0.92" CONTENT="kyrkans"/><SP WIDTH="15" VPOS="436" HPOS="161"/>
							<String ID="string_101" HPOS="176" VPOS="437" WIDTH="86" HEIGHT="19" WC="0.92" CONTENT="väsende"/><SP WIDTH="9" VPOS="437" HPOS="262"/>
							<String ID="string_102" HPOS="271" VPOS="437" WIDTH="39" HEIGHT="19" WC="0.95" CONTENT="och"/><SP WIDTH="14" VPOS="437" HPOS="310"/>
							<String ID="string_103" HPOS="324" VPOS="438" WIDTH="28" HEIGHT="17" WC="0.96" CONTENT="att"/><SP WIDTH="12" VPOS="438" HPOS="352"/>
							<String ID="string_104" HPOS="364" VPOS="436" WIDTH="35" HEIGHT="20" WC="0.96" CONTENT="det"/><SP WIDTH="13" VPOS="436" HPOS="399"/>
							<String ID="string_105" HPOS="412" VPOS="436" WIDTH="65" HEIGHT="20" WC="0.96" CONTENT="skulle"/><SP WIDTH="8" VPOS="436" HPOS="477"/>
							<String ID="string_106" HPOS="485" VPOS="436" WIDTH="59" HEIGHT="20" WC="0.96" CONTENT="hafva"/><SP WIDTH="14" VPOS="436" HPOS="544"/>
							<String ID="string_107" HPOS="558" VPOS="436" WIDTH="40" HEIGHT="20" WC="0.96" CONTENT="haft"/><SP WIDTH="14" VPOS="436" HPOS="598"/>
							<String ID="string_108" HPOS="612" VPOS="436" WIDTH="30" HEIGHT="19" WC="0.96" CONTENT="sin"/><SP WIDTH="13" VPOS="436" HPOS="642"/>
							<String ID="string_109" HPOS="655" VPOS="437" WIDTH="63" HEIGHT="24" WC="0.96" CONTENT="grund"/><SP WIDTH="14" VPOS="437" HPOS="718"/>
							<String ID="string_110" HPOS="732" VPOS="436" WIDTH="6" HEIGHT="19" WC="0.95" CONTENT="i"/><SP WIDTH="13" VPOS="436" HPOS="738"/>
							<String ID="string_111" HPOS="751" VPOS="435" WIDTH="62" HEIGHT="28" WC="0.96" CONTENT="någon"/>
						</TextLine>
						<TextLine ID="line_12" HPOS="74" VPOS="462" WIDTH="737" HEIGHT="26">
							<String ID="string_112" HPOS="74" VPOS="463" WIDTH="114" HEIGHT="20" WC="0.39" CONTENT="Frälsarens"/><SP WIDTH="16" VPOS="463" HPOS="188"/>
							<String ID="string_113" HPOS="204" VPOS="462" WIDTH="104" HEIGHT="21" WC="0.96" CONTENT="föreskrift"/><SP WIDTH="16" VPOS="462" HPOS="308"/>
							<String ID="string_114" HPOS="324" VPOS="462" WIDTH="75" HEIGHT="25" WC="0.96" CONTENT="derom,"/><SP WIDTH="20" VPOS="462" HPOS="399"/>
							<String ID="string_115" HPOS="419" VPOS="463" WIDTH="57" HEIGHT="19" WC="0.96" CONTENT="hafva"/><SP WIDTH="17" VPOS="463" HPOS="476"/>
							<String ID="string_116" HPOS="493" VPOS="463" WIDTH="25" HEIGHT="20" WC="0.97" CONTENT="de"/><SP WIDTH="19" VPOS="463" HPOS="518"/>
							<String ID="string_117" HPOS="537" VPOS="462" WIDTH="121" HEIGHT="26" WC="0.96" CONTENT="deputerade"/><SP WIDTH="19" VPOS="462" HPOS="658"/>
							<String ID="string_118" HPOS="677" VPOS="462" WIDTH="45" HEIGHT="21" WC="0.94" CONTENT="icke"/><SP WIDTH="15" VPOS="462" HPOS="722"/>
							<String ID="string_119" HPOS="737" VPOS="463" WIDTH="74" HEIGHT="20" WC="0.96" CONTENT="kunnat"/>
						</TextLine>
						<TextLine ID="line_13" HPOS="73" VPOS="488" WIDTH="740" HEIGHT="27">
							<String ID="string_120" HPOS="73" VPOS="490" WIDTH="106" HEIGHT="25" WC="0.90" CONTENT="medgifva."/><SP WIDTH="28" VPOS="490" HPOS="179"/>
							<String ID="string_121" HPOS="207" VPOS="490" WIDTH="43" HEIGHT="19" WC="0.93" CONTENT="Man"/><SP WIDTH="14" VPOS="490" HPOS="250"/>
							<String ID="string_122" HPOS="264" VPOS="489" WIDTH="36" HEIGHT="20" WC="0.60" CONTENT="har"/><SP WIDTH="14" VPOS="489" HPOS="300"/>
							<String ID="string_123" HPOS="314" VPOS="489" WIDTH="29" HEIGHT="20" WC="0.60" CONTENT="väl"/><SP WIDTH="15" VPOS="489" HPOS="343"/>
							<String ID="string_124" HPOS="358" VPOS="489" WIDTH="68" HEIGHT="20" WC="0.96" CONTENT="såsom"/><SP WIDTH="10" VPOS="489" HPOS="426"/>
							<String ID="string_125" HPOS="436" VPOS="495" WIDTH="24" HEIGHT="14" WC="0.95" CONTENT="en"/><SP WIDTH="13" VPOS="495" HPOS="460"/>
							<String ID="string_126" HPOS="473" VPOS="489" WIDTH="62" HEIGHT="20" WC="0.95" CONTENT="sådan"/><SP WIDTH="9" VPOS="489" HPOS="535"/>
							<String ID="string_127" HPOS="544" VPOS="489" WIDTH="101" HEIGHT="20" WC="0.96" CONTENT="föreskrift"/><SP WIDTH="13" VPOS="489" HPOS="645"/>
							<String ID="string_128" HPOS="658" VPOS="488" WIDTH="94" HEIGHT="27" WC="0.93" CONTENT="åberopat"/><SP WIDTH="9" VPOS="488" HPOS="752"/>
							<String ID="string_129" HPOS="761" VPOS="489" WIDTH="52" HEIGHT="20" WC="0.75" CONTENT="Fräl-"/>
						</TextLine>
						<TextLine ID="line_14" HPOS="73" VPOS="515" WIDTH="742" HEIGHT="26">
							<String ID="string_130" HPOS="73" VPOS="522" WIDTH="71" HEIGHT="14" WC="0.93" CONTENT="sarens"/><SP WIDTH="15" VPOS="522" HPOS="144"/>
							<String ID="string_131" HPOS="159" VPOS="517" WIDTH="35" HEIGHT="19" WC="0.69" CONTENT="ord"/><SP WIDTH="17" VPOS="517" HPOS="194"/>
							<String ID="string_132" HPOS="211" VPOS="516" WIDTH="5" HEIGHT="19" WC="0.69" CONTENT="&#39;i"/><SP WIDTH="14" VPOS="516" HPOS="216"/>
							<String ID="string_133" HPOS="230" VPOS="516" WIDTH="60" HEIGHT="19" WC="0.95" CONTENT="Math."/><SP WIDTH="16" VPOS="516" HPOS="290"/>
							<String ID="string_134" HPOS="306" VPOS="515" WIDTH="32" HEIGHT="20" WC="0.93" CONTENT="18."/><SP WIDTH="17" VPOS="515" HPOS="338"/>
							<String ID="string_135" HPOS="355" VPOS="516" WIDTH="40" HEIGHT="25" WC="0.88" CONTENT="47.,"/><SP WIDTH="16" VPOS="516" HPOS="395"/>
							<String ID="string_136" HPOS="411" VPOS="516" WIDTH="35" HEIGHT="20" WC="0.96" CONTENT="der"/><SP WIDTH="16" VPOS="516" HPOS="446"/>
							<String ID="string_137" HPOS="462" VPOS="515" WIDTH="34" HEIGHT="20" WC="0.96" CONTENT="det"/><SP WIDTH="13" VPOS="515" HPOS="496"/>
							<String ID="string_138" HPOS="509" VPOS="517" WIDTH="63" HEIGHT="22" WC="0.96" CONTENT="heter,"/><SP WIDTH="19" VPOS="517" HPOS="572"/>
							<String ID="string_139" HPOS="591" VPOS="519" WIDTH="29" HEIGHT="16" WC="0.96" CONTENT="att"/><SP WIDTH="15" VPOS="519" HPOS="620"/>
							<String ID="string_140" HPOS="635" VPOS="521" WIDTH="24" HEIGHT="15" WC="0.96" CONTENT="en"/><SP WIDTH="15" VPOS="521" HPOS="659"/>
							<String ID="string_141" HPOS="674" VPOS="516" WIDTH="80" HEIGHT="25" WC="0.86" CONTENT="kristen,"/><SP WIDTH="19" VPOS="516" HPOS="754"/>
							<String ID="string_142" HPOS="773" VPOS="519" WIDTH="42" HEIGHT="17" WC="0.96" CONTENT="mot"/>
						</TextLine>
						<TextLine ID="line_15" HPOS="73" VPOS="542" WIDTH="740" HEIGHT="27">
							<String ID="string_143" HPOS="73" VPOS="543" WIDTH="82" HEIGHT="20" WC="0.74" CONTENT="hvilken"/><SP WIDTH="14" VPOS="543" HPOS="155"/>
							<String ID="string_144" HPOS="169" VPOS="549" WIDTH="25" HEIGHT="13" WC="0.93" CONTENT="en"/><SP WIDTH="14" VPOS="549" HPOS="194"/>
							<String ID="string_145" HPOS="208" VPOS="543" WIDTH="73" HEIGHT="20" WC="0.96" CONTENT="broder"/><SP WIDTH="13" VPOS="543" HPOS="281"/>
							<String ID="string_146" HPOS="294" VPOS="542" WIDTH="79" HEIGHT="27" WC="0.96" CONTENT="syndat,"/><SP WIDTH="16" VPOS="542" HPOS="373"/>
							<String ID="string_147" HPOS="389" VPOS="543" WIDTH="47" HEIGHT="19" WC="0.93" CONTENT="skall"/><SP WIDTH="16" VPOS="543" HPOS="436"/>
							<String ID="string_148" HPOS="452" VPOS="542" WIDTH="62" HEIGHT="21" WC="0.96" CONTENT="«hålla"/><SP WIDTH="14" VPOS="542" HPOS="514"/>
							<String ID="string_149" HPOS="528" VPOS="543" WIDTH="63" HEIGHT="19" WC="0.96" CONTENT="denne"/><SP WIDTH="17" VPOS="543" HPOS="591"/>
							<String ID="string_150" HPOS="608" VPOS="548" WIDTH="49" HEIGHT="14" WC="0.96" CONTENT="som"/><SP WIDTH="15" VPOS="548" HPOS="657"/>
							<String ID="string_151" HPOS="672" VPOS="549" WIDTH="26" HEIGHT="14" WC="0.93" CONTENT="en"/><SP WIDTH="14" VPOS="549" HPOS="698"/>
							<String ID="string_152" HPOS="712" VPOS="542" WIDTH="101" HEIGHT="27" WC="0.91" CONTENT="hedning"/>
						</TextLine>
						<TextLine ID="line_16" HPOS="73" VPOS="569" WIDTH="741" HEIGHT="27">
							<String ID="string_153" HPOS="73" VPOS="571" WIDTH="45" HEIGHT="19" WC="0.95" CONTENT="och"/><SP WIDTH="14" VPOS="571" HPOS="118"/>
							<String ID="string_154" HPOS="132" VPOS="575" WIDTH="28" HEIGHT="14" WC="0.93" CONTENT="en"/><SP WIDTH="13" VPOS="575" HPOS="160"/>
							<String ID="string_155" HPOS="173" VPOS="569" WIDTH="128" HEIGHT="26" WC="0.90" CONTENT="publikan»"/><SP WIDTH="14" VPOS="569" HPOS="301"/>
							<String ID="string_156" HPOS="315" VPOS="573" WIDTH="33" HEIGHT="16" WC="0.96" CONTENT="om"/><SP WIDTH="14" VPOS="573" HPOS="348"/>
							<String ID="string_157" HPOS="362" VPOS="569" WIDTH="38" HEIGHT="20" WC="0.93" CONTENT="han"/><SP WIDTH="14" VPOS="569" HPOS="400"/>
							<String ID="string_158" HPOS="414" VPOS="569" WIDTH="44" HEIGHT="20" WC="0.96" CONTENT="icke"/><SP WIDTH="14" VPOS="569" HPOS="458"/>
							<String ID="string_159" HPOS="472" VPOS="570" WIDTH="21" HEIGHT="20" WC="0.93" CONTENT="af"/><SP WIDTH="7" VPOS="570" HPOS="493"/>
							<String ID="string_160" HPOS="500" VPOS="572" WIDTH="68" HEIGHT="17" WC="0.92" CONTENT="trenne"/><SP WIDTH="14" VPOS="572" HPOS="568"/>
							<String ID="string_161" HPOS="582" VPOS="569" WIDTH="118" HEIGHT="26" WC="0.96" CONTENT="föregående"/><SP WIDTH="8" VPOS="569" HPOS="700"/>
							<String ID="string_162" HPOS="708" VPOS="569" WIDTH="106" HEIGHT="27" WC="0.95" CONTENT="varningar"/>
						</TextLine>
						<TextLine ID="line_17" HPOS="73" VPOS="595" WIDTH="741" HEIGHT="27">
							<String ID="string_163" HPOS="73" VPOS="597" WIDTH="42" HEIGHT="20" WC="0.92" CONTENT="lätit"/><SP WIDTH="14" VPOS="597" HPOS="115"/>
							<String ID="string_164" HPOS="129" VPOS="596" WIDTH="30" HEIGHT="26" WC="0.93" CONTENT="sig"/><SP WIDTH="13" VPOS="596" HPOS="159"/>
							<String ID="string_165" HPOS="172" VPOS="598" WIDTH="67" HEIGHT="18" WC="0.91" CONTENT="rättas."/><SP WIDTH="24" VPOS="598" HPOS="239"/>
							<String ID="string_166" HPOS="263" VPOS="596" WIDTH="43" HEIGHT="20" WC="0.96" CONTENT="Man"/><SP WIDTH="14" VPOS="596" HPOS="306"/>
							<String ID="string_167" HPOS="320" VPOS="596" WIDTH="36" HEIGHT="19" WC="0.93" CONTENT="har"/><SP WIDTH="9" VPOS="596" HPOS="356"/>
							<String ID="string_168" HPOS="365" VPOS="596" WIDTH="97" HEIGHT="25" WC="0.92" CONTENT="nemligen"/><SP WIDTH="10" VPOS="596" HPOS="462"/>
							<String ID="string_169" HPOS="472" VPOS="595" WIDTH="21" HEIGHT="21" WC="0.93" CONTENT="sä"/><SP WIDTH="14" VPOS="595" HPOS="493"/>
							<String ID="string_170" HPOS="507" VPOS="596" WIDTH="62" HEIGHT="19" WC="0.93" CONTENT="tolkat"/><SP WIDTH="8" VPOS="596" HPOS="569"/>
							<String ID="string_171" HPOS="577" VPOS="595" WIDTH="60" HEIGHT="20" WC="0.96" CONTENT="dessa"/><SP WIDTH="13" VPOS="595" HPOS="637"/>
							<String ID="string_172" HPOS="650" VPOS="596" WIDTH="42" HEIGHT="24" WC="0.96" CONTENT="ord,"/><SP WIDTH="15" VPOS="596" HPOS="692"/>
							<String ID="string_173" HPOS="707" VPOS="598" WIDTH="28" HEIGHT="18" WC="0.96" CONTENT="att"/><SP WIDTH="16" VPOS="598" HPOS="735"/>
							<String ID="string_174" HPOS="751" VPOS="595" WIDTH="3" HEIGHT="20" WC="0.96" CONTENT="i"/><SP WIDTH="13" VPOS="595" HPOS="754"/>
							<String ID="string_175" HPOS="767" VPOS="596" WIDTH="47" HEIGHT="20" WC="0.96" CONTENT="dem"/>
						</TextLine>
						<TextLine ID="line_18" HPOS="73" VPOS="621" WIDTH="742" HEIGHT="28">
							<String ID="string_176" HPOS="73" VPOS="623" WIDTH="65" HEIGHT="21" WC="0.92" CONTENT="skulle"/><SP WIDTH="15" VPOS="623" HPOS="138"/>
							<String ID="string_177" HPOS="153" VPOS="622" WIDTH="49" HEIGHT="27" WC="0.96" CONTENT="ligga"/><SP WIDTH="20" VPOS="622" HPOS="202"/>
							<String ID="string_178" HPOS="222" VPOS="623" WIDTH="38" HEIGHT="19" WC="0.90" CONTENT="den"/><SP WIDTH="17" VPOS="623" HPOS="260"/>
							<String ID="string_179" HPOS="277" VPOS="621" WIDTH="111" HEIGHT="26" WC="0.96" CONTENT="meningen,"/><SP WIDTH="21" VPOS="621" HPOS="388"/>
							<String ID="string_180" HPOS="409" VPOS="625" WIDTH="29" HEIGHT="17" WC="0.96" CONTENT="att"/><SP WIDTH="21" VPOS="625" HPOS="438"/>
							<String ID="string_181" HPOS="459" VPOS="622" WIDTH="77" HEIGHT="27" WC="0.96" CONTENT="kyrkan"/><SP WIDTH="13" VPOS="622" HPOS="536"/>
							<String ID="string_182" HPOS="549" VPOS="622" WIDTH="63" HEIGHT="20" WC="0.93" CONTENT="borde"/><SP WIDTH="18" VPOS="622" HPOS="612"/>
							<String ID="string_183" HPOS="630" VPOS="622" WIDTH="103" HEIGHT="20" WC="0.96" CONTENT="förklara"/><SP WIDTH="22" VPOS="622" HPOS="733"/>
							<String ID="string_184" HPOS="755" VPOS="623" WIDTH="60" HEIGHT="21" WC="0.96" CONTENT="eller"/>
						</TextLine>
						<TextLine ID="line_19" HPOS="72" VPOS="648" WIDTH="743" HEIGHT="27">
							<String ID="string_185" HPOS="72" VPOS="651" WIDTH="68" HEIGHT="20" WC="0.95" CONTENT="döma"/><SP WIDTH="15" VPOS="651" HPOS="140"/>
							<String ID="string_186" HPOS="155" VPOS="655" WIDTH="24" HEIGHT="13" WC="0.93" CONTENT="en"/><SP WIDTH="14" VPOS="655" HPOS="179"/>
							<String ID="string_187" HPOS="193" VPOS="648" WIDTH="60" HEIGHT="21" WC="0.96" CONTENT="sådan"/><SP WIDTH="13" VPOS="648" HPOS="253"/>
							<String ID="string_188" HPOS="266" VPOS="649" WIDTH="48" HEIGHT="20" WC="0.96" CONTENT="dess"/><SP WIDTH="14" VPOS="649" HPOS="314"/>
							<String ID="string_189" HPOS="328" VPOS="649" WIDTH="94" HEIGHT="25" WC="0.96" CONTENT="medlem,"/><SP WIDTH="17" VPOS="649" HPOS="422"/>
							<String ID="string_190" HPOS="439" VPOS="655" WIDTH="43" HEIGHT="14" WC="0.96" CONTENT="som"/><SP WIDTH="13" VPOS="655" HPOS="482"/>
							<String ID="string_191" HPOS="495" VPOS="649" WIDTH="21" HEIGHT="19" WC="0.93" CONTENT="af"/><SP WIDTH="12" VPOS="649" HPOS="516"/>
							<String ID="string_192" HPOS="528" VPOS="648" WIDTH="129" HEIGHT="27" WC="0.96" CONTENT="varningarna"/><SP WIDTH="14" VPOS="648" HPOS="657"/>
							<String ID="string_193" HPOS="671" VPOS="649" WIDTH="45" HEIGHT="21" WC="0.96" CONTENT="icke"/><SP WIDTH="13" VPOS="649" HPOS="716"/>
							<String ID="string_194" HPOS="729" VPOS="648" WIDTH="42" HEIGHT="21" WC="0.96" CONTENT="låtit"/><SP WIDTH="13" VPOS="648" HPOS="771"/>
							<String ID="string_195" HPOS="784" VPOS="649" WIDTH="31" HEIGHT="26" WC="0.95" CONTENT="sig"/>
						</TextLine>
						<TextLine ID="line_20" HPOS="73" VPOS="675" WIDTH="741" HEIGHT="26">
							<String ID="string_196" HPOS="73" VPOS="678" WIDTH="68" HEIGHT="22" WC="0.96" CONTENT="rättas,"/><SP WIDTH="16" VPOS="678" HPOS="141"/>
							<String ID="string_197" HPOS="157" VPOS="675" WIDTH="67" HEIGHT="20" WC="0.96" CONTENT="såsom"/><SP WIDTH="14" VPOS="675" HPOS="224"/>
							<String ID="string_198" HPOS="238" VPOS="676" WIDTH="100" HEIGHT="20" WC="0.95" CONTENT="utesluten"/><SP WIDTH="14" VPOS="676" HPOS="338"/>
							<String ID="string_199" HPOS="352" VPOS="675" WIDTH="42" HEIGHT="19" WC="0.96" CONTENT="från"/><SP WIDTH="13" VPOS="675" HPOS="394"/>
							<String ID="string_200" HPOS="407" VPOS="675" WIDTH="48" HEIGHT="20" WC="0.96" CONTENT="dess"/><SP WIDTH="12" VPOS="675" HPOS="455"/>
							<String ID="string_201" HPOS="467" VPOS="675" WIDTH="126" HEIGHT="26" WC="0.95" CONTENT="gemenskap."/><SP WIDTH="25" VPOS="675" HPOS="593"/>
							<String ID="string_202" HPOS="618" VPOS="675" WIDTH="28" HEIGHT="19" WC="0.93" CONTENT="En"/><SP WIDTH="15" VPOS="675" HPOS="646"/>
							<String ID="string_203" HPOS="661" VPOS="675" WIDTH="61" HEIGHT="20" WC="0.96" CONTENT="sådan"/><SP WIDTH="12" VPOS="675" HPOS="722"/>
							<String ID="string_204" HPOS="734" VPOS="676" WIDTH="80" HEIGHT="25" WC="0.97" CONTENT="mening"/>
						</TextLine>
						<TextLine ID="line_21" HPOS="73" VPOS="701" WIDTH="741" HEIGHT="25">
							<String ID="string_205" HPOS="73" VPOS="703" WIDTH="38" HEIGHT="19" WC="0.96" CONTENT="kan"/><SP WIDTH="18" VPOS="703" HPOS="111"/>
							<String ID="string_206" HPOS="129" VPOS="702" WIDTH="52" HEIGHT="19" WC="0.96" CONTENT="dock"/><SP WIDTH="20" VPOS="702" HPOS="181"/>
							<String ID="string_207" HPOS="201" VPOS="702" WIDTH="45" HEIGHT="19" WC="0.96" CONTENT="icke"/><SP WIDTH="17" VPOS="702" HPOS="246"/>
							<String ID="string_208" HPOS="263" VPOS="707" WIDTH="59" HEIGHT="15" WC="0.96" CONTENT="anses"/><SP WIDTH="19" VPOS="707" HPOS="322"/>
							<String ID="string_209" HPOS="341" VPOS="701" WIDTH="49" HEIGHT="25" WC="0.96" CONTENT="ligga"/><SP WIDTH="17" VPOS="701" HPOS="390"/>
							<String ID="string_210" HPOS="407" VPOS="702" WIDTH="6" HEIGHT="18" WC="0.96" CONTENT="i"/><SP WIDTH="14" VPOS="702" HPOS="413"/>
							<String ID="string_211" HPOS="427" VPOS="702" WIDTH="60" HEIGHT="19" WC="0.96" CONTENT="dessa"/><SP WIDTH="14" VPOS="702" HPOS="487"/>
							<String ID="string_212" HPOS="501" VPOS="701" WIDTH="44" HEIGHT="20" WC="0.96" CONTENT="ord."/><SP WIDTH="28" VPOS="701" HPOS="545"/>
							<String ID="string_213" HPOS="573" VPOS="702" WIDTH="43" HEIGHT="19" WC="0.96" CONTENT="Här"/><SP WIDTH="16" VPOS="702" HPOS="616"/>
							<String ID="string_214" HPOS="632" VPOS="704" WIDTH="23" HEIGHT="17" WC="0.95" CONTENT="är"/><SP WIDTH="19" VPOS="704" HPOS="655"/>
							<String ID="string_215" HPOS="674" VPOS="701" WIDTH="80" HEIGHT="21" WC="0.95" CONTENT="alldeles"/><SP WIDTH="17" VPOS="701" HPOS="754"/>
							<String ID="string_216" HPOS="771" VPOS="702" WIDTH="43" HEIGHT="19" WC="0.96" CONTENT="icke"/>
						</TextLine>
						<TextLine ID="line_22" HPOS="73" VPOS="727" WIDTH="742" HEIGHT="27">
							<String ID="string_217" HPOS="73" VPOS="728" WIDTH="55" HEIGHT="26" WC="0.96" CONTENT="fråga"/><SP WIDTH="15" VPOS="728" HPOS="128"/>
							<String ID="string_218" HPOS="143" VPOS="733" WIDTH="33" HEIGHT="15" WC="0.96" CONTENT="om"/><SP WIDTH="13" VPOS="733" HPOS="176"/>
							<String ID="string_219" HPOS="189" VPOS="728" WIDTH="63" HEIGHT="26" WC="0.96" CONTENT="någon"/><SP WIDTH="14" VPOS="728" HPOS="252"/>
							<String ID="string_220" HPOS="266" VPOS="727" WIDTH="60" HEIGHT="21" WC="0.96" CONTENT="sådan"/><SP WIDTH="15" VPOS="727" HPOS="326"/>
							<String ID="string_221" HPOS="341" VPOS="727" WIDTH="130" HEIGHT="26" WC="0.96" CONTENT="förklaring"/><SP WIDTH="17" VPOS="727" HPOS="471"/>
							<String ID="string_222" HPOS="488" VPOS="728" WIDTH="45" HEIGHT="19" WC="0.96" CONTENT="och"/><SP WIDTH="16" VPOS="728" HPOS="533"/>
							<String ID="string_223" HPOS="549" VPOS="728" WIDTH="61" HEIGHT="24" WC="0.96" CONTENT="dom,"/><SP WIDTH="20" VPOS="728" HPOS="610"/>
							<String ID="string_224" HPOS="630" VPOS="733" WIDTH="43" HEIGHT="14" WC="0.95" CONTENT="som"/><SP WIDTH="14" VPOS="733" HPOS="673"/>
							<String ID="string_225" HPOS="687" VPOS="728" WIDTH="61" HEIGHT="25" WC="0.87" CONTENT="ligger"/><SP WIDTH="32" VPOS="728" HPOS="748"/>
							<String ID="string_226" HPOS="780" VPOS="733" WIDTH="35" HEIGHT="15" WC="0.74" CONTENT="—ex-"/>
						</TextLine>
						<TextLine ID="line_23" HPOS="72" VPOS="753" WIDTH="740" HEIGHT="26">
							<String ID="string_227" HPOS="72" VPOS="754" WIDTH="202" HEIGHT="25" WC="0.94" CONTENT="kommunikationen,"/><SP WIDTH="10" VPOS="754" HPOS="274"/>
							<String ID="string_228" HPOS="284" VPOS="756" WIDTH="47" HEIGHT="18" WC="0.96" CONTENT="utan"/><SP WIDTH="9" VPOS="756" HPOS="331"/>
							<String ID="string_229" HPOS="340" VPOS="754" WIDTH="70" HEIGHT="20" WC="0.96" CONTENT="endast"/><SP WIDTH="9" VPOS="754" HPOS="410"/>
							<String ID="string_230" HPOS="419" VPOS="754" WIDTH="76" HEIGHT="25" WC="0.96" CONTENT="derom,"/><SP WIDTH="12" VPOS="754" HPOS="495"/>
							<String ID="string_231" HPOS="507" VPOS="756" WIDTH="28" HEIGHT="18" WC="0.96" CONTENT="att"/><SP WIDTH="8" VPOS="756" HPOS="535"/>
							<String ID="string_232" HPOS="543" VPOS="754" WIDTH="26" HEIGHT="20" WC="0.96" CONTENT="de"/><SP WIDTH="13" VPOS="754" HPOS="569"/>
							<String ID="string_233" HPOS="582" VPOS="753" WIDTH="74" HEIGHT="21" WC="0.96" CONTENT="kristna"/><SP WIDTH="9" VPOS="753" HPOS="656"/>
							<String ID="string_234" HPOS="665" VPOS="754" WIDTH="62" HEIGHT="20" WC="0.96" CONTENT="borde"/><SP WIDTH="13" VPOS="754" HPOS="727"/>
							<String ID="string_235" HPOS="740" VPOS="754" WIDTH="72" HEIGHT="25" WC="0.96" CONTENT="hålla,"/>
						</TextLine>
						<TextLine ID="line_24" HPOS="72" VPOS="780" WIDTH="742" HEIGHT="26">
							<String ID="string_236" HPOS="72" VPOS="787" WIDTH="57" HEIGHT="15" WC="0.96" CONTENT="anse"/><SP WIDTH="17" VPOS="787" HPOS="129"/>
							<String ID="string_237" HPOS="146" VPOS="786" WIDTH="24" HEIGHT="14" WC="0.96" CONTENT="en"/><SP WIDTH="14" VPOS="786" HPOS="170"/>
							<String ID="string_238" HPOS="184" VPOS="780" WIDTH="61" HEIGHT="20" WC="0.96" CONTENT="sådan"/><SP WIDTH="14" VPOS="780" HPOS="245"/>
							<String ID="string_239" HPOS="259" VPOS="780" WIDTH="78" HEIGHT="20" WC="0.96" CONTENT="felande"/><SP WIDTH="16" VPOS="780" HPOS="337"/>
							<String ID="string_240" HPOS="353" VPOS="780" WIDTH="150" HEIGHT="26" WC="0.96" CONTENT="församlingens"/><SP WIDTH="16" VPOS="780" HPOS="503"/>
							<String ID="string_241" HPOS="519" VPOS="780" WIDTH="87" HEIGHT="20" WC="0.96" CONTENT="medlem"/><SP WIDTH="13" VPOS="780" HPOS="606"/>
							<String ID="string_242" HPOS="619" VPOS="780" WIDTH="68" HEIGHT="20" WC="0.96" CONTENT="såsom"/><SP WIDTH="15" VPOS="780" HPOS="687"/>
							<String ID="string_243" HPOS="702" VPOS="786" WIDTH="23" HEIGHT="14" WC="0.95" CONTENT="en"/><SP WIDTH="17" VPOS="786" HPOS="725"/>
							<String ID="string_244" HPOS="742" VPOS="786" WIDTH="72" HEIGHT="20" WC="0.96" CONTENT="person"/>
						</TextLine>
						<TextLine ID="line_25" HPOS="73" VPOS="806" WIDTH="741" HEIGHT="26">
							<String ID="string_245" HPOS="73" VPOS="808" WIDTH="46" HEIGHT="20" WC="0.95" CONTENT="med"/><SP WIDTH="14" VPOS="808" HPOS="119"/>
							<String ID="string_246" HPOS="133" VPOS="810" WIDTH="29" HEIGHT="17" WC="0.93" CONTENT="ett"/><SP WIDTH="13" VPOS="810" HPOS="162"/>
							<String ID="string_247" HPOS="175" VPOS="806" WIDTH="59" HEIGHT="21" WC="0.91" CONTENT="hårdt"/><SP WIDTH="13" VPOS="806" HPOS="234"/>
							<String ID="string_248" HPOS="247" VPOS="808" WIDTH="39" HEIGHT="18" WC="0.93" CONTENT="och"/><SP WIDTH="14" VPOS="808" HPOS="286"/>
							<String ID="string_249" HPOS="300" VPOS="806" WIDTH="95" HEIGHT="26" WC="0.92" CONTENT="okristligt"/><SP WIDTH="13" VPOS="806" HPOS="395"/>
							<String ID="string_250" HPOS="408" VPOS="807" WIDTH="62" HEIGHT="24" WC="0.96" CONTENT="sinne,"/><SP WIDTH="11" VPOS="807" HPOS="470"/>
							<String ID="string_251" HPOS="481" VPOS="812" WIDTH="47" HEIGHT="14" WC="0.96" CONTENT="men"/><SP WIDTH="14" VPOS="812" HPOS="528"/>
							<String ID="string_252" HPOS="542" VPOS="812" WIDTH="44" HEIGHT="14" WC="0.93" CONTENT="som"/><SP WIDTH="14" VPOS="812" HPOS="586"/>
							<String ID="string_253" HPOS="600" VPOS="806" WIDTH="78" HEIGHT="20" WC="0.92" CONTENT="derföre"/><SP WIDTH="17" VPOS="806" HPOS="678"/>
							<String ID="string_254" HPOS="695" VPOS="806" WIDTH="44" HEIGHT="20" WC="0.95" CONTENT="icke"/><SP WIDTH="13" VPOS="806" HPOS="739"/>
							<String ID="string_255" HPOS="752" VPOS="806" WIDTH="62" HEIGHT="21" WC="0.96" CONTENT="borde"/>
						</TextLine>
						<TextLine ID="line_26" HPOS="73" VPOS="832" WIDTH="741" HEIGHT="26">
							<String ID="string_256" HPOS="73" VPOS="835" WIDTH="21" HEIGHT="19" WC="0.96" CONTENT="af"/><SP WIDTH="11" VPOS="835" HPOS="94"/>
							<String ID="string_257" HPOS="105" VPOS="834" WIDTH="47" HEIGHT="20" WC="0.92" CONTENT="dem"/><SP WIDTH="14" VPOS="834" HPOS="152"/>
							<String ID="string_258" HPOS="166" VPOS="832" WIDTH="107" HEIGHT="26" WC="0.91" CONTENT="förskjutas"/><SP WIDTH="13" VPOS="832" HPOS="273"/>
							<String ID="string_259" HPOS="286" VPOS="833" WIDTH="40" HEIGHT="19" WC="0.96" CONTENT="och"/><SP WIDTH="12" VPOS="833" HPOS="326"/>
							<String ID="string_260" HPOS="338" VPOS="832" WIDTH="42" HEIGHT="20" WC="0.96" CONTENT="från"/><SP WIDTH="13" VPOS="832" HPOS="380"/>
							<String ID="string_261" HPOS="393" VPOS="832" WIDTH="60" HEIGHT="20" WC="0.93" CONTENT="deras"/><SP WIDTH="16" VPOS="832" HPOS="453"/>
							<String ID="string_262" HPOS="469" VPOS="832" WIDTH="237" HEIGHT="26" WC="0.58" CONTENT="gemenskap-uteslutas,"/><SP WIDTH="16" VPOS="832" HPOS="706"/>
							<String ID="string_263" HPOS="722" VPOS="836" WIDTH="47" HEIGHT="16" WC="0.93" CONTENT="utan"/><SP WIDTH="13" VPOS="836" HPOS="769"/>
							<String ID="string_264" HPOS="782" VPOS="832" WIDTH="32" HEIGHT="21" WC="0.92" CONTENT="sä-"/>
						</TextLine>
						<TextLine ID="line_27" HPOS="73" VPOS="858" WIDTH="741" HEIGHT="26">
							<String ID="string_265" HPOS="73" VPOS="866" WIDTH="43" HEIGHT="14" WC="0.96" CONTENT="som"/><SP WIDTH="16" VPOS="866" HPOS="116"/>
							<String ID="string_266" HPOS="132" VPOS="866" WIDTH="24" HEIGHT="14" WC="0.96" CONTENT="en"/><SP WIDTH="14" VPOS="866" HPOS="156"/>
							<String ID="string_267" HPOS="170" VPOS="860" WIDTH="82" HEIGHT="20" WC="0.93" CONTENT="mycket"/><SP WIDTH="20" VPOS="860" HPOS="252"/>
							<String ID="string_268" HPOS="272" VPOS="858" WIDTH="88" HEIGHT="21" WC="0.90" CONTENT="förvillad"/><SP WIDTH="15" VPOS="858" HPOS="360"/>
							<String ID="string_269" HPOS="375" VPOS="859" WIDTH="38" HEIGHT="19" WC="0.96" CONTENT="och"/><SP WIDTH="18" VPOS="859" HPOS="413"/>
							<String ID="string_270" HPOS="431" VPOS="858" WIDTH="44" HEIGHT="26" WC="0.96" CONTENT="sjuk"/><SP WIDTH="20" VPOS="858" HPOS="475"/>
							<String ID="string_271" HPOS="495" VPOS="860" WIDTH="40" HEIGHT="20" WC="0.94" CONTENT="lem"/><SP WIDTH="15" VPOS="860" HPOS="535"/>
							<String ID="string_272" HPOS="550" VPOS="858" WIDTH="74" HEIGHT="21" WC="0.95" CONTENT="vårdas"/><SP WIDTH="17" VPOS="858" HPOS="624"/>
							<String ID="string_273" HPOS="641" VPOS="860" WIDTH="5" HEIGHT="19" WC="0.93" CONTENT="i"/><SP WIDTH="15" VPOS="860" HPOS="646"/>
							<String ID="string_274" HPOS="661" VPOS="859" WIDTH="153" HEIGHT="20" WC="0.92" CONTENT="öfverensstäm-"/>
						</TextLine>
						<TextLine ID="line_28" HPOS="73" VPOS="885" WIDTH="739" HEIGHT="27">
							<String ID="string_275" HPOS="73" VPOS="888" WIDTH="63" HEIGHT="19" WC="0.91" CONTENT="melse"/><SP WIDTH="15" VPOS="888" HPOS="136"/>
							<String ID="string_276" HPOS="151" VPOS="892" WIDTH="20" HEIGHT="14" WC="0.95" CONTENT="med"/><SP WIDTH="39" VPOS="892" HPOS="171"/>
							<String ID="string_277" HPOS="210" VPOS="886" WIDTH="114" HEIGHT="20" WC="0.95" CONTENT="Frälsarens"/><SP WIDTH="17" VPOS="886" HPOS="324"/>
							<String ID="string_278" HPOS="341" VPOS="885" WIDTH="111" HEIGHT="21" WC="0.96" CONTENT="förfarande"/><SP WIDTH="17" VPOS="885" HPOS="452"/>
							<String ID="string_279" HPOS="469" VPOS="886" WIDTH="45" HEIGHT="20" WC="0.91" CONTENT="med"/><SP WIDTH="20" VPOS="886" HPOS="514"/>
							<String ID="string_280" HPOS="534" VPOS="885" WIDTH="116" HEIGHT="27" WC="0.91" CONTENT="publikaner"/><SP WIDTH="14" VPOS="885" HPOS="650"/>
							<String ID="string_281" HPOS="664" VPOS="886" WIDTH="39" HEIGHT="19" WC="0.96" CONTENT="och"/><SP WIDTH="16" VPOS="886" HPOS="703"/>
							<String ID="string_282" HPOS="719" VPOS="886" WIDTH="93" HEIGHT="26" WC="0.96" CONTENT="syndare."/>
						</TextLine>
						<TextLine ID="line_29" HPOS="73" VPOS="911" WIDTH="741" HEIGHT="28">
							<String ID="string_283" HPOS="73" VPOS="914" WIDTH="68" HEIGHT="20" WC="0.96" CONTENT="Denna"/><SP WIDTH="13" VPOS="914" HPOS="141"/>
							<String ID="string_284" HPOS="154" VPOS="912" WIDTH="122" HEIGHT="27" WC="0.96" CONTENT="uppfattning"/><SP WIDTH="13" VPOS="912" HPOS="276"/>
							<String ID="string_285" HPOS="289" VPOS="912" WIDTH="21" HEIGHT="20" WC="0.96" CONTENT="af"/><SP WIDTH="12" VPOS="912" HPOS="310"/>
							<String ID="string_286" HPOS="322" VPOS="911" WIDTH="147" HEIGHT="27" WC="0.96" CONTENT="ifrågavarande"/><SP WIDTH="13" VPOS="911" HPOS="469"/>
							<String ID="string_287" HPOS="482" VPOS="912" WIDTH="115" HEIGHT="20" WC="0.96" CONTENT="Frälsarens"/><SP WIDTH="14" VPOS="912" HPOS="597"/>
							<String ID="string_288" HPOS="611" VPOS="912" WIDTH="35" HEIGHT="20" WC="0.93" CONTENT="ord"/><SP WIDTH="14" VPOS="912" HPOS="646"/>
							<String ID="string_289" HPOS="660" VPOS="912" WIDTH="154" HEIGHT="20" WC="0.91" CONTENT="öfverensstäm-"/>
						</TextLine>
						<TextLine ID="line_30" HPOS="73" VPOS="938" WIDTH="741" HEIGHT="26">
							<String ID="string_290" HPOS="73" VPOS="946" WIDTH="45" HEIGHT="14" WC="0.96" CONTENT="mer"/><SP WIDTH="13" VPOS="946" HPOS="118"/>
							<String ID="string_291" HPOS="131" VPOS="940" WIDTH="47" HEIGHT="20" WC="0.96" CONTENT="med"/><SP WIDTH="13" VPOS="940" HPOS="178"/>
							<String ID="string_292" HPOS="191" VPOS="939" WIDTH="34" HEIGHT="20" WC="0.96" CONTENT="det"/><SP WIDTH="13" VPOS="939" HPOS="225"/>
							<String ID="string_293" HPOS="238" VPOS="939" WIDTH="150" HEIGHT="25" WC="0.92" CONTENT="sammanhang,"/><SP WIDTH="18" VPOS="939" HPOS="388"/>
							<String ID="string_294" HPOS="406" VPOS="938" WIDTH="56" HEIGHT="20" WC="0.91" CONTENT="hvari"/><SP WIDTH="13" VPOS="938" HPOS="462"/>
							<String ID="string_295" HPOS="475" VPOS="938" WIDTH="26" HEIGHT="20" WC="0.97" CONTENT="de"/><SP WIDTH="16" VPOS="938" HPOS="501"/>
							<String ID="string_296" HPOS="517" VPOS="938" WIDTH="129" HEIGHT="21" WC="0.95" CONTENT="förekomma."/><SP WIDTH="30" VPOS="938" HPOS="646"/>
							<String ID="string_297" HPOS="676" VPOS="938" WIDTH="33" HEIGHT="20" WC="0.94" CONTENT="Att"/><SP WIDTH="16" VPOS="938" HPOS="709"/>
							<String ID="string_298" HPOS="725" VPOS="939" WIDTH="89" HEIGHT="25" WC="0.95" CONTENT="aposteln"/>
						</TextLine>
						<TextLine ID="line_31" HPOS="73" VPOS="964" WIDTH="740" HEIGHT="26">
							<String ID="string_299" HPOS="73" VPOS="967" WIDTH="73" HEIGHT="20" WC="0.96" CONTENT="Paulus"/><SP WIDTH="16" VPOS="967" HPOS="146"/>
							<String ID="string_300" HPOS="162" VPOS="965" WIDTH="62" HEIGHT="21" WC="0.96" CONTENT="också"/><SP WIDTH="16" VPOS="965" HPOS="224"/>
							<String ID="string_301" HPOS="240" VPOS="966" WIDTH="44" HEIGHT="19" WC="0.96" CONTENT="icke"/><SP WIDTH="19" VPOS="966" HPOS="284"/>
							<String ID="string_302" HPOS="303" VPOS="964" WIDTH="85" HEIGHT="26" WC="0.93" CONTENT="grundat"/><SP WIDTH="16" VPOS="964" HPOS="388"/>
							<String ID="string_303" HPOS="404" VPOS="965" WIDTH="224" HEIGHT="25" WC="0.92" CONTENT="exkommunikationen,"/><SP WIDTH="18" VPOS="965" HPOS="628"/>
							<String ID="string_304" HPOS="646" VPOS="967" WIDTH="15" HEIGHT="17" WC="0.92" CONTENT="t."/><SP WIDTH="16" VPOS="967" HPOS="661"/>
							<String ID="string_305" HPOS="677" VPOS="970" WIDTH="32" HEIGHT="14" WC="0.96" CONTENT="ex."/><SP WIDTH="15" VPOS="970" HPOS="709"/>
							<String ID="string_306" HPOS="724" VPOS="965" WIDTH="21" HEIGHT="19" WC="0.92" CONTENT="af"/><SP WIDTH="14" VPOS="965" HPOS="745"/>
							<String ID="string_307" HPOS="759" VPOS="964" WIDTH="54" HEIGHT="21" WC="0.91" CONTENT="blod-"/>
						</TextLine>
						<TextLine ID="line_32" HPOS="74" VPOS="990" WIDTH="740" HEIGHT="27">
							<String ID="string_308" HPOS="74" VPOS="994" WIDTH="111" HEIGHT="20" WC="0.92" CONTENT="skändaren"/><SP WIDTH="16" VPOS="994" HPOS="185"/>
							<String ID="string_309" HPOS="201" VPOS="992" WIDTH="5" HEIGHT="19" WC="0.96" CONTENT="i"/><SP WIDTH="15" VPOS="992" HPOS="206"/>
							<String ID="string_310" HPOS="221" VPOS="992" WIDTH="82" HEIGHT="20" WC="0.96" CONTENT="Korinth"/><SP WIDTH="17" VPOS="992" HPOS="303"/>
							<String ID="string_311" HPOS="320" VPOS="992" WIDTH="18" HEIGHT="24" WC="0.96" CONTENT="(1"/><SP WIDTH="16" VPOS="992" HPOS="338"/>
							<String ID="string_312" HPOS="354" VPOS="992" WIDTH="45" HEIGHT="19" WC="0.96" CONTENT="Cor."/><SP WIDTH="17" VPOS="992" HPOS="399"/>
							<String ID="string_313" HPOS="416" VPOS="992" WIDTH="11" HEIGHT="19" WC="0.93" CONTENT="5"/><SP WIDTH="15" VPOS="992" HPOS="427"/>
							<String ID="string_314" HPOS="442" VPOS="992" WIDTH="62" HEIGHT="25" WC="0.93" CONTENT="kap.),"/><SP WIDTH="18" VPOS="992" HPOS="504"/>
							<String ID="string_315" HPOS="522" VPOS="991" WIDTH="25" HEIGHT="26" WC="0.96" CONTENT="på"/><SP WIDTH="17" VPOS="991" HPOS="547"/>
							<String ID="string_316" HPOS="564" VPOS="992" WIDTH="114" HEIGHT="20" WC="0.96" CONTENT="Frälsarens"/><SP WIDTH="16" VPOS="992" HPOS="678"/>
							<String ID="string_317" HPOS="694" VPOS="991" WIDTH="36" HEIGHT="20" WC="0.95" CONTENT="ord"/><SP WIDTH="16" VPOS="991" HPOS="730"/>
							<String ID="string_318" HPOS="746" VPOS="990" WIDTH="25" HEIGHT="26" WC="0.96" CONTENT="på"/><SP WIDTH="17" VPOS="990" HPOS="771"/>
							<String ID="string_319" HPOS="788" VPOS="996" WIDTH="26" HEIGHT="15" WC="0.96" CONTENT="nu"/>
						</TextLine>
						<TextLine ID="line_33" HPOS="73" VPOS="1017" WIDTH="740" HEIGHT="28">
							<String ID="string_320" HPOS="73" VPOS="1018" WIDTH="150" HEIGHT="27" WC="0.96" CONTENT="ifrågavarande"/><SP WIDTH="21" VPOS="1018" HPOS="223"/>
							<String ID="string_321" HPOS="244" VPOS="1019" WIDTH="55" HEIGHT="19" WC="0.94" CONTENT="ställe"/><SP WIDTH="20" VPOS="1019" HPOS="299"/>
							<String ID="string_322" HPOS="319" VPOS="1018" WIDTH="38" HEIGHT="19" WC="0.96" CONTENT="hos"/><SP WIDTH="19" VPOS="1018" HPOS="357"/>
							<String ID="string_323" HPOS="376" VPOS="1018" WIDTH="135" HEIGHT="25" WC="0.93" CONTENT="evangelisten"/><SP WIDTH="20" VPOS="1018" HPOS="511"/>
							<String ID="string_324" HPOS="531" VPOS="1018" WIDTH="105" HEIGHT="24" WC="0.92" CONTENT="Mattheus,"/><SP WIDTH="21" VPOS="1018" HPOS="636"/>
							<String ID="string_325" HPOS="657" VPOS="1022" WIDTH="62" HEIGHT="21" WC="0.96" CONTENT="synes"/><SP WIDTH="18" VPOS="1022" HPOS="719"/>
							<String ID="string_326" HPOS="737" VPOS="1017" WIDTH="76" HEIGHT="27" WC="0.95" CONTENT="framgå"/>
						</TextLine>
						<TextLine ID="line_34" HPOS="73" VPOS="1043" WIDTH="740" HEIGHT="27">
							<String ID="string_327" HPOS="73" VPOS="1046" WIDTH="62" HEIGHT="24" WC="0.96" CONTENT="deraf,"/><SP WIDTH="16" VPOS="1046" HPOS="135"/>
							<String ID="string_328" HPOS="151" VPOS="1048" WIDTH="28" HEIGHT="17" WC="0.96" CONTENT="att"/><SP WIDTH="13" VPOS="1048" HPOS="179"/>
							<String ID="string_329" HPOS="192" VPOS="1045" WIDTH="38" HEIGHT="20" WC="0.96" CONTENT="den"/><SP WIDTH="14" VPOS="1045" HPOS="230"/>
							<String ID="string_330" HPOS="244" VPOS="1045" WIDTH="44" HEIGHT="19" WC="0.96" CONTENT="icke"/><SP WIDTH="13" VPOS="1045" HPOS="288"/>
							<String ID="string_331" HPOS="301" VPOS="1044" WIDTH="98" HEIGHT="26" WC="0.96" CONTENT="föregicks"/><SP WIDTH="14" VPOS="1044" HPOS="399"/>
							<String ID="string_332" HPOS="413" VPOS="1045" WIDTH="21" HEIGHT="19" WC="0.96" CONTENT="af"/><SP WIDTH="11" VPOS="1045" HPOS="434"/>
							<String ID="string_333" HPOS="445" VPOS="1043" WIDTH="60" HEIGHT="27" WC="0.96" CONTENT="några"/><SP WIDTH="16" VPOS="1043" HPOS="505"/>
							<String ID="string_334" HPOS="521" VPOS="1044" WIDTH="28" HEIGHT="20" WC="0.93" CONTENT="till"/><SP WIDTH="15" VPOS="1044" HPOS="549"/>
							<String ID="string_335" HPOS="564" VPOS="1044" WIDTH="98" HEIGHT="26" WC="0.90" CONTENT="syndaren"/><SP WIDTH="14" VPOS="1044" HPOS="662"/>
							<String ID="string_336" HPOS="676" VPOS="1043" WIDTH="51" HEIGHT="26" WC="0.90" CONTENT="gifna"/><SP WIDTH="13" VPOS="1043" HPOS="727"/>
							<String ID="string_337" HPOS="740" VPOS="1044" WIDTH="73" HEIGHT="20" WC="0.92" CONTENT="förma-"/>
						</TextLine>
						<TextLine ID="line_35" HPOS="74" VPOS="1078" WIDTH="574" HEIGHT="14">
							<String ID="string_338" HPOS="74" VPOS="1078" WIDTH="75" HEIGHT="14" WC="0.96" CONTENT="ningar."/><SP WIDTH="496" VPOS="1078" HPOS="149"/>
							<String ID="string_339" HPOS="645" VPOS="1087" WIDTH="3" HEIGHT="1" WC="0.92" CONTENT="-"/>
						</TextLine>
						<TextLine ID="line_36" HPOS="107" VPOS="1088" WIDTH="707" HEIGHT="35">
							<String ID="string_340" HPOS="107" VPOS="1088" WIDTH="48" HEIGHT="31" WC="0.32" CONTENT="&quot;Då"/><SP WIDTH="15" VPOS="1088" HPOS="155"/>
							<String ID="string_341" HPOS="170" VPOS="1098" WIDTH="80" HEIGHT="20" WC="0.96" CONTENT="sålunda"/><SP WIDTH="14" VPOS="1098" HPOS="250"/>
							<String ID="string_342" HPOS="264" VPOS="1097" WIDTH="225" HEIGHT="25" WC="0.90" CONTENT="exkommunikationen,"/><SP WIDTH="16" VPOS="1097" HPOS="489"/>
							<String ID="string_343" HPOS="505" VPOS="1102" WIDTH="48" HEIGHT="15" WC="0.96" CONTENT="vare"/><SP WIDTH="17" VPOS="1102" HPOS="553"/>
							<String ID="string_344" HPOS="570" VPOS="1096" WIDTH="29" HEIGHT="27" WC="0.96" CONTENT="sig"/><SP WIDTH="16" VPOS="1096" HPOS="599"/>
							<String ID="string_345" HPOS="615" VPOS="1096" WIDTH="39" HEIGHT="20" WC="0.93" CONTENT="den"/><SP WIDTH="14" VPOS="1096" HPOS="654"/>
							<String ID="string_346" HPOS="668" VPOS="1102" WIDTH="16" HEIGHT="14" WC="0.92" CONTENT="s."/><SP WIDTH="16" VPOS="1102" HPOS="684"/>
							<String ID="string_347" HPOS="700" VPOS="1096" WIDTH="19" HEIGHT="20" WC="0.92" CONTENT="k."/><SP WIDTH="18" VPOS="1096" HPOS="719"/>
							<String ID="string_348" HPOS="737" VPOS="1096" WIDTH="77" HEIGHT="20" WC="0.96" CONTENT="mindre"/>
						</TextLine>
						<TextLine ID="line_37" HPOS="75" VPOS="1121" WIDTH="740" HEIGHT="28">
							<String ID="string_349" HPOS="75" VPOS="1126" WIDTH="48" HEIGHT="20" WC="0.96" CONTENT="eller"/><SP WIDTH="13" VPOS="1126" HPOS="123"/>
							<String ID="string_350" HPOS="136" VPOS="1125" WIDTH="38" HEIGHT="20" WC="0.93" CONTENT="den"/><SP WIDTH="14" VPOS="1125" HPOS="174"/>
							<String ID="string_351" HPOS="188" VPOS="1130" WIDTH="17" HEIGHT="15" WC="0.93" CONTENT="s."/><SP WIDTH="15" VPOS="1130" HPOS="205"/>
							<String ID="string_352" HPOS="220" VPOS="1125" WIDTH="21" HEIGHT="19" WC="0.96" CONTENT="k."/><SP WIDTH="16" VPOS="1125" HPOS="241"/>
							<String ID="string_353" HPOS="257" VPOS="1124" WIDTH="70" HEIGHT="25" WC="0.95" CONTENT="större,"/><SP WIDTH="11" VPOS="1124" HPOS="327"/>
							<String ID="string_354" HPOS="338" VPOS="1124" WIDTH="44" HEIGHT="19" WC="0.96" CONTENT="icke"/><SP WIDTH="14" VPOS="1124" HPOS="382"/>
							<String ID="string_355" HPOS="396" VPOS="1124" WIDTH="67" HEIGHT="19" WC="0.95" CONTENT="stöder"/><SP WIDTH="14" VPOS="1124" HPOS="463"/>
							<String ID="string_356" HPOS="477" VPOS="1124" WIDTH="29" HEIGHT="25" WC="0.96" CONTENT="sig"/><SP WIDTH="13" VPOS="1124" HPOS="506"/>
							<String ID="string_357" HPOS="519" VPOS="1121" WIDTH="24" HEIGHT="28" WC="0.96" CONTENT="på"/><SP WIDTH="14" VPOS="1121" HPOS="543"/>
							<String ID="string_358" HPOS="557" VPOS="1122" WIDTH="63" HEIGHT="27" WC="0.96" CONTENT="någon"/><SP WIDTH="13" VPOS="1122" HPOS="620"/>
							<String ID="string_359" HPOS="633" VPOS="1123" WIDTH="21" HEIGHT="19" WC="0.96" CONTENT="af"/><SP WIDTH="10" VPOS="1123" HPOS="654"/>
							<String ID="string_360" HPOS="664" VPOS="1123" WIDTH="103" HEIGHT="20" WC="0.93" CONTENT="Frälsaren"/><SP WIDTH="26" VPOS="1123" HPOS="767"/>
							<String ID="string_361" HPOS="793" VPOS="1122" WIDTH="22" HEIGHT="20" WC="0.92" CONTENT="gif-"/>
						</TextLine>
						<TextLine ID="line_38" HPOS="75" VPOS="1149" WIDTH="740" HEIGHT="28">
							<String ID="string_362" HPOS="75" VPOS="1157" WIDTH="44" HEIGHT="20" WC="0.96" CONTENT="ven,"/><SP WIDTH="16" VPOS="1157" HPOS="119"/>
							<String ID="string_363" HPOS="135" VPOS="1152" WIDTH="30" HEIGHT="19" WC="0.96" CONTENT="för"/><SP WIDTH="13" VPOS="1152" HPOS="165"/>
							<String ID="string_364" HPOS="178" VPOS="1151" WIDTH="38" HEIGHT="20" WC="0.96" CONTENT="den"/><SP WIDTH="13" VPOS="1151" HPOS="216"/>
							<String ID="string_365" HPOS="229" VPOS="1150" WIDTH="77" HEIGHT="20" WC="0.96" CONTENT="kristna"/><SP WIDTH="14" VPOS="1150" HPOS="306"/>
							<String ID="string_366" HPOS="320" VPOS="1149" WIDTH="76" HEIGHT="27" WC="0.96" CONTENT="kyrkan"/><SP WIDTH="14" VPOS="1149" HPOS="396"/>
							<String ID="string_367" HPOS="410" VPOS="1149" WIDTH="6" HEIGHT="20" WC="0.96" CONTENT="i"/><SP WIDTH="14" VPOS="1149" HPOS="416"/>
							<String ID="string_368" HPOS="430" VPOS="1150" WIDTH="36" HEIGHT="19" WC="0.96" CONTENT="alla"/><SP WIDTH="16" VPOS="1150" HPOS="466"/>
							<String ID="string_369" HPOS="482" VPOS="1150" WIDTH="50" HEIGHT="20" WC="0.85" CONTENT="tider"/><SP WIDTH="13" VPOS="1150" HPOS="532"/>
							<String ID="string_370" HPOS="545" VPOS="1149" WIDTH="87" HEIGHT="26" WC="0.85" CONTENT="gällande"/><SP WIDTH="17" VPOS="1149" HPOS="632"/>
							<String ID="string_371" HPOS="649" VPOS="1149" WIDTH="104" HEIGHT="26" WC="0.96" CONTENT="befallning"/><SP WIDTH="14" VPOS="1149" HPOS="753"/>
							<String ID="string_372" HPOS="767" VPOS="1149" WIDTH="48" HEIGHT="20" WC="0.96" CONTENT="eller"/>
						</TextLine>
						<TextLine ID="line_39" HPOS="74" VPOS="1175" WIDTH="740" HEIGHT="28">
							<String ID="string_373" HPOS="74" VPOS="1178" WIDTH="113" HEIGHT="25" WC="0.95" CONTENT="anordning,"/><SP WIDTH="17" VPOS="1178" HPOS="187"/>
							<String ID="string_374" HPOS="204" VPOS="1178" WIDTH="37" HEIGHT="19" WC="0.96" CONTENT="och"/><SP WIDTH="17" VPOS="1178" HPOS="241"/>
							<String ID="string_375" HPOS="258" VPOS="1177" WIDTH="48" HEIGHT="21" WC="0.93" CONTENT="dess"/><SP WIDTH="17" VPOS="1177" HPOS="306"/>
							<String ID="string_376" HPOS="323" VPOS="1177" WIDTH="87" HEIGHT="25" WC="0.91" CONTENT="utöfning"/><SP WIDTH="16" VPOS="1177" HPOS="410"/>
							<String ID="string_377" HPOS="426" VPOS="1176" WIDTH="21" HEIGHT="20" WC="0.95" CONTENT="af"/><SP WIDTH="14" VPOS="1176" HPOS="447"/>
							<String ID="string_378" HPOS="461" VPOS="1177" WIDTH="110" HEIGHT="25" WC="0.95" CONTENT="apostlarna"/><SP WIDTH="17" VPOS="1177" HPOS="571"/>
							<String ID="string_379" HPOS="588" VPOS="1175" WIDTH="78" HEIGHT="21" WC="0.96" CONTENT="således"/><SP WIDTH="17" VPOS="1175" HPOS="666"/>
							<String ID="string_380" HPOS="683" VPOS="1176" WIDTH="44" HEIGHT="19" WC="0.96" CONTENT="icke"/><SP WIDTH="17" VPOS="1176" HPOS="727"/>
							<String ID="string_381" HPOS="744" VPOS="1175" WIDTH="70" HEIGHT="21" WC="0.96" CONTENT="stödde"/>
						</TextLine>
						<TextLine ID="line_40" HPOS="74" VPOS="1202" WIDTH="742" HEIGHT="29">
							<String ID="string_382" HPOS="74" VPOS="1205" WIDTH="30" HEIGHT="26" WC="0.93" CONTENT="sig"/><SP WIDTH="13" VPOS="1205" HPOS="104"/>
							<String ID="string_383" HPOS="117" VPOS="1204" WIDTH="69" HEIGHT="26" WC="0.92" CONTENT="derpå,"/><SP WIDTH="16" VPOS="1204" HPOS="186"/>
							<String ID="string_384" HPOS="202" VPOS="1207" WIDTH="45" HEIGHT="17" WC="0.96" CONTENT="utan"/><SP WIDTH="15" VPOS="1207" HPOS="247"/>
							<String ID="string_385" HPOS="262" VPOS="1202" WIDTH="25" HEIGHT="27" WC="0.96" CONTENT="på"/><SP WIDTH="15" VPOS="1202" HPOS="287"/>
							<String ID="string_386" HPOS="302" VPOS="1203" WIDTH="133" HEIGHT="26" WC="0.96" CONTENT="egendomliga"/><SP WIDTH="14" VPOS="1203" HPOS="435"/>
							<String ID="string_387" HPOS="449" VPOS="1202" WIDTH="132" HEIGHT="21" WC="0.96" CONTENT="förhållanden"/><SP WIDTH="14" VPOS="1202" HPOS="581"/>
							<String ID="string_388" HPOS="595" VPOS="1203" WIDTH="5" HEIGHT="19" WC="0.96" CONTENT="i"/><SP WIDTH="15" VPOS="1203" HPOS="600"/>
							<String ID="string_389" HPOS="615" VPOS="1203" WIDTH="38" HEIGHT="18" WC="0.96" CONTENT="den"/><SP WIDTH="9" VPOS="1203" HPOS="653"/>
							<String ID="string_390" HPOS="662" VPOS="1203" WIDTH="60" HEIGHT="19" WC="0.93" CONTENT="första"/><SP WIDTH="14" VPOS="1203" HPOS="722"/>
							<String ID="string_391" HPOS="736" VPOS="1204" WIDTH="80" HEIGHT="23" WC="0.91" CONTENT="aposto-"/>
						</TextLine>
						<TextLine ID="line_41" HPOS="73" VPOS="1229" WIDTH="742" HEIGHT="27">
							<String ID="string_392" HPOS="73" VPOS="1232" WIDTH="50" HEIGHT="20" WC="0.92" CONTENT="liska"/><SP WIDTH="15" VPOS="1232" HPOS="123"/>
							<String ID="string_393" HPOS="138" VPOS="1231" WIDTH="59" HEIGHT="25" WC="0.96" CONTENT="tiden,"/><SP WIDTH="11" VPOS="1231" HPOS="197"/>
							<String ID="string_394" HPOS="208" VPOS="1231" WIDTH="58" HEIGHT="19" WC="0.96" CONTENT="hafva"/><SP WIDTH="14" VPOS="1231" HPOS="266"/>
							<String ID="string_395" HPOS="280" VPOS="1230" WIDTH="26" HEIGHT="20" WC="0.96" CONTENT="de"/><SP WIDTH="13" VPOS="1230" HPOS="306"/>
							<String ID="string_396" HPOS="319" VPOS="1229" WIDTH="120" HEIGHT="26" WC="0.96" CONTENT="deputerade"/><SP WIDTH="14" VPOS="1229" HPOS="439"/>
							<String ID="string_397" HPOS="453" VPOS="1229" WIDTH="22" HEIGHT="20" WC="0.92" CONTENT="af"/><SP WIDTH="6" VPOS="1229" HPOS="475"/>
							<String ID="string_398" HPOS="481" VPOS="1229" WIDTH="144" HEIGHT="26" WC="0.92" CONTENT="Ridderskapet"/><SP WIDTH="13" VPOS="1229" HPOS="625"/>
							<String ID="string_399" HPOS="638" VPOS="1229" WIDTH="38" HEIGHT="20" WC="0.93" CONTENT="och"/><SP WIDTH="10" VPOS="1229" HPOS="676"/>
							<String ID="string_400" HPOS="686" VPOS="1229" WIDTH="61" HEIGHT="20" WC="0.91" CONTENT="Adeln"/><SP WIDTH="14" VPOS="1229" HPOS="747"/>
							<String ID="string_401" HPOS="761" VPOS="1231" WIDTH="54" HEIGHT="18" WC="0.96" CONTENT="samt"/>
						</TextLine>
						<TextLine ID="line_42" HPOS="74" VPOS="1255" WIDTH="740" HEIGHT="28">
							<String ID="string_402" HPOS="74" VPOS="1257" WIDTH="164" HEIGHT="26" WC="0.92" CONTENT="Borgareständet"/><SP WIDTH="13" VPOS="1257" HPOS="238"/>
							<String ID="string_403" HPOS="251" VPOS="1256" WIDTH="46" HEIGHT="20" WC="0.96" CONTENT="icke"/><SP WIDTH="13" VPOS="1256" HPOS="297"/>
							<String ID="string_404" HPOS="310" VPOS="1256" WIDTH="74" HEIGHT="19" WC="0.93" CONTENT="kunnat"/><SP WIDTH="13" VPOS="1256" HPOS="384"/>
							<String ID="string_405" HPOS="397" VPOS="1256" WIDTH="104" HEIGHT="25" WC="0.92" CONTENT="medgifva,"/><SP WIDTH="15" VPOS="1256" HPOS="501"/>
							<String ID="string_406" HPOS="516" VPOS="1257" WIDTH="29" HEIGHT="18" WC="0.96" CONTENT="att"/><SP WIDTH="13" VPOS="1257" HPOS="545"/>
							<String ID="string_407" HPOS="558" VPOS="1255" WIDTH="25" HEIGHT="20" WC="0.96" CONTENT="de"/><SP WIDTH="10" VPOS="1255" HPOS="583"/>
							<String ID="string_408" HPOS="593" VPOS="1255" WIDTH="79" HEIGHT="20" WC="0.96" CONTENT="handlat"/><SP WIDTH="13" VPOS="1255" HPOS="672"/>
							<String ID="string_409" HPOS="685" VPOS="1255" WIDTH="6" HEIGHT="20" WC="0.96" CONTENT="i"/><SP WIDTH="14" VPOS="1255" HPOS="691"/>
							<String ID="string_410" HPOS="705" VPOS="1255" WIDTH="49" HEIGHT="20" WC="0.96" CONTENT="strid"/><SP WIDTH="14" VPOS="1255" HPOS="754"/>
							<String ID="string_411" HPOS="768" VPOS="1255" WIDTH="46" HEIGHT="20" WC="0.96" CONTENT="med"/>
						</TextLine>
						<TextLine ID="line_43" HPOS="74" VPOS="1281" WIDTH="741" HEIGHT="29">
							<String ID="string_412" HPOS="74" VPOS="1285" WIDTH="38" HEIGHT="20" WC="0.96" CONTENT="den"/><SP WIDTH="14" VPOS="1285" HPOS="112"/>
							<String ID="string_413" HPOS="126" VPOS="1284" WIDTH="63" HEIGHT="26" WC="0.94" CONTENT="heliga"/><SP WIDTH="14" VPOS="1284" HPOS="189"/>
							<String ID="string_414" HPOS="203" VPOS="1283" WIDTH="58" HEIGHT="20" WC="0.95" CONTENT="skrift"/><SP WIDTH="16" VPOS="1283" HPOS="261"/>
							<String ID="string_415" HPOS="277" VPOS="1283" WIDTH="38" HEIGHT="20" WC="0.96" CONTENT="och"/><SP WIDTH="14" VPOS="1283" HPOS="315"/>
							<String ID="string_416" HPOS="329" VPOS="1283" WIDTH="46" HEIGHT="19" WC="0.96" CONTENT="med"/><SP WIDTH="17" VPOS="1283" HPOS="375"/>
							<String ID="string_417" HPOS="392" VPOS="1282" WIDTH="160" HEIGHT="21" WC="0.96" CONTENT="kristendomens"/><SP WIDTH="17" VPOS="1282" HPOS="552"/>
							<String ID="string_418" HPOS="569" VPOS="1282" WIDTH="59" HEIGHT="25" WC="0.96" CONTENT="anda,"/><SP WIDTH="15" VPOS="1282" HPOS="628"/>
							<String ID="string_419" HPOS="643" VPOS="1281" WIDTH="25" HEIGHT="20" WC="0.96" CONTENT="då"/><SP WIDTH="17" VPOS="1281" HPOS="668"/>
							<String ID="string_420" HPOS="685" VPOS="1281" WIDTH="25" HEIGHT="20" WC="0.96" CONTENT="de"/><SP WIDTH="14" VPOS="1281" HPOS="710"/>
							<String ID="string_421" HPOS="724" VPOS="1281" WIDTH="44" HEIGHT="20" WC="0.91" CONTENT="icke"/><SP WIDTH="13" VPOS="1281" HPOS="768"/>
							<String ID="string_422" HPOS="781" VPOS="1287" WIDTH="34" HEIGHT="14" WC="0.91" CONTENT="an-"/>
						</TextLine>
						<TextLine ID="line_44" HPOS="72" VPOS="1307" WIDTH="743" HEIGHT="28">
							<String ID="string_423" HPOS="72" VPOS="1314" WIDTH="40" HEIGHT="17" WC="0.93" CONTENT="sett"/><SP WIDTH="14" VPOS="1314" HPOS="112"/>
							<String ID="string_424" HPOS="126" VPOS="1309" WIDTH="218" HEIGHT="22" WC="0.91" CONTENT="exkommunikationen"/><SP WIDTH="15" VPOS="1309" HPOS="344"/>
							<String ID="string_425" HPOS="359" VPOS="1309" WIDTH="47" HEIGHT="20" WC="0.96" CONTENT="böra"/><SP WIDTH="14" VPOS="1309" HPOS="406"/>
							<String ID="string_426" HPOS="420" VPOS="1309" WIDTH="57" HEIGHT="20" WC="0.93" CONTENT="bland"/><SP WIDTH="13" VPOS="1309" HPOS="477"/>
							<String ID="string_427" HPOS="490" VPOS="1307" WIDTH="201" HEIGHT="28" WC="0.91" CONTENT="kyrkotuktsmedlen"/><SP WIDTH="13" VPOS="1307" HPOS="691"/>
							<String ID="string_428" HPOS="704" VPOS="1307" WIDTH="6" HEIGHT="20" WC="0.93" CONTENT="i"/><SP WIDTH="14" VPOS="1307" HPOS="710"/>
							<String ID="string_429" HPOS="724" VPOS="1308" WIDTH="91" HEIGHT="26" WC="0.92" CONTENT="kyrkola-"/>
						</TextLine>
						<TextLine ID="line_45" HPOS="71" VPOS="1340" WIDTH="598" HEIGHT="23">
							<String ID="string_430" HPOS="71" VPOS="1344" WIDTH="37" HEIGHT="19" WC="0.96" CONTENT="gen"/><SP WIDTH="15" VPOS="1344" HPOS="108"/>
							<String ID="string_431" HPOS="123" VPOS="1340" WIDTH="104" HEIGHT="23" WC="0.93" CONTENT="upptagas."/><SP WIDTH="440" VPOS="1340" HPOS="227"/>
							<String ID="string_432" HPOS="667" VPOS="1341" WIDTH="2" HEIGHT="2" WC="0.52" CONTENT="N"/>
						</TextLine>
					</TextBlock>
					<TextBlock ID="block_2" HPOS="72" VPOS="1360" WIDTH="745" HEIGHT="83">
						<TextLine ID="line_46" HPOS="124" VPOS="1360" WIDTH="693" HEIGHT="27">
							<String ID="string_433" HPOS="124" VPOS="1363" WIDTH="58" HEIGHT="20" WC="0.95" CONTENT="Hvad"/><SP WIDTH="16" VPOS="1363" HPOS="182"/>
							<String ID="string_434" HPOS="198" VPOS="1362" WIDTH="79" HEIGHT="20" WC="0.80" CONTENT="särskilt"/><SP WIDTH="16" VPOS="1362" HPOS="277"/>
							<String ID="string_435" HPOS="293" VPOS="1362" WIDTH="38" HEIGHT="19" WC="0.96" CONTENT="den"/><SP WIDTH="21" VPOS="1362" HPOS="331"/>
							<String ID="string_436" HPOS="352" VPOS="1361" WIDTH="25" HEIGHT="26" WC="0.96" CONTENT="pä"/><SP WIDTH="17" VPOS="1361" HPOS="377"/>
							<String ID="string_437" HPOS="394" VPOS="1361" WIDTH="33" HEIGHT="20" WC="0.93" CONTENT="det"/><SP WIDTH="17" VPOS="1361" HPOS="427"/>
							<String ID="string_438" HPOS="444" VPOS="1361" WIDTH="81" HEIGHT="20" WC="0.96" CONTENT="anförda"/><SP WIDTH="20" VPOS="1361" HPOS="525"/>
							<String ID="string_439" HPOS="545" VPOS="1361" WIDTH="67" HEIGHT="20" WC="0.96" CONTENT="stället"/><SP WIDTH="16" VPOS="1361" HPOS="612"/>
							<String ID="string_440" HPOS="628" VPOS="1361" WIDTH="36" HEIGHT="20" WC="0.93" CONTENT="hos"/><SP WIDTH="17" VPOS="1361" HPOS="664"/>
							<String ID="string_441" HPOS="681" VPOS="1361" WIDTH="98" HEIGHT="19" WC="0.59" CONTENT="Maitheus"/><SP WIDTH="17" VPOS="1361" HPOS="779"/>
							<String ID="string_442" HPOS="796" VPOS="1360" WIDTH="21" HEIGHT="19" WC="0.96" CONTENT="af"/>
						</TextLine>
						<TextLine ID="line_47" HPOS="72" VPOS="1385" WIDTH="744" HEIGHT="27">
							<String ID="string_443" HPOS="72" VPOS="1391" WIDTH="103" HEIGHT="19" WC="0.96" CONTENT="Frälsaren"/><SP WIDTH="12" VPOS="1391" HPOS="175"/>
							<String ID="string_444" HPOS="187" VPOS="1389" WIDTH="96" HEIGHT="20" WC="0.96" CONTENT="omtalade"/><SP WIDTH="15" VPOS="1389" HPOS="283"/>
							<String ID="string_445" HPOS="298" VPOS="1388" WIDTH="80" HEIGHT="20" WC="0.96" CONTENT="makten"/><SP WIDTH="9" VPOS="1388" HPOS="378"/>
							<String ID="string_446" HPOS="387" VPOS="1390" WIDTH="28" HEIGHT="17" WC="0.96" CONTENT="att"/><SP WIDTH="13" VPOS="1390" HPOS="415"/>
							<String ID="string_447" HPOS="428" VPOS="1388" WIDTH="41" HEIGHT="19" WC="0.95" CONTENT="lösa"/><SP WIDTH="14" VPOS="1388" HPOS="469"/>
							<String ID="string_448" HPOS="483" VPOS="1389" WIDTH="39" HEIGHT="19" WC="0.93" CONTENT="och"/><SP WIDTH="14" VPOS="1389" HPOS="522"/>
							<String ID="string_449" HPOS="536" VPOS="1387" WIDTH="66" HEIGHT="25" WC="0.96" CONTENT="binda,"/><SP WIDTH="12" VPOS="1387" HPOS="602"/>
							<String ID="string_450" HPOS="614" VPOS="1387" WIDTH="46" HEIGHT="20" WC="0.91" CONTENT="eller"/><SP WIDTH="14" VPOS="1387" HPOS="660"/>
							<String ID="string_451" HPOS="674" VPOS="1387" WIDTH="34" HEIGHT="20" WC="0.93" CONTENT="Jet"/><SP WIDTH="10" VPOS="1387" HPOS="708"/>
							<String ID="string_452" HPOS="718" VPOS="1385" WIDTH="98" HEIGHT="21" WC="0.76" CONTENT="såkallade"/>
						</TextLine>
						<TextLine ID="line_48" HPOS="73" VPOS="1413" WIDTH="743" HEIGHT="30">
							<String ID="string_453" HPOS="73" VPOS="1416" WIDTH="159" HEIGHT="27" WC="0.89" CONTENT="uyckelembetet"/><SP WIDTH="13" VPOS="1416" HPOS="232"/>
							<String ID="string_454" HPOS="245" VPOS="1415" WIDTH="69" HEIGHT="26" WC="0.92" CONTENT="angär,"/><SP WIDTH="11" VPOS="1415" HPOS="314"/>
							<String ID="string_455" HPOS="325" VPOS="1414" WIDTH="22" HEIGHT="20" WC="0.93" CONTENT="sä"/><SP WIDTH="15" VPOS="1414" HPOS="347"/>
							<String ID="string_456" HPOS="362" VPOS="1420" WIDTH="49" HEIGHT="15" WC="0.91" CONTENT="anse"/><SP WIDTH="8" VPOS="1420" HPOS="411"/>
							<String ID="string_457" HPOS="419" VPOS="1414" WIDTH="25" HEIGHT="20" WC="0.93" CONTENT="de"/><SP WIDTH="9" VPOS="1414" HPOS="444"/>
							<String ID="string_458" HPOS="453" VPOS="1414" WIDTH="122" HEIGHT="27" WC="0.89" CONTENT="deputerale"/><SP WIDTH="12" VPOS="1414" HPOS="575"/>
							<String ID="string_459" HPOS="587" VPOS="1413" WIDTH="118" HEIGHT="25" WC="0.91" CONTENT="detsamma,"/><SP WIDTH="14" VPOS="1413" HPOS="705"/>
							<String ID="string_460" HPOS="719" VPOS="1413" WIDTH="38" HEIGHT="19" WC="0.89" CONTENT="rätt"/><SP WIDTH="10" VPOS="1413" HPOS="757"/>
							<String ID="string_461" HPOS="767" VPOS="1418" WIDTH="49" HEIGHT="20" WC="0.91" CONTENT="upp-"/>
						</TextLine>
					</TextBlock>
				</ComposedBlock>
			</PrintSpace>
		</Page>
	</Layout>
</alto>
