970 1809
262 139 70 22 Nådiga
344 140 139 22 Propositionen
497 140 35 17 N:o
544 140 29 17 24.
767 140 37 18 609

60 188 66 25 giften,
142 193 43 15 som
200 188 21 20 af
233 194 24 14 en
272 188 112 26 församling
398 189 25 19 till
441 189 149 25 presterskapet
604 190 86 24 utgöres,
709 189 44 19 icke
768 188 32 20 må

59 214 101 19 användas
174 214 26 20 till
215 214 102 20 aflönande
326 216 20 18 af
358 217 56 23 prest
427 215 5 19 i
441 221 64 13 annan
519 216 10 18 f
539 216 101 24 rsamling.
665 214 135 26 Följakteligen

59 240 38 19 kan
112 240 86 20 härefter
211 241 83 19 likasom
310 241 76 19 hitintill
404 241 5 19 i
423 247 24 13 en
465 243 90 21 stämma,
571 242 28 18 dit
615 241 134 25 Domkapitlet
762 242 39 18 för-

60 266 74 20 ordnar
153 266 73 25 ojäfvig
246 267 121 19 Ordförande
388 268 37 18 och
442 268 127 19 Guvernören
590 267 34 19 sitt
637 268 85 23 Ombud,
746 268 54 19 inom

61 292 70 26 hvarje
144 294 113 25 församling
273 293 46 20 bäst
333 294 79 24 jemkas
425 294 82 20 emellan
527 294 148 25 församlingens
692 294 70 25 lärare,
778 293 22 20 sä

61 321 28 18 att
103 325 23 14 en
140 320 50 19 hvar
203 320 31 19 får
248 326 24 13 en
286 320 103 25 «tillbörlig
403 321 38 19 och
456 321 100 25 anständig
569 321 110 25 utkomst,»
698 321 102 19 äfvensom

60 346 123 25 betalningen
198 347 130 30 repartiseras
336 347 24 20 de
375 347 103 20 betalande
488 347 89 20 emellan.
602 347 56 20 Efter
671 347 81 20 sålunda
762 348 38 19 för-

61 373 124 25 samlingsvis
195 373 135 26 försiggången
340 373 102 32 reglering,
454 374 65 20 kunde
528 373 25 26 på
562 374 142 31 framställning
713 374 21 19 af
742 375 59 18 Dom-

61 388 84 41 kapitlen
162 400 146 25 Statsanslaget,
330 400 36 19 der
380 391 68 29 sådant
468 400 11 19 fi
474 407 63 18 innes,
556 400 50 19 ifrån
623 401 66 19 rikare
705 401 96 19 doterade

61 426 27 20 till
102 426 76 19 mindre
194 427 39 19 och
247 416 87 36 fattigare
348 427 134 25 församlingar
496 413 121 44 öfverflyttas
632 427 26 19 till
673 426 63 26 någon
750 428 51 18 stör-

61 458 22 14 te
97 453 48 19 eller
159 453 76 20 mindre
247 453 38 20 del.

113 478 28 21 Då
155 485 27 13 nu
196 479 37 20 ock
247 479 6 19 i
267 484 60 15 mom.
344 479 24 20 413
383 485 24 14 en
421 479 60 20 sådan
498 479 144 20 förberedande
659 479 142 20 Socknestäm-

60 510 32 15 ma
106 506 22 18 är
142 506 114 25 föreslagen,
271 505 65 20 måste
351 506 30 19 väl
396 506 89 19 Komitén
499 505 45 26 följa
558 507 47 18 eller
621 506 45 19 icke
680 505 44 26 följa
738 506 62 19 Sock-

60 532 242 29 nestämmo-protokollet.
331 533 8 18 1
353 533 52 19 förra
422 532 51 20 fallet
487 535 21 17 är
525 533 37 20 den
580 532 79 20 alldeles
674 532 124 30 öfverflödig;

60 558 5 19 i
80 557 84 21 sednare
178 559 52 19 fallet
243 559 91 20 deremot
348 559 81 26 skadlig,
446 559 83 20 emedan
543 559 37 20 den
597 559 34 26 gör
647 559 111 25 otillbörligt
772 559 28 19 in-

60 584 56 26 trång
130 585 27 19 uti
171 585 149 26 församlingens
335 585 37 20 och
387 587 87 18 lärarens
488 585 92 21 inbördes
594 585 124 26 obestridliga
732 586 68 24 rättig-

60 611 57 20 heter
131 612 38 19 och
182 611 81 20 sålunda
281 612 105 19 förorättar
400 612 87 26 antingen
509 613 38 19 den
566 618 35 14 ena
618 613 48 19 eller
687 612 36 19 den
739 612 59 20 andra

60 640 75 23 parten.

113 664 35 25 Jag
161 664 74 25 nödgas
253 664 77 21 således
347 665 77 19 förorda
443 666 22 19 14
481 665 37 20 och
534 665 24 19 14
575 670 75 14 mom:s
667 665 129 19 uteslutande.

264 837 92 20 Finlands
366 836 91 20 Ständers
467 837 127 25 underdåniga
610 844 44 12 svar
668 837 12 19 å
690 837 55 19 Hans
756 837 42 25 Kej-

195 866 68 25 serliga
273 865 99 26 Majestäts
382 864 69 27 nådiga
460 866 114 25 proposition
583 865 98 26 angående
691 865 108 25 grunderna

190 895 35 25 för
238 894 90 25 reglering
342 894 24 25 af
374 894 148 26 presterskapets
541 894 81 25 aflöning
636 895 7 18 i
657 893 73 20 landets
744 900 54 13 evan-

194 922 162 25 gelisk-lutherska
369 923 137 25 församlingar.

83 965 139 20 (Sammansatta
236 965 45 23 Lag-
293 965 35 18 och
340 954 101 29 Ekonomie
453 965 101 18 Utskottets
568 965 113 18 betänkande
694 965 36 17 N:o
738 965 38 20 10.)

343 1005 21 20 S.
380 1006 23 19 A.
419 1006 22 19 K.
457 1011 18 14 0.
491 1006 21 19 S.

111 1059 8 19 I
133 1058 89 20 ändamäl
241 1061 27 16 att
284 1057 84 26 afhjelpa
386 1059 24 19 de
427 1059 123 25 olägenheter
566 1058 51 20 bäde
635 1059 28 18 för
680 1059 119 24 betalnings-

59 1085 89 26 skyldige
165 1085 38 19 och
224 1085 106 24 löntagare,
346 1090 44 14 som
406 1086 34 18 äro
457 1085 92 19 förenade
564 1085 46 20 med
631 1085 33 19 det
678 1084 41 20 frän
733 1085 66 25 längre

59 1111 27 20 tid
100 1111 78 20 tillbaka
195 1111 89 26 brukliga
298 1112 60 19 sättet
374 1111 30 19 för
417 1111 106 26 utgörande
539 1111 21 20 af
574 1111 162 31 presterskapets
752 1111 46 19 aflö-

59 1137 52 26 ning,
127 1137 36 20 har
177 1138 23 19 E.
216 1138 23 19 K.
255 1138 35 19 M:t
310 1137 28 20 uti
355 1143 25 14 en
394 1138 91 19 Finlands
501 1137 83 20 Ständer
600 1137 12 20 å
626 1138 63 19 denna
708 1137 90 26 landtdag

59 1164 86 26 förelagd
159 1164 121 29 proposition
294 1164 52 19 velat
360 1164 88 19 inhemta
462 1164 120 20 Ständernas
596 1164 90 26 yttrande
701 1164 97 31 huruvida

60 1190 43 20 icke
118 1196 23 14 en
156 1191 96 24 reglering
265 1197 6 12 i
285 1190 83 20 nämnda
382 1191 93 19 afseende
489 1191 62 19 borde
566 1191 125 25 genomföras
704 1189 25 26 pä
744 1191 54 18 vissa

60 1217 5 18 i
80 1217 146 26 propositionen
240 1219 98 24 upptagne
352 1217 93 25 grunder.

113 1243 27 20 Då
155 1243 108 20 Ständerna
277 1243 6 19 i
296 1243 38 26 dag
350 1243 84 20 förehaft
447 1243 53 20 Jetta
514 1243 78 25 ärende,
609 1244 58 19 hafva
682 1243 115 25 Ständerna,

60 1270 59 19 äfven
128 1270 30 19 för
169 1270 30 19 sin
208 1270 38 24 del,
259 1270 69 19 erkänt
340 1269 144 27 behöfligheten
498 1271 21 18 af
529 1275 24 14 en
567 1271 98 24 reglering
678 1270 6 19 i
694 1270 58 19 ofvan
766 1275 33 13 an-

60 1296 44 26 tydt
121 1297 57 25 syfte,
197 1301 52 20 men,
268 1297 5 18 i
290 1295 53 32 fråga
360 1301 33 14 om
407 1297 132 19 fastställande
556 1297 20 18 af
592 1296 112 25 grunderna
721 1296 78 20 derföre

60 1323 59 19 likväl
133 1323 43 18 icke
187 1325 39 16 sett
232 1323 37 30 sig
280 1323 6 18 i
296 1322 57 20 stånd
362 1325 29 18 att
400 1323 62 19 under
475 1323 38 19 den
522 1323 57 19 korta
593 1322 34 25 tid,
640 1328 45 13 som
693 1323 29 18 för
736 1322 64 19 landt-

60 1349 64 25 dagen
138 1354 82 14 numera
230 1348 90 26 återstår,
332 1349 64 19 kunna
410 1355 49 20 egna
473 1349 62 20 denna
544 1349 72 25 vigtiga
624 1339 59 35 "fråga
697 1349 38 19 den
745 1354 55 19 mog-

59 1381 25 14 na
98 1375 133 30 ompröfning,
239 1375 49 20 dess
301 1361 136 44 beskaffenhet
451 1375 94 30 påkallar,
556 1375 92 20 hvarföre
657 1375 37 20 och
708 1374 25 21 då
743 1375 56 19 Stän-

59 1401 61 20 derna
132 1401 74 25 jemväl
220 1401 89 20 önskade
322 1402 26 19 till
361 1401 78 26 frågans
453 1401 74 26 lösning
540 1391 109 30 medverka
661 1407 71 19 genom
746 1403 54 18 anta-

59 1427 63 26 gande
140 1428 22 19 af
181 1430 28 17 ett
228 1427 120 25 fullständigt
367 1428 114 24 lagförslag,
503 1428 25 19 de
547 1428 5 19 i
572 1427 156 25 underdånighet
748 1427 51 24 våga

732 1459 22 16 39
