998 1756
287 95 70 24 Nådiga
370 98 139 24 Propositionen
521 99 35 19 N:o
569 100 27 18 13.
782 101 33 19 327

275 150 72 17 rättare
362 150 5 17 i
382 149 46 25 skog
442 150 44 19 eller
498 151 108 25 galgbacke,
623 152 43 19 eller
680 153 51 24 eljest
746 153 68 26 afsides

277 177 6 17 i
298 175 43 20 eler
355 180 49 17 utom
420 178 111 26 kyrkogård.

335 204 46 21 10:0
411 205 132 27 Smädeskrifts
558 208 148 25 uppdrännande
719 211 24 24 af
748 210 66 26 skarp-

275 235 76 16 rättare.

333 260 41 20 11:0
406 261 86 26 Offentlig
507 263 62 24 afdön.

331 288 42 21 12:o
404 289 66 20 Arbete
485 292 7 18 i
507 291 86 25 halsjern.

330 315 45 21 13:0
405 317 142 28 Hudstrykning
562 321 23 24 af
597 319 57 21 bödel.

333 345 42 19 14:n
405 345 40 26 Spö
460 347 44 19 eller
517 349 32 18 ris.

330 372 44 20 15:0
405 373 101 28 Galulopp.

331 401 44 20 16:90
406 402 90 27 Mistning
511 405 23 24 af
543 404 117 27 förbrytares
675 406 40 19 lösa
730 407 34 19 och
772 408 38 23 fas-

274 433 25 19 ta,
316 429 43 20 eller
373 429 44 20 blott
432 431 40 19 lösa
485 433 53 24 gods.

331 459 42 26 28.
409 459 35 19 Till
458 460 101 25 landsflykt
573 461 42 19 med
630 462 44 19 eller
687 465 45 17 utan
741 463 71 25 förlust

273 487 24 24 af
308 487 146 25 medborgerliga
468 489 107 24 rättigheter
589 489 31 19 mä
636 490 15 24 ej
667 491 56 18 heller
736 492 7 17 i
754 493 58 17 annat

267 515 40 24 fall
321 515 71 22 dömas,
409 517 25 17 än
450 522 29 13 om
498 516 61 19 sådan
573 517 113 26 förbrytelse
705 518 59 19 skedd
782 521 28 21 är,

273 545 28 16 att
316 543 155 26 landsförvisning
484 545 56 24 enligt
549 544 26 19 28
585 545 13 26 &
608 545 36 20 den
654 545 93 27 brottslige
757 547 54 19 drad-

273 570 24 19 ba
315 570 37 19 bör.

337 599 10 18 3
358 599 54 18 —8.
428 599 28 24 $$.
486 599 33 24 (Af
531 601 101 19 enahanda
647 601 74 25 lydeise
740 602 44 19 med
799 604 12 18 4

273 635 25 4 —
307 625 12 19 9
334 625 21 24 $$
369 625 4 18 i
389 626 162 24 propositionen).

509 704 12 20 2
536 704 53 25 Kap.

299 757 50 19 Huru
360 757 105 19 dödsstraff
474 758 7 18 i
493 757 57 20 andra
562 758 59 20 straff
630 759 86 24 förbytas
730 760 55 19 skall.

331 800 36 25 985.
404 799 59 19 Förer
480 799 62 26 någon
560 801 55 25 afvog
632 801 54 19 sköld
702 804 38 17 mot
758 802 54 23 riket,

274 828 43 18 eller
329 829 36 23 gör
379 827 67 25 någon,
464 829 6 17 i
486 828 68 25 uppsåt
568 831 28 17 att
611 829 56 23 döda,
682 829 129 27 väldsgerning

274 858 47 16 emot
336 855 99 23 Kejsaren,
451 856 127 24 Kejsarinnan
593 857 44 19 eller
643 857 62 20 Deras
716 858 52 23 barn,
780 858 30 20 dö-

273 890 38 12 mes
327 883 26 19 till
368 882 91 27 tjuguätta
474 884 71 25 dagars
554 885 88 25 fängelse
656 886 32 18 vid
702 888 62 17 vatten
779 886 33 20 och

273 912 46 19 bröd
341 914 50 17 samt
410 912 133 26 tukihusstraf
557 912 26 26 pä
603 913 63 25 lifstid.
696 914 39 26 (M.
756 914 23 19 B.
799 914 13 18 4

273 941 44 24 kap.
334 940 9 18 1
360 940 12 25 $
388 940 17 20 1.
420 940 67 26 mom.)
522 945 14 9 *

331 970 23 19 10
369 970 17 25 &.
419 968 41 19 Har
474 968 68 26 någon,
558 970 7 17 i
579 968 69 26 uppsåt
662 972 28 17 att
700 970 56 24 döda,
770 970 42 19 med

273 996 64 20 berådt
352 997 43 19 mod
409 996 82 26 beröfvat
506 1004 63 12 annan
587 998 55 23 lifvet,
660 1005 45 12 vare
724 998 30 26 lag
771 1005 40 13 som

273 1025 62 24 i98
351 1026 55 24 sagdt
420 1028 27 16 är.
477 1024 40 26 (M.
532 1025 23 19 B.
572 1025 24 19 12
611 1026 43 25 kap.
669 1026 12 18 1
696 1026 13 26 8
724 1033 23 13 m.
760 1026 36 26 fl)

332 1052 33 20 Om
382 1053 114 19 barnamord
509 1056 50 17 samt
573 1060 30 13 om
622 1054 57 26 dräp'
691 1054 39 20 med
747 1054 65 20 berädt

273 1082 47 22 mod,
337 1088 38 12 som
391 1082 43 18 sker
447 1083 7 17 i
469 1083 58 25 envig,
543 1084 23 16 är
581 1082 87 20 särskildt
683 1082 94 26 stadgadt.

337 1110 46 23 118.
416 1109 139 26 (Likalydande
570 1110 44 20 med
631 1110 24 20 12
672 1110 11 24 $
700 1111 4 18 i
722 1111 90 25 proposi-

274 1136 79 24 tionen).

333 1165 23 19 12
371 1164 16 25 $.
421 1163 40 19 Har
476 1163 61 25 någon
547 1164 85 24 föröfvat
646 1163 62 20 sådan
726 1165 85 24 missger-

276 1193 41 17 ning.
342 1198 36 11 som
394 1192 6 18 i
414 1191 20 23 9,
451 1191 27 19 10
493 1192 42 18 eller
549 1190 24 20 11
589 1192 26 24 88
632 1195 82 19 nämnes,
730 1192 34 19 och
778 1195 33 17 äro

273 1220 181 24 omstindigheterna
472 1219 66 19 dervid
556 1219 113 23 mildrande,
690 1219 30 19 må
740 1220 72 25 straffet

274 1248 63 18 kunna
353 1248 25 19 till
394 1247 72 19 tukthus
476 1247 48 25 från
539 1248 33 18 och
587 1247 41 19 med
642 1249 25 17 tio
682 1248 26 18 till
723 1248 33 19 och
770 1248 42 19 med

275 1277 35 24 tolf
322 1275 22 20 år
359 1276 101 19 nedsättas.

334 1307 21 18 13
371 1306 16 24 $.
419 1303 85 24 Hvilken,
524 1310 39 13 som
582 1303 116 26 uppsåtligen
717 1303 42 20 med
778 1305 34 18 ord

275 1334 44 18 eller
333 1333 73 25 skrifter
421 1333 60 18 lastar
494 1333 34 19 och
543 1333 74 18 smäder
634 1333 48 22 Gud,
699 1332 54 19 Hans
768 1332 43 19 heli-

273 1367 25 18 ga
316 1360 39 20 Ord
369 1361 33 19 och
417 1360 136 23 sakramenten,
569 1360 69 23 dömes,
654 1367 30 12 om
698 1360 30 19 det
744 1361 16 24 ej
770 1360 43 19 sker

274 1389 86 17 obetänkt
375 1389 33 18 och
423 1389 23 23 af
461 1389 97 23 hastighet,
579 1389 25 17 till
623 1388 132 24 tukthusstraff
764 1387 47 26 från
