1000 1770
196 134 22 18 38

423 131 70 21 Nådiga
505 132 138 21 Propositionen
657 130 36 17 N:o
705 131 16 16 2.

401 184 28 16 att
446 180 146 26 ifrågavarande
609 180 70 26 nådiga
695 182 115 23 proposition
825 180 39 19 icke
878 180 61 20 kunde

397 209 119 25 foörändrad
534 211 87 23 antagas,
634 210 35 24 för
686 210 29 18 sin
734 208 29 20 del
780 209 71 19 besluta
866 216 22 12 en
896 210 42 25 för-

396 238 85 25 fattning
498 237 80 19 rörande
591 237 172 26 förmyndarevård
780 238 23 25 af
811 238 87 25 följande
912 238 26 25 ly-

401 265 59 19 delse:

410 318 8 4 <
460 293 59 23 Med
533 294 132 25 upphäfvande
680 294 23 25 af
715 294 11 18 1
741 294 34 19 och
789 294 12 18 2
817 294 26 26 88
859 294 26 19 23
895 294 43 26 kap.

403 322 22 20 Ä.
442 322 22 19 B.
481 322 33 19 och
528 321 79 25 ändring
622 322 23 25 af
656 322 25 19 22
697 322 42 25 kap.
755 322 14 18 3
785 322 12 26 &
812 322 34 20 och
859 322 26 19 23
895 322 43 26 kap.

401 351 14 18 5
429 350 13 25 8
458 356 72 13 samma
545 349 43 19 balk
603 352 48 17 samt
665 350 14 18 4
694 350 43 25 kap.
753 350 14 19 8
781 350 13 26 8
809 350 18 20 J.
846 350 20 19 B.
877 351 61 25 äfven-

401 379 39 19 som
462 378 42 19 med
524 378 62 24 tillägg
604 378 32 19 vid
654 379 69 25 öfrige,
743 386 25 12 nu
786 378 88 26 gällande
887 380 52 24 före-

399 407 75 25 skrifter
488 412 29 13 om
526 406 179 26 förmyndarevärd,
720 407 69 19 varder
802 406 88 26 stadgadi
900 413 38 13 som

395 435 64 25 följer.

646 509 16 27 $
677 510 17 19 1

459 558 120 19 Alternativt:

459 586 45 23 De
520 586 143 26 förteckningar
684 587 51 24 öfver
757 586 68 26 aflidne
845 593 94 19 personer,

400 614 147 26 presterskapet,
563 614 56 25 enligt
633 614 50 20 hvad
691 614 55 26 förut
758 614 83 26 pädudet
855 618 28 20 är,
900 621 42 19 eger

403 642 135 20 vederbörande
556 642 154 26 Häradshöfding
728 644 33 18 och
776 643 102 25 Magistrat
892 643 48 19 med-

403 672 48 22 dela,
467 671 34 19 och
515 671 68 22 hvilka,
599 670 33 19 der
646 670 23 20 de
684 671 68 25 aflidne
763 672 105 24 efterlemna
878 678 61 19 omyn-

401 700 45 24 diga
464 699 56 23 barn,
540 699 81 25 härefter
638 698 53 20 skola
706 699 93 20 innehålla
810 700 71 25 jemväl
894 706 45 19 upp-

400 728 35 25 gift
450 726 11 20 &
477 727 62 19 desses
553 734 57 12 namn
626 727 32 19 och
666 727 105 25 födelseår,
786 727 71 26 åligger
871 728 69 19 Rätten

400 757 67 24 genast
485 755 84 25 granska
589 755 34 19 och
639 755 42 19 med
699 756 100 25 anledning
817 756 57 20 deraf
888 756 52 22 tillse,

402 786 28 16 att
444 783 97 25 omyndige
555 783 34 19 och
603 783 55 19 deras
671 783 48 25 gods
734 784 16 24 ej
765 783 30 20 mä
810 784 61 19 sakna
885 784 55 25 nödig

401 811 58 24 värd;
477 811 81 19 börande
576 811 78 23 Rätten,
673 812 64 25 hvarje
753 812 50 26 gäng
815 812 125 26 förmyndare

401 842 56 20 utses,
473 840 87 25 derjemte
568 839 94 25 förordna
676 840 49 25 gode
739 843 50 20 män,
805 847 22 13 en
838 841 44 19 eller
884 841 55 25 flere,

401 868 46 19 helst
469 868 57 19 bland
545 868 35 18 den
599 868 107 25 omyndiges
719 869 93 24 fränder,
832 871 28 17 att
879 869 61 25 tillsyn

402 897 51 24 öfver
466 895 177 26 förmynderskapet
662 896 67 25 hafva,
748 895 27 26 pä
794 899 38 17 sätt
849 897 91 26 nedanför

403 925 76 24 säges.**

461 1000 42 19 eller
518 1000 43 19 ock:

458 1028 44 23 De
521 1027 141 26 förteckningar
683 1029 51 24 öfver
755 1029 69 24 aflidne
843 1035 95 19 personer,

400 1056 146 26 presterskapet,
563 1056 56 24 enligt
632 1056 50 19 hvad
690 1058 57 24 förut
758 1056 83 26 påbudet
855 1062 28 20 är,
899 1065 42 19 eger

401 1085 137 19 vederbörande
555 1084 155 27 Häradshöfding
727 1087 34 19 och
776 1086 102 26 Magistrat
891 1088 49 20 med-

403 1114 48 23 dela,
467 1113 33 19 och
515 1113 68 22 hvilka,
599 1113 33 19 der
646 1113 23 19 de
683 1114 69 25 aflidne
762 1115 105 25 efterlemna
878 1123 61 19 omyn-

401 1142 42 24 dige
461 1142 55 22 barn,
536 1141 83 26 härefter
635 1142 53 19 skola
706 1142 93 20 innehålla
809 1144 71 24 jemväl
895 1151 45 19 upp-

401 1170 35 26 gift
453 1169 11 20 &
483 1169 55 19 deras
553 1176 56 13 namn
625 1170 32 19 och
666 1170 104 25 födelseår,
786 1170 71 27 åligger
871 1172 69 20 Rätten

400 1200 67 24 genast
484 1198 85 24 granska
589 1198 32 19 och
638 1198 43 19 med
698 1199 99 25 anledning
815 1200 57 26 deraf
887 1201 51 23 tillse,

401 1229 28 17 att
444 1226 97 24 omyndige
555 1226 34 19 och
603 1226 55 19 deras
672 1227 47 24 gods
735 1228 16 24 ej
765 1227 31 19 må
811 1228 61 20 sakna
884 1229 56 25 nödig

402 1254 57 24 vård;
477 1253 82 20 börande
578 1254 67 19 Rätten
663 1254 40 23 ock,
718 1255 64 25 hvarje
794 1256 51 26 gång
853 1258 86 24 förmyn-

402 1283 46 19 dare
469 1284 60 21 utses,
549 1282 115 23 undersöka,
685 1289 30 13 om
734 1283 35 19 den
789 1285 97 25 omyndige
905 1285 36 19 har

397 1312 90 22 fränder,
506 1311 23 24 af
544 1310 61 18 hvilka
621 1310 61 25 tillsyn
697 1312 50 23 öfver
755 1312 183 25 förmynderskapet,

402 1344 40 12 som
461 1338 92 26 nedanför
569 1340 63 21 säges,
652 1337 38 19 kan
701 1338 112 24 förväntas,
833 1343 57 19 samt,
909 1340 33 19 der

403 1365 22 20 de
441 1366 15 25 ej
465 1367 67 25 finnas
547 1365 43 20 eller
603 1365 76 25 pröfvas
694 1365 40 19 icke
746 1373 47 14 vara
803 1367 86 26 skicklige
899 1368 43 19 eller

397 1395 62 25 fallne
477 1397 27 17 att
522 1395 61 20 sådan
601 1394 61 25 tillsyn
681 1394 116 27 handhafva,
817 1397 60 19 andra
894 1396 48 26 gode

403 1427 50 19 män,
462 1431 28 12 -en
506 1423 43 20 eller
557 1423 54 25 flere.
627 1423 60 19 dertill
695 1424 99 25 förordna.
