995 1736
194 129 33 19 362
410 126 71 22 Nådiga
492 126 140 23 Propositionen
645 126 36 16 N.o
695 125 26 17 14.

199 177 102 26 offentliga,
318 181 44 14 som
375 175 38 20 den
427 175 87 20 enskilda
528 175 137 26 kyrkoplikten
680 175 35 18 har
729 173 77 20 derföre
820 176 75 17 ansetts
905 179 33 14 va-

199 209 21 14 ra
240 202 91 26 olämplig
351 204 27 17 att
394 201 115 25 bibehållas,
528 201 38 19 och
582 201 33 19 det
633 202 21 18 är
671 201 110 24 föreslaget,
797 201 27 18 att
841 199 97 30 hvardera

199 230 64 19 skulle
277 227 118 27 upphäfvas,
411 233 45 14 men
470 230 29 17 att
512 228 56 19 likväl
583 226 97 25 åtskilliga
695 226 134 26 förbrytelser,
845 226 20 22 af
873 226 65 19 hvilka

199 256 25 19 de
240 255 57 20 flesta
314 261 25 13 nu
358 257 35 17 äro
411 253 82 26 belagda
508 253 46 20 med
571 253 85 25 offentlig
671 252 120 27 kyrkoplikt,
807 253 63 19 skulle
884 252 54 20 med-

199 283 42 19 föra
258 282 38 19 den
313 280 79 26 påföljd,
412 283 28 16 att
456 281 123 25 förbrytaren
598 279 61 20 borde
676 279 102 25 förvägras
795 281 28 17 att
840 279 79 19 komma
933 279 6 18 i

200 307 112 26 åtnjutande
329 308 21 18 af
365 307 38 19 den
421 306 60 26 heliga
500 306 122 24 nattvarden,
641 306 57 19 innan
716 306 38 18 han
771 305 20 19 af
805 305 28 19 sin
849 305 91 25 själasör-

199 334 49 26 jare,
267 334 50 20 efter
335 332 132 26 undergånget
484 332 85 20 enskildt
586 332 127 25 skriftermål,
733 332 64 20 blifvit
811 332 56 19 aflöst
882 331 58 25 enligt

201 361 33 19 det
251 360 99 24 formulär,
369 365 27 14 som
418 360 36 21 for
468 360 83 19 enskildt
566 358 118 20 skriftermäl
698 364 25 14 nu
739 358 66 25 gäller,
821 358 47 20 eller
881 358 60 19 fram-

201 387 54 21 deles
270 387 36 20 kan
321 386 60 20 varda
396 388 84 23 antaget,
496 389 48 16 utan
558 388 28 17 att
599 385 58 20 likväl
671 386 86 18 vittnens
766 386 84 18 närvaro
859 384 33 20 vid
902 385 39 19 för-

201 414 108 26 rättningen
323 412 51 26 finge
388 413 20 19 af
420 415 80 23 presten
514 412 83 20 fordras.
888 437 4 3 N

255 440 64 20 Äfven
335 438 135 26 Lagutskottet
484 444 59 14 anser
556 439 37 19 den
607 441 86 23 tvungna
707 438 106 25 botgöring,
830 443 43 14 som
888 443 53 14 inne-

201 467 58 19 fattas
276 466 5 19 i
298 466 149 26 kyrkoplikten,
466 471 47 13 vara
530 465 112 20 destomera
659 464 109 25 förkastlig,
785 469 43 15 som
843 464 37 20 Jen
895 470 46 20 syn-

202 493 150 23 dabekännelse,
374 492 80 20 hvilken
473 492 123 25 förbrytaren
613 491 71 20 dervid
701 491 94 25 aflägger,
815 491 4 19 i
837 490 57 20 flesta
910 491 30 20 fall

201 520 57 19 torde
273 525 47 13 vara
334 518 92 26 hycklad.
456 518 7 19 I
477 519 65 19 stället
555 519 29 19 för
598 520 28 17 att
640 524 35 20 ega
689 518 37 19 den
740 517 72 20 vackra
830 517 110 26 betydelse,

202 552 44 13 som
263 546 46 19 med
326 546 37 18 den
381 545 89 25 kyrkliga
487 544 138 26 förrättningen
641 544 91 27 äsyftats,
750 544 102 28 nedsättes
869 544 73 26 kyrko-

203 573 74 24 plikten
291 572 114 25 härigenom
420 571 25 19 till
461 576 24 14 en
499 574 41 16 tom
554 572 105 24 ceremoni,
676 570 80 19 hvilken
771 576 16 19 ej
803 571 80 19 allenast
897 570 46 20 sak-

203 605 34 13 nar
251 598 34 20 allt
298 598 86 26 religiöst
398 599 38 18 och
451 597 73 25 selligt
538 597 67 25 värde,
621 600 45 17 utan
682 598 58 19 äfven
754 597 79 20 innebär
847 599 28 17 ett
884 597 58 20 miss-

203 625 51 19 bruk
269 625 19 19 af
301 624 39 20 den
347 625 55 18 makt
412 627 28 16 att
447 623 59 20 aflösa
516 624 91 25 syndare,
623 629 43 14 som
681 624 5 19 i
696 624 37 19 den
743 623 73 20 kristna
825 623 78 27 kyrkan
914 624 30 19 til-

203 653 50 24 lagts
270 651 67 20 ordets
356 650 81 26 tjenare.
467 650 134 25 Lagutskottet
619 656 59 15 anser
694 650 28 26 sig
736 650 78 19 derföre
828 650 58 20 hafva
900 650 42 20 fullt

204 678 43 19 skäl
262 679 27 17 att
303 677 97 26 tillstyrka
414 677 148 25 kyrkopliktens
576 677 146 25 upphäfvande.

257 704 43 19 Men
315 703 42 24 just
373 703 83 20 emedan
475 703 134 25 Lagutskottet
624 709 58 14 anser
697 703 134 26 förbrytarens
844 703 98 26 försoning

204 730 46 19 med
265 729 44 20 Gud
323 730 37 19 och
375 729 75 26 kyrkan
464 730 47 19 böra
526 729 51 20 hvila
593 729 25 26 på
633 729 75 26 verklig
722 729 67 26 ånger,
805 729 79 20 hvilken
898 729 44 20 icke

203 757 39 18 kan
259 757 139 24 framtvingas,
418 758 46 17 utan
480 757 21 18 är
518 761 24 14 en
559 757 20 18 af
593 756 38 19 den
649 756 111 25 brottsliges
776 761 50 20 egen
841 756 35 19 fria
890 755 52 25 sjelf-

204 783 124 25 bestämning
340 782 100 19 beroende
455 783 39 18 och
507 782 5 18 i
528 782 47 19 hans
589 785 44 22 eget
647 782 41 19 inre
701 781 136 26 försiggående
850 782 40 25 akt,
904 782 38 19 kan

205 809 100 19 Utskottet
322 808 18 25 ej
354 809 63 19 heller
430 809 77 19 förorda
521 809 34 19 det
569 809 86 19 enskilda
665 807 118 21 skriftermål
798 809 46 19 med
858 809 84 19 efterföl-

203 834 60 26 jande
281 835 100 25 aflösning,
398 840 43 14 som
456 835 58 25 enligt
528 834 69 25 nådiga
611 835 147 26 propositionen
773 835 69 24 skulle,
858 835 7 18 i
878 836 65 19 stället

205 862 29 18 för
251 861 145 26 kyrkoplikten,
413 862 45 18 böra
474 861 43 24 följa
531 860 25 26 på
570 861 66 25 några,
652 862 5 18 i
672 861 156 25 propositionens
843 861 10 19 3
868 862 11 24 $
895 867 47 19 upp-

205 888 95 23 räknade,
319 888 135 25 förbrytelser.
485 888 28 25 Ty
530 886 60 20 också
607 888 33 19 det
657 888 99 25 äfventyr,
776 892 43 14 som
833 888 59 25 enligt
906 888 11 19 2
932 887 10 25 $

207 920 46 13 vore
271 914 122 25 förknippadt
411 914 45 19 med
474 915 73 24 vägran
564 916 27 17 att
608 914 117 19 underkasta
741 914 30 24 sig
785 914 53 19 detta
853 913 89 20 skrifter-

205 940 45 25 mål,
269 940 95 24 nemligen
379 943 28 16 att
421 940 37 20 den
474 940 88 20 sakfälde
575 940 65 19 blefve
654 940 103 26 utestängd
771 939 43 20 från
829 940 36 19 den
880 940 62 25 heliga

205 966 123 24 nattvarden,
344 966 64 20 skulle
422 966 89 19 innebära
526 968 28 17 ett
567 965 66 26 tvång,
649 967 60 18 hvars
723 966 103 26 betydelse
839 966 45 19 icke
895 972 48 14 vore

206 993 60 24 ringa,
282 991 77 26 sålänge
373 994 55 17 vissa
442 992 153 25 medborgerliga
610 992 101 19 förmånér
725 993 33 19 äro
773 992 98 20 beroende
885 993 20 18 af
918 998 24 13 en

205 1018 131 25 regelbunden
346 1017 150 26 nattvardsgång
510 1021 52 16 samt
575 1018 86 26 kyrkans
675 1018 50 19 bann
735 1018 37 20 kan
782 1018 98 20 användas
890 1020 53 18 emot

206 1044 45 25 den,
269 1050 43 13 som
329 1044 137 26 motvilleligen
483 1045 57 18 öfver
557 1047 40 16 natt
614 1046 37 18 och
668 1043 23 21 år
706 1044 83 20 afhåller
805 1044 30 25 sig
851 1044 42 20 från
910 1044 33 20 det

206 1070 63 26 heliga
286 1070 140 20 sakramentet.
457 1071 100 19 Utskottet
572 1070 62 20 håller
650 1070 56 20 alltså
723 1071 48 24 före,
783 1073 28 17 att
824 1070 44 20 icke
882 1072 61 18 heller

206 1097 34 19 det
253 1097 109 25 föreslagna
377 1096 79 26 tvånget
471 1098 25 19 till
512 1096 119 20 skriftermål
645 1098 38 18 och
697 1096 92 26 aflösning
804 1096 61 20 borde
876 1098 22 18 af
904 1098 38 18 den

206 1122 108 26 borgerliga
334 1124 54 24 lagen
408 1124 116 24 uppställas,
544 1126 45 16 utan
606 1126 28 16 att
651 1123 33 19 det
700 1124 82 19 fastmer
798 1123 62 20 borde
877 1123 11 20 å
905 1129 37 15 ena

206 1150 56 18 sidan
279 1150 134 19 öfverlemnas
430 1149 20 19 åt
466 1150 37 19 den
521 1149 88 20 sakfälde
623 1150 124 25 förbrytaren
761 1152 28 17 att
802 1150 20 19 af
835 1155 49 20 egen
897 1150 46 19 drift

207 1175 38 18 och
263 1175 33 19 sitt
310 1179 101 15 samvetes
425 1176 76 24 maning
516 1175 47 20 söka
577 1175 97 25 försoning
688 1176 45 19 med
747 1175 45 20 Gud
806 1175 38 20 och
857 1176 84 25 kyrkan,

207 1204 52 16 samt
276 1201 10 19 å
301 1202 59 19 andra
376 1201 55 20 sidan
446 1201 105 20 öfverlåtas
565 1201 20 19 åt
599 1201 137 26 själasörjaren
751 1205 27 16 att
792 1201 50 20 ifrån
856 1205 88 17 nattvar-

207 1227 48 20 dens
269 1227 101 25 begående
385 1227 65 20 afråda
465 1228 37 19 den
516 1228 116 25 förbrytare,
649 1233 43 14 som
706 1228 43 19 icke
763 1233 72 20 genom
842 1225 101 28 uppriktig

207 1253 62 24 ånger
282 1254 56 19 öfver
352 1253 34 20 sitt
399 1253 70 26 felsteg
483 1253 51 26 gjort
548 1254 29 25 sig
591 1254 68 25 värdig
673 1257 28 16 att
711 1254 20 19 åf
739 1254 117 19 nattvarden
864 1255 80 20 komma

207 1279 5 18 i
226 1278 113 25 åtnjutande

260 1305 43 19 Men
317 1304 25 25 pä
356 1304 34 20 det
404 1308 80 21 presten
498 1305 32 19 mä
544 1305 79 19 komma
625 1300 14 34 i
657 1306 70 19 tillfälle
742 1308 34 22 att,
788 1307 34 18 när
832 1311 24 14 en
866 1306 77 19 sakfäld

207 1330 111 26 förbrytare
332 1329 45 26 sjelf
389 1331 72 20 önskar
475 1332 59 19 blifva
548 1331 84 26 delaktig
646 1331 20 20 af
678 1331 34 20 det
725 1332 62 25 heliga
801 1331 139 26 sakramentet,

207 1357 84 28 förvissa
306 1357 29 26 sig
349 1362 39 19 om,
404 1357 98 21 huruvida
516 1359 38 18 han
568 1358 54 19 visar
631 1357 61 26 ånger
702 1359 55 18 öfver
767 1358 33 19 sitt
809 1359 75 24 felsteg,
896 1359 47 19 eller

208 1389 27 19 ej,
255 1386 51 17 samt
323 1386 27 17 att
367 1383 6 20 i
390 1383 82 21 sednare
490 1384 106 21 händelsen
613 1384 106 21 undervisa
736 1385 73 20 honom
824 1385 38 20 och
876 1384 67 21 afråda

207 1410 71 20 honom
292 1409 42 20 från
348 1410 127 21 nattvardens
488 1410 109 27 begående,
613 1417 58 14 anser
683 1411 101 20 Utskottet
793 1411 33 20 det
835 1412 47 19 böra
891 1412 52 20 stad-
