970 1784
282 130 72 24 Nådiga
366 131 140 23 Propositionen
519 131 35 18 N:o
567 131 28 17 24.
776 130 33 18 595

67 180 28 20 tid
109 181 123 24 regleringen
242 181 37 19 kan
291 181 57 19 vinna
362 180 124 26 tillämpning,
498 180 129 20 bestämmer.
654 180 70 19 Finnes
738 186 24 13 en
777 185 31 14 re-

67 206 73 26 glering
153 206 72 25 jemväl
241 208 20 18 af
276 208 146 23 pastoraternas
434 206 78 26 omfång
526 212 47 14 vara
585 206 21 19 af
618 206 189 26 omständigheterna

66 232 90 26 påkallad
171 233 38 19 och
224 233 28 19 för
266 232 119 20 ändamåiets
395 233 96 19 vinnande
506 232 117 25 nödvändig,
635 232 32 20 må
681 232 72 25 förslag
763 232 45 20 der-

66 264 33 14 om
113 259 5 18 i
133 260 140 24 sammanhang
286 259 45 19 med
345 258 163 26 aflöningsfrågan
523 261 107 23 uppgöras.

119 286 55 19 43:0.
202 285 58 19 Innan
275 285 94 25 reglering
386 285 6 19 i
407 288 28 16 ett
451 288 89 22 pastorat
560 285 97 25 företages
674 285 35 19 bör
723 285 84 19 sockne-

67 312 84 19 stämma
161 312 111 23 derstädes,
283 311 24 25 pä
315 312 142 24 Domkapitlets
467 311 156 25 föranstaltande,
633 312 22 18 af
662 310 72 26 ojäfvig
743 314 64 22 prest-

64 342 46 15 man
125 337 62 21 hållas
202 341 52 17 samt
267 338 69 19 dervid
350 338 103 25 tillförlitlig
468 338 74 25 uppgift
555 343 33 13 om
600 338 38 19 den
652 337 51 19 inom
718 340 89 22 pastora-

65 367 28 17 tet
107 364 97 26 utgående
218 364 171 26 prestaflöningen,
405 364 89 20 behållna
509 363 135 27 afkastningen
659 363 41 20 från
715 364 91 25 prestbo-

65 392 31 19 len
110 391 41 20 deri
166 391 127 24 inberäknad,
310 391 105 25 anskaffas,
430 390 104 20 äfvensom
548 393 120 23 pastoratets
677 391 130 19 medlemmar

64 418 78 20 lemnas
157 418 69 20 tillfälle
242 420 28 17 att
283 417 70 20 föreslå
370 417 199 25 aflöningsbeloppets
586 417 108 26 fördelning
710 417 25 25 på
750 416 54 21 såväl

63 444 154 25 löntagare:som
231 444 115 24 löngifvare.
375 444 119 19 Protokollet
503 444 55 23 öfver
573 443 59 20 sådan
643 444 84 18 stämma
741 443 65 20 insän-

64 470 37 20 des
115 469 139 27 ofördröjligen
272 471 20 18 af
304 470 47 20 dess
366 470 117 19 ordförande
500 470 26 19 till
541 469 209 26 Regleringskomitén,
768 470 37 19 och

64 496 25 21 de
107 496 45 20 med
170 496 171 20 stämmobeslutet
358 496 107 25 missnöjde
486 496 79 19 anvisas
582 498 28 17 att
630 496 92 20 deröfver
740 497 64 18 anföra

63 523 74 20 besvär
151 522 37 20 hos
198 523 136 20 Guvernören.
363 523 81 20 Anföras
458 523 72 19 besvär
540 523 36 19 och
591 521 23 26 gå
627 523 102 18 desamma
744 522 60 26 derpå

63 552 22 17 ut
99 552 29 17 att
141 548 34 20 det
192 549 139 26 öfverklagade
347 549 87 20 beslutet
452 549 44 20 icke
509 551 5 17 i
529 550 43 23 laga
589 548 81 26 ordning
687 549 115 24 tillkommit,

63 576 49 19 skall
123 576 129 19 Guvernören
266 579 70 22 genast
345 575 69 20 derom
427 575 113 20 underrätta
551 575 97 24 Komitén,
659 575 79 20 hvilken
753 576 49 24 icke,

63 602 58 20 innan
135 601 137 21 såbeskaffade
285 603 73 19 besvär
371 604 34 18 äro
420 603 90 24 slutligen
524 602 101 25 pröfvade,
637 601 32 20 må
684 603 30 18 sin
728 602 78 19 förrätt-

63 629 46 25 ning
123 629 52 19 inom
190 631 109 23 pastoratet
314 629 83 25 vidtaga.
426 629 81 24 Besvär,
523 628 67 20 hvilka
604 628 42 19 afse
660 629 93 24 beloppet
766 629 37 19 och

63 655 134 24 fördelningen
211 655 21 19 af
244 655 25 19 de
282 655 110 25 föreslagna
405 655 109 25 afgifterna,
526 655 55 20 skola
596 655 90 19 deremot
700 655 20 19 af
728 655 78 20 Guver-

63 682 61 19 nören
138 683 68 23 genast
220 680 132 21 öfverlemnas
373 682 27 19 till
416 681 98 24 Komiten,
533 681 30 19 för
576 683 28 17 att
625 683 54 23 tagas
693 681 4 19 i
712 681 93 20 ölvervä-

63 707 64 26 gande
140 708 36 19 vid
186 707 137 25 uppgörandet
336 708 20 19 af
369 707 47 20 dess
430 707 71 25 förslag
516 707 26 20 till
557 707 95 26 reglering
669 710 53 17 samt
736 708 68 19 seder-

62 739 55 15 mera
132 733 5 20 i
151 734 141 25 sammanhang
309 734 82 19 dermed
405 733 67 20 vidare
490 733 120 20 skärskädas
625 734 36 19 och
679 734 122 19 bedömmas.

116 761 53 18 14:0.
198 759 43 20 Med
255 760 78 24 ledning
343 761 21 18 af
377 760 33 19 det
420 760 31 19 vid
462 760 160 19 socknestämma
637 760 115 25 upprättade
765 761 38 18 för-

61 787 42 24 slag
117 787 39 18 och
170 785 50 20 efter
236 786 145 25 öfvervägande
397 786 20 19 af
433 786 24 19 de
475 785 136 25 förhållanden,
631 791 45 14 som
691 786 30 19 vid
739 787 66 18 löner-

59 817 37 15 nas
113 812 149 20 bestämmande
282 813 37 18 och
337 812 111 25 fördelning,
472 812 57 25 enligt
546 811 141 20 ofvanstäende
708 812 94 19 allmänna

60 838 93 26 grunder,
169 839 47 18 böra
238 841 53 22 tagas
309 838 4 19 i
329 838 112 25 beräkning,
459 839 75 24 uppgör
551 838 99 22 Komiten,
669 838 61 19 hvars
751 844 52 13 sam-

61 865 115 19 manträden
191 865 47 19 böra
253 864 60 19 hållas
328 865 53 18 inom
402 867 115 22 pastoratet,
538 865 33 18 sitt
585 865 79 24 förslag,
683 865 75 19 hvilket
775 865 28 19 öf-

61 891 111 20 verlemnas
190 891 25 19 till
231 891 136 25 Guvernören,
387 897 42 14 som
444 891 91 20 deröfver
552 891 97 19 infordrar
666 891 104 26 yttranden
784 891 20 19 af

60 918 140 25 församlingen
214 919 38 18 och
269 918 122 24 löntagarene
406 921 56 22 samt,
478 918 4 19 i
498 918 92 20 händelse
607 917 62 26 nägon
687 918 116 24 presttjenst

60 944 53 20 inom
129 946 109 24 pastoratet
257 946 21 18 är
295 944 56 26 ledig,
368 944 57 20 äfven
447 945 20 19 af
482 944 197 25 Kontraktsprosten;
702 944 101 20 hvarefter

61 971 131 19 Guvernören
206 971 101 19 meddelar
321 971 131 24 Domkapitlet
466 971 25 19 de
506 972 4 18 i
526 971 61 19 saken
602 970 98 20 tillkomna
715 970 87 20 handlin-

60 1003 36 20 gar
110 998 38 19 och
162 997 90 25 slutligen
266 997 90 19 insänder
370 997 52 25 dem,
434 996 60 26 jemte
504 997 143 25 Domkapitlets
662 996 37 20 och
714 997 34 19 sitt
758 1000 45 21 eget

60 1023 101 21 utlåtande
182 1024 5 18 i
204 1024 88 22 ärendet,
315 1024 25 19 till
358 1024 62 19 Hans
437 1023 133 25 Kejserliga
586 1023 122 24 Majestäts
728 1022 74 26 Nädiga

60 1050 90 26 pröfning
164 1050 39 19 och
217 1050 111 25 afgörande.

115 1077 52 19 15:0.
197 1076 84 20 Sälunda
295 1076 123 20 tillkommen
430 1077 39 18 och
483 1076 94 20 fastställd
592 1076 97 26 reglering
702 1075 39 25 mä,
753 1076 50 19 efter

61 1102 63 21 lokala
140 1103 171 25 omständigheter,
331 1103 121 20 bestämmas
474 1106 28 16 att
518 1103 47 25 gälla
580 1103 59 19 minst
656 1102 95 25 tjugufem
765 1102 37 19 och

60 1129 58 26 högst
131 1128 67 20 femtio
213 1129 29 25 år,
261 1129 87 19 räknade
362 1128 42 21 från
421 1129 38 19 den
469 1129 37 26 dag
520 1128 24 20 då
562 1128 144 28 tillämpningen
722 1128 21 20 af
755 1128 44 20 den-

61 1160 76 15 samma
151 1156 94 19 inträder.

272 1208 63 26 Enligt
352 1209 62 19 Hans
430 1208 133 25 Kejserliga
583 1207 123 26 Majestäts
727 1206 73 27 Nådiga

200 1235 112 25 befallning,
331 1235 66 25 gifven
413 1235 5 19 i
436 1235 31 19 S:t
484 1234 121 26 Petersburg
622 1234 37 20 den
675 1235 22 19 21
714 1234 51 20 Mars
780 1234 20 25 (2

200 1261 62 25 April)
277 1262 58 19 1863.

323 1323 74 17 Alex.
409 1322 125 18 Armfelt.

524 1378 21 20 A.
558 1379 27 18 W.
598 1378 132 19 Wallensköld.
