1014 1814
278 119 71 24 Nådiga
360 121 140 24 Propositionen
513 121 36 18 N:o
562 122 27 17 18.
772 122 31 19 501

261 171 113 26 Jörordning
389 173 23 25 af
422 171 100 20 Underrätt
536 172 64 19 dömes
614 175 27 16 att
650 173 56 18 mista
721 172 84 25 tjensten,

267 200 44 19 eller
320 203 28 17 att
356 199 84 26 undergå
456 200 132 25 tukthusstraff
594 202 8 17 i
612 200 30 19 två
656 199 23 20 år
689 200 43 19 eller
741 201 64 25 längre

266 228 34 23 tid,
315 229 44 19 eller
366 228 100 26 förklaras
477 228 76 25 ovärdig
563 228 140 25 medborgerligt
711 229 94 24 förtroen-

267 255 34 24 de,
320 257 58 18 varde
395 255 57 20 målet
469 256 116 19 understäldt
603 256 85 25 Hofrätts
707 257 98 25 pröfning,

268 283 62 20 såsom
344 285 8 18 i
366 285 32 24 lag
411 289 31 14 om
456 284 129 25 hemställning
598 284 56 25 sagdt
668 286 28 16 är.

325 311 24 20 21
363 311 23 26 f.
415 311 68 20 Denna
494 311 113 28 förordning
622 311 53 20 träde
690 313 8 17 i
711 311 94 20 verksam-

268 339 30 20 het
310 340 35 19 den
360 355 4 4 .
383 355 2 4 .
404 354 2 5 .
428 339 40 20 186
483 355 4 3 .
506 355 2 4 .
534 339 152 26 Årekränkning,
701 346 39 13 som
755 339 49 20 dess-

261 369 93 24 Jörinnan
366 369 105 25 föröfvats,
489 374 42 13 men
542 368 36 25 för
594 367 67 20 hvilket
679 368 59 25 siraf
749 367 25 20 då
789 368 16 25 ej

266 399 24 17 är
304 396 92 20 bestämdt
411 403 67 20 genom
492 396 73 25 utslag,
584 403 39 13 som
637 397 65 18 vunnit
718 396 44 19 eller
774 395 32 25 får

266 427 58 18 vinna
338 425 45 26 laga
397 424 57 27 kraft,
468 424 32 19 må
515 424 34 20 ock
563 425 46 26 efter
622 425 62 19 denna
693 424 112 26 förordning

267 453 79 26 siraffas
361 460 30 13 om
405 453 31 20 det
450 459 76 17 ansvar,
542 459 40 14 som
597 453 54 26 enligt
665 452 36 20 den
715 453 34 19 bör
755 453 52 25 följa

267 481 13 20 &
295 481 72 24 brottet,
382 485 24 16 är
415 481 101 26 lindrigare
526 483 25 18 än
561 481 37 24 det,
608 488 40 13 som
661 481 64 26 derför
738 482 7 18 i
755 481 52 19 äldre

266 511 31 25 lag
313 511 44 18 eller
364 511 114 25 författning
492 510 50 19 varit
556 509 94 26 stadgadt.

343 606 76 20 Finland
432 606 74 19 ständer
514 605 110 22 framhärda
635 606 34 19 etc.

118 701 128 26 Helsingfors,
261 701 38 20 den
313 702 13 20 9
340 701 54 26 April
409 701 58 20 1864.
