1003 1745
184 132 39 31 204
399 135 70 22 Nädiga
481 135 139 23 Propositionen
632 135 36 16 N:o
680 134 28 17 11.

187 188 28 17 att
227 185 56 20 träda
296 192 25 13 ur
335 185 55 24 bolag
404 185 5 18 i
423 185 49 18 intet
485 185 30 20 fall
530 190 47 14 vara
592 183 23 26 pä
630 184 46 19 dem
689 183 117 26 tillämpliga.
817 183 66 20 Jemte
892 185 34 19 Jet

186 214 42 28 tyst
244 212 122 29 bolagsman,
386 211 24 25 pä
428 212 38 19 sätt
483 211 100 20 Utskottet
599 210 108 25 föreslagit,
726 211 35 19 bör
778 210 65 19 kunna
862 211 64 19 under

187 239 53 19 vissa
254 238 6 19 i
277 238 178 25 bolagskontraktet
471 240 91 18 närmare
578 225 104 32 bestämda
697 227 64 29 vilkor
777 236 24 26 på
818 241 63 15 annan
898 237 28 19 öf-

188 264 75 21 verlåta
277 265 30 20 sin
321 267 39 18 rätt
374 265 4 18 i
392 265 83 25 bolaget,
492 271 59 14 anser
563 263 32 26 jag
608 264 39 20 och
663 262 51 21 både
731 264 73 19 honom
821 263 37 20 och
876 263 50 20 hans

188 291 99 25 arfvingar
300 297 48 14 vara
362 281 121 35 berättigade
497 295 38 21 att,
551 294 47 17 utan
612 290 54 27 dylik
680 290 134 25 öfverlåtelse,
833 290 56 20 träda
903 296 25 14 ur

188 319 78 24 bolaget
280 321 29 17 tre
322 317 94 21 månader
430 319 49 19 efter
493 307 135 36 försiggången
646 318 128 25 uppsägning,
793 316 6 19 i
810 306 36 31 all
863 316 64 26 nägon

188 350 64 15 annan
266 345 28 19 tid
307 345 30 19 för
351 345 179 24 bolagsföreningen
544 344 45 20 icke
602 344 64 20 blifvit
680 349 71 20 genom
768 333 44 30 aftal
827 343 99 20 bestämd.

188 372 8 19 I
210 372 207 19 öfverensstämmelse
430 371 44 20 med
489 372 64 19 denna
566 371 40 20 min
620 371 51 25 äsigt
685 370 80 20 komme
779 369 36 20 den
830 371 12 18 7
855 365 22 36 $i
874 370 54 20 för-

188 398 63 26 slaget
265 400 28 18 att
307 397 72 21 erhålla
394 397 60 20 sådan
469 398 84 30 lydelse:

242 424 49 20 «Vill
306 427 42 23 tyst
361 425 114 24 bolagsman
490 424 56 25 skilja
561 424 29 23 sig
603 424 43 19 från
663 424 78 25 bolaget
758 425 38 18 och
812 424 22 18 är
851 423 18 25 ej
886 423 44 20 viss

188 450 28 20 tid
229 450 30 19 för
273 450 110 20 detsamma
399 453 65 22 utsatt,
481 451 86 25 kungöre
581 449 39 20 han
636 450 33 20 det
687 439 32 30 de
729 451 60 24 öfrige
806 450 124 25 bolagsmän-

188 481 37 15 nen
240 477 38 18 och
292 482 36 19 ege
342 478 38 18 rätt
393 479 27 17 att
435 467 30 29 tre
478 470 95 27 månader
586 477 86 19 derefter
685 477 56 19 träda
754 482 25 14 ur
791 476 83 26 bolaget.
890 476 40 19 Dör

188 505 41 24 tyst
246 491 116 37 bolagsman
383 504 57 19 innan
457 503 96 26 bolagstid
569 505 22 18 är
607 506 45 22 ute,
671 502 70 21 stånde
758 503 49 20 hans
824 495 50 27 enka
891 503 38 18 och

188 529 101 25 arfvingar
302 529 41 20 fritt
357 531 28 18 att
398 531 87 24 uppsäga
499 519 39 30 och
551 529 59 26 bryta
623 519 75 42 bolaget
705 547 4 8 ,
728 529 22 20 så
767 530 59 19 framt
842 528 18 25 ej
874 528 6 19 i
895 529 35 19 bo-

188 555 155 26 lagskontraktet
356 557 22 18 är
392 555 79 20 aftaladt
485 559 28 17 att
526 556 78 25 bolaget
618 555 50 21 ändå
683 547 49 29 skall
747 555 103 21 fortfara.»

394 751 91 20 Finlands
508 751 91 20 Ständers
622 751 129 25 underdäniga
773 757 44 13 svar
840 751 12 19 &
877 751 55 21 Hans

326 778 105 27 Kejserliga
441 779 100 26 Majestäts
551 779 77 24 Nädiga
639 780 122 24 proposition,
776 778 96 25 angående
887 786 44 13 ana-

325 813 58 20 nyma
398 807 43 20 eller
454 808 113 25 aktie-bolag
581 808 34 19 och
630 809 50 24 tysta
695 807 43 19 eller
748 807 182 26 kommandit-bolag.

383 846 143 22 (Lagutskottets
539 846 113 19 betänkande
666 846 35 18 N:o
713 847 27 19 9.)

472 893 55 20 S.A.
543 893 24 20 K.
583 899 18 13 0.
617 893 29 19 S!

244 949 32 19 Uti
294 954 24 14 en
335 949 90 20 Finlands
441 949 82 20 ständer
537 949 10 20 å
561 949 62 19 denna
637 949 90 29 landtdag
742 947 85 31 förelagd
842 949 90 24 proposi-

192 976 44 23 tion,
253 976 36 18 har
303 975 21 19 E.
340 975 23 20 K.
379 977 42 23 M:t,
437 976 29 19 för
481 978 28 17 att
522 975 84 30 afhjelpa
616 981 24 14 en
649 974 74 21 kähbar
733 975 63 20 brist
789 970 10 39 i
806 974 77 20 landets
893 975 39 25 lag-

191 991 95 36 stiftning,
303 1001 27 20 till
346 992 114 30 ständernes
470 1002 122 25 antagande
585 997 9 34 i
603 1001 61 20 nåder
673 1001 99 26 föreslagit
782 1000 84 34 följande
874 997 62 34 tvän-

194 1033 25 14 ne
233 1027 142 25 förordningar:

387 1065 29 21 (Se
429 1065 70 22 Nädiga
512 1065 138 23 Propositionen
663 1047 34 36 N:o
711 1067 26 18 D

243 1105 56 18 Efter
320 1104 87 19 förehafd
429 1104 118 25 granskning
563 1104 21 20 af
599 1104 62 19 denna
678 1103 71 24 nådiga
766 1103 130 26 proposition,
912 1103 20 20 få

192 1131 105 19 ständerne
312 1131 105 18 instemma
431 1131 5 18 i
450 1131 53 19 hvad
518 1131 27 19 uti
559 1131 109 18 motiverna
682 1129 26 21 till
723 1130 114 19 densamma
852 1130 78 19 anföres:

192 1157 121 20 beträffande
319 1152 6 39 '
330 1157 142 24 behöfligheten
490 1158 20 18 af
523 1157 95 20 särskilda
630 1156 154 31 lagstadganden
797 1156 84 20 rörande
896 1156 34 19 bo-

192 1183 29 25 lag
236 1183 21 19 af
269 1172 147 35 ifrågavarande
433 1186 36 21 art,
485 1183 11 19 å
511 1183 66 20 hvilka
591 1183 24 19 de
630 1183 5 18 i
649 1183 95 20 allmänna
759 1183 55 25 lagen
828 1183 104 20 äfvensom

192 1202 96 33 åtskilliga
303 1198 131 36 författningar
448 1199 161 31 förekommande
621 1210 152 20 bestämmelser
782 1215 32 13 om
823 1210 65 30 öppna
897 1209 35 19 bo-

191 1235 30 26 lag
236 1225 44 30 icke
295 1238 33 17 äro
343 1229 116 32 tillämpliga.
484 1236 107 20 Ständerne
604 1236 58 19 hafva
672 1236 65 25 äfven,
748 1235 52 20 hvad
810 1235 59 25 angår
879 1235 54 20 stad-

192 1254 97 32 ganderna
303 1262 6 19 i
323 1262 24 19 de
361 1261 34 20 två
409 1262 140 25 författningar,
565 1262 76 19 hvartill
656 1253 81 33 förslag"
743 1262 6 19 i
761 1262 35 19 den
806 1247 70 44 nådiga
885 1267 46 20 pro-

193 1288 109 23 positionen
319 1289 126 29 framställas,
464 1289 62 18 funnit
543 1289 45 18 dem
604 1288 134 19 öfverhufvud
752 1294 48 13 vara
815 1288 116 24 fullkomligt

192 1312 164 26 ändamålsenliga
369 1314 39 18 och
421 1313 69 19 såsom
507 1313 73 20 sådana
593 1312 73 25 jemväl
681 1313 20 19 af
713 1313 60 19 andra
787 1313 78 19 länders
880 1313 51 19 erfa-

192 1338 69 20 renhet
275 1324 122 44 bekräftade.
417 1340 33 19 Till
464 1339 59 26 några
538 1339 76 20 mindre
624 1339 148 25 anmärkningar
781 1344 49 14 anse
838 1339 29 25 sig
877 1340 55 18 stän-

193 1364 60 20 derne
268 1365 52 20 dock
333 1371 36 19 ega
380 1365 104 25 anledning
490 1359 42 26 och
540 1364 80 25 utbedja
630 1366 28 25 sig
668 1367 28 18 att
705 1365 18 20 få
736 1354 60 37 sagde
801 1349 130 44 anmärknin-

193 1396 34 20 gar
242 1391 35 20 här
290 1376 111 45 nedanföre,
417 1392 94 21 särskildt
526 1393 29 19 för
570 1392 97 21 hvardera
681 1392 144 26 författningen,
840 1391 5 20 i
859 1391 73 21 under-

191 1417 92 27 dånighet
297 1404 112 45 framställa;
