1011 1809
273 121 70 22 Nådiga
356 121 138 23 Propositionen
508 122 35 17 N:o
555 122 17 17 3.
780 121 20 19 73

58 166 103 54 nösloliga
176 170 88 25 ständer,
280 170 70 20 blifver
369 171 12 19 2
402 172 12 24 &
434 172 4 18 i
461 171 112 20 Utskottets
592 172 124 19 betänkande
736 172 65 20 öfver-

98 201 27 22 18.
192 222 4 4 i

98 224 79 28 Äfven
191 228 5 14 i
211 223 60 26 öfriga
285 222 61 26 delar,
362 226 55 17 utom
433 224 52 20 hvad
499 224 92 20 beträffar
613 226 4 18 2
634 230 60 14 mom.
711 226 20 18 af
749 225 11 19 2
781 225 17 25 $,

59 249 43 29 deri
115 255 34 20 jag
163 249 54 29 delar
231 250 53 19 Herr
297 250 94 19 'Aminoffs
406 250 167 20 reservationsvis
587 251 86 19 uttalade
692 250 57 27 äsigt,
771 251 30 19 får

59 275 26 29 till
100 275 103 26 höglofliga
217 276 116 20 ständernas
347 277 109 25 antagande
468 276 32 26 jag
513 277 102 19 vördsamt
630 278 76 18 förorda
716 277 38 20 den
767 277 35 19 nä-

58 300 43 27 diga
116 302 167 25 propositionen.»
710 320 3 2 N

262 469 92 21 Finlands
368 461 4 40 =
379 471 87 19 ständers
490 470 129 26 underdäniga
644 478 44 12 svar
712 470 12 20 &
746 465 54 29 Hans

194 498 105 26 Kejserliga
314 498 100 26 Majestäts
429 498 70 27 nädiga
511 500 116 25 proposition
641 505 29 13 om
674 498 125 27 förebyggan-

192 526 23 20 de
233 528 23 25 af
271 526 100 27 olämpliga
388 527 92 25 förbehäll
498 528 31 19 vid
541 527 138 26 fastighetsköp
699 528 33 19 och
747 528 52 25 jord-

192 555 121 26 egendomars
328 556 113 25 öfverdrifna
456 555 114 27 betungande
584 556 43 18 med
640 557 80 24 sytning.

246 594 145 24 (Lagutskottets
403 594 114 18 betänkande
531 595 34 17 N:o
577 595 28 20 8.)

57 639 200 25 Stormäktigste,
280 638 174 27 Allernädigste
475 638 97 26 Kejsare
591 640 45 23 och
654 639 143 20 Storfurste!

111 692 36 19 För
161 694 28 17 att
203 692 4 18 i
223 691 110 29 möjligaste
345 691 62 20 måtto
421 693 106 25 förebygga
541 692 102 26 olämpliga
657 691 93 22 förbehåll
767 692 32 20 vid

57 718 143 26 fastighetsköp
220 719 38 19 och
277 718 177 26 jordegendomars
474 718 119 21 öfverdrifna
613 718 124 26 -betungande
753 719 45 20 med

57 745 78 26 sytning
150 746 39 18 och
203 746 60 19 andra
277 746 80 24 besvär,
372 745 37 19 har
422 746 22 18 E.
460 746 24 19 K.
499 746 36 20 M:t
548 746 6 19 i
568 752 25 13 en
608 745 89 20 Finlands
710 745 87 25 ständer,

57 771 11 20 å
82 771 64 21 denna
163 772 98 26 landtdag,
280 772 85 25 förelagd
382 772 121 25 proposition
518 772 25 20 till
561 772 116 20 ständernes
691 771 108 26 antagande

57 798 100 26 föreslagit
170 798 84 25 följande
268 798 128 26 stadganden:

270 830 76 23 (Nådiga
359 831 140 23 Propositionen
511 831 35 18 N:o
559 832 26 18 3.)

111 861 37 20 Vid
162 861 142 25 granskningen
319 861 19 19 af
351 860 54 20 detta
419 861 72 25 förslag
507 861 58 19 hafva
583 860 104 20 ständerne
709 861 29 19 väl
756 861 43 19 fun-

57 888 34 25 nit,
107 890 29 17 att
148 887 184 26 jordlägenheterna
345 887 5 19 i
366 886 45 20 vårt
424 887 44 20 land
482 886 24 27 på
521 885 48 22 flere
583 889 54 17 orter
649 888 35 18 äro
697 886 45 20 med
758 890 42 24 syt-

57 915 46 25 ning
118 915 56 19 öfver
187 914 72 19 höfvan
273 914 117 25 betungade,
408 914 76 19 hvilket
500 914 44 20 icke
557 914 38 19 kan
610 916 58 17 annat
681 915 24 17 än
720 914 77 25 menligt

57 941 81 19 inverka
152 940 25 26 på
190 940 167 26 jordbrukarenes
371 940 94 20 välstånd
480 941 38 19 och
525 939 117 27 följaktligen
649 940 59 19 äfven
716 940 24 26 på
746 940 54 25 jord-

57 968 84 20 brukets
154 967 124 25 utveckling;
294 969 29 17 att
336 966 38 20 den
390 967 126 19 oinskränkta
530 967 119 25 rättigheten
663 966 25 20 till
704 966 95 26 ingående

57 994 21 19 af
90 994 136 26 sytningsaftal
244 993 93 20 stundom
353 993 67 25 lägger
434 991 78 28 hyende
525 992 63 20 under
602 992 67 26 lättjan
684 993 38 19 och
736 992 62 20 blifvit

57 1020 133 25 missbrukad;
207 1022 51 17 samt
272 1022 29 17 att
315 1019 73 20 sådana
403 1020 44 19 aftal
462 1020 44 19 icke
520 1020 60 19 sällan
593 1019 52 25 gifva
659 1019 103 26 anledning
772 1019 26 20 till

56 1047 94 20 bitterhet
167 1047 39 19 och
222 1046 49 20 tvist
284 1046 81 20 emellan
379 1046 114 26 närskylde,
508 1045 115 27 någongång
636 1046 26 19 till
677 1046 59 25 brott,
752 1048 46 17 men

56 1076 29 17 att
99 1073 10 20 å
125 1074 62 20 andra
201 1074 56 19 sidan
270 1073 35 20 vid
318 1071 79 27 frågans
412 1072 142 20 bedömmande
568 1073 58 19 äfven
641 1072 4 19 i
661 1072 94 26 allvarligt
765 1073 34 19 be-

57 1100 103 20 traktande
176 1100 66 20 måste
258 1102 63 24 tagas,
339 1099 46 20 icke
402 1100 81 19 allenast
496 1100 38 20 den
548 1100 45 24 rätt,
609 1098 69 26 hvarje
693 1102 59 22 egare
765 1101 34 18 tå-

57 1127 82 25 turligen
153 1127 118 19 tillkommer
284 1128 29 18 att
326 1126 41 20 fritt
383 1126 74 25 förfoga
470 1127 56 19 öfver
539 1126 30 19 siti
581 1125 103 26 egendom,
700 1128 46 17 utan
760 1125 37 20 ock

57 1156 28 17 att
105 1154 159 26 sytningsaftalen
286 1152 73 27 grunda
381 1153 30 25 sig
431 1152 10 20 ä
463 1158 24 14 en
503 1152 92 26 uråldrig,
611 1152 69 20 allmän
694 1152 102 25 ländssed,

58 1180 78 20 hvilken
153 1180 36 19 har
206 1183 28 17 ett
251 1180 69 25 vigtigt
336 1179 41 19 skäl
395 1180 30 18 för
442 1180 29 24 sig
488 1180 5 18 i
507 1178 111 26 billigheten
632 1178 60 26 deraf,
709 1180 28 18 att
751 1178 44 26 den,

58 1212 43 14 som
116 1209 56 23 egnat
187 1207 29 19 sin
231 1182 97 55 ungdoms
343 1206 53 19 kraft
412 1205 20 20 åt
446 1206 88 25 odlingen
548 1205 21 19 af
581 1205 30 19 sin
624 1204 50 26 jord,
690 1206 58 24 äfven
763 1205 35 20 till-

58 1233 97 20 erkännes
176 1234 38 18 rätt
231 1236 28 16 att
276 1232 85 21 derifrån
378 1231 55 26 njuta
447 1232 33 20 sitt
494 1230 137 27 lifsuppehällö
644 1231 5 19 i
663 1230 132 22 ålderdomen.

57 1258 76 27 Hvarje
145 1260 139 25 inskränkning
298 1260 5 18 i
317 1259 116 25 rättigheten
449 1262 27 16 att
490 1257 42 27 ingå
547 1258 50 20 slika
611 1258 44 20 aftal
667 1258 81 20 kräfver
754 1258 44 20 der-

58 1286 41 20 före
112 1286 38 20 den
165 1287 72 19 största
251 1286 120 19 varsamhet.

112 1313 33 19 Att
158 1319 23 13 en
196 1312 60 20 sådan
270 1312 138 26 inskränkning
416 1312 51 19 dock
474 1314 22 17 är
502 1311 115 25 nödvändig,
627 1310 64 20 måste
698 1310 24 26 på
731 1311 67 19 ofvan-

59 1339 83 20 nämnda
156 1340 41 19 skäl
212 1338 116 27 medgifvasi
356 1338 38 20 Det
408 1338 106 26 stadgande
528 1338 75 24 härom,
620 1340 43 16 sorh
676 1336 82 21 föreslås
773 1337 25 25 i

60 1367 9 19 4
85 1366 22 19 af
119 1366 37 20 den
169 1366 69 26 nådiga
252 1365 152 26 propositionen,
420 1365 54 19 afser
487 1364 163 26 hufvudsakligen
659 1366 29 17 att
698 1364 99 19 förhindra

59 1392 25 20 de
101 1392 148 26 förvecklihgar,
268 1396 44 16 som
328 1391 72 26 uppstå
414 1392 119 25 derigenom,
549 1393 28 17 att
591 1390 102 26 egendom,
709 1392 44 18 söm
763 1391 35 19 Te-

59 1418 38 21 dan.
112 1420 62 20 blifvit
188 1419 44 20 med
248 1418 109 26 inteckning
371 1419 30 19 för
415 1418 49 25 gäld,
481 1418 81 20 arrende
577 1418 47 19 eller
636 1417 78 27 sytning
727 1416 75 20 besvä-
