1003 1781
271 120 70 23 Nådiga
353 121 141 23 Propositionen
506 122 36 18 N:o
555 122 27 17 10.
765 121 34 19 17%

53 169 65 21 ehuru
133 170 5 19 i
152 169 71 26 sjelfva
237 171 72 19 verket
323 171 71 19 endast
407 171 39 19 den
463 171 177 25 exproprierandes
658 171 84 25 ombud,
760 173 38 18 rät-

43 206 3 3 +
54 197 61 26 tighet
129 199 29 17 att
171 199 45 17 utse
231 197 89 25 samtlige
336 197 206 25 värderingsmännen.
565 197 41 20 Den
621 197 176 26 omständigheten,

54 225 28 17 att
96 223 137 26 värderingen,
248 222 72 21 säsöm
331 223 33 20 det
373 224 58 18 heter
446 223 4 19 i
460 223 38 19 den
509 223 87 20 svenska
605 226 74 22 texten,
691 223 47 20 sker
747 225 52 18 «för-

54 249 107 26 slagsvis,»
178 250 30 19 får
225 248 18 26 ej
261 249 111 20 bestämma
390 249 100 20 omdömet
507 250 5 19 i
529 249 63 20 denna
607 250 44 19 sak.
679 250 29 25 Ty
725 249 24 20 då
766 250 33 19 det

54 275 117 25 förslagsvis
185 275 109 20 värderade
308 275 91 20 området
412 278 69 23 genast
497 275 79 26 frångår
592 276 38 19 den
643 275 114 20 dåvarande
772 276 28 19 in-

53 302 129 25 nehafvaren,
199 301 21 20 så
238 301 56 25 följer
310 301 64 25 deraf,
394 303 36 23 att,
449 302 39 19 ifall
505 307 72 20 egaren
594 303 47 18 eller
658 302 140 20 innehafvaren

53 328 90 20 besluter
156 328 29 26 sig
199 328 29 19 för
242 330 34 23 att,
290 327 77 26 jemlikt
380 328 11 25 $
406 329 33 24 13,
454 328 106 25 hänskjuta
573 328 189 27 ersättningsfrågan
771 329 27 20 till

55 354 52 26 gode
121 355 58 20 mäns
193 355 48 19 eller
254 354 97 20 domstols
365 354 96 25 pröfning,
478 355 60 25 sagde
550 354 81 20 område
641 355 110 20 emellertid
760 355 39 19 kan

54 381 59 20 hafva
126 381 106 26 undergått
246 379 74 27 sådana
334 380 143 26 förändringar,
496 383 28 17 att
542 381 90 19 hvarken
649 381 50 26 gode
715 382 84 19 männen

54 407 47 20 eller
115 407 113 20 domstolen
241 413 56 14 mera
310 407 65 20 kunna
389 407 75 25 grunda
478 407 34 19 sitt
525 407 86 20 domslut
625 406 25 27 på
665 413 49 20 egna
729 407 70 20 iaktta-

53 434 66 25 gelser
133 437 48 16 utan
194 433 65 20 måste
272 433 7 20 i
292 433 53 20 detta
360 433 93 20 afseende
467 433 124 20 uteslutande
605 435 50 18 rätta
665 434 29 25 sig
704 434 50 19 efter
763 431 34 22 let

53 459 84 27 ensidigt
158 459 100 21 tillkomna
280 459 259 26 värderingsinstrumentet.
568 459 68 26 Någon
656 460 53 26 giltig
730 460 67 24 orsak,

53 486 94 21 hvarföre
161 486 112 19 afträdaren
287 486 6 19 i
307 485 25 20 de
346 485 38 25 fall,
403 487 85 18 hvarom
502 492 27 13 nu
546 489 23 17 är
584 486 67 25 fråga,
670 487 63 19 skulle
750 491 48 14 vara

53 513 100 20 utesluten
167 512 43 20 från
224 512 34 20 det
272 512 105 26 inflytande
390 512 25 26 på
432 512 40 20 den
489 513 116 25 förslagsvis
623 513 86 19 skeende
728 513 71 20 värde-

54 539 79 26 ringens
147 538 78 27 utgång,
241 545 44 14 som
299 538 60 25 enligt
372 539 11 24 $
398 540 11 18 8
424 541 22 17 är
460 540 74 19 honom
548 539 116 25 medgifvet,
684 539 25 20 dä
727 545 72 20 expro-

54 565 109 26 priationen
177 565 45 20 sker
236 565 30 20 för
280 564 63 21 nägon
357 564 105 21 kommuns
476 565 66 25 behof,
554 566 35 19 har
601 565 99 20 Utskottet
709 565 22 20 sä
741 571 57 20 myc-

53 592 35 19 ket
102 593 77 19 mindre
193 592 75 20 kunnat
282 575 79 46 utfinna,
378 597 44 14 som
436 594 28 17 ett
478 592 96 25 tillbörligt
589 592 126 19 erkännande
729 593 20 18 af
760 593 38 19 den

54 617 127 22 afträdandes
195 621 39 18 rätt
248 619 59 19 äfven
322 618 5 19 i
341 617 63 21 denna
420 617 54 26 fräga
484 619 80 20 alldeles
573 618 44 19 icke
627 619 113 26 upphäfver
749 618 50 26 möj-

54 645 85 26 ligheten
153 646 21 19 af
186 645 38 20 den
238 645 143 26 skyndsamhet
390 645 5 19 i
404 645 92 20 ärendets
506 645 124 31 behandling,
643 651 44 14 som
697 645 46 20 med
754 645 43 20 skäl

53 671 40 20 kan
107 678 60 14 anses
181 671 82 26 önsklig.
291 671 27 20 Pä
333 671 64 26 grund
410 672 21 19 af
443 671 33 20 det
490 671 79 20 anförda
583 671 73 20 tilläter
669 672 31 25 sig
716 672 80 19 Utskot-

53 700 29 17 tet
95 701 30 17 att
137 699 30 19 för
181 699 11 25 $
206 699 12 19 6
232 698 78 19 förorda
323 696 83 27 följande
420 697 115 21 förändrade
549 697 84 26 lydelse:

178 751 68 20 Finnes
259 750 51 26 jord,
327 757 44 14 som
386 750 74 20 enskild
474 757 55 19 man,
548 751 101 26 menighet
666 751 48 24 eller
731 751 68 20 inräti-

123 778 45 26 ning
182 778 72 25 tillhör,
273 783 47 13 vara
337 777 84 26 behöflig
436 777 28 19 för
480 777 117 26 anläggning
614 778 21 19 af
649 777 147 26 försvarsverk,

124 805 51 24 stad,
191 803 63 26 kanal,
268 803 88 26 jernväg,
372 804 153 25 telegrafanstalt
534 804 46 19 eller
590 806 58 17 annat
658 804 70 25 vigtigt
737 806 60 17 stats-

124 830 98 26 ändamål,
238 835 44 14 som
294 829 27 26 pä
335 831 65 19 Hans
414 829 132 28 Kejserliga
560 830 123 26 Majestäts
699 833 44 22 eget
757 830 40 19 för-

124 857 102 20 ordnande
239 857 126 24 ankommer,
381 855 32 20 mä
430 856 69 20 derom
516 857 21 19 af
552 857 87 20 Senaten
656 856 141 26 framställning

124 884 37 19 hos
176 884 62 19 Hans
252 882 135 26 Kejserliga
401 882 111 25 Majestät
525 884 65 25 göras,
606 883 61 20 sedan
677 888 71 20 genom
758 883 41 20 Gu-

124 913 108 17 vernörens
247 910 5 19 i
267 910 52 19 länet
333 909 67 26 åtgärd
413 908 119 27 jordegaren
547 910 37 19 och
594 910 61 25 öfrige
664 909 134 20 vederböran-

123 936 26 20 de
163 936 63 21 blifvit
243 935 62 20 hörde
321 937 38 18 och
376 935 70 26 nödiga
462 936 143 26 upplysningar
621 937 107 18 inhemtats
745 938 53 17 samt

124 963 38 20 den
179 962 144 26 undersökning
339 962 11 19 ä
367 962 82 19 marken
467 961 91 26 föregätt,
578 963 78 19 hvartill
673 962 74 19 sakens
763 962 36 20 be-

124 989 111 20 skaffenhet
248 989 117 19 föranleder.
393 989 41 19 Har
448 989 61 19 Hans
529 988 134 25 Kejserliga
685 988 113 25 Majestät

123 1015 28 20 till
165 1015 61 21 sådan
240 1015 141 24 framställning
395 1015 74 25 bifallit,
489 1015 60 19 varde
566 1015 38 19 den
621 1014 67 26 mark,
706 1020 45 15 som
770 1015 29 19 alf-

124 1042 68 20 trädas
208 1041 59 25 skall,
286 1047 72 19 genom
375 1041 139 20 Guvernörens
532 1040 79 27 ätgärd,
630 1041 6 19 i
656 1047 83 19 egarens
760 1041 39 19 och

124 1068 61 27 öfrige
199 1067 161 20 vederbörandes
375 1069 91 23 närvaro,
486 1072 70 21 genom
574 1068 112 25 utstakning
703 1070 96 23 noggrant

124 1094 91 20 bestämd
230 1097 52 17 samt
295 1094 60 20 tillika
370 1094 50 19 efter
434 1094 59 19 ofvan
506 1094 108 20 fastställda
628 1095 86 24 grunder
728 1094 71 19 värde-

125 1120 36 20 rad
175 1121 21 19 af
208 1119 84 27 ojäfvige
305 1121 39 19 och
358 1120 122 25 sakkunnige
495 1123 53 23 män,
564 1121 21 19 af
593 1120 66 20 hvilka
670 1120 130 20 Guvernören

125 1147 37 20 och
177 1147 39 20 den
229 1146 115 21 afträdande
357 1147 99 20 hvardera
464 1149 45 17 utse
522 1147 67 20 halfva
603 1146 82 25 antalet;
695 1147 50 19 men
760 1146 39 19 för-

125 1179 89 15 summar
227 1173 112 20 afträdaren
353 1175 28 17 att
395 1174 52 19 inom
462 1173 20 19 af
495 1173 131 20 Guvernören
643 1175 63 18 utsatt
723 1173 28 19 tid
764 1173 35 19 be-

125 1206 61 20 gagna
200 1200 29 25 sig
244 1200 20 19 af
276 1199 63 21 Jenna
353 1199 30 20 sin
397 1201 45 24 rätt,
456 1200 33 20 mä
499 1200 36 20 alla
545 1200 213 26 värderingsmännens
767 1202 32 16 ut-

124 1226 111 20 nämnande
248 1226 105 20 ankomma
367 1226 25 25 pä
406 1227 128 19 Guvernören
549 1232 76 14 ensam.
647 1226 65 20 Sedan
727 1226 72 19 värde-

125 1254 69 25 ringen
207 1253 6 19 i
226 1253 38 19 här
278 1252 130 20 foreskrifven
422 1253 81 26 ordning
516 1252 112 26 försiggätt,
644 1258 36 20 ege
694 1253 104 19 Guvernö-

112 1304 2 2 —
126 1285 35 14 ren
175 1282 51 17 sätta
240 1279 40 20 den
294 1284 45 14 som
353 1279 99 21 vederbör
466 1280 5 19 i
485 1279 105 25 besittning
605 1279 20 19 af
637 1290 26 4 --
673 1285 18 13 o.
703 1284 16 14 s.
731 1284 21 14 v.
764 1285 34 13 en-

125 1306 35 26 ligt
173 1306 152 26 propositionen.

150 1360 11 20 7
176 1371 26 4 —
216 1346 27 35 jä
261 1360 111 25 bestämma
389 1359 107 27 ordningen
513 1360 29 20 för
563 1358 236 29 expropriationsfrägans

55 1386 117 26 behandling
186 1387 5 19 i
205 1387 24 21 de
244 1387 38 25 fall,
298 1386 25 21 då
337 1387 170 26 expropriationen
522 1387 46 20 sker
580 1388 29 18 för
620 1387 62 26 någon
692 1387 107 19 kommuns

55 1413 96 20 allmänna
164 1413 65 19 behof.
259 1415 38 18 Det
311 1414 36 18 har
360 1414 109 24 anmärkts,
485 1418 28 15 att
527 1414 53 18 hvad
594 1414 59 19 dessa
668 1414 21 24 $$
703 1412 96 20 innehålla

730 1444 22 17 12
