978 1770
282 121 71 22 Nådiga
364 122 140 23 Propositionen
516 122 37 18 N:o
564 122 29 17 22.
771 121 37 20 541

66 169 102 20 Utskottet
182 169 17 26 ej
217 170 102 21 underlåta
336 174 29 16 att
386 172 26 19 til:
429 178 25 13 en
471 171 67 25 början
558 172 72 26 betyga
652 172 30 18 sin
699 172 110 26 synnerliga

65 196 170 20 tillfredsställelse
249 197 57 20 öfver
319 198 34 20 det
366 198 84 26 lyckade
459 200 38 18 och
511 198 99 20 utmärkta
624 199 45 24 sätt,
681 198 76 26 hvarpå
771 198 39 21 den

65 223 87 25 Komité,
168 229 43 14 som
226 224 21 20 af
258 225 55 19 Hans
328 224 107 26 Kejserliga
449 224 88 26 Majestät
547 225 63 19 blifvit
624 224 105 21 förordnad
743 226 25 19 till
777 228 33 18 ut-

65 250 109 19 arbetande
190 251 21 19 af
227 253 28 17 ett
275 254 44 23 nytt
336 251 187 27 kyrkolagsförslag,
544 252 42 26 fyllt
603 252 30 18 sin
654 251 25 26 på
695 250 75 27 engång
786 251 22 20 så

65 275 59 20 svåra
142 277 38 19 och
198 276 72 26 vigtiga
290 278 82 25 uppgift.
387 271 10 37 :
404 278 101 25 Förslaget
524 278 36 20 bär
579 278 89 20 öfverallt
685 278 124 20 vittnesbörd

62 302 79 24 derom,
153 305 28 18 att
190 303 47 20 dess
251 304 101 19 författare
361 306 65 24 troget
439 304 38 20 och
487 304 70 26 redligt
566 303 80 21 behållit
655 304 5 19 i
670 305 53 25 sigte
728 304 37 20 det
776 310 33 14 an-

64 334 47 17 nars
125 328 25 20 sä
166 330 60 20 sällan
246 330 97 26 iakttagna
362 330 162 21 hufvudvilkoret
537 330 32 20 vid
591 331 23 19 all
632 331 79 26 kyrklig
727 331 82 25 lagstift-

63 355 54 26 ning,
131 356 99 26 nemligen
243 359 30 17 att.
286 357 27 19 till
327 357 64 25 grund
406 357 37 20 och
457 364 58 13 norm
526 357 32 21 för
569 357 117 21 densamma
699 358 55 25 lägga
768 357 41 21 kri-

65 382 129 20 stendomens
207 389 51 14 egna
274 384 106 25 principer,
399 383 74 21 sådana
487 384 26 20 de
530 384 4 20 i
549 384 37 20 den
600 384 63 26 heliga
683 384 58 21 skrift
754 384 54 24 inne-

61 403 62 34 hållas
132 416 4 17 ;
152 385 79 52 hvartill
243 410 92 20 kommer
349 412 28 18 att
391 410 90 24 Komitén
496 410 132 21 öfverhufvud
643 411 46 20 med
704 414 41 16 stor
759 410 48 20 kon-

64 440 89 20 segvens
168 437 39 18 och
221 436 147 20 sakkännedom
383 432 95 34 tillämpat
493 437 38 20 dem
546 437 24 25 på
581 437 110 20 bestående
704 436 103 23 .förhällan-

64 460 46 21 den.
138 462 67 20 Redan
219 463 53 19 detta
286 463 56 25 utgör
356 463 6 19 i
377 463 29 25 sig
419 463 40 20 den
473 463 113 25 tillräckliga
595 463 73 26 borgen
683 464 30 19 för.
726 465 35 20 att.
769 456 37 37 för-

65 488 62 25 slaget
140 489 63 20 blifvit.
217 489 89 20 affattadt
319 489 4 19 i
334 495 23 15 en
371 489 50 26 ädel;
433 493 56 16 sannt
502 490 73 23 human
588 490 60 20 anda.
673 490 94 20 :Komitén.
779 490 28 23 vi-

65 520 32 14 sar
112 515 30 26 sig
159 515 68 26 alldrig
244 516 59 19 hafva
316 516 84 25 förgätit,
421 519 28 17 att
465 516 161 27 kristendomens
641 517 57 26 makt
713 519 22 17 är
749 517 22 23 af
782 523 24 13 en

64 541 49 24 inre,
130 542 64 25 andlig
207 545 63 21 natur,
287 542 67 21 ordets
369 543 38 20 och
425 543 80 25 andans,
524 543 92 20 hvarföre
632 543 34 20 det
683 546 53 24 yttre
750 541 56 21 tvän-

63 570 34 23 get
111 568 63 19 blifvit
187 569 96 20 förvisadt
297 568 42 21 från
352 569 26 19 Je
391 569 88 26 kyrkliga
493 571 90 24 lagarnas
594 569 82 20 område
689 570 27 19 till
731 568 75 22 statens

63 594 115 27 legislation,
194 595 36 20 der
243 595 35 20 det
292 596 5 19 i
312 596 65 19 stället
393 597 37 18 har
444 597 34 18 sitt
494 596 121 26 berättigade
631 597 38 19 och
683 596 122 27 nödvändiga

63 626 52 15 rum.
144 621 47 20 Häri
204 622 62 26 ligger
279 622 34 23 det
327 628 38 20 nya
379 623 209 26 kyrkolagsförslogets
604 622 86 26 afgjorda
707 623 98 25 företräde

63 647 83 21 framför
160 648 39 20 den
213 649 103 26 kyrkolag,
329 654 43 14 som
386 649 60 20 sedan
457 649 52 20 1686
523 649 52 20 varit
584 649 89 25 gällande
686 649 6 20 i
707 649 44 20 vårt
759 649 46 27 länd

63 674 38 20 och
115 675 36 20 der
171 675 86 26 kyrkans
275 676 38 19 och
331 678 74 17 statens
422 675 122 26 lagstiftning
560 675 62 20 blifvit
638 675 26 26 pä
680 675 125 27 mångfaldigt

63 702 45 23 sätt,
121 700 22 21 sä
158 704 28 17 att
199 703 54 24 säga,
264 702 5 19 i
284 701 112 22 hvarandra
406 702 122 20 intrasslade.
553 703 9 18 I
576 702 33 20 det
618 708 27 13 nu
658 702 80 20 anförda
749 705 56 17 torde

62 727 62 20 redan
139 733 47 14 vara
200 728 82 20 uttaladt
295 730 29 18 att
338 728 100 20 Utskottet
458 729 30 20 för
505 729 29 19 sin
550 729 31 20 del
601 728 114 26 godkänner
731 729 26 20 de
771 729 34 20 all-

63 755 72 18 männa
150 755 105 25 principer,
271 754 75 26 hvarpä
361 755 33 20 det
403 761 38 20 nya
455 755 201 26 kyrkolagsförslaget
670 755 63 20 blifvit
746 755 59 20 base-

62 780 50 24 radt.
142 781 57 20 Detta
213 782 61 25 gäller
287 781 49 20 först
353 782 38 19 och
411 783 71 18 främst
497 781 40 20 den
551 781 20 20 af
586 781 91 20 Komiten
693 782 111 25 uppställda

61 807 113 26 grundsats,
191 808 58 25 enligt
263 807 81 20 hvilken
358 808 89 20 Komiten
464 807 19 26 ej
497 809 53 19 velat
563 808 5 19 i
583 807 33 20 sitt
632 809 73 24 förslag
718 811 85 22 upplaga

62 833 60 20 andra
140 835 177 25 lagbestämningar
337 836 24 18 än
377 835 53 25 dem,
449 841 42 14 som
514 834 57 20 «icke
586 835 50 19 blott
656 835 50 26 angä
721 835 82 26 kyrkan,

61 865 47 17 utan
122 863 58 20 äfven
194 863 65 20 kunna
272 863 69 20 tänkas
354 863 45 26 utgå
414 863 49 26 ifrån
477 864 80 23 henne,»
573 863 47 20 eller
629 863 47 20 med
685 863 62 19 andra
757 863 47 19 ord:

62 890 74 21 sådana
150 891 127 26 stadganden,
288 891 65 20 hvilka
367 890 48 26 angä
431 891 74 26 kyrkan
519 891 5 19 i
538 892 38 19 och
589 891 30 20 för
632 892 37 24 sig,
679 890 62 26 jemte
749 890 53 26 dem;

61 917 68 20 hvilka
144 918 29 20 väl
190 921 56 17 «röra
259 918 88 19 kyrkans
361 917 120 21 förhållande
497 918 27 19 till
539 920 64 17 staten
621 924 45 13 men
681 918 49 20 blott
743 918 60 19 uttala

61 943 91 27 kyrkans
166 944 124 20 erkännande
308 945 23 19 af
347 944 37 20 och
398 944 70 26 pligter
487 946 63 18 emot
567 946 86 18 staten.»
682 944 120 25 Härutinnan

62 975 59 15 anser
135 971 100 19 Utskottet
248 971 26 19 Je
288 971 67 26 rigtiga
369 972 107 24 gränserna
491 976 46 14 vara
557 970 113 29 uppdragna
687 971 30 19 för
731 970 53 20 hvad
797 971 6 19 i

61 1002 26 14 en
101 997 96 26 kyrkolag
211 998 102 24 rätteligen
327 997 36 20 bör
376 996 43 26 ingå
435 998 37 19 och
486 996 70 20 tvekar
569 1002 17 19 ej
602 998 60 19 heller
677 999 28 17 att
718 997 83 26 tillägga,

62 1023 34 20 det
109 1024 49 19 intet
174 1024 125 25 väsendtligt,
317 1028 49 18 som'
381 1023 55 21 faller
452 1024 53 19 inom
521 1023 60 21 dessa
600 1025 89 24 gränser,
707 1023 98 25 blifvit
784 1019 25 34 af

62 1050 92 20 Komiten
167 1050 120 20 utelemnadt
303 1050 46 20 eller
365 1050 129 26 förbigänget.
523 1050 37 20 För
573 1050 35 19 det
624 1050 59 19 andra
700 1050 55 24 gillar
769 1050 34 20 Ut-

63 1076 74 20 skottet
150 1077 94 20 likaledes
257 1077 38 19 den
310 1078 5 18 i
329 1076 92 26 förslaget
434 1076 67 26 gjorda
513 1076 157 26 uppställningen
679 1076 21 20 af
712 1075 92 27 kyrkola-

61 1108 50 20 gens
125 1104 45 19 hela
183 1104 95 24 material,
293 1106 52 17 samt
359 1102 37 25 får,
413 1103 51 20 hvad
477 1103 143 24 motiveringen
634 1103 21 19 af
667 1102 34 20 det
713 1108 37 14 ena
764 1103 38 19 och

43 1133 2 2 *
62 1129 34 20 det
109 1130 61 20 andra
184 1129 66 27 angår,
266 1130 49 19 blott
329 1130 82 19 hänvisa
425 1130 25 20 till
467 1130 40 20 den
519 1129 54 20 klara
587 1130 39 19 och
642 1129 89 25 utförliga
745 1129 58 20 redo-

75 1157 65 19 örelse
154 1157 72 25 härför,
238 1162 43 14 som
296 1156 133 20 förekommer
439 1156 37 20 sid.
487 1157 104 19 109—116
601 1156 5 19 i
621 1156 25 20 de
655 1156 92 23 motiver,
759 1158 44 18 som

62 1183 66 25 åtfölja
142 1184 101 25 förslaget.
271 1182 32 21 På.
315 1188 27 14 nu
361 1183 80 19 anförda
461 1182 87 26 grunder
564 1182 74 20 känner
658 1183 30 25 sig
705 1182 99 20 Utskottet

62 1210 80 20 manadt
155 1212 28 18 att
196 1210 103 20 vördsamt
312 1210 37 19 hos
363 1209 90 20 Finlands
467 1209 101 26 höglofliga
580 1208 84 21 Ständer
678 1209 78 19 förorda
770 1209 34 20 det

61 1241 40 15 nya
116 1237 211 25 kyrkolagsförslagets
341 1235 142 25 godkännande
497 1235 17 25 ej
529 1235 75 20 mindre
622 1235 52 20 hvad
688 1235 60 26 angår
762 1241 42 14 om-

63 1263 65 25 fånget
142 1263 20 19 af
174 1263 25 19 de
212 1265 77 20 ämnen;
305 1267 44 14 som
365 1261 42 20 deri
421 1261 90 20 befinnas
527 1261 82 26 intagna,
628 1263 25 18 än
669 1261 134 21 ändamålsen-

63 1289 85 26 ligheten
163 1289 20 19 af
194 1289 34 19 det
241 1289 89 25 intagnas
344 1288 136 26 uppställning:

117 1315 65 20 Sedan
196 1315 101 19 Utskottet
310 1314 82 20 härmed
407 1315 5 18 i
427 1315 79 19 korthet
514 1314 92 20 förklarat
620 1314 29 25 sig
663 1314 57 19 öfver
730 1314 34 19 det
777 1315 28 18 till

63 1341 123 20 Ständernas
200 1342 97 20 allmänna
311 1340 118 27 granskning
443 1340 146 21 öfverlemnade
605 1340 201 26 kyrkolagsförslaget

63 1367 6 19 i
83 1368 95 20 afseende
192 1367 10 20 å
217 1368 38 19 den
269 1370 55 23 yttre
339 1367 157 26 -begränsningen
509 1367 39 19 och
566 1366 142 25 dispositionen
725 1366 22 19 af.
757 1366 49 19 dess

63 1394 96 23 material,
175 1394 48 19 skall
234 1394 101 20 Utskottet
347 1397 88 20 numera,
448 1394 57 23 enligt
519 1393 38 19 den
571 1394 6 17 i
586 1393 54 19 Hans
649 1391 107 26 Kejserliga
767 1392 39 28 Ma-

62 1418 81 26 jestäts'.
151 1419 70 26 nådiga
237 1419 122 27 proposition
380 1418 116 20 föreskrifna
513 1418 88 26 ordning,
622 1417 26 27 gå
662 1420 29 18 att
707 1420 53 23 yttra
775 1423 32 20 sig
