<?xml version="1.0" encoding="UTF-8"?>
<alto xmlns="http://www.loc.gov/standards/alto/ns-v3#" xmlns:xlink="http://www.w3.org/1999/xlink" xmlns:xsi="http://www.w3.org/2001/XMLSchema-instance" xsi:schemaLocation="http://www.loc.gov/standards/alto/ns-v3# http://www.loc.gov/alto/v3/alto-3-0.xsd">
	<Description>
		<MeasurementUnit>pixel</MeasurementUnit>
		<sourceImageInformation>
			<fileName>/tmp/tess_tyg8hzc8_input.PNG</fileName>
		</sourceImageInformation>
		<OCRProcessing ID="OCR_0">
			<ocrProcessingStep>
				<processingSoftware>
					<softwareName>tesseract 5.3.4</softwareName>
				</processingSoftware>
			</ocrProcessingStep>
		</OCRProcessing>
	</Description>
	<Layout>
		<Page WIDTH="998" HEIGHT="1778" PHYSICAL_IMG_NR="0" ID="page_0">
			<PrintSpace HPOS="0" VPOS="0" WIDTH="998" HEIGHT="1778">
				<ComposedBlock ID="cblock_0" HPOS="190" VPOS="149" WIDTH="527" HEIGHT="32">
					<TextBlock ID="block_0" HPOS="190" VPOS="149" WIDTH="527" HEIGHT="32">
						<TextLine ID="line_0" HPOS="190" VPOS="149" WIDTH="527" HEIGHT="32">
							<String ID="string_0" HPOS="190" VPOS="149" WIDTH="38" HEIGHT="32" WC="0.96" CONTENT="380"/><SP WIDTH="177" VPOS="149" HPOS="228"/>
							<String ID="string_1" HPOS="405" VPOS="151" WIDTH="72" HEIGHT="23" WC="0.92" CONTENT="Nådiga"/><SP WIDTH="11" VPOS="151" HPOS="477"/>
							<String ID="string_2" HPOS="488" VPOS="153" WIDTH="140" HEIGHT="21" WC="0.95" CONTENT="Propositionen"/><SP WIDTH="13" VPOS="153" HPOS="628"/>
							<String ID="string_3" HPOS="641" VPOS="151" WIDTH="35" HEIGHT="18" WC="0.96" CONTENT="N:o"/><SP WIDTH="13" VPOS="151" HPOS="676"/>
							<String ID="string_4" HPOS="689" VPOS="151" WIDTH="28" HEIGHT="17" WC="0.96" CONTENT="15."/>
						</TextLine>
					</TextBlock>
				</ComposedBlock>
				<ComposedBlock ID="cblock_1" HPOS="191" VPOS="199" WIDTH="748" HEIGHT="794">
					<TextBlock ID="block_1" HPOS="192" VPOS="199" WIDTH="743" HEIGHT="54">
						<TextLine ID="line_1" HPOS="192" VPOS="199" WIDTH="743" HEIGHT="27">
							<String ID="string_5" HPOS="192" VPOS="201" WIDTH="73" HEIGHT="20" WC="0.95" CONTENT="hvaraf"/><SP WIDTH="14" VPOS="201" HPOS="265"/>
							<String ID="string_6" HPOS="279" VPOS="195" WIDTH="36" HEIGHT="35" WC="0.95" CONTENT="hon"/><SP WIDTH="13" VPOS="195" HPOS="315"/>
							<String ID="string_7" HPOS="328" VPOS="201" WIDTH="48" HEIGHT="25" WC="0.95" CONTENT="kort"/><SP WIDTH="14" VPOS="201" HPOS="376"/>
							<String ID="string_8" HPOS="390" VPOS="201" WIDTH="42" HEIGHT="19" WC="0.96" CONTENT="före"/><SP WIDTH="14" VPOS="201" HPOS="432"/>
							<String ID="string_9" HPOS="446" VPOS="201" WIDTH="39" HEIGHT="19" WC="0.96" CONTENT="och"/><SP WIDTH="14" VPOS="201" HPOS="485"/>
							<String ID="string_10" HPOS="499" VPOS="201" WIDTH="62" HEIGHT="19" WC="0.96" CONTENT="under"/><SP WIDTH="14" VPOS="201" HPOS="561"/>
							<String ID="string_11" HPOS="575" VPOS="200" WIDTH="75" HEIGHT="19" WC="0.96" CONTENT="födseln"/><SP WIDTH="14" VPOS="200" HPOS="650"/>
							<String ID="string_12" HPOS="664" VPOS="200" WIDTH="51" HEIGHT="19" WC="0.96" CONTENT="varit"/><SP WIDTH="13" VPOS="200" HPOS="715"/>
							<String ID="string_13" HPOS="728" VPOS="200" WIDTH="5" HEIGHT="19" WC="0.93" CONTENT="i"/><SP WIDTH="14" VPOS="200" HPOS="733"/>
							<String ID="string_14" HPOS="747" VPOS="199" WIDTH="69" HEIGHT="24" WC="0.92" CONTENT="behof,"/><SP WIDTH="17" VPOS="199" HPOS="816"/>
							<String ID="string_15" HPOS="833" VPOS="199" WIDTH="37" HEIGHT="19" WC="0.93" CONTENT="och"/><SP WIDTH="14" VPOS="199" HPOS="870"/>
							<String ID="string_16" HPOS="884" VPOS="199" WIDTH="51" HEIGHT="20" WC="0.92" CONTENT="deri-"/>
						</TextLine>
						<TextLine ID="line_2" HPOS="192" VPOS="227" WIDTH="299" HEIGHT="26">
							<String ID="string_17" HPOS="192" VPOS="233" WIDTH="70" HEIGHT="20" WC="0.96" CONTENT="genom"/><SP WIDTH="16" VPOS="233" HPOS="262"/>
							<String ID="string_18" HPOS="278" VPOS="227" WIDTH="58" HEIGHT="20" WC="0.94" CONTENT="vållat"/><SP WIDTH="14" VPOS="227" HPOS="336"/>
							<String ID="string_19" HPOS="350" VPOS="227" WIDTH="81" HEIGHT="19" WC="0.96" CONTENT="fostrets"/><SP WIDTH="15" VPOS="227" HPOS="431"/>
							<String ID="string_20" HPOS="446" VPOS="227" WIDTH="45" HEIGHT="19" WC="0.83" CONTENT="död."/>
						</TextLine>
					</TextBlock>
					<TextBlock ID="block_2" HPOS="192" VPOS="251" WIDTH="745" HEIGHT="107">
						<TextLine ID="line_3" HPOS="246" VPOS="251" WIDTH="690" HEIGHT="28">
							<String ID="string_21" HPOS="246" VPOS="255" WIDTH="25" HEIGHT="18" WC="0.90" CONTENT="12"/><SP WIDTH="15" VPOS="255" HPOS="271"/>
							<String ID="string_22" HPOS="286" VPOS="253" WIDTH="16" HEIGHT="26" WC="0.90" CONTENT="$."/><SP WIDTH="31" VPOS="253" HPOS="302"/>
							<String ID="string_23" HPOS="333" VPOS="253" WIDTH="46" HEIGHT="20" WC="0.75" CONTENT="Pei"/><SP WIDTH="16" VPOS="253" HPOS="379"/>
							<String ID="string_24" HPOS="395" VPOS="253" WIDTH="117" HEIGHT="24" WC="0.96" CONTENT="föregående"/><SP WIDTH="14" VPOS="253" HPOS="512"/>
							<String ID="string_25" HPOS="526" VPOS="253" WIDTH="21" HEIGHT="26" WC="0.96" CONTENT="$$"/><SP WIDTH="14" VPOS="253" HPOS="547"/>
							<String ID="string_26" HPOS="561" VPOS="253" WIDTH="20" HEIGHT="20" WC="0.96" CONTENT="af"/><SP WIDTH="12" VPOS="253" HPOS="581"/>
							<String ID="string_27" HPOS="593" VPOS="253" WIDTH="63" HEIGHT="19" WC="0.96" CONTENT="denna"/><SP WIDTH="15" VPOS="253" HPOS="656"/>
							<String ID="string_28" HPOS="671" VPOS="252" WIDTH="112" HEIGHT="25" WC="0.96" CONTENT="förordning"/><SP WIDTH="13" VPOS="252" HPOS="783"/>
							<String ID="string_29" HPOS="796" VPOS="251" WIDTH="95" HEIGHT="26" WC="0.90" CONTENT="stadgade"/><SP WIDTH="12" VPOS="251" HPOS="891"/>
							<String ID="string_30" HPOS="903" VPOS="257" WIDTH="33" HEIGHT="14" WC="0.92" CONTENT="an-"/>
						</TextLine>
						<TextLine ID="line_4" HPOS="193" VPOS="278" WIDTH="743" HEIGHT="27">
							<String ID="string_31" HPOS="193" VPOS="286" WIDTH="47" HEIGHT="13" WC="0.96" CONTENT="svar"/><SP WIDTH="14" VPOS="286" HPOS="240"/>
							<String ID="string_32" HPOS="254" VPOS="280" WIDTH="29" HEIGHT="19" WC="0.96" CONTENT="för"/><SP WIDTH="10" VPOS="280" HPOS="283"/>
							<String ID="string_33" HPOS="293" VPOS="280" WIDTH="102" HEIGHT="25" WC="0.96" CONTENT="brottsligt"/><SP WIDTH="14" VPOS="280" HPOS="395"/>
							<String ID="string_34" HPOS="409" VPOS="279" WIDTH="110" HEIGHT="20" WC="0.96" CONTENT="förfarande"/><SP WIDTH="14" VPOS="279" HPOS="519"/>
							<String ID="string_35" HPOS="533" VPOS="281" WIDTH="22" HEIGHT="18" WC="0.93" CONTENT="af"/><SP WIDTH="12" VPOS="281" HPOS="555"/>
							<String ID="string_36" HPOS="567" VPOS="279" WIDTH="78" HEIGHT="25" WC="0.90" CONTENT="qvinna,"/><SP WIDTH="16" VPOS="279" HPOS="645"/>
							<String ID="string_37" HPOS="661" VPOS="284" WIDTH="44" HEIGHT="15" WC="0.96" CONTENT="som"/><SP WIDTH="14" VPOS="284" HPOS="705"/>
							<String ID="string_38" HPOS="719" VPOS="279" WIDTH="20" HEIGHT="19" WC="0.90" CONTENT="af"/><SP WIDTH="13" VPOS="279" HPOS="739"/>
							<String ID="string_39" HPOS="752" VPOS="279" WIDTH="63" HEIGHT="25" WC="0.90" CONTENT="oloflig"/><SP WIDTH="10" VPOS="279" HPOS="815"/>
							<String ID="string_40" HPOS="825" VPOS="278" WIDTH="111" HEIGHT="21" WC="0.92" CONTENT="beblandel-"/>
						</TextLine>
						<TextLine ID="line_5" HPOS="192" VPOS="305" WIDTH="745" HEIGHT="26">
							<String ID="string_41" HPOS="192" VPOS="312" WIDTH="23" HEIGHT="14" WC="0.96" CONTENT="se"/><SP WIDTH="18" VPOS="312" HPOS="215"/>
							<String ID="string_42" HPOS="233" VPOS="306" WIDTH="64" HEIGHT="19" WC="0.93" CONTENT="blifvit"/><SP WIDTH="17" VPOS="306" HPOS="297"/>
							<String ID="string_43" HPOS="314" VPOS="305" WIDTH="107" HEIGHT="25" WC="0.90" CONTENT="hafvande,"/><SP WIDTH="17" VPOS="305" HPOS="421"/>
							<String ID="string_44" HPOS="438" VPOS="306" WIDTH="62" HEIGHT="19" WC="0.96" CONTENT="varde"/><SP WIDTH="13" VPOS="306" HPOS="500"/>
							<String ID="string_45" HPOS="513" VPOS="305" WIDTH="112" HEIGHT="26" WC="0.96" CONTENT="tillämpade"/><SP WIDTH="17" VPOS="305" HPOS="625"/>
							<String ID="string_46" HPOS="642" VPOS="306" WIDTH="59" HEIGHT="19" WC="0.96" CONTENT="äfven"/><SP WIDTH="15" VPOS="306" HPOS="701"/>
							<String ID="string_47" HPOS="716" VPOS="311" WIDTH="33" HEIGHT="14" WC="0.91" CONTENT="om"/><SP WIDTH="15" VPOS="311" HPOS="749"/>
							<String ID="string_48" HPOS="764" VPOS="305" WIDTH="106" HEIGHT="20" WC="0.90" CONTENT="häfdandet"/><SP WIDTH="14" VPOS="305" HPOS="870"/>
							<String ID="string_49" HPOS="884" VPOS="305" WIDTH="53" HEIGHT="20" WC="0.96" CONTENT="skett"/>
						</TextLine>
						<TextLine ID="line_6" HPOS="193" VPOS="332" WIDTH="472" HEIGHT="26">
							<String ID="string_50" HPOS="193" VPOS="333" WIDTH="49" HEIGHT="19" WC="0.95" CONTENT="efter"/><SP WIDTH="14" VPOS="333" HPOS="242"/>
							<String ID="string_51" HPOS="256" VPOS="333" WIDTH="84" HEIGHT="25" WC="0.96" CONTENT="fästning"/><SP WIDTH="15" VPOS="333" HPOS="340"/>
							<String ID="string_52" HPOS="355" VPOS="333" WIDTH="46" HEIGHT="19" WC="0.96" CONTENT="eller"/><SP WIDTH="13" VPOS="333" HPOS="401"/>
							<String ID="string_53" HPOS="414" VPOS="333" WIDTH="63" HEIGHT="19" WC="0.92" CONTENT="under"/><SP WIDTH="13" VPOS="333" HPOS="477"/>
							<String ID="string_54" HPOS="490" VPOS="332" WIDTH="175" HEIGHT="25" WC="0.91" CONTENT="äktenskapslöfte."/>
						</TextLine>
					</TextBlock>
					<TextBlock ID="block_3" HPOS="191" VPOS="358" WIDTH="747" HEIGHT="134">
						<TextLine ID="line_7" HPOS="246" VPOS="358" WIDTH="690" HEIGHT="26">
							<String ID="string_55" HPOS="246" VPOS="359" WIDTH="24" HEIGHT="19" WC="0.92" CONTENT="43"/><SP WIDTH="15" VPOS="359" HPOS="270"/>
							<String ID="string_56" HPOS="285" VPOS="359" WIDTH="17" HEIGHT="25" WC="0.91" CONTENT="$."/><SP WIDTH="30" VPOS="359" HPOS="302"/>
							<String ID="string_57" HPOS="332" VPOS="359" WIDTH="67" HEIGHT="23" WC="0.95" CONTENT="Böter,"/><SP WIDTH="19" VPOS="359" HPOS="399"/>
							<String ID="string_58" HPOS="418" VPOS="364" WIDTH="44" HEIGHT="14" WC="0.96" CONTENT="som"/><SP WIDTH="18" VPOS="364" HPOS="462"/>
							<String ID="string_59" HPOS="480" VPOS="359" WIDTH="58" HEIGHT="25" WC="0.95" CONTENT="enligt"/><SP WIDTH="17" VPOS="359" HPOS="538"/>
							<String ID="string_60" HPOS="555" VPOS="358" WIDTH="118" HEIGHT="25" WC="0.95" CONTENT="föregående"/><SP WIDTH="17" VPOS="358" HPOS="673"/>
							<String ID="string_61" HPOS="690" VPOS="358" WIDTH="21" HEIGHT="26" WC="0.30" CONTENT="$$"/><SP WIDTH="17" VPOS="358" HPOS="711"/>
							<String ID="string_62" HPOS="728" VPOS="358" WIDTH="5" HEIGHT="19" WC="0.96" CONTENT="i"/><SP WIDTH="14" VPOS="358" HPOS="733"/>
							<String ID="string_63" HPOS="747" VPOS="358" WIDTH="63" HEIGHT="20" WC="0.89" CONTENT="denna"/><SP WIDTH="14" VPOS="358" HPOS="810"/>
							<String ID="string_64" HPOS="824" VPOS="358" WIDTH="112" HEIGHT="26" WC="0.89" CONTENT="förordning"/>
						</TextLine>
						<TextLine ID="line_8" HPOS="193" VPOS="384" WIDTH="743" HEIGHT="27">
							<String ID="string_65" HPOS="193" VPOS="385" WIDTH="110" HEIGHT="26" WC="0.91" CONTENT="ådömmas,"/><SP WIDTH="24" VPOS="385" HPOS="303"/>
							<String ID="string_66" HPOS="327" VPOS="386" WIDTH="83" HEIGHT="19" WC="0.96" CONTENT="fördelas"/><SP WIDTH="18" VPOS="386" HPOS="410"/>
							<String ID="string_67" HPOS="428" VPOS="386" WIDTH="67" HEIGHT="19" WC="0.96" CONTENT="såsom"/><SP WIDTH="18" VPOS="386" HPOS="495"/>
							<String ID="string_68" HPOS="513" VPOS="386" WIDTH="4" HEIGHT="19" WC="0.96" CONTENT="i"/><SP WIDTH="18" VPOS="386" HPOS="517"/>
							<String ID="string_69" HPOS="535" VPOS="386" WIDTH="8" HEIGHT="19" WC="0.93" CONTENT="4"/><SP WIDTH="22" VPOS="386" HPOS="543"/>
							<String ID="string_70" HPOS="565" VPOS="386" WIDTH="9" HEIGHT="25" WC="0.91" CONTENT="$"/><SP WIDTH="18" VPOS="386" HPOS="574"/>
							<String ID="string_71" HPOS="592" VPOS="385" WIDTH="24" HEIGHT="19" WC="0.96" CONTENT="32"/><SP WIDTH="17" VPOS="385" HPOS="616"/>
							<String ID="string_72" HPOS="633" VPOS="385" WIDTH="84" HEIGHT="26" WC="0.93" CONTENT="Kapitlet"/><SP WIDTH="16" VPOS="385" HPOS="717"/>
							<String ID="string_73" HPOS="733" VPOS="384" WIDTH="203" HEIGHT="27" WC="0.92" CONTENT="Rättegångs-balken"/>
						</TextLine>
						<TextLine ID="line_9" HPOS="193" VPOS="411" WIDTH="741" HEIGHT="27">
							<String ID="string_74" HPOS="193" VPOS="415" WIDTH="58" HEIGHT="23" WC="0.96" CONTENT="säges"/><SP WIDTH="17" VPOS="415" HPOS="251"/>
							<String ID="string_75" HPOS="268" VPOS="413" WIDTH="39" HEIGHT="19" WC="0.96" CONTENT="och"/><SP WIDTH="17" VPOS="413" HPOS="307"/>
							<String ID="string_76" HPOS="324" VPOS="412" WIDTH="120" HEIGHT="26" WC="0.96" CONTENT="förvandlas,"/><SP WIDTH="20" VPOS="412" HPOS="444"/>
							<String ID="string_77" HPOS="464" VPOS="412" WIDTH="33" HEIGHT="20" WC="0.96" CONTENT="vid"/><SP WIDTH="18" VPOS="412" HPOS="497"/>
							<String ID="string_78" HPOS="515" VPOS="413" WIDTH="100" HEIGHT="19" WC="0.95" CONTENT="bristande"/><SP WIDTH="18" VPOS="413" HPOS="615"/>
							<String ID="string_79" HPOS="633" VPOS="411" WIDTH="77" HEIGHT="27" WC="0.95" CONTENT="tillgång"/><SP WIDTH="17" VPOS="411" HPOS="710"/>
							<String ID="string_80" HPOS="727" VPOS="413" WIDTH="36" HEIGHT="18" WC="0.95" CONTENT="hos"/><SP WIDTH="18" VPOS="413" HPOS="763"/>
							<String ID="string_81" HPOS="781" VPOS="412" WIDTH="36" HEIGHT="19" WC="0.90" CONTENT="den"/><SP WIDTH="19" VPOS="412" HPOS="817"/>
							<String ID="string_82" HPOS="836" VPOS="413" WIDTH="98" HEIGHT="22" WC="0.90" CONTENT="sakfällde,"/>
						</TextLine>
						<TextLine ID="line_10" HPOS="192" VPOS="438" WIDTH="746" HEIGHT="27">
							<String ID="string_83" HPOS="192" VPOS="439" WIDTH="26" HEIGHT="20" WC="0.92" CONTENT="till"/><SP WIDTH="18" VPOS="439" HPOS="218"/>
							<String ID="string_84" HPOS="236" VPOS="439" WIDTH="88" HEIGHT="26" WC="0.96" CONTENT="fängelse"/><SP WIDTH="17" VPOS="439" HPOS="324"/>
							<String ID="string_85" HPOS="341" VPOS="439" WIDTH="32" HEIGHT="19" WC="0.95" CONTENT="vid"/><SP WIDTH="18" VPOS="439" HPOS="373"/>
							<String ID="string_86" HPOS="391" VPOS="441" WIDTH="68" HEIGHT="18" WC="0.95" CONTENT="vatten"/><SP WIDTH="17" VPOS="441" HPOS="459"/>
							<String ID="string_87" HPOS="476" VPOS="439" WIDTH="38" HEIGHT="20" WC="0.96" CONTENT="och"/><SP WIDTH="17" VPOS="439" HPOS="514"/>
							<String ID="string_88" HPOS="531" VPOS="439" WIDTH="49" HEIGHT="20" WC="0.96" CONTENT="bröd"/><SP WIDTH="17" VPOS="439" HPOS="580"/>
							<String ID="string_89" HPOS="597" VPOS="439" WIDTH="140" HEIGHT="19" WC="0.96" CONTENT="motsvarande"/><SP WIDTH="21" VPOS="439" HPOS="737"/>
							<String ID="string_90" HPOS="758" VPOS="444" WIDTH="24" HEIGHT="15" WC="0.67" CONTENT="en&#39;"/><SP WIDTH="22" VPOS="444" HPOS="782"/>
							<String ID="string_91" HPOS="804" VPOS="438" WIDTH="93" HEIGHT="26" WC="0.80" CONTENT="tredjedel"/><SP WIDTH="20" VPOS="438" HPOS="897"/>
							<String ID="string_92" HPOS="917" VPOS="439" WIDTH="21" HEIGHT="20" WC="0.96" CONTENT="af"/>
						</TextLine>
						<TextLine ID="line_11" HPOS="191" VPOS="465" WIDTH="157" HEIGHT="27">
							<String ID="string_93" HPOS="191" VPOS="465" WIDTH="157" HEIGHT="27" WC="0.90" CONTENT="bötesbeloppet."/>
						</TextLine>
					</TextBlock>
					<TextBlock ID="block_4" HPOS="192" VPOS="491" WIDTH="745" HEIGHT="212">
						<TextLine ID="line_12" HPOS="246" VPOS="491" WIDTH="691" HEIGHT="27">
							<String ID="string_94" HPOS="246" VPOS="494" WIDTH="25" HEIGHT="18" WC="0.94" CONTENT="14"/><SP WIDTH="14" VPOS="494" HPOS="271"/>
							<String ID="string_95" HPOS="285" VPOS="492" WIDTH="17" HEIGHT="25" WC="0.75" CONTENT="$."/><SP WIDTH="29" VPOS="492" HPOS="302"/>
							<String ID="string_96" HPOS="331" VPOS="493" WIDTH="29" HEIGHT="19" WC="0.95" CONTENT="De"/><SP WIDTH="15" VPOS="493" HPOS="360"/>
							<String ID="string_97" HPOS="375" VPOS="492" WIDTH="4" HEIGHT="19" WC="0.93" CONTENT="i"/><SP WIDTH="16" VPOS="492" HPOS="379"/>
							<String ID="string_98" HPOS="395" VPOS="493" WIDTH="10" HEIGHT="18" WC="0.90" CONTENT="4"/><SP WIDTH="16" VPOS="493" HPOS="405"/>
							<String ID="string_99" HPOS="421" VPOS="493" WIDTH="10" HEIGHT="24" WC="0.90" CONTENT="$"/><SP WIDTH="15" VPOS="493" HPOS="431"/>
							<String ID="string_100" HPOS="446" VPOS="493" WIDTH="24" HEIGHT="19" WC="0.93" CONTENT="53"/><SP WIDTH="15" VPOS="493" HPOS="470"/>
							<String ID="string_101" HPOS="485" VPOS="493" WIDTH="85" HEIGHT="25" WC="0.89" CONTENT="Kapitlet"/><SP WIDTH="13" VPOS="493" HPOS="570"/>
							<String ID="string_102" HPOS="583" VPOS="492" WIDTH="222" HEIGHT="25" WC="0.91" CONTENT="Missgernings-balken"/><SP WIDTH="10" VPOS="492" HPOS="805"/>
							<String ID="string_103" HPOS="815" VPOS="492" WIDTH="20" HEIGHT="19" WC="0.96" CONTENT="af"/><SP WIDTH="8" VPOS="492" HPOS="835"/>
							<String ID="string_104" HPOS="843" VPOS="493" WIDTH="52" HEIGHT="19" WC="0.96" CONTENT="1734"/><SP WIDTH="9" VPOS="493" HPOS="895"/>
							<String ID="string_105" HPOS="904" VPOS="491" WIDTH="33" HEIGHT="21" WC="0.96" CONTENT="års"/>
						</TextLine>
						<TextLine ID="line_13" HPOS="192" VPOS="518" WIDTH="744" HEIGHT="26">
							<String ID="string_106" HPOS="192" VPOS="519" WIDTH="31" HEIGHT="24" WC="0.96" CONTENT="lag"/><SP WIDTH="15" VPOS="519" HPOS="223"/>
							<String ID="string_107" HPOS="238" VPOS="518" WIDTH="104" HEIGHT="21" WC="0.96" CONTENT="bestämda"/><SP WIDTH="17" VPOS="518" HPOS="342"/>
							<String ID="string_108" HPOS="359" VPOS="524" WIDTH="72" HEIGHT="14" WC="0.96" CONTENT="ansvar"/><SP WIDTH="17" VPOS="524" HPOS="431"/>
							<String ID="string_109" HPOS="448" VPOS="519" WIDTH="30" HEIGHT="19" WC="0.96" CONTENT="för"/><SP WIDTH="16" VPOS="519" HPOS="478"/>
							<String ID="string_110" HPOS="494" VPOS="519" WIDTH="61" HEIGHT="20" WC="0.96" CONTENT="första"/><SP WIDTH="18" VPOS="519" HPOS="555"/>
							<String ID="string_111" HPOS="573" VPOS="519" WIDTH="36" HEIGHT="19" WC="0.96" CONTENT="och"/><SP WIDTH="18" VPOS="519" HPOS="609"/>
							<String ID="string_112" HPOS="627" VPOS="519" WIDTH="59" HEIGHT="19" WC="0.96" CONTENT="andra"/><SP WIDTH="17" VPOS="519" HPOS="686"/>
							<String ID="string_113" HPOS="703" VPOS="524" WIDTH="58" HEIGHT="13" WC="0.93" CONTENT="resan"/><SP WIDTH="19" VPOS="524" HPOS="761"/>
							<String ID="string_114" HPOS="780" VPOS="519" WIDTH="111" HEIGHT="25" WC="0.91" CONTENT="lönskaläge"/><SP WIDTH="14" VPOS="519" HPOS="891"/>
							<String ID="string_115" HPOS="905" VPOS="519" WIDTH="31" HEIGHT="19" WC="0.96" CONTENT="må"/>
						</TextLine>
						<TextLine ID="line_14" HPOS="192" VPOS="544" WIDTH="745" HEIGHT="26">
							<String ID="string_116" HPOS="192" VPOS="545" WIDTH="45" HEIGHT="19" WC="0.96" CONTENT="icke"/><SP WIDTH="13" VPOS="545" HPOS="237"/>
							<String ID="string_117" HPOS="250" VPOS="545" WIDTH="96" HEIGHT="25" WC="0.93" CONTENT="tillämpas"/><SP WIDTH="14" VPOS="545" HPOS="346"/>
							<String ID="string_118" HPOS="360" VPOS="544" WIDTH="11" HEIGHT="20" WC="0.91" CONTENT="å"/><SP WIDTH="15" VPOS="544" HPOS="371"/>
							<String ID="string_119" HPOS="386" VPOS="546" WIDTH="82" HEIGHT="24" WC="0.91" CONTENT="qvinna,"/><SP WIDTH="17" VPOS="546" HPOS="468"/>
							<String ID="string_120" HPOS="485" VPOS="551" WIDTH="45" HEIGHT="14" WC="0.96" CONTENT="som"/><SP WIDTH="13" VPOS="551" HPOS="530"/>
							<String ID="string_121" HPOS="543" VPOS="545" WIDTH="82" HEIGHT="20" WC="0.93" CONTENT="dermed"/><SP WIDTH="14" VPOS="545" HPOS="625"/>
							<String ID="string_122" HPOS="639" VPOS="545" WIDTH="102" HEIGHT="22" WC="0.92" CONTENT="beträdes;"/><SP WIDTH="19" VPOS="545" HPOS="741"/>
							<String ID="string_123" HPOS="760" VPOS="551" WIDTH="46" HEIGHT="13" WC="0.96" CONTENT="men"/><SP WIDTH="15" VPOS="551" HPOS="806"/>
							<String ID="string_124" HPOS="821" VPOS="545" WIDTH="64" HEIGHT="20" WC="0.96" CONTENT="förser"/><SP WIDTH="14" VPOS="545" HPOS="885"/>
							<String ID="string_125" HPOS="899" VPOS="545" WIDTH="38" HEIGHT="20" WC="0.96" CONTENT="hon"/>
						</TextLine>
						<TextLine ID="line_15" HPOS="193" VPOS="570" WIDTH="744" HEIGHT="27">
							<String ID="string_126" HPOS="193" VPOS="571" WIDTH="30" HEIGHT="25" WC="0.93" CONTENT="sig"/><SP WIDTH="14" VPOS="571" HPOS="223"/>
							<String ID="string_127" HPOS="237" VPOS="572" WIDTH="115" HEIGHT="19" WC="0.91" CONTENT="härutinnan"/><SP WIDTH="14" VPOS="572" HPOS="352"/>
							<String ID="string_128" HPOS="366" VPOS="571" WIDTH="48" HEIGHT="20" WC="0.96" CONTENT="flere"/><SP WIDTH="14" VPOS="571" HPOS="414"/>
							<String ID="string_129" HPOS="428" VPOS="571" WIDTH="78" HEIGHT="26" WC="0.96" CONTENT="gånger,"/><SP WIDTH="16" VPOS="571" HPOS="506"/>
							<String ID="string_130" HPOS="522" VPOS="572" WIDTH="36" HEIGHT="19" WC="0.96" CONTENT="bör"/><SP WIDTH="14" VPOS="572" HPOS="558"/>
							<String ID="string_131" HPOS="572" VPOS="571" WIDTH="64" HEIGHT="20" WC="0.93" CONTENT="henne"/><SP WIDTH="13" VPOS="571" HPOS="636"/>
							<String ID="string_132" HPOS="649" VPOS="571" WIDTH="79" HEIGHT="20" WC="0.92" CONTENT="derföre"/><SP WIDTH="14" VPOS="571" HPOS="728"/>
							<String ID="string_133" HPOS="742" VPOS="570" WIDTH="102" HEIGHT="21" WC="0.91" CONTENT="ådömmas"/><SP WIDTH="14" VPOS="570" HPOS="844"/>
							<String ID="string_134" HPOS="858" VPOS="571" WIDTH="33" HEIGHT="20" WC="0.93" CONTENT="det"/><SP WIDTH="13" VPOS="571" HPOS="891"/>
							<String ID="string_135" HPOS="904" VPOS="572" WIDTH="33" HEIGHT="19" WC="0.92" CONTENT="bö-"/>
						</TextLine>
						<TextLine ID="line_16" HPOS="193" VPOS="596" WIDTH="742" HEIGHT="29">
							<String ID="string_136" HPOS="193" VPOS="600" WIDTH="105" HEIGHT="17" WC="0.90" CONTENT="tesansvar"/><SP WIDTH="16" VPOS="600" HPOS="298"/>
							<String ID="string_137" HPOS="314" VPOS="598" WIDTH="30" HEIGHT="25" WC="0.95" CONTENT="lag"/><SP WIDTH="16" VPOS="598" HPOS="344"/>
							<String ID="string_138" HPOS="360" VPOS="597" WIDTH="30" HEIGHT="20" WC="0.92" CONTENT="för"/><SP WIDTH="17" VPOS="597" HPOS="390"/>
							<String ID="string_139" HPOS="407" VPOS="598" WIDTH="113" HEIGHT="25" WC="0.90" CONTENT="lönskaläge"/><SP WIDTH="17" VPOS="598" HPOS="520"/>
							<String ID="string_140" HPOS="537" VPOS="597" WIDTH="63" HEIGHT="26" WC="0.96" CONTENT="tredje"/><SP WIDTH="17" VPOS="597" HPOS="600"/>
							<String ID="string_141" HPOS="617" VPOS="598" WIDTH="38" HEIGHT="19" WC="0.93" CONTENT="och"/><SP WIDTH="17" VPOS="598" HPOS="655"/>
							<String ID="string_142" HPOS="672" VPOS="596" WIDTH="63" HEIGHT="26" WC="0.89" CONTENT="fjerde"/><SP WIDTH="17" VPOS="596" HPOS="735"/>
							<String ID="string_143" HPOS="752" VPOS="597" WIDTH="74" HEIGHT="26" WC="0.95" CONTENT="gången"/><SP WIDTH="20" VPOS="597" HPOS="826"/>
							<String ID="string_144" HPOS="846" VPOS="598" WIDTH="89" HEIGHT="27" WC="0.96" CONTENT="stadgar;"/>
						</TextLine>
						<TextLine ID="line_17" HPOS="192" VPOS="623" WIDTH="745" HEIGHT="26">
							<String ID="string_145" HPOS="192" VPOS="623" WIDTH="52" HEIGHT="20" WC="0.96" CONTENT="dock"/><SP WIDTH="17" VPOS="623" HPOS="244"/>
							<String ID="string_146" HPOS="261" VPOS="627" WIDTH="29" HEIGHT="16" WC="0.96" CONTENT="att"/><SP WIDTH="16" VPOS="627" HPOS="290"/>
							<String ID="string_147" HPOS="306" VPOS="623" WIDTH="59" HEIGHT="21" WC="0.96" CONTENT="dessa"/><SP WIDTH="17" VPOS="623" HPOS="365"/>
							<String ID="string_148" HPOS="382" VPOS="624" WIDTH="66" HEIGHT="24" WC="0.96" CONTENT="böter,"/><SP WIDTH="20" VPOS="624" HPOS="448"/>
							<String ID="string_149" HPOS="468" VPOS="624" WIDTH="32" HEIGHT="19" WC="0.96" CONTENT="vid"/><SP WIDTH="17" VPOS="624" HPOS="500"/>
							<String ID="string_150" HPOS="517" VPOS="625" WIDTH="100" HEIGHT="19" WC="0.96" CONTENT="bristande"/><SP WIDTH="17" VPOS="625" HPOS="617"/>
							<String ID="string_151" HPOS="634" VPOS="623" WIDTH="77" HEIGHT="26" WC="0.95" CONTENT="tillgång"/><SP WIDTH="17" VPOS="623" HPOS="711"/>
							<String ID="string_152" HPOS="728" VPOS="624" WIDTH="37" HEIGHT="20" WC="0.93" CONTENT="hos"/><SP WIDTH="17" VPOS="624" HPOS="765"/>
							<String ID="string_153" HPOS="782" VPOS="624" WIDTH="95" HEIGHT="25" WC="0.91" CONTENT="qvinnan,"/><SP WIDTH="22" VPOS="624" HPOS="877"/>
							<String ID="string_154" HPOS="899" VPOS="625" WIDTH="38" HEIGHT="19" WC="0.91" CONTENT="för-"/>
						</TextLine>
						<TextLine ID="line_18" HPOS="192" VPOS="649" WIDTH="745" HEIGHT="28">
							<String ID="string_155" HPOS="192" VPOS="651" WIDTH="83" HEIGHT="19" WC="0.91" CONTENT="vandlas"/><SP WIDTH="17" VPOS="651" HPOS="275"/>
							<String ID="string_156" HPOS="292" VPOS="651" WIDTH="26" HEIGHT="19" WC="0.96" CONTENT="till"/><SP WIDTH="19" VPOS="651" HPOS="318"/>
							<String ID="string_157" HPOS="337" VPOS="651" WIDTH="95" HEIGHT="24" WC="0.92" CONTENT="fängelse,"/><SP WIDTH="19" VPOS="651" HPOS="432"/>
							<String ID="string_158" HPOS="451" VPOS="650" WIDTH="29" HEIGHT="19" WC="0.93" CONTENT="för"/><SP WIDTH="16" VPOS="650" HPOS="480"/>
							<String ID="string_159" HPOS="496" VPOS="651" WIDTH="113" HEIGHT="25" WC="0.92" CONTENT="lönskaläge"/><SP WIDTH="17" VPOS="651" HPOS="609"/>
							<String ID="string_160" HPOS="626" VPOS="649" WIDTH="63" HEIGHT="26" WC="0.96" CONTENT="tredje"/><SP WIDTH="16" VPOS="649" HPOS="689"/>
							<String ID="string_161" HPOS="705" VPOS="650" WIDTH="74" HEIGHT="27" WC="0.95" CONTENT="gången"/><SP WIDTH="19" VPOS="650" HPOS="779"/>
							<String ID="string_162" HPOS="798" VPOS="651" WIDTH="4" HEIGHT="18" WC="0.96" CONTENT="i"/><SP WIDTH="15" VPOS="651" HPOS="802"/>
							<String ID="string_163" HPOS="817" VPOS="653" WIDTH="31" HEIGHT="18" WC="0.96" CONTENT="tre"/><SP WIDTH="14" VPOS="653" HPOS="848"/>
							<String ID="string_164" HPOS="862" VPOS="651" WIDTH="75" HEIGHT="20" WC="0.96" CONTENT="veckor"/>
						</TextLine>
						<TextLine ID="line_19" HPOS="192" VPOS="676" WIDTH="605" HEIGHT="27">
							<String ID="string_165" HPOS="192" VPOS="676" WIDTH="39" HEIGHT="20" WC="0.96" CONTENT="och"/><SP WIDTH="14" VPOS="676" HPOS="231"/>
							<String ID="string_166" HPOS="245" VPOS="677" WIDTH="30" HEIGHT="19" WC="0.96" CONTENT="för"/><SP WIDTH="14" VPOS="677" HPOS="275"/>
							<String ID="string_167" HPOS="289" VPOS="676" WIDTH="62" HEIGHT="20" WC="0.96" CONTENT="sådan"/><SP WIDTH="13" VPOS="676" HPOS="351"/>
							<String ID="string_168" HPOS="364" VPOS="677" WIDTH="96" HEIGHT="20" WC="0.90" CONTENT="förseelse"/><SP WIDTH="14" VPOS="677" HPOS="460"/>
							<String ID="string_169" HPOS="474" VPOS="676" WIDTH="62" HEIGHT="26" WC="0.90" CONTENT="fjerde"/><SP WIDTH="15" VPOS="676" HPOS="536"/>
							<String ID="string_170" HPOS="551" VPOS="677" WIDTH="75" HEIGHT="26" WC="0.96" CONTENT="gången"/><SP WIDTH="15" VPOS="677" HPOS="626"/>
							<String ID="string_171" HPOS="641" VPOS="677" WIDTH="5" HEIGHT="19" WC="0.96" CONTENT="i"/><SP WIDTH="14" VPOS="677" HPOS="646"/>
							<String ID="string_172" HPOS="660" VPOS="677" WIDTH="40" HEIGHT="19" WC="0.96" CONTENT="fem"/><SP WIDTH="15" VPOS="677" HPOS="700"/>
							<String ID="string_173" HPOS="715" VPOS="678" WIDTH="82" HEIGHT="19" WC="0.96" CONTENT="veckor."/>
						</TextLine>
					</TextBlock>
					<TextBlock ID="block_5" HPOS="192" VPOS="703" WIDTH="744" HEIGHT="52">
						<TextLine ID="line_20" HPOS="248" VPOS="703" WIDTH="688" HEIGHT="27">
							<String ID="string_174" HPOS="248" VPOS="704" WIDTH="24" HEIGHT="18" WC="0.92" CONTENT="15"/><SP WIDTH="14" VPOS="704" HPOS="272"/>
							<String ID="string_175" HPOS="286" VPOS="703" WIDTH="17" HEIGHT="25" WC="0.89" CONTENT="$."/><SP WIDTH="30" VPOS="703" HPOS="303"/>
							<String ID="string_176" HPOS="333" VPOS="704" WIDTH="72" HEIGHT="24" WC="0.86" CONTENT="Lägrar"/><SP WIDTH="16" VPOS="704" HPOS="405"/>
							<String ID="string_177" HPOS="421" VPOS="709" WIDTH="45" HEIGHT="13" WC="0.96" CONTENT="man"/><SP WIDTH="17" VPOS="709" HPOS="466"/>
							<String ID="string_178" HPOS="483" VPOS="704" WIDTH="47" HEIGHT="25" WC="0.93" CONTENT="ogift"/><SP WIDTH="17" VPOS="704" HPOS="530"/>
							<String ID="string_179" HPOS="547" VPOS="704" WIDTH="84" HEIGHT="24" WC="0.93" CONTENT="qvinna,"/><SP WIDTH="16" VPOS="704" HPOS="631"/>
							<String ID="string_180" HPOS="647" VPOS="709" WIDTH="43" HEIGHT="14" WC="0.96" CONTENT="som"/><SP WIDTH="15" VPOS="709" HPOS="690"/>
							<String ID="string_181" HPOS="705" VPOS="705" WIDTH="52" HEIGHT="18" WC="0.95" CONTENT="ännu"/><SP WIDTH="15" VPOS="705" HPOS="757"/>
							<String ID="string_182" HPOS="772" VPOS="703" WIDTH="18" HEIGHT="25" WC="0.96" CONTENT="ej"/><SP WIDTH="15" VPOS="703" HPOS="790"/>
							<String ID="string_183" HPOS="805" VPOS="703" WIDTH="43" HEIGHT="27" WC="0.96" CONTENT="fyllt"/><SP WIDTH="14" VPOS="703" HPOS="848"/>
							<String ID="string_184" HPOS="862" VPOS="704" WIDTH="74" HEIGHT="25" WC="0.96" CONTENT="sjutton"/>
						</TextLine>
						<TextLine ID="line_21" HPOS="192" VPOS="727" WIDTH="521" HEIGHT="28">
							<String ID="string_185" HPOS="192" VPOS="727" WIDTH="29" HEIGHT="27" WC="0.93" CONTENT="år,"/><SP WIDTH="16" VPOS="727" HPOS="221"/>
							<String ID="string_186" HPOS="237" VPOS="729" WIDTH="50" HEIGHT="25" WC="0.90" CONTENT="ligge"/><SP WIDTH="13" VPOS="729" HPOS="287"/>
							<String ID="string_187" HPOS="300" VPOS="729" WIDTH="34" HEIGHT="19" WC="0.96" CONTENT="det"/><SP WIDTH="13" VPOS="729" HPOS="334"/>
							<String ID="string_188" HPOS="347" VPOS="730" WIDTH="6" HEIGHT="18" WC="0.93" CONTENT="i"/><SP WIDTH="15" VPOS="730" HPOS="353"/>
							<String ID="string_189" HPOS="368" VPOS="730" WIDTH="81" HEIGHT="18" WC="0.92" CONTENT="tveböte"/><SP WIDTH="14" VPOS="730" HPOS="449"/>
							<String ID="string_190" HPOS="463" VPOS="732" WIDTH="54" HEIGHT="17" WC="0.96" CONTENT="emot"/><SP WIDTH="14" VPOS="732" HPOS="517"/>
							<String ID="string_191" HPOS="531" VPOS="733" WIDTH="58" HEIGHT="16" WC="0.93" CONTENT="annat"/><SP WIDTH="12" VPOS="733" HPOS="589"/>
							<String ID="string_192" HPOS="601" VPOS="729" WIDTH="112" HEIGHT="26" WC="0.90" CONTENT="lägersmål."/>
						</TextLine>
					</TextBlock>
					<TextBlock ID="block_6" HPOS="191" VPOS="754" WIDTH="748" HEIGHT="80">
						<TextLine ID="line_22" HPOS="247" VPOS="754" WIDTH="690" HEIGHT="28">
							<String ID="string_193" HPOS="247" VPOS="756" WIDTH="25" HEIGHT="20" WC="0.96" CONTENT="16"/><SP WIDTH="14" VPOS="756" HPOS="272"/>
							<String ID="string_194" HPOS="286" VPOS="755" WIDTH="16" HEIGHT="25" WC="0.67" CONTENT="G."/><SP WIDTH="29" VPOS="755" HPOS="302"/>
							<String ID="string_195" HPOS="331" VPOS="754" WIDTH="36" HEIGHT="20" WC="0.94" CONTENT="Mål"/><SP WIDTH="19" VPOS="754" HPOS="367"/>
							<String ID="string_196" HPOS="386" VPOS="756" WIDTH="101" HEIGHT="25" WC="0.96" CONTENT="angående"/><SP WIDTH="16" VPOS="756" HPOS="487"/>
							<String ID="string_197" HPOS="503" VPOS="756" WIDTH="26" HEIGHT="20" WC="0.96" CONTENT="de"/><SP WIDTH="17" VPOS="756" HPOS="529"/>
							<String ID="string_198" HPOS="546" VPOS="756" WIDTH="4" HEIGHT="18" WC="0.96" CONTENT="i"/><SP WIDTH="19" VPOS="756" HPOS="550"/>
							<String ID="string_199" HPOS="569" VPOS="756" WIDTH="61" HEIGHT="20" WC="0.96" CONTENT="denna"/><SP WIDTH="16" VPOS="756" HPOS="630"/>
							<String ID="string_200" HPOS="646" VPOS="756" WIDTH="111" HEIGHT="26" WC="0.96" CONTENT="förordning"/><SP WIDTH="13" VPOS="756" HPOS="757"/>
							<String ID="string_201" HPOS="770" VPOS="760" WIDTH="99" HEIGHT="22" WC="0.96" CONTENT="upptagna"/><SP WIDTH="15" VPOS="760" HPOS="869"/>
							<String ID="string_202" HPOS="884" VPOS="757" WIDTH="53" HEIGHT="20" WC="0.96" CONTENT="brott"/>
						</TextLine>
						<TextLine ID="line_23" HPOS="192" VPOS="781" WIDTH="747" HEIGHT="27">
							<String ID="string_203" HPOS="192" VPOS="781" WIDTH="46" HEIGHT="20" WC="0.95" CONTENT="med"/><SP WIDTH="14" VPOS="781" HPOS="238"/>
							<String ID="string_204" HPOS="252" VPOS="782" WIDTH="100" HEIGHT="24" WC="0.96" CONTENT="undantag"/><SP WIDTH="14" VPOS="782" HPOS="352"/>
							<String ID="string_205" HPOS="366" VPOS="782" WIDTH="20" HEIGHT="19" WC="0.96" CONTENT="af"/><SP WIDTH="13" VPOS="782" HPOS="386"/>
							<String ID="string_206" HPOS="399" VPOS="782" WIDTH="52" HEIGHT="25" WC="0.96" CONTENT="dem,"/><SP WIDTH="17" VPOS="782" HPOS="451"/>
							<String ID="string_207" HPOS="468" VPOS="788" WIDTH="44" HEIGHT="14" WC="0.93" CONTENT="som"/><SP WIDTH="15" VPOS="788" HPOS="512"/>
							<String ID="string_208" HPOS="527" VPOS="783" WIDTH="124" HEIGHT="19" WC="0.90" CONTENT="omförmälas"/><SP WIDTH="15" VPOS="783" HPOS="651"/>
							<String ID="string_209" HPOS="666" VPOS="783" WIDTH="6" HEIGHT="19" WC="0.96" CONTENT="i"/><SP WIDTH="15" VPOS="783" HPOS="672"/>
							<String ID="string_210" HPOS="687" VPOS="784" WIDTH="24" HEIGHT="18" WC="0.96" CONTENT="14"/><SP WIDTH="15" VPOS="784" HPOS="711"/>
							<String ID="string_211" HPOS="726" VPOS="784" WIDTH="38" HEIGHT="18" WC="0.96" CONTENT="och"/><SP WIDTH="15" VPOS="784" HPOS="764"/>
							<String ID="string_212" HPOS="779" VPOS="784" WIDTH="24" HEIGHT="18" WC="0.97" CONTENT="15"/><SP WIDTH="15" VPOS="784" HPOS="803"/>
							<String ID="string_213" HPOS="818" VPOS="783" WIDTH="21" HEIGHT="25" WC="0.94" CONTENT="$$"/><SP WIDTH="14" VPOS="783" HPOS="839"/>
							<String ID="string_214" HPOS="853" VPOS="784" WIDTH="55" HEIGHT="20" WC="0.96" CONTENT="skola"/><SP WIDTH="10" VPOS="784" HPOS="908"/>
							<String ID="string_215" HPOS="918" VPOS="784" WIDTH="21" HEIGHT="19" WC="0.96" CONTENT="af"/>
						</TextLine>
						<TextLine ID="line_24" HPOS="191" VPOS="807" WIDTH="456" HEIGHT="27">
							<String ID="string_216" HPOS="191" VPOS="807" WIDTH="107" HEIGHT="20" WC="0.91" CONTENT="Underrätt"/><SP WIDTH="14" VPOS="807" HPOS="298"/>
							<String ID="string_217" HPOS="312" VPOS="809" WIDTH="115" HEIGHT="19" WC="0.92" CONTENT="hemställas"/><SP WIDTH="16" VPOS="809" HPOS="427"/>
							<String ID="string_218" HPOS="443" VPOS="809" WIDTH="86" HEIGHT="19" WC="0.92" CONTENT="Hofrätts"/><SP WIDTH="14" VPOS="809" HPOS="529"/>
							<String ID="string_219" HPOS="543" VPOS="810" WIDTH="104" HEIGHT="24" WC="0.70" CONTENT="pröfning.*"/>
						</TextLine>
					</TextBlock>
					<TextBlock ID="block_7" HPOS="192" VPOS="834" WIDTH="746" HEIGHT="159">
						<TextLine ID="line_25" HPOS="247" VPOS="834" WIDTH="689" HEIGHT="26">
							<String ID="string_220" HPOS="247" VPOS="834" WIDTH="55" HEIGHT="26" WC="0.91" CONTENT="17"/><SP WIDTH="-16" VPOS="834" HPOS="302"/>
							<String ID="string_221" HPOS="286" VPOS="830" WIDTH="27" HEIGHT="35" WC="0.91" CONTENT="$."/><SP WIDTH="20" VPOS="830" HPOS="313"/>
							<String ID="string_222" HPOS="333" VPOS="834" WIDTH="65" HEIGHT="20" WC="0.93" CONTENT="Denna"/><SP WIDTH="15" VPOS="834" HPOS="398"/>
							<String ID="string_223" HPOS="413" VPOS="835" WIDTH="112" HEIGHT="24" WC="0.96" CONTENT="förordning"/><SP WIDTH="15" VPOS="835" HPOS="525"/>
							<String ID="string_224" HPOS="540" VPOS="835" WIDTH="66" HEIGHT="20" WC="0.96" CONTENT="träder"/><SP WIDTH="14" VPOS="835" HPOS="606"/>
							<String ID="string_225" HPOS="620" VPOS="835" WIDTH="5" HEIGHT="19" WC="0.95" CONTENT="i"/><SP WIDTH="14" VPOS="835" HPOS="625"/>
							<String ID="string_226" HPOS="639" VPOS="835" WIDTH="131" HEIGHT="19" WC="0.96" CONTENT="verksamhet"/><SP WIDTH="13" VPOS="835" HPOS="770"/>
							<String ID="string_227" HPOS="783" VPOS="835" WIDTH="38" HEIGHT="20" WC="0.96" CONTENT="den"/><SP WIDTH="15" VPOS="835" HPOS="821"/>
							<String ID="string_228" HPOS="836" VPOS="837" WIDTH="8" HEIGHT="19" WC="0.96" CONTENT="1"/><SP WIDTH="13" VPOS="837" HPOS="844"/>
							<String ID="string_229" HPOS="857" VPOS="836" WIDTH="79" HEIGHT="20" WC="0.95" CONTENT="Januari"/>
						</TextLine>
						<TextLine ID="line_26" HPOS="194" VPOS="860" WIDTH="742" HEIGHT="29">
							<String ID="string_230" HPOS="194" VPOS="860" WIDTH="59" HEIGHT="19" WC="0.96" CONTENT="1865."/><SP WIDTH="16" VPOS="860" HPOS="253"/>
							<String ID="string_231" HPOS="269" VPOS="861" WIDTH="27" HEIGHT="19" WC="0.89" CONTENT="Är"/><SP WIDTH="14" VPOS="861" HPOS="296"/>
							<String ID="string_232" HPOS="310" VPOS="860" WIDTH="76" HEIGHT="20" WC="0.90" CONTENT="straffet"/><SP WIDTH="13" VPOS="860" HPOS="386"/>
							<String ID="string_233" HPOS="399" VPOS="860" WIDTH="11" HEIGHT="20" WC="0.93" CONTENT="ä"/><SP WIDTH="14" VPOS="860" HPOS="410"/>
							<String ID="string_234" HPOS="424" VPOS="860" WIDTH="63" HEIGHT="29" WC="0.93" CONTENT="nägon"/><SP WIDTH="14" VPOS="860" HPOS="487"/>
							<String ID="string_235" HPOS="501" VPOS="862" WIDTH="21" HEIGHT="18" WC="0.96" CONTENT="af"/><SP WIDTH="11" VPOS="862" HPOS="522"/>
							<String ID="string_236" HPOS="533" VPOS="861" WIDTH="25" HEIGHT="19" WC="0.93" CONTENT="de"/><SP WIDTH="15" VPOS="861" HPOS="558"/>
							<String ID="string_237" HPOS="573" VPOS="861" WIDTH="133" HEIGHT="26" WC="0.92" CONTENT="förbrytelser,"/><SP WIDTH="17" VPOS="861" HPOS="706"/>
							<String ID="string_238" HPOS="723" VPOS="868" WIDTH="42" HEIGHT="13" WC="0.97" CONTENT="som"/><SP WIDTH="16" VPOS="868" HPOS="765"/>
							<String ID="string_239" HPOS="781" VPOS="862" WIDTH="5" HEIGHT="18" WC="0.96" CONTENT="i"/><SP WIDTH="14" VPOS="862" HPOS="786"/>
							<String ID="string_240" HPOS="800" VPOS="862" WIDTH="136" HEIGHT="26" WC="0.94" CONTENT="förordningen"/>
						</TextLine>
						<TextLine ID="line_27" HPOS="192" VPOS="886" WIDTH="745" HEIGHT="29">
							<String ID="string_241" HPOS="192" VPOS="888" WIDTH="122" HEIGHT="24" WC="0.96" CONTENT="omnämnas,"/><SP WIDTH="18" VPOS="888" HPOS="314"/>
							<String ID="string_242" HPOS="332" VPOS="886" WIDTH="25" HEIGHT="21" WC="0.95" CONTENT="dä"/><SP WIDTH="13" VPOS="886" HPOS="357"/>
							<String ID="string_243" HPOS="370" VPOS="889" WIDTH="51" HEIGHT="18" WC="0.93" CONTENT="ännu"/><SP WIDTH="15" VPOS="889" HPOS="421"/>
							<String ID="string_244" HPOS="436" VPOS="893" WIDTH="17" HEIGHT="19" WC="0.94" CONTENT="ej"/><SP WIDTH="15" VPOS="893" HPOS="453"/>
							<String ID="string_245" HPOS="468" VPOS="888" WIDTH="100" HEIGHT="20" WC="0.96" CONTENT="bestämdt"/><SP WIDTH="13" VPOS="888" HPOS="568"/>
							<String ID="string_246" HPOS="581" VPOS="893" WIDTH="70" HEIGHT="20" WC="0.93" CONTENT="genom"/><SP WIDTH="15" VPOS="893" HPOS="651"/>
							<String ID="string_247" HPOS="666" VPOS="888" WIDTH="68" HEIGHT="27" WC="0.94" CONTENT="utslag,"/><SP WIDTH="20" VPOS="888" HPOS="734"/>
							<String ID="string_248" HPOS="754" VPOS="894" WIDTH="43" HEIGHT="14" WC="0.93" CONTENT="som"/><SP WIDTH="15" VPOS="894" HPOS="797"/>
							<String ID="string_249" HPOS="812" VPOS="889" WIDTH="68" HEIGHT="19" WC="0.96" CONTENT="vunnit"/><SP WIDTH="10" VPOS="889" HPOS="880"/>
							<String ID="string_250" HPOS="890" VPOS="890" WIDTH="47" HEIGHT="19" WC="0.96" CONTENT="eller"/>
						</TextLine>
						<TextLine ID="line_28" HPOS="192" VPOS="912" WIDTH="746" HEIGHT="28">
							<String ID="string_251" HPOS="192" VPOS="912" WIDTH="30" HEIGHT="20" WC="0.95" CONTENT="får"/><SP WIDTH="19" VPOS="912" HPOS="222"/>
							<String ID="string_252" HPOS="241" VPOS="913" WIDTH="57" HEIGHT="19" WC="0.95" CONTENT="vinna"/><SP WIDTH="16" VPOS="913" HPOS="298"/>
							<String ID="string_253" HPOS="314" VPOS="914" WIDTH="42" HEIGHT="25" WC="0.96" CONTENT="laga"/><SP WIDTH="17" VPOS="914" HPOS="356"/>
							<String ID="string_254" HPOS="373" VPOS="914" WIDTH="61" HEIGHT="24" WC="0.96" CONTENT="kraft,"/><SP WIDTH="18" VPOS="914" HPOS="434"/>
							<String ID="string_255" HPOS="452" VPOS="914" WIDTH="32" HEIGHT="19" WC="0.97" CONTENT="mä"/><SP WIDTH="18" VPOS="914" HPOS="484"/>
							<String ID="string_256" HPOS="502" VPOS="915" WIDTH="33" HEIGHT="18" WC="0.93" CONTENT="det"/><SP WIDTH="16" VPOS="915" HPOS="535"/>
							<String ID="string_257" HPOS="551" VPOS="921" WIDTH="71" HEIGHT="14" WC="0.93" CONTENT="ansvar"/><SP WIDTH="18" VPOS="921" HPOS="622"/>
							<String ID="string_258" HPOS="640" VPOS="914" WIDTH="109" HEIGHT="26" WC="0.84" CONTENT="ädömmas,"/><SP WIDTH="17" VPOS="914" HPOS="749"/>
							<String ID="string_259" HPOS="766" VPOS="921" WIDTH="43" HEIGHT="14" WC="0.96" CONTENT="som"/><SP WIDTH="15" VPOS="921" HPOS="809"/>
							<String ID="string_260" HPOS="824" VPOS="916" WIDTH="35" HEIGHT="19" WC="0.93" CONTENT="här"/><SP WIDTH="14" VPOS="916" HPOS="859"/>
							<String ID="string_261" HPOS="873" VPOS="916" WIDTH="65" HEIGHT="20" WC="0.95" CONTENT="finnes"/>
						</TextLine>
						<TextLine ID="line_29" HPOS="192" VPOS="939" WIDTH="745" HEIGHT="29">
							<String ID="string_262" HPOS="192" VPOS="941" WIDTH="73" HEIGHT="22" WC="0.92" CONTENT="utsatt,"/><SP WIDTH="19" VPOS="941" HPOS="265"/>
							<String ID="string_263" HPOS="284" VPOS="939" WIDTH="22" HEIGHT="20" WC="0.93" CONTENT="sä"/><SP WIDTH="18" VPOS="939" HPOS="306"/>
							<String ID="string_264" HPOS="324" VPOS="939" WIDTH="59" HEIGHT="20" WC="0.92" CONTENT="framt"/><SP WIDTH="16" VPOS="939" HPOS="383"/>
							<String ID="string_265" HPOS="399" VPOS="940" WIDTH="34" HEIGHT="19" WC="0.91" CONTENT="Jet"/><SP WIDTH="16" VPOS="940" HPOS="433"/>
							<String ID="string_266" HPOS="449" VPOS="942" WIDTH="21" HEIGHT="18" WC="0.93" CONTENT="är"/><SP WIDTH="17" VPOS="942" HPOS="470"/>
							<String ID="string_267" HPOS="487" VPOS="941" WIDTH="104" HEIGHT="26" WC="0.92" CONTENT="lindrigare"/><SP WIDTH="17" VPOS="941" HPOS="591"/>
							<String ID="string_268" HPOS="608" VPOS="942" WIDTH="24" HEIGHT="19" WC="0.97" CONTENT="än"/><SP WIDTH="17" VPOS="942" HPOS="632"/>
							<String ID="string_269" HPOS="649" VPOS="941" WIDTH="42" HEIGHT="25" WC="0.95" CONTENT="det,"/><SP WIDTH="16" VPOS="941" HPOS="691"/>
							<String ID="string_270" HPOS="707" VPOS="947" WIDTH="44" HEIGHT="14" WC="0.97" CONTENT="som"/><SP WIDTH="14" VPOS="947" HPOS="751"/>
							<String ID="string_271" HPOS="765" VPOS="942" WIDTH="58" HEIGHT="26" WC="0.93" CONTENT="enligt"/><SP WIDTH="14" VPOS="942" HPOS="823"/>
							<String ID="string_272" HPOS="837" VPOS="942" WIDTH="54" HEIGHT="21" WC="0.93" CONTENT="äldre"/><SP WIDTH="14" VPOS="942" HPOS="891"/>
							<String ID="string_273" HPOS="905" VPOS="943" WIDTH="32" HEIGHT="25" WC="0.91" CONTENT="lag"/>
						</TextLine>
						<TextLine ID="line_30" HPOS="193" VPOS="965" WIDTH="433" HEIGHT="28">
							<String ID="string_274" HPOS="193" VPOS="966" WIDTH="48" HEIGHT="19" WC="0.92" CONTENT="eller"/><SP WIDTH="14" VPOS="966" HPOS="241"/>
							<String ID="string_275" HPOS="255" VPOS="965" WIDTH="111" HEIGHT="27" WC="0.89" CONTENT="författning"/><SP WIDTH="14" VPOS="965" HPOS="366"/>
							<String ID="string_276" HPOS="380" VPOS="966" WIDTH="10" HEIGHT="20" WC="0.92" CONTENT="ä"/><SP WIDTH="15" VPOS="966" HPOS="390"/>
							<String ID="string_277" HPOS="405" VPOS="968" WIDTH="107" HEIGHT="24" WC="0.93" CONTENT="gerningen"/><SP WIDTH="14" VPOS="968" HPOS="512"/>
							<String ID="string_278" HPOS="526" VPOS="967" WIDTH="44" HEIGHT="26" WC="0.92" CONTENT="följa"/><SP WIDTH="14" VPOS="967" HPOS="570"/>
							<String ID="string_279" HPOS="584" VPOS="968" WIDTH="42" HEIGHT="19" WC="0.96" CONTENT="bör."/>
						</TextLine>
					</TextBlock>
				</ComposedBlock>
				<ComposedBlock ID="cblock_2" HPOS="404" VPOS="1019" WIDTH="531" HEIGHT="29">
					<TextBlock ID="block_8" HPOS="404" VPOS="1019" WIDTH="531" HEIGHT="29">
						<TextLine ID="line_31" HPOS="404" VPOS="1019" WIDTH="531" HEIGHT="29">
							<String ID="string_280" HPOS="404" VPOS="1020" WIDTH="64" HEIGHT="25" WC="0.96" CONTENT="Enligt"/><SP WIDTH="16" VPOS="1020" HPOS="468"/>
							<String ID="string_281" HPOS="484" VPOS="1021" WIDTH="64" HEIGHT="19" WC="0.93" CONTENT="Hans"/><SP WIDTH="16" VPOS="1021" HPOS="548"/>
							<String ID="string_282" HPOS="564" VPOS="1019" WIDTH="133" HEIGHT="28" WC="0.92" CONTENT="Kejserliga"/><SP WIDTH="21" VPOS="1019" HPOS="697"/>
							<String ID="string_283" HPOS="718" VPOS="1020" WIDTH="122" HEIGHT="27" WC="0.92" CONTENT="Majestäts"/><SP WIDTH="22" VPOS="1020" HPOS="840"/>
							<String ID="string_284" HPOS="862" VPOS="1022" WIDTH="73" HEIGHT="26" WC="0.92" CONTENT="Nädiga"/>
						</TextLine>
					</TextBlock>
				</ComposedBlock>
				<ComposedBlock ID="cblock_3" HPOS="333" VPOS="1046" WIDTH="602" HEIGHT="46">
					<TextBlock ID="block_9" HPOS="333" VPOS="1046" WIDTH="602" HEIGHT="46">
						<TextLine ID="line_32" HPOS="333" VPOS="1046" WIDTH="602" HEIGHT="46">
							<String ID="string_285" HPOS="333" VPOS="1046" WIDTH="47" HEIGHT="46" WC="0.21" CONTENT="jar"/><SP WIDTH="13" VPOS="1046" HPOS="380"/>
							<String ID="string_286" HPOS="393" VPOS="1047" WIDTH="54" HEIGHT="25" WC="0.0" CONTENT="minga"/><SP WIDTH="19" VPOS="1047" HPOS="447"/>
							<String ID="string_287" HPOS="466" VPOS="1047" WIDTH="65" HEIGHT="25" WC="0.92" CONTENT="gifven"/><SP WIDTH="16" VPOS="1047" HPOS="531"/>
							<String ID="string_288" HPOS="547" VPOS="1047" WIDTH="6" HEIGHT="19" WC="0.96" CONTENT="i"/><SP WIDTH="17" VPOS="1047" HPOS="553"/>
							<String ID="string_289" HPOS="570" VPOS="1047" WIDTH="106" HEIGHT="25" WC="0.96" CONTENT="Tsarskoje"/><SP WIDTH="17" VPOS="1047" HPOS="676"/>
							<String ID="string_290" HPOS="693" VPOS="1049" WIDTH="44" HEIGHT="18" WC="0.96" CONTENT="Selo"/><SP WIDTH="17" VPOS="1049" HPOS="737"/>
							<String ID="string_291" HPOS="754" VPOS="1048" WIDTH="37" HEIGHT="20" WC="0.96" CONTENT="den"/><SP WIDTH="17" VPOS="1048" HPOS="791"/>
							<String ID="string_292" HPOS="808" VPOS="1049" WIDTH="12" HEIGHT="19" WC="0.96" CONTENT="9"/><SP WIDTH="18" VPOS="1049" HPOS="820"/>
							<String ID="string_293" HPOS="838" VPOS="1049" WIDTH="42" HEIGHT="24" WC="0.96" CONTENT="(21)"/><SP WIDTH="17" VPOS="1049" HPOS="880"/>
							<String ID="string_294" HPOS="897" VPOS="1049" WIDTH="38" HEIGHT="19" WC="0.96" CONTENT="Juli"/>
						</TextLine>
						<TextLine ID="line_33" HPOS="348" VPOS="1073" WIDTH="44" HEIGHT="19">
							<String ID="string_295" HPOS="348" VPOS="1073" WIDTH="44" HEIGHT="19" WC="0.95" CONTENT="863."/>
						</TextLine>
					</TextBlock>
				</ComposedBlock>
				<ComposedBlock ID="cblock_4" HPOS="459" VPOS="1134" WIDTH="406" HEIGHT="114">
					<TextBlock ID="block_10" HPOS="459" VPOS="1134" WIDTH="406" HEIGHT="114">
						<TextLine ID="line_34" HPOS="459" VPOS="1134" WIDTH="210" HEIGHT="18">
							<String ID="string_296" HPOS="459" VPOS="1134" WIDTH="73" HEIGHT="18" WC="0.95" CONTENT="Alex."/><SP WIDTH="13" VPOS="1134" HPOS="532"/>
							<String ID="string_297" HPOS="545" VPOS="1134" WIDTH="124" HEIGHT="18" WC="0.91" CONTENT="Armfelt."/>
						</TextLine>
						<TextLine ID="line_35" HPOS="661" VPOS="1228" WIDTH="204" HEIGHT="20">
							<String ID="string_298" HPOS="661" VPOS="1228" WIDTH="20" HEIGHT="20" WC="0.95" CONTENT="A."/><SP WIDTH="13" VPOS="1228" HPOS="681"/>
							<String ID="string_299" HPOS="694" VPOS="1228" WIDTH="27" HEIGHT="19" WC="0.93" CONTENT="W."/><SP WIDTH="13" VPOS="1228" HPOS="721"/>
							<String ID="string_300" HPOS="734" VPOS="1228" WIDTH="131" HEIGHT="20" WC="0.88" CONTENT="Wallensköld."/>
						</TextLine>
					</TextBlock>
				</ComposedBlock>
				<ComposedBlock ID="cblock_5" HPOS="326" VPOS="1320" WIDTH="607" HEIGHT="69">
					<TextBlock ID="block_11" HPOS="326" VPOS="1320" WIDTH="607" HEIGHT="69">
						<TextLine ID="line_36" HPOS="394" VPOS="1320" WIDTH="539" HEIGHT="24">
							<String ID="string_301" HPOS="394" VPOS="1320" WIDTH="96" HEIGHT="19" WC="0.73" CONTENT="Motiver"/><SP WIDTH="16" VPOS="1320" HPOS="490"/>
							<String ID="string_302" HPOS="506" VPOS="1321" WIDTH="30" HEIGHT="17" WC="0.93" CONTENT="till"/><SP WIDTH="17" VPOS="1321" HPOS="536"/>
							<String ID="string_303" HPOS="553" VPOS="1321" WIDTH="92" HEIGHT="23" WC="0.96" CONTENT="förslaget"/><SP WIDTH="16" VPOS="1321" HPOS="645"/>
							<String ID="string_304" HPOS="661" VPOS="1322" WIDTH="31" HEIGHT="17" WC="0.93" CONTENT="till"/><SP WIDTH="17" VPOS="1322" HPOS="692"/>
							<String ID="string_305" HPOS="709" VPOS="1322" WIDTH="115" HEIGHT="22" WC="0.95" CONTENT="Förordning"/><SP WIDTH="17" VPOS="1322" HPOS="824"/>
							<String ID="string_306" HPOS="841" VPOS="1321" WIDTH="92" HEIGHT="20" WC="0.96" CONTENT="angående"/>
						</TextLine>
						<TextLine ID="line_37" HPOS="326" VPOS="1340" WIDTH="607" HEIGHT="24">
							<String ID="string_307" HPOS="326" VPOS="1340" WIDTH="109" HEIGHT="20" WC="0.94" CONTENT="barnamord"/><SP WIDTH="16" VPOS="1340" HPOS="435"/>
							<String ID="string_308" HPOS="451" VPOS="1343" WIDTH="47" HEIGHT="18" WC="0.93" CONTENT="samt"/><SP WIDTH="14" VPOS="1343" HPOS="498"/>
							<String ID="string_309" HPOS="512" VPOS="1342" WIDTH="69" HEIGHT="19" WC="0.93" CONTENT="fosters"/><SP WIDTH="14" VPOS="1342" HPOS="581"/>
							<String ID="string_310" HPOS="595" VPOS="1342" WIDTH="128" HEIGHT="20" WC="0.59" CONTENT="fördrifvando"/><SP WIDTH="16" VPOS="1342" HPOS="723"/>
							<String ID="string_311" HPOS="739" VPOS="1344" WIDTH="33" HEIGHT="18" WC="0.93" CONTENT="och"/><SP WIDTH="15" VPOS="1344" HPOS="772"/>
							<String ID="string_312" HPOS="787" VPOS="1344" WIDTH="105" HEIGHT="19" WC="0.90" CONTENT="utsättande"/><SP WIDTH="15" VPOS="1344" HPOS="892"/>
							<String ID="string_313" HPOS="907" VPOS="1345" WIDTH="26" HEIGHT="19" WC="0.92" CONTENT="äf-"/>
						</TextLine>
						<TextLine ID="line_38" HPOS="326" VPOS="1365" WIDTH="451" HEIGHT="24">
							<String ID="string_314" HPOS="326" VPOS="1368" WIDTH="74" HEIGHT="15" WC="0.92" CONTENT="vensom"/><SP WIDTH="14" VPOS="1368" HPOS="400"/>
							<String ID="string_315" HPOS="414" VPOS="1369" WIDTH="67" HEIGHT="14" WC="0.92" CONTENT="ansvar"/><SP WIDTH="11" VPOS="1369" HPOS="481"/>
							<String ID="string_316" HPOS="492" VPOS="1365" WIDTH="31" HEIGHT="19" WC="0.95" CONTENT="för"/><SP WIDTH="10" VPOS="1365" HPOS="523"/>
							<String ID="string_317" HPOS="533" VPOS="1365" WIDTH="52" HEIGHT="19" WC="0.97" CONTENT="vissa"/><SP WIDTH="10" VPOS="1365" HPOS="585"/>
							<String ID="string_318" HPOS="595" VPOS="1366" WIDTH="35" HEIGHT="19" WC="0.96" CONTENT="fall"/><SP WIDTH="12" VPOS="1366" HPOS="630"/>
							<String ID="string_319" HPOS="642" VPOS="1366" WIDTH="21" HEIGHT="19" WC="0.93" CONTENT="af"/><SP WIDTH="9" VPOS="1366" HPOS="663"/>
							<String ID="string_320" HPOS="672" VPOS="1365" WIDTH="105" HEIGHT="24" WC="0.87" CONTENT="lägersmäl."/>
						</TextLine>
					</TextBlock>
				</ComposedBlock>
				<ComposedBlock ID="cblock_6" HPOS="191" VPOS="1413" WIDTH="741" HEIGHT="55">
					<TextBlock ID="block_12" HPOS="191" VPOS="1413" WIDTH="741" HEIGHT="55">
						<TextLine ID="line_39" HPOS="245" VPOS="1413" WIDTH="687" HEIGHT="31">
							<String ID="string_321" HPOS="245" VPOS="1413" WIDTH="36" HEIGHT="19" WC="0.96" CONTENT="Vid"/><SP WIDTH="9" VPOS="1413" HPOS="281"/>
							<String ID="string_322" HPOS="290" VPOS="1415" WIDTH="126" HEIGHT="29" WC="0.46" CONTENT="Wutsättandet"/><SP WIDTH="14" VPOS="1415" HPOS="416"/>
							<String ID="string_323" HPOS="430" VPOS="1415" WIDTH="20" HEIGHT="19" WC="0.93" CONTENT="af"/><SP WIDTH="10" VPOS="1415" HPOS="450"/>
							<String ID="string_324" HPOS="460" VPOS="1415" WIDTH="261" HEIGHT="21" WC="0.92" CONTENT="ansvarsbestämmelserna"/><SP WIDTH="10" VPOS="1415" HPOS="721"/>
							<String ID="string_325" HPOS="731" VPOS="1417" WIDTH="29" HEIGHT="19" WC="0.93" CONTENT="för"/><SP WIDTH="10" VPOS="1417" HPOS="760"/>
							<String ID="string_326" HPOS="770" VPOS="1417" WIDTH="116" HEIGHT="19" WC="0.96" CONTENT="barnamord"/><SP WIDTH="12" VPOS="1417" HPOS="886"/>
							<String ID="string_327" HPOS="898" VPOS="1417" WIDTH="34" HEIGHT="20" WC="0.96" CONTENT="har"/>
						</TextLine>
						<TextLine ID="line_40" HPOS="191" VPOS="1440" WIDTH="740" HEIGHT="28">
							<String ID="string_328" HPOS="191" VPOS="1444" WIDTH="46" HEIGHT="15" WC="0.92" CONTENT="man"/><SP WIDTH="17" VPOS="1444" HPOS="237"/>
							<String ID="string_329" HPOS="254" VPOS="1442" WIDTH="62" HEIGHT="23" WC="0.96" CONTENT="utgått"/><SP WIDTH="16" VPOS="1442" HPOS="316"/>
							<String ID="string_330" HPOS="332" VPOS="1440" WIDTH="42" HEIGHT="20" WC="0.95" CONTENT="från"/><SP WIDTH="17" VPOS="1440" HPOS="374"/>
							<String ID="string_331" HPOS="391" VPOS="1441" WIDTH="38" HEIGHT="20" WC="0.86" CONTENT="den"/><SP WIDTH="17" VPOS="1441" HPOS="429"/>
							<String ID="string_332" HPOS="446" VPOS="1441" WIDTH="122" HEIGHT="27" WC="0.96" CONTENT="uppfattning"/><SP WIDTH="17" VPOS="1441" HPOS="568"/>
							<String ID="string_333" HPOS="585" VPOS="1442" WIDTH="21" HEIGHT="20" WC="0.96" CONTENT="af"/><SP WIDTH="12" VPOS="1442" HPOS="606"/>
							<String ID="string_334" HPOS="618" VPOS="1443" WIDTH="82" HEIGHT="19" WC="0.94" CONTENT="nämnda"/><SP WIDTH="15" VPOS="1443" HPOS="700"/>
							<String ID="string_335" HPOS="715" VPOS="1443" WIDTH="52" HEIGHT="20" WC="0.96" CONTENT="brott"/><SP WIDTH="14" VPOS="1443" HPOS="767"/>
							<String ID="string_336" HPOS="781" VPOS="1446" WIDTH="28" HEIGHT="17" WC="0.93" CONTENT="att"/><SP WIDTH="13" VPOS="1446" HPOS="809"/>
							<String ID="string_337" HPOS="822" VPOS="1444" WIDTH="109" HEIGHT="20" WC="0.95" CONTENT="detsamma"/>
						</TextLine>
					</TextBlock>
				</ComposedBlock>
			</PrintSpace>
		</Page>
	</Layout>
</alto>
