1014 1778
268 129 137 23 Lagutskottets
418 131 113 18 betänkande
543 131 37 18 N:o
592 132 16 17 1.
790 132 21 19 13

69 177 59 20 orsak
150 179 38 19 kan
208 179 32 26 jag
260 179 45 20 icke
325 182 98 17 annat-än
440 181 86 25 förorda,
545 184 29 16 att
591 181 70 25 qvinna
678 181 33 20 må
728 182 82 19 likasom

69 210 90 20 mannen,
175 206 46 20 med
235 207 79 19 hvilken
328 207 39 19 hon
381 207 5 19 i
400 207 94 20 afseende
507 207 11 20 å
533 208 78 19 allmänt
624 208 107 26 menskliga
746 209 65 25 rättig-

69 231 58 19 heter
140 232 37 19 bör
190 233 100 25 likställas,
306 233 34 20 vid
355 233 83 26 tjuguett
452 233 34 20 års
499 233 55 20 ålder
564 235 95 18 förklaras
671 235 42 19 fullt
722 235 86 26 myndig.

70 258 37 19 Det
122 258 124 21 erkännande
260 260 38 19 och
312 259 37 20 den
364 260 89 25 rättvisa,
470 266 44 13 som
528 260 81 20 sålunda
623 261 80 19 komme
713 264 28 16 att
755 261 56 25 gvin-

69 289 37 13 nan
120 285 122 25 vederfaras,
258 286 63 19 skulle
335 287 26 18 uti
376 286 44 19 icke
434 287 54 24 ringa
501 286 46 19 mån
561 286 44 25 höja
619 287 64 19 henne
697 287 5 18 i
713 287 48 26 egen
771 288 39 19 och

68 311 95 28 männens
177 311 85 26 aktning,
279 315 51 16 samt
344 313 103 18 samhället
464 313 57 19 deraf
536 313 72 19 skörda
624 313 105 26 mångfaldt
746 314 64 19 större

69 339 54 25 vinst
136 338 23 18 än
174 338 21 19 af
207 337 73 21 sådane
294 339 77 25 lagbud,
388 339 66 19 hvilka
468 339 44 20 icke
525 339 66 19 utvisa
605 340 43 19 fullt
661 340 112 19 förtroende
783 340 27 19 till

69 363 185 27 själsutvecklingen
269 365 37 19 hos
320 364 44 26 den,
381 370 44 14 som
438 365 52 20 dock
504 367 22 19 är
539 366 91 20 bestämd
644 369 29 17 att
686 366 64 20 fostra
769 367 42 19 lan-

67 388 46 21 dets
128 390 79 21 söner.»

122 445 25 19 Af
159 445 45 20 vice
217 446 96 19 Pastoren
327 452 39 14 von
379 447 83 19 Essen:

123 471 49 20 «Vid
185 472 139 21 diskussionen
338 473 20 20 af
370 472 73 27 frågan,
459 473 97 20 huruvida
570 473 79 27 myndig
662 473 32 20 mö
708 473 37 21 bör
761 473 5 20 i
781 474 28 19 af-

69 497 73 20 seende
156 498 10 19 å
181 499 120 26 äktenskaps
315 499 95 27 ingående
428 506 46 13 vara
492 501 20 19 af
527 501 66 19 faders
610 502 38 20 och
666 500 80 20 moders
763 500 46 25 vilja

68 524 99 20 beroende
182 526 46 19 eller
242 525 27 26 ej,
286 527 91 20 förenade
392 525 32 28 jag
438 527 40 26 mig
490 527 47 20 med
551 527 25 20 de
590 527 70 25 talare,
679 532 54 20 som,
752 527 5 19 i
774 527 36 20 lik-

68 551 35 29 het
115 551 46 20 med
176 553 102 26 förslaget,
294 553 45 20 ville
356 553 20 20 åt
393 553 119 21 föräldrarne
528 555 74 19 bevara
619 554 187 26 giftomannarätten.

68 577 66 20 Likväl
149 579 87 20 önskade
248 579 34 26 jag
295 580 37 20 den
350 580 138 26 inskränkning
504 581 52 25 deri,
575 583 28 17 att
620 581 66 19 faders
703 581 47 19 eller
767 586 42 13 mo-

67 603 47 20 ders
129 606 103 26 samtycke
247 607 18 19 til
280 607 80 26 myndig
374 607 76 20 dotters
464 607 96 26 giftermål
578 607 125 20 erfordrades
720 607 69 20 endast
802 607 6 18 i

67 630 34 20 det
115 631 38 26 fall,
169 635 28 17 att
211 633 39 19 hon
265 633 61 20 vistas
341 634 37 19 hos
393 634 38 19 och
448 633 86 26 åtnjuter
550 633 101 21 underhåll
669 634 20 19 af
704 633 55 26 dem,
778 633 32 20 så-

67 657 55 20 ledes
139 660 22 18 är
178 659 21 20 af
214 659 45 20 dem
276 660 5 19 i
298 660 36 21 alla
351 661 106 20 afseenden
474 661 106 20 beroende.
600 661 41 19 Har
660 661 39 19 hon
719 660 90 20 deremot

68 687 44 26 eget
126 685 75 21 förvärf
214 687 37 19 och
266 693 48 20 egen
329 686 133 27 hushållning,
481 687 77 20 således
575 687 88 20 befinner
679 687 30 26 sig
725 687 6 19 i
749 693 23 13 en
790 687 21 19 af

67 711 119 29 föräldrarna
201 713 111 20 oberoende
327 713 97 27 ställning,
443 714 25 20 dä
485 714 35 20 bör
537 714 39 20 hon
594 714 56 20 äfven
668 714 5 19 i
690 713 93 21 afseende
797 713 10 20 ä

67 738 108 25 giflermäls
189 740 93 26 ingående
296 740 19 20 få
329 741 43 19 fullt
385 741 111 19 bestämma
514 741 28 25 sig
560 740 53 26 sjelf,
630 741 79 20 alldeles
727 740 22 20 sä
764 746 44 14 som

67 770 32 14 om
114 766 49 20 enka
179 767 89 25 stadgadt
282 769 28 18 är.

120 792 28 20 Då
162 799 27 14 nu
203 794 33 20 vid
250 794 114 26 voteringen
378 800 33 14 om
424 794 66 20 faders
504 795 38 20 och
555 794 81 20 moders
649 794 159 26 giftomannarätt

67 819 124 21 meningarna
206 820 5 20 i
227 821 100 20 Utskottet
343 821 52 20 visat
412 821 28 26 sig
458 827 46 14 vara
518 821 26 20 till
562 821 38 20 den
616 821 47 26 grad
680 820 79 26 delade,
779 824 29 16 att

67 845 33 20 två
115 847 56 19 stånd
187 848 76 19 stadnat
277 850 41 17 mot
332 848 40 25 två,
388 849 22 19 är
424 848 53 20 detta
491 848 39 26 mig
544 854 24 13 en
582 848 112 26 ytterligare
704 848 102 26 anledning

67 874 28 18 att
108 872 85 21 vidhålla
207 874 39 20 min
260 875 52 20 förut
325 874 6 20 i
345 876 65 18 ämnet
424 875 79 26 yttrade
518 874 104 21 medlande
639 874 60 26 åsigt,
718 875 39 19 och
773 874 34 21 det

66 899 22 25 så
103 901 82 25 mycket
198 907 49 20 mer,
264 907 43 14 som
322 902 102 19 Utskottet
437 905 65 16 ansett
514 901 147 26 bestämningen
673 901 6 19 i
690 902 11 19 2
713 901 10 26 $
733 902 12 19 6
755 901 49 26 Kap.

67 926 23 20 G.
106 927 21 19 B.
143 928 47 19 böra
205 928 57 19 äfven
276 928 25 26 på
315 928 80 27 myndig
408 929 32 18 mö
455 929 106 25 tillämpas,
577 928 84 25 hvilket,
677 927 22 20 så
717 928 42 20 vidt
774 927 33 27 jag

66 952 37 30 kan
119 959 28 20 se,
164 955 88 19 särdeles
266 956 30 19 väl
311 955 171 26 korresponderar
494 955 46 20 med
554 955 38 20 den
606 955 22 19 af
642 955 39 25 mig
697 955 109 28 föreslagna

65 981 163 26 inskränkningen
247 982 4 19 i
269 982 188 25 giftomannarätten.
476 983 8 18 I
500 982 54 20 detta
571 982 52 25 syfte
639 987 117 14 reserverar
773 987 33 20 jag

65 1007 39 25 mig
121 1007 56 20 alltså
193 1011 53 16 emot
260 1008 50 21 både
326 1008 38 20 den
382 1014 35 14 ena
435 1009 38 20 och
490 1009 38 19 den
544 1008 60 20 andra
622 1008 20 19 af
656 1008 25 19 de
697 1007 107 26 meningar,

65 1039 44 14 som
123 1033 33 21 vid
170 1035 114 26 voteringen
298 1035 6 20 i
318 1034 66 27 frågan
398 1034 52 27 gjort
468 1036 29 25 sig
511 1035 52 20 inom
579 1035 102 20 Utskottet
696 1034 109 26 gällande.»

119 1088 25 19 Af
156 1088 180 26 Kontraksprosten
351 1088 124 20 Stenbäck:
737 1105 3 1 N

119 1114 41 20 «Då
173 1114 33 26 jag
220 1116 68 18 röstat:
304 1118 28 17 att
345 1115 80 26 myndig
439 1116 77 24 gvinna,
532 1114 22 21 sä
569 1115 56 25 länge
639 1114 55 20 fader
707 1114 46 20 eller
763 1120 42 14 mo-

65 1140 36 20 der
114 1141 69 24 lefver,
200 1142 43 18 icke
256 1141 33 19 mä
303 1144 42 17 mot
358 1142 59 20 deras
431 1141 45 26 vilja
491 1141 110 25 äktenskap
615 1140 50 27 ingå,
681 1140 22 20 sä
714 1146 91 14 reserve-

65 1172 32 14 rar
109 1166 33 26 jag
157 1168 39 25 mig
209 1171 42 16 mot
265 1168 47 20 herr
325 1174 20 13 v.
361 1170 68 23 pastor
443 1174 38 14 von
498 1169 75 19 Essens
591 1168 80 25 förslag:
689 1169 29 17 att
735 1166 71 20 endast

66 1193 38 20 den
118 1194 78 25 gvinna,
213 1200 43 14 som
271 1195 36 19 bor
320 1195 80 19 hemma
414 1194 37 20 hos
465 1195 42 19 sina
521 1194 104 25 föräldrar,
643 1193 62 20 borde
721 1195 36 23 äga
771 1193 34 20 de-

65 1225 32 15 ras
112 1220 110 26 samtycke,
239 1223 28 17 att
280 1220 45 20 icke
339 1221 43 25 den,
400 1226 44 14 som
457 1221 78 20 lifnärer
550 1221 29 25 sig
592 1222 56 18 utom
657 1220 148 20 fädernebonin-

65 1252 43 20 gen,
124 1252 46 14 men
184 1247 51 20 inom
251 1248 145 25 församlingen,
412 1248 36 19 der
464 1248 119 19 förällrarne
600 1248 33 18 äro
650 1247 87 24 bosatta,
756 1252 49 14 vore

65 1273 63 20 Jertill
143 1274 115 19 förbunden.
275 1274 41 19 Den
331 1274 84 20 sednare
429 1274 38 19 kan
480 1274 53 20 dock
546 1273 101 26 dageligen
656 1272 75 20 besöka
741 1272 63 20 fäder-

65 1300 123 26 nehemmet,
207 1302 47 24 och,
274 1306 32 14 om
323 1303 68 23 pastor
407 1307 20 13 v.
446 1301 76 19 Essens
538 1300 72 25 förslag
627 1300 65 20 blefve
709 1298 93 27 gällande,

66 1332 48 14 vore
127 1327 65 19 henne
208 1327 111 26 medgifven
337 1328 64 18 större
418 1327 68 25 frihet,
506 1329 23 18 än
546 1327 75 19 hennes
638 1325 166 21 hemmavarande

65 1353 82 26 syskon.
163 1354 81 19 Derföre
258 1360 60 20 synes
332 1354 40 25 mig
386 1360 24 13 en
424 1354 81 26 myndig
518 1354 78 19 blefven
610 1353 81 25 gvinna,
707 1358 45 13 som
768 1352 37 19 bor

65 1379 4 19 i
84 1385 76 14 samma
175 1380 117 25 församling,
302 1386 44 13 som
354 1381 125 24 föräldrarne,
488 1380 52 20 alltid
548 1380 47 19 böra
606 1381 35 24 äga
651 1379 29 20 sin
691 1378 66 20 faders
765 1379 39 20 och

65 1407 80 18 moders
159 1407 70 23 bifall
227 1401 12 35 i
243 1407 84 19 nämnde
342 1407 117 18 hänseende.
476 1407 42 18 Men
533 1412 32 13 om
579 1406 37 18 den
633 1405 80 27 myndig
729 1405 75 19 voruna

65 1432 84 24 gvinnan
166 1431 46 20 med
228 1432 89 25 behörigt
334 1431 189 26 utflyttningsbetyg,
539 1431 25 25 pä
580 1432 38 18 sätt
634 1431 30 25 lag
677 1430 80 25 bjuder,
775 1430 30 20 lif-
