1006 1753
203 126 32 33 220
424 129 71 23 Nådiga
506 130 139 23 Propositionen
658 130 37 17 N:o
707 130 16 17 7.

254 180 12 25 $
285 181 19 18 5.
336 179 38 20 Har
393 179 46 20 dike
460 178 63 20 blifvit
543 179 21 19 af
579 184 73 25 granne
669 178 87 25 öppnadt
773 178 38 20 och
830 178 32 19 vill
880 183 66 15 annan

201 212 75 25 granne
292 206 61 20 sedan
370 205 29 20 dit
412 205 61 20 afleda
489 207 75 18 vattnet
577 204 44 20 från
635 206 42 18 sina
692 210 55 20 egor,
763 210 48 14 vare
827 205 68 24 pligtig
910 207 34 20 att,

202 232 68 20 säsom
287 232 69 25 skäligt
372 232 81 25 pröfvas
469 231 46 25 kan,
532 231 51 20 efter
596 232 31 18 sin
641 231 57 26 andel
713 232 74 19 ersätta
801 231 38 19 den
852 231 92 23 kostnad,

202 265 44 14 som
264 259 29 20 för
310 259 102 25 dikningen
429 258 63 20 blifvit
507 243 65 45 gjord,
591 260 53 17 samt
659 260 30 17 att
705 258 5 19 i
728 257 105 20 framtiden
847 257 78 26 deltaga
941 258 5 18 i

202 285 66 20 dikets
280 284 110 21 underhåll.

255 313 13 25 $
280 313 20 19 6.
329 313 8 18 I
351 311 32 20 fall
397 311 64 25 någon
475 310 114 21 underlåter
603 313 28 17 att
645 310 115 21 iståndsätta
775 311 52 25 dike,
843 311 28 19 till
885 311 61 20 hvars

202 338 102 20 underhåll.
322 339 39 18 han
375 339 21 17 är
413 338 120 24 förbunden,
553 337 32 19 må
601 343 82 19 granne,
702 343 44 13 som
767 337 103 26 olägenhet
888 337 59 19 deraf

204 365 51 31 har,
267 364 111 25 bevisligen
395 364 76 25 tillsäga
489 364 73 19 honom
578 366 21 17 at
615 364 30 19 sin
663 364 113 26 skyldighet
789 363 89 26 fullgöra.
908 364 39 19 Un-

203 390 87 21 derlåter
307 391 39 19 han
364 390 61 24 detta,
445 390 69 20 stånde
528 395 87 20 grannen
629 390 41 19 fritt
684 392 29 18 att
725 390 77 20 arbetet
815 391 31 19 för
860 390 39 19 den
913 396 34 14 an-

202 418 48 20 dres
264 417 82 26 räkning
362 406 111 35 verkställa,
489 417 62 19 sedan
565 416 39 19 han
619 416 42 20 låtit
674 422 72 20 genom
757 422 45 25 syn,
814 417 85 19 hvarom
908 416 39 20 den

203 440 113 34 försumlige
334 432 63 32 blifvit
414 429 123 44 underrättad
545 459 4 9 ,
568 443 71 19 utreda
655 443 66 19 dikets
735 442 86 21 tillstånd
835 443 38 19 och
888 443 59 19 brist-

202 470 116 26 fälligheter:
346 470 74 25 Vägrar
436 470 64 19 denne
517 459 32 30 att
562 469 102 25 godvilligt
680 469 93 26 godtgöra
791 469 108 20 kostnaden
916 470 30 18 för

202 498 110 19 bristernes
328 496 133 25 afhjelpande,
480 496 61 20 varde
558 496 82 26 lagligen
656 496 63 20 dertill
737 496 114 25 förpligtad;
867 498 76 18 ersätte

202 524 37 20 ock
255 524 24 20 all
296 523 61 21 skada
373 523 37 19 och
428 523 45 19 böte
487 524 49 19 efter
549 511 72 31 sakens
635 522 140 20 beskaffenhet
784 518 47 42 från
846 523 39 19 och
899 522 46 20 med

202 557 36 13 sex
253 551 27 19 till
295 550 46 26 och
348 549 45 20 med
408 550 64 19 sextio
488 550 63 20 mark.

254 577 10 26 $
282 577 18 19 7.
330 571 99 25 Åstundar
445 576 65 32 någon
524 579 28 17 att
565 575 44 20 leda
624 576 93 20 rinnande
734 578 65 18 vatten
814 576 44 20 från
873 575 72 21 närbe-

202 605 56 30 lägen
271 603 37 25 sjö,
324 604 28 19 elf
363 603 48 19 eller
424 602 50 20 bäck
488 602 27 27 pä
527 604 44 18 sina
583 608 54 20 egor,
653 602 30 20 för
697 605 28 17 att
738 603 117 25 derigenom
865 603 82 19 förbätt-

202 636 22 14 ra
240 632 37 24 äng
294 630 48 19 eller
358 629 115 25 beteshage,
494 635 47 13 vare
557 613 62 47 dertill
633 614 117 46 berättigad,
767 630 39 19 ifall
820 630 39 19 han
873 634 72 21 genom

202 656 62 20 sådan
278 656 67 26 åtgärd
359 655 44 20 icke
416 644 71 31 skadar
501 655 62 21 farled
577 656 48 18 eller
639 660 74 15 annans
727 655 56 24 fiske,
796 656 149 22 åstalkommer

202 684 124 24 fördämning
342 682 49 20 eller
407 682 117 20 annorledes
537 682 108 20 förnärmar
659 682 46 23 den,
721 688 45 14 som
779 682 67 21 bättre
859 683 48 19 eller
921 683 25 19 ti-

199 709 69 26 digare
283 710 39 18 rätt
338 708 27 20 till
384 710 85 17 vattnets
486 707 103 27 nyttjande
605 708 77 19 hafver.
714 708 37 20 Det
772 708 88 20 afledda.
870 711 76 17 vattnet

199 736 51 19 skall:
264 735 62 21 sedan
339 735 28 20 till
381 735 30 19 sin
426 735 94 24 naturliga
535 733 106 21 strömfära
655 734 103 20 återföras.
783 735 43 20 Om
836 735 35 20 det
884 734 61 21 befin-

200 763 35 19 nes
250 762 69 26 nödigt
336 763 28 18 att
379 762 30 19 för
426 763 87 17 vattnets
530 761 36 20 till-
583 761 47 19 eller
647 761 65 25 afiopp
728 761 72 25 gräfva
815 761 59 20 diken
889 762 56 19 öfver

200 794 76 15 amnans
289 794 53 20 egor,
359 788 58 19 hafve
429 787 118 26 jordegaren
562 787 17 25 ej
594 789 38 17 rätt
646 790 28 17 att
687 787 71 20 sådant
773 790 66 23 vägra,
856 789 39 19 ifall
907 788 39 20 han

200 815 71 20 blifver
287 815 30 19 för
334 814 74 21 skadan
423 815 42 19 fullt
478 817 69 16 ersatt.
576 813 98 20 Behöfver
688 799 142 50 dambyggnad
835 804 35 32 "för.
884 815 61 21 ända-

201 841 60 21 målet.
276 843 97 24 anläggas,
389 841 47 20 skall
451 841 70 20 derom
533 841 48 30 gälla
596 840 53 19 hvad
662 840 108 20 nedanföre
782 840 104 26 angående
901 843 43 20 -vat-

205 868 94 20 tenverks
313 868 116 25 anläggning
443 867 90 25 stadgadt
547 868 28 19 är.
669 877 10 6 vv

253 895 10 25 $
280 894 20 20 8.
310 889 9 35 -
330 895 69 18 Finnas
416 893 48 20 flere
480 893 97 26 delaktige
593 893 28 19 uti
639 893 146 27 vattenledning
803 894 20 19 af
835 893 61 21 sådan
911 894 34 20 be-

200 920 116 25 skaffenhet,
332 925 44 15 som
391 921 6 18 i
411 919 118 26 föregående
543 919 10 26 $
567 922 124 21 omnämnes,
708 919 32 20 må
755 905 58 46 deras
823 920 121 27 ömsesidiga

200 933 117 44 rättigheter
330 947 38 19 och
382 931 133 45 skyldigheter
529 951 71 20 genom
614 946 48 19 aftal
675 946 132 20 bestämmas.
827 948 26 19 Är
868 949 77 18 vattnet

200 973 122 26 otillräckligt
338 974 29 19 för
383 973 57 25 flere,
459 978 44 14 som
521 961 45 36 vilja
579 973 87 25 företaga
680 973 37 19 slik
731 973 84 25 ledning,
832 973 49 23 skall
896 974 47 25 den,

199 1006 45 14 som
258 1005 46 24 eger
316 999 44 25 jord
374 989 89 30 närmare
477 1000 26 19 till
520 999 142 25 vattendraget,
679 999 58 20 hafva
751 1000 98 19 företräde
860 1000 81 20 framför

199 1027 63 19 andra
274 1026 109 25 jordegare.

253 1052 10 26 S
277 1053 21 19 9.
321 1052 40 20 Alla
374 1052 77 24 tvister,
467 1058 44 13 som
525 1051 50 26 angä
589 1051 80 25 dikning
683 1052 20 20 af
716 1052 101 20 ofvanföre
832 1053 109 30 uppgifven

200 1072 155 32 beskaffenhet,
353 1068 8 40 .
364 1078 54 20 skola
432 1064 96 44 upptagas
542 1079 39 20 och
595 1074 78 41 afgöras
685 1079 21 19 af
718 1078 73 20 allmän
803 1078 94 26 domstol,
913 1078 33 21 så-

201 1111 46 14 som
260 1105 32 26 lag
305 1095 69 29 derom
389 1105 128 20 bestämmer.

495 1172 31 18 Om
537 1170 115 25 Kungsådra.

251 1210 15 26 $
278 1211 31 19 10.
337 1210 7 20 I
358 1209 68 30 hvarje
440 1209 32 25 elf,
489 1210 68 23 ström,
573 1208 12 20 å
599 1210 48 19 eller
661 1209 51 20 sund
727 1210 48 20 skall
790 1210 113 26 kungsädra
919 1210 27 20 al-

198 1238 19 18 la
234 1237 50 19 tider:
301 1236 63 20 hållas
375 1236 69 25 öppen
461 1226 39 29 och
517 1236 24 19 fri
558 1235 42 20 från
618 1236 85 26 stängsel
721 1236 26 20 till
766 1242 27 14 en
807 1236 98 26 tredjedel
926 1238 21 18 af

201 1266 85 17 vattnets.
304 1262 62 20 bredd
379 1263 38 19 och
432 1262 35 20 der
481 1262 80 26 djupast
574 1264 29 23 är,
619 1262 22 20 sä
656 1251 29 31 att
698 1263 39 19 far-
754 1263 47 20 eller
819 1263 90 26 flotte,
922 1263 24 19 fi-

198 1290 62 18 skens
274 1296 50 18 upp-
338 1290 37 18 och
389 1289 128 24 nedstigande
532 1291 52 17 samt
593 1275 85 43 vattnets
693 1290 113 24 tillräckliga
821 1290 64 24 aflopp
899 1280 45 29 icke

199 1318 85 23 stänges
299 1315 47 19 eller
360 1314 87 20 hindras.

253 1342 10 24 $
278 1342 32 18 41.
325 1340 115 20 Kungsådra
454 1341 47 19 skall
516 1341 72 20 räknas
602 1342 29 18 för
646 1341 86 25 segelled
747 1342 26 18 till
788 1342 37 19 tolf
837 1341 55 20 alnar
906 1342 38 20 och

200 1368 29 20 för
245 1367 66 21 båtled
328 1368 26 20 till
372 1370 40 18 åtta
430 1367 60 25 alnar,
506 1366 49 22 ändå
570 1370 28 17 att
612 1352 121 46 tredjedelen
746 1368 21 20 af
780 1370 89 18 vattnets
882 1368 63 21 bredd

199 1396 22 18 är
235 1394 85 21 mindre.
348 1394 36 20 För
398 1397 85 17 vattnets
497 1394 112 26 tillräckliga
623 1394 66 26 aflopp
703 1394 47 21 skall
766 1395 37 21 ock
818 1394 63 21 hållas
895 1398 50 21 stör-

200 1427 22 14 re
235 1421 86 26 öppning
335 1422 24 18 än
374 1427 25 14 en
414 1420 101 26 tredjedel,
532 1421 35 20 der
583 1421 70 20 sådant
667 1420 94 27 behöfligt
776 1421 69 20 finnes.
