978 1784
277 125 71 23 Nådiga
360 126 138 23 Propositionen
512 126 36 17 N:o
560 126 28 18 22.
771 126 33 19 555

61 176 72 26 ningen
148 176 36 19 hos
197 176 91 19 Finlands
302 176 45 24 folk,
359 181 32 14 om
405 176 33 20 det
452 176 114 20 framhåller
578 178 29 18 att
620 176 182 26 landtdagsordnin-

60 208 38 20 gen
112 202 46 20 mel
172 202 47 20 dess
236 202 110 26 fyrdelning
360 202 51 19 visat
432 202 28 26 sig
477 208 38 20 nog
532 203 97 25 obeqväm
645 204 59 18 äfven
721 203 28 19 för
763 203 39 20 den

59 229 106 25 verldsliga
180 228 155 26 lagstiftningen;
354 234 45 14 men
414 228 115 26 ojemförligt
546 235 53 13 mera
614 230 98 24 obegväm
729 231 22 18 är
765 230 37 18 den

61 255 68 25 likväl,
146 255 104 20 betraktad
265 261 44 13 som
323 261 60 20 organ
398 256 30 18 för
436 255 88 27 kyrkans
534 256 123 25 lagstiftning.
686 256 29 19 De
729 256 25 19 till
769 256 33 18 Ut-

61 281 74 20 skottet
149 282 86 20 hörande
251 282 155 20 medlemmarne
422 282 21 19 af
457 281 146 26 prestaståndet
619 282 98 26 medgifva
734 282 65 25 öppet,

61 310 28 18 att
103 308 25 19 Je
143 308 44 19 icke
200 308 61 20 sällan
277 308 47 20 känt
338 308 29 25 sig
382 307 110 20 besvärade
507 308 21 19 af
540 310 28 17 att
582 308 74 25 nödgas
672 308 65 25 afgöra
748 307 54 20 män-

61 340 25 20 ga
102 335 103 31 verldsliga
219 334 72 26 frågor,
307 340 33 14 om
354 334 66 20 hvilka
435 334 25 20 de
474 340 71 20 genom
560 334 33 20 sitt
602 335 37 19 kall
655 334 17 26 ej
687 335 51 19 förut
752 334 49 20 kun-

60 364 34 16 nat
107 364 45 22 taga
166 367 62 19 någon
249 362 61 23 notis;
327 361 101 20 Utskottet
442 360 60 26 vågar
519 363 31 17 tro
564 364 27 16 att
611 360 128 21 förhållandet
753 360 47 20 skall

61 388 60 20 blifva
135 388 111 20 detsamma
256 388 46 20 meu
312 388 24 20 Je
346 391 30 17 tre
391 388 60 25 öfriga
461 386 87 25 stånden,
560 387 24 20 då
599 388 66 25 dessa,
681 387 63 20 skilda
759 387 42 20 från

60 415 24 19 all
99 414 121 26 delaktighet
240 414 5 20 i
260 414 38 20 den
314 414 120 25 diskussion,
457 420 43 13 som
517 414 83 20 rörande
616 414 88 26 kyrkliga
719 414 82 20 ärendér

61 440 103 27 försiggått
178 442 52 18 inom
245 441 153 25 prestaståndet,
409 442 36 18 hos
460 441 74 18 hvilket
548 441 38 19 den
596 442 72 18 största
683 440 118 20 bekantska-

60 473 38 20 pen
112 467 46 20 med
173 467 115 20 hithörande
301 469 72 18 ämnen
387 467 93 26 billigtvis
496 467 37 19 han
548 467 121 24 förutsättas,
685 467 36 19 och
737 467 64 19 beröf-

62 494 49 19 vade
133 493 124 26 möjligheten
278 495 20 18 af
317 497 29 16 ett
365 493 96 26 offentligt
480 493 102 26 idéutbyte
601 494 44 19 med
667 493 133 26 nyssnämnde

60 520 65 25 stånd,
142 519 52 20 finna
208 520 29 26 sig
252 520 112 20 nödsakade
381 525 23 14 en
419 520 37 25 dag
470 522 28 17 att
514 519 46 20 med
575 520 43 19 hela
632 520 38 19 den
687 519 54 20 makt
756 525 44 13 som

60 547 61 26 ligger
135 547 5 20 i
155 550 30 16 tre
199 547 65 20 röster
278 549 54 17 emot
348 552 32 18 en,
401 547 47 18 fatta
462 547 34 18 det
515 546 105 25 afgörande
635 546 86 19 beslutet
738 545 5 20 i
758 545 43 20 reli-

60 573 55 26 glösa
131 574 38 19 och
183 572 89 27 kyrkliga
286 573 73 26 frågor,
370 573 66 19 hvilka
449 572 144 26 jemförelsevis
607 574 34 18 äro
655 573 30 18 för
698 572 46 19 dem
753 571 48 20 min-

59 600 38 20 dre
110 600 94 24 bekanta;
220 601 52 18 helst
285 600 34 19 det
334 599 55 20 torde
399 605 48 14 vara
462 605 24 14 en
501 599 95 26 beklaglig
610 599 81 26 sanning
705 601 28 17 att
745 603 56 21 myc-

59 627 40 20 ken
113 627 91 20 oklarhet.
218 627 107 19 förefinnes
339 626 5 19 i
354 626 180 19 tidsmedvetandet
542 625 121 20 beträffande
677 625 70 20 sådant
756 630 44 14 som

60 654 78 26 kyrkan
152 653 70 20 tillhör.
251 654 68 19 Staten
333 654 39 19 och
385 652 77 26 kyrkan
472 655 69 23 utgöra
556 652 61 20 skilda
630 652 87 25 lifsgebit
730 651 21 20 af
760 652 42 19 allt-

60 681 30 19 för
105 681 121 19 vidsträckta
246 680 137 23 dimensioner,
401 681 28 17 att
443 679 19 20 af
475 685 75 14 samma
567 685 95 19 personer
676 679 65 19 kunna
755 678 46 25 beg-

61 707 71 26 gedera
149 709 121 23 penetreras.
300 707 38 19 Det
351 707 22 18 är
387 706 119 19 fördenskull
523 705 93 26 behöfligt
629 707 28 17 att
673 705 72 20 folkets
760 709 41 14 om-

60 733 40 20 bud
116 733 33 20 vid
165 733 137 25 landtdagarne
316 733 55 19 skola
385 731 62 25 väljas
464 733 50 18 efter
528 732 37 19 den
582 732 57 25 insigt
653 732 25 19 de
695 737 35 19 ega
745 731 5 18 i
765 733 36 17 ett-

59 760 49 20 dera
122 760 20 19 af
155 759 59 20 dessa
228 759 94 26 lifsgebit;
343 759 38 20 och
398 758 24 20 då
437 761 75 17 statens
528 758 119 25 lagstiftning
664 758 67 19 städse
745 757 55 20 kom-

60 793 41 13 mer
117 789 28 17 att
159 787 68 24 utgöra
241 785 179 20 hufvudföremålet
434 785 31 20 vid
480 785 47 20 våra
543 785 120 25 landtdagar,
679 784 70 20 blifver
763 784 37 19 den

58 813 103 25 sjelffallna
177 813 71 19 verkan
263 813 57 19 häraf
332 812 70 25 denna,
418 814 28 17 att
460 813 52 18 valet
525 811 21 20 af
558 811 58 20 dessa
629 811 171 26 lagstiftningsom-

60 839 41 20 bud
115 839 52 20 alltid
181 839 91 20 kommer
289 841 28 17 att
333 839 121 20 bestämmas
472 839 50 18 efter
542 837 58 20 deras
617 837 124 25 bekantskap
755 837 45 19 med

60 867 73 19 sociala
148 866 89 25 ärender,
249 867 105 19 hvaremot
366 865 149 25 bekantskapen
525 864 45 20 med
584 864 34 20 det
627 864 89 26 kyrkliga
730 863 71 20 blifver

60 899 26 14 en
101 893 65 25 bisak,
182 904 26 4 —
221 899 25 14 en
262 893 106 30 synpunkt,
390 898 44 14 som
451 891 90 20 kommer
558 894 27 16 att
605 891 46 26 göra
669 891 29 25 sig
712 889 88 26 gällande

60 920 17 26 ej
93 921 50 19 blott
157 920 32 20 vid
203 920 25 20 de
242 920 62 24 öfriga
319 919 92 20 ståndens
427 922 44 16 utan
485 919 59 19 äfven
555 918 31 20 vid
600 917 155 26 prestaståndets
770 923 30 23 re-

61 947 134 26 presentation.
231 947 80 19 Beviset
325 945 60 26 härpå
400 946 63 24 gifves
480 950 34 15 oss
528 945 5 19 i
548 944 89 26 Sverige.
651 955 27 4 —
691 944 38 20 För
743 944 57 24 öfrigt

60 974 32 20 må
109 973 18 26 ej
144 974 62 19 heller
226 974 76 19 lemnas
319 973 109 24 oanmärkt,
450 975 28 17 att
495 971 82 20 såframt
597 971 115 25 landtdagen
730 970 70 20 blifver

60 1003 125 24 gemensamt
199 1000 87 20 medium
304 998 25 27 på
343 998 76 27 engång
436 1000 29 18 för
479 999 22 19 all
516 998 87 26 kyrkans
620 998 38 19 och
674 1000 75 16 statens
762 996 39 25 lag-

60 1028 93 25 stiftning,
168 1027 37 19 kan
218 1026 33 20 det
262 1032 46 14 vara
325 1027 41 18 fara
377 1026 62 23 värdt,
452 1028 27 16 att
491 1024 108 20 hvarderas
609 1023 81 20 område
704 1023 95 25 lätteligen

60 1054 91 20 kommer
169 1056 27 17 att
216 1059 43 13 mer
276 1053 48 19 eller
343 1052 77 20 mindre
438 1051 125 21 sinsemellan
582 1051 105 24 förvexlas,
711 1052 28 16 att
755 1054 44 14 man

58 1080 109 20 oförmärkt
180 1080 75 20 lemnar
270 1085 22 13 ur
307 1079 51 25 sigte
371 1078 37 20 den
423 1078 121 24 nödvändiga
558 1080 84 22 gränsen
656 1076 71 20 mellan
740 1076 59 19 hvar-

59 1107 56 24 dera,
131 1107 37 19 den
183 1108 58 24 gräns
256 1111 43 14 som
316 1106 61 25 ligger
390 1105 50 25 deri,
458 1106 29 18 att
502 1104 89 26 kyrkans
605 1103 56 19 makt
677 1105 22 17 är
712 1102 39 19 den
764 1102 35 18 fria

60 1134 75 19 andans
151 1133 36 19 och
202 1132 74 24 ordets,
293 1137 45 14 men
352 1134 75 17 statens
441 1130 42 20 åter
497 1130 34 20 det
544 1132 53 24 yttre
609 1128 131 26 tvängets:—
754 1133 45 14 men

60 1160 59 20 äfven
133 1160 38 19 den
188 1160 71 18 minsta
273 1158 110 26 förvexling
399 1157 114 20 härutinnan
534 1158 21 18 är
572 1156 20 19 af
604 1154 98 26 betänklig
718 1157 31 17 art
763 1155 37 18 och

60 1186 37 20 kan
112 1185 18 26 ej
146 1186 61 24 aflöpa
221 1187 48 17 utan
284 1184 87 26 skadliga
385 1183 75 26 följder.
490 1182 28 20 Då
533 1182 100 20 Utskottet
646 1181 83 20 härmed
746 1180 55 20 beto-

61 1218 36 15 nar
111 1212 169 26 nödvändigheten
298 1211 20 19 af
333 1213 29 17 att
374 1210 100 26 uppdraga
491 1215 24 13 en
530 1209 59 25 skarp
610 1209 104 25 gränsmur
730 1207 71 29 mellan

61 1240 38 20 den
113 1239 88 26 kyrkliga
222 1239 37 18 och
276 1238 39 19 den
332 1236 101 26 verldsliga
453 1235 148 26 lagstiftningen,
620 1234 37 19 bör
673 1234 53 20 detta
742 1233 58 20 likväl

61 1266 31 20 för
105 1266 58 24 ingen
176 1266 31 19 del
222 1264 74 20 förstås
310 1264 48 19 eller
372 1265 72 18 rättare
462 1261 123 21 missförstås
602 1260 29 25 så,
646 1266 45 14 som
708 1260 44 19 ville
769 1260 33 19 Ut-

62 1293 74 19 skottet
150 1291 78 20 förorda
242 1293 28 17 ett
286 1290 88 24 likgiltigt
390 1288 121 20 förhållande
527 1288 71 19 mellan
618 1289 39 17 stat
674 1287 38 19 och
725 1285 73 29 kyrka;

61 1319 53 19 detta
129 1318 21 19 så
171 1317 80 26 mycket
268 1305 76 30 mindre
365 1321 43 14 som
422 1315 7 19 i
442 1314 69 25 sjelfva
529 1314 70 19 verket
619 1313 37 19 den
671 1318 36 14 ena
717 1312 37 27 för
768 1313 33 17 sitt

61 1347 45 23 eget
119 1343 86 20 bestånd
219 1343 39 20 och
271 1342 99 20 förkofran
385 1341 16 24 ej
416 1341 38 20 kan
468 1340 88 20 undvara
564 1339 38 20 Jen
616 1339 71 19 andras
700 1338 54 25 hjelp
764 1337 37 20 och

61 1370 130 20 medverkan.
220 1370 37 19 Det
270 1370 22 18 är
306 1368 96 25 nemligen
417 1370 65 17 staten
496 1371 43 15 som
553 1366 63 25 gifver
628 1364 21 19 ät
663 1364 77 29 kyrkan
754 1363 47 20 dess

62 1397 97 24 behöfliga
174 1398 52 23 yttre
240 1395 66 25 skydd
319 1396 54 19 emot
386 1394 33 19 alli
433 1392 75 25 intrång
521 1393 38 18 och
574 1392 33 19 allt
620 1390 45 20 våld
683 1390 74 19 hvilket
771 1391 29 18 ut-

63 1421 50 20 ifrån
127 1422 47 19 eller
187 1421 69 19 inifrån
271 1420 59 19 söker
346 1420 79 19 hämma
439 1420 75 18 hennes
533 1418 36 19 fria
585 1416 168 22 -lifsverksamhet;
769 1415 33 19 det
