989 1745
294 123 70 23 Nådiga
376 122 139 27 Propositionen
527 127 37 18 N:o
576 128 28 17 16.
786 127 36 20 439

342 176 30 20 Nu
387 177 36 19 har
440 177 68 26 någon,
525 179 36 25 för
575 179 84 24 förment
682 178 53 24 brott,
758 185 62 14 annan

283 207 46 17 utan
344 205 44 25 laga
402 207 43 19 skäl
457 208 65 24 gripit:
532 207 69 19 skedde
615 207 31 19 det
660 207 16 25 ej
691 207 24 26 af
722 209 42 24 argt
774 214 46 19 upp-

284 231 36 24 såt,
336 233 33 20 och
384 234 38 25 blef
432 235 43 19 med
489 235 35 19 den
536 236 66 24 gripne
615 234 23 20 så
642 235 88 25 förfaret,
741 241 40 14 som
790 242 30 13 om

284 261 44 25 laga
343 261 89 26 häktning
446 263 88 25 stadgadt
546 266 30 19 är,
586 263 57 19 varde
652 264 168 24 gerningsmannen

283 288 57 21 dömd
355 290 26 19 till
389 291 87 24 fängelse
485 291 48 25 från
548 291 33 20 och
596 291 42 18 med
652 289 31 20 två
692 290 92 21 månader
794 292 28 19 till

283 317 33 18 och
329 318 43 19 med
387 321 25 16 ett
426 317 28 24 år,
470 319 44 20 eller
528 319 51 20 böter
586 319 49 25 från
650 319 33 19 och
698 319 41 19 med
749 319 70 20 etthun-

283 345 36 19 dra
333 346 26 19 till
374 347 33 18 och
421 347 42 19 med
478 349 70 18 ettusen
562 346 59 20 mark.

339 374 24 19 20
377 385 26 3 —
417 375 25 19 28
457 375 28 25 $$.
515 375 137 26 (Likalydande
672 374 46 21 med
732 378 87 17 motsva-

281 400 60 19 rande
355 400 19 25 $$
389 400 4 19 i
408 401 160 25 propositionen.)

340 427 25 20 29
378 427 19 25 8.
428 429 122 23 Misshandel,
566 435 40 13 som
616 428 27 19 i?
653 429 43 18 eller
705 427 25 20 12
739 428 17 26 f
765 432 53 23 sägs,

282 455 51 20 ändå
348 459 28 17 att
390 457 36 19 den
440 457 48 20 skett
501 460 37 17 mot
552 457 110 26 skyldeman
676 458 7 18 i
697 459 39 18 rätt
747 459 70 24 uppsti-

279 484 63 25 gande
356 484 29 20 led
400 485 43 19 eller
456 487 39 18 mot
508 485 63 23 maka,
586 485 52 25 stjuf-
654 485 43 20 eller
715 486 102 25 svärföräl-

281 513 52 23 drar,
342 514 162 25 fosterföräldrar,
515 513 125 26 förmyndare,
650 514 72 23 lärare,
738 513 79 21 husbon-

281 541 23 19 de
319 541 43 19 eller
376 548 63 13 annan
448 543 84 24 förman,
547 541 23 20 så
584 542 34 19 ock
633 541 47 20 brott
694 543 46 24 efter
754 542 24 19 22
792 542 25 26 f,

280 567 31 21 mä
326 569 17 26 ej
357 569 63 20 åtalas
434 570 24 25 af
468 570 70 19 allmän
558 569 96 26 åklagare,
674 570 33 19 der
726 571 16 24 ej
761 570 55 20 mäls-

281 597 71 26 egande
366 598 66 19 brottet
446 599 26 18 till
486 598 40 19 åtal
540 599 89 24 angifver,
648 598 44 19 eller
710 599 31 19 det
759 599 58 26 blifvit

273 626 99 26 föröfvadt
386 626 12 20 &
414 627 36 20 den
464 633 39 13 som
518 627 77 19 bevistat
608 627 103 25 gudstjenst
726 627 43 20 eller
785 627 33 20 vid

280 653 70 21 sådant
365 655 25 20 till
398 655 36 20 älle
450 656 43 19 eller
506 655 63 24 ställe;
582 661 40 14 som
637 656 7 18 i
658 654 27 20 16
698 655 18 26 (
734 662 54 13 mom.
804 656 12 19 1

279 694 28 3 —
321 683 13 19 4
349 685 122 24 omförmäles.

343 711 94 25 Vällande,
453 713 82 22 hvarom,
552 713 6 18 i
572 712 14 19 6
600 712 34 19 och
648 711 13 20 8
676 711 32 27 (G
718 715 52 24 sägs,
784 712 31 20 mä

281 740 16 25 ej
312 741 56 19 heller
382 742 22 25 af
417 748 64 13 annan
495 745 25 16 än
534 740 119 26 mälsegande
668 740 69 21 åtalas.

336 769 24 19 30
375 770 38 19 och
428 770 22 20 31
467 769 27 26 $$.
524 769 33 25 (Af
576 774 76 15 samma
672 769 81 21 innehåll
768 771 46 20 med

277 795 139 20 motsvarande
430 797 22 25 $$
462 796 8 19 i
484 795 161 27 propositionen).

337 822 24 19 32
376 822 16 25 &.
424 823 12 20 I
448 824 24 19 de
480 823 45 26 fall,
541 823 33 19 der
592 823 109 20 Underrätts
715 825 62 25 utslag
786 826 28 18 uti

278 850 38 20 mål
330 851 97 25 angående
445 852 22 19 de
485 853 6 17 i
511 851 61 20 denna
586 851 112 25 förordning
717 855 97 23 upptagna

278 879 54 23 brott,
351 880 55 25 enligt
424 880 13 18 5
456 879 16 27 G
491 880 25 18 25
536 878 76 26 kapitlet
631 879 183 27 Rättegångsbalken

279 907 43 19 eller
335 908 81 19 särskild
429 909 119 25 författning,
569 906 53 21 bordt
641 907 108 20 hemställas
767 908 47 26 Hof-

279 938 47 16 rätts
339 936 93 26 pröfning,
449 936 32 20 bör
495 935 51 27 dylik
560 935 146 27 underställning
716 937 55 25 äfven
778 937 36 25 för

278 965 100 22 framtiden
392 971 34 20 ega
441 971 46 13 rum.

336 993 24 18 33
374 992 16 25 $.
423 993 52 20 Huru
489 993 35 20 den
538 993 48 19 skall
600 993 84 25 straffas,
698 999 40 13 som
742 994 70 25 förgri-

277 1027 36 19 per
326 1023 28 24 sig
368 1022 42 19 med
424 1021 128 26 våldsgerning
568 1020 12 20 &
595 1020 91 26 Kejsaren
701 1023 44 18 eller
762 1022 50 19 med-

277 1052 35 17 lem
326 1051 23 22 af
361 1049 104 26 Kejserliga
480 1050 60 23 huset;

335 1079 43 18 eller
391 1078 117 25 uppsåtligen
522 1079 59 18 sätter
596 1077 28 19 eld
638 1080 8 16 i
660 1084 74 13 annans
744 1078 34 19 hus
788 1077 23 20 el-

279 1108 27 17 ler
317 1105 55 26 gård,
388 1107 34 18 och
437 1106 104 25 derigenom
555 1105 61 19 vållar
629 1105 71 26 någons
715 1105 45 25 död;

335 1136 42 17 eller
384 1135 89 24 föröfvar
487 1133 113 20 misshandel
614 1133 12 19 å
636 1135 68 23 foster,
724 1134 89 19 hvarmed

277 1163 68 24 qvinna
360 1163 44 24 efter
419 1162 59 25 oloflig
494 1161 114 20 beblandelse
623 1164 23 16 är
660 1164 43 17 eller
712 1163 50 18 varit
770 1162 40 25 haf-

276 1190 71 24 vande;

333 1220 43 17 eller
390 1219 105 25 öfverfaller
509 1224 63 13 annan
581 1219 35 24 för
631 1220 27 17 att
672 1217 35 20 rän
722 1217 44 20 eller
774 1219 36 24 röf-

275 1247 40 19 veri
318 1247 85 25 föröfva:

335 1278 42 17 eller
390 1281 65 20 genom
470 1273 130 27 öfverträdelse
619 1275 23 24 af
647 1274 108 25 föreskrift,
771 1281 39 12 som

276 1304 57 24 blifvit
346 1304 61 24 gifven
423 1305 25 18 till
463 1302 109 26 skyddande
588 1303 23 25 af
613 1302 98 26 jernvägs-
725 1305 44 17 eller
777 1302 33 19 ka-

275 1332 151 24 nalanläggning,
442 1330 60 21 vållar
516 1330 37 20 död
566 1332 44 17 eller
618 1330 45 19 svår
672 1330 138 25 kroppsskada;

333 1359 44 19 eller
390 1359 60 19 dödar
465 1360 43 18 eller
522 1358 57 20 sårar
593 1365 63 13 annan
670 1359 28 18 uti
712 1359 60 24 envig;

276 1387 63 19 derom
353 1389 23 15 är
391 1386 89 19 särskildt
494 1386 93 25 stadgadt.

334 1414 70 20 Genom
419 1414 61 19 denna
489 1413 113 26 förordning
617 1413 43 19 sker
674 1413 16 25 ej
705 1412 57 20 heller
776 1412 32 20 nå-
