1000 1784
270 132 72 22 Nådiga
354 134 139 22 Propositionen
505 134 36 17 N:o
554 135 16 17 3.
780 134 19 19 71

58 184 31 22 är,
106 181 43 25 just
165 188 61 20 synes
242 182 42 20 afse
298 185 28 17 att
340 182 122 20 förekomma
477 183 111 19 kollisioner
603 184 84 18 emellan
701 184 101 26 sytnings-

58 208 47 20 aftal
119 208 37 20 och
170 208 61 20 andra
245 210 5 17 i
265 209 38 19 fast
316 208 97 25 egendom
429 209 115 20 intecknade
558 209 126 25 rättigheter,
703 215 46 14 men
762 210 38 20 den

59 234 41 20 deri
118 234 107 26 föreslagna
242 235 155 19 bestämmelsen
414 235 16 25 ej
445 236 74 19 kunnat
532 235 21 20 af
565 235 99 20 Utskottet
679 236 119 24 godkännas.

60 262 7 18 I
87 260 33 20 det
140 261 72 25 förslag
231 261 28 19 till
277 261 115 20 förberbrda
410 261 115 25 stadgande,
545 267 43 13 som
606 262 36 19 här
659 261 64 20 nedan
741 262 60 20 fram-

60 287 76 24 ställes,
152 286 36 20 har
202 287 98 19 Utskottet
313 286 42 20 lätit
368 287 68 26 inflyta
450 288 38 19 den
503 287 133 25 föreskriften,
652 290 34 22 att,
703 288 36 19 der
753 289 49 19 tvist

61 313 90 25 uppstår,
171 319 32 13 om
221 313 115 25 lägenheten
351 313 49 20 skall
415 313 60 25 säljas
489 314 45 20 med
549 314 48 20 eller
611 316 47 17 utan
671 314 131 26 sytningsrät-

59 339 99 25 tighetens
172 339 143 25 bibehällande,
332 340 37 19 och
386 340 63 19 saken
466 339 78 21 säleles
562 339 65 21 mäste
641 340 117 26 hänskjutas
772 341 28 20 till

59 366 103 24 domaren,
181 366 130 20 Guvernören
327 366 61 20 tillika
406 366 59 25 egde,
485 366 24 26 pä
523 366 34 20 det
570 367 172 25 sytningstagaren
756 367 46 20 icke

59 391 70 25 måtte,
148 392 30 19 för
194 395 37 21 att,
250 392 119 20 åtminstone
382 393 71 20 medan
466 392 128 26 rättegången
608 398 65 18 varar,
690 393 62 20 värda
766 394 35 19 vid

59 419 117 25 sytningens
192 418 112 25 åtnjutande
321 418 120 25 bibehållen,
461 420 47 19 söka
526 419 5 19 i
549 419 91 25 oträngdt
653 418 38 20 mål
706 422 47 22 göra
769 426 31 13 sa-

60 444 36 20 ken
112 444 76 26 tvistig,
208 445 34 19 der
259 445 169 25 fordringsegaren
448 445 21 20 så
483 444 65 27 påstår
563 445 38 20 och
615 445 127 26 vederbörlig
756 446 45 20 bor-

60 476 38 20 gen
116 471 75 24 ställer,
211 473 50 17 sätta
278 472 115 25 sytningen,
410 473 5 18 i
430 472 94 19 händelse
538 472 39 19 den
592 472 5 18 i
612 472 116 25 penningar,
745 472 54 20 vissa

60 503 59 14 varor
136 497 48 20 eller
200 498 87 19 afkomst
303 497 41 21 från
356 498 44 25 jord
414 498 60 20 utfäst
488 501 28 21 är,
533 499 5 19 i
553 498 101 25 qvarstad,
671 498 23 25 på
709 501 40 17 sätt
762 500 13 18 6
790 500 10 24 $

60 524 11 19 8
85 524 45 26 kap.
146 524 24 20 U.
185 525 21 19 B.
222 523 79 21 förmår.

111 550 37 20 Vid
165 550 25 20 de
206 551 132 24 stadgänden,
358 556 43 14 som
418 550 82 21 föreslås
517 551 5 19 i
540 552 48 19 sista
605 553 111 17 momentet
729 550 21 21 af
763 552 9 20 1
790 552 10 24 $

60 578 104 19 äfvensom
178 578 6 18 i
198 578 18 24 2,
233 578 11 18 3
259 577 38 19 och
311 578 12 19 4
338 577 21 26 $$
374 577 21 20 af
406 578 38 19 den
458 577 69 26 nådiga
541 578 158 25 propositionen,
715 578 36 19 har
766 578 35 20 Ut-

60 604 72 20 skottet
146 604 16 23 ej
178 603 62 25 funnit
254 604 43 20 skäl
311 604 29 20 till
353 604 134 26 anmärkning,
503 607 47 17 utan
564 610 60 14 anser
636 604 102 20 desamma
750 610 49 14 vara

58 630 96 26 behöflige
168 631 38 19 och
220 630 175 26 ändamälsenlige.

112 657 99 20 Utskottet
225 657 27 19 fär
267 656 56 21 alltsä
338 658 104 20 vördsamt
456 657 77 24 föreslä,

263 712 31 19 det
312 710 56 20 mätte
383 712 71 18 landets
469 712 95 25 högloflige
578 710 83 23 ständer,
676 710 42 20 med
726 710 74 26 förkla-

263 739 58 19 rande
339 741 28 17 att
384 739 35 19 den
438 739 70 26 nädiga
524 740 139 24 propositionen
682 738 39 20 icke
741 738 60 20 kunde

263 766 115 27 oförändrad
395 768 83 23 bifallas,
492 768 34 24 för
543 768 30 18 sin
590 766 30 20 del
634 766 71 19 besluta
719 766 83 25 följande

263 795 127 26 stadganden:

506 850 49 26 fi

321 897 78 19 Frälse-
418 897 42 18 eller
477 896 158 25 skatte-lägenhet
652 895 32 19 må
703 895 39 19 icke
760 895 42 19 med

263 925 74 25 sytning
352 926 6 17 i
372 925 64 18 vidare
450 924 45 19 mån
509 924 95 22 besväras,
620 926 25 16 än
655 925 28 17 att
692 923 108 19 densamma

263 955 46 17 utan
323 953 236 25 lägenhetsinnehafvarens
569 951 89 20 obestånd
667 953 76 23 utgöras
753 951 49 23 kan;

263 981 90 19 skolande
372 980 80 23 Rätten,
472 979 26 20 dä
514 979 104 25 inteckning
636 979 62 25 derför
715 979 62 22 sökes,
794 980 7 17 i

264 1009 78 25 enlighet
359 1009 77 18 härmed
451 1009 77 24 pröfva,
546 1013 30 14 om
594 1007 43 19 eller
650 1008 30 21 för
694 1007 48 18 huru
756 1009 46 17 stort

264 1037 64 25 belopp
347 1037 23 24 af
385 1036 35 19 den
438 1035 96 26 betingade
551 1036 97 24 sytningen
667 1034 36 19 den
721 1033 31 20 mä
772 1033 28 19 be-

264 1065 62 24 viljas.

508 1118 16 25 g
539 1118 17 19 2.

323 1163 53 21 Skall
398 1164 93 25 lägenhet,
511 1165 7 17 i
537 1163 71 19 hvilken
628 1162 103 25 inteckning
749 1161 53 20 såväl

259 1195 34 24 Jör
308 1191 46 27 gäld
371 1199 40 12 som
423 1193 35 24 för
474 1193 74 24 sytning
563 1191 57 25 blifvit
635 1190 85 25 beviljad,
735 1193 66 28 utmät-

265 1221 81 26 ningsvis
354 1221 100 24 försäljas,
470 1219 31 20 må
516 1219 35 20 den
560 1220 52 25 först
626 1219 106 25 vilkorligen
743 1218 58 25 utbju-

265 1249 36 19 das
315 1248 41 19 med
364 1247 94 26 förbehåll
472 1248 24 25 af
506 1247 203 26 sytningsrättighetens
723 1245 79 20 bibehål-

265 1277 60 19 lande;:
356 1275 93 26 "Erbjudes
464 1275 64 20 dervid
541 1273 23 21 så
578 1277 40 16 stor
632 1274 126 25 köpeskilling,
775 1275 28 17 att

266 1305 35 19 den
320 1304 108 19 intecknade
446 1303 68 25 gälden
532 1303 69 19 varder
620 1303 26 18 till
659 1302 50 25 fullo
731 1301 71 24 betald;

266 1332 65 19 stånde
350 1332 54 24 köpet
416 1333 48 24 fast.
500 1330 48 20 Sker
566 1331 31 18 det
621 1330 26 25 ej,
667 1329 34 20 och
721 1329 83 24 åsämjas

265 1360 114 25 sakegarene
396 1359 48 23 icke,
464 1361 28 17 att
505 1359 108 25 lägenheten
630 1358 56 25 säljes
703 1359 46 17 utan
766 1359 38 23 syt-

265 1388 174 25 ningsrättighetens
454 1386 136 24 bibehållande;
598 1387 73 24 förvise
687 1385 118 20 Guvernören

266 1416 57 18 saken
342 1416 25 17 till
386 1415 87 18 domaren
491 1415 33 18 och
538 1416 48 16 sätte
601 1413 104 22 emellertid,
721 1413 34 18 der
762 1413 42 24 for-
