981 1761
286 116 71 23 Nådiga
368 118 139 23 Propositionen
520 119 37 18 N:o
569 119 28 18 19.
781 119 33 19 509

70 165 11 21 å
97 165 253 27 Helsingfors-Favastebus
361 166 84 28 jernväg
459 169 46 19 eller
522 168 48 21 dess
583 169 148 26 tillhörigheter,
747 175 45 14 men.
808 170 5 19 i

70 193 53 26 fråga
139 199 33 14 om
185 193 46 26 dråp
248 189 40 37 och
302 194 154 26 :kroppsskador
474 196 93 20 hänvisar
582 197 25 19 till
626 197 69 19 allmän
712 197 37 25 tag.
778 197 37 20 Be-

70 220 95 19 träffande
186 221 234 26 telegrafinrättningarne
441 223 5 18 i
466 222 66 19 landet
550 223 123 20 förekomma
695 224 119 25 visserligen

70 252 55 14 mera
139 247 119 20 omfattande
273 247 120 26 stadganden
407 249 4 18 i
427 249 141 20 ofvannämnda
577 248 109 26 Kejserliga
696 250 118 26 Förordning

70 273 22 19 af
102 273 39 20 Jen
156 274 24 19 13
193 274 120 24 September
323 274 60 24 1855;
393 274 100 25 -men,
468 269 27 35 då
508 275 58 20 äfven
575 275 64 20 denna
653 269 109 35 författning
766 269 49 35 -:till-

70 299 85 20 kommit
170 303 45 16 utan
228 300 121 20 Ständernas
358 300 100 26 hörande,
477 303 51 17 samt
544 301 99 20 Utskottet
657 302 5 18 i
677 302 37 19 allo
727 302 88 20 biträder

70 325 126 21 förenämnda
211 326 21 19 af
239 326 208 21 Redaktionskomitén
461 330 55 16 emot:
527 321 110 35 densamma.
645 326 68 26 gjorda
723 328 90 20 anmärk-

70 352 75 27 ningar,
160 352 23 20 .så
197 357 58 15 anser
269 354 86 19 Utsottet
372 354 38 20 den
427 353 70 26 nådiga,
517 354 159 26 propositionens
692 355 122 26 bestänining

70 385 33 14 om:
116 380 48 20 dess
178 380 139 25 upphäfvande
331 386 47 14 vara
392 379 11 21 å
417 380 50 25 goda
484 380 39 20 skäl
538 380 97 26 grundad.

123 407 8 19 I
145 406 100 20 anseende
259 406 64 20 härtill:
338 408 38 20 och
390 406 24 20 då-
429 408 37 18 den
483 407 203 26 fridlysningsstadga,
705 402 42 35 som
757 408 25 20 fö

69 432 41 21 slås
124 433 5 20 i
144 432 38 21 den
192 432 68 27 nådiga
275 433 153 26 propositionen,
440 433 53 20 afser
506 434 65 27 skydd
584 434 45 20 icke
642 434 81 20 allenast
737 434 30 20 för
775 435 38 20 den

68 465 28 15 nu
110 461 4 18 i
130 460 67 20 landet
210 460 105 25 befintliga,
331 463 47 17 utan
392 461 58 19 äfven
464 461 29 18 för
507 461 107 19 framdeles
626 460 123 26 uppstående
761 461 54 25 jern-

68 489 67 24 vägar,
151 487 103 19 äfvensom
268 487 31 19 för:
312 486 80 21 kanaler
406 488 38 19 och
458 487 104 26 telegrafer
576 487 5 18 i
599 488 113 25 allmänhet,
728 488 45 20 med
788 488 25 20 de

68 513 28 20 till
113 512 70 26 hvarje
203 514 21 19 af
239 514 59 19 dessa
313 514 49 19 verk
382 513 86 21 hörande
488 513 136 26 inrättningar,
643 517 52 16 samt
711 514 102 20 Utskottet

68 542 54 18 emot
136 539 38 20 Jen
188 540 106 25 föreslagna
307 540 139 27 författningen
460 540 44 20 icke
514 540 42 20 haft,
569 543 29 17 att
607 541 93 19 anmärka
714 544 63 22 annat,
788 543 25 18 än

67 567 37 19 här
116 566 107 20 nedanföre
238 565 132 24 omförmäles,
387 565 30 21 får
431 567 100 19 Utskottet
544 566 63 25 alltså,
622 565 73 25 jemväl
709 566 25 26 på
749 567 62 25 grund

67 593 21 20 af
100 592 25 20 de
139 592 5 20 i
159 593 148 25 propositionen
318 592 86 20 "anförda
421 592 91 24 motiver,
530 593 103 19 vördsamt
650 592 97 27 tillstyrka
764 593 48 20 dess

67 619 110 25 antagande
190 619 63 20 under
267 618 70 21 sådant
351 618 95 21 förbehåll
462 620 38 19 och
508 619 46 20 med.
569 617 62 22 sådan
646 619 86 26 ändring,
749 626 43 13 som
807 620 5 19 i

67 645 34 21 det
115 644 84 27 följände
213 648 88 18 nämnes.

120 672 66 20 Sedan
200 671 159 28 propositionens
368 672 45 26 fyra
426 672 59 20 första
495 673 114 27 paragrafer
623 672 120 20 föreskrifvit
757 672 57 20 straff

66 700 30 19 för
110 698 109 26 uppsåtliga
234 698 121 26 handlingar,
374 703 72 21 genom
460 699 67 19 hvilka
542 702 93 22 jernväg,
650 699 57 19 kanal
722 700 47 19 eller
783 702 29 16 te-

67 726 63 25 legraf
143 726 47 25 tagit
204 725 67 25 skada,
287 726 47 19 eller
349 726 71 19 hinder
433 726 5 18 i
452 725 135 27 begagnandet
596 726 21 18 af
627 724 81 26 jernväg
723 726 46 20 eller
783 728 29 17 te-

66 752 65 25 legraf
143 752 130 25 förorsakats,
289 751 84 21 föreslås
388 752 4 19 i
408 753 11 19 5
434 752 19 25 $,
470 755 28 17 att
512 752 48 24 den,
581 758 43 13 som
642 758 69 20 genom
730 752 81 26 oförsig-

67 779 68 26 tighet,
151 778 127 21 vårdslöshet
294 779 47 19 eller
360 778 142 21 försummelse
515 778 59 20 vållat
592 777 62 27 någon
672 778 60 20 sådan
749 779 61 19 skada

68 806 47 21 etter
128 804 71 21 sådant
213 805 76 23 hinder,
301 810 44 15 som
358 805 5 19 i
378 806 61 25 sagde
453 806 42 26 fyra
506 806 113 25 paragrafer
632 807 122 23 omnämnes,
767 806 44 19 bor-

66 832 25 20 de
105 838 34 14 om
155 832 64 23 någon
234 832 57 20 deraf
305 831 36 21 fått
359 831 47 21 svår
426 832 136 26 kroppsskada
579 832 48 19 eller
643 832 71 24 döden,
732 831 79 21 straffas

67 858 68 21 såsom
152 859 5 19 i
172 859 85 19 särskild
278 858 113 25 förordning
408 864 31 14 om
457 858 120 21 misshandel
595 858 31 26 för
645 858 98 20 hvardera
757 859 54 19 fallet

66 885 58 26 sagdt
137 887 29 23 är,
183 891 45 14 men
245 891 33 14 om
300 884 62 21 sädan
372 884 78 25 :påföljd
467 885 44 20 icke
521 880 110 35 "inträffat,
635 885 46 20 med
696 885 56 19 böter
766 884 44 21 från

66 912 38 19 och
119 911 46 21 med
184 913 26 18 tio
227 912 25 19 till
271 912 39 20 deh
325 911 172 21 med'*etthundra
514 911 64 20 mark.
606 911 60 20 Emot
679 911 60 20 dessa
753 911 57 20 böter

65 939 36 19 har
115 939 101 20 Utskottet
230 939 96 23 anmärkt,
343 940 34 19 att,
393 939 64 19 fastän
472 939 30 20 fall
518 938 67 20 kunna
599 937 70 26 finnas,
684 937 5 20 i
703 938 67 20 hvilka
784 944 25 14 en

66 965 135 27 oförsigtighet
215 966 20 19 af
243 964 129 21 omförmälda
381 964 135 21 beskaffenhet
530 965 44 20 icke
583 963 64 21 borde
660 963 75 27 päkalla
749 965 60 26 högre

64 993 59 19 straff
135 994 24 18 än
176 994 27 18 tio
219 992 69 20 marks
309 992 67 24 böter,
390 991 21 21 sä
429 992 64 20 kunna
513 992 90 20 deremot
617 992 38 18 ock
669 992 61 19 andra
744 992 31 19 fall
791 992 21 19 af

66 1018 125 21 vårdslöshet
205 1020 46 18 eller
261 1018 139 20 försummelse
414 1018 82 26 inträffa,
508 1018 65 20 hvilka
583 1017 117 27 ädagalägga
709 1024 25 14 en
747 1018 62 20 sådan

65 1045 116 27 likgiltighet
195 1046 29 19 för
236 1045 172 24 medmenniskors
423 1046 93 19 säkerhet
528 1044 25 20 till
568 1044 22 20 Til
604 1045 48 19 eller
661 1045 61 24 helsa,
737 1047 28 17 att
781 1047 28 17 ett

64 1071 59 21 straff
135 1070 21 22 af
169 1072 103 20 etthundra
290 1071 68 24 marks
378 1070 56 21 böter
452 1072 5 19 i
472 1071 72 21 sådana
560 1072 105 20 händelser
681 1077 48 14 vore
745 1072 64 19 alltför

64 1098 61 26 ringa.
154 1098 128 24 Fördenskull
298 1098 38 20 och
350 1097 24 21 då
390 1098 58 20 dessa
465 1098 56 20 böter
535 1104 49 13 vore
598 1100 29 17 att
640 1098 97 25 tillämpas
751 1098 57 19 äfven

64 1124 6 20 i
84 1125 72 20 sådana
171 1125 37 25 fall,
227 1124 25 21 då
272 1123 47 26 flera
337 1130 95 20 personer
454 1130 72 19 genom
544 1124 150 20 vårdslösheten
709 1124 48 20 eller
770 1125 39 19 för-

65 1151 123 20 summelsen
202 1151 35 20 fått
251 1151 76 20 mindre
345 1150 144 25 kroppsskada,
508 1151 46 20 eller
572 1152 36 18 när
623 1150 187 25 jernvägstillbehör

64 1178 48 19 eller
125 1177 54 20 kanal
196 1179 3 18 i
210 1178 101 25 anledning
321 1177 56 20 deraf
389 1177 49 25 tagit
447 1177 81 20 svårare
543 1177 68 25 skada;
623 1177 48 19 eller
685 1177 124 19 öfversväm-

64 1204 45 25 ning
123 1204 115 25 derigenom
252 1203 89 25 inträffat,
353 1203 23 20 sä
391 1203 35 20 har
436 1204 99 19 Utskottet
549 1206 64 17 ansett
623 1203 28 25 sig
665 1203 48 19 böra
727 1203 78 25 föreslå,

64 1233 28 16 att
109 1231 25 18 de
155 1230 149 26 ifrågavarande
320 1230 93 20 böternas
431 1231 69 24 högsta
517 1229 71 26 belöpp
608 1229 63 20 skulle
685 1229 123 20 bestämmas

64 1257 27 20 till
106 1257 116 20 femhundra
236 1256 63 20 mark.
591 1261 2 2 N

117 1283 9 20 I
144 1285 22 18 11
185 1283 10 25 $
212 1284 125 23 förutsättes,
356 1285 28 17 att
404 1283 138 25 författningen
558 1283 65 19 skulle
642 1282 66 20 kunna
729 1283 55 19 träda
801 1283 6 18 i

63 1311 130 18 verksamhet
213 1311 62 18 redan
293 1309 38 20 den
348 1311 11 18 4
375 1310 76 19 Januari
470 1311 58 18 1865.
557 1310 43 19 Men
618 1314 43 14 som
681 1309 122 23 densamma,

62 1341 71 20 genom
148 1336 25 19 Je
187 1336 110 25 föreslagna:
314 1336 158 23 frihetsstraflen,
490 1338 22 17 är
526 1335 100 20 beroende
640 1336 19 19 af
675 1335 68 25 nådiga
761 1341 45 19 pro-

63 1362 111 25 positionen
189 1368 32 13 om
235 1361 120 21 afskaffande
369 1362 22 19 af
398 1363 54 18 vissa
463 1362 122 20 härförinnan
600 1361 88 26 nyttjade
698 1362 58 19 straff
767 1361 37 20 och

62 1389 62 18 deras:
136 1389 114 18 ersättande
267 1389 107 18 tillsvidare
395 1394 70 18 genom
482 1389 60 18 andra
559 1387 115 25 straffarter,
694 1387 31 19 vid
744 1389 60 17 hvars

58 1409 111 34 antagande
180 1409 105 34 :Utskottet
295 1416 65 17 ansett
373 1413 35 20 det
416 1414 68 19 vilkor.
494 1415 47 18 böra:
555 1415 68 22 fästas,
637 1416 28 17 att
678 1419 24 13 en
718 1413 87 20 särskild
