1000 1848
273 188 72 25 Nådiga
356 191 140 23 Pröpdsitionen
508 190 36 18 N:o
556 191 28 17 13.
769 192 33 18 207

262 344 115 28 Motiver,
393 345 97 24 hörande
507 345 37 23 till
562 345 67 24 Hans
644 345 156 34 Kejserliga

193 372 136 30 Majestäts
339 372 84 30 Nådiga
433 374 140 29 Proposition
582 374 37 22 till
629 374 104 22 Finlands
739 374 61 22 Stän-

194 401 39 23 der,
255 400 114 30 angående
387 402 123 27 antagande
528 402 27 22 af
569 408 27 16 en
614 402 136 28 författning
767 407 34 17 om

194 418 137 34 afskaffande
346 430 26 22 af
384 429 61 24 vissa
459 430 148 23 härförinnan
622 430 101 28 nyttjade
738 428 66 24 straff

195 457 41 23 och
255 457 65 23 deras
340 458 126 22 ersättande
486 458 126 23 tillsvidare
630 464 79 22 genom
732 458 70 22 andra

194 485 132 29 straffarter,
343 487 56 21 samt
414 486 25 22 af
451 492 27 16 en
493 486 132 28 förordning
640 492 35 16 om
690 485 111 24 verkstäl-

194 513 72 29 lighet
280 514 26 22 af
323 514 155 28 frihetsstraff;
494 514 103 23 affattade
612 514 25 23 af
650 514 41 22 den
706 513 87 23 Komité

194 548 46 16 som
255 542 49 23 haft
319 542 35 28 sig
368 543 124 28 uppdraget
506 543 34 23 att
553 542 103 24 utarbeta
668 542 87 28 förslag
765 530 37 35 till

194 570 65 23 dessa
272 570 167 29 författningar.

110 636 32 21 Då
163 637 63 19 Hans
243 636 134 26 Kejserliga
394 636 110 27 Majestät
521 639 5 18 i
544 637 66 20 Nåder
628 638 69 19 önskat
715 638 87 20 inhemta

58 663 119 20 Ständernas
191 664 98 25 yttrande,
306 669 33 14 om
354 664 66 19 hvilka
436 664 108 20 straffarter
558 664 61 19 borde
633 664 27 20 till
673 664 129 21 användande

57 689 5 19 i
77 690 105 20 framtiden
196 690 113 26 fastställas,
325 693 59 22 samt,
401 690 28 20 för
443 691 37 19 den
495 691 93 20 händelse
598 693 27 16 att
635 691 59 26 några
706 691 96 20 härförin-

57 722 37 13 nan
114 716 87 27 nyttjade
218 717 58 19 straff
289 716 84 26 ansåges
390 717 48 20 böra
454 717 104 26 afskaffas,
576 717 59 20 äfven
656 719 53 18 velat
728 717 75 21 bereda

58 743 108 20 Ständerna
181 743 72 20 tillfälle
267 745 28 17 att
309 744 106 24 öfverväga
430 745 38 18 och
485 744 84 24 besluta,
590 749 44 14 «om
651 745 38 18 och
707 743 24 26 på
750 745 53 19 hvad

58 770 65 19 vilkor
136 769 60 20 deras
209 769 130 20 användande
352 770 48 19 skall
416 772 71 22 genast
500 771 108 25 upphöra»,
625 769 21 20 så
661 771 60 19 hafva
730 771 74 19 under-

58 795 101 26 tecknade,
176 796 66 20 hvilka
258 797 4 18 i
280 795 61 20 nåder
359 796 111 19 förordnats
488 799 27 17 att
532 795 68 21 såsom
618 796 77 19 Komité
712 797 90 19 utarbeta

57 822 145 25 propositioner
216 823 5 18 i
236 822 98 20 hvardera
350 824 73 21 ämnet,
440 826 51 16 samt
507 824 4 18 i
526 822 93 20 särskildt
633 823 74 23 förslag
722 828 34 14 om
770 823 34 20 all-

58 851 71 17 männa
144 849 85 25 grunder
243 849 30 19 för
287 854 24 13 en
326 854 26 21 ny
367 848 87 26 strafflag
468 849 86 20 förordat
567 849 122 19 afskaffande
703 849 20 19 af
735 849 25 20 de
770 849 34 19 fle-

58 878 31 17 sta
103 875 124 19 härförinnan
241 874 88 27 nyttjade
345 875 57 20 straff
411 875 38 19 och
459 875 95 26 påföljder
568 876 21 19 af
596 875 59 24 brott,
668 875 44 20 icke
721 875 54 20 kunn
784 878 20 17 at

57 901 65 26 undgå
137 903 28 17 att
182 902 56 19 afven
257 901 81 27 föreslå,
356 901 34 20 det
407 904 64 18 större
488 903 56 19 delen
562 902 20 19 af
598 908 76 13 samma
692 902 112 19 straffarter

58 928 60 20 också
139 928 70 20 borde.
217 931 70 23 genast
306 928 89 26 upphöra
412 929 38 18 och
468 930 84 18 ersättas
569 934 71 20 genom
658 928 73 25 andra,
749 934 55 14 mera

58 955 102 24 tidsenliga
176 955 62 19 straff.
267 954 28 20 Dä
313 955 91 19 Komitén
421 956 98 24 nemligen
536 957 64 17 ansett
614 955 24 19 de
655 955 53 19 förra
724 956 80 18 tillhöra

58 988 24 13 en
97 982 21 19 af
130 981 34 19 det
178 982 70 19 Finska
262 981 68 20 Folket
345 982 59 19 redan
417 981 77 21 lemnad
504 981 198 26 kultur-ståndpunkt
711 982 39 18 och
759 981 45 19 der-

59 1009 47 24 före,
123 1007 68 20 såsom
206 1008 104 24 oförenliga
324 1008 47 19 med
388 1008 101 20 nationens
507 1008 113 20 nuvarande
638 1008 167 19 rättsmedvetan-

58 1035 31 25 de,
108 1034 48 19 böra
174 1035 28 19 för
220 1034 105 20 framtiden
341 1034 120 26 upphäfvas,
481 1034 21 20 så
520 1035 35 18 har
572 1034 90 20 Komitén
680 1034 124 25 naturligtvis

58 1061 59 19 äfven
132 1061 41 19 haft
187 1066 77 14 samma
278 1061 106 24 anledning
398 1062 28 17 att
440 1060 61 20 också
516 1060 75 26 påyrka
606 1061 58 19 deras
678 1060 126 19 omedelbara

59 1086 127 20 afskaffande.
214 1088 32 18 Att
262 1086 72 20 sådant
348 1086 61 20 likväl
425 1087 44 19 icke
484 1087 52 19 skett
550 1086 4 19 i
565 1086 95 22 afseende
669 1086 11 19 å
697 1087 36 19 alla
747 1086 25 20 de
786 1086 20 19 af

59 1113 90 20 Komitén
164 1114 29 18 för
208 1113 104 19 framtiden
327 1114 135 18 utmönstrade
477 1112 87 25 straffen,
580 1113 93 19 härrörer
687 1112 43 20 dels
741 1112 62 24 deraf,

60 1142 28 17 att
102 1140 73 20 bristen
190 1139 23 26 på
229 1139 164 25 ändamålsenliga
413 1139 199 26 fängelsebyggnader
629 1139 45 19 icke
691 1138 73 20 tillåter
778 1140 28 18 ett

60 1166 124 20 omedelbart
204 1166 99 20 införande
323 1166 21 19 af
359 1165 73 20 sådana
448 1165 136 24 frihetsstraff,
604 1170 43 14 som
665 1166 91 18 Komitén
776 1165 30 19 för

59 1193 104 20 framtiden
177 1192 105 26 föreslagit,
299 1195 51 17 samt
364 1192 43 19 dels
421 1192 61 20 också
497 1192 61 24 deraf,
574 1194 28 17 att
616 1192 90 19 Komitén
716 1192 45 19 icke
771 1196 35 14 ve-

60 1220 27 19 lat
100 1220 53 25 gifva
167 1220 101 25 anledning
281 1220 28 19 till
323 1222 29 16 ett
368 1219 64 19 alltför
449 1218 134 20 brådstörtadt
600 1218 81 26 ombyte
701 1218 21 19 af
741 1217 64 20 straff-

60 1248 84 24 system.
656 1265 2 3 F

113 1273 47 19 Utaf
172 1273 25 19 Je
211 1272 109 20 straffarter
335 1272 37 19 och
388 1272 59 20 andra
464 1271 94 27 påföljder
576 1272 20 19 af
608 1272 63 24 brott,
689 1270 69 20 hvilka
773 1275 33 14 en-

60 1299 34 25 ligt
107 1300 93 25 förslaget
214 1304 32 14 om
261 1300 94 18 allmänna
370 1298 86 26 grunder
470 1299 29 18 för
514 1304 22 14 en
552 1304 27 20 ny
593 1297 87 26 strafflag
695 1297 63 27 skulle
775 1297 31 19 för

60 1326 103 19 framtiden
181 1325 103 25 afskaffas,
307 1326 35 18 har
360 1325 90 19 Komiten
468 1324 56 20 alltsä
542 1327 63 16 ansett
622 1324 82 19 allenast
721 1323 85 23 följande

60 1352 47 19 böra
120 1354 69 22 genast
199 1352 95 24 upphöra,
307 1351 103 25 nemligen:
422 1352 68 24 skärpt
498 1350 112 24 dödsstraff,
624 1350 65 19 enkelt
698 1349 109 19 dödsstraff

60 1384 71 19 genom
146 1379 101 25 hängning,
264 1378 108 25 fridlöshet,
389 1380 59 17 ärans
462 1377 78 23 förlust,
557 1376 81 20 stående
652 1376 34 19 vid
703 1374 103 29 skampäle

61 1405 45 19 med
120 1404 93 25 halsjern,
230 1404 82 20 stående
329 1404 33 20 vid
378 1404 59 25 tings-
454 1404 48 18 eller
519 1402 152 20 rådstufvudörr
688 1402 44 18 med
751 1402 55 24 mjöl-

63 1430 67 20 kekärl
146 1431 5 18 i
166 1430 85 24 handen,
268 1431 67 24 anslag
349 1429 11 20 å
375 1429 103 26 skampåle
496 1435 32 13 om
544 1429 121 25 förbrytares
683 1433 59 24 namn
760 1428 46 19 eller

61 1457 59 24 brott,
136 1457 119 25 kungörelse
269 1457 4 18 i
290 1457 63 25 kyrka
367 1462 33 13 om
414 1456 79 19 ådömdt
508 1455 61 23 straff,
586 1455 127 24 vanhederlig
729 1453 77 30 begraf-

60 1485 53 24 ning,
135 1483 137 20 smädeskrifts
294 1483 152 24 uppbrännande
466 1487 71 20 genom
554 1481 157 45 skarprättare,
725 1479 94 48 ogeouie-
