<?xml version="1.0" encoding="UTF-8"?>
<alto xmlns="http://www.loc.gov/standards/alto/ns-v3#" xmlns:xlink="http://www.w3.org/1999/xlink" xmlns:xsi="http://www.w3.org/2001/XMLSchema-instance" xsi:schemaLocation="http://www.loc.gov/standards/alto/ns-v3# http://www.loc.gov/alto/v3/alto-3-0.xsd">
	<Description>
		<MeasurementUnit>pixel</MeasurementUnit>
		<sourceImageInformation>
			<fileName>/tmp/tess_vmots_t0_input.PNG</fileName>
		</sourceImageInformation>
		<OCRProcessing ID="OCR_0">
			<ocrProcessingStep>
				<processingSoftware>
					<softwareName>tesseract 5.3.4</softwareName>
				</processingSoftware>
			</ocrProcessingStep>
		</OCRProcessing>
	</Description>
	<Layout>
		<Page WIDTH="998" HEIGHT="1706" PHYSICAL_IMG_NR="0" ID="page_0">
			<PrintSpace HPOS="0" VPOS="0" WIDTH="998" HEIGHT="1706">
				<ComposedBlock ID="cblock_0" HPOS="279" VPOS="85" WIDTH="528" HEIGHT="24">
					<TextBlock ID="block_0" HPOS="279" VPOS="85" WIDTH="528" HEIGHT="24">
						<TextLine ID="line_0" HPOS="279" VPOS="85" WIDTH="528" HEIGHT="24">
							<String ID="string_0" HPOS="279" VPOS="85" WIDTH="72" HEIGHT="23" WC="0.86" CONTENT="Nådiga"/><SP WIDTH="10" VPOS="85" HPOS="351"/>
							<String ID="string_1" HPOS="361" VPOS="86" WIDTH="141" HEIGHT="23" WC="0.96" CONTENT="Propositionen"/><SP WIDTH="11" VPOS="86" HPOS="502"/>
							<String ID="string_2" HPOS="513" VPOS="88" WIDTH="37" HEIGHT="17" WC="0.96" CONTENT="N:o"/><SP WIDTH="12" VPOS="88" HPOS="550"/>
							<String ID="string_3" HPOS="562" VPOS="87" WIDTH="28" HEIGHT="19" WC="0.95" CONTENT="13."/><SP WIDTH="183" VPOS="87" HPOS="590"/>
							<String ID="string_4" HPOS="773" VPOS="88" WIDTH="34" HEIGHT="19" WC="0.96" CONTENT="309"/>
						</TextLine>
					</TextBlock>
				</ComposedBlock>
				<ComposedBlock ID="cblock_1" HPOS="55" VPOS="134" WIDTH="752" HEIGHT="1270">
					<TextBlock ID="block_1" HPOS="58" VPOS="134" WIDTH="749" HEIGHT="393">
						<TextLine ID="line_1" HPOS="64" VPOS="134" WIDTH="742" HEIGHT="26">
							<String ID="string_5" HPOS="64" VPOS="134" WIDTH="38" HEIGHT="20" WC="0.96" CONTENT="den"/><SP WIDTH="13" VPOS="134" HPOS="102"/>
							<String ID="string_6" HPOS="115" VPOS="136" WIDTH="102" HEIGHT="18" WC="0.96" CONTENT="närmaste"/><SP WIDTH="10" VPOS="136" HPOS="217"/>
							<String ID="string_7" HPOS="227" VPOS="135" WIDTH="113" HEIGHT="25" WC="0.96" CONTENT="framtiden,"/><SP WIDTH="9" VPOS="135" HPOS="340"/>
							<String ID="string_8" HPOS="349" VPOS="136" WIDTH="24" HEIGHT="20" WC="0.93" CONTENT="då"/><SP WIDTH="11" VPOS="136" HPOS="373"/>
							<String ID="string_9" HPOS="384" VPOS="136" WIDTH="290" HEIGHT="21" WC="0.68" CONTENT="folkskolelärare-seminariet:"/><SP WIDTH="13" VPOS="136" HPOS="674"/>
							<String ID="string_10" HPOS="687" VPOS="137" WIDTH="119" HEIGHT="21" WC="0.87" CONTENT="företrädes-"/>
						</TextLine>
						<TextLine ID="line_2" HPOS="63" VPOS="160" WIDTH="743" HEIGHT="28">
							<String ID="string_11" HPOS="63" VPOS="161" WIDTH="31" HEIGHT="20" WC="0.96" CONTENT="vis"/><SP WIDTH="15" VPOS="161" HPOS="94"/>
							<String ID="string_12" HPOS="109" VPOS="160" WIDTH="65" HEIGHT="21" WC="0.96" CONTENT="måste"/><SP WIDTH="14" VPOS="160" HPOS="174"/>
							<String ID="string_13" HPOS="188" VPOS="161" WIDTH="45" HEIGHT="20" WC="0.96" CONTENT="med"/><SP WIDTH="14" VPOS="161" HPOS="233"/>
							<String ID="string_14" HPOS="247" VPOS="162" WIDTH="64" HEIGHT="20" WC="0.95" CONTENT="lärare"/><SP WIDTH="15" VPOS="162" HPOS="311"/>
							<String ID="string_15" HPOS="326" VPOS="162" WIDTH="53" HEIGHT="20" WC="0.96" CONTENT="förse"/><SP WIDTH="14" VPOS="162" HPOS="379"/>
							<String ID="string_16" HPOS="393" VPOS="162" WIDTH="25" HEIGHT="20" WC="0.93" CONTENT="de"/><SP WIDTH="15" VPOS="162" HPOS="418"/>
							<String ID="string_17" HPOS="433" VPOS="163" WIDTH="98" HEIGHT="20" WC="0.91" CONTENT="blifvande"/><SP WIDTH="14" VPOS="163" HPOS="531"/>
							<String ID="string_18" HPOS="545" VPOS="163" WIDTH="141" HEIGHT="25" WC="0.92" CONTENT="folkskolorna,"/><SP WIDTH="18" VPOS="163" HPOS="686"/>
							<String ID="string_19" HPOS="704" VPOS="163" WIDTH="49" HEIGHT="21" WC="0.96" CONTENT="skall"/><SP WIDTH="17" VPOS="163" HPOS="753"/>
							<String ID="string_20" HPOS="770" VPOS="164" WIDTH="36" HEIGHT="20" WC="0.93" CONTENT="fin-"/>
						</TextLine>
						<TextLine ID="line_3" HPOS="63" VPOS="188" WIDTH="744" HEIGHT="28">
							<String ID="string_21" HPOS="63" VPOS="193" WIDTH="35" HEIGHT="15" WC="0.94" CONTENT="nas"/><SP WIDTH="14" VPOS="193" HPOS="98"/>
							<String ID="string_22" HPOS="112" VPOS="188" WIDTH="103" HEIGHT="26" WC="0.94" CONTENT="tillräcklig"/><SP WIDTH="14" VPOS="188" HPOS="215"/>
							<String ID="string_23" HPOS="229" VPOS="188" WIDTH="77" HEIGHT="26" WC="0.96" CONTENT="tillgång"/><SP WIDTH="14" VPOS="188" HPOS="306"/>
							<String ID="string_24" HPOS="320" VPOS="188" WIDTH="25" HEIGHT="26" WC="0.91" CONTENT="på"/><SP WIDTH="14" VPOS="188" HPOS="345"/>
							<String ID="string_25" HPOS="359" VPOS="189" WIDTH="91" HEIGHT="26" WC="0.90" CONTENT="lämplige"/><SP WIDTH="17" VPOS="189" HPOS="450"/>
							<String ID="string_26" HPOS="467" VPOS="190" WIDTH="131" HEIGHT="20" WC="0.91" CONTENT="skolmästare"/><SP WIDTH="16" VPOS="190" HPOS="598"/>
							<String ID="string_27" HPOS="614" VPOS="191" WIDTH="63" HEIGHT="24" WC="0.94" CONTENT="äfven."/><SP WIDTH="12" VPOS="191" HPOS="677"/>
							<String ID="string_28" HPOS="689" VPOS="190" WIDTH="31" HEIGHT="20" WC="0.92" CONTENT="för"/><SP WIDTH="16" VPOS="190" HPOS="720"/>
							<String ID="string_29" HPOS="736" VPOS="190" WIDTH="71" HEIGHT="26" WC="0.91" CONTENT="fängel-"/>
						</TextLine>
						<TextLine ID="line_4" HPOS="62" VPOS="214" WIDTH="744" HEIGHT="28">
							<String ID="string_30" HPOS="62" VPOS="219" WIDTH="65" HEIGHT="19" WC="0.95" CONTENT="serna,"/><SP WIDTH="17" VPOS="219" HPOS="127"/>
							<String ID="string_31" HPOS="144" VPOS="214" WIDTH="22" HEIGHT="20" WC="0.96" CONTENT="så"/><SP WIDTH="15" VPOS="214" HPOS="166"/>
							<String ID="string_32" HPOS="181" VPOS="215" WIDTH="36" HEIGHT="19" WC="0.93" CONTENT="har"/><SP WIDTH="14" VPOS="215" HPOS="217"/>
							<String ID="string_33" HPOS="231" VPOS="215" WIDTH="91" HEIGHT="20" WC="0.92" CONTENT="Komitén"/><SP WIDTH="17" VPOS="215" HPOS="322"/>
							<String ID="string_34" HPOS="339" VPOS="214" WIDTH="18" HEIGHT="26" WC="0.95" CONTENT="ej"/><SP WIDTH="17" VPOS="214" HPOS="357"/>
							<String ID="string_35" HPOS="374" VPOS="216" WIDTH="61" HEIGHT="20" WC="0.93" CONTENT="heller"/><SP WIDTH="17" VPOS="216" HPOS="435"/>
							<String ID="string_36" HPOS="452" VPOS="216" WIDTH="75" HEIGHT="20" WC="0.91" CONTENT="kunnat"/><SP WIDTH="16" VPOS="216" HPOS="527"/>
							<String ID="string_37" HPOS="543" VPOS="216" WIDTH="129" HEIGHT="24" WC="0.90" CONTENT="föreslå,-att"/><SP WIDTH="16" VPOS="216" HPOS="672"/>
							<String ID="string_38" HPOS="688" VPOS="216" WIDTH="64" HEIGHT="26" WC="0.93" CONTENT="någon"/><SP WIDTH="14" VPOS="216" HPOS="752"/>
							<String ID="string_39" HPOS="766" VPOS="218" WIDTH="40" HEIGHT="18" WC="0.93" CONTENT="ele-"/>
						</TextLine>
						<TextLine ID="line_5" HPOS="62" VPOS="241" WIDTH="743" HEIGHT="27">
							<String ID="string_40" HPOS="62" VPOS="241" WIDTH="219" HEIGHT="25" WC="0.91" CONTENT="mentarundervisning"/><SP WIDTH="14" VPOS="241" HPOS="281"/>
							<String ID="string_41" HPOS="295" VPOS="242" WIDTH="61" HEIGHT="19" WC="0.96" CONTENT="redan"/><SP WIDTH="13" VPOS="242" HPOS="356"/>
							<String ID="string_42" HPOS="369" VPOS="248" WIDTH="28" HEIGHT="13" WC="0.96" CONTENT="nu"/><SP WIDTH="13" VPOS="248" HPOS="397"/>
							<String ID="string_43" HPOS="410" VPOS="243" WIDTH="63" HEIGHT="19" WC="0.96" CONTENT="skulle"/><SP WIDTH="14" VPOS="243" HPOS="473"/>
							<String ID="string_44" HPOS="487" VPOS="242" WIDTH="81" HEIGHT="20" WC="0.96" CONTENT="komma"/><SP WIDTH="15" VPOS="242" HPOS="568"/>
							<String ID="string_45" HPOS="583" VPOS="242" WIDTH="61" HEIGHT="26" WC="0.96" CONTENT="ifråga"/><SP WIDTH="16" VPOS="242" HPOS="644"/>
							<String ID="string_46" HPOS="660" VPOS="242" WIDTH="33" HEIGHT="20" WC="0.93" CONTENT="vid"/><SP WIDTH="17" VPOS="242" HPOS="693"/>
							<String ID="string_47" HPOS="710" VPOS="244" WIDTH="95" HEIGHT="24" WC="0.92" CONTENT="fängelse-"/>
						</TextLine>
						<TextLine ID="line_6" HPOS="61" VPOS="266" WIDTH="744" HEIGHT="26">
							<String ID="string_48" HPOS="61" VPOS="266" WIDTH="84" HEIGHT="20" WC="0.86" CONTENT="straffet."/><SP WIDTH="29" VPOS="266" HPOS="145"/>
							<String ID="string_49" HPOS="174" VPOS="267" WIDTH="33" HEIGHT="19" WC="0.92" CONTENT="Till"/><SP WIDTH="16" VPOS="267" HPOS="207"/>
							<String ID="string_50" HPOS="223" VPOS="266" WIDTH="44" HEIGHT="26" WC="0.96" CONTENT="följe"/><SP WIDTH="14" VPOS="266" HPOS="267"/>
							<String ID="string_51" HPOS="281" VPOS="268" WIDTH="62" HEIGHT="23" WC="0.96" CONTENT="häraf,"/><SP WIDTH="16" VPOS="268" HPOS="343"/>
							<String ID="string_52" HPOS="359" VPOS="268" WIDTH="38" HEIGHT="20" WC="0.96" CONTENT="och"/><SP WIDTH="14" VPOS="268" HPOS="397"/>
							<String ID="string_53" HPOS="411" VPOS="268" WIDTH="25" HEIGHT="20" WC="0.96" CONTENT="då"/><SP WIDTH="15" VPOS="268" HPOS="436"/>
							<String ID="string_54" HPOS="451" VPOS="267" WIDTH="78" HEIGHT="21" WC="0.96" CONTENT="således"/><SP WIDTH="14" VPOS="267" HPOS="529"/>
							<String ID="string_55" HPOS="543" VPOS="268" WIDTH="83" HEIGHT="20" WC="0.96" CONTENT="flertalet"/><SP WIDTH="16" VPOS="268" HPOS="626"/>
							<String ID="string_56" HPOS="642" VPOS="269" WIDTH="21" HEIGHT="19" WC="0.96" CONTENT="af"/><SP WIDTH="15" VPOS="269" HPOS="663"/>
							<String ID="string_57" HPOS="678" VPOS="269" WIDTH="24" HEIGHT="19" WC="0.95" CONTENT="de"/><SP WIDTH="18" VPOS="269" HPOS="702"/>
							<String ID="string_58" HPOS="720" VPOS="269" WIDTH="26" HEIGHT="19" WC="0.93" CONTENT="till"/><SP WIDTH="18" VPOS="269" HPOS="746"/>
							<String ID="string_59" HPOS="764" VPOS="270" WIDTH="41" HEIGHT="18" WC="0.92" CONTENT="fän-"/>
						</TextLine>
						<TextLine ID="line_7" HPOS="61" VPOS="293" WIDTH="743" HEIGHT="28">
							<String ID="string_60" HPOS="61" VPOS="293" WIDTH="115" HEIGHT="24" WC="0.19" CONTENT="gelsestraff-"/><SP WIDTH="11" VPOS="293" HPOS="176"/>
							<String ID="string_61" HPOS="187" VPOS="293" WIDTH="72" HEIGHT="19" WC="0.19" CONTENT="dömde"/><SP WIDTH="14" VPOS="293" HPOS="259"/>
							<String ID="string_62" HPOS="273" VPOS="293" WIDTH="111" HEIGHT="26" WC="0.96" CONTENT="förbrytare"/><SP WIDTH="14" VPOS="293" HPOS="384"/>
							<String ID="string_63" HPOS="398" VPOS="294" WIDTH="107" HEIGHT="20" WC="0.96" CONTENT="tillsvidare"/><SP WIDTH="14" VPOS="294" HPOS="505"/>
							<String ID="string_64" HPOS="519" VPOS="294" WIDTH="66" HEIGHT="20" WC="0.96" CONTENT="måste"/><SP WIDTH="9" VPOS="294" HPOS="585"/>
							<String ID="string_65" HPOS="594" VPOS="294" WIDTH="62" HEIGHT="20" WC="0.73" CONTENT="hållas"/><SP WIDTH="9" VPOS="294" HPOS="656"/>
							<String ID="string_66" HPOS="665" VPOS="295" WIDTH="6" HEIGHT="18" WC="0.71" CONTENT="i"/><SP WIDTH="9" VPOS="295" HPOS="671"/>
							<String ID="string_67" HPOS="680" VPOS="300" WIDTH="124" HEIGHT="21" WC="0.91" CONTENT="gemensam-"/>
						</TextLine>
						<TextLine ID="line_8" HPOS="61" VPOS="318" WIDTH="742" HEIGHT="28">
							<String ID="string_68" HPOS="61" VPOS="319" WIDTH="35" HEIGHT="19" WC="0.96" CONTENT="het"/><SP WIDTH="13" VPOS="319" HPOS="96"/>
							<String ID="string_69" HPOS="109" VPOS="318" WIDTH="52" HEIGHT="21" WC="0.96" CONTENT="både"/><SP WIDTH="12" VPOS="318" HPOS="161"/>
							<String ID="string_70" HPOS="173" VPOS="322" WIDTH="42" HEIGHT="17" WC="0.95" CONTENT="natt"/><SP WIDTH="14" VPOS="322" HPOS="215"/>
							<String ID="string_71" HPOS="229" VPOS="320" WIDTH="38" HEIGHT="19" WC="0.96" CONTENT="och"/><SP WIDTH="14" VPOS="320" HPOS="267"/>
							<String ID="string_72" HPOS="281" VPOS="320" WIDTH="45" HEIGHT="25" WC="0.95" CONTENT="dag,"/><SP WIDTH="17" VPOS="320" HPOS="326"/>
							<String ID="string_73" HPOS="343" VPOS="323" WIDTH="52" HEIGHT="17" WC="0.96" CONTENT="samt"/><SP WIDTH="13" VPOS="323" HPOS="395"/>
							<String ID="string_74" HPOS="408" VPOS="321" WIDTH="86" HEIGHT="25" WC="0.93" CONTENT="fängelse"/><SP WIDTH="14" VPOS="321" HPOS="494"/>
							<String ID="string_75" HPOS="508" VPOS="321" WIDTH="33" HEIGHT="19" WC="0.91" CONTENT="vid"/><SP WIDTH="15" VPOS="321" HPOS="541"/>
							<String ID="string_76" HPOS="556" VPOS="324" WIDTH="67" HEIGHT="16" WC="0.96" CONTENT="vatten"/><SP WIDTH="15" VPOS="324" HPOS="623"/>
							<String ID="string_77" HPOS="638" VPOS="322" WIDTH="38" HEIGHT="18" WC="0.96" CONTENT="och"/><SP WIDTH="14" VPOS="322" HPOS="676"/>
							<String ID="string_78" HPOS="690" VPOS="321" WIDTH="56" HEIGHT="23" WC="0.96" CONTENT="bröd,"/><SP WIDTH="14" VPOS="321" HPOS="746"/>
							<String ID="string_79" HPOS="760" VPOS="327" WIDTH="43" HEIGHT="14" WC="0.96" CONTENT="som"/>
						</TextLine>
						<TextLine ID="line_9" HPOS="60" VPOS="346" WIDTH="743" HEIGHT="27">
							<String ID="string_80" HPOS="60" VPOS="346" WIDTH="109" HEIGHT="20" WC="0.96" CONTENT="tillsvidare"/><SP WIDTH="14" VPOS="346" HPOS="169"/>
							<String ID="string_81" HPOS="183" VPOS="346" WIDTH="64" HEIGHT="20" WC="0.96" CONTENT="skulle"/><SP WIDTH="15" VPOS="346" HPOS="247"/>
							<String ID="string_82" HPOS="262" VPOS="346" WIDTH="29" HEIGHT="20" WC="0.96" CONTENT="för"/><SP WIDTH="13" VPOS="346" HPOS="291"/>
							<String ID="string_83" HPOS="304" VPOS="346" WIDTH="70" HEIGHT="27" WC="0.96" CONTENT="många"/><SP WIDTH="15" VPOS="346" HPOS="374"/>
							<String ID="string_84" HPOS="389" VPOS="348" WIDTH="52" HEIGHT="19" WC="0.96" CONTENT="brott"/><SP WIDTH="14" VPOS="348" HPOS="441"/>
							<String ID="string_85" HPOS="455" VPOS="347" WIDTH="118" HEIGHT="25" WC="0.93" CONTENT="bibehållas,"/><SP WIDTH="16" VPOS="347" HPOS="573"/>
							<String ID="string_86" HPOS="589" VPOS="346" WIDTH="71" HEIGHT="26" WC="0.91" CONTENT="jemväl"/><SP WIDTH="17" VPOS="346" HPOS="660"/>
							<String ID="string_87" HPOS="677" VPOS="347" WIDTH="82" HEIGHT="21" WC="0.96" CONTENT="komme"/><SP WIDTH="16" VPOS="347" HPOS="759"/>
							<String ID="string_88" HPOS="775" VPOS="350" WIDTH="28" HEIGHT="18" WC="0.96" CONTENT="att"/>
						</TextLine>
						<TextLine ID="line_10" HPOS="60" VPOS="371" WIDTH="744" HEIGHT="29">
							<String ID="string_89" HPOS="60" VPOS="371" WIDTH="11" HEIGHT="21" WC="0.92" CONTENT="å"/><SP WIDTH="15" VPOS="371" HPOS="71"/>
							<String ID="string_90" HPOS="86" VPOS="372" WIDTH="125" HEIGHT="20" WC="0.91" CONTENT="straffskalan"/><SP WIDTH="14" VPOS="372" HPOS="211"/>
							<String ID="string_91" HPOS="225" VPOS="374" WIDTH="70" HEIGHT="24" WC="0.96" CONTENT="utgöra"/><SP WIDTH="15" VPOS="374" HPOS="295"/>
							<String ID="string_92" HPOS="310" VPOS="379" WIDTH="23" HEIGHT="13" WC="0.96" CONTENT="en"/><SP WIDTH="15" VPOS="379" HPOS="333"/>
							<String ID="string_93" HPOS="348" VPOS="374" WIDTH="44" HEIGHT="20" WC="0.95" CONTENT="länk"/><SP WIDTH="14" VPOS="374" HPOS="392"/>
							<String ID="string_94" HPOS="406" VPOS="374" WIDTH="84" HEIGHT="20" WC="0.93" CONTENT="emellan"/><SP WIDTH="15" VPOS="374" HPOS="490"/>
							<String ID="string_95" HPOS="505" VPOS="374" WIDTH="92" HEIGHT="20" WC="0.92" CONTENT="tukthus-"/><SP WIDTH="14" VPOS="374" HPOS="597"/>
							<String ID="string_96" HPOS="611" VPOS="375" WIDTH="39" HEIGHT="19" WC="0.93" CONTENT="och"/><SP WIDTH="8" VPOS="375" HPOS="650"/>
							<String ID="string_97" HPOS="658" VPOS="374" WIDTH="146" HEIGHT="26" WC="0.91" CONTENT="fängelsestraf-"/>
						</TextLine>
						<TextLine ID="line_11" HPOS="59" VPOS="399" WIDTH="744" HEIGHT="29">
							<String ID="string_98" HPOS="59" VPOS="399" WIDTH="39" HEIGHT="24" WC="0.96" CONTENT="fen,"/><SP WIDTH="17" VPOS="399" HPOS="98"/>
							<String ID="string_99" HPOS="115" VPOS="399" WIDTH="36" HEIGHT="20" WC="0.93" CONTENT="har"/><SP WIDTH="14" VPOS="399" HPOS="151"/>
							<String ID="string_100" HPOS="165" VPOS="400" WIDTH="100" HEIGHT="24" WC="0.91" CONTENT="Komitén,"/><SP WIDTH="22" VPOS="400" HPOS="265"/>
							<String ID="string_101" HPOS="287" VPOS="399" WIDTH="68" HEIGHT="21" WC="0.96" CONTENT="såsom"/><SP WIDTH="16" VPOS="399" HPOS="355"/>
							<String ID="string_102" HPOS="371" VPOS="400" WIDTH="60" HEIGHT="20" WC="0.93" CONTENT="redan"/><SP WIDTH="17" VPOS="400" HPOS="431"/>
							<String ID="string_103" HPOS="448" VPOS="401" WIDTH="106" HEIGHT="27" WC="0.88" CONTENT="antyddes,"/><SP WIDTH="18" VPOS="401" HPOS="554"/>
							<String ID="string_104" HPOS="572" VPOS="401" WIDTH="63" HEIGHT="19" WC="0.40" CONTENT="funnit"/><SP WIDTH="16" VPOS="401" HPOS="635"/>
							<String ID="string_105" HPOS="651" VPOS="401" WIDTH="29" HEIGHT="26" WC="0.40" CONTENT="sig"/><SP WIDTH="17" VPOS="401" HPOS="680"/>
							<String ID="string_106" HPOS="697" VPOS="401" WIDTH="106" HEIGHT="20" WC="0.96" CONTENT="föranlåten"/>
						</TextLine>
						<TextLine ID="line_12" HPOS="59" VPOS="426" WIDTH="743" HEIGHT="27">
							<String ID="string_107" HPOS="59" VPOS="428" WIDTH="29" HEIGHT="18" WC="0.96" CONTENT="att"/><SP WIDTH="13" VPOS="428" HPOS="88"/>
							<String ID="string_108" HPOS="101" VPOS="426" WIDTH="30" HEIGHT="19" WC="0.96" CONTENT="för"/><SP WIDTH="14" VPOS="426" HPOS="131"/>
							<String ID="string_109" HPOS="145" VPOS="426" WIDTH="164" HEIGHT="27" WC="0.94" CONTENT="fängelsestraffet"/><SP WIDTH="13" VPOS="426" HPOS="309"/>
							<String ID="string_110" HPOS="322" VPOS="427" WIDTH="64" HEIGHT="20" WC="0.96" CONTENT="under"/><SP WIDTH="14" VPOS="427" HPOS="386"/>
							<String ID="string_111" HPOS="400" VPOS="428" WIDTH="38" HEIGHT="19" WC="0.95" CONTENT="den"/><SP WIDTH="15" VPOS="428" HPOS="438"/>
							<String ID="string_112" HPOS="453" VPOS="429" WIDTH="100" HEIGHT="18" WC="0.96" CONTENT="närmaste"/><SP WIDTH="16" VPOS="429" HPOS="553"/>
							<String ID="string_113" HPOS="569" VPOS="428" WIDTH="104" HEIGHT="20" WC="0.96" CONTENT="framtiden"/><SP WIDTH="17" VPOS="428" HPOS="673"/>
							<String ID="string_114" HPOS="690" VPOS="428" WIDTH="71" HEIGHT="20" WC="0.94" CONTENT="föreslå"/><SP WIDTH="18" VPOS="428" HPOS="761"/>
							<String ID="string_115" HPOS="779" VPOS="434" WIDTH="23" HEIGHT="13" WC="0.96" CONTENT="en"/>
						</TextLine>
						<TextLine ID="line_13" HPOS="59" VPOS="453" WIDTH="744" HEIGHT="27">
							<String ID="string_116" HPOS="59" VPOS="453" WIDTH="126" HEIGHT="26" WC="0.96" CONTENT="gestaltning,"/><SP WIDTH="23" VPOS="453" HPOS="185"/>
							<String ID="string_117" HPOS="208" VPOS="459" WIDTH="43" HEIGHT="14" WC="0.96" CONTENT="som"/><SP WIDTH="20" VPOS="459" HPOS="251"/>
							<String ID="string_118" HPOS="271" VPOS="459" WIDTH="55" HEIGHT="14" WC="0.89" CONTENT="mera"/><SP WIDTH="20" VPOS="459" HPOS="326"/>
							<String ID="string_119" HPOS="346" VPOS="455" WIDTH="191" HEIGHT="19" WC="0.89" CONTENT="öfverensstämmer"/><SP WIDTH="16" VPOS="455" HPOS="537"/>
							<String ID="string_120" HPOS="553" VPOS="455" WIDTH="46" HEIGHT="19" WC="0.96" CONTENT="med"/><SP WIDTH="14" VPOS="455" HPOS="599"/>
							<String ID="string_121" HPOS="613" VPOS="455" WIDTH="34" HEIGHT="19" WC="0.96" CONTENT="det"/><SP WIDTH="16" VPOS="455" HPOS="647"/>
							<String ID="string_122" HPOS="663" VPOS="455" WIDTH="30" HEIGHT="19" WC="0.96" CONTENT="för"/><SP WIDTH="17" VPOS="455" HPOS="693"/>
							<String ID="string_123" HPOS="710" VPOS="455" WIDTH="38" HEIGHT="19" WC="0.96" CONTENT="den"/><SP WIDTH="16" VPOS="455" HPOS="748"/>
							<String ID="string_124" HPOS="764" VPOS="460" WIDTH="39" HEIGHT="20" WC="0.96" CONTENT="nya"/>
						</TextLine>
						<TextLine ID="line_14" HPOS="59" VPOS="479" WIDTH="743" HEIGHT="28">
							<String ID="string_125" HPOS="59" VPOS="479" WIDTH="113" HEIGHT="26" WC="0.96" CONTENT="strafflagen"/><SP WIDTH="13" VPOS="479" HPOS="172"/>
							<String ID="string_126" HPOS="185" VPOS="480" WIDTH="109" HEIGHT="25" WC="0.93" CONTENT="föreslagna"/><SP WIDTH="10" VPOS="480" HPOS="294"/>
							<String ID="string_127" HPOS="304" VPOS="481" WIDTH="147" HEIGHT="25" WC="0.91" CONTENT="arreststraffet,"/><SP WIDTH="11" VPOS="481" HPOS="451"/>
							<String ID="string_128" HPOS="462" VPOS="483" WIDTH="24" HEIGHT="18" WC="0.96" CONTENT="än"/><SP WIDTH="14" VPOS="483" HPOS="486"/>
							<String ID="string_129" HPOS="500" VPOS="481" WIDTH="46" HEIGHT="20" WC="0.96" CONTENT="med"/><SP WIDTH="9" VPOS="481" HPOS="546"/>
							<String ID="string_130" HPOS="555" VPOS="481" WIDTH="34" HEIGHT="20" WC="0.93" CONTENT="det"/><SP WIDTH="9" VPOS="481" HPOS="589"/>
							<String ID="string_131" HPOS="598" VPOS="481" WIDTH="150" HEIGHT="26" WC="0.88" CONTENT="fångelsestraff,"/><SP WIDTH="10" VPOS="481" HPOS="748"/>
							<String ID="string_132" HPOS="758" VPOS="487" WIDTH="44" HEIGHT="14" WC="0.96" CONTENT="som"/>
						</TextLine>
						<TextLine ID="line_15" HPOS="58" VPOS="506" WIDTH="742" HEIGHT="21">
							<String ID="string_133" HPOS="58" VPOS="506" WIDTH="31" HEIGHT="19" WC="0.96" CONTENT="för"/><SP WIDTH="14" VPOS="506" HPOS="89"/>
							<String ID="string_134" HPOS="103" VPOS="506" WIDTH="116" HEIGHT="20" WC="0.95" CONTENT="densamma"/><SP WIDTH="15" VPOS="506" HPOS="219"/>
							<String ID="string_135" HPOS="234" VPOS="506" WIDTH="63" HEIGHT="20" WC="0.92" CONTENT="blifvit"/><SP WIDTH="13" VPOS="506" HPOS="297"/>
							<String ID="string_136" HPOS="310" VPOS="507" WIDTH="107" HEIGHT="20" WC="0.92" CONTENT="förordadt."/><SP WIDTH="381" VPOS="507" HPOS="417"/>
							<String ID="string_137" HPOS="798" VPOS="522" WIDTH="2" HEIGHT="2" WC="0.92" CONTENT=":"/>
						</TextLine>
					</TextBlock>
					<TextBlock ID="block_2" HPOS="55" VPOS="533" WIDTH="748" HEIGHT="871">
						<TextLine ID="line_16" HPOS="112" VPOS="533" WIDTH="690" HEIGHT="26">
							<String ID="string_138" HPOS="112" VPOS="533" WIDTH="31" HEIGHT="20" WC="0.91" CONTENT="Dä"/><SP WIDTH="15" VPOS="533" HPOS="143"/>
							<String ID="string_139" HPOS="158" VPOS="533" WIDTH="107" HEIGHT="26" WC="0.91" CONTENT="fängelse"/><SP WIDTH="14" VPOS="533" HPOS="265"/>
							<String ID="string_140" HPOS="279" VPOS="533" WIDTH="37" HEIGHT="19" WC="0.93" CONTENT="vid"/><SP WIDTH="17" VPOS="533" HPOS="316"/>
							<String ID="string_141" HPOS="333" VPOS="536" WIDTH="81" HEIGHT="17" WC="0.92" CONTENT="vatten"/><SP WIDTH="14" VPOS="536" HPOS="414"/>
							<String ID="string_142" HPOS="428" VPOS="534" WIDTH="43" HEIGHT="19" WC="0.96" CONTENT="och"/><SP WIDTH="15" VPOS="534" HPOS="471"/>
							<String ID="string_143" HPOS="486" VPOS="534" WIDTH="66" HEIGHT="24" WC="0.96" CONTENT="bröd,"/><SP WIDTH="16" VPOS="534" HPOS="552"/>
							<String ID="string_144" HPOS="568" VPOS="533" WIDTH="60" HEIGHT="26" WC="0.93" CONTENT="enligt"/><SP WIDTH="8" VPOS="533" HPOS="628"/>
							<String ID="string_145" HPOS="636" VPOS="534" WIDTH="104" HEIGHT="25" WC="0.89" CONTENT="förslagets"/><SP WIDTH="9" VPOS="534" HPOS="740"/>
							<String ID="string_146" HPOS="749" VPOS="535" WIDTH="53" HEIGHT="19" WC="0.92" CONTENT="förra"/>
						</TextLine>
						<TextLine ID="line_17" HPOS="57" VPOS="558" WIDTH="745" HEIGHT="27">
							<String ID="string_147" HPOS="57" VPOS="558" WIDTH="39" HEIGHT="26" WC="0.93" CONTENT="del,"/><SP WIDTH="16" VPOS="558" HPOS="96"/>
							<String ID="string_148" HPOS="112" VPOS="559" WIDTH="81" HEIGHT="20" WC="0.96" CONTENT="komme"/><SP WIDTH="14" VPOS="559" HPOS="193"/>
							<String ID="string_149" HPOS="207" VPOS="562" WIDTH="28" HEIGHT="17" WC="0.93" CONTENT="att"/><SP WIDTH="16" VPOS="562" HPOS="235"/>
							<String ID="string_150" HPOS="251" VPOS="559" WIDTH="82" HEIGHT="21" WC="0.92" CONTENT="ädömas"/><SP WIDTH="17" VPOS="559" HPOS="333"/>
							<String ID="string_151" HPOS="350" VPOS="559" WIDTH="54" HEIGHT="21" WC="0.95" CONTENT="såväl"/><SP WIDTH="18" VPOS="559" HPOS="404"/>
							<String ID="string_152" HPOS="422" VPOS="561" WIDTH="25" HEIGHT="19" WC="0.96" CONTENT="de"/><SP WIDTH="16" VPOS="561" HPOS="447"/>
							<String ID="string_153" HPOS="463" VPOS="561" WIDTH="57" HEIGHT="19" WC="0.93" CONTENT="flesta"/><SP WIDTH="17" VPOS="561" HPOS="520"/>
							<String ID="string_154" HPOS="537" VPOS="560" WIDTH="82" HEIGHT="25" WC="0.90" CONTENT="tjufvar,"/><SP WIDTH="19" VPOS="560" HPOS="619"/>
							<String ID="string_155" HPOS="638" VPOS="565" WIDTH="44" HEIGHT="15" WC="0.93" CONTENT="som"/><SP WIDTH="16" VPOS="565" HPOS="682"/>
							<String ID="string_156" HPOS="698" VPOS="560" WIDTH="58" HEIGHT="20" WC="0.92" CONTENT="äfven"/><SP WIDTH="17" VPOS="560" HPOS="756"/>
							<String ID="string_157" HPOS="773" VPOS="559" WIDTH="29" HEIGHT="21" WC="0.72" CONTENT="ät:"/>
						</TextLine>
						<TextLine ID="line_18" HPOS="58" VPOS="585" WIDTH="744" HEIGHT="27">
							<String ID="string_158" HPOS="58" VPOS="585" WIDTH="76" HEIGHT="27" WC="0.92" CONTENT="skillige"/><SP WIDTH="14" VPOS="585" HPOS="134"/>
							<String ID="string_159" HPOS="148" VPOS="586" WIDTH="61" HEIGHT="20" WC="0.93" CONTENT="andre"/><SP WIDTH="13" VPOS="586" HPOS="209"/>
							<String ID="string_160" HPOS="222" VPOS="587" WIDTH="69" HEIGHT="24" WC="0.91" CONTENT="grofve"/><SP WIDTH="15" VPOS="587" HPOS="291"/>
							<String ID="string_161" HPOS="306" VPOS="587" WIDTH="116" HEIGHT="25" WC="0.91" CONTENT="förbrytare,"/><SP WIDTH="17" VPOS="587" HPOS="422"/>
							<String ID="string_162" HPOS="439" VPOS="586" WIDTH="22" HEIGHT="21" WC="0.96" CONTENT="sä"/><SP WIDTH="15" VPOS="586" HPOS="461"/>
							<String ID="string_163" HPOS="476" VPOS="588" WIDTH="36" HEIGHT="19" WC="0.93" CONTENT="har"/><SP WIDTH="14" VPOS="588" HPOS="512"/>
							<String ID="string_164" HPOS="526" VPOS="587" WIDTH="90" HEIGHT="20" WC="0.92" CONTENT="Komiten"/><SP WIDTH="14" VPOS="587" HPOS="616"/>
							<String ID="string_165" HPOS="630" VPOS="589" WIDTH="64" HEIGHT="17" WC="0.92" CONTENT="ansett"/><SP WIDTH="14" VPOS="589" HPOS="694"/>
							<String ID="string_166" HPOS="708" VPOS="587" WIDTH="33" HEIGHT="20" WC="0.96" CONTENT="det"/><SP WIDTH="13" VPOS="587" HPOS="741"/>
							<String ID="string_167" HPOS="754" VPOS="592" WIDTH="48" HEIGHT="15" WC="0.96" CONTENT="vara"/>
						</TextLine>
						<TextLine ID="line_19" HPOS="58" VPOS="612" WIDTH="744" HEIGHT="27">
							<String ID="string_168" HPOS="58" VPOS="612" WIDTH="179" HEIGHT="26" WC="0.92" CONTENT="maktpäliggande,"/><SP WIDTH="12" VPOS="612" HPOS="237"/>
							<String ID="string_169" HPOS="249" VPOS="615" WIDTH="28" HEIGHT="17" WC="0.93" CONTENT="att"/><SP WIDTH="10" VPOS="615" HPOS="277"/>
							<String ID="string_170" HPOS="287" VPOS="613" WIDTH="131" HEIGHT="26" WC="0.96" CONTENT="brottslingar,"/><SP WIDTH="17" VPOS="613" HPOS="418"/>
							<String ID="string_171" HPOS="435" VPOS="613" WIDTH="66" HEIGHT="20" WC="0.95" CONTENT="hvilka"/><SP WIDTH="14" VPOS="613" HPOS="501"/>
							<String ID="string_172" HPOS="515" VPOS="613" WIDTH="82" HEIGHT="20" WC="0.96" CONTENT="komme"/><SP WIDTH="14" VPOS="613" HPOS="597"/>
							<String ID="string_173" HPOS="611" VPOS="615" WIDTH="27" HEIGHT="18" WC="0.93" CONTENT="att"/><SP WIDTH="13" VPOS="615" HPOS="638"/>
							<String ID="string_174" HPOS="651" VPOS="613" WIDTH="87" HEIGHT="26" WC="0.96" CONTENT="undergå"/><SP WIDTH="10" VPOS="613" HPOS="738"/>
							<String ID="string_175" HPOS="748" VPOS="613" WIDTH="54" HEIGHT="20" WC="0.89" CONTENT="detta"/>
						</TextLine>
						<TextLine ID="line_20" HPOS="58" VPOS="638" WIDTH="742" HEIGHT="27">
							<String ID="string_176" HPOS="58" VPOS="638" WIDTH="64" HEIGHT="26" WC="0.96" CONTENT="straff,"/><SP WIDTH="16" VPOS="638" HPOS="122"/>
							<String ID="string_177" HPOS="138" VPOS="639" WIDTH="45" HEIGHT="20" WC="0.96" CONTENT="icke"/><SP WIDTH="17" VPOS="639" HPOS="183"/>
							<String ID="string_178" HPOS="200" VPOS="639" WIDTH="50" HEIGHT="25" WC="0.96" CONTENT="finge"/><SP WIDTH="17" VPOS="639" HPOS="250"/>
							<String ID="string_179" HPOS="267" VPOS="639" WIDTH="115" HEIGHT="20" WC="0.96" CONTENT="underhålla"/><SP WIDTH="16" VPOS="639" HPOS="382"/>
							<String ID="string_180" HPOS="398" VPOS="639" WIDTH="64" HEIGHT="26" WC="0.86" CONTENT=":nägon"/><SP WIDTH="17" VPOS="639" HPOS="462"/>
							<String ID="string_181" HPOS="479" VPOS="640" WIDTH="124" HEIGHT="25" WC="0.96" CONTENT="gemenskap"/><SP WIDTH="16" VPOS="640" HPOS="603"/>
							<String ID="string_182" HPOS="619" VPOS="640" WIDTH="47" HEIGHT="19" WC="0.88" CONTENT="med"/><SP WIDTH="16" VPOS="640" HPOS="666"/>
							<String ID="string_183" HPOS="682" VPOS="640" WIDTH="118" HEIGHT="25" WC="0.92" CONTENT="hvarandra;"/>
						</TextLine>
						<TextLine ID="line_21" HPOS="58" VPOS="665" WIDTH="744" HEIGHT="28">
							<String ID="string_184" HPOS="58" VPOS="668" WIDTH="52" HEIGHT="17" WC="0.93" CONTENT="samt"/><SP WIDTH="12" VPOS="668" HPOS="110"/>
							<String ID="string_185" HPOS="122" VPOS="665" WIDTH="79" HEIGHT="20" WC="0.91" CONTENT="Jerföre"/><SP WIDTH="14" VPOS="665" HPOS="201"/>
							<String ID="string_186" HPOS="215" VPOS="666" WIDTH="105" HEIGHT="25" WC="0.96" CONTENT="föreslagit,"/><SP WIDTH="17" VPOS="666" HPOS="320"/>
							<String ID="string_187" HPOS="337" VPOS="669" WIDTH="28" HEIGHT="16" WC="0.93" CONTENT="att"/><SP WIDTH="13" VPOS="669" HPOS="365"/>
							<String ID="string_188" HPOS="378" VPOS="667" WIDTH="66" HEIGHT="25" WC="0.92" CONTENT="dylike"/><SP WIDTH="14" VPOS="667" HPOS="444"/>
							<String ID="string_189" HPOS="458" VPOS="667" WIDTH="111" HEIGHT="26" WC="0.96" CONTENT="förbrytare"/><SP WIDTH="14" VPOS="667" HPOS="569"/>
							<String ID="string_190" HPOS="583" VPOS="666" WIDTH="62" HEIGHT="20" WC="0.95" CONTENT="borde:"/><SP WIDTH="17" VPOS="666" HPOS="645"/>
							<String ID="string_191" HPOS="662" VPOS="667" WIDTH="50" HEIGHT="19" WC="0.93" CONTENT="efter"/><SP WIDTH="14" VPOS="667" HPOS="712"/>
							<String ID="string_192" HPOS="726" VPOS="665" WIDTH="76" HEIGHT="26" WC="0.84" CONTENT="möjligs"/>
						</TextLine>
						<TextLine ID="line_22" HPOS="56" VPOS="691" WIDTH="746" HEIGHT="27">
							<String ID="string_193" HPOS="56" VPOS="691" WIDTH="61" HEIGHT="20" WC="0.92" CONTENT="heten"/><SP WIDTH="15" VPOS="691" HPOS="117"/>
							<String ID="string_194" HPOS="132" VPOS="691" WIDTH="62" HEIGHT="20" WC="0.92" CONTENT="hållas"/><SP WIDTH="15" VPOS="691" HPOS="194"/>
							<String ID="string_195" HPOS="209" VPOS="693" WIDTH="5" HEIGHT="18" WC="0.93" CONTENT="i"/><SP WIDTH="15" VPOS="693" HPOS="214"/>
							<String ID="string_196" HPOS="229" VPOS="697" WIDTH="76" HEIGHT="20" WC="0.93" CONTENT="enrum,"/><SP WIDTH="16" VPOS="697" HPOS="305"/>
							<String ID="string_197" HPOS="321" VPOS="693" WIDTH="47" HEIGHT="19" WC="0.96" CONTENT="eller"/><SP WIDTH="14" VPOS="693" HPOS="368"/>
							<String ID="string_198" HPOS="382" VPOS="692" WIDTH="118" HEIGHT="20" WC="0.96" CONTENT="åtminstone"/><SP WIDTH="17" VPOS="692" HPOS="500"/>
							<String ID="string_199" HPOS="517" VPOS="698" WIDTH="72" HEIGHT="20" WC="0.96" CONTENT="genom"/><SP WIDTH="18" VPOS="698" HPOS="589"/>
							<String ID="string_200" HPOS="607" VPOS="693" WIDTH="80" HEIGHT="24" WC="0.93" CONTENT="ständig;"/><SP WIDTH="11" VPOS="693" HPOS="687"/>
							<String ID="string_201" HPOS="698" VPOS="693" WIDTH="104" HEIGHT="19" WC="0.91" CONTENT="öfvervak-"/>
						</TextLine>
						<TextLine ID="line_23" HPOS="57" VPOS="718" WIDTH="746" HEIGHT="27">
							<String ID="string_202" HPOS="57" VPOS="714" WIDTH="40" HEIGHT="35" WC="0.93" CONTENT="ning"/><SP WIDTH="13" VPOS="714" HPOS="97"/>
							<String ID="string_203" HPOS="110" VPOS="718" WIDTH="86" HEIGHT="20" WC="0.91" CONTENT="-hindras"/><SP WIDTH="14" VPOS="718" HPOS="196"/>
							<String ID="string_204" HPOS="210" VPOS="718" WIDTH="50" HEIGHT="20" WC="0.95" CONTENT="ifrån"/><SP WIDTH="14" VPOS="718" HPOS="260"/>
							<String ID="string_205" HPOS="274" VPOS="721" WIDTH="28" HEIGHT="16" WC="0.96" CONTENT="att"/><SP WIDTH="13" VPOS="721" HPOS="302"/>
							<String ID="string_206" HPOS="315" VPOS="718" WIDTH="91" HEIGHT="20" WC="0.96" CONTENT="meddela"/><SP WIDTH="14" VPOS="718" HPOS="406"/>
							<String ID="string_207" HPOS="420" VPOS="719" WIDTH="30" HEIGHT="26" WC="0.96" CONTENT="sig"/><SP WIDTH="13" VPOS="719" HPOS="450"/>
							<String ID="string_208" HPOS="463" VPOS="719" WIDTH="45" HEIGHT="19" WC="0.96" CONTENT="med"/><SP WIDTH="14" VPOS="719" HPOS="508"/>
							<String ID="string_209" HPOS="522" VPOS="719" WIDTH="118" HEIGHT="20" WC="0.67" CONTENT="hvarändra."/><SP WIDTH="29" VPOS="719" HPOS="640"/>
							<String ID="string_210" HPOS="669" VPOS="719" WIDTH="72" HEIGHT="20" WC="0.31" CONTENT=" Till-en"/><SP WIDTH="15" VPOS="719" HPOS="741"/>
							<String ID="string_211" HPOS="756" VPOS="719" WIDTH="47" HEIGHT="20" WC="0.91" CONTENT="bör-"/>
						</TextLine>
						<TextLine ID="line_24" HPOS="55" VPOS="743" WIDTH="747" HEIGHT="26">
							<String ID="string_212" HPOS="55" VPOS="743" WIDTH="34" HEIGHT="26" WC="0.83" CONTENT="jan"/><SP WIDTH="17" VPOS="743" HPOS="89"/>
							<String ID="string_213" HPOS="106" VPOS="744" WIDTH="56" HEIGHT="20" WC="0.96" CONTENT="torde"/><SP WIDTH="13" VPOS="744" HPOS="162"/>
							<String ID="string_214" HPOS="175" VPOS="745" WIDTH="31" HEIGHT="19" WC="0.96" CONTENT="väl"/><SP WIDTH="15" VPOS="745" HPOS="206"/>
							<String ID="string_215" HPOS="221" VPOS="745" WIDTH="34" HEIGHT="20" WC="0.93" CONTENT="det"/><SP WIDTH="14" VPOS="745" HPOS="255"/>
							<String ID="string_216" HPOS="269" VPOS="745" WIDTH="84" HEIGHT="20" WC="0.92" CONTENT="sednare"/><SP WIDTH="14" VPOS="745" HPOS="353"/>
							<String ID="string_217" HPOS="367" VPOS="745" WIDTH="123" HEIGHT="20" WC="0.95" CONTENT="alternativet"/><SP WIDTH="14" VPOS="745" HPOS="490"/>
							<String ID="string_218" HPOS="504" VPOS="745" WIDTH="5" HEIGHT="19" WC="0.96" CONTENT="i"/><SP WIDTH="14" VPOS="745" HPOS="509"/>
							<String ID="string_219" HPOS="523" VPOS="745" WIDTH="26" HEIGHT="20" WC="0.89" CONTENT="de&#39;"/><SP WIDTH="16" VPOS="745" HPOS="549"/>
							<String ID="string_220" HPOS="565" VPOS="745" WIDTH="56" HEIGHT="20" WC="0.96" CONTENT="flesta"/><SP WIDTH="18" VPOS="745" HPOS="621"/>
							<String ID="string_221" HPOS="639" VPOS="746" WIDTH="30" HEIGHT="19" WC="0.83" CONTENT="fall:"/><SP WIDTH="17" VPOS="746" HPOS="669"/>
							<String ID="string_222" HPOS="686" VPOS="744" WIDTH="64" HEIGHT="21" WC="0.96" CONTENT="måsta"/><SP WIDTH="17" VPOS="744" HPOS="750"/>
							<String ID="string_223" HPOS="767" VPOS="751" WIDTH="35" HEIGHT="14" WC="0.86" CONTENT="ans"/>
						</TextLine>
						<TextLine ID="line_25" HPOS="56" VPOS="771" WIDTH="747" HEIGHT="24">
							<String ID="string_224" HPOS="56" VPOS="771" WIDTH="51" HEIGHT="24" WC="0.91" CONTENT="litas;"/><SP WIDTH="16" VPOS="771" HPOS="107"/>
							<String ID="string_225" HPOS="123" VPOS="777" WIDTH="47" HEIGHT="14" WC="0.93" CONTENT="men"/><SP WIDTH="15" VPOS="777" HPOS="170"/>
							<String ID="string_226" HPOS="185" VPOS="771" WIDTH="103" HEIGHT="20" WC="0.95" CONTENT="efterhand"/><SP WIDTH="15" VPOS="771" HPOS="288"/>
							<String ID="string_227" HPOS="303" VPOS="772" WIDTH="38" HEIGHT="19" WC="0.95" CONTENT="och"/><SP WIDTH="19" VPOS="772" HPOS="341"/>
							<String ID="string_228" HPOS="360" VPOS="771" WIDTH="3" HEIGHT="20" WC="0.96" CONTENT="i"/><SP WIDTH="17" VPOS="771" HPOS="363"/>
							<String ID="string_229" HPOS="380" VPOS="771" WIDTH="46" HEIGHT="20" WC="0.96" CONTENT="män"/><SP WIDTH="18" VPOS="771" HPOS="426"/>
							<String ID="string_230" HPOS="444" VPOS="772" WIDTH="20" HEIGHT="19" WC="0.93" CONTENT="af"/><SP WIDTH="15" VPOS="772" HPOS="464"/>
							<String ID="string_231" HPOS="479" VPOS="771" WIDTH="139" HEIGHT="20" WC="0.92" CONTENT="länehäktenas"/><SP WIDTH="16" VPOS="771" HPOS="618"/>
							<String ID="string_232" HPOS="634" VPOS="771" WIDTH="107" HEIGHT="20" WC="0.89" CONTENT="förseende"/><SP WIDTH="15" VPOS="771" HPOS="741"/>
							<String ID="string_233" HPOS="756" VPOS="772" WIDTH="47" HEIGHT="19" WC="0.95" CONTENT="med"/>
						</TextLine>
						<TextLine ID="line_26" HPOS="57" VPOS="796" WIDTH="743" HEIGHT="27">
							<String ID="string_234" HPOS="57" VPOS="796" WIDTH="108" HEIGHT="27" WC="0.91" CONTENT="fängceller"/><SP WIDTH="13" VPOS="796" HPOS="165"/>
							<String ID="string_235" HPOS="178" VPOS="797" WIDTH="62" HEIGHT="20" WC="0.93" CONTENT="borde"/><SP WIDTH="13" VPOS="797" HPOS="240"/>
							<String ID="string_236" HPOS="253" VPOS="797" WIDTH="58" HEIGHT="20" WC="0.96" CONTENT="äfven"/><SP WIDTH="14" VPOS="797" HPOS="311"/>
							<String ID="string_237" HPOS="325" VPOS="798" WIDTH="33" HEIGHT="19" WC="0.93" CONTENT="det"/><SP WIDTH="14" VPOS="798" HPOS="358"/>
							<String ID="string_238" HPOS="372" VPOS="799" WIDTH="53" HEIGHT="19" WC="0.82" CONTENT="förra"/><SP WIDTH="5" VPOS="799" HPOS="425"/>
							<String ID="string_239" HPOS="430" VPOS="798" WIDTH="126" HEIGHT="19" WC="0.82" CONTENT="alternativet"/><SP WIDTH="9" VPOS="798" HPOS="556"/>
							<String ID="string_240" HPOS="565" VPOS="798" WIDTH="65" HEIGHT="19" WC="0.93" CONTENT="kunna"/><SP WIDTH="9" VPOS="798" HPOS="630"/>
							<String ID="string_241" HPOS="639" VPOS="799" WIDTH="58" HEIGHT="24" WC="0.96" CONTENT="göras"/><SP WIDTH="8" VPOS="799" HPOS="697"/>
							<String ID="string_242" HPOS="705" VPOS="797" WIDTH="95" HEIGHT="26" WC="0.96" CONTENT="gällande."/>
						</TextLine>
						<TextLine ID="line_27" HPOS="56" VPOS="823" WIDTH="747" HEIGHT="27">
							<String ID="string_243" HPOS="56" VPOS="823" WIDTH="125" HEIGHT="21" WC="0.96" CONTENT="Beträffande"/><SP WIDTH="13" VPOS="823" HPOS="181"/>
							<String ID="string_244" HPOS="194" VPOS="824" WIDTH="72" HEIGHT="19" WC="0.96" CONTENT="kosten"/><SP WIDTH="14" VPOS="824" HPOS="266"/>
							<String ID="string_245" HPOS="280" VPOS="824" WIDTH="30" HEIGHT="19" WC="0.48" CONTENT="för"/><SP WIDTH="18" VPOS="824" HPOS="310"/>
							<String ID="string_246" HPOS="328" VPOS="825" WIDTH="49" HEIGHT="25" WC="0.48" CONTENT="dem,"/><SP WIDTH="16" VPOS="825" HPOS="377"/>
							<String ID="string_247" HPOS="393" VPOS="830" WIDTH="43" HEIGHT="14" WC="0.96" CONTENT="som"/><SP WIDTH="15" VPOS="830" HPOS="436"/>
							<String ID="string_248" HPOS="451" VPOS="825" WIDTH="56" HEIGHT="19" WC="0.93" CONTENT="skola"/><SP WIDTH="14" VPOS="825" HPOS="507"/>
							<String ID="string_249" HPOS="521" VPOS="823" WIDTH="90" HEIGHT="26" WC="0.96" CONTENT="undergå"/><SP WIDTH="10" VPOS="823" HPOS="611"/>
							<String ID="string_250" HPOS="621" VPOS="824" WIDTH="86" HEIGHT="25" WC="0.93" CONTENT="fängelse"/><SP WIDTH="9" VPOS="824" HPOS="707"/>
							<String ID="string_251" HPOS="716" VPOS="824" WIDTH="87" HEIGHT="20" WC="0.63" CONTENT="vid:vata"/>
						</TextLine>
						<TextLine ID="line_28" HPOS="57" VPOS="850" WIDTH="745" HEIGHT="26">
							<String ID="string_252" HPOS="57" VPOS="853" WIDTH="34" HEIGHT="16" WC="0.96" CONTENT="ten"/><SP WIDTH="15" VPOS="853" HPOS="91"/>
							<String ID="string_253" HPOS="106" VPOS="851" WIDTH="38" HEIGHT="18" WC="0.95" CONTENT="och"/><SP WIDTH="14" VPOS="851" HPOS="144"/>
							<String ID="string_254" HPOS="158" VPOS="850" WIDTH="55" HEIGHT="22" WC="0.96" CONTENT="bröd,"/><SP WIDTH="17" VPOS="850" HPOS="213"/>
							<String ID="string_255" HPOS="230" VPOS="851" WIDTH="36" HEIGHT="19" WC="0.93" CONTENT="har"/><SP WIDTH="13" VPOS="851" HPOS="266"/>
							<String ID="string_256" HPOS="279" VPOS="851" WIDTH="96" HEIGHT="25" WC="0.91" CONTENT="Komiten,"/><SP WIDTH="18" VPOS="851" HPOS="375"/>
							<String ID="string_257" HPOS="393" VPOS="856" WIDTH="51" HEIGHT="20" WC="0.96" CONTENT="som,"/><SP WIDTH="17" VPOS="856" HPOS="444"/>
							<String ID="string_258" HPOS="461" VPOS="851" WIDTH="4" HEIGHT="19" WC="0.93" CONTENT="i"/><SP WIDTH="16" VPOS="851" HPOS="465"/>
							<String ID="string_259" HPOS="481" VPOS="850" WIDTH="93" HEIGHT="25" WC="0.91" CONTENT="förslaget"/><SP WIDTH="13" VPOS="850" HPOS="574"/>
							<String ID="string_260" HPOS="587" VPOS="856" WIDTH="32" HEIGHT="14" WC="0.96" CONTENT="om"/><SP WIDTH="14" VPOS="856" HPOS="619"/>
							<String ID="string_261" HPOS="633" VPOS="851" WIDTH="95" HEIGHT="19" WC="0.93" CONTENT="allmänna"/><SP WIDTH="14" VPOS="851" HPOS="728"/>
							<String ID="string_262" HPOS="742" VPOS="855" WIDTH="60" HEIGHT="20" WC="0.92" CONTENT="grun-"/>
						</TextLine>
						<TextLine ID="line_29" HPOS="57" VPOS="876" WIDTH="744" HEIGHT="27">
							<String ID="string_263" HPOS="57" VPOS="876" WIDTH="36" HEIGHT="21" WC="0.96" CONTENT="der"/><SP WIDTH="14" VPOS="876" HPOS="93"/>
							<String ID="string_264" HPOS="107" VPOS="877" WIDTH="30" HEIGHT="20" WC="0.95" CONTENT="för"/><SP WIDTH="15" VPOS="877" HPOS="137"/>
							<String ID="string_265" HPOS="152" VPOS="883" WIDTH="25" HEIGHT="14" WC="0.95" CONTENT="en"/><SP WIDTH="14" VPOS="883" HPOS="177"/>
							<String ID="string_266" HPOS="191" VPOS="882" WIDTH="27" HEIGHT="21" WC="0.93" CONTENT="ny"/><SP WIDTH="17" VPOS="882" HPOS="218"/>
							<String ID="string_267" HPOS="235" VPOS="876" WIDTH="96" HEIGHT="27" WC="0.93" CONTENT="strafflag,"/><SP WIDTH="19" VPOS="876" HPOS="331"/>
							<String ID="string_268" HPOS="350" VPOS="878" WIDTH="120" HEIGHT="19" WC="0.92" CONTENT="utmönstrat"/><SP WIDTH="15" VPOS="878" HPOS="470"/>
							<String ID="string_269" HPOS="485" VPOS="877" WIDTH="65" HEIGHT="20" WC="0.93" CONTENT="denna"/><SP WIDTH="18" VPOS="877" HPOS="550"/>
							<String ID="string_270" HPOS="568" VPOS="877" WIDTH="96" HEIGHT="25" WC="0.90" CONTENT="straffart,"/><SP WIDTH="18" VPOS="877" HPOS="664"/>
							<String ID="string_271" HPOS="682" VPOS="876" WIDTH="52" HEIGHT="27" WC="0.96" CONTENT="uppå"/><SP WIDTH="20" VPOS="876" HPOS="734"/>
							<String ID="string_272" HPOS="754" VPOS="876" WIDTH="24" HEIGHT="20" WC="0.96" CONTENT="de"/><SP WIDTH="12" VPOS="876" HPOS="778"/>
							<String ID="string_273" HPOS="790" VPOS="877" WIDTH="11" HEIGHT="19" WC="0.94" CONTENT="i"/>
						</TextLine>
						<TextLine ID="line_30" HPOS="56" VPOS="903" WIDTH="745" HEIGHT="26">
							<String ID="string_274" HPOS="56" VPOS="904" WIDTH="111" HEIGHT="19" WC="0.93" CONTENT="motiverna"/><SP WIDTH="14" VPOS="904" HPOS="167"/>
							<String ID="string_275" HPOS="181" VPOS="903" WIDTH="27" HEIGHT="20" WC="0.93" CONTENT="till"/><SP WIDTH="15" VPOS="903" HPOS="208"/>
							<String ID="string_276" HPOS="223" VPOS="903" WIDTH="121" HEIGHT="20" WC="0.96" CONTENT="sistnämnda"/><SP WIDTH="14" VPOS="903" HPOS="344"/>
							<String ID="string_277" HPOS="358" VPOS="904" WIDTH="70" HEIGHT="25" WC="0.93" CONTENT="förslag"/><SP WIDTH="14" VPOS="904" HPOS="428"/>
							<String ID="string_278" HPOS="442" VPOS="904" WIDTH="80" HEIGHT="20" WC="0.96" CONTENT="anförda"/><SP WIDTH="10" VPOS="904" HPOS="522"/>
							<String ID="string_279" HPOS="532" VPOS="903" WIDTH="42" HEIGHT="20" WC="0.93" CONTENT="skäl"/><SP WIDTH="9" VPOS="903" HPOS="574"/>
							<String ID="string_280" HPOS="583" VPOS="906" WIDTH="65" HEIGHT="17" WC="0.94" CONTENT="ansett"/><SP WIDTH="9" VPOS="906" HPOS="648"/>
							<String ID="string_281" HPOS="657" VPOS="909" WIDTH="25" HEIGHT="14" WC="0.93" CONTENT="en"/><SP WIDTH="9" VPOS="909" HPOS="682"/>
							<String ID="string_282" HPOS="691" VPOS="903" WIDTH="62" HEIGHT="20" WC="0.93" CONTENT="sådan"/><SP WIDTH="10" VPOS="903" HPOS="753"/>
							<String ID="string_283" HPOS="763" VPOS="904" WIDTH="38" HEIGHT="19" WC="0.93" CONTENT="för-"/>
						</TextLine>
						<TextLine ID="line_31" HPOS="57" VPOS="929" WIDTH="745" HEIGHT="27">
							<String ID="string_284" HPOS="57" VPOS="930" WIDTH="82" HEIGHT="25" WC="0.96" CONTENT="ändring"/><SP WIDTH="13" VPOS="930" HPOS="139"/>
							<String ID="string_285" HPOS="152" VPOS="930" WIDTH="60" HEIGHT="19" WC="0.96" CONTENT="redan"/><SP WIDTH="14" VPOS="930" HPOS="212"/>
							<String ID="string_286" HPOS="226" VPOS="936" WIDTH="27" HEIGHT="13" WC="0.93" CONTENT="nu"/><SP WIDTH="14" VPOS="936" HPOS="253"/>
							<String ID="string_287" HPOS="267" VPOS="930" WIDTH="46" HEIGHT="19" WC="0.92" CONTENT="böra"/><SP WIDTH="14" VPOS="930" HPOS="313"/>
							<String ID="string_288" HPOS="327" VPOS="930" WIDTH="82" HEIGHT="20" WC="0.89" CONTENT="dermed"/><SP WIDTH="16" VPOS="930" HPOS="409"/>
							<String ID="string_289" HPOS="425" VPOS="930" WIDTH="95" HEIGHT="26" WC="0.92" CONTENT="vidtagas,"/><SP WIDTH="16" VPOS="930" HPOS="520"/>
							<String ID="string_290" HPOS="536" VPOS="932" WIDTH="28" HEIGHT="17" WC="0.93" CONTENT="att"/><SP WIDTH="12" VPOS="932" HPOS="564"/>
							<String ID="string_291" HPOS="576" VPOS="929" WIDTH="93" HEIGHT="26" WC="0.93" CONTENT="fängarne"/><SP WIDTH="9" VPOS="929" HPOS="669"/>
							<String ID="string_292" HPOS="678" VPOS="929" WIDTH="64" HEIGHT="20" WC="0.96" CONTENT="skulle"/><SP WIDTH="10" VPOS="929" HPOS="742"/>
							<String ID="string_293" HPOS="752" VPOS="930" WIDTH="50" HEIGHT="19" WC="0.92" CONTENT="efter"/>
						</TextLine>
						<TextLine ID="line_32" HPOS="57" VPOS="955" WIDTH="744" HEIGHT="27">
							<String ID="string_294" HPOS="57" VPOS="959" WIDTH="67" HEIGHT="17" WC="0.92" CONTENT="ortens"/><SP WIDTH="15" VPOS="959" HPOS="124"/>
							<String ID="string_295" HPOS="139" VPOS="957" WIDTH="35" HEIGHT="20" WC="0.92" CONTENT="sed"/><SP WIDTH="16" VPOS="957" HPOS="174"/>
							<String ID="string_296" HPOS="190" VPOS="956" WIDTH="71" HEIGHT="21" WC="0.88" CONTENT="erhälla"/><SP WIDTH="15" VPOS="956" HPOS="261"/>
							<String ID="string_297" HPOS="276" VPOS="957" WIDTH="91" HEIGHT="25" WC="0.93" CONTENT="antingen"/><SP WIDTH="17" VPOS="957" HPOS="367"/>
							<String ID="string_298" HPOS="384" VPOS="956" WIDTH="33" HEIGHT="20" WC="0.92" CONTENT="tvä"/><SP WIDTH="17" VPOS="956" HPOS="417"/>
							<String ID="string_299" HPOS="434" VPOS="957" WIDTH="80" HEIGHT="20" WC="0.92" CONTENT="marker"/><SP WIDTH="17" VPOS="957" HPOS="514"/>
							<String ID="string_300" HPOS="531" VPOS="955" WIDTH="59" HEIGHT="21" WC="0.91" CONTENT="härdt"/><SP WIDTH="19" VPOS="955" HPOS="590"/>
							<String ID="string_301" HPOS="609" VPOS="957" WIDTH="48" HEIGHT="20" WC="0.95" CONTENT="eller"/><SP WIDTH="17" VPOS="957" HPOS="657"/>
							<String ID="string_302" HPOS="674" VPOS="959" WIDTH="30" HEIGHT="17" WC="0.93" CONTENT="tre"/><SP WIDTH="16" VPOS="959" HPOS="704"/>
							<String ID="string_303" HPOS="720" VPOS="956" WIDTH="81" HEIGHT="19" WC="0.92" CONTENT="marker"/>
						</TextLine>
						<TextLine ID="line_33" HPOS="57" VPOS="982" WIDTH="745" HEIGHT="27">
							<String ID="string_304" HPOS="57" VPOS="982" WIDTH="65" HEIGHT="26" WC="0.92" CONTENT="mjukt"/><SP WIDTH="14" VPOS="982" HPOS="122"/>
							<String ID="string_305" HPOS="136" VPOS="983" WIDTH="50" HEIGHT="20" WC="0.96" CONTENT="bröd"/><SP WIDTH="13" VPOS="983" HPOS="186"/>
							<String ID="string_306" HPOS="199" VPOS="984" WIDTH="20" HEIGHT="19" WC="0.93" CONTENT="af"/><SP WIDTH="14" VPOS="984" HPOS="219"/>
							<String ID="string_307" HPOS="233" VPOS="983" WIDTH="100" HEIGHT="20" WC="0.92" CONTENT="enahanda"/><SP WIDTH="16" VPOS="983" HPOS="333"/>
							<String ID="string_308" HPOS="349" VPOS="985" WIDTH="48" HEIGHT="24" WC="0.92" CONTENT="slag,"/><SP WIDTH="20" VPOS="985" HPOS="397"/>
							<String ID="string_309" HPOS="417" VPOS="989" WIDTH="44" HEIGHT="14" WC="0.93" CONTENT="som"/><SP WIDTH="18" VPOS="989" HPOS="461"/>
							<String ID="string_310" HPOS="479" VPOS="983" WIDTH="60" HEIGHT="26" WC="0.91" CONTENT="öfriga"/><SP WIDTH="18" VPOS="983" HPOS="539"/>
							<String ID="string_311" HPOS="557" VPOS="983" WIDTH="66" HEIGHT="25" WC="0.91" CONTENT="fängar"/><SP WIDTH="19" VPOS="983" HPOS="623"/>
							<String ID="string_312" HPOS="642" VPOS="983" WIDTH="21" HEIGHT="20" WC="0.93" CONTENT="af"/><SP WIDTH="14" VPOS="983" HPOS="663"/>
							<String ID="string_313" HPOS="677" VPOS="983" WIDTH="78" HEIGHT="20" WC="0.92" CONTENT="kronan"/><SP WIDTH="17" VPOS="983" HPOS="755"/>
							<String ID="string_314" HPOS="772" VPOS="982" WIDTH="30" HEIGHT="21" WC="0.92" CONTENT="ät-"/>
						</TextLine>
						<TextLine ID="line_34" HPOS="57" VPOS="1009" WIDTH="745" HEIGHT="27">
							<String ID="string_315" HPOS="57" VPOS="1009" WIDTH="61" HEIGHT="26" WC="0.94" CONTENT="njuta;"/><SP WIDTH="17" VPOS="1009" HPOS="118"/>
							<String ID="string_316" HPOS="135" VPOS="1010" WIDTH="84" HEIGHT="20" WC="0.96" CONTENT="likasom"/><SP WIDTH="14" VPOS="1010" HPOS="219"/>
							<String ID="string_317" HPOS="233" VPOS="1009" WIDTH="37" HEIGHT="20" WC="0.96" CONTENT="ock"/><SP WIDTH="11" VPOS="1009" HPOS="270"/>
							<String ID="string_318" HPOS="281" VPOS="1013" WIDTH="28" HEIGHT="16" WC="0.93" CONTENT="att"/><SP WIDTH="9" VPOS="1013" HPOS="309"/>
							<String ID="string_319" HPOS="318" VPOS="1009" WIDTH="75" HEIGHT="21" WC="0.72" CONTENT="sädane"/><SP WIDTH="9" VPOS="1009" HPOS="393"/>
							<String ID="string_320" HPOS="402" VPOS="1010" WIDTH="117" HEIGHT="26" WC="0.96" CONTENT="förbrytare,"/><SP WIDTH="17" VPOS="1010" HPOS="519"/>
							<String ID="string_321" HPOS="536" VPOS="1010" WIDTH="66" HEIGHT="19" WC="0.96" CONTENT="hvilka"/><SP WIDTH="11" VPOS="1010" HPOS="602"/>
							<String ID="string_322" HPOS="613" VPOS="1010" WIDTH="29" HEIGHT="19" WC="0.96" CONTENT="för"/><SP WIDTH="10" VPOS="1010" HPOS="642"/>
							<String ID="string_323" HPOS="652" VPOS="1009" WIDTH="92" HEIGHT="25" WC="0.96" CONTENT="sjukdom"/><SP WIDTH="10" VPOS="1009" HPOS="744"/>
							<String ID="string_324" HPOS="754" VPOS="1009" WIDTH="48" HEIGHT="20" WC="0.96" CONTENT="eller"/>
						</TextLine>
						<TextLine ID="line_35" HPOS="55" VPOS="1035" WIDTH="748" HEIGHT="28">
							<String ID="string_325" HPOS="55" VPOS="1035" WIDTH="102" HEIGHT="28" WC="0.94" CONTENT="kroppslig."/><SP WIDTH="15" VPOS="1035" HPOS="157"/>
							<String ID="string_326" HPOS="172" VPOS="1037" WIDTH="83" HEIGHT="25" WC="0.95" CONTENT="svaghet"/><SP WIDTH="14" VPOS="1037" HPOS="255"/>
							<String ID="string_327" HPOS="269" VPOS="1036" WIDTH="66" HEIGHT="20" WC="0.96" CONTENT="kunde"/><SP WIDTH="14" VPOS="1036" HPOS="335"/>
							<String ID="string_328" HPOS="349" VPOS="1037" WIDTH="20" HEIGHT="19" WC="0.96" CONTENT="af"/><SP WIDTH="13" VPOS="1037" HPOS="369"/>
							<String ID="string_329" HPOS="382" VPOS="1042" WIDTH="25" HEIGHT="14" WC="0.93" CONTENT="en"/><SP WIDTH="13" VPOS="1042" HPOS="407"/>
							<String ID="string_330" HPOS="420" VPOS="1036" WIDTH="61" HEIGHT="20" WC="0.96" CONTENT="sådan"/><SP WIDTH="19" VPOS="1036" HPOS="481"/>
							<String ID="string_331" HPOS="500" VPOS="1037" WIDTH="45" HEIGHT="19" WC="0.96" CONTENT="kost"/><SP WIDTH="17" VPOS="1037" HPOS="545"/>
							<String ID="string_332" HPOS="562" VPOS="1036" WIDTH="37" HEIGHT="20" WC="0.96" CONTENT="lida"/><SP WIDTH="17" VPOS="1036" HPOS="599"/>
							<String ID="string_333" HPOS="616" VPOS="1037" WIDTH="108" HEIGHT="25" WC="0.93" CONTENT="synnerligt"/><SP WIDTH="17" VPOS="1037" HPOS="724"/>
							<String ID="string_334" HPOS="741" VPOS="1037" WIDTH="62" HEIGHT="18" WC="0.92" CONTENT="mehn"/>
						</TextLine>
						<TextLine ID="line_36" HPOS="56" VPOS="1062" WIDTH="747" HEIGHT="26">
							<String ID="string_335" HPOS="56" VPOS="1063" WIDTH="27" HEIGHT="20" WC="0.95" CONTENT="till"/><SP WIDTH="17" VPOS="1063" HPOS="83"/>
							<String ID="string_336" HPOS="100" VPOS="1063" WIDTH="31" HEIGHT="20" WC="0.93" CONTENT="sin"/><SP WIDTH="17" VPOS="1063" HPOS="131"/>
							<String ID="string_337" HPOS="148" VPOS="1063" WIDTH="65" HEIGHT="24" WC="0.92" CONTENT="helsa,"/><SP WIDTH="18" VPOS="1063" HPOS="213"/>
							<String ID="string_338" HPOS="231" VPOS="1063" WIDTH="62" HEIGHT="20" WC="0.96" CONTENT="borde"/><SP WIDTH="20" VPOS="1063" HPOS="293"/>
							<String ID="string_339" HPOS="313" VPOS="1063" WIDTH="50" HEIGHT="20" WC="0.93" CONTENT="efter"/><SP WIDTH="20" VPOS="1063" HPOS="363"/>
							<String ID="string_340" HPOS="383" VPOS="1063" WIDTH="178" HEIGHT="25" WC="0.92" CONTENT="fängelseläkarens"/><SP WIDTH="17" VPOS="1063" HPOS="561"/>
							<String ID="string_341" HPOS="578" VPOS="1063" WIDTH="142" HEIGHT="24" WC="0.0" CONTENT="bepröfvande:"/><SP WIDTH="9" VPOS="1063" HPOS="720"/>
							<String ID="string_342" HPOS="729" VPOS="1058" WIDTH="74" HEIGHT="34" WC="0.0" CONTENT="erhålla"/>
						</TextLine>
						<TextLine ID="line_37" HPOS="56" VPOS="1089" WIDTH="744" HEIGHT="26">
							<String ID="string_343" HPOS="56" VPOS="1090" WIDTH="38" HEIGHT="19" WC="0.87" CONTENT="den"/><SP WIDTH="14" VPOS="1090" HPOS="94"/>
							<String ID="string_344" HPOS="108" VPOS="1090" WIDTH="21" HEIGHT="19" WC="0.87" CONTENT="af"/><SP WIDTH="7" VPOS="1090" HPOS="129"/>
							<String ID="string_345" HPOS="136" VPOS="1092" WIDTH="34" HEIGHT="18" WC="0.94" CONTENT="ett"/><SP WIDTH="14" VPOS="1092" HPOS="170"/>
							<String ID="string_346" HPOS="184" VPOS="1089" WIDTH="69" HEIGHT="20" WC="0.96" CONTENT="sådant"/><SP WIDTH="9" VPOS="1089" HPOS="253"/>
							<String ID="string_347" HPOS="262" VPOS="1089" WIDTH="120" HEIGHT="20" WC="0.96" CONTENT="förhållande"/><SP WIDTH="11" VPOS="1089" HPOS="382"/>
							<String ID="string_348" HPOS="393" VPOS="1089" WIDTH="103" HEIGHT="26" WC="0.96" CONTENT="påkallade"/><SP WIDTH="9" VPOS="1089" HPOS="496"/>
							<String ID="string_349" HPOS="505" VPOS="1089" WIDTH="111" HEIGHT="26" WC="0.95" CONTENT="förändring"/><SP WIDTH="9" VPOS="1089" HPOS="616"/>
							<String ID="string_350" HPOS="625" VPOS="1089" WIDTH="21" HEIGHT="20" WC="0.93" CONTENT="af"/><SP WIDTH="8" VPOS="1089" HPOS="646"/>
							<String ID="string_351" HPOS="654" VPOS="1089" WIDTH="78" HEIGHT="22" WC="0.9" CONTENT="kosten.:-"/><SP WIDTH="15" VPOS="1089" HPOS="732"/>
							<String ID="string_352" HPOS="747" VPOS="1089" WIDTH="53" HEIGHT="20" WC="0.96" CONTENT="Med"/>
						</TextLine>
						<TextLine ID="line_38" HPOS="57" VPOS="1115" WIDTH="745" HEIGHT="26">
							<String ID="string_353" HPOS="57" VPOS="1117" WIDTH="93" HEIGHT="20" WC="0.38" CONTENT="afseende."/><SP WIDTH="20" VPOS="1117" HPOS="150"/>
							<String ID="string_354" HPOS="170" VPOS="1116" WIDTH="48" HEIGHT="20" WC="0.88" CONTENT="derä"/><SP WIDTH="17" VPOS="1116" HPOS="218"/>
							<String ID="string_355" HPOS="235" VPOS="1118" WIDTH="28" HEIGHT="17" WC="0.96" CONTENT="att"/><SP WIDTH="16" VPOS="1118" HPOS="263"/>
							<String ID="string_356" HPOS="279" VPOS="1115" WIDTH="150" HEIGHT="26" WC="0.75" CONTENT="ifrågavarande."/><SP WIDTH="18" VPOS="1115" HPOS="429"/>
							<String ID="string_357" HPOS="447" VPOS="1116" WIDTH="57" HEIGHT="20" WC="0.92" CONTENT="straff"/><SP WIDTH="15" VPOS="1116" HPOS="504"/>
							<String ID="string_358" HPOS="519" VPOS="1116" WIDTH="67" HEIGHT="19" WC="0.91" CONTENT="blefve"/><SP WIDTH="16" VPOS="1116" HPOS="586"/>
							<String ID="string_359" HPOS="602" VPOS="1115" WIDTH="114" HEIGHT="26" WC="0.92" CONTENT="betydligen"/><SP WIDTH="16" VPOS="1115" HPOS="716"/>
							<String ID="string_360" HPOS="732" VPOS="1115" WIDTH="70" HEIGHT="25" WC="0.62" CONTENT="skärpt"/>
						</TextLine>
						<TextLine ID="line_39" HPOS="57" VPOS="1142" WIDTH="745" HEIGHT="26">
							<String ID="string_361" HPOS="57" VPOS="1143" WIDTH="91" HEIGHT="25" WC="0.96" CONTENT="antingen"/><SP WIDTH="14" VPOS="1143" HPOS="148"/>
							<String ID="string_362" HPOS="162" VPOS="1149" WIDTH="71" HEIGHT="19" WC="0.93" CONTENT="genom"/><SP WIDTH="14" VPOS="1149" HPOS="233"/>
							<String ID="string_363" HPOS="247" VPOS="1142" WIDTH="102" HEIGHT="26" WC="0.92" CONTENT="fängarnes"/><SP WIDTH="15" VPOS="1142" HPOS="349"/>
							<String ID="string_364" HPOS="364" VPOS="1142" WIDTH="109" HEIGHT="21" WC="0.92" CONTENT="insättande"/><SP WIDTH="17" VPOS="1142" HPOS="473"/>
							<String ID="string_365" HPOS="490" VPOS="1142" WIDTH="6" HEIGHT="19" WC="0.93" CONTENT="i"/><SP WIDTH="17" VPOS="1142" HPOS="496"/>
							<String ID="string_366" HPOS="513" VPOS="1147" WIDTH="70" HEIGHT="14" WC="0.92" CONTENT="enrum"/><SP WIDTH="16" VPOS="1147" HPOS="583"/>
							<String ID="string_367" HPOS="599" VPOS="1142" WIDTH="48" HEIGHT="19" WC="0.94" CONTENT="eller"/><SP WIDTH="16" VPOS="1142" HPOS="647"/>
							<String ID="string_368" HPOS="663" VPOS="1147" WIDTH="72" HEIGHT="20" WC="0.90" CONTENT="genom"/><SP WIDTH="17" VPOS="1147" HPOS="735"/>
							<String ID="string_369" HPOS="752" VPOS="1144" WIDTH="50" HEIGHT="24" WC="0.89" CONTENT="tyst-"/>
						</TextLine>
						<TextLine ID="line_40" HPOS="56" VPOS="1168" WIDTH="746" HEIGHT="27">
							<String ID="string_370" HPOS="56" VPOS="1170" WIDTH="191" HEIGHT="25" WC="0.69" CONTENT="hetsförpligtelsen,"/><SP WIDTH="24" VPOS="1170" HPOS="247"/>
							<String ID="string_371" HPOS="271" VPOS="1172" WIDTH="52" HEIGHT="17" WC="0.82" CONTENT="samt"/><SP WIDTH="16" VPOS="1172" HPOS="323"/>
							<String ID="string_372" HPOS="339" VPOS="1172" WIDTH="28" HEIGHT="17" WC="0.96" CONTENT="att"/><SP WIDTH="16" VPOS="1172" HPOS="367"/>
							<String ID="string_373" HPOS="383" VPOS="1169" WIDTH="63" HEIGHT="20" WC="0.93" CONTENT="denna"/><SP WIDTH="18" VPOS="1169" HPOS="446"/>
							<String ID="string_374" HPOS="464" VPOS="1169" WIDTH="104" HEIGHT="25" WC="0.95" CONTENT="skärpning"/><SP WIDTH="21" VPOS="1169" HPOS="568"/>
							<String ID="string_375" HPOS="589" VPOS="1168" WIDTH="64" HEIGHT="20" WC="0.81" CONTENT="skulle"/><SP WIDTH="18" VPOS="1168" HPOS="653"/>
							<String ID="string_376" HPOS="671" VPOS="1169" WIDTH="6" HEIGHT="18" WC="0.93" CONTENT="i"/><SP WIDTH="21" VPOS="1169" HPOS="677"/>
							<String ID="string_377" HPOS="698" VPOS="1168" WIDTH="104" HEIGHT="20" WC="0.95" CONTENT="ensamhet"/>
						</TextLine>
						<TextLine ID="line_41" HPOS="58" VPOS="1194" WIDTH="744" HEIGHT="27">
							<String ID="string_378" HPOS="58" VPOS="1197" WIDTH="47" HEIGHT="20" WC="0.93" CONTENT="eller"/><SP WIDTH="14" VPOS="1197" HPOS="105"/>
							<String ID="string_379" HPOS="119" VPOS="1196" WIDTH="106" HEIGHT="25" WC="0.94" CONTENT="tystnaden."/><SP WIDTH="14" VPOS="1196" HPOS="225"/>
							<String ID="string_380" HPOS="239" VPOS="1195" WIDTH="74" HEIGHT="20" WC="0.96" CONTENT="kännas"/><SP WIDTH="14" VPOS="1195" HPOS="313"/>
							<String ID="string_381" HPOS="327" VPOS="1197" WIDTH="51" HEIGHT="18" WC="0.93" CONTENT="ännu"/><SP WIDTH="17" VPOS="1197" HPOS="378"/>
							<String ID="string_382" HPOS="395" VPOS="1195" WIDTH="91" HEIGHT="25" WC="0.96" CONTENT="svårare,"/><SP WIDTH="19" VPOS="1195" HPOS="486"/>
							<String ID="string_383" HPOS="505" VPOS="1195" WIDTH="38" HEIGHT="22" WC="0.92" CONTENT="ifall"/><SP WIDTH="14" VPOS="1195" HPOS="543"/>
							<String ID="string_384" HPOS="557" VPOS="1195" WIDTH="38" HEIGHT="22" WC="0.76" CONTENT="det"/><SP WIDTH="16" VPOS="1195" HPOS="595"/>
							<String ID="string_385" HPOS="611" VPOS="1195" WIDTH="44" HEIGHT="19" WC="0.93" CONTENT="icke"/><SP WIDTH="16" VPOS="1195" HPOS="655"/>
							<String ID="string_386" HPOS="671" VPOS="1195" WIDTH="73" HEIGHT="20" WC="0.86" CONTENT="tillätes"/><SP WIDTH="17" VPOS="1195" HPOS="744"/>
							<String ID="string_387" HPOS="761" VPOS="1194" WIDTH="41" HEIGHT="19" WC="0.75" CONTENT="fän-"/>
						</TextLine>
						<TextLine ID="line_42" HPOS="57" VPOS="1221" WIDTH="745" HEIGHT="27">
							<String ID="string_388" HPOS="57" VPOS="1228" WIDTH="62" HEIGHT="20" WC="0.91" CONTENT="garne"/><SP WIDTH="14" VPOS="1228" HPOS="119"/>
							<String ID="string_389" HPOS="133" VPOS="1225" WIDTH="28" HEIGHT="17" WC="0.93" CONTENT="att"/><SP WIDTH="14" VPOS="1225" HPOS="161"/>
							<String ID="string_390" HPOS="175" VPOS="1223" WIDTH="76" HEIGHT="22" WC="0.95" CONTENT="arbeta,"/><SP WIDTH="16" VPOS="1223" HPOS="251"/>
							<String ID="string_391" HPOS="267" VPOS="1222" WIDTH="35" HEIGHT="19" WC="0.93" CONTENT="här"/><SP WIDTH="17" VPOS="1222" HPOS="302"/>
							<String ID="string_392" HPOS="319" VPOS="1222" WIDTH="90" HEIGHT="19" WC="0.83" CONTENT="Komiten"/><SP WIDTH="17" VPOS="1222" HPOS="409"/>
							<String ID="string_393" HPOS="426" VPOS="1221" WIDTH="38" HEIGHT="20" WC="0.96" CONTENT="ock"/><SP WIDTH="17" VPOS="1221" HPOS="464"/>
							<String ID="string_394" HPOS="481" VPOS="1221" WIDTH="109" HEIGHT="25" WC="0.68" CONTENT="föreslagit,"/><SP WIDTH="19" VPOS="1221" HPOS="590"/>
							<String ID="string_395" HPOS="609" VPOS="1223" WIDTH="29" HEIGHT="18" WC="0.40" CONTENT="att"/><SP WIDTH="16" VPOS="1223" HPOS="638"/>
							<String ID="string_396" HPOS="654" VPOS="1221" WIDTH="148" HEIGHT="26" WC="0.96" CONTENT="ifrågavarande"/>
						</TextLine>
						<TextLine ID="line_43" HPOS="57" VPOS="1247" WIDTH="745" HEIGHT="27">
							<String ID="string_397" HPOS="57" VPOS="1249" WIDTH="128" HEIGHT="25" WC="0.96" CONTENT="brottslingar"/><SP WIDTH="14" VPOS="1249" HPOS="185"/>
							<String ID="string_398" HPOS="199" VPOS="1249" WIDTH="65" HEIGHT="19" WC="0.69" CONTENT="skulle"/><SP WIDTH="12" VPOS="1249" HPOS="264"/>
							<String ID="string_399" HPOS="276" VPOS="1254" WIDTH="47" HEIGHT="14" WC="0.69" CONTENT="vara"/><SP WIDTH="15" VPOS="1254" HPOS="323"/>
							<String ID="string_400" HPOS="338" VPOS="1249" WIDTH="122" HEIGHT="24" WC="0.84" CONTENT="berättigade"/><SP WIDTH="14" VPOS="1249" HPOS="460"/>
							<String ID="string_401" HPOS="474" VPOS="1251" WIDTH="28" HEIGHT="16" WC="0.96" CONTENT="att"/><SP WIDTH="16" VPOS="1251" HPOS="502"/>
							<String ID="string_402" HPOS="518" VPOS="1248" WIDTH="63" HEIGHT="19" WC="0.93" CONTENT="under"/><SP WIDTH="16" VPOS="1248" HPOS="581"/>
							<String ID="string_403" HPOS="597" VPOS="1247" WIDTH="116" HEIGHT="22" WC="0.35" CONTENT="strafftiden:"/><SP WIDTH="9" VPOS="1247" HPOS="713"/>
							<String ID="string_404" HPOS="722" VPOS="1247" WIDTH="18" HEIGHT="20" WC="0.42" CONTENT="få"/><SP WIDTH="16" VPOS="1247" HPOS="740"/>
							<String ID="string_405" HPOS="756" VPOS="1251" WIDTH="46" HEIGHT="21" WC="0.51" CONTENT="&#39;sys-"/>
						</TextLine>
						<TextLine ID="line_44" HPOS="59" VPOS="1274" WIDTH="742" HEIGHT="27">
							<String ID="string_406" HPOS="59" VPOS="1275" WIDTH="80" HEIGHT="20" WC="0.91" CONTENT="selsätta"/><SP WIDTH="16" VPOS="1275" HPOS="139"/>
							<String ID="string_407" HPOS="155" VPOS="1276" WIDTH="29" HEIGHT="25" WC="0.96" CONTENT="sig"/><SP WIDTH="13" VPOS="1276" HPOS="184"/>
							<String ID="string_408" HPOS="197" VPOS="1275" WIDTH="46" HEIGHT="19" WC="0.96" CONTENT="med"/><SP WIDTH="15" VPOS="1275" HPOS="243"/>
							<String ID="string_409" HPOS="258" VPOS="1275" WIDTH="87" HEIGHT="25" WC="0.86" CONTENT="lämpligt."/><SP WIDTH="14" VPOS="1275" HPOS="345"/>
							<String ID="string_410" HPOS="359" VPOS="1275" WIDTH="68" HEIGHT="19" WC="0.93" CONTENT="arbete"/><SP WIDTH="13" VPOS="1275" HPOS="427"/>
							<String ID="string_411" HPOS="440" VPOS="1275" WIDTH="30" HEIGHT="19" WC="0.93" CONTENT="för"/><SP WIDTH="14" VPOS="1275" HPOS="470"/>
							<String ID="string_412" HPOS="484" VPOS="1275" WIDTH="85" HEIGHT="19" WC="0.96" CONTENT="kronans"/><SP WIDTH="14" VPOS="1275" HPOS="569"/>
							<String ID="string_413" HPOS="583" VPOS="1274" WIDTH="93" HEIGHT="25" WC="0.95" CONTENT="räkning;"/><SP WIDTH="18" VPOS="1274" HPOS="676"/>
							<String ID="string_414" HPOS="694" VPOS="1279" WIDTH="48" HEIGHT="14" WC="0.51" CONTENT="men"/><SP WIDTH="15" VPOS="1279" HPOS="742"/>
							<String ID="string_415" HPOS="757" VPOS="1279" WIDTH="44" HEIGHT="16" WC="0.51" CONTENT="som"/>
						</TextLine>
						<TextLine ID="line_45" HPOS="58" VPOS="1300" WIDTH="742" HEIGHT="27">
							<String ID="string_416" HPOS="58" VPOS="1301" WIDTH="39" HEIGHT="20" WC="0.93" CONTENT="den"/><SP WIDTH="14" VPOS="1301" HPOS="97"/>
							<String ID="string_417" HPOS="111" VPOS="1307" WIDTH="68" HEIGHT="19" WC="0.95" CONTENT="magra"/><SP WIDTH="14" VPOS="1307" HPOS="179"/>
							<String ID="string_418" HPOS="193" VPOS="1302" WIDTH="70" HEIGHT="19" WC="0.96" CONTENT="kosten"/><SP WIDTH="14" VPOS="1302" HPOS="263"/>
							<String ID="string_419" HPOS="277" VPOS="1301" WIDTH="72" HEIGHT="19" WC="0.93" CONTENT="verkar"/><SP WIDTH="14" VPOS="1301" HPOS="349"/>
							<String ID="string_420" HPOS="363" VPOS="1301" WIDTH="130" HEIGHT="26" WC="0.92" CONTENT="försvagande"/><SP WIDTH="14" VPOS="1301" HPOS="493"/>
							<String ID="string_421" HPOS="507" VPOS="1300" WIDTH="10" HEIGHT="19" WC="0.93" CONTENT="ä"/><SP WIDTH="14" VPOS="1300" HPOS="517"/>
							<String ID="string_422" HPOS="531" VPOS="1301" WIDTH="102" HEIGHT="24" WC="0.93" CONTENT="fängarnes"/><SP WIDTH="9" VPOS="1301" HPOS="633"/>
							<String ID="string_423" HPOS="642" VPOS="1300" WIDTH="158" HEIGHT="25" WC="0.71" CONTENT="kroppskrafter,"/>
						</TextLine>
						<TextLine ID="line_46" HPOS="60" VPOS="1326" WIDTH="741" HEIGHT="26">
							<String ID="string_424" HPOS="60" VPOS="1328" WIDTH="37" HEIGHT="18" WC="0.93" CONTENT="och"/><SP WIDTH="14" VPOS="1328" HPOS="97"/>
							<String ID="string_425" HPOS="111" VPOS="1327" WIDTH="65" HEIGHT="24" WC="0.91" CONTENT="nägon"/><SP WIDTH="15" VPOS="1327" HPOS="176"/>
							<String ID="string_426" HPOS="191" VPOS="1328" WIDTH="113" HEIGHT="24" WC="0.95" CONTENT="skyldighet"/><SP WIDTH="13" VPOS="1328" HPOS="304"/>
							<String ID="string_427" HPOS="317" VPOS="1330" WIDTH="28" HEIGHT="16" WC="0.93" CONTENT="att"/><SP WIDTH="16" VPOS="1330" HPOS="345"/>
							<String ID="string_428" HPOS="361" VPOS="1328" WIDTH="68" HEIGHT="18" WC="0.92" CONTENT="arbeta"/><SP WIDTH="16" VPOS="1328" HPOS="429"/>
							<String ID="string_429" HPOS="445" VPOS="1327" WIDTH="21" HEIGHT="19" WC="0.93" CONTENT="af"/><SP WIDTH="15" VPOS="1327" HPOS="466"/>
							<String ID="string_430" HPOS="481" VPOS="1327" WIDTH="61" HEIGHT="19" WC="0.91" CONTENT="sädan"/><SP WIDTH="17" VPOS="1327" HPOS="542"/>
							<String ID="string_431" HPOS="559" VPOS="1327" WIDTH="102" HEIGHT="24" WC="0.90" CONTENT="anledning"/><SP WIDTH="18" VPOS="1327" HPOS="661"/>
							<String ID="string_432" HPOS="679" VPOS="1327" WIDTH="43" HEIGHT="18" WC="0.92" CONTENT="icke"/><SP WIDTH="18" VPOS="1327" HPOS="722"/>
							<String ID="string_433" HPOS="740" VPOS="1326" WIDTH="61" HEIGHT="19" WC="0.95" CONTENT="borde"/>
						</TextLine>
						<TextLine ID="line_47" HPOS="58" VPOS="1351" WIDTH="743" HEIGHT="29">
							<String ID="string_434" HPOS="58" VPOS="1353" WIDTH="65" HEIGHT="19" WC="0.93" CONTENT="kunna"/><SP WIDTH="18" VPOS="1353" HPOS="123"/>
							<String ID="string_435" HPOS="141" VPOS="1353" WIDTH="60" HEIGHT="19" WC="0.91" CONTENT="desse"/><SP WIDTH="18" VPOS="1353" HPOS="201"/>
							<String ID="string_436" HPOS="219" VPOS="1351" WIDTH="68" HEIGHT="27" WC="0.93" CONTENT="fångar"/><SP WIDTH="16" VPOS="1351" HPOS="287"/>
							<String ID="string_437" HPOS="303" VPOS="1351" WIDTH="113" HEIGHT="25" WC="0.92" CONTENT="ähvälfvas,"/><SP WIDTH="18" VPOS="1351" HPOS="416"/>
							<String ID="string_438" HPOS="434" VPOS="1353" WIDTH="36" HEIGHT="19" WC="0.93" CONTENT="har"/><SP WIDTH="16" VPOS="1353" HPOS="470"/>
							<String ID="string_439" HPOS="486" VPOS="1352" WIDTH="90" HEIGHT="19" WC="0.91" CONTENT="Komitén"/><SP WIDTH="17" VPOS="1352" HPOS="576"/>
							<String ID="string_440" HPOS="593" VPOS="1351" WIDTH="96" HEIGHT="26" WC="0.81" CONTENT="derjemte"/><SP WIDTH="16" VPOS="1351" HPOS="689"/>
							<String ID="string_441" HPOS="705" VPOS="1351" WIDTH="96" HEIGHT="29" WC="0.96" CONTENT="förordat;"/>
						</TextLine>
						<TextLine ID="line_48" HPOS="60" VPOS="1377" WIDTH="741" HEIGHT="27">
							<String ID="string_442" HPOS="60" VPOS="1381" WIDTH="28" HEIGHT="17" WC="0.96" CONTENT="att"/><SP WIDTH="12" VPOS="1381" HPOS="88"/>
							<String ID="string_443" HPOS="100" VPOS="1379" WIDTH="35" HEIGHT="20" WC="0.93" CONTENT="Jet"/><SP WIDTH="14" VPOS="1379" HPOS="135"/>
							<String ID="string_444" HPOS="149" VPOS="1379" WIDTH="62" HEIGHT="20" WC="0.93" CONTENT="skulle"/><SP WIDTH="14" VPOS="1379" HPOS="211"/>
							<String ID="string_445" HPOS="225" VPOS="1378" WIDTH="18" HEIGHT="21" WC="0.96" CONTENT="få"/><SP WIDTH="15" VPOS="1378" HPOS="243"/>
							<String ID="string_446" HPOS="258" VPOS="1379" WIDTH="52" HEIGHT="20" WC="0.78" CONTENT="bero"/><SP WIDTH="11" VPOS="1379" HPOS="310"/>
							<String ID="string_447" HPOS="321" VPOS="1379" WIDTH="20" HEIGHT="19" WC="0.81" CONTENT="af"/><SP WIDTH="12" VPOS="1379" HPOS="341"/>
							<String ID="string_448" HPOS="353" VPOS="1378" WIDTH="94" HEIGHT="26" WC="0.93" CONTENT="fängarne"/><SP WIDTH="14" VPOS="1378" HPOS="447"/>
							<String ID="string_449" HPOS="461" VPOS="1377" WIDTH="76" HEIGHT="26" WC="0.96" CONTENT="sjelfva,"/><SP WIDTH="17" VPOS="1377" HPOS="537"/>
							<String ID="string_450" HPOS="554" VPOS="1384" WIDTH="32" HEIGHT="14" WC="0.94" CONTENT="om"/><SP WIDTH="15" VPOS="1384" HPOS="586"/>
							<String ID="string_451" HPOS="601" VPOS="1378" WIDTH="25" HEIGHT="22" WC="0.81" CONTENT="Je"/><SP WIDTH="14" VPOS="1378" HPOS="626"/>
							<String ID="string_452" HPOS="640" VPOS="1379" WIDTH="20" HEIGHT="20" WC="0.96" CONTENT="af"/><SP WIDTH="12" VPOS="1379" HPOS="660"/>
							<String ID="string_453" HPOS="672" VPOS="1379" WIDTH="38" HEIGHT="19" WC="0.93" CONTENT="den"/><SP WIDTH="10" VPOS="1379" HPOS="710"/>
							<String ID="string_454" HPOS="720" VPOS="1377" WIDTH="81" HEIGHT="25" WC="0.36" CONTENT="medgifs"/>
						</TextLine>
					</TextBlock>
				</ComposedBlock>
			</PrintSpace>
		</Page>
	</Layout>
</alto>
