992 1714
264 80 72 25 Nädiga
347 85 139 22 Propositionen
498 86 37 17 N:o
547 87 28 16 16.
719 109 3 3 =
758 86 34 21 42

49 131 31 19 del
95 133 53 17 emot
162 131 45 26 Jen,
223 138 44 14 som
280 133 73 28 gripes,
369 135 23 17 är
405 134 121 25 detsamma,
542 135 63 20 ehuru
619 136 109 25 egentligen
742 137 48 20 hän-

49 157 63 26 förligt
126 157 27 20 till
168 157 53 20 brott
234 160 55 18 emot
302 164 75 15 annans
395 161 110 25 personliga
523 161 67 25 frihet,
609 163 28 18 uti
654 163 95 24 förslaget
763 164 25 19 till

49 183 147 26 ifrågavarande
212 185 110 26 författning
336 186 79 24 infördt;
434 188 38 19 och
490 188 35 19 har
542 187 29 19 för
588 188 115 25 gerningen,
722 189 68 20 såsom

49 211 89 19 särdeles
158 211 102 25 strafibar,
277 213 109 25 föreslagits
403 213 73 26 påföljd
493 214 21 19 af
528 213 92 24 tukthus;
640 215 103 20 hvaremot
760 217 31 18 för

49 237 33 18 det
96 237 29 19 fall
141 239 29 17 att
183 237 63 26 någon
261 238 101 26 olagligen,
378 239 30 18 för
421 240 85 19 förment
519 239 54 19 brott
587 241 37 18 och
634 243 45 16 utan
689 244 42 22 argt
741 247 49 20 upp-

50 261 36 26 sät,
102 268 63 15 annan
179 264 64 25 gripit,
260 265 76 19 straffet
350 267 74 17 ansetts
439 266 64 19 kunna
518 265 101 20 nedsättas
632 266 24 19 till
668 266 85 26 fängelse
763 267 28 19 el-

49 289 30 18 ler
92 289 62 20 böter.

102 314 27 20 Pä
144 317 40 18 sätt
197 316 37 19 ock
248 316 6 18 i
268 317 88 24 gällande
367 317 33 25 lag
414 319 21 17 är
449 317 96 25 stadgadt.
567 318 36 19 har
618 317 54 22 välä,
692 324 44 14 som
753 319 38 19 för-

50 341 56 19 öfvas
120 340 11 20 å
146 342 78 25 gvinna,
240 342 38 19 den
292 348 45 14 man
352 345 37 17 vet
399 344 98 19 hafvande
511 349 54 20 vara,
581 346 75 17 ansetts
671 344 57 25 böra,
745 345 47 19 obe-

48 367 74 29 roende
143 369 22 18 af
180 369 38 18 den
237 369 64 19 större
318 369 45 20 eller
381 369 76 20 mindre
474 369 71 26 skada,
563 375 44 14 som
624 369 112 26 derigenom
754 371 37 19 kan

48 393 82 29 tillfogas
144 396 94 23 gvinnan,
254 394 92 27 beläggas
360 395 46 20 med
421 396 93 19 särskildt
531 396 61 24 straff,
612 401 32 14 om
661 396 34 20 det
711 397 36 20 har
762 397 29 20 till

50 419 72 26 påföljd
136 421 82 19 fostrets
232 421 38 20 död
284 422 48 19 eller
346 422 95 25 gvinnans
455 422 89 26 förtidiga
560 422 117 24 nedkomst;
695 429 46 14 men
759 424 32 19 vid

49 447 121 20 utsättandet
183 448 22 19 af
217 447 210 21 straffbestämmelsen
441 450 22 18 är
476 449 59 19 äfven
552 449 41 20 den
609 447 112 26 subjektiva
735 449 56 20 sidan

50 473 20 19 af
82 473 74 20 brottet
169 473 121 21 framhällen.

102 500 44 19 Den
161 501 5 18 i
182 501 92 25 förslaget
288 503 72 18 utsatta
375 503 101 24 strängare
491 501 126 26 bestraffning
632 500 11 20 ä
657 502 46 24 den,
719 508 51 19 som,
787 503 5 19 i

49 525 73 26 uppsät
136 529 27 17 att
178 527 59 19 skada
252 533 69 19 annan,
337 527 99 26 bibringar
450 529 74 18 honom
538 528 66 25 förgift
618 528 47 19 eller
679 531 58 17 annat
751 529 41 19 lifs-

50 552 63 26 farligt
126 555 64 23 ämne,
206 553 90 25 betingas
310 554 61 24 deraf,
388 557 28 16 att
429 555 175 25 gerningsmannen
622 555 59 19 sällan
699 555 46 19 med
758 554 35 21 nä-

49 584 38 19 gon
104 580 124 19 sannolikhet
244 580 39 19 kan
300 580 86 20 beräkna
404 587 33 13 om
454 581 103 25 giftämnet
573 581 50 19 skall
643 580 61 20 verka
723 581 70 20 endast

50 604 93 25 sjukdom
156 607 48 19 eller
220 607 38 19 ock
275 607 88 20 medföra
380 607 73 26 döden,
472 607 101 20 äfvensom
590 607 21 19 af
626 607 84 20 brottets
727 608 64 19 större

50 628 98 35 farlighet.
412 655 3 6 ,

103 659 37 19 För
154 659 45 20 våld
213 659 11 20 ä
238 665 70 20 annan,
324 659 25 21 då
364 661 37 19 han
415 660 88 21 befinner
518 661 29 24 sig
561 659 11 20 å
587 661 36 25 väg
638 660 31 19 till
682 660 48 20 eller
743 660 49 20 ifrån

50 685 63 26 kyrka
127 686 47 19 eller
188 686 91 25 domstol,
296 685 68 21 såsom
378 687 37 19 ock
429 687 29 19 för
472 688 34 19 det
520 687 4 19 i
539 687 12 19 8
565 686 10 25 $
590 687 25 19 16
629 687 81 25 kapitlet
723 687 70 20 Jorda-

51 712 69 20 balken
134 713 119 20 omnämnda
270 713 31 20 fall
316 715 28 18 att
357 713 33 20 vid
407 713 81 21 landbos
505 715 56 23 olaga
579 712 108 27 afflyttning
702 712 91 27 jordega-

51 744 35 15 ren
100 739 33 20 vill
148 740 66 19 hemta
229 741 72 18 honom
316 739 42 21 äter
372 741 39 18 och
425 739 29 20 fär
466 741 61 19 skada
537 745 70 21 genom
619 739 128 26 misshandel,
759 741 35 18 har

50 766 122 19 utsättandet
186 767 20 19 af
218 766 58 26 något
290 767 92 20 särskildt
396 772 71 14 ansvar
482 769 75 18 ansetts
572 766 45 20 icke
631 772 47 13 vara
693 766 20 19 af
721 766 70 20 nöden.

104 792 62 20 Hafva
181 792 32 21 två
228 793 47 20 eller
289 793 49 20 flere
351 793 64 20 under
429 793 129 26 uppkommet
572 792 91 26 slagsmål
680 792 79 27 tillfogat
768 798 26 14 en

52 819 46 20 eller
113 819 48 20 flere
179 819 60 20 andra
256 825 98 20 personer
370 819 159 26 kroppsskador,
548 819 20 20 af
584 819 66 20 hvilka
666 818 64 20 döden
748 819 47 20 eller

52 845 56 20 svårt
121 851 45 14 men
180 846 11 19 å
208 846 68 19 helsan
290 846 130 24 förorsakats,
436 846 21 19 så
468 847 53 19 visar
531 847 137 18 erfarenheten
677 847 28 17 att
714 845 81 20 bedöm-

52 872 81 20 mandet
147 872 22 19 af
180 873 25 19 de
219 873 64 19 förres
296 872 126 26 brottslighet
437 873 39 20 ofta
491 872 93 25 erbjuder
598 875 54 16 stora
662 871 132 26 svårigheter,

52 898 69 20 såvida
138 899 5 18 i
164 899 33 20 det
214 899 92 25 speciella
324 899 51 20 fallet
392 899 83 20 flertalet
492 899 103 19 åkommor
612 899 44 18 icke
673 898 59 19 sällan
750 897 44 20 leda

52 925 33 20 sitt
102 925 78 25 upphof
194 925 42 20 från
255 925 50 20 olika
321 931 97 20 personer
435 929 45 16 utan
498 928 28 17 att
542 925 103 25 utredning
662 924 132 20 förekommer

52 953 62 18 hvem
128 957 43 14 som
185 951 114 27 tillskyndat
312 958 24 13 en
351 952 50 19 hvar
415 952 20 19 af
447 952 25 20 de
486 952 51 19 olika
552 951 103 28 skadorna.
685 951 42 20 Ide
736 950 57 20 flesta

52 977 123 20 fremmande
190 978 140 26 lagstiftningar
345 977 62 20 finner
420 984 44 13 man
474 978 79 20 derföre
562 977 133 24 hvarjehanda
704 982 93 21 presum-

52 1005 64 19 tioner
130 1005 28 19 för
173 1005 59 20 dessa
246 1005 30 20 fall
290 1004 118 27 uppställda,
425 1011 43 13 som
486 1005 23 25 gå
524 1007 23 17 ut
563 1003 25 26 på
605 1006 29 17 att
650 1003 95 30 bestraffa
759 1003 36 20 alla

52 1031 99 26 deltagare
164 1031 6 19 i
184 1031 66 26 dylika
264 1032 65 25 gröfre
343 1031 90 26 slagsmål
449 1032 29 19 för
492 1031 25 20 de
531 1030 111 25 åkommor,
653 1029 78 20 hvilkas
745 1034 51 20 upp-

52 1057 90 20 hofsmän
157 1064 45 13 man
217 1058 63 20 under
294 1058 144 25 ransakningen
453 1058 45 19 icke
507 1058 74 19 kunnat
595 1056 18 20 få
627 1056 47 19 reda
691 1056 31 26 på.

106 1084 59 19 Emot
178 1085 63 19 denna
255 1084 123 26 uppfattning
395 1085 20 18 af
431 1084 60 20 saken
509 1085 34 18 har
561 1083 70 25 likväl,
650 1084 39 17 och
705 1082 24 26 på
747 1081 49 26 goda

53 1111 49 24 skäl,
119 1111 63 19 blifvit
196 1111 96 20 anmärkt:
309 1113 28 17 att
350 1110 122 25 densamma,
488 1111 30 18 för
533 1113 27 16 att
574 1109 58 20 häfva
647 1109 149 29 svårigheterna

54 1137 6 19 i
74 1137 93 20 afseende
182 1137 11 20 å
207 1137 135 26 bevisningen,
353 1137 63 26 gifver
426 1138 26 19 till
462 1137 55 25 spillo
527 1136 38 20 den
571 1136 102 29 allmänna
683 1134 115 21 straffrätts-

53 1163 38 26 liga
118 1163 93 20 grundsats
225 1166 28 17 att
267 1169 25 14 en
306 1163 89 26 brottslig
408 1163 91 24 handling
513 1163 39 19 kan
562 1162 101 19 tillräknas
673 1161 69 20 endast
751 1160 45 23 den,

55 1189 42 20 från
126 1190 66 19 hvilken
206 1189 118 26 handlingen
337 1189 56 20 leder
406 1190 34 19 sitt
456 1189 84 25 upphof,
559 1189 38 18 och
615 1188 57 24 ingen
689 1192 71 25 annan.
789 1187 9 19 I

56 1216 24 19 40
95 1217 39 18 och
149 1217 22 18 41
188 1216 21 25 $$
223 1217 21 18 af
256 1217 94 24 förslaget
364 1215 36 20 har
413 1221 45 13 man
474 1215 15 25 ej
505 1215 61 20 heller
580 1216 48 17 trott
642 1215 29 24 sig
681 1215 47 18 böra
742 1213 54 25 lägga

56 1241 53 20 detta
124 1243 160 19 betraktelsesätt
293 1242 26 19 till
330 1241 63 25 grund
404 1241 29 20 för
442 1241 228 25 straffbestämningarne
680 1241 5 18 i
695 1240 59 19 dessa
769 1239 29 19 of-

55 1271 40 16 tast
109 1268 117 20 invecklade
240 1269 39 19 fall.
713 1291 6 6 N

108 1295 66 25 Enligt
188 1295 24 20 10
227 1295 11 25 $
251 1297 22 17 är
287 1293 69 32 hvarje
371 1295 115 25 deltagande
502 1295 5 19 i
523 1297 28 16 ett
567 1294 51 29 groft
636 1292 99 27 slagsmål,
753 1291 45 32 der-

55 1321 63 20 under
133 1321 63 26 någon
214 1321 92 25 tillfogats
320 1320 60 21 sådan
389 1321 147 25 kroppsskada,
555 1323 28 16 att
599 1320 64 20 döden
680 1320 47 19 eller
741 1320 56 18 svårt

55 1352 46 23 men
116 1347 10 18 å
146 1348 68 18 helsan
232 1348 56 18 deraf
303 1347 38 19 blir
357 1353 23 13 en
398 1347 55 24 följd,
471 1347 80 25 belagdt
569 1347 44 18 med
632 1351 83 23 ansvar.
741 1345 57 19 Detta

55 1371 107 28 städgende
176 1378 62 20 synes
252 1373 38 19 ock
299 1379 25 13 ur
333 1373 76 25 rättslig
418 1373 101 25 synpunkt
528 1373 63 18 kunna
602 1372 88 19 försvara
696 1371 101 47 ju
