992 1759
279 94 70 22 Nådiga
360 96 139 22 Propositionen
511 96 36 19 N:o
560 98 27 17 16.
771 97 35 19 417

61 142 101 30 kroppsfel
177 143 48 19 eller
238 143 99 25 sjukdom,
353 146 24 18 än
394 145 5 18 i
414 146 12 18 4
443 146 10 24 $
471 148 44 23 sägs
533 147 132 25 uppkommit,
681 146 71 26 varde,
768 153 33 14 om

60 174 106 20 gerningen
182 169 75 20 skedde
270 171 45 19 med
331 171 71 19 berådt
415 172 53 25 mod,
487 172 143 20 tukthusstraff
643 172 42 20 från
703 174 38 19 och
755 174 45 19 med

60 198 30 17 tre
105 195 94 21 månader
213 196 79 20 til..ech
307 198 46 19 med
368 200 29 17 tre
411 198 28 24 år,
456 200 47 18 eller
516 200 86 24 fängelse
612 199 42 20 från
664 200 38 19 och
711 200 46 20 med
767 200 33 20 två

60 222 96 20 månader
169 222 25 20 till
209 224 39 19 och
261 223 46 20 med
322 223 32 20 två
376 224 29 25 år,
428 226 39 18 och
488 226 4 18 i
512 228 59 16 annat
594 226 38 24 fall,
651 226 88 25 fängelse
757 226 44 20 från

59 249 38 19 och
119 248 45 20 med
184 254 24 14 en
225 248 71 21 månad
314 250 26 19 till
358 251 38 19 och
413 251 45 19 med
475 254 29 16 ett
520 251 22 20 år
562 252 48 20 eller
628 252 57 20 böter
704 252 42 20 från
762 252 39 20 och

59 275 47 19 meu
123 275 70 25 fyratio
210 275 26 19 till
254 276 38 18 och
309 276 45 20 med
372 277 121 25 fyrahundra
509 278 59 19 mark
583 278 177 26 gerningsmannen
780 278 22 20 å-

58 300 75 20 dömdt.

112 336 12 19 8
138 336 16 25 $.
184 337 40 19 Har
237 336 69 27 någon,
322 340 47 17 utan
385 338 73 25 uppsåt
469 341 29 17 att
506 339 69 24 skada,
586 345 72 20 genom
668 338 131 26 vårdslöshet,

57 362 136 27 oförsigtighet
206 363 48 20 eller
269 364 145 25 försummelse,
425 364 58 21 vållat
492 365 61 20 sådan
567 366 147 25 kroppsskada,
734 372 44 14 som
794 366 6 19 i

59 389 11 19 7
84 389 10 25 $
108 390 52 25 sägs,
176 396 47 13 vare
237 390 75 19 straffet
326 391 56 19 böter
395 390 43 20 från
452 392 39 19 och
505 392 47 20 med
566 392 26 19 tio
607 392 25 20 till
648 393 38 19 och
700 392 47 20 med
758 392 42 20 två-

59 414 77 21 hundra
152 416 61 19 mark.

112 449 12 19 9
140 448 16 25 $.
185 448 40 19 Har
245 448 64 26 någon
326 454 72 20 genom
415 449 98 27 uppsätlig
531 450 129 26 misshandel,
682 450 52 20 dock
753 454 47 17 utan

59 474 57 26 afsigt
130 477 28 17 att
171 474 69 23 skada,
257 475 80 25 tillfogat
350 480 63 15 annan
427 476 61 20 sådan
501 476 147 26 kroppsskada,
665 482 43 14 som
726 478 4 18 i
745 479 13 17 4
772 478 28 19 el-

59 502 29 18 ler
102 502 10 18 7
128 501 10 24 $
152 502 51 24 sägs,
225 506 46 14 men
288 502 101 19 inträffade
405 502 38 19 den
461 502 45 26 följd
523 504 21 18 af
558 503 135 20 misshandeln
711 504 69 20 endast
794 504 6 20 i

59 528 87 25 förening
151 528 47 27 med
208 528 173 26 omständigheter,
392 529 26 19 de
427 530 41 24 der,
481 533 46 16 utan
536 530 187 25 gerningsmannens
733 531 65 25 skuld,

60 554 71 20 efteråt
144 555 111 19 tillkommit
269 556 38 18 och
322 555 63 19 kunna
402 556 89 20 hänföras
506 556 26 20 till
550 556 70 20 sådant
636 556 51 25 ofall,
706 562 45 14 som
768 557 5 19 i
788 558 11 18 3

59 581 11 26 $
84 581 91 26 nämnes,
194 581 32 20 må
244 582 177 25 gerningsmannen
439 582 16 25 ej
474 583 89 20 dömmas
583 582 27 20 till
628 583 60 25 högre
705 583 58 20 straff
776 585 23 18 än

60 606 68 22 såsom
145 608 29 20 för
189 607 88 21 vållande
292 608 25 20 till
332 608 137 26 kroppsskada
484 610 5 18 i
503 610 13 19 6
530 610 38 18 och
582 610 12 19 8
608 609 22 25 $$
646 610 58 24 sagdt
716 612 29 18 är.

113 641 25 19 10
153 640 16 26 $-
200 641 39 19 Har
252 640 64 26 någon
331 640 5 19 i
351 640 45 26 följd
411 642 21 18 af
444 642 128 23 misshandel,
588 641 41 20 deri
644 642 32 19 två
691 642 47 20 eller
751 642 48 20 flere

59 670 45 16 utan
119 666 116 26 föregängen
250 668 203 19 öfverenskommelse
467 668 85 26 deltagit,
568 668 50 24 ljutit
631 668 65 20 döden
708 670 48 18 eller
765 668 35 20 fått

59 693 47 20 svår
120 694 144 24 kroppsskada,
280 693 68 20 såsom
362 694 5 18 i
382 695 13 18 4
404 694 8 24 $
424 696 54 24 sägs,
494 694 78 20 straffes
590 695 74 19 enhvar
681 695 4 19 i
702 696 98 19 misshan-

58 720 44 20 deln
123 717 94 29 delaktig
214 713 16 37 ,.
240 721 29 19 för
282 720 52 26 groft
351 720 103 26 slagsmål,
473 722 45 19 med
535 721 87 25 fängelse
638 720 43 21 från
698 722 39 19 och
753 722 46 19 med

59 746 32 20 två
106 746 95 20 månader
215 747 25 19 till
255 748 38 18 och
307 747 46 19 med
368 746 34 20 två
417 746 28 26 år,
461 747 22 20 så
498 748 58 19 framt
570 747 18 25 ej
604 748 58 25 enligt
679 748 65 20 denna
761 748 39 20 för-

59 774 81 25 fattning
154 775 102 24 strängare
269 778 74 14 ansvar
356 773 10 19 å
383 774 49 19 hans
447 775 79 25 gerning
541 774 43 24 följa
599 774 35 20 bör
648 774 47 20 eller
705 774 93 20 densam-

58 806 42 19 ma,
115 800 97 26 likmätigt
228 800 35 25 25,
282 800 26 19 26
326 800 47 19 eller
391 800 24 19 27
431 800 21 25 $$
470 801 35 19 här
522 800 107 21 nedanföre
646 804 22 16 är
685 804 29 17 att
730 800 69 21 såsom

58 826 73 20 straffri
146 832 66 14 anses.
241 827 40 25 Tog
294 826 62 26 någon
371 826 30 20 del
416 826 5 20 i
437 826 67 21 sådant
517 827 52 26 groft
585 826 102 26 slagsmål,
703 833 46 14 men
764 828 35 19 har

58 852 17 26 ej
90 852 12 20 å
116 853 37 20 den
167 853 50 20 döde
232 854 47 19 eller
293 853 86 19 skadade
396 852 54 20 burit
470 854 60 25 hand,
552 854 90 19 dömmes
663 854 27 19 till
712 854 86 26 fängelse

58 879 43 21 från
114 881 39 19 och
167 881 45 19 med
227 879 72 26 fjorton
313 880 59 26 dagar
386 880 27 20 till
429 881 36 19 och
480 881 45 19 med
540 885 36 15 sex
596 879 94 21 månader
704 881 46 20 eller
766 881 33 20 bö-

59 909 30 17 ter
103 906 43 20 från
161 908 38 18 och
213 907 45 19 med
274 907 67 19 femtio
356 907 26 20 till
397 908 39 18 och
450 908 46 19 med
510 910 79 17 ettusen
603 908 63 19 mark.

112 940 63 19 Hafva
189 938 33 20 två
237 940 48 19 eller
300 939 47 20 flere
361 938 94 26 tillfogadt
469 939 38 19 den
521 939 51 20 döde
585 940 47 19 eller
647 939 70 19 sårade
731 938 69 21 äkom-

58 971 50 19 mor,
124 966 66 20 hvilka
205 964 18 27 ej
238 966 49 19 hvar
301 966 29 18 för
344 966 29 25 sig
388 971 47 13 men
449 965 5 19 i
468 966 93 25 förening,
578 965 79 21 orsakat
671 966 65 19 döden
751 966 47 19 eller

58 992 47 20 svår
119 992 143 26 kroppsskada,
278 991 25 20 då
317 992 52 19 skall:
380 997 25 14 en
420 992 49 18 hvar
478 992 90 20 dömmas
578 992 26 20 till
618 992 34 19 det
667 992 60 25 straff,
740 992 58 19 hvar-

58 1018 27 20 till
100 1019 44 24 han,
161 1024 31 14 om
207 1019 37 19 den
258 1020 21 18 af
292 1018 71 19 honom
377 1018 129 20 åstadkomna
522 1018 75 20 skadan
615 1021 77 17 ensamt
709 1018 40 20 haft
766 1018 34 20 så-

58 1044 38 20 dan
110 1044 79 26 påföljd,
205 1044 51 26 gjort
270 1045 30 25 sig
313 1044 95 20 förfallen.

112 1072 22 19 41
151 1072 18 25 $.
185 1072 39 18 Har
239 1070 62 26 någon
316 1070 4 20 i
336 1070 99 26 slagsmål,
452 1070 81 20 dermed
548 1069 34 21 två
596 1071 48 19 eller
661 1071 47 19 flere
728 1072 72 18 honom

58 1098 111 25 öfverfallit,
186 1097 36 20 fått
235 1098 77 25 ringare
327 1098 60 19 skada
403 1098 24 18 än
442 1098 4 18 i
461 1098 13 19 4
487 1098 11 25 $
512 1097 57 26 sagdt
582 1098 28 23 är,
628 1097 78 20 straffes
716 1103 23 14 en
750 1098 49 19 hvar

60 1124 5 20 i
79 1123 113 27 slagsmålet
207 1125 85 25 delaktig
306 1124 46 20 med
366 1124 87 25 fängelse
467 1124 41 19 från
526 1124 39 20 och
581 1124 47 20 med
644 1130 36 13 sex
697 1124 60 25 dagar
773 1124 25 20 till

59 1151 37 19 och
111 1152 45 18 med
171 1157 37 14 sex
221 1150 95 21 månader
330 1151 47 19 eller
391 1150 56 20 böter
461 1150 41 20 från
516 1151 38 19 och
573 1150 45 20 med
636 1150 69 26 fyratio
720 1151 25 19 till
761 1151 38 19 och

59 1178 46 19 med
120 1178 120 26 fyrahundra
254 1176 63 25 mark,
331 1176 25 20 så
371 1178 59 18 framt
445 1176 16 26 ej
477 1177 48 19 hans
539 1176 80 26 gerning
633 1177 6 19 i
653 1177 63 19 denna
725 1176 76 20 författ-

42 1224 4 2 —
60 1204 45 26 ning
119 1206 22 18 är
154 1204 45 20 med
215 1206 102 23 strängare
331 1209 71 14 ansvar
417 1204 78 25 belagd.

113 1232 7 18 I
134 1230 94 20 afseende
241 1230 24 26 på
280 1230 120 25 delaktighet
415 1230 3 18 i
429 1230 119 20 misshandel
564 1230 62 19 under
641 1230 61 19 andra
715 1230 86 19 omstän-

60 1256 90 26 digheter
164 1258 23 19 än
201 1257 25 19 de
241 1257 4 19 i
260 1257 63 19 denna
337 1257 38 19 och
389 1256 117 25 föregående
520 1257 11 25 $
544 1256 90 25 nämnda,
645 1256 79 19 komma
734 1256 24 19 de
768 1261 34 14 an-

62 1282 76 27 gående
157 1284 120 23 delaktighet
294 1284 5 18 i
317 1283 53 19 brott
387 1283 4 19 i
409 1283 105 19 allmänhet
530 1282 88 26 gällande
634 1282 123 20 föreskrifter
773 1284 29 18 att

65 1308 51 27 tjena
131 1310 24 19 till
169 1311 137 19 efterrättelse.

118 1337 24 19 42
157 1337 17 24 $.
203 1336 36 20 För
253 1335 98 27 uppsåtlig
365 1336 120 20 misshandel
495 1336 10 19 å
514 1341 62 14 annan
586 1335 84 20 medelst
681 1336 57 24 hugg,
750 1335 49 24 slag,

65 1364 45 23 stöt,
127 1362 98 29 knuffning
239 1363 48 19 eller
301 1362 52 26 dylik
367 1362 123 26 förgripelse,
506 1362 56 20 deraf
574 1362 77 25 ringare
660 1362 46 19 eller
716 1361 44 19 icke
769 1366 35 14 nå-

64 1394 38 20 gon
117 1389 61 19 skada
192 1390 48 24 följt,
256 1395 49 13 vare
319 1389 86 25 fängelse
417 1388 43 19 från
470 1389 37 18 och
521 1387 46 20 med
581 1388 70 24 fjorton
660 1388 60 24 dagar
729 1388 26 18 till
766 1388 37 18 och

733 1419 24 16 27
