1009 1784
267 132 70 23 Nådiga
350 134 140 22 Propositionen
502 135 37 17 N:o
550 135 17 16 2.
774 136 22 18 49

50 187 68 21 gren,
134 183 154 25 Borgmästaren
302 183 71 19 Mölsä
388 183 37 20 och
439 183 131 21 Handlanden
585 184 122 25 Kellgren,
724 184 68 20 hvilka

51 210 77 19 förenat
141 209 30 25 sig
185 209 6 19 i
205 214 78 16 samma
304 210 122 19 reservation
448 210 44 20 med
514 210 197 20 Hofrättskanslisten
733 212 60 20 Edel-

50 236 65 24 sköld,
130 236 53 19 hvad
197 235 60 25 angår
270 236 34 20 det
317 236 111 25 föreslagna
443 236 117 26 stadgandet
575 237 5 18 i
595 237 10 25 $
620 238 10 18 7
652 238 22 19 af
694 236 100 27 ifrågava-

51 262 62 20 rande
128 262 124 25 författning.

103 314 27 20 Af
142 314 116 20 Professorn
273 314 118 20 Granfelt:

103 340 39 20 «På
157 340 64 26 grund
235 342 21 18 af
267 341 34 20 det
315 341 128 25 obestridliga
458 342 82 24 faktum,
556 344 29 18 att
599 342 48 19 flere
661 342 65 20 ibland
741 343 52 24 Lag-

49 368 108 20 utskottets
177 368 60 18 äfven
257 366 96 26 juridiska
368 368 131 20 medlemmar
513 375 26 13 en
553 368 69 25 längre
637 369 57 19 stund
705 370 88 19 tvistade

50 400 32 14 om
97 397 50 17 rätta
162 394 117 26 betydelsen
293 394 37 19 och
345 395 166 25 sammanhanget
523 395 22 20 af
557 395 12 19 8
583 395 30 25 $:s
628 396 56 19 2:dra
702 402 18 13 o.
738 395 53 25 3:dje

51 423 118 22 momenter,
186 420 64 20 måste
262 420 34 25 jag
309 426 50 14 anse
373 420 71 20 dessas
459 422 102 19 redaktion
576 421 38 19 lida
636 422 21 19 af
675 422 117 24 dunkelhet,

50 453 44 15 som
108 452 72 20 genom
195 447 117 27 tilläggande
326 447 21 19 af
359 446 61 26 några
435 448 34 19 ord
484 448 29 19 till
528 448 100 19 hvardera
638 450 110 18 momentet
757 448 36 19 bör

50 474 67 20 kunna.
131 473 78 20 häfvas.
224 471 123 28 Öfvertygad
362 476 29 17 att
405 474 5 18 i
425 473 133 21 kollisionsfall
573 474 96 25 tydlighet
690 477 23 17 är
727 474 65 20 bättre

49 504 27 17 än
90 500 83 24 korthet,
190 499 28 20 får
231 500 33 25 jag
277 500 79 20 derföre
370 506 106 14 reservera
491 501 40 25 mig
546 503 41 16 mot
608 500 85 20 beslutet
713 504 29 16 att
762 501 30 19 bi-

50 526 77 21 behålla
140 529 69 17 texten
222 527 119 20 härutinnan
355 526 118 20 oförändrad
488 527 38 19 och
539 526 62 26 vågar
613 526 72 20 föreslå
699 528 95 25 ungefär-

50 554 53 25 ligen
117 552 85 26 följande
217 553 115 25 förändring
345 553 22 19 af
379 552 151 26 ifrågavarande
544 556 123 17 momenter
658 548 13 35 :

103 588 10 9 «
129 579 64 21 Hafva
208 580 25 20 de
247 579 188 26 förmynderskapet
455 580 88 24 odeladt,
566 586 60 13 svare
647 580 24 19 då
692 580 101 20 hvardera

49 607 27 19 till
90 606 39 20 lika
143 606 31 20 del
190 607 29 19 för
232 607 45 19 hela
291 606 147 24 förvaltningen
452 606 44 24 och,
513 612 32 14 om
559 606 25 20 de
594 610 127 21 gemensamt
731 606 61 20 vållat

48 633 107 26 omyndigs
169 633 67 24 skada,
253 633 58 25 gälde
324 632 39 20 den
377 638 38 14 ena
430 632 52 20 hvad
497 633 29 19 för
541 633 38 20 den
593 633 62 20 andra
670 633 64 20 brista
744 634 46 19 kan.

48 661 95 19 Deremot
157 665 48 15 vare
219 660 39 19 den
273 665 36 15 ena
324 660 44 19 icke
383 659 78 25 skyldig
475 662 28 17 att
516 660 39 19 den
570 660 73 19 andras
665 660 129 20 vårdslöshet

48 686 48 20 eller
110 686 102 24 förseelse,
228 692 44 14 som
287 686 39 20 han
340 684 17 26 ej
372 685 122 21 förekomma
508 686 83 24 kunnat,
609 686 90 26 umgälla,
722 686 22 20 så
763 689 29 17 att

48 713 40 20 han
102 713 106 26 omyndigs
222 712 57 20 häraf
294 712 113 26 uppkomna
424 713 70 19 förlust
511 713 73 25 nödgas
601 713 61 20 tillika
685 713 46 19 med
752 713 39 19 den

48 739 61 21 andre
124 742 80 22 ersätta,
221 742 24 17 än
261 739 76 19 mindre
351 738 22 20 så
388 742 27 16 att
430 739 38 19 han
484 739 46 20 med
544 739 33 20 sitt
591 739 50 25 gods
655 740 68 19 träder
738 740 4 18 i
753 740 39 19 den

48 766 73 20 andras
134 766 64 24 ställe,
215 767 5 18 i
235 766 32 20 fall
281 766 64 20 denne
360 765 72 21 saknar
447 766 80 26 tillgång
541 766 27 20 till
591 766 52 20 hvad
665 766 39 20 han
726 766 64 20 betala

50 793 58 20 bör.»

254 969 159 26 Lagutskottets
420 968 131 21 betänkande
559 968 39 21 N:o
607 969 26 20 27
648 970 7 17 i
665 968 100 25 anledning
775 971 24 22 af

186 997 107 20 återremiss
307 998 24 25 af
340 996 56 20 Hans
407 997 105 26 Keiserliga
527 997 100 26 Majestäts
642 996 70 26 nådiga
724 1003 70 19 propo-

186 1027 56 18 sition
257 1025 98 26 angående
363 1025 139 26 förändringar
516 1025 33 20 och
569 1025 63 25 tillägg
649 1025 32 20 vid
699 1025 96 19 allmänna

186 1054 65 25 lagens
265 1053 118 26 stadganden
397 1060 30 13 om
435 1053 182 26 förmyndarevård.

102 1109 66 20 Sedan
182 1108 91 25 samtliga
295 1107 139 25 Riksstånden,
458 1109 50 18 efter
530 1107 64 20 skedd
615 1107 139 26 föredragning
776 1108 20 18 af

50 1136 147 26 Lagutskottets
211 1135 38 20 den
263 1135 12 19 2
289 1134 88 20 sistlidne
391 1135 116 19 November
519 1134 52 26 gifna
593 1134 125 19 betänkande
733 1134 3 19 i
761 1139 35 14 an-

49 1162 80 25 ledning
143 1163 21 19 af
176 1161 128 20 förenämnda
317 1160 70 26 nådiga
401 1162 128 24 proposition,
546 1161 6 19 i
567 1161 94 19 afseende
683 1160 11 19 å
711 1159 84 27 förnyad

49 1189 120 25 behandling
183 1189 27 18 till
225 1188 136 25 Lagutskottet
375 1187 153 20 återremitterat
542 1187 61 25 sagde
617 1187 82 24 ärende,
719 1186 21 20 så
757 1188 37 18 har

48 1215 104 24 Utskottet,
169 1221 44 14 som
227 1215 20 19 af
260 1213 228 26 remisshandlingarne
481 1209 12 34 i
498 1216 68 18 ämnet
579 1213 102 24 inhemtat,
699 1215 29 18 att
743 1213 49 24 hög-

48 1242 64 25 lofliga
132 1241 147 25 Ridderskapet
297 1241 38 19 och
349 1239 62 20 Adeln
433 1243 53 17 samt
507 1239 99 26 vällofliga
627 1239 168 26 Borgareståndet

48 1269 29 19 till
91 1268 81 25 ledning
186 1267 29 19 för
230 1267 99 20 Utskottet
343 1266 98 25 förklarat,
459 1268 5 18 i
479 1267 54 20 hvad
547 1266 52 26 syfte
614 1267 37 19 och
666 1267 6 18 i
681 1266 68 19 hvilka
759 1265 35 20 de-

33 1301 3 2 *
49 1295 28 20 lar
91 1295 25 19 de
130 1294 72 19 önskat
216 1297 28 16 att
259 1293 108 21 Utskottets
382 1293 147 20 ofvannämnda
540 1293 127 19 betänkande
677 1292 65 19 skulle
752 1297 43 14 om-

49 1321 108 25 redigeras,
175 1325 45 14 men
235 1323 28 16 att
277 1319 89 20 hvarken
384 1319 123 26 högvördiga
525 1318 148 21 Prestaståndet
691 1318 49 19 eller
762 1319 34 18 he-

49 1347 100 20 dervärda
163 1345 145 21 Bondeståndet
321 1345 70 20 uttalat
405 1347 31 23 sig
451 1347 4 18 i
474 1345 107 26 någotdera
601 1345 132 23 hänseendet,
755 1344 40 28 den

51 1374 24 19 30
90 1371 107 21 nästvikne
210 1373 81 19 Januari
306 1372 37 19 hos
362 1371 25 20 de
409 1372 64 25 begge
494 1372 122 19 sistnämnda
638 1371 87 20 Ständen
745 1373 51 22 gjort

52 1399 93 20 vördsam
161 1399 124 24 hemställan,
302 1398 99 20 huruvida
415 1398 44 20 icke
480 1399 59 19 äfven
560 1398 25 20 de
607 1397 64 20 kunde
691 1396 53 19 finna
765 1397 30 26 för

51 1425 47 26 godt
111 1427 29 17 att
155 1425 99 19 bestämdt
268 1425 60 18 uttala
344 1425 30 23 sig
388 1424 102 24 angående
505 1425 33 18 det
553 1423 91 23 innehåll,
660 1428 43 14 som
726 1423 69 23 hvarje

740 1455 10 15 4

959 714 23 54 AL
