1009 1756
203 128 27 34 60
434 131 72 23 Nådiga
517 133 140 23 Propositionen
670 132 36 16 N:o
718 131 17 17 2:

261 182 33 20 Till
311 183 13 19 6
341 182 10 25 $
367 183 5 18 i
390 182 92 24 förslaget
496 182 58 19 hafva
569 181 110 20 Ständerna
695 180 71 20 önskat
780 180 43 26 foga
838 182 28 17 ett
880 179 72 26 tillägg,

209 208 76 20 hvilket
299 208 92 20 innebure
405 210 28 17 att
447 208 59 25 tiden,
521 208 53 19 inom
587 207 79 20 hvilken
677 206 137 26 förmyndares
826 205 128 26 redovisning

209 234 62 20 borde
285 235 89 25 afgifvas,
390 235 62 19 skulle
466 234 122 20 bestämmas
602 234 27 19 till
644 234 44 25 fyra
699 232 95 20 månader
803 232 51 20 efter
864 231 91 20 redovis-

208 260 110 26 ningsårets
335 260 81 26 utgång;
436 261 105 19 hvaremot
558 260 37 20 den
613 260 89 19 anmälan
717 260 36 19 hos
768 260 76 24 Rätter,
860 264 45 14 som
919 258 36 20 här

209 288 129 20 föreskrifves
358 288 30 19 för
405 287 38 20 den
460 288 94 20 händelse
571 290 28 16 att
612 286 202 26 kommunalstyrelse
827 287 65 17 utsett
905 285 51 26 gode

209 315 45 19 män
274 318 28 16 att
322 314 84 26 granska
423 320 24 13 en
464 315 21 19 af
501 314 126 26 förmyndare
644 313 84 26 afgifven
742 312 134 26 redovisning,
893 317 63 21 synes

210 340 108 21 Ständerna
333 346 47 14 vara
394 340 78 26 onödig.

263 368 7 19 I
288 369 11 18 7
317 367 10 26 $
344 368 20 19 af
379 368 93 24 förslaget
488 368 69 24 borde,
579 366 58 26 enligt
654 366 122 20 Ständernas
794 366 66 24 tanke,
879 365 77 26 intagas

209 394 107 26 stadgande
329 394 76 24 derom,
421 396 28 17 att
464 394 80 20 klander
558 394 20 19 af
590 392 254 27 förmyndareredovisning
858 392 49 20 skall
922 398 34 14 an-

209 421 66 19 ställas
293 420 52 20 inom
361 422 42 17 natt
420 421 38 19 och
475 420 22 19 år
515 421 50 18 efter
581 420 126 19 densammas
723 418 145 25 emottagande,
884 418 70 20 såvida

209 447 73 25 tydliga
296 447 54 19 äldre
363 447 123 19 föreskrifter
503 447 70 19 derom
587 446 79 19 saknas.
695 445 89 20 Emedan
800 445 90 19 fränders
905 445 50 20 eller

209 473 51 26 gode
276 475 56 18 mäns
350 472 146 21 uraktlåtenhet
513 475 28 17 att
558 472 80 20 klandra
655 472 127 25 redovisning
798 472 56 18 öfver
869 471 86 20 inkomst

209 498 39 21 och
262 500 57 24 utgift
333 499 42 20 från
389 499 39 20 den
443 499 116 26 omyndiges
572 499 51 19 fasta
637 499 50 25 gods
701 499 48 19 eller
763 497 83 20 kostnad
861 498 30 19 för
905 499 50 18 hans

210 525 101 20 underhåll
327 526 37 19 och
378 527 118 24 uppfostran
514 525 65 20 kunde
593 525 30 19 för
636 525 38 20 den
690 524 102 27 omyndige
804 524 54 29 vålla
873 526 85 18 oersätt-

209 552 26 25 lig
249 552 68 25 skada,
333 552 6 19 i
353 553 30 19 fall
398 553 34 19 det
446 553 46 19 icke
509 552 58 20 stode
582 553 73 18 honom
670 553 60 24 öppet
743 554 29 17 att
786 551 46 24 sjelf
844 552 50 19 efter
908 555 49 22 upp-

209 579 52 20 nådd
276 577 81 28 myndig
370 578 54 21 ålder
437 579 47 20 derå
494 580 44 24 tala,
550 579 59 19 hafva
620 579 115 24 Ständerna,
749 578 5 19 i
768 580 84 17 motsats
866 578 25 19 till
904 575 52 22 hvad

212 605 64 25 tredje
296 608 109 17 momentet
425 607 5 18 i
451 610 76 15 samma
545 605 9 26 $
571 606 69 19 härom
654 604 114 26 innehåller,
785 607 64 17 ansett
862 605 34 19 det
910 605 46 19 böra

210 637 48 14 vara
279 632 58 25 pupill
359 633 90 25 obetaget
467 635 28 16 att
512 633 57 18 äfven
587 632 5 19 i
609 631 135 27 nyssnämnda
758 632 175 25 omständigheter,
950 631 5 19 i

211 658 30 20 fall
259 659 21 18 af
296 659 37 24 fog,
352 659 64 19 utföra
433 659 133 19 klandertalan
584 662 53 16 emot
652 659 29 18 sin
695 657 133 26 förmyndare,
845 656 113 27 hvarjemte

210 685 94 26 omyndig
319 685 63 20 borde
399 685 110 20 bibehällas
528 685 32 19 vid
577 685 38 20 den
632 686 73 18 honom
719 685 5 18 i
740 685 52 19 1734
810 683 32 21 ärs
856 685 32 24 lag
902 684 57 20 med-

210 711 51 24 gifna
276 711 117 26 rättigheten
410 714 28 17 att
455 711 46 25 sjelf
516 711 77 20 bevaka
608 712 29 18 sin
652 713 38 17 rätt
704 711 49 19 inför
767 711 93 25 domstol,
876 710 25 20 då
917 711 38 19 han

211 737 68 24 finner,
295 740 28 17 att
337 738 139 25 förmyndaren
491 737 17 25 ej
523 738 30 19 väl
569 738 92 19 förvaltar
676 739 49 18 hans
739 737 103 25 egendom.

264 765 42 18 Den
327 764 5 19 i
353 764 83 19 sednare
456 766 110 17 momentet
583 765 21 18 af
620 764 25 19 10
662 764 11 25 $
690 763 87 20 uttalade
791 763 122 25 grundsatts,
929 765 29 18 att

211 789 69 20 afliden
302 790 138 26 förmyndares
458 791 100 24 arfvingar
575 790 62 20 borde
654 790 50 19 vaka
718 790 56 19 öfvar
788 790 38 20 den
840 790 117 25 omyndiges

212 816 97 25 egendom
323 817 39 19 och
375 817 40 19 rätt
428 817 26 19 till
470 817 47 19 dess
532 822 62 14 annan
608 816 127 26 förmyndare
749 816 66 20 blefve
829 816 74 25 tillsatt,
916 816 43 19 haf-

212 847 23 14 va
253 843 110 20 StänJlerna
380 845 48 17 trott
445 843 48 19 böra
510 844 58 24 göras
583 843 86 26 gällande
683 844 59 19 äfven
755 843 29 20 uti
798 843 33 20 det
845 843 6 19 i
865 843 11 20 9
892 843 10 25 $
916 847 42 15 om-

211 869 83 20 nämnda
308 870 39 24 fall,
363 869 23 20 då
402 869 125 26 förmyndare
541 870 35 25 gör
590 869 85 20 cession.
903 878 1 3 )

265 896 8 19 I
287 896 61 19 andra
362 898 110 17 momentet
486 897 21 18 af
520 897 23 19 11
559 896 10 25 $
583 896 80 25 stadgas
677 898 34 23 att,
727 901 33 14 om
770 896 37 19 ock
818 895 48 20 tvist
875 895 84 26 uppstår

211 927 35 14 om
258 921 63 27 någon
334 922 30 20 del
378 923 21 18 af
409 923 116 25 omyndiges
535 923 79 20 fordran
623 923 36 18 hos
669 923 133 26 förmyndare,
814 923 38 19 den
861 922 98 20 förmäns-

211 949 44 23 rätt,
271 955 45 13 som
329 949 81 25 lagligen
424 949 120 19 tillkommer
561 949 39 19 den
618 949 58 23 förre,
692 949 59 20 likväl
766 949 45 19 icke
825 949 64 19 skulle
904 949 53 20 hvad

211 974 33 20 det
257 975 94 26 ostridiga
365 974 61 26 angår
439 976 50 24 gälla
506 976 67 26 längre
589 977 24 17 än
628 975 5 19 i
648 978 27 16 ett
689 974 34 21 års
737 975 35 20 tid.
802 976 43 19 Men
860 975 5 19 i
880 975 31 19 fall
927 981 31 14 re-

210 1000 109 27 dovisning,
336 1007 43 14 som
393 1001 108 21 innehåller
515 1002 52 20 både
581 1002 79 24 stridiga
671 1002 38 19 och
720 1002 93 25 ostridiga
824 1004 75 23 poster,
908 1000 50 22 blef-

211 1030 25 16 ve
253 1028 80 20 föremål
351 1028 30 19 för
397 1028 110 26 rättegång,
526 1031 52 17 samt
595 1028 126 25 förmyndare
738 1028 86 25 vägrade
839 1030 28 17 att
880 1028 77 25 utgifva

211 1053 34 20 det
265 1055 100 25 ostridiga,
387 1054 57 19 innan
461 1055 38 19 den
516 1055 98 24 afslutats,
634 1054 21 20 så
670 1054 73 26 kunde,
759 1054 46 20 med
820 1054 104 26 anledning
938 1054 22 20 at

211 1082 28 17 ett
259 1080 64 26 dylikt
342 1080 115 26 stadgande,
480 1081 38 19 den
538 1080 143 27 myndigblifne
699 1081 85 25 pupillen
798 1084 47 16 utan
860 1083 45 23 eget
918 1082 40 19 för-

211 1106 90 20 vållande
314 1108 35 18 lätt
363 1106 23 26 gå
401 1107 89 26 förlustig
504 1107 30 19 sin
549 1106 128 20 förmånsrätt
690 1108 30 19 för
731 1107 35 19 det
777 1107 104 25 ostridiga;
897 1107 61 20 hvar-

211 1133 42 19 före
267 1134 109 19 Ständerna
389 1138 49 14 anse
451 1134 55 19 detta
520 1136 89 18 moment
622 1134 48 19 böra
685 1133 42 20 från
742 1134 94 24 förslaget
848 1133 54 26 utgå.
927 1134 31 20 Li-

210 1159 49 20 kaså
279 1160 59 19 hafva
359 1159 115 26 Ständerna,
493 1160 30 19 för
538 1160 29 19 sin
584 1160 38 24 del,
642 1160 80 20 beslutit
740 1165 24 14 en
779 1160 81 25 ändring
874 1161 22 19 af
908 1160 49 20 sista

211 1188 108 17 momentet
335 1186 6 19 i
358 1192 77 14 samma
452 1186 16 26 $,
488 1186 83 20 emedan
588 1186 109 20 Ständerna
714 1186 74 25 befara,
805 1189 27 17 att
846 1187 54 19 detta
915 1192 42 14 mo-

211 1215 60 22 ment,
294 1212 70 20 sådant
384 1213 34 19 det
439 1213 57 26 lyder
514 1213 5 19 i
536 1213 99 26 förslaget,
652 1214 64 19 skulle
730 1213 52 26 gifva
797 1214 101 25 antedning
912 1214 46 19 der-

211 1239 33 25 till,
261 1241 28 17 att
303 1238 79 27 myndig
396 1239 74 20 blifven
484 1239 67 26 pupill,
568 1245 43 14 som
625 1240 81 19 komme
720 1242 29 17 att
763 1239 109 21 bibehållas
882 1240 34 20 vid
926 1240 30 20 sin

211 1265 126 19 förmånsrätt
357 1265 61 21 sedan
440 1266 37 19 han
496 1266 21 19 af
532 1266 140 26 förmyndaren
686 1266 109 26 bevisligen
809 1265 75 21 fordrat
899 1266 58 20 redo-

213 1291 75 24 visning
302 1292 29 18 för
345 1292 29 18 sin
389 1292 104 24 egendom,
509 1292 66 18 kunde
589 1293 50 18 efter
653 1293 45 18 aftal
714 1292 47 19 med
771 1293 139 24 förmyndaren
917 1294 39 17 och

212 1316 26 20 till
253 1316 75 25 förfång
342 1316 30 20 för
385 1317 75 19 dennes
474 1318 62 24 öfrige
550 1317 125 25 borgenärer,
687 1317 39 20 låta
737 1318 31 19 sin
778 1317 129 25 prioriterade
917 1318 39 19 for-

211 1342 50 19 dran
275 1341 78 20 innestå
367 1344 37 18 hos
418 1343 148 26 förmyndaren,
586 1344 61 19 sedan
664 1344 38 19 han
717 1344 29 18 för
760 1343 60 20 skens
835 1344 50 20 skull
901 1344 58 19 affor-

211 1368 45 20 drat
276 1368 74 20 honom
369 1369 134 25 redovisning.
532 1369 121 27 Stadgandet
670 1370 4 18 i
691 1369 54 21 detta
762 1374 94 22 moment,
876 1373 28 17 att
919 1370 39 20 för-

211 1394 121 20 månsrätten
354 1396 57 20 äfven
431 1401 49 14 vore
497 1396 104 26 försutten,
621 1400 33 16 om
671 1396 44 25 den,
733 1401 45 15 som
792 1397 63 20 blifvit
868 1397 87 26 myndig,

211 1422 45 19 icke
269 1422 52 19 inom
335 1425 30 17 tre
379 1422 23 20 år
415 1422 87 20 derefter
517 1422 20 19 af
550 1423 139 27 förmyndaren
704 1423 78 20 erhållit
796 1424 47 20 eller
856 1424 58 19 eskat
927 1428 31 16 re-
