1000 1823
281 114 72 24 Nådiga
364 117 141 23 Propositionen
517 117 37 20 N:o
566 119 28 17 12.
774 120 33 20 241

66 163 30 21 för
109 164 77 30 andras
196 164 101 22 förförelse
311 166 47 20 eller
372 172 50 20 egen
436 167 91 26 svaghet.
557 168 26 20 På
597 169 37 20 alla
648 169 60 21 dessa
717 170 41 20 skäl
769 171 37 20 har

65 190 90 21 Komitén
170 197 16 19 ej
201 192 82 20 allenast
297 194 48 18 trott
357 193 30 26 sig
400 194 66 20 kunna
479 194 110 25 förutsätta,
604 198 27 17 att
640 196 108 20 tukthusen
756 197 50 20 blef-

65 223 26 13 ve
105 218 96 25 uppförda
215 217 11 20 å
240 218 62 21 sådan
319 222 40 22 ort,
378 220 36 19 der
430 221 73 19 tillfälle
520 221 28 20 till
563 220 119 26 jordbruks-
699 224 38 18 och
752 224 53 20 träd-

63 243 145 25 gårdsarbeten
222 244 79 20 komme
318 248 28 17 att
362 246 70 24 finnas,
450 250 47 16 utan
513 248 58 19 äfven
587 248 110 26 ifrågasatt,
716 252 30 17 att
761 250 44 19 hela

64 269 129 27 fångklasser,
210 271 47 20 eller
270 272 55 19 delar
338 272 20 19 af
366 272 83 24 sådana,
469 273 63 20 skulle
544 274 63 19 under
621 275 110 26 bevakning
739 273 66 23 kunna

63 296 25 26 på
103 297 66 25 längre
183 297 47 20 eller
243 298 79 20 kortare
337 298 27 20 tid
380 299 98 25 förflyttas
494 300 27 20 till
538 300 80 25 ställen,
636 306 45 14 som
697 307 49 13 vore
761 307 44 14 mer

63 323 48 19 eller
124 323 77 20 mindre
213 324 87 26 aflägsna
313 323 49 21 ifrån
372 324 34 20 det
415 326 95 25 egentliga
520 325 109 26 tukthuset,
641 327 29 19 för
679 329 29 18 att
716 327 36 20 der
760 333 46 21 sys-

62 350 94 20 selsättas
170 350 46 20 med
228 349 192 25 jordbruksarbeten
434 352 48 19 eller
494 358 62 14 annan
571 353 129 20 verksamhet
701 345 10 34 i
723 354 35 19 fria
767 354 38 20 luf-

62 377 40 19 ten.
131 376 28 20 En
174 376 60 20 sådan
248 376 121 27 förflyttning
380 378 65 20 skulle
460 378 16 25 ej
491 379 85 20 behöfva
588 379 89 20 medföra
686 380 63 26 någon
758 386 47 20 syn-

62 403 62 27 nerlig
143 403 96 20 afvikelse
255 402 51 22 ifrån
322 404 38 20 Jen
377 404 30 20 för
423 405 176 27 tukthusfängarne
618 406 59 25 eljest
696 407 108 25 föreslagna

62 429 166 27 lefnadsordning,
247 430 37 20 ifall
301 436 47 14 man
365 431 97 25 nemligen
479 432 29 19 för
525 432 117 26 flyttningen
659 433 38 19 och
715 433 62 20 sedan
793 433 11 20 å

61 456 135 21 arbetsstället
210 457 111 25 begagnade
336 457 29 26 sig
378 458 21 20 af
412 458 109 26 cellvagnar
530 458 38 20 och
578 458 72 20 sädana
660 460 144 25 transportabla

61 483 161 31 cellbyggnader,
238 490 44 13 som
297 485 5 19 i
316 484 64 20 Irland
394 484 63 20 blifvit
470 485 5 18 i
490 485 65 26 dylika
569 485 31 20 fall
615 485 84 21 anlitade
713 488 52 18 samt
776 487 29 19 äf-

63 514 37 16 ven
114 516 6 13 i
134 510 79 20 Finland
227 510 62 20 borde
302 510 64 20 under
380 511 26 19 Je
420 510 74 21 blidare
503 511 109 21 ärstiderna
621 512 65 20 kunna
695 512 108 21 användas.

62 535 91 22 Komitén
167 536 109 20 föreställer
289 537 36 26 sig,
340 539 29 17 att
382 538 83 24 manliga
479 538 73 26 fångar,
568 544 43 14 som
626 538 52 20 förut
692 539 52 19 varit
750 537 54 27 jord-

62 562 86 21 brukare
162 563 49 20 eller
227 563 112 26 daglönare,
358 562 80 22 sålunda
455 564 66 20 kunde
538 564 24 26 pä
580 567 28 17 ett
624 565 30 19 för
670 565 47 20 dem
733 564 71 26 sjelfve

61 590 72 26 nyttigt
146 590 39 19 och
199 590 109 20 helsosamt
325 593 53 16 samt
391 591 30 19 för
434 590 66 20 landet
508 591 97 26 gagneligt
616 593 40 17 sätt
665 592 101 20 användas
775 592 28 20 till

60 616 158 26 oullingsarbeten
232 617 38 19 och
285 616 60 21 andra
358 618 80 19 allmänt
450 618 80 26 nyttiga:
539 618 81 26 företag,
636 618 6 19 i
656 618 65 20 stället
731 618 30 20 för
774 620 29 18 att

61 642 6 20 i
81 643 153 20 straffanstalten
249 644 128 26 sysselsättas
390 643 47 20 med
447 644 115 26 handtverk,
578 644 58 20 hvari
644 644 26 20 de
679 644 70 20 endast
756 645 48 20 nöd-

61 669 74 27 torftigt
149 670 65 20 kunde
228 670 71 20 inläras
313 670 39 20 och
365 670 21 20 af
398 669 67 21 hvilka
474 670 25 20 de
508 670 50 20 efter
566 670 124 26 frigifvandet
699 671 46 19 intet
754 676 49 21 gagn

60 696 66 20 skulle
144 696 66 20 hafva.
241 697 67 19 Under
324 696 38 20 den
379 697 75 19 kallare
470 696 87 21 årstiden
574 697 64 20 kunde
655 697 149 25 ifrågavarande

61 722 67 27 fångar
142 723 91 21 deremot
247 725 28 18 uti
289 723 104 21 tukthuset
407 724 127 25 sysselsättas
548 724 47 20 med
612 724 137 25 handaslöjler
766 725 37 19 och

59 750 61 20 andra
135 750 27 20 till
177 756 24 14 en
213 749 143 26 jordbrukares
370 750 69 20 hemlif
451 750 86 20 hörande
550 751 180 26 sysselsättningar.

114 777 40 20 6:0.
182 776 112 27 Fängarnes
313 776 158 26 arbetsförtjenst
491 777 83 21 tillfaller
597 777 86 25 kronan;
709 783 46 14 men
776 778 27 20 till

60 806 134 24 uppmuntran
208 804 30 19 för
251 804 47 20 dem
311 806 29 18 att
353 803 63 27 fortgå
431 804 5 19 i
450 804 85 26 bättring
548 806 52 18 samt
614 804 30 20 för
652 804 152 20 underlättande

60 831 22 19 af
96 830 60 20 deras
172 830 119 21 äterinträde
306 831 6 19 i
328 831 104 20 samhället
448 831 39 19 kan
504 830 20 20 ät
541 830 76 26 fångar,
635 836 45 14 som
694 831 60 20 redan
768 831 38 20 till-

61 856 57 27 bragt
133 856 64 27 någon
213 856 28 21 tid
257 857 6 19 i
279 857 104 20 tukthuset
400 856 38 20 och
451 857 36 20 der
500 856 102 27 ådagalagt
615 857 47 26 godt
674 858 128 25 uppförande,

60 883 64 26 gifvas
142 890 24 13 en
184 883 149 27 veckopenning
348 884 21 19 af
384 884 62 25 ringa,
465 889 46 14 men
531 884 34 20 vid
585 883 69 25 hvarje
674 884 130 26 uppflyttning

60 910 120 20 tillvexande
194 910 78 26 belopp,
286 910 48 20 eller
348 910 36 20 ock
399 910 91 26 rättighet
503 913 29 17 att
545 916 71 20 genom
630 910 67 20 arbete
711 910 30 20 för
754 916 50 21 egen

61 937 80 25 vinning
155 937 63 20 under
232 943 25 14 en
270 937 136 20 arbetstimme
422 943 32 14 om
468 937 62 26 dagen
544 937 48 20 söka
607 936 82 26 förtjena
701 937 30 26 sig
741 936 63 26 nägon

61 963 100 26 obetydlig
174 963 95 20 inkomst.
298 963 29 21 Då
341 963 38 20 den
393 964 61 26 lägsta
468 963 132 26 fängklassen,
616 969 45 14 som
675 963 28 20 till
716 966 42 17 stor
772 963 32 20 del

61 990 81 20 komme
159 993 28 16 att
204 990 56 21 bestå
277 990 20 20 af
312 990 116 20 tukthuseis
445 990 87 25 afskum,
552 995 48 14 vore
617 990 124 26 undantagen
762 989 42 21 från

61 1017 63 20 denna
141 1016 85 26 förmån,
245 1017 22 20 sä
285 1017 62 20 skulle
364 1017 54 20 detta
432 1017 29 20 för
474 1017 25 20 de
513 1018 64 19 bättre
592 1017 6 18 i
610 1017 81 20 klassen
704 1017 58 20 äfven
776 1017 30 19 in-

61 1043 73 21 nebära
148 1050 25 13 en
188 1045 78 26 eggelse
280 1045 28 18 att
321 1044 46 26 göra
382 1043 29 26 sig
425 1043 91 26 förtjente
529 1043 21 20 af
561 1043 133 26 uppflyttning
706 1044 27 19 till
743 1043 60 20 andra

60 1070 88 20 klassen.
164 1071 42 19 Den
219 1071 132 25 sparpenning
364 1075 45 14 som
422 1069 92 26 fångarne
528 1069 81 21 sålunda
621 1070 67 19 kunde
697 1070 106 25 förvärfva,

60 1097 66 20 skulle
142 1096 78 21 således
237 1097 58 26 enligt
311 1097 105 20 Komiténs
434 1096 66 25 tanke,
519 1096 45 20 icke
584 1097 82 19 allenast
685 1098 120 24 uppmuntra

61 1123 55 20 dem-
125 1123 26 20 till
169 1125 28 17 ett
214 1124 47 25 godt
277 1123 121 26 uppförande
418 1124 38 18 och
477 1122 81 21 sålunda
579 1122 87 26 bibringa
687 1123 47 20 dem
753 1128 52 14 vana

60 1149 80 25 dervid,
160 1152 46 17 utan
220 1151 58 19 äfven
292 1155 48 14 vara
354 1150 46 20 dem
414 1149 26 20 till
455 1149 108 26 synnerligt
576 1154 48 21 gagn
638 1148 63 21 under
715 1149 37 19 den
766 1149 39 19 för-

61 1178 31 18 sta
108 1176 53 20 tiden
178 1176 50 20 efter
245 1176 60 20 deras
319 1175 119 21 återinträde
452 1176 5 18 i
471 1176 111 24 samhället,
598 1175 24 20 då
636 1176 26 20 de
675 1175 60 23 oftast
748 1175 57 20 torde

62 1201 18 20 få
95 1203 47 19 röna
155 1202 132 20 misstroende
301 1203 48 19 eller
362 1202 82 25 oginhet
456 1202 22 19 af
490 1202 59 20 andra
561 1206 96 20 personer
666 1204 53 17 samt
727 1201 78 20 derföre

61 1228 66 20 kunna
141 1234 48 14 vara
204 1230 5 18 i
223 1228 60 20 behof
295 1230 21 18 af
328 1234 24 14 en
366 1229 61 19 sådan
441 1228 121 26 tärpenning.

116 1256 40 18 7:0.
185 1256 57 26 Ingen
260 1255 57 26 fånge
334 1254 29 20 får
380 1256 5 18 i
402 1255 102 20 tukthuset
521 1254 111 26 gvarhällas
648 1255 79 19 utöfver
743 1254 38 20 den
797 1254 6 19 i

62 1282 128 20 straffdomen
204 1282 103 20 bestämda
321 1282 59 25 tiden,
397 1288 33 13 om
445 1281 38 20 han
498 1285 23 17 än
535 1280 43 20 icke
592 1281 119 25 fullständigt
725 1286 79 19 genom-

62 1308 41 26 gått
120 1309 202 25 ensamhetsfängelse
340 1308 47 20 eller
405 1308 154 25 fångklasserne.
588 1308 58 19 Detta
660 1309 23 18 är
696 1310 25 16 en
736 1306 21 20 så
771 1312 33 26 na-

62 1335 59 26 turlig
134 1335 79 20 fordran
228 1336 20 18 af
261 1335 92 25 rättvisa,
369 1338 28 16 att
410 1334 115 20 densamma
539 1334 45 20 icke
597 1334 63 20 skulle
674 1334 84 19 behöfva
772 1339 32 23 så-

62 1367 45 15 som
124 1362 106 25 grundsats
248 1361 121 26 framhållas,
386 1362 38 19 ifall
438 1361 38 20 den
491 1362 43 19 icke
548 1361 52 19 hade
613 1360 64 20 blifvit
691 1360 92 20 förnekad
798 1365 5 13 i

63 1388 68 26 Kongl.
148 1389 77 19 brefvet
239 1389 20 19 af
271 1389 39 19 den
325 1388 11 20 8
351 1387 36 25 Maj
403 1388 58 19 1754.
729 1412 49 4 oo

117 1415 40 19 8:0.
186 1415 50 20 Före
249 1414 121 21 strafftidens
384 1413 72 27 utgång
471 1414 29 20 får
511 1415 91 19 deremot
611 1414 90 24 vilkorlig
709 1413 96 26 frigifning

740 1445 23 16 16
