998 1761
194 117 41 34 342
412 120 71 23 Nådiga
495 119 140 24 Propositionen
647 119 36 17 N:o
695 118 28 17 13.

200 177 25 14 en
239 170 116 26 hänvisning
369 170 25 20 till
409 170 26 20 60
450 170 15 26 $,
482 170 36 20 der
532 169 69 25 högsta
615 169 92 24 beloppet
716 167 21 19 af
745 165 120 21 sistnämnda
875 164 64 20 straff-

200 201 31 17 art
244 197 64 20 finnes
322 197 100 20 bestämdt
436 197 26 20 till
477 195 96 27 tjuguåtta
587 195 66 26 dagar.

254 223 29 20 Då
299 223 35 20 det
350 223 6 19 i
373 223 24 20 59
415 223 10 25 $
440 223 25 20 till
480 228 24 14 en
518 222 38 25 dag
570 222 109 24 föreslagna
693 220 73 20 minsta
780 220 71 24 belopp
865 217 20 20 af
898 218 42 19 fän-

201 250 113 27 gelsestraff
325 251 58 25 synts
397 249 105 20 ständerne
516 254 48 14 vara
578 247 63 20 alltför
655 247 97 24 kraftlöst,
764 247 59 18 hafva
833 244 106 21 ständerne

200 279 66 18 ansett
281 277 28 25 sig
324 276 47 20 böra
384 275 79 25 föreslå,
477 278 27 17 att
513 275 104 19 minimum
626 274 21 19 af
654 274 53 19 detta
717 272 56 21 straff
781 272 63 20 skulle
853 272 86 28 bestäm-

199 309 43 14 mas
259 303 25 19 till
304 306 30 16 tre
350 302 67 26 dagar,
433 301 69 20 såsom
515 302 59 19 äfven
588 306 33 18 nu,
638 300 58 25 enligt
710 300 11 19 8
735 299 89 26 punkten
838 298 20 20 af
870 297 68 30 Kongl.

199 329 138 26 Förklaringen
351 328 37 20 den
403 329 26 19 23
443 328 52 20 Mars
511 328 58 24 1807,
585 328 21 18 är
620 327 53 19 fallet
686 327 5 19 i
706 325 53 26 fråga
774 331 33 14 om
821 326 67 19 böters
901 324 38 19 för-

200 356 81 25 ändring
295 356 27 19 till:
336 355 66 20 enkelt
416 355 92 25 fängelse.

254 382 25 21 Af
292 387 77 15 samma
383 382 41 19 skäl
440 382 58 19 hafva
512 381 107 19 ständerne
632 380 58 20 äfven
705 381 64 18 ansett
783 379 24 19 60
823 378 10 25 $
846 378 48 20 böra
904 383 35 13 un-

200 409 60 27 dergå
274 415 26 14 en
313 409 62 20 sådan
389 408 117 27 förändring,
522 411 28 16 att
563 407 71 20 minsta
647 407 27 20 tid
689 407 29 19 för
733 405 86 26 fängelse
829 405 32 20 vid
872 407 66 18 vatten

201 436 38 21 och
253 436 49 20 bröd
316 435 73 24 blefve,
404 435 6 19 i
424 435 85 25 enlighet
522 435 45 19 med
582 435 12 18 4
608 434 10 25 $
634 435 10 18 5
659 434 44 25 kap.
721 434 24 27 Se
757 433 29 23 B.,
803 431 91 21 bestämu
912 432 25 19 till

201 464 44 26 fyra
259 463 66 25 dagar,
341 461 91 20 hvarföre
446 462 58 19 äfven
517 462 38 19 den
569 462 5 18 i
590 461 24 20 60
629 461 10 24 $
652 460 110 25 föreslagna
772 459 52 20 tariff
832 459 29 19 för
871 459 67 19 böters

201 489 112 26 förändring
327 489 25 19 till
367 488 121 20 sistnämnda
502 487 57 20 straff
570 487 62 20 borde
646 487 71 20 ändras
734 485 90 26 sålunda,
840 488 28 17 att
882 486 57 19 böter

202 516 25 20 till
237 516 37 19 och
282 515 46 20 med
335 515 25 20 tio
371 515 54 19 daler
435 515 61 20 skulle
506 520 58 14 svara
574 516 40 17 mot
624 514 44 26 fyra
677 513 70 25 dagars
758 513 88 24 fängelse
855 512 34 19 vid
898 514 41 17 vat-

201 545 34 17 ten
250 543 38 18 och
297 541 57 24 bröd;
363 546 47 15 men
419 541 29 20 för
457 541 57 26 öfrigt
521 541 58 19 hafva
586 541 105 19 ständerne
699 539 85 26 godkänt
789 539 84 19 nämnde
880 538 58 20 tariff.

202 569 94 20 Deremot
309 570 23 17 är
345 568 33 20 det
391 567 66 25 nödigt
470 570 29 17 att
512 567 89 26 lydelsen
615 567 21 19 af
643 567 48 19 sista
700 565 123 20 momentet
815 561 10 37 i
833 565 25 20 60
867 565 11 25 $
887 565 52 19 brin-

202 601 35 20 gas
251 594 26 21 till
292 594 208 20 öfverensstämmelse
512 594 47 19 med
573 592 38 20 den
624 592 117 26 förändring,
759 597 44 14 som
818 592 24 19 63
857 591 10 25 $
882 591 58 25 enligt

202 622 115 20 ständernes
332 619 51 27 åsigt
395 620 62 20 borde
470 620 95 24 undergå.

253 647 29 21 Då
300 646 104 20 ständerne
421 646 29 19 för
467 647 30 19 sin
514 646 30 20 del
562 648 65 18 ansett
643 644 126 22 dödsstraffet
785 645 47 20 böra
847 644 40 20 helt
901 644 38 20 och

201 674 59 21 hållet
272 673 119 26 upphäfvas,
407 676 53 16 samt
473 673 6 19 i
493 672 157 26 propositionens
665 673 24 19 10
705 672 38 20 och
757 672 23 20 11
792 671 148 25 (motsvarande

202 700 117 21 ständernes
332 700 13 19 9
359 700 38 19 och
411 700 32 24 10)
459 700 21 25 $$
495 701 84 18 ersättas
588 704 70 21 genom
668 698 95 27 tjuguätta
773 698 71 26 dagars
853 698 86 25 fängelse

202 728 33 20 vid
248 730 68 17 vatten
330 727 37 19 och
381 726 49 20 bröd
445 728 50 18 samt
509 726 140 20 tukthusstraff
660 725 25 26 pä
697 725 67 25 lifstid,
775 724 22 20 sä
807 724 71 20 föreslä
888 726 52 18 stän-

202 754 61 20 derne
282 753 43 25 ock,
344 753 26 19 till
389 751 44 26 följe
451 753 61 25 häraf,
531 756 28 16 att
579 753 3 19 1
600 758 59 14 mom.
675 752 5 19 i
695 753 25 19 63
735 752 16 25 $,
768 757 43 14 som
825 752 116 18 förutsätter

202 780 138 21 dödsstraffets
355 778 142 25 bibehållande,
514 778 63 21 skulle
590 778 52 27 utgå,
659 782 52 16 samt
725 781 28 17 att
767 779 11 19 2
793 783 62 15 mom.
870 778 6 19 i
889 783 51 14 sam-

201 812 33 15 ma
251 806 92 26 paragraf
354 806 66 20 blefve
434 806 112 20 förändradt
560 806 27 19 till
601 806 208 20 öfverensstämmelse
823 805 45 19 med
883 804 25 20 Je
921 804 21 19 af

203 834 107 20 ständerne
323 833 109 25 föreslagna
446 834 12 18 9
473 834 39 18 och
527 833 25 19 10
566 832 27 26 $$.

255 860 70 20 Ehuru
339 859 104 20 ständerne
457 860 5 19 i
476 860 105 19 allmänhet
594 859 84 25 gödkänt
691 858 110 20 motiverne
810 858 31 20 för
849 858 39 20 Jen
898 858 5 19 i
914 858 25 19 75

203 886 10 26 $
226 887 109 25 föreslagna
349 885 80 26 ändring
443 886 20 19 af
476 885 11 20 2
503 885 9 26 $
528 886 8 19 1
553 885 45 25 kap.
614 886 21 20 S.
650 886 29 25 B.,
695 885 58 20 hafva
766 885 106 19 ständerne
881 884 57 20 likväl

203 915 42 18 mot
262 913 48 19 sista
327 914 108 18 momentet
452 912 4 19 i
475 912 25 20 75
517 911 10 26 $
544 912 96 24 anmärkt,
658 911 17 26 ej
693 913 82 19 allenast
789 914 28 17 att
831 911 53 20 detta
899 916 41 14 mo-

202 942 54 18 ment
273 940 113 19 förutsätter
403 938 138 20 dödsstraffets
558 938 141 26 bibehållande,
718 942 46 16 utan
779 939 58 19 äfven
851 941 28 16 att
892 938 47 19 dess

202 966 77 26 lydelse
298 966 67 19 kunde
384 965 52 26 gifva
457 965 102 26 anledning
576 965 25 19 till
617 964 118 26 erbjudande
749 966 38 18 och
800 966 107 25 antagande
921 965 20 19 af

203 992 74 27 borgen
291 992 17 26 ej
322 992 76 20 mindre
413 992 34 20 vid
460 992 60 24 brott,
536 998 44 14 som
590 990 19 21 fä
618 992 89 20 försonas
717 992 46 20 med
773 992 62 25 böter,
847 994 24 18 än
880 991 60 20 ocksä

204 1019 32 20 vid
250 1019 72 20 sådana
336 1019 135 25 förbrytelser,
487 1024 44 14 som
545 1020 33 18 äro
592 1018 82 26 belagda
683 1018 46 20 med
739 1018 146 26 fängelsestraff
894 1018 46 20 eller

202 1046 87 26 fängelse
306 1045 34 20 vid
357 1047 67 17 vatten
441 1046 38 18 och
493 1045 56 20 bröd.
578 1045 43 19 Men
636 1050 43 14 som
693 1046 74 25 borgen
781 1045 27 19 uti
822 1045 59 20 dessa
895 1045 46 19 sist-

203 1072 86 20 nämnda
303 1072 30 20 fall
349 1072 44 19 icke
407 1072 63 19 skulle
485 1077 35 20 ega
530 1071 62 26 någon
602 1072 89 25 praktisk
702 1072 108 26 betydelse,
823 1075 52 16 samt
884 1072 58 19 hvar-

202 1099 39 19 ken
257 1098 26 20 de
299 1098 136 26 förbrytelser,
454 1104 43 14 som
515 1100 35 17 äro
563 1098 83 26 belagda
660 1098 81 20 allenast
756 1098 45 20 med
815 1099 62 24 böter,
894 1098 47 20 eller

202 1125 31 25 de,
257 1130 44 14 som
320 1124 105 20 bestraffas
442 1125 46 19 med
505 1125 85 25 fängelse
607 1125 47 19 eller
671 1126 86 24 fängelse
774 1126 33 19 vid
821 1127 68 17 vatten
903 1126 37 18 och

202 1151 56 24 bröd,
277 1153 34 17 äro
327 1151 21 19 af
363 1150 38 20 den
419 1150 82 20 svårare
515 1150 142 24 beskaffenhet,
673 1154 28 16 att
715 1150 62 26 någon
791 1152 41 18 fara
847 1152 29 18 för
890 1157 51 13 sam-

202 1177 58 20 hället
273 1177 67 20 kunde
354 1176 72 26 uppstå
440 1177 62 23 deraf,
519 1179 29 17 att
562 1182 23 14 en
600 1176 30 19 för
643 1177 70 20 sådant
727 1177 53 20 brott
794 1177 90 25 angifven
896 1182 45 19 per-

202 1209 35 14 son
252 1203 53 25 finge
318 1203 63 20 under
394 1203 183 25 ransakningstiden
592 1203 61 19 vistas
667 1203 11 20 å
692 1203 24 20 fri
730 1203 34 20 fot,
780 1203 22 20 så
816 1203 58 20 hafva
889 1205 52 18 stän-

202 1229 60 20 derne
280 1230 29 19 för
325 1229 30 20 sin
369 1229 30 20 del
414 1232 65 17 ansett
499 1230 5 19 3
519 1235 61 14 mom.
596 1229 5 19 i
617 1229 24 20 75
656 1229 10 25 $
680 1230 64 19 kunna
759 1229 52 26 utgå,
828 1235 45 14 men
887 1230 5 18 i
907 1235 34 20 pa-

202 1255 89 27 ragrafen
305 1254 97 27 derjemte
416 1255 48 20 böra
477 1256 128 19 bestämdare
618 1257 78 24 uttalas,
712 1259 29 17 att
751 1262 24 14 en
785 1257 56 24 hvar,
853 1261 43 14 som
907 1257 33 19 be-

202 1281 42 26 gått
258 1282 59 25 något
329 1282 65 25 gröfre
408 1282 59 24 brott,
483 1281 62 20 hvarå
562 1282 139 20 tukthusstraff
712 1283 39 19 kan
765 1282 51 25 följa,
833 1282 49 20 skall
892 1283 49 19 ovil-

202 1309 87 24 korligen
303 1308 77 19 häktas.
759 1307 2 2 |

255 1334 66 19 Jemte
335 1333 32 20 det
381 1334 107 19 ständerne
502 1334 5 19 i
522 1335 106 18 allmänhet
641 1335 52 24 gillat
703 1335 24 19 77
738 1335 17 24 $,
767 1335 58 18 hafva
835 1335 106 18 ständerne

202 1359 70 21 härvid
287 1360 71 20 endast
372 1360 41 19 haft
427 1363 28 16 att
469 1362 50 18 rätta
534 1366 24 13 en
571 1360 142 26 misskrifning,
729 1361 127 26 hvarigenom
870 1361 68 25 Kongl.

202 1386 79 20 Brefvet
295 1387 20 19 af
328 1386 37 20 den
379 1387 25 19 22
419 1387 53 25 Mars
487 1387 50 19 1803
553 1388 50 18 orätt
618 1388 105 25 uppgifvits
739 1393 47 14 vara
795 1386 100 21 utfärdadt
903 1387 38 20 den

202 1413 25 20 23
245 1413 52 20 Mars
314 1418 75 15 samma
406 1412 29 30 år,
455 1416 53 17 samt
524 1416 28 17 att
569 1414 100 25 anmärka,
688 1414 34 20 det
735 1414 148 26 propositionen
897 1414 43 20 icke
