1006 1781
281 124 70 22 Nådiga
362 126 140 22 Propositionen
514 126 36 18 N:o
562 126 17 17 6.
771 126 31 19 105

60 174 108 26 anmärkts,
184 177 28 17 att
226 174 39 20 den
278 174 7 20 i
299 175 54 20 detta
374 181 61 15 mom.
457 176 162 20 förekommande
639 176 5 20 i
665 176 38 20 och
723 177 30 19 för
772 178 29 25 sig

58 201 104 25 olämpliga
177 201 165 27 inskränkningen
357 208 48 14 vore
419 202 22 21 så
456 203 82 26 mycket
551 203 116 26 onödigare,
683 209 44 14 som
747 203 34 21 det
796 205 5 19 i

58 233 62 14 mom.
136 229 10 18 1
162 229 78 25 intagna
254 228 38 20 och
306 230 22 18 af
340 229 99 19 Utskottet
452 230 105 26 tillstyrkta
571 229 117 21 förbehållet
697 236 32 13 om
740 233 61 17 stom-

57 259 57 14 mens
128 254 120 20 fortfarande
262 254 129 26 sjelfbeständ
405 256 93 19 innebure
512 257 23 19 ali
550 256 39 20 den
601 257 81 25 garanti,
694 262 44 14 som
748 262 53 15 sam-

58 280 61 20 hället
132 280 86 26 skäligen
232 281 39 19 kan
285 282 73 24 fordra;
374 282 38 19 och
426 282 59 20 hafva
498 282 61 20 dessa
573 282 42 20 skål
630 285 57 24 synts
700 283 35 19 det
750 284 51 18 stör-

57 312 22 14 re
93 308 74 19 antalet
180 308 122 25 deputerade
319 308 44 20 från
379 308 34 20 två
427 309 21 19 af
460 308 87 21 Stånden
563 314 46 14 vara
623 310 21 18 af
655 309 39 20 den
708 309 49 26 vigt,
772 312 29 17 att

56 333 26 21 de
95 334 45 20 icke
154 334 74 20 kunnat
245 334 102 22 underlåta
368 337 28 17 att
417 335 70 21 föreslå
508 338 29 18 att
556 334 151 27 ifrågavarande
727 342 71 18 mom.,

56 360 62 21 hvars
133 360 85 21 sednare
232 361 32 20 del
278 361 37 20 blir
328 361 121 27 öfverflödig,
465 362 37 20 ifall
517 362 39 20 den
572 362 53 20 förra
639 362 75 26 ogillas,
736 363 64 23 skulle

56 386 42 21 helt
112 388 39 20 och
164 386 61 22 hållet
238 387 46 26 utgå
298 394 24 14 ur
335 388 39 20 den
388 387 99 22 blifvande.
500 389 144 26 författningen.
659 390 96 19 Deremot
763 390 37 20 har

53 414 84 20 flertalet
150 414 21 20 af
186 414 110 20 Utskottets
317 415 132 21 medlemmar
470 415 42 20 från
533 416 25 20 de
571 416 41 19 :två
632 416 60 26 öfriga
713 415 87 21 Stånden

53 440 55 21 hållit
120 441 43 20 före
176 444 28 17 att
218 440 117 22 förbehållet
348 448 33 14 om
395 442 38 20 Jen
447 442 118 20 afsöndrade
579 442 94 20 markens
687 443 51 19 areal
751 448 48 15 vore

52 468 120 25 nödvändigt
186 468 29 20 för
229 470 28 18 att
271 469 104 20 motverka
389 468 134 26 uppkomsten
543 469 20 19 af
579 469 63 20 alltför
663 468 43 20 små
726 468 73 26 jordlä-

54 494 101 26 genheter,
170 494 26 20 de
210 494 36 21 der
260 496 90 20 hvarken
364 501 48 14 vore
433 495 43 21 sina
496 502 59 20 egare
575 496 49 19 eller
645 496 106 20 samhället
771 495 28 22 till

54 521 84 26 verkligt
152 527 60 21 gagn;
228 522 6 19 i
247 522 130 20 betraktande
391 522 72 20 hvaraf
475 523 40 19 och
526 521 25 22 då
565 522 25 20 de
604 522 6 20 i
624 528 61 14 mom.
699 522 100 26 medgifna

56 548 124 26 undantagen
195 554 48 14 vore
256 548 102 26 grundade
371 550 5 18 i
391 549 89 26 behörigt
493 549 94 20 afseende
601 549 44 20 dels
662 549 11 20 å
694 548 104 21 ortförhål-

55 574 77 25 landen,
148 575 42 20 dels
205 574 10 21 å
231 575 110 21 industrins
356 575 145 27 befrämjande,
516 576 137 20 nästbemälde
668 576 131 20 medlemmar

54 604 66 18 ansett
133 602 31 25 sig
177 602 48 20 böra
239 602 97 26 tillstyrka
350 602 108 20 änberörda
473 605 98 18 moments
585 603 108 26 antagande
707 603 5 19 i
722 603 77 19 oförän-

54 628 59 20 dradt
127 628 63 20 skick.
208 629 72 19 Vinner
294 629 63 20 denna
371 629 51 26 äsigt
436 630 105 19 äfvensom
558 629 111 20 Utskottets
686 630 71 25 förslag
771 629 28 20 till

54 654 35 21 det
102 655 62 20 första
178 658 120 17 momentets
312 655 125 27 ordalydelse
451 656 118 19 Ständernes.
584 656 60 25 bifall,
661 655 21 20 så
696 655 57 21 torde
767 661 32 14 or-

54 681 40 20 den
109 681 117 21 «afsöndrad
241 682 43 20 del»
301 683 5 19 i
320 681 69 27 början
402 683 21 19 af
436 682 61 21 andra
511 688 61 15 mom.
588 683 47 19 böra
649 683 82 26 utbytas
743 685 56 17 emot

55 708 61 21 orden
133 708 134 20 -afsöndrad
283 709 72 20 mark.
371 719 26 4 —
411 709 59 20 Emot
486 709 34 20 det
535 707 64 26 tredje
615 709 38 27 och
670 709 48 20 sista
735 714 62 15 mom.

54 735 37 20 har
104 735 34 20 det
151 735 108 25 anmärkts,
279 738 29 17 att
327 735 108 20 innehållet
454 736 57 19 deraf
530 741 49 14 vore
599 735 82 20 alldeles
700 735 99 26 sjelffallet

54 761 38 20 och
106 764 28 17 ett
147 761 108 26 utryckligt
269 762 108 19 stadgande
391 761 68 20 derom
482 762 79 20 således
582 762 131 26 fullkomligen
733 762 66 19 öfver-

53 787 73 27 flödigt,
142 793 47 14 men
203 787 24 21 då
241 788 34 19 det
289 788 130 26 ifrågaställda
434 789 116 25 stadgandet
570 787 92 28 möjligen
682 789 67 19 kunde
770 789 29 20 af-

54 813 44 26 böja
112 815 72 19 tvister
198 815 38 20 och
250 814 81 21 sålunda
346 815 43 19 icke
404 815 66 20 blefve
485 815 94 26 gagnlöst,
595 815 37 20 har
647 815 99 20 Utskottet
755 815 44 20 fun-

54 841 29 20 nit
96 842 31 25 sig
142 841 103 20 foranlätet
258 844 29 17 att
300 841 98 27 tillstyrka
412 841 108 21 änberörda
535 844 99 17 moments
651 841 144 21 bibehållande.

106 895 10 25 $
130 895 13 20 9
157 895 107 20 innehåller
278 895 25 20 de
317 895 154 26 bestämningar,
487 902 43 14 som
544 898 77 18 ansetts
636 895 68 26 nödiga
722 896 29 19 för
768 898 29 17 att

53 921 122 20 förekomma
190 924 28 17 att
232 921 149 21 föreskrifterna
395 922 5 19 i
415 922 10 25 $
438 923 11 19 8
459 928 33 14 om
501 925 109 19 stommens
620 921 129 26 sjelfbestånd
759 923 38 19 och

52 954 33 13 öm
98 948 40 20 den
152 948 118 20 afsöndrade
284 949 93 20 markens
393 949 53 20 areal
467 948 18 27 ej
506 949 31 20 mä
559 948 126 21 äsidosättas.
715 949 8 19 I
743 949 54 20 detta

52 975 95 20 afseende
161 975 82 20 föreslås
257 975 173 26 hufvudsakligen,
447 979 28 16 att
494 976 124 20 landmätare
639 976 36 20 bör
696 975 24 26 på
741 976 56 19 karta

51 1001 67 20 affatta
133 1002 92 25 marken,
241 1005 29 16 att
284 1002 142 20 Häradsrätten
441 1008 49 19 eger
499 1003 70 25 pröfva
579 1002 149 26 afsöndringens
741 1001 58 21 tillåt-

52 1029 60 25 lighet
126 1031 52 17 samt
192 1031 28 17 att
234 1029 128 20 Guvernören
377 1028 48 21 skall
439 1029 70 25 pröfva
526 1030 39 19 och
585 1029 95 20 fastställa
695 1029 103 25 afgäldens

51 1055 79 26 belopp,
147 1056 5 18 i
167 1055 79 20 hvilken
260 1055 122 20 sistberörda
396 1055 33 20 del
444 1056 9 25 $
465 1053 74 27 jemväl
554 1056 92 26 antyder,
664 1058 30 17 att
707 1055 91 26 afgälden

51 1082 37 20 bör
101 1082 43 20 fullt.
157 1084 104 18 motsvara
274 1083 39 19 den
326 1082 31 20 del
372 1083 21 18 af
404 1081 45 21 hela
467 1083 129 26 lägenhetens
613 1082 113 27 utskylder,
743 1088 54 18 som,

53 1108 33 21 vid
98 1107 114 26 jemförelse
226 1109 21 19 af
259 1114 84 20 egornes
358 1109 45 19 vidd
418 1108 37 20 och
473 1109 146 24 beskaffenhet,
639 1109 81 25 belöper
736 1109 30 26 sig:
787 1108 10 20 å

51 1135 39 20 den
104 1135 119 20 afsöndrade
237 1136 64 19 delen.
330 1135 103 20 Utskottet
446 1135 62 20 finner
522 1136 25 20 de
562 1135 133 25 föreskrifter,
711 1141 44 14 som
773 1135 23 26 gå

50 1164 22 17 ut
86 1161 26 26 på
126 1164 28 17 att
168 1161 73 21 bereda
256 1162 78 19 visshet
348 1167 32 14 om
395 1165 110 17 stommens
519 1162 120 20 fortfarande
658 1161 138 26 sjelfbestånd,

50 1188 60 21 hafva
127 1188 30 20 sin
171 1188 66 27 giltiga
251 1188 64 26 grund
329 1189 5 19 i
350 1189 130 20 nästberörda
495 1188 101 26 förbehåll,
612 1189 95 20 hvarföre
719 1189 39 20 och
770 1189 27 20 dä

51 1215 59 26 något
127 1215 24 25 pä
166 1221 76 14 samma
257 1215 52 25 gång
322 1215 81 20 enklare
419 1216 39 19 och
471 1216 115 26 tillförlitligt
601 1218 40 17 sätt
654 1215 29 20 för
698 1215 99 20 vinnande

51 1242 21 20 af
83 1242 55 20 Jetta
152 1241 90 21 ändamål
257 1242 45 20 icke
316 1243 57 19 torde
386 1242 65 20 kunna
467 1242 95 26 utfinnas,
579 1243 101 19 Utskottet
693 1243 39 19 kan
749 1245 48 18 utan

51 1267 134 26 skiljaktighet
198 1269 104 25 tillstyrka,
317 1271 30 16 att
360 1269 53 19 hvad
426 1269 63 19 denna
503 1270 11 24 $
527 1269 70 20 derom
611 1269 109 20 innehåller
735 1269 63 19 måtte

52 1295 20 18 af
83 1295 109 20 Ständerne
211 1297 86 23 antagas.
313 1305 27 4 —
354 1295 92 19 Deremot
460 1295 60 20 hafva
533 1295 26 20 de
573 1295 5 19 i
592 1295 66 20 denna
673 1295 12 25 $
699 1295 100 20 förekom-

50 1321 72 20 mande
138 1321 188 25 inskränkningarne
341 1320 121 21 beträffande
475 1321 102 26 afgäldens
594 1321 71 25 belopp
685 1322 53 19 samt
758 1322 39 19 den

50 1347 147 25 pröfningsrätt,
214 1353 44 14 som
273 1348 4 18 i
293 1347 54 20 detta
362 1347 114 20 hänseende
491 1351 22 16 är
527 1348 129 19 Guvernören
672 1348 5 19 i
690 1348 54 19 länet
758 1348 36 19 till-

49 1373 83 25 erkänd,
149 1373 110 20 framkallat
274 1373 61 20 sådan
350 1373 139 25 skiljaktighet,
505 1375 29 18 att
548 1373 100 20 Utskottet
661 1374 58 19 äfven
734 1373 5 19 i
749 1374 46 19 des-

50 1404 24 14 sa
88 1399 54 19 delar
156 1398 65 20 måste
235 1400 74 24 afgifva
324 1402 92 16 motsatta
433 1399 122 20 utlåtanden.
584 1400 43 18 Hos
641 1400 157 19 medlemmarne

48 1424 42 20 från:
105 1424 34 20 två
154 1426 21 18 af
188 1424 86 20 Ständen
289 1425 36 19 har
340 1426 97 25 nemligen
450 1426 39 19 den
504 1425 80 25 mening
597 1425 72 19 vunnit
677 1425 118 38 öfverhand,

709 1452 12 21 7
