995 1795
186 144 32 20 168
399 144 71 23 Nådiga
481 143 141 24 Propositionen
634 143 37 18 N.o
685 143 26 18 10.

526 193 10 26 $
550 193 33 20 24.

239 236 37 22 Vill
296 236 65 26 någon
383 236 55 25 klaga
458 236 92 21 deröfver
570 238 29 17 att
619 235 123 26 vederbörlig
761 235 99 30 stämning
880 234 46 21 eller

186 263 118 25 kungörelse
321 262 43 20 icke
381 261 84 26 föregått
481 262 53 19 valet
551 262 20 19 af
586 261 52 26 gode
653 263 55 23 män,
727 262 47 19 eller
791 264 28 17 att
835 261 33 20 vid
885 261 43 20 det-

184 295 79 14 samma
280 288 17 27 ej
315 287 22 22 så
355 287 73 28 tillgått,
445 294 44 14 som
504 288 58 19 ofvan
576 287 91 26 stadgadt
679 289 29 24 är,
724 287 37 20 den
775 288 51 19 talan
839 287 41 26 må,
895 293 33 14 se-

184 316 38 20 dan
236 316 52 25 gode
301 317 94 18 männens
408 315 66 20 beslut
488 314 65 21 blifvit
566 315 60 24 enligt
639 314 10 25 $
663 315 25 18 23
703 314 112 25 afkunnadt,
831 314 6 19 i
851 314 77 20 Hofrät-

185 345 33 17 ten
235 343 52 19 föras
303 347 72 20 genom
391 341 83 25 besvär,
493 341 54 20 inom
563 340 38 20 den
617 340 28 20 tid
662 341 11 20 5
691 340 10 26 $
718 341 25 20 25
764 341 82 25 kapitlet
862 341 66 19 Rätte-

185 368 142 27 gängs-balken
345 367 133 20 föreskrifver.
512 367 75 20 Varder
603 367 39 20 den
659 367 53 20 talan
728 367 65 26 gillad,
811 367 75 20 förfalle
902 366 24 21 all

186 395 74 23 verkan
277 395 20 21 af
312 394 50 27 gode
376 395 94 20 männens
484 394 71 26 beslut,
571 393 22 21 så
608 393 41 21 vidt
663 394 34 20 det
711 393 119 26 klagandens
844 395 39 19 rätt
896 393 31 20 rö-

186 427 42 20 rer,
247 423 38 19 och
301 421 91 20 förordne
409 421 101 19 Hofrätten
527 420 27 20 till
571 423 44 24 nytt
632 420 31 20 val
678 420 20 20 af
710 420 50 26 gode
774 422 53 19 män.
856 420 23 26 Ej
895 418 32 22 må

186 448 101 20 Hofrätten
300 448 28 20 till
343 447 88 26 pröfning
445 450 85 23 upptaga
543 446 36 26 jäf,
595 452 44 15 som
653 447 44 20 icke
711 446 33 21 vid
758 448 53 20 valet
825 447 48 20 inför
886 448 40 19 Un-

186 475 101 19 derrätten
300 477 79 23 yppats.
399 474 8 19 I
422 474 110 19 Hofrättens
546 474 64 25 utslag
624 473 31 20 mä
671 473 80 26 ändring
766 473 65 24 sökas,
847 472 25 27 pä
887 474 39 18 sätt

186 501 24 20 48
225 501 11 25 $
250 501 25 20 30
289 500 82 26 kapitlet
384 500 84 20 nämnde
482 500 44 20 balk
540 499 86 26 stadgar.

528 570 10 26 $
552 571 32 19 25.

239 611 27 25 Är
282 617 44 24 part
343 612 16 27 ej
378 615 30 19 för
425 613 70 21 Rätten
512 613 95 21 tillstädes
623 615 36 19 när
675 613 49 27 gode
741 615 46 19 män
804 614 68 25 väljas,
889 614 38 21 och

186 641 32 20 vill
237 641 60 20 sedan
315 641 41 20 visa
373 643 28 18 att
418 640 37 20 han
472 640 24 21 då
514 641 42 19 haft
571 641 43 25 laga
631 641 63 20 förfall
712 641 37 20 och
766 640 18 25 ej
801 641 74 21 kunnat
895 641 33 20 det

186 669 70 21 Rätten
268 668 94 25 kungöra,
378 667 69 20 stånde
462 668 72 19 honom
548 667 40 20 fritt
602 670 34 23 att,
652 667 54 20 inom
720 673 24 14 en
753 667 69 21 månad
832 668 94 25 derefter,

186 694 12 21 å
212 695 30 19 sin
256 694 106 25 vederpart
375 695 26 19 till
416 699 77 15 samma
506 695 46 20 Rätt
565 696 65 24 uttaga
643 694 104 27 stämning.
768 695 64 20 Gitter
845 695 39 20 han
898 701 32 14 se-

186 721 39 23 dan
240 721 127 26 bevisningen
384 721 91 26 fullgöra,
494 721 73 20 förfalle
583 721 52 25 gode
650 722 96 20 männens
762 721 79 26 beslut,
864 720 65 22 såvidt

187 748 34 19 det
234 748 110 19 kärandens
358 749 39 18 rätt
410 748 62 25 rörer,
488 747 38 20 och
540 746 37 21 låte
591 747 71 20 Rätten
675 747 51 26 gode
740 749 47 19 män
795 747 54 27 ånyo
857 747 71 26 väljas.

529 821 11 26 $
554 821 32 20 26.

239 864 67 20 Tvista
319 869 66 20 egare,
401 863 208 26 inteckningshafvare
623 864 47 20 eller
683 863 60 21 andra
757 869 33 15 om
803 864 127 21 förmånsrätt

187 891 26 20 till
231 891 53 20 hvad
301 890 67 21 såsom
385 891 106 26 ersättning
508 891 29 19 för
553 890 71 20 afhänd
641 891 96 25 egendom
755 891 45 25 utgå
818 892 59 25 skall,
896 891 32 20 må

187 918 52 19 talan
253 917 70 20 derom
337 917 92 19 särskildt
443 917 5 19 i
463 917 43 26 laga
520 916 83 26 ordning
617 917 81 20 utföras.
727 917 87 26 Uppstär
828 917 53 26 fråga
896 923 32 14 om

188 944 90 20 medlens
295 944 90 26 lyftning,
404 943 92 21 förordne
513 943 38 20 ock
567 944 70 19 Rätten
654 944 75 26 derom,
745 944 50 20 efter
809 945 36 26 thy
858 945 72 26 skäligt

187 971 89 26 pröfvas.
848 989 3 2 s

530 1032 10 26 $
554 1032 32 20 27.

240 1079 85 27 Styckas
339 1079 90 26 lägenhet
442 1085 71 20 genom
526 1079 55 26 jords
595 1079 96 25 skiljande
705 1079 85 21 derifrån
804 1080 29 19 för
850 1080 80 19 allmänt

188 1105 66 26 behof,
270 1106 38 20 och
322 1106 83 25 uppstär
419 1106 60 25 fräga,
495 1107 53 19 huru
563 1107 45 19 med
621 1106 48 20 dess
683 1105 119 26 grundränta
812 1107 47 19 eller
868 1106 61 20 andra

187 1133 99 19 allmänna
300 1132 135 27 skyldigheter
448 1132 93 21 förhällas
555 1133 55 24 skall,
625 1132 63 27 gänge
702 1132 45 21 med
761 1133 114 26 pröfningen
885 1133 45 20 Jer-

188 1159 22 19 af
221 1158 51 21 efter
285 1159 53 20 hvad
353 1164 33 14 om
399 1159 143 26 skattläggning
556 1160 37 19 och
608 1159 115 26 förmedling
737 1160 6 19 i
757 1160 106 19 allmänhet
876 1159 54 20 stad-

188 1185 46 25 gadt
252 1185 72 20 finnes.
353 1186 52 19 Vare
423 1185 37 20 ock
474 1186 44 25 den,
534 1191 44 14 som
592 1186 94 19 tillträder
700 1185 61 26 någon
768 1183 50 22 från
833 1185 97 25 sjelfstän-

189 1211 33 26 dig
235 1211 93 25 lägenhet
342 1211 70 20 atskild
426 1212 77 25 egolott,
519 1212 67 26 pligtig
600 1215 29 16 att
642 1211 76 26 derom,
733 1212 6 19 i
753 1211 94 20 afseende
860 1211 11 20 ä
886 1211 44 20 kar-

189 1237 102 20 teverkets
305 1237 116 26 förändring,
437 1239 28 19 uti
479 1239 63 20 länets
556 1238 193 21 landtmäterikontor
763 1239 82 19 anmäla.

531 1311 11 26 $
555 1311 32 20 28.

242 1352 110 26 Nedlägges
369 1353 115 26 inrättning,
504 1354 30 20 för
547 1354 64 19 hvars
622 1354 48 20 skull
683 1353 46 26 jord
743 1354 64 20 blifvit
820 1353 42 20 frän
876 1354 56 20 hem-

190 1384 46 15 man
252 1378 81 27 afskild,
353 1385 48 14 vare
417 1380 127 25 lägenhetens
561 1386 58 19 egare
636 1380 109 26 berättigad
762 1383 29 17 att
805 1380 61 25 sagde
878 1380 52 26 jord,

190 1406 50 46 sie
254 1405 47 20 dess
315 1405 114 22 dåvarande
442 1406 68 26 värde,
526 1406 26 21 till
567 1408 114 19 hemmanet
695 1407 91 25 äterlösa,
802 1413 33 14 om
849 1408 37 19 han
898 1407 34 20 det

190 1434 64 18 äskar.
