998 1761
186 112 40 32 340
404 115 72 23 Nådiga
487 116 139 22 Propositionen
638 115 35 17 N:o
685 115 29 17 13.

244 166 55 19 Efter
313 166 158 24 propositionens
486 165 25 19 12
526 165 16 25 $,
554 170 44 14 som
609 164 127 20 föreskrifver
742 164 87 20 tukthus
839 163 23 26 på
872 164 59 19 lifstid

191 192 30 19 för
235 192 35 20 alla
284 192 26 18 de
323 191 111 20 nuförtiden
447 191 46 19 med
508 192 68 24 skärpt
591 191 46 19 eller
651 190 66 20 enkelt
730 190 109 20 dödsstraff
850 190 81 24 belagda

191 218 60 25 brott,
267 217 66 19 hvilka
348 218 43 18 icke
406 220 116 17 omnämnas
536 218 5 19 i
557 218 24 19 10
596 218 38 18 och
649 218 22 18 11
690 218 47 19 eller
750 218 77 18 13—25
841 216 27 26 $$,
883 222 50 14 anse

192 244 106 20 ständerne
314 244 46 19 böra
379 244 86 26 tilläggas
482 249 25 13 en
524 250 25 20 ny
567 244 96 24 paragraf,
682 244 78 19 hvilken
775 244 64 19 skulle
853 243 77 25 stadga,

192 273 28 17 att
234 270 76 20 straffet
324 270 30 19 för
367 270 25 19 de
406 270 5 20 i
420 270 159 26 propositionens
589 270 78 20 10—12
677 270 20 25 $$
708 269 149 26 (motsvarande
866 270 71 19 9—11-

194 296 21 26 $$
232 297 6 19 i
255 296 116 20 ständernes
388 296 78 25 förslag)
485 296 127 19 omförmälla
626 296 53 19 brott
693 297 62 19 borde
771 296 30 19 vid
818 296 116 19 förhanden-

192 323 89 20 varande
300 323 109 19 mildrande
430 323 166 25 omständigheter
617 323 63 19 kunna
694 323 102 19 nedsättas
810 323 26 19 till
851 322 83 19 tukthus

193 349 44 20 från
252 350 38 19 och
304 349 46 20 med
364 349 26 19 tio
405 350 27 19 till
448 350 38 18 och
500 349 45 20 med
561 349 36 20 tolf
609 349 28 19 är.
666 350 64 25 Enligt
744 349 117 20 ständernes
876 349 58 20 tanke

193 377 23 19 är
229 376 98 26 nemligen
344 378 28 17 ett
386 375 69 20 sådant
472 376 64 25 tillägg
550 375 98 29 päkalladt
661 376 21 19 af
694 377 89 23 rättvisa,
800 375 83 20 emedan
897 376 37 19 här

193 403 147 26 ifrågavarande
358 402 134 27 förbrytelser,
512 403 67 19 hvilka
594 403 58 24 eljest
665 403 54 19 alltid
734 403 63 19 skulle
812 403 79 18 komma
905 405 29 16 att

192 429 96 26 umgällas
302 429 45 19 med
362 429 142 20 tukthusstraff
515 429 30 19 för
559 429 67 24 lilstid,
643 429 92 20 stundom
749 429 63 20 kunna
827 428 60 26 begås
897 435 36 13 un-

193 456 35 19 der
246 455 72 21 sädana
336 455 175 26 omständigheter,
531 458 27 17 att
576 455 59 26 sagde
653 455 58 20 straff
725 456 62 20 skulle
804 461 48 15 vara
869 456 64 19 alltför

194 484 81 24 strängt.

247 509 38 20 Det
301 509 5 18 i
324 509 24 19 13
366 508 10 26 $
393 509 30 19 för
440 509 98 26 uppsätlig
556 509 185 20 Gudsförsmädelse
755 509 108 25 föreslagna
878 508 58 20 straff

193 535 21 20 af
225 535 81 20 tukthus
321 535 43 19 frän
378 536 39 19 och
430 536 47 19 med
493 535 34 20 tvä
542 535 95 20 mänader
651 535 26 20 till
691 537 38 18 och
743 536 46 19 med
803 535 32 19 tvä
850 535 22 20 är
886 535 47 20 eller

193 562 21 19 af
226 562 88 28 fängelse
328 561 34 20 vid
376 564 66 17 vatten
456 563 38 18 och
508 562 48 19 bröd
571 561 42 20 från
628 563 38 18 och
679 562 46 19 med
739 561 100 27 tjugufyra
853 562 26 19 till
895 562 37 19 och

192 588 46 19 med
252 587 95 26 tjuguätta
361 588 59 26 dagar
434 593 46 15 anse
495 588 104 20 ständerne
612 593 48 14 vara
672 589 29 18 för
711 588 78 25 lindrigt
799 588 38 19 och
847 587 20 20 sä
879 593 46 21 myc

192 614 34 19 ket
245 614 61 20 hellre
325 614 46 20 böra
389 614 90 25 skärpas,
499 620 44 13 som
560 616 25 18 14
602 614 10 25 $
629 614 116 26 medgifver,
761 617 28 17 att
805 614 88 20 lastande
908 615 25 19 tal

193 640 47 20 eller
259 640 57 20 skrift
332 644 42 16 mot
391 641 113 24 Monarken,
523 641 50 19 Dess
590 640 63 26 gemål
671 642 48 18 eller
735 641 133 24 Thronföljare
885 640 48 20 skall

192 666 65 20 kunna
274 667 6 19 i
298 666 82 20 svårare
394 667 31 19 fall
440 667 92 26 beläggas
546 667 46 20 med
607 668 82 19 tukthus
704 668 26 19 till
745 668 39 19 och
798 668 46 19 med
858 670 31 16 tre
903 666 29 21 är.

246 692 72 21 Likasä
333 693 51 20 finna
400 694 106 19 ständerne
519 694 63 20 alltför
596 694 80 25 lindriga
692 694 58 20 straff
757 700 48 14 vara
816 694 116 25 föreslagna:

192 719 6 19 i
216 720 24 19 15
258 720 11 25 $
287 720 30 19 för
333 720 118 20 fullbordadt
468 721 37 19 och
523 720 4 19 i
547 721 24 19 43
589 720 10 25 $
613 720 29 20 för
657 720 76 25 försökt
747 721 76 25 tidelag,
841 721 4 19 i
861 722 31 23 17,
909 721 25 20 18

192 746 38 19 och
249 747 24 19 56
292 746 20 24 $$
329 746 29 20 för
375 746 110 25 gvinnorän
504 746 37 20 och
559 747 80 20 dermed
658 748 80 18 förenad
754 747 92 26 våldtägt,
863 748 71 18 samt
922 742 16 35 i

193 772 78 20 20—23
289 772 21 25 $$
326 772 32 20 för
374 773 103 24 lägersmäl
496 774 6 18 i
520 774 53 19 vissa
588 773 95 20 förbudna
697 773 60 26 leder,
774 775 93 18 hvarföre
881 775 54 18 stän-

193 798 61 20 derne
268 804 48 14 anse
330 799 59 19 dessa
404 799 57 20 straff
472 800 47 18 böra
534 800 90 24 skärpas;
641 801 37 18 och
691 805 43 14 som
745 800 151 25 brottsligheten
906 801 28 18 uti

193 824 25 19 de
232 825 5 18 i
254 825 24 20 21
298 825 37 18 och
350 825 24 19 23
389 825 23 25 $$
426 825 97 20 omtalade
538 826 56 19 fallen
609 826 92 19 stundom
717 825 36 20 kan
769 832 45 13 vara
829 827 38 19 lika
882 829 49 22 stor,

193 856 32 13 om
242 851 45 19 icke
304 852 70 24 större,
393 852 37 19 hos
447 852 38 19 den
502 851 21 20 af
538 853 143 24 förbrytarene,
701 857 43 15 som
763 852 41 20 står
818 853 5 19 i
838 855 27 17 ett
880 853 53 25 lägre

193 876 172 26 svägerskapsled,
381 879 24 17 än
419 879 37 18 hos
470 878 39 19 den
525 878 61 20 andre
599 878 166 23 konkumbenten,
785 881 14 16 t.
815 884 32 14 ex.
862 880 35 18 när
911 885 23 13 en

193 908 39 20 ung
246 902 119 26 stjufmoder
378 904 64 24 lägras
456 904 20 18 af
489 904 29 19 sin
532 904 54 20 äldre
600 904 91 26 stjufson,
707 906 47 18 eller
768 910 24 14 en
806 911 38 19 ung
856 904 79 20 moder-

193 932 68 22 syster
276 930 20 18 al
309 930 30 18 sin
353 929 53 19 äldre
420 933 111 23 systerson,
545 930 21 20 sä
576 933 31 16 tro
617 931 103 19 ständerne
731 932 24 18 de
765 931 95 20 särskilda
870 932 65 18 straff-

192 955 172 27 bestämningarne
378 956 29 18 för
422 957 24 19 de
461 956 51 20 olika
527 956 80 20 lederna
621 958 46 18 böra
682 957 45 26 utgå
743 960 52 16 samt
807 960 85 17 ersättas
901 964 33 20 ge-

192 987 47 15 nom
256 984 28 17 ett
300 982 50 20 enda
368 983 79 19 relativt
463 983 100 19 bestämdt
581 984 102 23 straffbud,
702 984 53 19 inom
774 984 60 20 hvars
851 987 83 23 gränser

192 1007 136 21 domstolarne
344 1009 64 19 kunna
425 1012 76 16 utmäta
515 1010 98 25 hvardera
627 1010 171 20 konkumbentens
813 1010 58 20 straff
882 1012 51 19 efter

192 1034 48 20 dess
258 1034 124 20 individuella
401 1035 131 25 brottslighet.
562 1036 61 20 Äfven
641 1037 33 19 det
691 1038 28 18 uti
733 1038 78 19 20—23
827 1037 20 25 $$
861 1038 72 25 begag-

192 1061 51 19 nade
258 1060 56 20 ordet
329 1061 128 20 «blodskam»
470 1068 49 13 anse
529 1062 104 20 ständerne
643 1064 52 18 helst
705 1064 47 18 böra
762 1064 105 24 undvikas,
879 1070 53 13 eme-

192 1087 38 19 dan
245 1086 133 26 språkbruket
392 1088 43 20 icke
448 1089 104 25 uppdragit
566 1090 84 24 gränsen
663 1090 83 19 emellan
757 1090 127 20 «blodskam»
895 1091 37 19 och

192 1112 24 20 de
232 1112 116 26 «lägersmål
363 1113 5 19 i
382 1114 59 20 andra
456 1115 95 19 förbudna
565 1115 75 24 leder»,
657 1121 43 14 som
715 1116 3 18 i
731 1117 24 19 59
765 1116 45 26 kap.
821 1117 26 19 M.
857 1118 21 18 B.
890 1123 42 13 om-

192 1140 56 24 talas,
265 1138 22 21 sä
302 1140 66 24 skarp,
384 1143 28 16 att
426 1141 42 19 icke
482 1142 51 18 olika
548 1142 100 24 meningar
661 1142 69 19 derom
745 1143 64 19 kunna
824 1146 58 21 göras
893 1144 39 24 gäl-

192 1165 64 24 lande;
273 1166 91 19 hvarföre
379 1167 58 19 dessa
452 1166 20 26 $$
486 1168 59 19 äfven
559 1167 30 20 för
603 1168 69 19 sådant
686 1168 90 20 ändamål
792 1169 60 19 borde
867 1175 64 14 omre-

192 1191 85 25 digeras.
306 1192 92 25 Slutligen
412 1193 58 19 hafva
485 1193 106 20 ständerne
604 1194 37 19 ock
656 1197 63 17 ansett
733 1194 33 20 det
780 1196 47 19 böra
837 1196 96 25 tydtigare

192 1218 78 24 uttalas,
290 1220 29 17 att
335 1218 36 19 alla
388 1219 60 20 Jessa
465 1219 53 20 brott
531 1221 34 18 äro
579 1220 37 20 lika
630 1221 110 25 straffbara,
757 1222 64 19 ehvad
835 1223 96 18 Konkum-

192 1244 105 19 benternes
311 1244 110 21 blodsband
436 1246 67 19 stöder
517 1247 29 24 sig
561 1246 10 20 å
585 1247 45 18 äkta
645 1248 47 19 eller
704 1248 57 19 oäkta
771 1248 55 24 börd;
838 1249 93 20 hvarföre

192 1275 25 14 en
230 1270 72 19 allmän
316 1271 123 25 bestämning
454 1272 75 23 härom,
541 1273 58 26 enligt
609 1274 118 19 ständernes
738 1275 65 24 tanke,
816 1275 61 20 borde
887 1275 43 25 ingå

191 1295 6 19 i
211 1297 26 18 24
252 1296 15 25 $,
285 1302 43 13 som
342 1297 68 19 hänför
425 1298 29 23 sig
469 1299 24 18 till
509 1299 24 18 de
548 1299 43 25 fyra
605 1301 88 18 närmast
708 1301 116 24 föregående
839 1307 91 18 paragra-

192 1320 61 25 ferna,
270 1322 37 19 och
322 1321 149 26 bestämningen
486 1324 70 19 derom
569 1331 24 12 ur
607 1325 25 18 20
641 1316 11 39 $
671 1326 4 18 i
691 1326 64 19 stället
770 1326 52 25 utgå.

245 1348 8 18 I
267 1348 25 19 27
306 1347 11 25 $
331 1348 11 19 3
356 1349 46 24 kap.
418 1350 22 18 är
454 1350 109 25 föreslaget,
580 1353 28 16 att
621 1351 45 24 Jen,
682 1357 43 14 som
735 1352 72 20 affaller
817 1352 43 20 från
870 1359 61 12 evan-

192 1373 75 25 geliska
284 1374 61 24 läran,
364 1374 62 21 borde
442 1376 20 19 af
477 1377 130 25 presterskap
621 1378 37 19 och
673 1377 118 27 domkapitel
808 1384 71 15 varnas
893 1380 39 19 och

192 1399 124 26 undervisas,
333 1405 45 15 men
393 1401 44 20 icke
451 1403 33 19 vid
498 1403 83 20 domstol
597 1403 76 22 tilltalas
688 1405 47 19 eller
752 1405 69 20 dömas
836 1406 25 20 till
877 1406 58 19 straff
