1003 1803
203 150 32 19 162
417 148 72 23 Nådiga
500 148 138 23 Propositionen
651 147 36 17 N:o
699 147 28 17 10.

203 198 129 26 grundsatser
353 197 112 25 erfordras,
487 196 25 26 på
532 196 33 20 det
585 196 131 19 kommunens
736 195 38 20 och
790 195 38 19 den
845 194 99 20 enskildes

203 225 124 25 rättigheter,
346 224 84 19 fördelar
447 224 38 18 och
501 222 127 26 olägenheter
644 222 32 19 må
690 222 61 28 blifva
766 221 178 30 emot'hvarandra

204 251 107 25 behörigen
331 249 90 26 afvägde.
455 249 61 19 Häraf
535 248 86 25 framgår
641 248 38 20 den
699 248 46 24 följd
765 250 28 17 att
814 247 86 25 anspråk
920 252 24 20 på

203 276 120 26 upplåtande
337 276 20 20 af
367 275 44 26 jord
425 275 38 19 och
477 275 70 25 grund,
563 274 122 26 exempelvis
699 274 26 20 till
738 274 117 25 anläggning
864 273 20 19 af
892 276 50 22 torg,

204 306 52 23 gata,
276 304 43 24 väg,
335 303 66 24 hamn,
416 302 153 25 lastningsplats,
584 301 70 25 kyrka,
669 300 175 26 begrafningsplats
859 300 39 19 och
912 305 33 14 an-

203 332 34 16 nat
250 329 69 26 dylikt,
335 329 47 19 eller
395 328 30 19 för
438 328 98 25 reglering
550 328 21 19 af
583 326 119 32 byggnader,
718 332 44 14 som
774 326 88 20 medföra
872 326 72 20 eldfara

205 356 47 19 eller
269 355 69 19 hindra
355 354 150 25 ändamålsenlig
522 353 116 24 helsovård,
656 353 47 20 böra
721 354 20 18 af
759 353 119 19 kommunen
898 352 46 19 eller

205 381 62 26 nägon
281 381 48 19 dess
343 381 86 19 medlem
443 381 87 19 anmälas
545 381 36 20 hos
590 379 134 24 Guvernören,
741 385 43 14 som
799 379 50 19 efter
863 384 82 20 egarens

205 408 87 19 hörande
307 407 47 24 och,
370 407 60 20 sedan
443 407 124 25 vederbörlig
581 406 101 25 utredning
696 411 32 14 om
742 405 95 20 behofvet
851 405 38 19 och
903 405 42 20 vid-

205 434 37 20 den
259 435 21 18 af
295 433 37 20 den
349 433 148 25 ifrågavarande
513 433 82 19 marken
612 433 115 23 inhemtats,
746 432 5 19 i
769 432 61 20 saken
844 431 102 20 meddelar

205 461 71 24 utslag,
292 460 81 24 hvilket,
389 459 6 19 i
408 459 93 20 afseende
514 459 11 20 å
540 459 64 25 slutlig
618 458 95 25 pröfning,
724 458 115 20 hemställes
848 458 98 19 Senatens

205 486 263 25 Ekonomie-Departement.

257 512 104 20 Rättvisan
377 512 76 19 fordrar
469 514 28 17 att
514 513 50 18 hvar
581 512 38 18 och
636 516 35 20 en,
689 516 44 14 som
754 511 30 19 för
800 511 79 19 Statens
899 510 46 20 eller

206 539 131 19 kommunens
350 538 61 20 behof
423 538 86 19 afträder
521 537 43 26 jord
579 537 37 20 och
630 537 63 26 grund
707 537 47 20 eller
768 541 61 15 annan
843 537 30 19 sin
883 537 63 19 tillhö-

206 565 69 26 righet,
292 565 48 19 skall
354 565 77 19 derföre
445 564 73 25 åtnjuta
533 565 33 19 full
581 564 105 25 ersättning
700 564 30 19 för
743 563 25 20 all
783 564 29 19 sin
825 563 71 24 skada;
908 564 38 19 och

207 591 63 20 ehuru
287 590 64 25 någon
368 591 74 24 oskälig
459 591 52 18 vinst
528 591 44 19 icke
587 591 35 18 bör
636 591 72 18 honom
722 589 91 26 beredas,
830 593 22 16 är
866 589 33 20 det
912 590 36 19 lik-

207 618 31 19 väl
255 617 60 26 billigt
331 619 28 18 att
376 617 131 25 ersättningen
525 617 5 19 i
548 617 42 19 viss
606 616 46 20 mån
670 615 85 26 förhöjes
772 617 78 18 utöfver
866 616 34 19 det
914 617 34 19 be-

207 645 57 24 lopp,
287 643 77 20 hvartill
385 643 115 20 densamma
520 643 50 20 efter
589 643 76 25 vanliga
685 642 204 26 beräkningsgrunder
908 643 39 19 kan

206 670 124 26 uppskattas.
362 670 29 19 En
412 669 53 26 dylik
486 669 98 26 tillökning
604 675 60 20 synes
680 670 60 19 hafva
757 668 22 20 så
796 669 80 26 mycket
892 675 54 14 mera

206 697 41 19 skål
263 697 29 19 för
306 697 35 25 sig,
358 702 43 13 som
415 696 110 19 afträdaren
539 701 70 20 genom
623 696 103 25 styckning
740 696 21 19 af
773 697 34 18 sitt
819 695 128 26 Jordområde

207 724 38 18 ofta
263 722 56 20 torde
336 722 37 20 lida
391 723 63 18 större
470 722 70 20 förlust
556 723 24 18 än
597 727 44 14 man
661 722 5 19 i
680 722 105 20 allmänhet
799 722 38 19 kan
850 722 95 24 beräkna,

207 750 38 19 och
263 750 73 18 inlösen
353 750 20 18 af
385 749 44 19 hela
442 749 117 24 lägenheten
574 748 43 20 icke
631 749 60 19 heller
705 748 30 20 får
748 748 58 26 göras
821 748 25 20 till
861 754 24 14 en
900 748 47 20 ovil-

207 776 62 24 korlig
284 776 60 25 regel.
364 775 55 19 Klart
432 776 22 18 är
467 775 90 20 deremot
571 777 28 17 att
611 774 118 26 jordegaren
742 775 36 19 bör
792 777 46 17 utan
851 774 93 26 dröjsmål

207 802 72 20 erhålla
297 802 29 19 sin
343 801 122 26 godtgörelse
482 801 36 19 och
536 800 118 26 följaktligen
671 802 33 19 vid
721 801 123 20 afträdandet
859 801 20 20 få
898 802 48 26 lyfta

209 828 206 21 värderingssumman
429 830 54 16 emot
497 828 56 25 nödig
568 828 94 19 säkerhet
675 828 30 19 för
718 828 38 20 den
770 828 93 19 händelse
877 830 29 18 att
914 834 34 14 an-

208 854 59 26 språk
285 860 24 20 på
327 855 64 19 bättre
407 856 39 17 rätt
461 854 26 20 till
505 854 54 20 lösen
575 854 30 19 för
621 854 33 20 det
671 854 88 20 afträdda
775 853 64 21 skulle
852 854 20 19 af
884 854 63 26 någon

207 887 63 14 annan
284 881 124 19 framställas.
437 880 38 20 Om
489 880 42 20 åter
545 880 97 20 afträdare
655 881 48 19 eller
716 880 107 20 tillträdare
837 880 17 25 ej
870 880 77 26 åtnöjas

207 908 46 20 med
267 908 38 19 den
320 906 116 27 föregångna
451 907 135 26 värderingen,
601 907 36 19 bör
650 907 33 19 det
697 912 48 14 vara
759 907 46 20 dem
819 907 92 26 obetaget
920 910 28 17 att

207 934 88 20 derefter
311 936 54 18 emot
382 934 110 19 hvarandra
505 934 64 19 utföra
583 933 41 19 sina
638 932 121 26 påståenden
774 939 32 14 om
820 934 66 20 lösens
900 934 48 20 tillö-

208 961 63 19 kande
287 961 47 20 eller
350 960 147 26 förminskning.
530 960 37 20 För
583 960 57 26 öfrigt
656 962 22 18 är
694 960 34 20 det
744 960 69 26 tydligt
832 963 29 17 att
880 960 67 27 dylika

207 987 86 26 anspråk
308 990 46 17 utan
369 986 100 26 svårighet
483 987 66 19 kunna
563 986 116 24 hänskjutas
693 987 25 19 till
733 986 96 21 domstols
841 988 48 19 eller
897 988 50 25 gode

208 1016 55 18 mäns
278 1014 111 26 afgörande,
405 1016 52 16 samt
471 1016 28 17 att
512 1014 35 19 alla
563 1014 69 18 tvister
646 1014 82 19 emellan
743 1013 109 21 afträdaren
867 1015 38 18 och
914 1020 33 14 an-

207 1040 35 20 dra
260 1046 33 14 om
310 1041 64 19 bättre
390 1042 38 18 rätt
444 1041 26 19 till
488 1040 142 25 löseskillingen
646 1040 48 20 böra
711 1040 4 18 i
733 1040 40 26 laga
795 1040 152 26 rättegångsväg

208 1067 116 25 behandlas,
344 1067 103 19 äfvensom
463 1069 29 16 att
507 1066 121 21 afträdarens
645 1068 38 17 rätt
701 1067 37 18 och
755 1066 94 20 säkerhet
869 1068 23 18 är
911 1068 37 19 till-

208 1093 99 26 räckligen
326 1093 97 25 iakttagen
444 1099 32 13 om
497 1092 221 26 värderingssumman
710 1087 12 36 ,
739 1091 25 21 dä
785 1093 39 20 den
839 1093 21 19 af
875 1093 72 20 honom

208 1120 44 19 icke
266 1119 63 21 blifvit
343 1119 67 26 lyftad,
426 1119 101 20 nedsättes
541 1119 6 19 i
561 1119 78 20 allmänt
653 1119 66 21 förvar
733 1119 30 20 för
776 1119 49 20 hans
839 1120 87 25 räkning.

262 1145 25 20 Pä
301 1147 60 19 dessa
374 1145 86 26 grunder
474 1146 37 20 har
523 1146 63 19 Hans
600 1144 132 27 Kejserliga
741 1144 107 26 Majestät
858 1147 52 19 velat
919 1146 27 20 till

209 1172 179 20 Landtständernas
402 1172 106 25 antagande
522 1171 69 20 föreslå
605 1171 84 25 följande
703 1171 130 26 stadganden:

556 1225 43 25 $1.

262 1262 65 26 Egare
343 1263 47 20 eller
406 1263 128 19 innehafvare
551 1256 21 26 af
582 1261 45 26 jord
641 1262 39 20 och
693 1262 63 26 grund
770 1268 48 14 vare
831 1262 67 26 pligtig
912 1266 35 23 att,

208 1289 24 19 dä
249 1290 79 19 allmänt
345 1289 60 19 behof
420 1288 70 20 sådant
507 1289 89 25 kräfver,
614 1288 51 20 afstä
682 1289 29 19 sin
728 1290 39 19 rätt
784 1289 26 21 till
828 1290 122 25 egendomen

208 1318 53 16 emot
275 1316 33 20 full
323 1316 105 25 ersättning
442 1316 38 19 och
494 1316 72 20 hälften
579 1315 122 20 Jerutöfver.

555 1367 10 25 $
578 1367 20 19 2.

261 1408 37 18 För
315 1407 42 25 det,
375 1412 44 15 som
436 1407 26 20 till
479 1408 78 19 allmänt
573 1412 50 21 gagn
637 1407 94 26 afträdes,
746 1408 36 20 bör
795 1407 106 26 ersättning
915 1407 33 21 be-

208 1434 95 19 stämmas
319 1434 50 19 efter
385 1433 94 26 gångbart
496 1434 40 25 pris
553 1434 10 19 å
581 1437 55 16 orten
653 1436 52 17 samt
721 1434 46 20 med
783 1434 94 20 afseende
894 1434 10 20 ä
924 1434 24 20 de
