1003 1823
191 147 42 33 224
410 150 72 23 Nädiga
493 149 140 24 Propositionen
645 149 37 17 N.o
695 149 27 17 12.

196 203 64 17 arrest
275 200 50 25 gälle
342 199 70 20 allmän
429 199 97 26 borgerlig
542 198 118 31 tidräkning;
678 198 53 19 dock
748 197 47 20 skall
812 197 33 20 vid
859 197 80 19 frihets-

197 226 64 25 straff,
280 231 44 14 som
341 225 18 25 ej
377 226 118 25 öfverstiger
511 228 27 17 ett
552 225 48 19 halft
613 224 29 25 är,
658 224 69 25 hvarje
741 223 71 20 mänad
826 223 72 20 räknas
911 223 26 20 till

197 242 65 30 trettio
276 248 60 34 dygn.

249 279 27 19 64
290 279 17 24 $.
335 279 36 19 Vid
390 278 177 30 sammanläggning
581 278 20 19 af
614 277 57 20 straff
682 277 49 25 gälle
745 279 29 17 ett
787 276 52 26 dygn
853 276 5 19 i
873 279 65 16 arrest

197 305 37 20 lika
248 305 46 20 med
308 307 29 18 ett
350 305 53 26 dygn
418 304 5 19 i
438 305 86 25 fängelse
538 305 47 19 eller
599 304 91 19 tukthus.

501 379 13 20 6
537 378 102 25 Kapitlet.

502 423 41 20 Om
557 423 73 20 böter.

252 463 25 19 65
292 461 16 26 $.
338 461 71 31 Högsta
427 461 71 26 belopp
512 461 21 20 af
545 461 62 24 böter,
623 460 97 21 hvarmed
734 460 112 27 förbrytare
859 460 33 20 må
906 461 34 20 be-

199 489 72 26 läggas,
288 494 47 14 vare
349 489 6 19 i
368 488 105 19 allmänhet
487 491 77 17 ettusen
579 473 63 45 mark,
658 487 34 20 det
705 489 63 24 lägsta
782 493 25 14 en
821 487 64 20 mark,

252 516 7 19 I
276 515 98 20 särskilda
390 515 41 25 fall,
450 515 67 19 hvilka
534 515 5 19 i
557 499 112 45 strafflagen
686 514 48 19 böra
751 514 135 25 bestämmas
881 509 11 35 ,
907 513 33 21 mä

199 542 57 20 likväl
270 542 57 19 böter
341 541 25 20 till
381 542 39 19 och
427 531 52 30 med
493 542 102 25 fyratusen
609 541 55 20 mark
678 540 64 20 kunna
754 541 109 26 förbrytare
873 530 68 31 ådöm-

200 574 51 15 mas.

252 595 26 20 66
292 595 18 25 $.
339 595 58 19 Böter
412 593 63 26 gänge
491 595 27 20 till
535 593 62 21 sådan
613 593 79 26 delning
709 594 82 19 emellan
806 594 78 19 Kronan
902 595 38 18 och

200 621 37 20 den
254 621 44 20 stad
314 621 47 20 eller
379 621 111 26 församling
506 621 11 19 å
538 621 77 23 landet,
636 621 52 19 inom
709 620 81 20 hvilken
808 621 133 25 förbrytelsen

200 647 62 20 skedd
279 649 31 22 är,
329 649 29 18 att
373 647 78 20 Kronan
469 647 84 20 erhåller
566 647 72 20 dubbel
652 647 36 20 lott
701 649 42 17 mot
757 649 70 17 staden
842 647 47 20 eller
903 648 38 18 för-

200 659 114 45 samlingen.

255 700 25 19 67
292 699 20 30 $.
343 700 58 19 Böter
418 699 54 20 skola
489 701 77 23 uttagas
579 698 42 20 från
635 698 37 21 den
687 699 105 20 sakfälldes
805 699 97 25 egendom
915 700 27 19 el-

201 726 29 19 ler
242 726 36 19 lott
291 726 5 19 i
310 728 123 23 gemensamt
446 726 32 25 bo,
494 731 32 14 om
540 725 34 20 det
587 725 36 20 ske
636 726 38 19 kan
688 726 77 19 förutan
778 727 48 18 hans
835 726 108 20 utblottan-

201 752 25 20 de
240 751 24 26 på
278 741 44 30 det
325 753 31 18 för
368 738 112 44 uppehället
494 752 160 25 nödvändigaste;
670 758 46 13 men
726 752 17 25 ej
753 752 33 19 må
796 753 39 18 fast
844 753 98 25 egendom

202 780 54 24 tagas
273 778 6 19 i
295 779 41 18 mät
352 779 30 18 för
399 779 62 18 böter.
493 778 62 20 Orkar
572 778 38 20 den
627 779 95 20 sakfällde
738 779 44 19 icke
800 779 78 26 erlägga
898 779 44 20 hela

202 805 156 25 bötesbeloppet,
374 806 45 18 sitte
434 805 5 19 i
454 808 65 17 arrest
532 806 29 18 för
575 806 41 18 allt.

254 832 26 18 68
295 831 17 25 $.
340 832 58 19 Böter
411 832 26 18 till
452 832 38 18 och
504 832 45 19 med
564 832 40 18 fem
617 832 56 19 mark
687 837 60 15 svare
761 834 42 17 mot
816 834 65 17 arrest
895 832 5 19 i
915 834 29 18 ett

202 857 62 26 dygn,
282 858 39 18 och
335 858 52 19 hvad
400 857 115 20 derutöfver
528 857 35 26 går
576 858 62 19 varde
651 858 113 20 förändradt
778 858 49 19 efter
841 858 102 20 enahanda

202 884 72 25 grund,
294 883 22 21 sä
330 886 29 18 att
373 884 56 19 böter
443 884 56 19 öfver
513 884 40 20 fem
568 884 25 20 tili
608 884 38 19 och
660 884 46 20 med
720 884 26 20 tio
760 884 55 20 mark
829 890 60 14 svare
902 887 42 17 mot

202 909 33 20 två
253 910 52 25 dygn
322 910 5 19 i
344 912 73 23 arrest,
433 916 18 13 o.
468 916 16 13 s.
500 916 21 14 v.
550 909 23 26 Ej
587 910 32 19 mä
634 910 52 20 dock
700 910 61 27 någon
776 910 29 20 för
818 911 57 20 böter
888 911 56 20 döm-

203 941 43 14 mas
259 937 28 19 till
302 939 65 17 arrest
380 937 5 18 i
400 937 65 24 längre
480 937 26 19 tid
521 938 24 18 än
559 937 63 19 sextio
636 937 61 26 dygn.

560 1009 29 22 I.

218 1054 94 28 Öfversigt
323 1057 22 20 af
354 1056 22 21 do
388 1057 110 24 straffarter,
510 1061 39 15 som
559 1057 33 19 för
602 1057 99 19 framtiden
712 1057 72 19 komme
795 1058 27 18 att
833 1057 97 20 afskaffas.

257 1098 25 19 69
297 1096 17 26 6.
342 1097 33 19 Till
390 1095 45 26 följe
449 1097 20 19 af
482 1097 9 19 1
507 1095 81 26 kapitlet
602 1096 5 19 i
621 1096 54 19 detta
689 1096 71 25 förslag
774 1095 80 20 komme
863 1095 83 26 följande

204 1124 126 19 härförinnan
347 1124 5 19 i
368 1123 89 20 Finlands
473 1121 134 26 brottmälslag
621 1118 117 41 föreskrifne
752 1123 58 19 straff
821 1125 28 17 att
862 1123 83 25 upphäf-

204 1155 50 19 vas
246 1145 13 35 ;

250 1167 48 28 ”1:0.
327 1175 73 30 Skärpt
413 1174 112 26 dödsstraff,
540 1174 108 21 bestående
661 1175 89 24 antingen
764 1175 6 19 i
780 1174 118 26 räbräkning
908 1175 38 19 och

206 1203 90 25 stegling;
315 1202 48 20 eller
379 1208 6 13 i
405 1202 61 25 högra
488 1201 86 20 handens
589 1201 136 30 afhuggning,
746 1201 143 26 halshuggning
908 1202 39 19 och

206 1219 90 35 stegling"
302 1229 48 19 eller
363 1227 146 26 bälebränning;
526 1227 47 20 eller
589 1228 5 18 i
608 1228 60 25 högra
682 1227 88 20 handens
780 1227 119 26 afhuggning
909 1227 37 20 och

206 1255 151 45 n
372 1254 49 20 eller
434 1254 6 19 i
454 1238 140 46 halshuggning
603 1242 43 31 och
650 1253 84 26 stegling
743 1254 48 19 eller
800 1253 144 25 bälebränning.

328 1280 71 20 Enkelt
415 1279 109 21 dödsstraff
539 1285 70 20 genom
623 1279 143 26 halshuggning
780 1280 47 19 eller
841 1279 104 25 hängning.

328 1305 114 27 Landsflykt
454 1305 63 26 jemte
531 1306 70 20 förlust
614 1306 20 19 af
646 1305 155 27 medborgerliga
815 1305 121 26 rättigheter.

329 1333 116 26 Fridlöshet.

330 1360 61 19 Ärans
406 1359 77 19 förlust.

330 1383 85 21 Stående
430 1384 32 19 vid
477 1383 102 26 skampåle
594 1384 45 19 med
653 1383 93 26 halsjern.

260 1412 40 19 7:0.
330 1409 87 22 Stående
434 1411 32 19 vid
483 1411 61 24 tings-
558 1411 47 20 eller
619 1410 151 20 rådstufvudörr
784 1410 45 20 med
843 1409 103 25 mjölkkärl

206 1437 7 20 +
228 1437 85 24 handen.
