1009 1800
205 126 31 20 116
424 125 71 22 Nädiga
507 124 141 24 Propositionen
661 124 36 17 N:o
709 124 16 17 7.

204 177 29 19 las
248 175 67 21 såsom
330 178 29 16 ett
372 175 87 19 kronans
474 175 73 25 regale.
576 174 70 19 Ehuru
659 173 64 19 denna
738 172 130 25 bestämning,
884 173 67 19 såsom

203 202 103 20 stridande
321 204 53 17 emot
388 201 92 20 Finlands
494 200 133 25 lagstiftnings
641 200 96 20 allmänna
753 200 151 24 grundbegrepp
918 204 32 14 om

205 228 141 26 eganderätten
363 228 28 19 till
408 228 38 19 fast
463 227 106 27 egendom,
589 227 114 19 sedermera
721 226 44 30 icke
783 229 32 23 egt
831 225 121 21 fortfarande

204 255 91 25 bestånd,
311 255 59 19 hafva
385 255 58 19 likväl
458 260 71 20 egares
544 254 21 19 af
577 254 94 19 strömfall
686 252 115 26 rättigheter
816 253 54 20 såväl
880 258 70 21 genom

204 288 70 14 senare
295 282 68 24 lagar,
385 287 45 14 som
451 286 72 20 genom
545 280 123 20 rättsbruket
689 279 51 19 varit
760 280 146 19 underkastade
924 279 28 19 in-

203 309 144 25 skränkningar
363 308 21 20 af
399 309 48 19 flere
464 309 49 25 slag.
545 307 26 20 På
589 307 73 19 sådana
680 305 86 26 grunder
783 312 62 21 synes
862 308 43 24 det,
924 305 29 21 åt-

204 336 99 19 minstone
316 334 54 21 hvad
385 336 128 25 obegagnade
527 334 96 20 strömfall
639 332 68 26 angår,
722 332 45 21 icke
781 339 47 14 vara
843 334 73 25 skäligt
926 336 27 18 att

205 362 78 26 tillägga
297 362 60 20 deras
371 368 59 19 egare
444 362 64 26 någon
523 361 116 25 ersättning,
655 366 32 14 om
703 360 122 30 strömfallen
840 362 68 19 kunna
923 361 29 19 för

206 389 66 25 nödigt
285 388 91 20 ändamål
392 389 80 19 komma
487 390 28 18 att
530 388 108 25 utgräfvas,
654 386 53 20 helst
720 387 33 20 det
766 387 43 20 icke
818 388 64 20 finnes
891 388 62 26 någon

207 416 59 19 säker
280 415 38 20 och
333 414 107 26 tillförlitlig
454 415 115 25 måttstock,
586 415 101 19 hvarefter
700 413 60 21 sådan
771 416 107 24 ersättning
887 414 67 20 kunde

206 442 110 25 beräknas...
339 442 34 24 Eu
390 445 57 18 annat
463 441 124 22 förhållande
603 447 52 21 eger
668 445 44 20 rum
729 446 33 21 om
780 442 121 20 strömfallen
919 442 34 18 äro

206 467 115 31 begägnäde
336 469 43 25 och
399 468 104 27 bebyggda
521 470 52 19 samt
591 462 64 40 genom
672 466 75 22 arbete
763 467 84 21 likasom
863 469 91 18 närmare

246 493 41 22 ade
299 489 32 35 vid
337 499 106 21 egarenes
458 501 103 18 personer,
576 493 20 21 åt
611 495 66 19 hvilka
692 493 25 20 de
731 494 38 26 ock
783 495 90 24 medföra
888 501 23 13 en
921 494 35 26 på-

208 522 74 20 räknad
301 521 92 20 inkomst.
422 523 37 18 Det
475 521 88 20 finnes'i
576 521 71 20 landet
663 520 71 26 inänga
748 522 124 24 vattenverk,
889 521 66 20 hvilka

207 548 113 20 tillkommit
334 548 46 20 med
394 549 66 19 vilkor
473 551 28 17 att
515 547 44 20 icke
573 547 18 20 få
607 551 68 22 utgöra
689 547 60 26 något
763 547 70 20 hinder
845 549 30 18 för
884 548 71 25 nödiga

208 575 188 25 strömrensningar.
425 575 7 20 I
449 575 32 20 fall
499 580 45 15 man
562 575 47 20 ville
626 576 75 23 strängt
715 573 87 21 vidhålla
815 575 56 19 detta
884 575 70 24 vilkor,

208 601 63 21 skulle
284 602 63 19 -äfveh
363 602 60 20 deras
441 607 59 20 egare
518 602 47 20 böra
579 601 121 21 fränkännas
715 602 23 19 all
753 604 40 18 rätt
806 601 27 20 till
845 602 111 25 ersättning

208 628 30 20 för
253 629 44 19 sina
307 628 98 20 -afstädda
419 628 108 21 förmåner.
555 629 43 19 Men
613 629 53 19 detta
681 633 49 15 vore
745 628 79 25 obilligt,
841 629 37 19 och
894 629 62 19 ehuru

208 654 35 20 det
258 656 45 19 icke
316 659 65 22 -synes
399 655 71 27 skäligt
486 658 29 18 att
531 655 112 25 fullständig
652 656 113 26 ersättning
779 655 51 20 efter
843 656 65 24 vanlig
922 655 36 20 be-

211 682 84 26 räkning
317 681 64 22 skulle
401 682 45 20 dem
467 682 141 25 tillerkännas
605 677 9 35 ,
629 682 57 20 torde
706 682 60 20 likväl
787 682 125 25 godtgörelse
927 682 30 20 för

209 707 70 26 sjelfva
294 708 77 21 verken
383 712 49 17 utan
446 710 94 19 afseende
553 708 25 27 på
592 709 59 20 deras
665 709 109 26 afkastning
783 708 44 20 icke
835 709 67 20 kunna
911 710 46 19 dem

210 735 105 24 förnekas;
329 735 35 21 det
378 736 71 26 tyckes
463 736 27 20 till
505 737 38 19 och
559 736 45 20 med
618 736 45 19 icke
678 742 47 13 vara
735 736 110 25 :obefagadt
855 739 29 17 att
892 736 65 20 denna

209 762 108 25 ersättning
333 762 72 20 blifver
423 763 5 19 i
446 762 63 26 någon
526 763 46 20 mån
590 763 50 19 efter
656 762 198 26 omständigheterna
871 762 85 25 förhöjd.

208 788 125 20 Beträffande
347 789 91 26 slutligen
453 790 72 20 sådana
540 789 126 24 vattonverk,
683 795 42 14 som
741 790 113 20 tillkommit
867 792 46 17 utan
923 789 36 20 nå-

207 821 36 20 gra
257 816 64 20 vilkor
335 816 20 19 af
367 816 84 20 nämnda
466 816 139 20 beskaffenhet
613 817 38 19 och
661 816 88 21 befinnas
757 817 84 25 lagligen
851 816 104 25 inrättade,

208 841 22 22 så
247 842 60 20 torde
317 842 39 20 det
373 848 47 15 vara
435 842 98 26 sjelffallet
547 845 27 18 att
589 849 25 13 en
629 843 112 26 fullständig
749 844 121 24 ersättning,
886 843 71 20 beräk-

208 869 37 20 nad
262 868 51 22 efter
327 869 90 20 :verkens
433 870 122 26 afkastning,
573 869 37 20 bör
627 870 130 20 tillförsäkras:
775 870 58 20 deras
850 875 66 21 'egare,
930 868 26 21 då

208 896 104 20 desämma
321 896 85 20 komma
420 899 28 17 att
461 896 148 20 undanskaffas.
753 906 2 2 .
849 909 2 4 i

261 923 30 19 En
308 928 62 14 annan
387 924 112 24 väsendtlig
516 924 51 19 brist
581 923 31 19 uti
625 923 91 25 gällande
730 923 134 26 författningar
876 924 23 18 är
912 922 46 22 sak-

209 948 62 20 naden
287 950 20 18 af
319 949 72 25 lagbud
406 955 33 13 om
453 949 120 25 jordegares
587 949 93 21 inbördes
694 950 135 26 skyldigheter
844 950 112 25 att:deltaga

209 975 27 21 uti
257 975 74 22 sådana
352 975 128 27 sjöfällnings-
500 977 39 19 och
556 976 193 26 gräfningsarbeten,
768 976 66 20 hvilka
843 976 38 20 för
897 976 60 20 deras

209 1007 148 20 gemensamma
372 1004 57 24 nyttä
443 1003 125 21 verkställas.
589 1003 95 20 'Enskilla
697 1002 105 26 jordegare
813 1003 65 20 borde
891 1003 65 20 kunna

210 1028 142 26 förpligtas
325 1024 33 35 till
367 1029 38 20 slik
418 1029 123 26 delaktighet
555 1030 47 20 eller
617 1032 34 21 att,
667 1029 36 20 Jer
716 1030 25 19 de
751 1029 142 21 sälant:hellre
903 1029 52 26 vilja,

208 1054 50 21 afstä
276 1056 30 19 sin
323 1056 61 19 fördel
403 1056 21 20 af
439 1056 78 20 arbetet
533 1055 21 20 ät
570 1056 55 23 dem,
642 1056 66 20 hvilka
723 1056 111 20 detsamma
848 1057 72 19 utföra.
948 1056 8 19 1

209 1082 143 25 sammanhang
368 1082 84 20 dermed
467 1082 59 20 torde
543 1082 34 20 det
590 1082 60 20 blifva
665 1082 110 26 nödigt'att
788 1083 96 20 fastställa
898 1083 60 20 ända-

210 1108 114 25 mälsenliga
338 1108 87 25 grunder
438 1109 30 18 för
483 1109 59 19 skifte
557 1109 20 19 af
589 1108 141 26 tillandningar,
747 1114 43 15 som
803 1104 69 34 genom
880 1108 78 25 -sjöfäl-

211 1136 68 23 Ringar
290 1134 93 26 uppstått
395 1135 39 19 och
448 1136 78 19 tillhöra
541 1135 48 19 flere
602 1135 94 25 delegare
709 1136 5 18 i
728 1136 230 25 samfäliighet.'-Härin-

210 1161 39 19 tills
267 1160 120 22 verkställda
402 1161 72 19 skiften
488 1162 23 19 af
522 1161 65 26 dylika
601 1162 138 24 tillandningar
751 1162 60 20 hafva
825 1162 5 19 i
843 1161 72 26 många
928 1162 30 20 af-

211 1186 87 21 seenden
315 1187 52 20 varit
385 1187 202 21 otillfredsställande.
615 1188 159 20 Skifteslotterna
788 1188 60 20 hafva
862 1189 40 19 ofta
911 1188 48 21 blif-

212 1213 93 25 vit'smä,
318 1213 105 26 oformliga
437 1214 38 19 och
491 1215 87 24 aflägsna
587 1217 58 17 samt
657 1214 116 25 derigenom
787 1215 29 19 för
829 1215 129 26 deras-egare

209 1245 44 15 mer
266 1239 48 20 eller
329 1239 76 20 mindre
418 1241 145 24 obegagneliga,
580 1240 105 20 hvarutom
700 1241 33 19 det
747 1241 46 20 icke
801 1242 66 19 sällan.
873 1241 87 20 inträffat

210 1268 28 17 att
254 1265 72 26 mänga
339 1265 114 26 jordegare,
472 1267 79 20 hvilkas
568 1267 56 20 mark
641 1267 52 20 förut
707 1269 80 24 gränsat
800 1268 28 20 til
842 1267 36 26 sjö,
894 1268 65 19 blifvit

209 1297 71 20 genom
297 1292 72 21 andras
385 1293 257 25 tillandningsskiften
594 1288 52 36 från
660 1293 43 25 sjön
719 1295 126 24 utestängda.
872 1295 43 19 För
930 1297 29 18 att

210 1317 96 26 befrämja
319 1324 25 15 en
353 1319 195 26 ändamälsenligare
560 1320 156 27 skiftesordaing
729 1321 68 20 kunde
803 1321 155 21 vederbörande

209 1345 131 23 strandegare
357 1345 135 19 underkastas
514 1347 93 17 inbördes
627 1347 95 23 rättighet
743 1347 40 19 och
793 1347 122 25 -akyhlighet
926 1349 34 17 att

211 1370 44 19 med
267 1370 113 26 .penniagar
390 1370 48 20 :lösa
451 1371 55 19 eller
520 1373 55 17 emot.
590 1371 107 25 penningär
711 1371 49 21 afstä
772 1371 76 21 sälänä
861 1372 99 26 jordstye-

209 1395 51 26 ken
254 1391 10 37 ,
272 1401 133 20 :som'genom
419 1396 60 20 skifte
493 1396 18 25 -ej
523 1398 69 20 kunna
608 1397 199 26 begvämiigen:dem
822 1399 85 20 emellan.
922 1399 38 19 för-

210 1422 64 21 delas;
293 1422 58 21 Detta
366 1422 71 27 tyckes
450 1422 38 21 ock
503 1423 65 23 kunna
578 1423 122 26 sä:mycket
716 1424 61 20 helire
793 1424 104 26 pähjudas,
907 1430 51 15 som
