1014 1773
427 341 28 33 2

243 477 6 6 .
262 449 67 34 Hans
343 449 153 34 Keiserliga
509 451 137 28 Majestäts
660 451 84 30 Nädiga
756 453 51 23 Pro-

217 478 81 23 osition
313 478 36 23 till
363 478 105 23 Finlands
485 479 99 28 ständer,
603 479 113 29 angående
733 481 74 22 förän-

216 506 79 22 ringar
314 506 40 23 och
371 506 82 28 tillägg
471 507 38 22 vid
526 507 112 23 allmänna
654 508 78 28 lagens
750 509 57 22 stad-

203 539 86 22 ganden
304 539 35 18 om
354 534 206 29 förmyndarevärd.

120 589 29 20 De
163 589 176 27 lagbestämningar
356 595 33 14 om
402 589 184 26 förmyndarevärd,
606 596 42 14 som
665 590 122 20 förekomma
801 591 5 19 i

67 617 60 18 slutet
141 616 20 19 af
173 615 138 25 Arfdabalken,
327 616 58 19 hafva
400 614 60 21 redan
474 617 54 25 länge
544 617 98 19 befunnits
659 623 48 13 vara
724 617 84 20 bristfäl-

67 642 36 25 liga
119 642 37 19 och
172 641 43 20 icke
229 641 88 20 medföra
332 641 37 20 den
384 642 88 20 enskilda
486 643 39 19 och
539 643 93 20 allmänna
647 643 100 25 säkerhet,
764 649 44 14 som

67 669 33 19 vid
113 669 54 19 detta
182 668 69 25 vigtiga
268 667 170 22 rättsförhällande
456 670 22 18 är
494 669 126 26 ovilkorligen
637 670 116 25 nödvändig.
772 670 36 20 Sä-

66 695 58 20 lunda
138 696 34 19 äro
186 695 134 19 domstolarne
334 695 89 25 skyldige
436 697 29 18 att
474 696 51 19 vaka
535 696 56 19 öfver
601 696 149 25 förmyndarens
758 696 50 20 vård

67 721 21 20 af
99 721 96 25 pupillens
209 721 103 25 egendom,
328 721 75 20 hvilket
417 722 52 19 alltid
482 721 66 20 mäste
562 727 47 14 vara
623 722 125 25 förknippadt
761 723 46 20 med

67 747 108 26 svårighet,
191 753 32 13 om
237 747 125 26 myndlingen
376 747 18 25 ej
409 748 36 19 har
459 748 87 25 fränder,
562 748 48 19 eller
626 748 60 19 desse
703 748 45 19 icke
764 749 43 19 full-

67 774 46 26 göra
127 774 30 19 sin
171 773 46 27 pligt
231 776 28 17 att
272 773 4 19 i
292 773 70 20 sädant
378 773 94 21 afseende
489 775 63 19 utföra
570 774 49 20 hans
637 775 57 19 talan.
706 775 30 19 En
746 775 61 25 lämp-

66 800 26 26 lig
111 802 61 24 utväg
192 801 25 19 till
236 802 28 17 att
277 799 85 26 afhjelpa
379 800 63 20 denna
459 802 103 24 olägenhet
578 806 61 20 synes
655 801 53 19 dock
725 806 81 15 numera

67 826 82 26 erbjuda
163 827 36 25 sig,
214 826 37 20 ifall
269 826 212 26 kommunalstyrelser
496 827 88 25 inrättas,
603 826 67 20 hvilka
687 828 51 18 hvar
754 828 53 19 inom

67 854 34 19 sitt
114 852 82 21 område
208 853 65 19 kunna
287 853 67 19 utöfva
371 858 24 14 en
412 853 53 25 dylik
483 853 156 19 kontrollerande
655 853 108 26 befattning
780 854 27 19 öf-

65 886 36 14 ver
117 879 135 26 förmyndare,
272 878 52 20 helst
339 878 114 27 derigenom
469 880 133 20 domstolarne
619 879 93 20 hänvisas
728 880 26 19 till
772 880 34 19 sitt

66 907 94 26 egentliga
177 905 106 26 åliggande,
303 907 28 18 att
348 905 77 25 vidtaga
442 905 67 26 åtgärd
526 907 47 18 eller
589 906 78 19 dömma
682 905 4 19 i
704 906 102 25 anledning

65 938 11 14 af
97 933 40 25 det,
153 938 45 13 som
211 932 50 19 inför
273 931 48 20 dem
334 932 87 19 anmäles
436 931 47 20 eller
497 931 75 26 påstås.

119 957 122 22 Beträffande
254 957 117 26 rättigheten
386 960 28 17 att
428 958 82 25 föryttra
524 957 94 26 pupillers
633 958 50 19 fasta
696 958 58 26 gods,
770 959 36 19 har

65 986 56 25 lagen
135 985 67 20 hittills
216 984 95 25 uppställt
325 985 63 19 alltför
402 985 79 25 stränga
491 984 70 25 vilkor,
574 989 44 14 som
628 984 44 20 icke
683 985 60 19 sällan
752 985 54 19 ländt

65 1012 125 26 myndlingen
205 1016 54 14 mera
274 1010 25 20 till
315 1011 61 20 skada
390 1011 25 18 än
429 1016 59 20 gagn,
504 1011 38 19 och
556 1010 57 20 likväl
632 1011 46 19 ökat
694 1011 112 26 förmynda-

65 1044 46 14 rens
125 1037 58 20 möda
198 1037 31 19 vid
245 1037 145 26 förvaltningen.
407 1037 155 20 Föreskrifterne
577 1043 33 13 om
623 1037 125 26 redovisning
765 1037 41 20 haf-

65 1070 25 13 va
105 1064 43 20 åter
161 1064 51 19 varit
225 1063 22 19 så
262 1063 116 20 obestämda
392 1065 28 17 att
434 1063 136 26 skyldigheten
588 1063 26 19 till
632 1063 48 20 dess
696 1063 110 25 afgifvande

65 1091 73 19 kunnat
152 1091 56 24 länge
222 1090 21 19 af
254 1089 139 26 förmyndaren
407 1089 126 24 åsidosättas;
549 1091 104 18 hvaremot
667 1089 139 26 förmyndaren

65 1117 38 19 ock
118 1117 92 19 stundom
224 1115 37 20 fått
274 1115 37 20 lida
326 1115 57 20 deraf
395 1117 27 18 att
440 1116 49 19 hans
506 1115 136 26 redovisning,
658 1116 64 19 fastän
736 1115 70 20 veder-

65 1143 87 25 börligen
167 1142 90 25 afgifven,
273 1141 140 23 underkastats
428 1141 80 20 klander
522 1142 49 19 först
582 1141 49 20 efter
641 1143 67 24 längre
718 1141 38 20 tids
767 1142 39 19 för-

65 1169 52 24 lopp,
133 1167 25 21 då
172 1168 57 20 bevis
243 1168 30 19 för
290 1167 96 26 åtskilliga
403 1167 80 26 utgifter
500 1168 20 19 af
534 1167 83 25 löpande
634 1167 136 20 beskaffenhet
787 1167 17 26 ej

66 1200 54 14 mera
135 1194 74 20 kunnat
223 1193 155 21 åstadkommas.
394 1194 8 19 I
415 1193 60 20 dessa
492 1194 105 19 afseenden
614 1193 95 20 behöfvas
727 1193 78 20 således

64 1226 38 21 nya
117 1221 38 19 och
169 1225 133 20 noggrannare
315 1220 152 25 bestämningar,
483 1220 77 19 hvilkas
569 1220 103 19 utförande
680 1220 72 25 jemväl
763 1225 42 14 me-

65 1247 51 20 delst
130 1247 224 25 kommunalstyrelsens
367 1246 94 20 tillkomst
475 1247 37 19 och
526 1246 95 19 anlitande
635 1246 128 20 underlättas.

117 1273 44 20 Med
176 1273 77 24 hänsigt
267 1273 25 20 till
308 1272 95 20 allmänna
416 1272 89 20 krediten
522 1273 36 19 har
574 1272 37 20 den
628 1272 126 20 förmånsrätt
770 1277 36 20 pu-

64 1299 58 26 pillen
139 1299 30 20 för
187 1299 28 19 sin
235 1299 80 20 fordran
334 1298 58 25 njutit
411 1298 5 19 i
436 1299 149 26 förmyndarens
606 1298 96 26 egendom
721 1298 85 20 medfört

64 1325 70 26 många
149 1326 131 25 olägenheter,
297 1324 25 21 då
338 1324 63 26 någon
420 1325 59 20 säker
495 1325 103 25 utredning
615 1324 18 26 ej
650 1325 73 19 kunnat
740 1324 66 20 åstad-

65 1351 91 20 kommas
174 1357 33 14 om
224 1357 24 13 en
265 1357 72 20 person
354 1351 63 20 blifvit
433 1351 26 20 till
477 1351 126 26 förmyndare
618 1351 114 25 förordnad,
754 1353 52 17 samt

65 1378 52 19 huru
130 1378 56 25 länge
200 1377 97 26 pupillens
311 1380 53 24 tysta
378 1378 153 25 hypotheksrätt
547 1377 5 19 i
569 1379 49 18 hans
635 1377 95 26 egendom
747 1383 58 19 qvar-

66 1403 49 19 står.
130 1405 67 17 Denna
212 1404 106 18 osäkerhet
331 1404 38 18 kan
383 1403 97 26 afhjelpas
493 1409 71 20 genom
572 1409 109 20 noggranna
689 1403 116 19 förtecknin-
