1006 1795
292 112 70 23 Nådiga
375 114 140 23 Propositionen
529 114 36 17 N:o
578 115 15 17 7.
788 116 31 18 129

71 163 58 25 skull,
146 163 117 20 åtminstone
278 163 59 27 enligt
352 164 111 20 Utskottets
478 164 143 26 öfvertygelse,
641 165 47 19 bero
706 165 64 24 deraf,
787 169 28 17 att

71 190 77 20 landets
164 190 85 19 Ständer
265 190 107 25 behörigen
389 190 109 21 medverka
515 191 26 19 till
559 191 126 25 densamma,
705 191 46 20 icke
767 192 48 20 blott

70 221 71 20 genom
156 216 171 21 att:aflemna,
300 212 34 36 ett
344 217 119 21 motiveradt
479 216 99 21 utlåtande
595 217 100 27 angående
711 218 62 20 blotta
791 219 24 19 de

70 242 82 20 ledande
166 242 160 26 grundsatserna,
343 246 45 17 utan
403 244 37 19 ock
454 249 71 19 genom.
539 246 28 16 att
580 244 45 25 gilla
635 245 38 18 och
683 247 70 23 antaga
764 243 52 26 sjelf-

70 274 23 14 va
107 269 39 20 den
161 270 36 24 lag,
215 270 61 19 hvars
290 270 75 25 uppgift
379 270 34 19 Jet
426 270 67 20 blefve
508 273 27 17 att
550 270 118 26 förverkliga
685 272 40 18 och
743 272 71 28 stadfö-

69 298 30 17 sta
113 296 61 20 dessa
187 296 136 25 grundsatser.
342 296 43 21 Och
399 297 110 20 Utskottets
523 297 134 25 öfvertygelse
673 297 6 19 i
697 298 54 25 detta
768 297 48 21 hän-

69 322 73 20 seende
157 325 22 17 är
194 321 21 21 sä
230 323 82 25 mycket
326 323 79 25 fastare,
421 329 45 13 som
480 324 33 19 det
527 324 6 18 i
553 323 64 20 denna
632 324 35 19 sak
682 325 22 18 är
717 322 55 29 fråga
782 330 33 14 om

45 352 62 22 "att,
126 348 24 26 på
167 349 63 25 grund
247 350 21 19 af
283 350 34 20 det
332 349 65 21 finska
414 350 73 24 folkets
504 350 190 27 rättsmedvetande,
715 350 58 26 «göra
790 356 24 14 en

68 376 52 26 lag,»
136 382 33 13 om
181 375 63 20 också
259 375 44 20 icke
317 376 29 19 för
360 376 31 26 all,
407 376 118 23 åtminstone
535 377 30 25 för
574 381 23 15 en
609 377 82 25 mycket
701 376 43 27 lång
754 378 61 25 fram-

55 414 3 2 +
68 402 34 20 tid.
121 410 1 10 :
132 404 44 18 Men
186 403 68 19 ehuru
269 403 101 20 Utskottet
383 402 86 26 således,
486 404 61 24 enligt
561 401 63 21 denna
638 404 31 19 sin
683 403 129 26 uppfattning,

68 429 114 25 bordt.ingä
198 430 6 18 i
218 435 24 14 en
258 434 99 21 noggrann
366 431 118 24 granskning
493 430 20 19 af
521 430 34 20 det
564 430 72 24 förslag
646 430 26 23 till
683 428 112 28 förordning
808 431 5 19 i

68 457 72 24 ämnet,
157 461 44 14 som
214 456 39 19 den
269 455 74 26 Nådiga
360 457 148 24 propositionen
526 455 113 27 innehåller,
659 457 36 18 har
709 454 105 28 Utskottet

49 496 2 2 -
68 481 58 21 likväl
141 481 70 20 afstätt.
222 481 93 26 derifrän,
332 483 82 19 emedan
428 483 150 25 propositionen
595 485 54 16 emot
666 488 24 22 en
707 481 61 21 sädän
785 483 30 19 åt-

68 508 48 25 gärd
130 509 95 24 uppställt
239 511 29 18 ett
282 509 80 25 hinder,
376 509 61 19 hvars
454 508 159 26 undanrödjande
630 508 45 19 icke
691 509 52 26 legat
760 509 53 28 inom

69 535 116 24 Utskottets
198 535 124 26 befogenhet.
338 536 149 25 Propositionen
501 534 68 21 består
583 535 96 26 nemligen
693 536 21 21 af
726 534 33 21 två
770 536 44 19 huf-

68 561 110 26 vuddelar,
194 562 21 19 af
227 561 67 20 hvilka
308 561 38 22 den
360 562 51 19 förra
425 563 47 19 eiler
488 561 131 26 inledningen,
638 561 134 20 innehållande
789 568 23 14 en

68 581 113 38 utförligare
189 588 132 26 .redogörelse
335 589 29 18 för
378 589 25 22 Je
417 589 106 25 principer,
539 594 52 20 som,
614 589 59 24 enligt
686 585 64 23 Häns
763 589 51 26 Kej-

68 615 85 26 serliga
167 614 122 26 Majestäts
302 615 60 25 åsigt,
377 615 63 20 borde
454 616 64 25 läggas
527 615 32 24 till
572 615 63 27 grund
647 615 29 19 för
690 612 70 27 sjelfva
774 616 39 19 för-

68 641 106 26 ordningen
196 642 6 19 i
219 643 79 24 ämnet,
309 641 81 21 afslutas
406 642 45 24 med
465 642 34 20 det
513 640 72 29 tydliga
603 642 37 19 och
658 639 105 29 beståmda
777 642 36 20 till-

69 668 163 26 kännagifvandet
246 671 28 17 att
287 669 135 26 nyssberörda
436 669 206 25 författningsförslag,
661 667 76 21 hvilket
751 668 62 21 bildar

37 701 9 10 <<
69 696 159 25 propositionens
242 695 85 20 sednare
341 695 38 26 del,
395 695 64 20 skulle
477 695 100 26 betraktas
595 695 70 19 endast
682 700 44 14 som
743 701 25 15 en
785 696 29 19 bi-

60 723 61 24 Jaga,
139 721 92 26 vidfogad
244 722 32 19 för
288 724 33 19 att.
331 722 122 20 «underlätta
468 722 121 25 ölversigten
603 722 38 19 och
657 721 156 26 behandlingen»

70 749 21 19 af
103 748 26 20 de
144 749 92 24 grunder,
252 749 126 24 som-utgöra
388 748 105 21 föremålet
501 749 30 19 för
535 743 166 53 Propositionens
710 748 53 19 förra
773 748 38 26 del,

69 775 39 19 och
123 780 32 14 om
170 775 66 19 hvilka.
254 775 105 21 äfvensom
377 775 72 20 «andra
466 775 79 20 dermed
565 773 249 26 sammanhängande"
773 769 45 35 frå-

69 806 49 20 gor»
132 800 111 20 Ständerne
257 800 50 26 egde
320 802 28 18 att
359 800 128 24 «samråda.»
502 798 72 28 Denna
583 799 62 31 likaså
655 800 159 28 bestämäa'som

70 822 73 36 tydliga
156 828 104 24 anvisning
276 828 35 18 har
327 826 98 21 Utskottet
439 827 46 19 icke
498 827 77 25 kunnat
587 826 109 20 åsidosätta
713 829 53 17 samt
779 826 37 20 fin-

69 859 37 14 ner
118 854 31 25 sig
163 854 25 20 till
204 853 50 26 följd.
264 853 56 20 deraf
332 852 102 22 föranlåtet
447 856 28 17 att
488 852 105 20 inskränka
607 852 30 20 sin
646 852 120 28 granskning
775 855 38 18 och

53 893 2 3 :
70 880 34 20 sitt
117 880 47 19 Jerä
179 880 102 25 grundade
295 880 122 22 :betänkande
432 880 26 19 till
473 879 158 26 propositionens
641 879 52 19 förra
702 879 57 24 del.
751 875 10 35 '

113 921 2 3 .
123 907 82 25 Vägledt
214 907 21 19 af
242 906 139 21 meranämnda
396 906 203 26 författningsförslag,
615 905 68 28 finner
693 905 101 20 Utskottet
809 907 4 18 i

69 933 38 20 den
124 933 243 26 Nådiga..propositionen
382 933 40 22 fem
442 932 132 20 hufvuddelar
594 932 48 19 eller
662 932 151 27 hufvudfrågor.

69 960 121 26 Ordningen,
207 959 57 20 hvari
277 959 25 20 de
316 959 113 25 behandlas,
445 961 22 18 är
480 959 52 20 dock
547 959 44 19 icke
605 958 115 20 densamma
734 959 5 19 i
754 960 60 19 inled-

69 987 73 24 ningen
158 987 39 19 och
214 987 5 18 i
237 986 226 25 författningsförslaget.
491 986 33 19 Att
540 985 111 25 Utskottet,
669 986 6 18 i
686 985 99 25 afseende
802 985 11 20 å

58 1025 2 6 »
70 1013 40 20 den
123 1013 25 26 på
163 1013 102 20 Utskottet
277 1013 146 21 ankommande
437 1012 100 25 åtgärden,
553 1010 59 21 bordt
621 1011 44 25 följa
676 1011 38 28 den
725 1011 88 26 ordning,

70 1045 44 14 som
129 1041 22 19 är.
165 1040 5 19 i
185 1039 125 26 inledningen
326 1039 107 26 iakttagen,
449 1038 86 27 framgår
548 1038 25 19 ur
586 1038 35 19 det
635 1037 126 26 föregående.

118 1067 69 20 Sedan
201 1066 35 20 det
249 1065 148 26 knapphändiga
407 1066 38 22 och
455 1065 207 23 otillfredsställande-i
676 1065 39 19 den
729 1065 87 26 gällande

70 1093 145 26 lagstiftningen
229 1092 99 26 angående
341 1092 167 26 vattenledningar
521 1092 5 19 i
530 1092 112 26 allmänhet
654 1090 123 28 framhållits,
787 1092 28 19 fä-

54 1128 6 7 4.
70 1122 47 18 Ster-
122 1119 150 26 propositionen
287 1119 12 19 i,
304 1119 71 21 första.
382 1121 93 22 rummet
482 1118 208 26 uppmärksamheten,
694 1111 34 36 vid
737 1117 76 30 bristen

71 1146 63 25 päven
149 1147 40 25 lag;
202 1145 59 26 enligt
274 1145 80 20 hvilken
370 1145 117 25 vattendrag
499 1145 39 19 och
546 1144 126 25 vattenverk,
685 1140 43 36 som,
742 1140 73 36 hindra-

70 1173 25 20 de
112 1173 62 26 nyttig
194 1171 114 27 sjöfällning,
327 1171 144 28 strömresning
488 1171 47 20 eller
550 1171 171 28 kanalanläggning,
749 1170 66 25 kunde

70 1200 147 25 exproprieras.
234 1199 101 21 Utskottet
351 1198 54 21 delar;
416 1199 13 22 i
447 1199 36 20 allo
499 1197 77 26 äsigten
593 1203 33 14 om
642 1197 25 20 nö
683 1183 132 45 vändigheten

71 1227 21 19 af
107 1232 24 14 en
149 1225 62 20 sådan
229 1227 39 25 lag,
287 1231 45 15 men
349 1225 37 20 kan
403 1225 91 20 deremot
510 1225 44 20 icke
571 1224 26 20 till
615 1224 37 20 alla
669 1224 54 27 delar
737 1221 78 24 biträda

70 1253 53 20 hvad
137 1253 148 25 propositionen
299 1251 107 20 innehåller
420 1252 103 25 angående
535 1251 24 20 de
569 1251 135 26 grundsatser,
716 1255 45 24 som
771 1251 45 19 bor-

67 1280 29 19 de
108 1280 59 25 göras
181 1279 88 26 gällande
283 1279 13 19 i,
303 1279 123 19 densamma.
442 1278 25 23 Sä
483 1278 110 25 nödvändig
608 1278 38 19 och
662 1278 26 19 tili
704 1277 45 24 följd
759 1277 58 20 deraf

71 1306 109 25 berättigad
194 1306 117 21 samhällets
323 1305 199 25 expropriationsrätt
534 1305 59 25 äfven
608 1306 28 23 är,
646 1303 62 28 likaså
725 1303 92 20 väsendt-

70 1333 36 24 ligt
119 1332 137 25 är-det..ock,
271 1335 29 17 att
310 1332 56 19 hvar
379 1331 39 19 och.
432 1337 35 19 en,
483 1333 54 17 emot
550 1330 79 20 hvilken
647 1330 64 19 denna
729 1331 38 17 rätt
783 1335 36 13 an-

71 1359 50 25 litas,
138 1358 84 20 erhåller
237 1359 32 19 full
286 1357 109 25 ersättning
411 1358 30 18 för
457 1358 40 24 den
512 1356 80 26 egodel,
611 1356 38 25 han
667 1356 74 27 nöugas
758 1355 57 19 afstå.

40 1395 2 3 +
55 1386 45 19 .-De
114 1384 191 24 sakförhållanden;
319 1383 24 26 pä
356 1384 67 26 grund
442 1384 71 24 hvaraf
527 1382 146 26 propositionen
691 1381 82 21 föreslår
790 1384 27 17 att

44 1423 1 3 :
62 1410 227 26 tdetvexproprierande
306 1410 114 22 samhällets
439 1409 230 26 ersättningsskyldighet
682 1408 67 28 skulle
770 1413 47 14 vara

423 1447 10 11 iF
500 1455 3 3 0
520 1451 30 8 JEE
583 1448 2 5 '
650 1447 11 12 >
