989 1745
171 125 42 33 440
390 127 72 24 Nädiga
473 127 140 24 Propositionen
625 126 36 19 N:o
673 127 28 17 16.

381 185 38 19 gon
434 179 79 25 ändring
531 179 22 24 af
565 178 22 19 de
602 179 7 18 i
623 177 82 26 krigslag
713 175 155 28 förekommande
888 182 32 13 an-

382 207 206 19 svarsbestämmelser
581 199 10 37 i
598 205 87 26 afscende
695 205 12 19 ä
717 205 47 22 dem,
775 210 39 13 som
825 205 26 18 till
861 203 59 25 krigs-

384 235 73 20 makten
472 235 52 19 höra.

440 263 25 19 34
479 263 17 25 $.
528 263 68 19 Denna
604 261 114 26 förordning
733 261 53 19 träde
805 261 6 18 i
826 260 93 20 verksam-

385 292 30 19 het
430 292 34 19 den
481 307 2 4 .
501 305 130 6 n.
647 289 40 20 186
703 305 4 4 .
723 305 4 4 .
744 289 122 22 Misshandel,
881 295 39 13 som

384 321 121 26 derförinnan
514 320 101 26 föröfvats,
630 325 41 12 men
680 319 36 24 för
730 317 72 20 hvilken
820 317 60 25 straff
896 316 24 20 då

383 349 17 25 ej
414 353 23 15 är
455 348 90 20 bestämdt
563 353 65 20 genom
647 349 68 23 utslag,
735 353 40 12 som
792 347 65 18 vunnit
876 347 44 23 laga

386 377 50 26 kraft
451 379 42 17 eller
507 377 16 25 ej
539 375 127 27 öfverklagadt
680 375 74 23 varder,
769 374 49 19 skall
827 373 34 20 ock
876 375 45 24 efter

385 404 62 21 denna
457 405 111 24 förordning
583 403 83 26 straffas,
687 410 30 13 om
735 403 31 19 det
784 408 76 17 ansvar,
880 408 40 13 som

385 435 55 24 enligt
454 433 35 20 den
501 433 37 19 bör
551 432 12 19 å
579 432 66 19 brottet
655 432 58 25 följa,
733 434 23 16 är
775 430 100 25 lindrigare
894 433 26 16 än

385 461 37 24 det,
438 467 38 13 som
491 461 63 25 derför
567 461 6 18 i
588 460 52 19 äldre
655 463 30 22 lag
699 461 43 18 eller
745 459 114 26 författning
869 457 51 20 stad-

385 490 46 25 gadt
445 491 54 18 varit.

234 524 128 24 Helsingfors,
379 523 38 20 den
434 523 22 19 13
471 523 79 19 Januari
565 521 59 21 1864.

384 704 91 19 Finlands
486 703 85 20 ständers
581 702 129 27 underdäniga
721 710 44 13 svar
774 701 12 20 &
796 702 70 26 nädiga
878 709 42 19 pro-

312 734 107 24 positionen
429 731 95 26 angäende
535 730 54 26 dräp,
599 734 46 17 utan
655 730 69 27 uppsät
734 734 27 17 att
772 731 56 23 döda,
839 731 33 19 och
887 738 33 12 an-

316 768 38 13 nan
368 761 114 19 misshandel
496 759 12 20 &
521 765 74 20 person.

364 800 145 22 (Lagatskottels
522 798 113 18 betänkande
650 799 34 17 N:o
698 799 37 20 16).

462 841 57 19 S.A.
533 841 23 18 K.
572 846 19 14 o.
607 841 30 18 S.!

232 896 24 19 E.
272 894 24 20 K.
311 893 85 21 M:t'har
410 894 6 18 i
430 899 24 15 en
471 893 92 20 Finlands
580 893 79 19 ständer
677 893 85 26 förelagd
780 893 122 26 proposition
916 894 5 18 i

180 922 61 20 nåder
260 920 100 26 föreslagit
376 920 105 20 ständerne
495 919 108 26 antagande
616 920 21 18 af
652 925 23 14 en
693 920 111 25 förordning
821 919 101 27 angående

179 948 55 27 dräp,
250 951 46 17 utan
310 946 73 27 uppsät
396 949 28 18 att
438 946 56 26 Jöda,
511 947 38 19 och
563 951 61 15 annan
639 946 118 20 misshandel
772 946 11 21 ä
798 952 81 20 person.

234 974 150 25 Granskningen
398 973 20 20 af
431 973 62 20 denna
507 972 69 27 nådiga
591 973 121 25 proposition
727 974 35 19 har
779 973 95 20 föranledt
888 973 34 20 nä-

178 1007 34 20 gra
226 1001 157 25 anmärkningar,
399 1000 65 19 hvilka
479 999 104 27 ständerne
594 998 79 26 utbedja
687 1000 30 25 sig
730 1002 28 17 att
772 999 18 20 fä
804 1000 36 19 här
849 1000 73 19 nedan-

179 1029 43 18 före
235 1029 5 18 i
255 1026 155 26 underdänighet
423 1026 114 19 framställa.

232 1053 67 20 Sedan
314 1054 9 19 1
340 1053 38 19 och
385 1047 13 35 2
414 1052 21 25 $$
444 1053 76 25 stadgat
529 1051 58 20 straff
593 1052 30 19 för
632 1052 99 25 uppsätlig
739 1052 120 21 misshandel
870 1055 52 17 samt

179 1079 134 24 vårdslöshet,
330 1079 134 25 oförsigtighet
481 1079 38 19 och
535 1079 148 22 försummelse,
703 1079 129 25 hvarigenom
848 1078 71 26 någon,

178 1109 47 18 utan
239 1105 73 27 uppsåt
325 1108 28 17 att
366 1105 68 26 dräpa,
451 1104 59 21 vållat
523 1110 75 14 annans
613 1105 44 24 död,
673 1105 129 20 föreskrifves
816 1105 6 20 i
836 1106 10 19 3
856 1105 17 25 $,
885 1108 35 23 att,

177 1138 36 15 om
226 1132 63 26 någon
304 1137 71 20 genom
388 1132 120 19 misshandel
523 1131 80 25 tillfogat
617 1137 61 13 annan
695 1131 61 20 sådan
773 1131 146 26 kroppsskada,

177 1162 31 17 att
220 1159 63 20 denne
297 1159 58 19 deraf
366 1157 52 26 ljutit
432 1158 69 25 döden,
516 1163 47 14 men
577 1157 74 20 skadan
670 1158 41 19 blef
725 1158 109 20 dödsorsak
852 1159 69 19 endast

178 1187 7 17 i
204 1186 87 25 förening
307 1185 46 19 med
370 1184 177 26 omständigheter,
565 1184 25 19 de
606 1184 45 25 der,
671 1187 47 17 utan
735 1185 186 26 gerningsmannens

177 1212 67 25 skuld,
261 1211 72 20 efteråt
346 1211 117 26 tillkommit,
480 1211 175 26 gerningsmannen
670 1211 17 25 ej
702 1210 32 20 må
744 1212 69 19 dömas
823 1211 27 20 till
860 1212 62 25 högre

178 1238 64 25 straff,
258 1240 24 18 än
297 1239 6 18 i
318 1239 11 19 2
344 1237 10 26 $
371 1239 65 24 säges.
466 1239 55 18 Detta
539 1237 109 25 stadgande
666 1239 58 18 hafva
741 1239 58 18 äfven
816 1237 105 20 ständerne

178 1265 32 19 för
224 1265 30 19 sin
268 1265 31 19 del
314 1263 96 27 godkänt;
430 1269 44 14 men
491 1264 83 19 emedan
590 1264 25 19 de
632 1263 123 28 läkareintyg
772 1270 43 14 som
833 1265 5 18 i
855 1264 65 27 dylika

176 1290 92 25 dråpmål
283 1290 51 24 tjena
348 1290 134 19 domstolarne
495 1290 27 19 till
537 1290 78 24 ledning
629 1290 32 19 vid
676 1290 130 19 bedömandet
817 1291 21 19 af
846 1291 75 19 bottets

179 1316 145 24 beskaffenhet,
340 1316 92 18 stundom
445 1315 66 19 kunna
526 1315 103 24 innehålla,
646 1318 28 17 att
690 1315 63 20 döden
770 1316 44 20 icke
831 1316 51 19 varit
895 1322 25 13 en

176 1342 118 20 omedelbar
308 1341 46 26 följd
368 1342 21 19 af
401 1341 134 26 förbrytarens
548 1341 99 26 handling,
658 1342 43 19 utaf
709 1342 20 19 af
737 1348 60 14 annan
807 1342 114 26 derigenom

176 1368 9 20 i
199 1369 115 19 versamhet
328 1370 39 18 satt
381 1367 66 26 orsak,
464 1368 47 19 eller
523 1370 30 18 att
562 1368 128 26 handlingens
702 1368 76 26 dödliga
787 1369 75 19 verkan
872 1369 50 19 kun-

177 1398 35 17 nat
225 1400 70 20 genom
310 1395 55 26 tidigt
382 1394 86 20 användt
484 1394 111 20 botemedel
613 1394 141 27 förekommas,
774 1396 48 20 eller
839 1396 37 20 ock
894 1398 28 17 att

177 1421 118 27 handlingen
308 1422 50 20 blott
370 1422 31 20 för
417 1420 63 26 någon
498 1421 84 21 särskild
599 1422 214 26 kroppsbeskaffenhet
829 1422 37 21 hos
883 1422 37 20 den
