1000 1775
277 151 71 23 Nådiga
359 153 140 23 Propositionen
512 155 36 17 N:o
560 155 28 17 12.
771 156 34 18 275

324 202 30 20 60
374 203 19 25 8.
428 204 41 19 Den
488 204 36 20 här
536 204 111 26 föreslagna
667 206 137 24 gemensamhet

260 231 35 25 för
309 230 47 23 dem,
371 237 42 13 som
428 232 82 25 undergå
525 233 123 24 arreststraff,
668 232 31 19 må
718 232 39 19 icke
776 235 27 17 ut-

266 258 85 19 sträckas
366 259 27 19 till
407 258 23 20 de
446 260 48 18 olika
510 260 65 23 könen,
590 262 46 17 utan
646 260 53 20 skola
709 263 93 17 arrestan-

266 288 28 16 ter
307 286 24 25 af
343 286 92 20 hwardera
450 287 53 20 könet
517 287 60 22 hållas
592 288 81 24 afskilda
682 288 48 25 från
749 288 53 19 hvar-

266 313 66 20 andra.

498 355 12 20 5
524 355 54 26 Kap.

323 393 29 20 63
367 393 19 26 &.
421 393 42 20 Den
484 395 36 19 här
532 395 112 25 föreslagna
663 395 101 26 beräkning
783 396 23 25 af

266 421 104 26 strafftider
383 423 7 18 i
406 422 80 24 tukthus,
495 423 87 26 fängelse
595 424 33 19 och
642 426 67 21 arrest,
719 430 41 13 som
768 427 34 16 äro

266 449 74 20 kortare
355 453 26 16 än
395 453 25 16 ett
437 451 47 25 halft
497 450 28 24 år,
545 451 58 19 varde
622 451 80 20 sålunda
722 452 80 23 ändrad,

265 480 28 17 att
312 478 32 19 vid
352 479 132 24 frihetsstraff,
504 485 40 13 som
562 480 7 18 i
587 479 91 20 månader
695 482 59 17 utsatt
772 483 30 19 är,

266 505 63 26 hvarje
344 505 71 20 månad
428 506 49 20 skall
490 507 72 20 räknas
578 507 26 19 till
619 508 60 19 trettio
694 508 55 25 dygn.

496 562 14 20 6
524 562 53 25 Kap.

322 600 28 21 68
365 602 19 25 8.
414 602 42 18 Den
471 602 35 20 här
520 602 113 20 omnämnda
649 602 63 26 grund
719 603 36 25 för
773 602 29 19 bö-

266 632 37 16 ters
311 630 115 25 förändring
442 631 26 19 till
482 630 122 26 arreststraff,
619 631 57 19 varde
689 630 74 20 ändrad
772 630 30 20 så-

265 657 64 25 lunda,
345 661 27 16 att
387 661 26 17 tre
428 658 50 26 dygn
491 660 7 18 i
512 661 61 17 arrest
586 659 54 19 skola
654 666 57 12 svara
721 661 37 17 mot
773 658 29 20 bö-

267 688 27 17 ter
309 686 27 20 till
350 686 33 20 och
398 686 42 20 med
448 688 72 24 femton
534 686 60 24 mark,
610 687 97 25 hvarefter,
717 687 43 19 med
770 687 32 19 till-

265 714 69 26 ökning
348 716 8 17 i
370 716 133 24 arreststraffet
518 716 23 24 af
552 717 25 17 ett
591 715 50 25 dygn
650 716 7 18 i
667 715 72 23 sender,
750 716 52 18 hvar-

261 742 21 25 je
297 742 127 26 efterföljande
439 743 50 25 dygn
502 746 105 16 motsvaras
622 743 23 25 af
657 743 51 19 böter
727 744 26 18 till
771 744 32 18 och

263 769 44 19 med
315 771 41 25 fem
371 770 61 23 mark,
448 771 22 19 så
485 773 28 17 att
521 772 48 24 fyra
584 770 51 26 dygn
649 778 57 12 svara
720 774 38 16 mot
772 770 30 20 bö-

265 800 28 16 ter
307 799 51 25 öfver
371 800 68 22 femton
455 800 26 18 till
496 800 32 18 och
542 799 43 19 med
600 798 51 25 tjugu
660 798 61 24 mark,
732 805 16 13 o.
759 805 15 13 s.
784 806 17 12 v.

322 826 28 19 69
365 827 19 25 8.
414 825 28 27 Af
454 827 22 19 de
492 827 26 19 till
532 826 61 20 denna
604 826 12 25 &
627 826 82 20 hörande
723 833 79 13 momen-

265 856 28 17 ter
307 854 53 20 skola
374 854 14 19 9
403 854 33 20 och
451 854 28 19 10
494 856 124 18 momenterna
626 854 75 25 förstäs
715 854 87 23 sälunda,

265 884 29 17 att
308 882 108 25 kungörelse
431 884 7 17 i
452 882 60 25 kyrka
527 888 29 13 om
565 882 99 25 föröfvadt
679 882 47 19 brott
740 883 62 24 äfven-

265 917 40 12 som
320 910 26 19 all
356 910 118 25 vanhederlig
484 910 108 26 begrafning
602 910 99 25 afskaffas,
716 911 35 18 den
761 911 41 18 sist-

265 937 83 20 nämnda
360 938 28 25 pä
405 937 68 21 sådant
491 941 43 20 sätt,
555 941 28 16 att
602 937 53 20 likets
674 939 128 24 nedgräfning,

265 973 45 12 vare
324 967 28 25 sig
366 972 66 19 genom
447 967 128 25 skarprättare
589 967 7 18 i
610 965 46 26 skog
666 967 44 18 eller
717 965 85 26 galgbac-

265 995 34 23 ke,
319 994 44 19 eller
377 995 51 25 eljest
446 995 70 25 afsides
534 995 7 18 i
560 995 44 18 eller
621 997 50 16 utom
690 993 112 27 kyrkogärd,

265 1025 77 17 ersättes
355 1029 67 19 genom
436 1022 61 20 sådan
519 1023 7 18 i
544 1022 67 19 stillhet
633 1023 79 18 skeende
731 1022 71 25 begraf-

265 1052 50 24 ning,
331 1057 39 13 som
385 1052 123 18 omnämnes
501 1046 13 34 i
518 1050 68 25 Kongl.
617 1050 140 25 Förordningen
768 1050 35 19 den

264 1078 26 19 29
307 1077 81 21 Oktober
402 1077 50 20 1725
467 1079 33 18 och
515 1078 67 25 Kongl.
613 1078 136 25 Förklaringen
768 1077 35 20 den

264 1106 13 19 4
291 1106 81 25 Augusti
386 1106 58 24 1727;
460 1107 92 18 hvaremot
562 1106 82 25 fängelse
653 1106 32 19 vid
697 1108 63 17 vatten
770 1106 33 19 och

265 1134 52 23 bröd,
332 1141 40 13 som
386 1135 7 18 i
408 1134 25 19 17
446 1136 98 17 momentet
556 1133 86 23 omtalas,
654 1133 33 20 bör
696 1133 107 23 bibehållas,

265 1163 16 25 ej
291 1163 80 19 allenast
380 1161 62 21 såsom
452 1169 37 19 aga
499 1163 7 18 i
518 1162 131 25 straffanstalt,
664 1164 46 17 utan
725 1162 33 19 ock
773 1161 28 19 sä-

264 1197 41 13 som
323 1191 60 25 straff
391 1192 36 24 för
443 1190 131 26 lifstidsfänge,
591 1190 71 20 hvilken
671 1191 88 25 föröfvar
772 1196 31 13 ur-

264 1219 43 20 bota
322 1218 53 21 brott.

328 1280 89 20 Finlands
430 1280 73 19 ständer
514 1280 106 19 frambärda
632 1280 34 19 ete.

114 1331 129 26 Helsingfors,
259 1331 39 20 den
313 1330 25 20 30
352 1331 52 19 Mars
420 1330 57 20 1864.
