1006 1803
202 143 38 32 104
424 145 71 22 Nådiga
505 144 139 23 Propositionen
658 143 35 16 N:o
705 143 16 16 6.

201 196 25 19 de
240 195 57 20 flesta
311 195 30 19 fall
356 193 127 26 öfvergifvas.
507 194 10 24 $
533 194 10 19 7
559 192 93 25 erbjuder
665 197 25 14 en
705 197 36 20 ny,
758 191 67 19 hittills
839 189 44 20 icke
893 189 52 30 tillå-

202 225 32 16 ten
248 223 62 22 utväg
325 223 28 17 att
366 219 86 26 afhjelpa
463 222 27 17 ett
499 219 62 27 dylikt
575 217 179 25 missförhållande,
770 218 38 18 och
823 215 123 26 gagnelighe-

202 250 31 17 ten
248 248 21 19 af
282 247 52 20 hvad
348 247 62 20 denna
425 246 10 25 $
449 246 5 19 i
469 246 53 19 detta
537 245 94 20 afseende
644 243 83 20 föreslår
740 245 22 18 är
772 243 21 20 så
804 243 82 26 mycket
896 243 50 18 stör-

202 279 28 20 re,
246 280 45 13 som
304 273 38 20 den
356 272 71 21 tillåter
441 278 59 19 egare
513 273 21 18 af
547 277 23 14 en
585 271 60 20 sådan
661 270 72 26 egolott
747 272 28 17 att
788 269 45 20 icke
848 269 50 29 blott
913 273 34 20 ge-

202 306 48 14 nom
263 301 48 26 byte
324 302 48 17 utan
385 300 58 19 äfven
457 304 71 20 genom
544 297 112 26 försäljning
670 297 27 19 till
712 301 62 15 annan
788 295 90 26 lägenhet
894 300 52 14 inom

204 327 123 25 skifteslaget
341 326 84 19 afhända
440 325 29 25 sig
483 325 115 20 densamma
613 326 51 17 samt
678 323 6 19 i
698 323 93 20 afseende
805 322 10 19 å
826 323 56 26 bytet
891 321 55 20 med-

203 353 63 25 gifver
280 353 39 19 den
332 352 80 24 lättnad,
429 354 27 17 att
470 352 25 19 de
509 351 102 26 egolotter,
628 355 43 14 som
687 349 82 20 sålunda
784 349 63 26 bytas,
859 349 44 19 icke
913 348 34 19 be-

204 380 57 19 höfva
277 384 46 14 vara
338 379 20 19 af
370 383 75 15 samma
460 378 73 18 storlek
551 378 48 18 eller
616 376 142 20 beskaffenhet.
788 376 33 18 Att
835 377 28 17 ett
877 374 70 20 sådant

202 406 48 26 byte
265 406 47 19 eller
326 405 38 25 köp
378 404 38 20 kan
431 404 80 19 inverka
525 403 24 26 på
564 403 25 19 de
603 402 42 20 deri
659 401 95 25 ingående
769 401 128 20 hemmanens
907 401 39 18 för-

203 431 57 26 måga
274 434 28 17 att
316 431 47 20 bära
378 430 53 20 skatt
444 430 37 20 och
496 430 60 19 öfriga
571 430 72 19 besvär
657 429 54 19 inses
725 428 40 25 lätt,
782 429 37 18 och
829 427 116 29 förbehållet

203 458 75 25 derom,
295 460 28 17 att
337 457 37 20 den
388 457 111 25 förändring
513 456 5 19 i
547 461 44 14 deras
605 456 73 18 mantal
693 454 38 20 och
749 454 58 26 skatt,
830 460 45 14 som
895 454 51 19 deri-

202 490 72 20 genom
288 484 38 20 blir
339 483 116 25 nödvändig,
471 483 49 19 skall
535 482 5 20 i
555 482 82 25 behörig
651 482 82 24 ordning
749 481 80 23 utföras,
853 482 22 18 är
896 480 49 20 såle-

203 511 36 20 des
252 511 21 19 af
285 510 94 20 behofvet
392 508 105 27 -påkalladt.
527 510 57 18 Detta
599 508 70 25 gäller,
685 508 60 25 enligt
762 507 111 21 Utskottets
887 506 57 26 åsigt,

203 538 58 18 äfven
274 542 34 14 om
321 536 133 24 föreskriften,
470 538 29 17 att
512 535 33 20 vid
560 534 70 25 hvarje
644 534 69 20 sådant
727 534 46 20 aftal
788 534 53 19 karta
856 534 56 19 öfver
921 533 25 19 de

203 564 42 19 deri
260 562 112 26 inbegripna
387 568 73 19 egorne
474 563 35 19 bör
522 563 103 24 upprättas
645 561 37 19 och
703 560 107 26 behörigen
831 560 112 20 fastställas.

203 590 44 19 Och
262 590 29 19 får
304 589 101 20 Utskottet
419 588 77 20 således
511 588 87 25 förorda,
615 590 27 16 att
656 588 10 25 $
681 588 10 19 7
707 588 20 19 af
739 587 109 20 Ständerne
865 589 81 23 antages

204 615 124 21 oförändrad.

257 669 21 26 $$
299 670 4 19 8
312 680 26 3 —
349 669 21 20 41
387 668 96 20 innehålla
497 669 72 24 förslag
583 668 25 19 till
624 668 25 19 de
664 668 130 25 stadganden,
810 673 44 14 som
871 669 76 18 ansetts

203 695 69 26 nödiga
289 695 100 27 angående
404 694 158 26 jordafsöndring
579 695 5 18 i
599 695 103 18 inskränkt
716 695 87 24 mening.
832 694 65 25 Enligt
911 693 10 26 $
935 694 12 19 8

203 727 47 21 eger
262 721 157 25 jordafsöndring
432 727 56 19 rum
481 715 10 37 ,
504 721 24 20 då
544 726 57 20 egare
616 721 20 19 af
648 721 92 25 lägenhet
754 720 87 20 derifrån
862 719 86 20 öfverlå-

204 751 30 17 ter
247 748 57 20 mark
319 748 26 20 till
360 753 73 14 annans
448 753 37 19 ego
500 750 53 17 emot
567 747 118 20 förbindelse
699 750 28 16 att
741 747 42 19 viss
797 746 64 26 afgäld
871 746 76 25 årligen

204 776 79 24 utgöres
297 775 27 19 till
346 776 104 17 stommen.
480 775 29 18 De
523 773 168 26 inskränkningar,
713 779 44 14 som
778 774 5 19 i
805 773 143 25 sammanhang

204 801 83 19 härmed
301 801 51 19 dock
366 800 89 25 föreslås,
472 802 33 18 äro
520 803 79 17 tvenne:
615 802 28 17 att
657 803 111 17 stommens
780 800 120 20 besutenhet
909 800 39 19 och

205 826 130 26 sjelfbestånd
349 827 44 19 icke
407 827 114 26 äfventyras
536 830 51 17 samt
601 829 28 17 att
643 827 39 19 den
695 826 116 21 afsöndrade
820 826 83 20 marken
912 826 36 20 bör

206 854 52 20 bilda
274 856 27 18 ett
315 854 190 24 sammanhängande
519 853 81 21 område
614 854 21 18 af
647 853 120 20 åtminstone
780 854 43 26 fyra
833 852 112 26 tunneland,

205 881 5 18 i
224 880 81 20 hvilken
319 880 127 20 nästnämnda
461 880 144 26 omständighet
618 880 99 25 undantag
730 880 58 20 likväl
810 880 111 25 medgifves
941 880 5 19 i

206 906 59 26 några
279 908 5 18 i
299 907 10 25 $
322 906 129 26 uppräknade
465 907 38 19 fall.
532 907 108 24 Utskottet,
656 912 44 14 som
715 908 4 18 i
732 906 129 27 jordegarens
878 906 70 25 ifråga-

206 934 88 19 varande
307 933 134 26 berättigande
455 939 34 13 ser
503 939 24 14 en
541 933 66 27 åtgärd
622 932 18 26 ej
655 934 48 19 blott
717 933 5 19 i
735 932 213 26 jordbruksnäringens

207 962 46 17 utan
267 961 59 19 äfven
341 961 5 18 i
361 960 60 26 öfriga
436 960 100 26 -näringars
550 960 92 25 intresse,
658 960 61 19 finner
734 960 29 26 sig
777 960 78 20 derföre
866 965 83 20 uppma-

206 986 48 20 nadt
268 990 28 16 att
310 986 68 20 såsom
392 992 24 14 en
430 986 76 25 verklig
521 986 50 20 brist
584 987 4 19 i
603 987 25 19 de
643 986 119 26 väsendtliga
775 987 173 25 bestämningarne

206 1014 104 24 anmärka,
326 1014 95 18 hurusom
437 1013 242 26 afsöndringsrättigheten
693 1015 22 17 är
728 1013 103 20 inskränkt
845 1013 70 20 endast
922 1012 26 20 till

206 1040 63 19 mark.
285 1035 39 35 Fall
329 1040 132 22 förekomma
475 1039 44 20 icke
533 1040 67 25 sällan,
617 1040 24 20 då
656 1046 24 13 en
693 1040 92 25 lägenhet
798 1041 36 19 har
848 1043 14 17 t.
879 1046 32 13 ex.
922 1041 29 18 ett

205 1066 25 26 på
245 1066 67 25 längre
327 1066 47 19 eller
389 1066 80 19 kortare
483 1066 75 19 afstånd
573 1067 77 24 beläget
664 1066 51 19 fiske
729 1067 47 18 eller
786 1067 101 24 strömfall,
906 1071 43 14 som

205 1098 73 20 egaren
292 1092 92 25 antingen
399 1093 44 19 icke
457 1093 38 18 kan
509 1093 48 19 eller
571 1093 44 19 icke
630 1093 30 20 vill
677 1093 94 24 begagna,
787 1099 46 14 men
848 1094 61 19 hvars
923 1092 27 19 af-

204 1119 94 25 söndring
312 1119 64 20 skulle
390 1119 74 20 bereda
481 1118 50 21 både
549 1120 73 19 honom
639 1120 39 19 och
695 1119 86 25 köparen
798 1119 63 26 någon
879 1119 68 20 fördel.

204 1145 106 24 Utskottet,
327 1151 43 14 som
384 1146 59 19 äfven
458 1151 59 14 anser
531 1145 116 21 förbehållet
661 1151 33 14 om
705 1148 110 18 stommens
826 1145 122 21 fortfarande

204 1171 131 26 sjelfbestånd
349 1172 37 20 lida
401 1173 20 19 af
434 1172 94 20 öfverflöd
542 1172 24 25 på
581 1173 42 24 ord,
640 1172 63 20 håller
717 1172 55 20 alltså
788 1173 41 19 före
843 1175 28 17 att
885 1178 60 14 mom.

205 1200 10 19 4
231 1199 5 19 i
250 1199 63 20 denna
328 1198 10 25 $
352 1198 61 20 borde
427 1199 74 20 erhålla
515 1198 84 26 följande
613 1199 117 20 förändrade
743 1199 84 26 lydelse:

331 1251 36 20 Vill
380 1250 104 27 jordegare
498 1251 41 20 från
555 1252 29 19 sin
598 1253 91 24 lägenhet
702 1253 26 19 till
743 1258 74 14 annans
832 1258 37 19 ego
883 1253 66 18 öfver-

277 1277 37 20 låta
330 1277 55 20 mark
399 1279 47 18 eller
460 1284 63 14 annan
537 1278 63 20 dertill
616 1279 85 19 hörande
718 1278 73 21 förmån
806 1282 54 16 emot
877 1279 72 19 förbin-

275 1305 57 19 delse
345 1306 27 17 att
386 1305 43 18 viss
443 1305 63 25 afgäld
527 1304 75 27 årligen
624 1305 26 19 till
672 1308 99 17 stommen
791 1306 88 24 utgöres,
903 1311 46 14 vare

274 1331 62 19 sådan
350 1330 112 25 afsöndring
476 1331 80 25 tillåten,
572 1331 37 19 ifall
625 1332 179 23 stomlägenhetens
819 1331 130 24 sjelfbestånd

274 1356 114 25 derigenom
403 1356 44 19 icke
461 1357 123 26 äfventyras.

216 1434 4 4 —
236 1422 2 2 >
256 1407 123 28 Beträffande
393 1413 62 15 mom.
471 1409 12 19 2
499 1409 5 19 i
517 1409 63 20 denna
595 1408 10 26 $
619 1410 22 18 är
655 1409 100 27 Utskottet
764 1409 109 21 nödsakadt
882 1411 28 18 att
919 1409 30 20 af-

202 1435 53 25 gifva
269 1434 33 20 två
317 1434 136 26 väsendtligen
468 1435 108 26 skiljaktiga
592 1436 109 25 yttranden.
714 1438 16 18 Å
745 1442 35 14 ena
795 1436 54 20 sidan
865 1437 36 18 har
914 1436 33 20 det
