1000 1817
192 138 38 32 256
407 141 73 22 Nädiga
491 141 138 22 Propositionen
642 140 37 18 N:o
690 140 29 18 12.

194 190 106 21 straffande
313 191 22 19 af
346 190 25 20 de
380 190 97 20 särskilda
491 190 87 24 brotten,
597 195 44 14 som
657 189 112 25 tillräckligt
785 189 60 19 allvar
862 189 30 18 för
908 190 28 17 att

194 217 61 23 verka
269 216 149 24 afskräckande,
433 215 62 25 jemte
508 216 34 19 det
555 216 111 19 detsamma
681 216 58 19 äfven
749 220 70 20 genom
828 214 109 20 anlitandet

194 243 21 20 af
227 242 134 26 ceilfängelser
377 244 52 17 samt
445 241 106 26 fängarnes
568 241 153 25 klassificering,
740 241 142 24 undervisning:
898 240 38 19 och

195 269 126 26 förpligtande
336 269 26 19 till
379 268 68 19 arbete
465 268 68 25 borde,
553 267 54 26 långt
623 273 55 14 mera
698 269 24 18 än
739 268 24 19 de
781 273 24 13 nu
823 266 113 26 begagnade

194 295 88 25 straffen,
299 296 64 18 kunna
378 294 60 20 verka
452 295 26 20 till
496 294 147 26 förbrytarenes
659 294 116 25 förbättring
792 296 52 17 samt
860 293 78 25 Jderige-

194 327 46 14 nom
254 321 17 26 ej
286 323 81 18 alienast
380 321 122 20 förekomma
517 321 80 25 mänget
611 320 75 20 återfall
701 321 6 19 i
721 321 59 24 brott,
795 322 48 17 utan
856 320 59 19 äfven
929 319 5 20 i

194 349 60 25 högre
268 348 46 20 män
327 347 92 20 befordra
435 348 114 20 samhällets
563 347 99 20 säkerhet.

247 375 33 20 Till
295 373 84 26 följande
392 375 149 25 anmärkningar
555 379 58 14 anser
628 373 99 20 Utskottet
741 373 38 20 den
788 372 146 26 ifrågavarande

195 401 147 26 propositionen
356 401 52 19 dock
422 401 52 26 gifva
488 401 111 26 anledning:

249 429 8 19 I
272 429 9 19 4
297 428 10 25 $
322 429 9 18 4
349 427 44 26 kap.
409 428 36 19 har
459 427 100 21 Utskottet
573 427 69 20 saknat
658 427 88 25 fängelse
763 426 32 20 vid
813 429 67 16 vatten
896 427 40 19 och

196 454 49 21 bröd
259 454 64 20 ibland
338 454 24 19 de
376 455 95 19 allmänna
486 454 115 24 straffarter,
617 459 44 14 som
675 453 84 20 föreslås
777 456 28 17 att
821 453 27 20 till
865 454 73 19 använ-

197 481 63 20 dande
274 481 5 19 i
293 480 104 20 framtiden
412 481 111 24 fastställas;
540 481 38 18 och
592 481 5 18 i
612 481 23 18 17
650 482 109 18 momentet
773 480 21 19 af
805 480 26 20 69
845 479 10 26 $
868 482 70 23 uppta-

196 513 35 20 ges
245 507 54 20 detta
313 507 57 20 straff
381 507 58 20 äfven
454 507 65 21 ibland
532 507 25 20 de
573 507 140 26 nubegagnade
733 506 118 24 straffarter,
870 506 68 20 hvilka

196 535 29 19 för
239 533 106 21 framtiden
359 533 62 20 borde
439 533 99 25 afskaffas,
557 534 63 19 ehuru
637 533 46 20 med
700 533 38 20 den
754 532 141 27 inskränkning
909 535 29 18 att

196 561 111 20 detsamma
331 560 64 19 skulle
418 561 5 18 i
447 559 172 21 straffanstalterna
643 559 18 20 få
684 559 100 20 användas
805 559 67 19 såsom
893 565 43 20 aga.

196 586 113 21 Emellertid
331 586 35 20 har
383 587 86 26 fängelse
487 587 33 19 vid
537 589 67 16 vatten
622 587 38 19 och
677 586 58 25 bröd,
755 586 58 25 enligt
829 585 53 20 hvad
905 586 33 19 Ut-

197 613 74 20 skottet
285 613 36 19 har
336 613 28 25 sig
377 613 78 24 bekant,
471 613 45 20 icke
529 613 76 25 ådragit
619 613 29 24 sig
663 612 60 25 något
732 612 117 20 allmännare
859 613 80 24 ogillan-

197 640 45 19 de
233 634 12 36 i
259 639 77 25 landet
337 634 9 36 ,
354 642 47 17 utan
417 641 36 18 har
469 642 87 17 tvertom
572 639 5 19 i
595 638 69 27 många
681 639 30 19 fall
729 639 53 19 visat
798 639 29 26 sig
845 645 48 14 vara
910 641 29 18 ett

198 666 110 25 tillräckligt
321 666 100 19 korrektiv
437 669 53 16 emot
504 665 96 25 åtskilliga
614 666 137 25 förbrytelser.
767 666 8 18 I
784 666 97 19 anseende
895 666 44 18 här-

199 692 26 20 till
240 692 39 20 och
292 691 25 21 då
331 692 100 20 Utskottet
445 692 17 26 ej
477 692 61 20 heller
552 692 73 19 kunnat
634 692 103 26 godkänna
747 691 26 20 de
783 692 20 18 af
810 691 90 20 Komiten
909 692 33 19 för

198 718 48 21 dess
262 718 120 20 afskaffande
400 719 80 20 anförda
497 718 94 25 motiver,
609 724 60 14 anser
685 718 102 20 Utskottet
803 718 87 26 fängelse
906 718 34 20 vid

198 748 69 17 vatten
281 746 38 18 och
333 745 49 20 bröd
396 746 47 20 böra
457 746 5 18 i
477 746 38 19 den
528 750 39 21 nya
581 745 112 25 strafflagen
708 744 108 20 bibehållas
831 744 67 20 såsom
912 750 26 14 en

199 772 70 19 allmän
283 771 93 25 straffart,
392 772 80 20 hvilken
487 772 32 19 vid
533 771 98 25 åtskilliga
645 772 53 19 brott
711 771 67 19 kunde
786 772 100 19 användas
896 771 43 20 dels

199 798 68 20 såsom
288 800 28 17 ett
331 797 160 26 "sjelfbestäende
508 798 58 20 straff
580 798 38 20 och
635 798 42 20 dels
693 798 30 19 för
741 800 28 17 att
785 799 73 19 ersätta.
875 798 63 24 böter,

199 824 46 20 dem
259 824 39 20 den
312 824 87 20 sakfälde
413 824 17 26 ej
445 824 75 20 förmår
533 824 63 25 gälla.
612 824 80 20 Straffet
705 824 70 24 skulle,
787 825 58 25 enligt
859 824 81 20 Utskot-

199 852 40 19 tets
253 850 58 26 äsigt,
327 851 5 19 i
347 851 104 20 allmänhet
465 850 100 26 undergäs
579 851 6 19 i
599 850 109 25 länehäkte,
723 856 52 19 men,
795 851 33 19 vid
843 856 98 14 samman-

200 876 93 20 träffande
307 877 47 20 med
366 880 59 17 annat
438 878 134 24 frihetsstraff,
588 877 28 20 uti
629 877 38 19 den
685 877 134 25 straffanstalt,
837 877 36 20 der
887 878 53 18 detta

200 904 85 19 sednare
306 904 48 20 skall
372 903 74 25 utstäs;
465 904 39 20 och
521 904 62 20 borde
599 903 70 26 fängen
686 909 48 14 vara
751 904 110 26 berättigad
877 906 29 17 att
922 902 18 21 fä

200 930 117 26 sysselsätta
338 930 30 25 sig
386 930 46 20 med
450 931 67 19 arbete
534 931 31 19 för
581 931 88 19 Kronans
687 930 88 26 räkning,
795 932 64 18 ehuru
876 930 64 26 någon

199 956 120 26 förpligtelse
332 959 29 17 att
374 957 67 20 arbeta
456 957 44 19 icke
517 957 62 21 borde
596 958 71 18 honom
685 956 113 25 åhvälfvas,
818 958 5 18 i
841 956 101 20 anseende

200 983 25 19 till
243 983 91 19 straffets:
349 983 106 26 inflytande
472 983 25 25 på
514 985 50 19 hans
580 983 157 25 kroppskrafter.
767 984 90 19 Likasom
874 984 68 18 nuför-

199 1009 52 20 tiden
267 1009 62 20 borde
343 1009 88 20 kortaste
449 1010 55 20 tiden
521 1010 30 19 för
567 1010 48 19 dess
631 1009 130 20 användande
778 1015 47 14 vara
843 1010 44 26 fyra
903 1010 38 18 och

199 1036 76 25 längsta
288 1036 53 20 tiden
355 1035 95 26 tjuguåtta
465 1036 59 26 dygn;
540 1042 45 14 men
599 1036 25 25 pä
637 1036 35 19 det
686 1036 76 20 straffet
775 1036 44 20 icke
835 1035 62 20 måtte
914 1036 27 19 in-

199 1062 62 20 verka
275 1063 81 25 menkigt
369 1062 25 25 på
408 1063 149 25 förbrytarenes
571 1063 61 24 helsa,
648 1062 63 20 borde
728 1062 77 24 kosten,
825 1063 50 19 efter
892 1062 50 24 olika

199 1091 66 17 orters
279 1089 42 24 sed,
338 1089 79 24 utgöras
431 1089 91 26 antingen
536 1090 22 18 af
571 1088 32 20 två
617 1088 80 20 marker
711 1088 58 20 hårdt
783 1090 46 18 eller
843 1091 30 17 tre
890 1094 52 14 mar-

199 1114 34 20 ket
250 1114 64 25 mjukt
327 1115 49 19 bröd
394 1115 43 19 utaf
452 1116 102 19 enahanda
571 1115 143 25 beskaffenhet,
734 1121 44 13 som
796 1116 60 24 öfriga
873 1114 68 27 fångar

200 1141 21 18 af
232 1141 78 20 Kronan
325 1140 80 26 åtnjuta;
422 1141 105 20 hvarutom
541 1141 33 19 det
590 1141 62 19 borde
668 1141 107 20 öfverlåtas
793 1140 19 20 åt
828 1141 114 26 fängelselä-

200 1167 62 20 karen
277 1170 28 17 att
319 1167 30 20 för
366 1167 73 20 sädane
453 1168 117 26 förbrytare,
587 1167 66 20 hvilka
667 1167 5 19 i
687 1167 98 20 anseende
800 1167 26 20 till
837 1166 105 27 sjuklighet

200 1194 47 19 eller
261 1193 101 26 kroppslig
375 1193 84 26 svaghet
472 1194 67 20 kunde
553 1194 19 19 af
585 1193 38 20 den
637 1199 66 20 magra
718 1194 71 19 kosten:
804 1194 38 19 lida
860 1199 82 20 synner-

200 1221 35 24 ligt
248 1226 45 13 men
308 1220 26 19 till
350 1220 29 19 sin
393 1220 61 25 helsa,
470 1221 29 19 för
513 1220 70 25 hvarje
597 1220 38 25 dag
650 1219 90 21 förordna
754 1220 61 20 sådan
829 1220 52 25 kost,
898 1226 44 14 som

201 1246 6 19 i
220 1246 65 26 dylika
299 1246 31 19 fall
346 1246 65 19 kunde
425 1253 46 13 vara
486 1246 115 25 erforderlig
615 1247 39 18 och
667 1247 45 19 med
731 1246 87 20 straffets
835 1248 31 18 art
879 1247 63 19 fören-

201 1273 32 24 lig.
263 1272 24 20 Af
303 1278 75 14 samma
396 1273 41 20 skål
456 1273 65 20 kunde
539 1273 56 19 äfven
613 1272 19 19 åt
651 1273 72 19 sådane
741 1273 61 19 friska
822 1273 118 26 förbrytare,

201 1304 44 13 som
260 1299 80 19 komme
354 1301 28 17 att
395 1299 88 26 undergå
497 1299 54 20 detta
566 1299 74 19 straff
634 1294 12 35 i
654 1300 67 24 längre
736 1299 27 20 tid
777 1301 25 18 än
816 1298 33 20 två
860 1299 80 25 veckor,

202 1325 39 19 och
254 1325 65 20 hvilka
333 1324 70 26 sjelfve
417 1325 65 20 kunde
497 1331 47 14 anse
559 1325 42 20 sina
618 1325 75 20 krafter
711 1331 47 14 vara
776 1326 21 19 af
811 1325 77 20 straffet
902 1326 41 19 allt-

202 1352 30 18 för
245 1351 82 25 mycket
341 1351 110 25 medtagna,
467 1351 94 25 erbjudas
576 1351 71 20 tillfälle
662 1355 28 16 att
704 1352 50 19 efter
773 1351 71 24 fjorton
859 1352 85 19 fasteda-

201 1382 36 20 gar
251 1377 62 19 under
327 1382 31 19 en,
374 1378 38 18 och
426 1377 50 20 efter
490 1378 113 25 ytterligare
616 1376 32 26 sju
661 1377 112 26 fastedagar
786 1377 62 20 under
862 1377 32 20 två
912 1378 32 19 fri-

202 1403 61 26 dagar
276 1402 72 21 erhålla
362 1403 68 26 vanlig
443 1403 170 26 fängförplägning;
629 1409 46 14 men
690 1404 5 19 i
705 1403 73 20 sådana
788 1403 29 20 fall
828 1403 62 20 borde
900 1403 45 20 des-

203 1434 22 15 sa
239 1429 84 26 fridagar
339 1430 44 21 icke
397 1430 90 21 afräknas
502 1430 41 20 från
557 1430 91 24 straffet,
660 1431 64 19 ehuru
741 1430 140 25 fängelsetiden
899 1431 46 20 med
