1048 1731
281 130 237 24 Petitionsbetänkande
536 131 36 22 N:o
587 131 32 22 14.
789 134 12 20 3

72 196 39 19 del.
143 195 63 20 Sedan
222 201 41 14 mer
278 198 25 17 än
319 195 26 19 30
361 195 23 19 är
403 195 37 19 har
461 195 40 20 hon
523 196 78 19 inträdt
624 196 7 18 i
654 197 113 22 statstjenst
789 202 41 14 som

71 225 108 22 lärarinna,
205 225 59 18 sedan
281 224 26 19 15
323 224 50 19 eller
391 223 28 20 20
442 224 21 19 år
486 226 23 17 är
531 225 40 18 hon
594 224 79 19 anstäld
696 225 32 18 vid
751 227 79 22 posten,

71 253 108 24 telegrafen
196 253 35 19 och
248 253 99 18 särskilda
362 253 132 22 embetsverk,
511 253 36 18 der
562 253 75 18 hennes
660 253 78 19 biträde
761 253 69 20 befun-

72 281 40 19 nits
127 281 90 24 lämpligt
232 281 37 19 och
284 281 107 24 gagneligt,
407 281 32 19 för
454 283 29 17 att
499 282 18 23 ej
534 281 40 19 tala
590 287 31 13 om
644 281 75 19 bennes
742 283 88 19 anlitade

73 310 120 19 medverkan
212 309 63 20 såsom
291 309 118 20 vaccinatris
425 309 37 20 och
477 310 137 19 accoucheuse
630 310 33 19 vid
678 310 152 20 läkarevården.

73 338 74 19 Medan
163 338 102 19 samhället
281 338 83 19 sålunda
379 338 74 19 anlitar
467 338 48 19 flere
534 338 78 19 hundra
634 338 95 19 kvinnors
752 339 79 19 biträde

74 368 6 17 i
96 367 139 22 befattningar,
250 367 74 22 hvilka,
345 372 30 13 om
399 367 23 18 de
446 369 24 16 än
492 367 46 19 icke
560 367 108 19 förutsätta
691 367 49 19 eller
763 367 68 20 fordra

74 395 209 23 universitetsstudier,
307 395 52 19 dock
381 395 59 19 alltid
461 395 49 19 böra
526 395 130 19 tillerkännas
672 395 58 20 hafva
745 401 51 19 gagn
811 395 22 20 af

74 429 25 14 en
114 424 61 23 högre
191 424 96 19 teoretisk
302 423 163 24 underbyggnnd,
484 424 62 19 måste
563 424 34 19 det
611 424 33 19 väl
660 429 58 14 anses
742 429 41 14 som
806 430 25 13 en

74 452 79 19 sällsam
168 452 146 19 inkonsekvens
330 454 30 17 att
375 453 102 22 samtidigt
491 454 106 22 utestänga
611 452 87 19 kvinnan
721 452 44 20 från
787 453 44 19 uni-

74 481 110 19 versitetet.
213 481 79 18 Hennes
308 481 77 18 inträde
402 481 36 19 der
453 483 22 16 är
489 481 47 19 icke
552 483 29 16 ett
596 481 66 18 tidens
677 481 101 24 hugskott,
797 482 34 19 det

75 512 22 17 är
112 510 57 23 länge
185 509 102 19 förberedt
302 510 37 18 och
354 515 45 13 man
414 510 37 18 har
465 510 62 18 redan
543 510 58 24 länge
618 512 39 16 sett
679 510 64 19 henne
767 510 64 20 såsom

75 538 120 19 åhörarinna
210 538 6 19 i
231 537 156 20 auditorierna.”

148 566 64 20 Sedan
227 567 55 19 detta
297 567 92 23 yttrande
405 566 70 25 afgafs,
498 566 37 19 har
558 569 28 16 ett
609 567 116 19 decennium
747 567 86 20 förflutit

76 595 36 19 och
128 594 68 24 frågan
217 596 99 18 därunder
337 595 117 24 ytterligare
477 595 71 19 hunnit
570 600 78 18 mogna.
678 595 43 19 Den
744 596 89 24 kvinliga

76 624 222 23 elementarbildningen
313 624 36 18 har
365 629 69 18 genom
450 624 124 18 inrättandet
594 624 21 18 af
636 623 196 25 fortbildningsläro-

75 652 74 19 värken
166 652 36 19 och
218 652 131 24 uppkomsten
365 652 20 19 af
400 652 110 19 samskolor
525 652 66 19 blifvit
614 652 55 19 fotad
684 652 26 24 på
726 659 24 13 en
765 653 67 23 mång-

75 680 86 24 sidigare
177 681 69 23 grund,
263 681 79 18 hvilken
357 680 63 19 måste
443 683 48 21 göra
515 681 35 18 det
571 680 73 20 lättare
667 680 31 20 för
721 682 38 18 den
781 687 52 18 unga

75 709 87 19 kvinnan
177 711 29 17 att
221 709 82 23 tillegna
318 709 29 23 sig
363 710 34 18 det
412 709 160 25 kunskapsmått,
596 715 41 13 som
653 709 78 19 fordras
749 710 32 19 för
803 711 30 18 in-

74 738 57 19 träde
148 738 32 18 vid
196 738 143 18 universitetet.
370 737 40 19 Det
425 738 39 18 kan
480 737 69 19 därför
564 738 44 18 med
628 738 93 19 säkerhet
743 741 89 21 antagas,

75 768 30 17 att
120 768 29 17 ett
164 766 37 19 allt
216 766 95 19 talrikare
327 766 55 19 antal
397 766 86 19 kvinnor
497 766 7 19 i
521 766 39 19 den
575 768 99 17 närmaste
686 766 79 20 framtid
781 766 52 20 skall

76 794 49 20 söka
140 794 59 20 vinna
214 794 114 20 akademisk
343 794 166 25 medborgarrätt,
526 795 37 19 och
579 795 82 19 därmed
679 796 102 23 möjlighet
803 797 30 17 att

75 824 45 18 med
134 829 84 13 mannen
235 823 45 19 täfla
296 828 31 14 om
343 823 33 19 det
391 823 71 23 högsta
478 824 84 18 vetande
573 823 38 19 och
622 824 38 18 den
675 824 61 23 makt,
746 830 41 13 som
802 824 30 19 in-

75 852 63 18 nebor
152 852 7 18 i
174 852 123 24 kunskapen.

144 880 38 24 Jag
198 880 59 24 vågar
278 880 81 19 härmed
382 880 101 19 vördsamt
505 880 87 24 anhålla,
616 882 30 18 att
668 880 165 24 borgareståndet

76 908 46 19 ville
137 908 70 20 förena
222 909 29 23 sig
267 914 30 14 om
313 914 24 13 en
353 908 85 24 petition
454 908 6 19 i
477 908 34 19 det
527 908 58 24 syfte,

282 972 31 18 att
329 970 81 21 kvinna
428 971 37 20 må
487 970 36 21 vid
548 970 125 28 Kejserliga
695 971 138 22 Alexanders

217 997 147 22 Universitetet
373 999 58 27 efter
441 998 114 28 behörigen
565 999 91 28 aflagda
667 999 170 28 kunskapsprof

213 1029 54 18 utan
283 1027 77 20 därtill
375 1027 107 21 särskildt
499 1027 120 21 utvärkadt
642 1028 101 21 tillstånd
766 1029 67 20 vinna

213 1055 86 21 inträde
314 1055 48 21 med
377 1056 26 20 de
417 1055 127 28 rättigheter
562 1056 39 21 och
625 1057 139 27 åligganden,
787 1064 46 14 som

213 1084 66 27 enligt
294 1083 122 22 statuterna
432 1084 121 21 tillkomma
568 1085 84 28 manlig
668 1085 137 22 studerande.

148 1147 131 24 Helsingfors,
295 1148 38 19 den
349 1147 27 20 30
391 1147 84 20 Januari
491 1147 63 22 1888.

626 1207 57 20 Axel
699 1207 63 20 Lille.

147 1303 174 30 (Öfversättning.)

226 1358 49 19 Till
297 1358 167 20 Hedervärda
482 1357 199 21 Bondeståndet.

146 1403 87 20 Härmed
248 1404 84 19 utbeder
345 1405 34 23 jag
394 1404 39 24 mig
448 1406 31 17 att
493 1404 20 19 få
536 1404 52 19 fästa
611 1404 93 20 Ständets
727 1406 107 23 uppmärk-

74 1432 77 19 samhet
165 1433 27 23 på
207 1434 28 17 ett
249 1432 180 23 missförhållande,
450 1438 41 14 som
513 1433 46 19 icke
585 1432 40 20 kan
648 1434 65 23 undgå
736 1437 29 16 att
788 1434 45 20 såra

74 1461 34 19 det
122 1460 100 20 allmänna
236 1462 198 18 rättsmedvetandet.

143 1498 102 18 Allmänna
257 1499 180 18 Besvärsutskottets
450 1499 118 17 betänkande
580 1500 35 16 N:o
628 1499 30 17 12.
