1048 1731
285 133 237 24 Petitionsbetänkande
538 135 36 22 N:o
589 134 35 23 30.
768 134 27 21 11

275 207 78 18 Manta].
383 196 76 18 SEatte-
471 196 104 19 Tunnland
598 196 102 19 Tunnland
716 196 103 18 Tunnland

394 219 60 18 rubel.
472 215 15 33 —
501 219 53 18 åker.
625 216 48 32 äng,
737 219 58 18 areal.

66 249 126 20 Koronluoto
207 249 25 24 by
314 248 28 27 2,
417 249 27 20 39
518 249 28 20 13
632 249 28 20 38
747 248 41 21 184

66 274 94 33 Konkola
218 292 12 9 55
303 278 8 19 1
417 278 28 19 60
519 277 27 20 12
633 277 25 22 37
747 277 42 21 134

66 302 82 34 Taipale
218 321 11 10 5
303 305 11 20 1
417 306 27 20 49
518 306 28 20 24
633 305 27 20 26
748 306 41 20 178

66 330 93 35 Montola
216 349 13 11 ä
301 334 13 20 2
417 335 27 20 86
518 334 57 27 24!/,
633 335 27 19 30
747 335 40 20 331

136 374 28 20 Af
184 374 58 20 dessa
263 375 88 24 exempel
374 381 59 18 synes
456 377 30 18 att
501 375 27 25 på
542 375 68 24 hvarje
626 375 73 20 mantal
715 375 88 20 kommer
818 375 7 18 i

66 403 94 20 medeltal
182 405 49 18 nära
251 403 41 20 208
312 404 96 19 tunnland
424 404 55 19 areal
495 404 38 19 och
548 403 32 20 för
595 404 33 19 det
643 404 64 24 lägsta
722 405 6 18 i
744 404 80 19 ordnin-

67 438 37 18 gen
120 432 71 19 endast
206 431 40 20 134
262 433 101 19 tunnland.
394 433 47 19 Men
457 433 26 19 då
499 433 123 24 skärgården
638 433 36 19 och
689 433 135 24 kusttrakten,

68 461 64 19 såsom
148 461 79 19 allmänt
242 461 68 23 kändt,
331 464 22 16 är
368 466 25 14 en
409 461 38 20 stel
463 461 121 24 bergstrakt,
601 461 21 20 så
637 463 80 22 utgöres
732 461 93 24 mången-

68 489 74 25 städes,
157 489 61 25 enligt
231 489 52 20 hvad
298 489 71 20 kartan
385 490 60 24 visar,
461 490 123 24 tredjedelen
600 489 22 20 af
635 490 89 20 området
741 489 22 21 af
779 489 46 20 kala

67 518 55 24 berg,
144 518 7 20 i
174 518 75 20 hvilkas
271 518 75 24 klyftor
368 519 71 19 endast
461 519 66 24 någon
547 518 116 20 enrisbuske
682 519 49 19 eller
747 518 78 20 martall

68 549 67 22 växer,
158 547 37 19 och
218 548 98 18 dessutom
339 550 97 22 upptages
459 553 24 14 en
507 547 45 20 icke
575 548 56 23 ringa
646 548 31 18 del
701 548 20 19 af
743 547 82 19 marken

68 575 22 19 af
104 576 18 24 ej
137 576 79 24 mycket
230 576 65 19 bättre
310 576 126 20 stenbackar.
468 576 88 20 Sålunda
571 576 61 19 finnes
650 576 59 19 alltså
731 577 6 18 i
760 576 65 19 denna

69 604 25 24 by
113 610 31 14 om
160 606 29 18 ett
203 605 72 19 mantal
291 605 36 19 och
343 604 41 20 134
400 605 109 19 tunnlands
528 605 54 19 areal
605 604 89 24 omkring
717 604 28 20 60
767 607 58 16 tunn-

68 632 47 20 land
134 633 66 24 duglig
212 633 46 24 jord
274 633 36 19 och
326 634 65 19 denna
411 636 29 21 är,
460 634 65 19 såsom
549 639 65 18 synes,
637 633 71 24 belagd
730 633 45 19 med
797 632 28 20 60

68 661 68 19 rubels
166 662 59 24 skatt,
251 662 36 19 och
313 662 25 20 då
363 662 36 19 der
424 662 63 20 finnes
513 662 71 19 endast
607 661 26 21 12
658 662 96 19 tunnland
770 661 55 23 åker,

69 690 39 19 blir
130 690 34 19 det
185 690 13 19 5
221 690 121 20 skatterubel
365 690 31 20 för
419 690 69 25 hvarje
513 690 97 20 tunnland
630 690 54 20 åker.
715 690 42 19 Den
777 690 49 19 sista

68 718 40 24 byn
130 718 6 19 i
162 719 107 23 ordningen
294 720 43 18 med
363 718 12 20 2
391 720 75 19 mantal
497 720 37 18 och
564 718 58 27 24!/,
651 719 95 19 tunnland
777 718 49 20 åker

70 747 36 19 har
125 750 29 16 att
170 748 78 23 erlägga
269 748 54 19 skatt
337 748 7 19 i
359 750 72 18 nästan
448 754 73 13 samma
536 748 123 24 proportion.
690 747 64 20 Häraf
768 747 57 19 torde

69 775 75 25 framgå
166 778 29 17 ett
216 776 91 24 ofantligt
329 777 180 25 missförhällande,
531 776 75 20 hvilket
628 776 44 19 med
687 776 34 20 det
736 778 89 17 snaraste

69 804 37 19 bör
122 804 102 25 afhjelpas.
253 805 40 19 Och
309 808 51 17 ännu
376 808 59 16 värre
451 806 90 24 exempel
556 805 66 19 kunde
638 810 43 14 man
697 804 69 20 anföra
782 804 44 20 från

70 832 128 25 skärgården.
227 833 184 20 Missförhållandet
433 834 40 19 blir
488 834 23 19 så
526 834 78 24 mycket
619 836 70 21 större,
706 839 41 13 som
763 834 6 18 i
785 833 41 19 lan-

70 862 44 18 dets
136 862 64 24 öfriga
218 862 54 20 delar
287 862 42 20 600
345 863 97 19 tunnland
457 863 97 19 bestämts
569 862 29 19 till
614 863 71 19 minsta
700 862 79 19 arealen
795 861 32 19 för

70 892 30 17 ett
121 891 79 23 mantal,
222 890 75 20 hvilket
317 892 56 23 ringa
388 891 74 25 belopp
479 891 53 19 dock
547 894 23 16 är
585 891 98 23 tiofaldigt
699 892 64 18 större
779 893 25 16 än
820 890 6 19 i

70 918 25 20 de
118 920 88 23 exempel
226 920 33 23 jag
281 919 121 25 framdragit,
426 920 37 20 och
487 920 34 19 det
544 919 62 20 finnes
628 920 125 23 naturligtvis
769 918 57 20 äfven

70 947 129 25 mångfaldigt
214 950 63 18 större
293 949 76 19 arealer
384 949 26 24 på
427 949 102 23 mantalet,
552 949 67 19 hvilka
634 948 51 20 dock
700 951 35 16 äro
751 948 75 19 mindre

70 976 124 26 beskattade,
218 979 23 17 än
261 977 50 19 hvad
327 977 135 20 förhållandet
477 979 23 18 är
515 978 6 19 i
538 977 121 24 skärgården
675 977 35 20 och
726 976 102 20 kusttrak-

71 1007 33 17 ten
120 1004 188 25 öfverhufvudtaget.

140 1034 38 23 Jag
199 1033 36 20 har
250 1035 45 19 hört
309 1037 29 17 att
353 1040 23 13 en
393 1035 73 19 mellan
482 1035 145 22 landtdagarna
642 1034 31 19 för
689 1034 64 19 denna
768 1039 59 18 ange-

70 1061 93 25 lägenhet
185 1063 71 19 tillsatt
278 1063 73 19 komité
374 1063 66 19 skulle
457 1063 104 24 föreslagit
577 1069 24 13 en
616 1063 126 23 nedsättning
757 1062 71 19 endast

71 1090 22 19 af
111 1092 29 17 ett
154 1096 37 19 par
206 1091 121 20 skatterubel
342 1091 31 20 för
389 1092 66 19 denna
470 1092 66 19 trakts
552 1092 119 23 lägenheter.
701 1091 39 19 Det
755 1093 22 17 är
793 1090 34 19 hö-

71 1119 76 24 geligen
170 1119 111 26 glädjande,
305 1123 29 17 att
352 1120 61 19 saken
431 1120 66 19 blifvit
512 1120 82 19 föremål
610 1119 31 20 för
655 1119 174 25 uppmärksamhet

72 1147 36 20 och
124 1150 29 17 att
168 1153 43 14 man
228 1149 76 19 således
321 1155 56 18 synes
394 1149 97 25 erkänna,
507 1151 30 17 att
553 1152 28 16 ett
596 1151 51 17 stort
657 1148 171 19 missförhållande

71 1175 116 25 förefinnes;
202 1183 42 14 men
261 1183 23 14 en
301 1177 21 20 så
337 1177 48 20 liten
401 1177 92 24 rättelse,
509 1177 115 24 visserligen
640 1177 60 19 redan
716 1177 39 23 god
770 1177 6 19 i
791 1175 38 20 och

72 1205 30 19 för
118 1205 35 24 sig,
169 1207 23 18 är
206 1206 25 24 på
246 1206 55 24 långt
315 1209 37 16 när
367 1207 18 23 ej
401 1206 111 24 tillräcklig
528 1206 31 19 för
574 1205 117 20 ändamålet.

140 1234 79 24 Derför,
241 1235 124 24 fullföljande
385 1235 53 19 mina
454 1235 88 19 valmäns
558 1234 61 24 lifliga
634 1234 75 19 önskan
725 1233 37 20 och
777 1232 52 20 bifo-

71 1263 63 23 gande
150 1262 43 20 från
209 1263 42 20 dem
267 1264 98 19 inkomma
380 1264 95 19 adresser
489 1263 39 20 och
542 1264 62 23 intyg,
620 1265 49 17 samt
684 1263 25 18 då
724 1262 37 19 den
773 1267 56 18 nyss-

71 1292 85 19 nämnda
178 1292 94 23 åtgärden
288 1294 50 17 ökar
353 1293 44 18 mitt
412 1292 55 25 hopp
483 1298 32 13 om
530 1295 29 16 ett
574 1292 79 19 rättvist
668 1290 126 25 afhjelpande
810 1289 21 20 af

71 1319 187 22 missförhållandet,
274 1321 89 19 anhåller
377 1321 36 26 jag
429 1326 32 14 om
477 1321 123 19 hedervärda
612 1320 87 19 ståndets
710 1319 119 20 medverkan

71 1348 31 19 till
118 1354 24 13 en
158 1355 108 18 gemensam
282 1350 168 24 ständerpetition
465 1349 8 20 i
489 1349 33 20 det
538 1349 58 24 syfte,

277 1408 34 18 att
332 1405 65 21 Hans
421 1405 128 28 Kejserliga
567 1404 108 28 Majestät,
694 1404 25 21 så
729 1403 52 27 fort
795 1402 36 22 ske

208 1434 36 21 ske
259 1434 49 28 kan,
325 1434 80 21 täcktes
420 1434 89 28 vidtaga
525 1433 105 28 åtgärder
645 1433 34 21 till
693 1432 138 22 minskandet

141 1473 156 19 Statsutskottets
309 1473 123 19 betänkande
445 1473 36 18 N:o
495 1474 27 17 12.
