1048 1731
215 125 27 21 10
430 124 211 24 Potitionsbotänkande
658 125 34 22 N:o
708 124 12 23 I.

254 181 141 20 Kostnaderna
417 181 32 20 för
470 183 84 22 jernväg
576 182 30 19 till
626 181 98 24 Wasklot,
739 181 60 24 jemte
815 187 23 14 en
853 182 92 23 jemsides

185 210 86 24 löpande
287 210 76 23 körväg
378 210 102 19 äfvensom
495 210 163 24 landningskajer
673 210 36 19 och
725 210 108 26 varuskjul,
849 210 96 19 beräkna-

186 239 34 18 des
243 238 62 23 enligt
329 241 28 16 ett
375 238 98 20 definitivt
488 238 174 24 kostnadsförslag
678 239 30 18 till
723 239 116 18 alternativt
854 238 91 26 620,000

186 267 49 18 eller
260 266 93 24 850,000
370 267 62 19 mark.
463 267 40 19 Det
518 267 90 24 billigare
624 267 127 19 alternativet
767 266 93 20 omfattar
876 267 70 19 endast

186 301 25 12 en
234 295 77 23 kajarm
334 295 32 19 vid
382 295 99 23 Wasklot,
498 296 25 19 då
539 296 33 18 det
588 296 72 23 dyrare
676 296 90 18 deremot
780 295 117 19 förutsätter
913 295 33 20 två

186 323 107 24 kajarmar.

255 352 69 19 Såsom
340 352 69 23 bidrag
425 352 30 19 till
471 351 106 20 utförande
593 351 21 20 af
625 352 108 23 jernvägen
745 351 29 19 till
785 352 92 19 Wasklot
887 351 58 20 hafva

186 380 63 20 Wasa
264 380 178 24 stadsfullmäktige
458 381 87 23 erbjudit
560 380 25 19 fri
596 380 56 19 mark
664 381 36 18 och
711 380 85 24 upplåtit
807 380 68 19 Gamla
885 380 61 19 Wasa

186 409 138 18 stadsområde
340 409 30 18 till
386 411 90 21 grustägt
491 408 119 24 afgiftsfritt.
626 409 31 18 Då
672 409 6 18 i
695 409 78 18 trakten
790 408 31 19 för
832 409 59 23 öfrigt
901 409 44 19 icke

186 437 63 18 finnes
273 443 52 17 grus,
348 437 36 19 har
407 437 55 19 detta
485 437 80 19 stadens
582 437 66 19 anbud
664 437 126 24 uppskattats
805 437 6 18 i
827 443 74 18 pengar
917 437 28 19 till

186 465 79 24 vidpass
282 464 28 27 1/,
325 465 74 19 million
416 466 61 19 mark.

255 493 30 20 På
308 494 63 23 grund
393 494 22 19 af
429 494 35 19 allt
479 494 51 19 hvad
546 499 40 14 som
604 493 101 26 förelupit,
721 493 50 19 hade
787 494 38 18 den
842 493 58 20 säkra
916 493 29 20 öf-

186 522 125 24 vertygelsen
334 523 61 18 redan
419 522 95 20 rotfästat
537 523 29 23 sig
581 522 7 19 i
603 522 63 19 Wasa
681 522 37 19 och
734 522 39 18 alla
789 523 23 18 de
828 525 59 22 orter,
904 528 41 14 som

186 553 89 17 närmast
290 551 82 19 beröras
392 551 21 19 af
427 552 64 18 denna
507 550 63 24 fråga,
586 553 30 16 att
634 552 2 17 i
653 551 65 23 Nådig
733 551 124 23 proposition
874 551 30 19 till
919 556 26 14 nu

186 579 103 23 pågående
313 580 94 23 landtdag
430 580 107 18 ständerna
560 579 63 19 skulle
639 579 74 19 lemnas
729 578 78 20 tillfälle
823 581 29 17 att
868 579 77 19 besluta

187 613 31 13 om
231 608 119 23 jernvägens
366 608 137 23 utsträckning
517 608 45 18 från
577 607 63 19 Wasa
655 608 30 18 till
700 607 98 20 Wasklot.

255 636 68 23 Enligt
339 636 50 19 hvad
405 642 40 13 som
462 642 25 13 nu
503 636 123 19 förnummits
642 636 63 19 skulle
723 636 37 18 den
776 636 114 18 emotsedda
905 636 40 19 Nä-

187 664 46 23 diga
248 665 149 23 propositionen
414 665 109 19 emellertid
539 665 71 18 endast
626 664 83 19 omfatta
724 664 84 19 ledande
824 664 21 18 af
859 666 28 16 ett
898 664 46 24 spär

187 692 30 18 till
240 693 81 19 stadens
343 693 88 23 packhus
455 693 30 19 för
509 698 23 14 en
556 693 86 19 kostnad
658 692 22 20 af
694 692 80 24 vidpass
790 692 76 25 50,000
882 693 61 19 mark.

187 720 151 24 Hufvudfrägan
354 722 63 18 skulle
434 722 81 19 sålunda
531 722 83 18 lemnats
630 722 64 19 åsido.

257 749 68 19 Ehuru
349 750 17 18 vi
390 752 35 17 äro
441 750 99 23 okunuiga
556 755 31 13 om
603 750 24 18 de
642 750 91 24 motiver,
749 755 41 13 som
806 749 99 19 föranledt
921 755 23 13 en

189 777 61 19 sådan
277 778 71 18 sakens
372 778 79 25 utgång,
475 778 48 24 våga
547 778 18 18 vi
581 781 38 20 tro,
635 780 30 17 att
680 778 34 19 det
730 778 43 18 med
789 778 60 18 Wasa
863 778 82 23 jernväg

187 805 91 24 äsyftade
301 806 98 19 allmänna
421 812 48 18 gagn
493 807 6 18 i
522 807 95 18 nämvärd
636 807 50 23 grad
707 806 125 23 inskränkes,
855 811 30 13 om
901 806 44 18 icke

188 834 37 18 den
249 835 112 18 utsträckes
386 835 29 19 till
430 836 37 22 god
483 835 64 23 hamn,
563 835 53 19 invid
632 835 79 19 hvilken
728 834 61 19 finnes
805 837 94 21 utrymme
913 834 32 19 för

187 863 111 22 magasiner
323 863 37 19 och
383 864 164 23 upplagsplatser.
579 863 71 24 Späret
673 864 30 18 till
727 863 109 23 packhuset
858 863 36 18 har
914 863 31 19 sin

188 891 102 23 betydelse
306 891 64 23 äfven,
385 898 43 12 men
445 892 33 18 det
493 892 98 24 afhjelper
606 892 26 24 pä
648 892 49 18 intet
713 894 40 16 sätt
768 897 35 13 ens
818 891 93 19 behofvet
925 890 22 20 af

188 920 109 23 magasins-
312 920 36 18 och
364 920 160 25 upplagsplatser
541 920 32 19 vid
586 920 150 24 jernvägsspär.

258 949 100 18 Betänker
380 955 44 12 man
448 951 28 17 att
493 949 132 24 jernvägarne
641 951 95 22 utmynna
751 949 31 18 vid
798 948 105 19 Bottniska
919 948 27 19 vi-

188 976 38 19 ken
248 982 48 13 norr
312 983 30 13 om
358 977 91 24 Ovarken
465 978 5 18 i
487 981 29 15 tre
533 978 73 22 städer,
623 977 108 24 Uleäborg,
747 977 44 18 G:la
807 977 86 23 Karleby
909 977 36 18 och

188 1005 119 25 Jakobstad,
323 1005 66 19 hvilka
405 1006 39 19 alla
459 1005 58 20 hafva
532 1005 90 20 fördelen
639 1005 21 20 af
674 1006 97 23 begväma
780 1005 111 26 hamnspär,
903 1011 42 13 men

188 1035 30 17 att
233 1033 60 20 söder
311 1039 28 13 om
347 1034 98 23 Ovarken
462 1035 70 18 endast
548 1035 60 18 Wasa
624 1035 36 18 har
673 1033 223 24 jernvägsförbindelse,
909 1033 36 19 och

188 1064 31 16 att
241 1062 71 23 denna,
336 1062 61 19 ehuru
420 1063 54 18 äldre
498 1065 23 16 än
546 1063 24 18 de
587 1063 71 18 nämda
673 1063 112 24 städernas,
801 1063 82 18 lemnats
898 1065 47 16 utan

188 1090 113 23 hamnspär,
325 1091 61 18 måste
403 1091 54 19 detta
472 1091 124 19 förhållande
612 1091 26 24 pä
653 1091 86 23 längden
755 1091 52 18 vålla
823 1096 23 13 en
861 1089 84 25 förflytt-

188 1118 47 24 ning
258 1119 21 18 af
301 1119 147 19 affärsrörelsen
471 1119 43 19 frän
532 1119 60 19 Wasa
610 1120 30 18 till
656 1120 64 19 andra
736 1121 61 21 orter,
813 1119 74 18 hvilket
901 1119 44 19 icke

188 1146 39 19 kan
251 1153 48 13 vara
320 1148 98 23 gagneligt
441 1148 31 19 för
493 1148 74 19 landet.
599 1148 61 19 Wasa
682 1148 56 19 stads
762 1147 7 19 i
791 1147 156 24 uppblomstring

189 1175 72 19 stadda
283 1176 70 19 handel
377 1176 36 19 och
436 1176 185 19 affärsverksamhet
644 1177 51 18 skall
718 1178 47 17 utan
788 1175 68 20 tvifvel
878 1176 24 23 gä
917 1176 30 19 till

189 1205 62 18 mötes
274 1206 28 17 ett
324 1205 103 24 långsamt,
450 1210 40 13 taen
515 1205 69 18 säkert
606 1205 37 19 och
664 1204 125 24 oundvikligt
804 1204 143 24 nedåtgående,

190 1237 30 14 om
243 1233 70 18 staden
329 1233 44 19 icke
389 1233 62 19 förses
468 1233 43 19 med
525 1233 141 24 jernvägsspår
681 1233 31 18 till
728 1233 110 23 hamnplats
853 1233 43 19 med
912 1235 37 17 nö-

190 1261 41 23 digt
248 1262 121 23 vattendjup.

259 1290 46 19 Med
329 1290 92 19 afseende
443 1290 26 24 på
492 1290 34 18 det
549 1290 61 23 sagda
634 1289 20 20 få
670 1289 162 19 undertecknade
848 1290 101 19 vördsamt

190 1317 36 18 hos
256 1318 169 23 Borgareståndet
449 1318 74 19 föreslå
548 1324 24 13 en
598 1318 125 23 underdånig
748 1317 145 24 framställning
917 1317 32 19 till

190 1345 55 19 Hans
262 1346 110 24 Kejserliga
387 1347 102 23 Majestät:

396 1421 32 18 att
451 1418 125 21 Ständerna
595 1420 36 22 för
645 1419 36 20 sin
697 1418 36 20 del
743 1418 80 27 funnit
837 1418 36 21 det
887 1418 63 21 önsk-

328 1446 64 21 värdt
414 1447 38 21 och
474 1447 141 27 nödvändigt,
638 1449 33 19 att
699 1446 65 21 Wasa
782 1446 94 28 jernväg
895 1449 55 19 utan

259 1486 192 22 Jernvägsutskottets
464 1486 118 18 betänkande
594 1486 37 18 N:o
644 1486 18 18 2.
