1048 1731
229 143 13 21 6
425 141 228 24 Motionsbetänkande
669 143 36 22 N:o
721 142 30 23 13.

201 205 58 21 inom
275 204 108 22 utskottet
398 206 67 26 yppat
489 205 37 27 sig,
550 205 64 21 hafva
637 205 45 22 dels
698 205 87 21 hänfört
807 205 32 26 sig
854 204 33 21 till
907 204 58 21 olika

201 239 138 27 uppfattning
353 239 8 21 i
375 239 61 27 fräga
452 245 35 16 om
503 239 186 27 nödvändigheten
705 239 40 22 och
763 238 153 27 lämpligheten
932 240 33 19 att

202 279 28 15 nu
245 273 88 26 vidtaga
348 279 26 15 en
390 273 162 28 lagförändring
574 274 8 21 i
604 274 69 21 denna
696 273 107 21 särskilda
821 273 40 25 del,
883 272 27 21 dä
933 274 32 20 ett

202 309 47 26 nytt
265 307 123 27 lagförslag,
406 308 135 21 omfattande
556 309 72 20 ämnet
642 308 7 21 i
664 308 49 21 dess
725 307 80 25 helhet,
821 307 96 21 kommer
932 308 33 19 att

202 342 23 21 af
238 342 85 21 landets
339 342 90 27 styrelse
446 342 34 21 till
495 344 63 19 nästa
574 342 144 21 ständermöte
729 341 83 25 aflätas,
829 341 46 21 dels
891 340 74 27 angätt

202 375 77 27 sjelfva
296 376 260 27 procentbestämningen.
587 376 123 21 Utskottets
732 375 72 22 flertal
826 375 40 21 har
889 374 76 21 erkänt

202 409 101 22 behofvet
319 410 24 21 af
357 417 25 14 en
398 410 23 21 sä
445 411 44 21 fort
513 417 46 15 som
581 411 83 26 möjligt
687 410 128 21 inträdande
838 409 127 27 lagstadgad

202 444 139 27 nedsättning
357 444 22 21 af
394 445 254 26 procentbestämningen
657 445 34 20 för
707 445 25 20 de
744 444 96 27 drycker,
857 450 45 15 som
913 445 52 19 utan

202 478 77 21 hinder
295 478 23 21 af
331 479 207 26 inskränkningarne
558 479 6 21 i
587 479 153 26 förordningen
763 485 36 15 om
821 477 144 22 bränvinsför-

203 513 92 27 säljning
309 513 22 21 fä
346 513 23 21 af
382 514 122 21 handlande
528 514 147 25 utminuteras,
700 514 89 21 emedan
812 512 153 28 försäljningen

203 547 24 21 af
241 548 62 20 dessa
319 548 90 26 drycker
432 548 124 21 föranleder
581 548 112 25 enahanda
716 548 131 26 oordningar
871 547 40 21 och
933 549 33 19 ut-

204 581 129 27 sväfningar,
350 588 46 15 som
411 582 137 27 lagstiftaren
563 588 76 21 genom
650 582 209 27 reglementerandet.
870 582 23 20 af
902 581 64 21 brän-

203 616 202 27 vinsförsäljningen
421 616 66 22 afsett
505 618 33 20 att
560 616 138 27 förekomma,
722 616 36 21 vid
781 616 81 21 hvilket
885 615 81 21 förhäl-

203 650 64 21 lande
285 650 40 21 den
341 650 146 22 obehindrade
502 651 181 26 utminuteringen
699 650 23 22 af
737 651 109 21 desamma
859 650 7 20 i
877 650 89 20 allmän-

203 684 76 22 hetens
296 687 55 25 ögon
366 684 33 22 fär
415 686 131 20 karaktären
561 685 24 21 af
599 687 31 19 ett
645 684 147 28 kringgäende
805 684 24 22 af
837 684 63 27 lagen
911 685 55 19 samt

204 719 111 21 nedsätter
330 720 80 20 dennas
425 720 113 21 anseende.
569 719 170 22 Vidkommande
756 719 88 21 dernäst
861 718 105 21 motionä-

204 760 74 15 rernes
293 754 96 26 yrkande
405 754 28 26 pä
447 754 160 21 fastställandet
623 754 21 20 at
659 756 92 24 gränsen
761 754 34 20 för
805 752 161 22 alkoholhalten

204 788 33 21 till
253 787 42 21 tolf
308 790 94 24 procent,
426 788 40 21 har
488 788 117 21 utskottets
627 788 71 21 flertal
721 790 88 19 stannat
828 787 35 21 vid
878 788 32 19 att
929 786 37 21 be-

204 823 93 20 stämma
312 822 69 21 denna
397 822 32 21 till
453 824 75 20 sexton
551 823 94 26 procent,
669 822 103 21 särskildt
794 821 49 21 med
865 820 100 21 afseende

205 856 52 21 derä
273 858 32 19 att
321 856 159 22 fastställandet
496 856 23 21 af
533 863 25 15 en
574 857 58 26 lägre
648 858 90 25 procent
761 856 23 20 af
805 854 160 22 alkoholhalten

204 890 85 22 komme
305 893 33 19 att
348 892 65 20 verka
429 891 153 26 inskränkning
598 892 7 20 i
620 890 155 28 försäljningen
798 890 23 20 af
839 896 26 14 en
887 889 78 27 mängd

204 925 66 26 viner,
286 925 84 22 hvilkas
386 926 57 21 bruk
457 925 43 22 kan
515 925 98 27 betingas
628 925 24 22 af
665 924 117 23 helsoskäl.
807 923 110 28 Derjemte
927 923 39 21 har

204 959 109 22 utskottet
327 960 55 21 ifrän
397 960 37 21 det
449 960 68 27 tredje
533 960 195 26 motionsförslaget
752 959 99 26 upptagit
873 958 93 21 bestäm-

204 994 85 26 ningen,
305 996 32 19 att
353 994 129 26 stadgandet
504 994 7 21 i
534 994 61 27 fräga
609 995 68 26 gäller
699 993 92 28 drycker
814 993 7 20 i
843 991 122 25 allmänhet,

205 1030 53 19 utan
273 1027 100 22 afseende
389 1028 53 22 derä
457 1035 34 15 om
507 1029 62 21 deras
587 1029 130 26 benämning
740 1027 96 26 angifver
858 1026 108 22 tillbland-

204 1062 52 27 ning
271 1063 24 21 af
308 1063 69 21 bränd
393 1063 52 22 eller
460 1063 124 21 destillerad
598 1063 54 27 sprit
675 1063 54 20 eller
752 1061 55 22 icke.
836 1061 130 26 Härigenom

204 1097 87 22 komma
306 1098 125 26 visserligen
446 1097 186 27 bestämningarne
648 1098 7 21 i
670 1097 154 26 förordningen
847 1101 34 16 om
903 1095 63 21 brän-

205 1131 173 28 vinsförsäljning
401 1133 33 20 att
456 1132 65 21 blifva
546 1132 127 27 tillämpliga
695 1131 48 21 icke
765 1131 92 20 allenast
871 1129 28 28 pä
913 1135 52 18 rom,

205 1166 86 26 kognak
315 1166 39 21 och
377 1166 64 21 arrak
465 1169 52 18 utan
539 1166 60 21 äfven
620 1165 27 28 pä
663 1166 27 21 de
707 1165 74 22 starka
795 1163 127 28 pyreneiska
936 1164 31 21 vi-

205 1206 74 21 nerna,
295 1207 49 14 men
360 1201 106 21 utskottet
481 1207 69 18 anser,
573 1202 33 19 att
626 1201 41 20 den
690 1199 173 22 konsumerande
879 1198 87 21 allmän-

205 1235 65 21 heten
285 1235 62 22 deraf
367 1235 76 22 endast
464 1235 43 21 kan
530 1235 78 21 skörda
630 1234 78 24 fördel,
731 1233 91 22 emedan
845 1233 122 26 derigenom

206 1269 85 22 komme
307 1272 32 19 att
355 1269 56 22 ifrän
427 1269 132 22 marknaden
574 1271 127 24 utestängas
717 1275 26 14 en
759 1267 78 27 mängd
853 1273 46 15 mer
916 1267 51 21 eller

205 1304 83 21 mindre
304 1304 145 27 helsovädliga
472 1303 146 27 blandningar,
642 1309 46 15 som
711 1302 27 27 gä
761 1302 68 21 under
843 1301 124 22 benämnin-

204 1344 67 21 garne
295 1338 85 27 Sherry,
404 1338 88 21 Portvin
511 1344 27 15 m.
562 1344 27 15 m.
620 1337 47 22 Den
690 1336 137 27 invändning,
853 1337 33 19 att
908 1335 59 21 alko-

206 1372 111 22 hoihalteu
342 1373 7 21 i
373 1372 98 28 Tokayer
496 1374 56 20 samt
573 1371 102 27 möjligen
707 1371 62 21 äfven
799 1371 7 20 i
836 1369 65 27 något
931 1376 37 14 an-

206 1409 38 19 nat
260 1408 73 20 ädlare
349 1407 82 27 vinslag
445 1407 43 21 kan
503 1406 115 27 öfverstiga
636 1406 26 21 16
677 1407 92 25 procent
788 1404 105 27 förtjonar
914 1404 53 21 intet

274 1481 202 18 Ekonomiutskottets
489 1480 120 18 betänkande
621 1480 36 18 N:o
672 1480 27 17 15.
