1048 1731
274 145 71 22 Ständ.
361 145 43 21 Pet.
420 157 27 2 —
464 145 141 21 Petitionsbet.
621 145 34 21 N:o
672 145 35 21 38.
818 145 14 21 3

103 208 122 27 föreslagna
247 207 198 27 undersökningen,
470 207 64 22 äfven
556 207 36 21 vid
614 209 30 20 ett
666 208 161 27 godkännande
843 208 24 21 af

103 245 83 20 statens
204 244 43 19 rätt
263 244 31 19 att
309 242 50 21 med
375 242 140 27 tvångsmakt
531 242 102 26 inskrida,
650 242 110 21 måhända
775 243 88 21 komme

104 280 31 19 att
150 277 58 28 gifva
223 279 30 19 ett
267 277 97 26 resultat,
381 283 48 15 som
445 277 72 20 talade
534 278 58 19 emot
603 278 115 25 systemets
729 277 136 27 tillämpning

104 313 28 27 på
147 313 53 20 våra
216 311 154 22 förhållanden.

172 346 122 21 Emellertid
317 352 53 15 anse
393 345 33 27 sig
449 345 124 22 Ständerna
595 345 68 22 redan
683 352 30 15 nu
727 345 56 22 böra
797 345 66 22 fram-

104 381 65 27 hålla,
184 381 104 21 hurusom
304 382 30 19 ett
349 381 29 26 på
394 380 69 21 aktier
478 380 109 27 grundadt
598 379 204 28 försäkringsbolag,
814 381 50 20 med

104 416 102 21 ändamål
229 417 31 19 att
280 415 73 21 lemna
368 415 155 21 aktionärerne
539 421 27 15 en
582 415 52 26 årlig
649 415 121 21 räntevinst
785 415 28 27 på
829 415 36 21 det

105 451 81 20 insatta
208 449 109 28 kapitalet,
341 449 137 27 naturligtvis
497 449 48 21 icke
561 449 43 21 kan
619 455 53 15 vara
687 450 36 21 väl
738 449 79 27 egnadt
833 452 31 18 att

106 485 78 20 anlitas
208 484 33 21 för
263 490 27 15 en
313 483 231 27 arbetareförsäkring,
567 483 87 22 hvilken
672 484 56 21 hvad
744 484 121 28 premiebe-

104 520 80 27 loppen
199 518 102 22 beträffar
316 518 41 22 bör
373 518 111 21 anordnas
500 519 31 25 så,
548 520 32 19 att
596 518 26 21 de
636 518 79 27 högsta
725 519 88 27 möjliga
823 525 41 14 un-

105 554 176 27 derstödsbidrag
304 554 74 20 kunna
394 553 35 21 vid
444 552 69 22 behof
525 553 110 27 påräknas
650 554 50 20 med
716 553 111 21 afstående
843 553 24 21 af

105 589 42 21 den
170 589 79 20 minsta
272 588 89 27 möjliga
384 587 34 21 del
442 587 48 21 utaf
511 587 207 27 arbetsförtjensten.
748 583 73 25 Äfven'
837 594 27 15 en

105 630 74 15 annan
201 622 108 28 synpunkt
331 622 62 21 torde
416 622 78 21 härvid
516 622 56 20 böra
594 622 95 21 beaktas.
719 622 86 27 Frågan
827 629 36 14 om

106 657 262 27 arbetareförsäkringens
384 656 188 27 ändamålsenliga
588 656 147 27 anordnande,
750 663 36 15 om
797 657 67 21 också

106 692 7 20 i
134 692 89 21 främsta
245 693 94 19 rummet
361 690 103 22 afseende
488 691 43 21 den
546 691 119 21 arbetande
680 692 98 20 klassens
793 692 70 26 bästa,

105 728 25 20 är
152 726 23 21 af
196 729 44 19 stor
261 725 110 28 betydelse
387 725 65 21 äfven
467 732 26 14 ur
509 726 138 27 synpunkten
663 726 22 21 af
698 726 165 27 arbetsgifvare-

105 767 40 15 nes
160 761 97 21 intresse.
287 760 72 22 Under
374 760 162 27 behandlingen
552 760 24 21 af
588 760 66 22 Eders
670 760 118 28 Kejserliga
797 760 67 28 Maje-

105 796 55 20 stäts
183 795 78 27 nådiga
283 795 136 27 proposition
439 795 114 27 angående
568 794 69 28 skydd
652 794 33 22 för
701 795 99 21 arbetare
815 795 7 21 i
837 795 27 21 de

105 829 126 21 industriela
253 829 82 27 yrkena
358 829 65 21 hafva
441 829 124 21 Ständerna
580 830 55 20 varit
650 830 6 20 i
671 829 80 21 tillfälle
767 832 31 18 att
813 831 51 25 taga

106 863 124 22 kännedom
251 870 36 15 om
303 865 30 19 ett
348 863 23 21 af
385 864 98 20 komitén
498 863 33 21 för
546 864 97 20 nämnda
659 863 71 27 frågas
745 864 119 27 beredning

104 898 88 27 afgifvet
213 898 144 26 betänkande,
382 898 46 20 deri
451 898 103 26 komitén,
574 898 127 21 densamma
714 898 81 27 jemväl
810 898 53 21 lem-

104 932 54 21 nadt
181 932 97 27 uppdrag
300 932 113 27 likmätigt,
437 932 68 21 tillika
523 932 101 27 framlagt
640 932 79 27 förslag
734 932 30 21 till
780 932 83 22 förord-

106 967 58 26 ning,
188 967 112 26 angående
323 967 122 27 skyldighet
460 967 7 20 i
482 967 59 20 vissa
564 966 35 22 fall
615 967 33 21 för
663 967 154 27 arbetsgifvare
833 969 31 19 att

104 1001 83 27 utgifva
210 1002 119 26 ersättning
352 1001 33 21 för
408 1001 146 27 kroppskada,
578 1008 48 15 som
650 1001 93 22 drabbar
759 1002 104 21 arbetare.

104 1035 107 22 Ehuruväl
233 1037 67 26 något
322 1035 117 28 lagförslag
462 1036 77 21 härom
559 1038 58 19 ännu
633 1036 47 21 icke
695 1037 31 20 till
741 1036 122 22 Ständerna

105 1070 158 26 öfverlemnats,
287 1077 50 14 men
361 1070 35 21 det
419 1071 50 21 med
493 1071 102 21 afseende
619 1071 13 21 å
655 1071 87 27 frågans
763 1071 44 27 vigt
822 1071 42 21 och

105 1104 42 21 den
170 1105 95 27 antydan
287 1105 77 20 härom
388 1111 49 14 som
460 1105 31 20 uti
507 1105 124 27 åberopade
646 1105 134 27 proposition
796 1106 67 26 ingår,

103 1139 63 21 torde
182 1145 52 15 vara
249 1139 110 27 antagligt,
376 1141 31 19 att
423 1141 31 19 ett
469 1139 79 21 sådant
563 1139 67 22 redan
645 1140 30 20 till
686 1141 64 20 nästa
760 1139 103 28 landtdag

105 1175 25 19 är
150 1175 32 19 att
203 1176 82 19 emotse
305 1176 57 19 samt
377 1180 28 15 en
421 1174 58 27 dylik
495 1174 140 27 ansvarighet
650 1174 33 21 för
697 1174 166 27 arbetsgifvare-

104 1213 29 16 ne
156 1208 91 21 sålunda
269 1208 49 21 med
341 1207 36 28 fog
391 1208 44 21 kan
451 1209 75 20 ställas
542 1209 7 20 i
564 1209 72 26 utsigt,
654 1215 63 21 synes
733 1215 52 14 man
800 1208 64 21 äfven

104 1241 55 22 böra
182 1242 65 21 tänka
263 1243 28 26 på
307 1245 31 18 att
353 1242 82 21 bereda
451 1243 49 20 dem
516 1242 81 21 tillfälle
613 1245 31 18 att
659 1249 79 20 genom
754 1243 109 20 anlitande

105 1276 24 21 af
149 1277 179 26 ändamålsenligt
351 1277 156 26 organiserade
534 1277 239 27 försäkringsanstalter
795 1279 69 19 värna

104 1311 34 27 sig
159 1313 46 19 mot
228 1311 142 22 ekonomiska
389 1311 107 28 förluster,
512 1312 73 21 hvilka
601 1311 23 22 af
638 1318 27 15 en
680 1312 57 27 dylik
752 1312 111 27 ansvarig-

104 1345 37 21 het
156 1345 73 22 kunna
244 1346 105 27 betingas.

173 1380 48 22 Med
244 1381 160 27 godkännande
425 1382 7 20 i
453 1380 123 22 hufvudsak
592 1380 23 22 af
628 1381 35 21 det
677 1380 127 22 framstälda
819 1380 44 22 för-

104 1414 69 27 slaget
195 1414 22 22 få
239 1414 122 22 Ständerna
382 1415 73 21 derför
470 1416 41 20 hos
527 1415 65 21 Eders
608 1415 118 27 Kejserliga
741 1415 100 27 Majestät
856 1415 7 20 i

104 1449 172 27 underdånighet
291 1450 87 21 anhålla
