1048 1731
336 129 211 24 Petitionshotänkande
564 129 32 24 N:o
612 129 12 23 1.
803 131 27 20 47

99 198 38 14 nor
159 193 43 24 räg,
225 193 36 19 och
285 191 62 24 2,045
370 195 73 17 tunnor
467 193 58 23 korn,
548 193 130 19 tillsammans
695 193 78 24 19,505
789 196 73 17 tunnor

101 221 96 24 spanmäl.
229 221 41 20 Och
285 221 23 19 sä
323 223 56 17 snart
394 221 137 20 forsarne
499 217 40 35 uti
546 221 55 20 Eura
617 221 17 26 &,
651 221 81 20 hvarom
747 223 13 19 &
774 223 88 19 kronans

100 250 38 19 och
160 250 149 19 vederbörande
332 249 81 24 byalags
437 252 76 21 vägnar
535 250 63 19 redan
618 250 163 27 underhandlats,
797 251 66 20 blifvit

100 279 80 23 sänkta,
195 279 23 18 sä
232 280 30 18 att
277 279 34 18 der
322 278 101 24 befintliga
434 278 76 19 Lammi
523 278 48 22 kärr
582 278 39 19 blir
633 279 122 24 odlingsbar,
766 280 39 19 kan
817 280 45 19 med

100 307 94 20 säkerhet
218 309 92 22 antagas,
333 309 28 17 att
384 307 89 23 Panelia,
497 307 116 24 Köyliholvi
637 307 36 20 och
696 307 71 20 Laihia
790 309 72 23 byalag

100 335 79 20 komma
194 338 30 17 att
238 335 111 24 producera
365 341 23 14 en
404 335 99 24 tredjedel
519 341 55 14 mera
589 335 89 25 spanmäi
695 338 50 17 samt
761 339 30 16 att
806 336 54 19 Kau-

100 365 87 25 komäki,
204 365 71 18 Huhtis
291 364 36 19 och
343 364 78 19 Mullila
440 364 57 25 byar,
513 364 69 19 hvilka
595 365 73 23 jemväl
683 365 53 23 ligga
751 365 54 18 invid
821 365 40 18 till-

100 394 74 19 ernade
197 393 76 19 Raumo
295 393 147 23 jernvägslinie,
458 395 31 17 att
503 393 48 24 höja
566 393 30 24 sig
611 393 7 18 i
632 393 52 24 jemn
700 393 48 24 höjd
763 393 45 19 med
823 393 38 20 Pa-

100 422 54 19 nelia
169 421 113 19 nuvarande
299 421 174 24 spanmälsodling.

170 450 90 19 Nämnda
283 449 96 24 sänkning
402 449 21 20 af
445 449 91 20 forsarne
559 449 90 20 medföra
665 450 58 19 äfven
739 451 38 18 den
793 450 32 19 del
841 449 21 20 af

100 477 55 20 Eura
171 478 190 25 moderförsamling,
377 484 41 13 som
435 481 111 20 angränsar
562 479 30 18 till
605 479 116 23 jernvägen,
737 479 124 19 vidsträckta

101 506 128 25 odlingsbara
244 507 43 23 fält,
302 507 66 19 hvilka
383 510 52 16 ännu
451 507 54 24 ligga
520 507 111 19 besvärade
647 507 22 19 af
682 509 73 18 vatten.

170 536 142 23 Utvecklingen
328 535 21 19 af
362 536 76 19 Raumo
461 536 56 19 stads
532 536 211 20 handelsverksamhet
757 536 63 19 under
835 536 25 18 de

100 564 93 20 sednaste
216 564 48 20 ären
286 564 40 19 kan
348 564 70 20 lättast
440 570 71 18 genom
533 564 154 24 tulluppbörden
703 565 157 23 äskädliggöras.

100 593 123 25 Uppbörden
246 593 53 19 visar
322 594 29 18 ett
371 593 63 23 jemnt
454 593 38 19 och
512 593 76 23 stadigt
603 593 89 23 stigande
708 594 37 19 och
761 592 99 25 utgjorde,

98 622 87 24 jemförd
200 622 44 18 med
259 622 86 24 Nystad:

290 682 45 27 för
349 682 91 21 Raumo.
592 682 39 23 för
646 682 93 28 Nystad.

218 717 29 25 Är
262 722 55 20 1878
348 722 91 24 103,118
454 723 57 19 mark
579 722 91 26 111,536
686 723 56 19 mark

226 767 12 11 »
262 751 55 20 1879
348 750 91 24 112.780
478 766 13 10 ,,
594 750 77 27 90,087—
709 766 14 11 ,,

226 795 12 9 »
261 779 55 21 1880
347 779 92 28 133964
477 795 12 10 ,
594 779 75 24 97,281
709 794 12 10 ,,

225 824 12 11 »
261 808 54 20 1881
348 808 90 27 149154
477 823 13 9 ,,
594 808 77 23 90,572
709 824 13 8 ,,

225 852 13 11 »
262 836 55 20 1882
347 836 92 27 197,993
478 852 13 10 ,,
580 836 92 24 114,506
708 852 14 10 ,,

225 881 12 10 »
261 864 54 21 1883
346 864 92 27 194118
477 880 12 10 ,,
593 865 128 26 91,744,,

225 908 13 10 »
262 893 55 20 1884
347 893 91 25 203,556
476 908 13 12 ,,
578 893 92 23 100,480
708 908 13 12 ,,

225 937 12 12 »
262 922 53 20 1885
347 922 90 26 176126
476 937 13 11 ,,
593 922 78 24 77,100
709 936 12 10 ,,

225 966 13 10 »
261 951 55 20 1886
346 951 93 24 177970
476 965 13 12 ,,
594 950 76 26 73,300
708 965 13 10 ,,

168 1007 31 20 'De
223 1010 70 17 tvenne
316 1008 92 19 sednaste
431 1007 60 20 ärens
511 1007 146 24 förminskning
672 1007 22 19 af
707 1006 115 20 tullmedlen
838 1008 23 17 är

100 1042 24 14 en
140 1036 50 24 följd
206 1036 21 19 af
240 1037 63 18 under
319 1037 47 18 åren
383 1035 54 21 1885
454 1036 37 19 och
509 1035 55 21 1886
580 1036 104 24 upphörde
699 1035 84 20 utförsel
799 1035 36 18 tull
847 1034 12 19 &

99 1065 112 19 trädvaror.
241 1065 58 19 Hvad
321 1065 44 18 äter
380 1067 96 22 exporten
494 1065 122 19 vidkommer
632 1065 22 19 sä
669 1065 39 18 kan
724 1063 135 24 grannstaden

99 1093 85 24 Nystad,
200 1099 41 14 som
257 1093 100 19 tillförene
379 1093 43 19 hait
438 1099 24 13 en
478 1093 100 24 betydligt
594 1095 64 17 större
673 1091 187 21 affärsverksamhet

100 1124 25 17 än
140 1122 76 19 Raumo
231 1122 72 23 jemväl
319 1124 56 21 tagas
391 1121 30 20 till
435 1121 122 24 jemförelse.

258 1183 97 28 Nystads
371 1185 81 25 export.
573 1183 85 20 Raumo
674 1183 81 26 export.

202 1217 29 25 Är
247 1223 56 20 1884
333 1223 62 26 1,730
411 1223 92 20 standert
572 1223 78 22 10,900
666 1223 90 19 standert

210 1267 12 8 »
245 1251 56 20 1885
332 1251 63 24 2,900
447 1267 12 11 ,,
572 1251 78 26 11,800
701 1266 13 11 ,

210 1295 12 9 »
246 1279 55 20 1886
332 1280 63 26 1,630
447 1295 12 11 ,,
571 1279 78 26 10,500
701 1294 12 11 ,,

98 1337 32 20 för
145 1337 44 20 äret
205 1336 54 21 1887
275 1337 59 20 hafva
351 1337 101 24 uppgifter
467 1337 46 20 frän
529 1337 136 24 tullstyrelsen
680 1338 53 18 ännu
749 1337 18 23 ej
783 1336 77 19 kunnat

98 1367 93 23 erhållas,
214 1372 43 14 men
281 1368 95 22 exporten
399 1366 44 20 från
467 1367 77 19 Raumo
567 1371 37 15 var
626 1365 75 25 ganska
723 1365 90 24 betydlig
828 1364 32 20 för

98 1396 56 19 detta
170 1396 28 18 år.
229 1395 61 19 Detta
305 1396 5 18 i
325 1394 114 25 jemförelse
462 1396 46 18 med
523 1395 85 24 Nystad.
639 1394 46 20 Men
701 1394 58 20 äfven
773 1393 87 24 jemförd

97 1424 46 19 med
157 1424 132 24 Björneborg,
305 1429 31 14 om
351 1429 44 13 man
411 1423 122 20 frånräknar
554 1424 24 19 de
594 1423 111 24 ångsågade
721 1427 86 15 varorna
823 1422 37 19 och

96 1452 72 25 jemför
192 1452 69 20 endast
283 1452 94 24 beloppet
392 1452 21 20 af
428 1452 34 20 det
477 1452 97 25 trävirke,
591 1457 41 14 som
648 1452 28 19 uti
691 1451 86 20 nämnda
792 1450 69 20 städer

166 1490 192 24 Jernvägsutskottets
370 1490 117 18 betänkande
501 1492 35 16 N:o
550 1490 17 17 2.
