1048 1731
268 131 239 24 Petitionsbetänkande
524 132 36 23 N:o
576 132 34 23 48.
779 135 12 19 7

60 195 96 28 aflägsna
170 195 36 21 det
222 196 107 20 närmaste
345 195 40 21 och
395 195 108 27 egentliga
514 195 68 20 målet
592 194 33 22 för
634 195 113 21 Komiténs
758 196 61 21 verk-

60 230 90 27 samhet,
172 229 77 21 medan
272 229 65 21 likväl
361 231 32 19 ett
415 229 119 27 trängande
556 229 68 21 behof
636 229 114 27 påkallade
765 229 54 22 ett
809 225 15 36 i

59 265 123 27 möjligaste
206 263 67 22 måtto
297 263 124 27 skyndsamt
443 263 134 21 slutförande
600 263 23 21 af
644 263 176 28 lönereglerings-

61 299 95 20 ärendet.
179 297 50 22 Men
245 297 108 22 dessutom
369 297 39 21 har
423 297 95 21 komitén
535 297 50 27 hyst
600 297 41 21 den
656 297 163 28 öfvertygelsen,

61 334 33 20 att
115 339 27 14 en
164 331 199 22 tillfredsställande
386 331 85 27 lösning
489 331 24 21 af
527 331 76 27 frågan
618 331 47 22 icke
679 338 51 15 vore
746 332 74 27 möjlig

60 369 53 19 utan
135 373 59 14 mera
216 365 133 22 omfattande
373 365 39 22 och
435 365 6 21 i
465 365 66 27 detalj
551 365 82 28 gående
655 366 120 22 kännedom
797 366 24 21 af

61 401 73 27 hvarje
150 400 101 21 särskildt
266 400 145 21 ämbetsverks
426 399 236 22 verksamhetsområde
677 402 27 19 än
715 401 48 26 den,
774 407 46 15 som

62 435 33 21 för
110 434 103 22 Komitén
228 434 7 21 i
251 434 48 21 dess
313 434 123 21 nuvarande
448 434 194 27 sammansättning
652 435 53 21 stått
715 435 33 21 till
758 435 61 21 buds.

62 469 31 21 På
115 469 63 21 dessa
200 469 47 20 skäl
269 468 40 21 har
329 468 102 21 Komitén
447 468 91 27 således,
552 469 67 26 jemte
634 469 36 21 det
685 469 66 27 några
767 469 53 27 tjen-

62 505 50 25 ster,
135 503 85 21 hvilkas
242 503 144 27 umbärlighet
401 504 61 26 synts
478 503 58 27 ligga
551 503 34 21 för
600 505 70 25 öppen
686 503 47 28 dag,
749 503 72 22 blifvit

63 538 23 21 af
107 537 102 22 Komitén
232 537 113 21 förordade
367 537 34 21 till
424 537 136 27 indragning,
584 537 86 21 afhållit
685 538 32 27 sig
732 538 47 22 från
795 544 26 15 en

63 572 88 27 djupare
167 572 39 20 och
222 571 167 27 omständligare
409 571 101 27 pröfning
526 571 24 21 af
564 571 75 27 frågan
654 578 35 15 om
704 572 117 21 förenklin-

63 613 39 21 gar
124 606 40 22 och
186 606 151 27 indragningar
355 606 24 21 af
392 606 164 27 ifrågavarande
572 606 55 28 slag;
644 607 39 21 och
697 607 66 27 vågar
777 607 44 21 Ko-

63 641 67 21 mitén
154 640 33 22 för
209 640 32 21 sin
265 640 34 21 del
321 646 51 16 anse
395 640 129 28 lämpligast,
541 642 33 20 att
590 640 80 28 frågan,
687 641 69 21 såvidt
772 641 50 21 den-

64 682 82 15 samma
168 675 47 21 icke
237 681 29 15 nu
288 681 76 21 genom
387 675 112 21 Komiténs
522 675 143 27 tillgöranden
687 675 75 21 vinner
783 675 40 21 full

64 710 90 26 lösning,
171 709 142 21 öfverlemnas
328 709 34 21 till
377 708 156 22 förberedande
550 709 129 27 behandling
702 709 23 21 af
746 709 75 27 skilda,

64 744 78 21 enkom
158 743 33 21 för
206 744 121 20 ändamålet
343 745 154 19 sammansatta
512 743 283 27 organisationskomitéer'.

132 778 11 21 I
166 778 222 21 öfverensstämmelse
411 778 48 20 med
479 778 70 20 denna
564 778 107 20 komiténs
686 778 137 27 uppfattning

64 812 24 21 af
109 812 49 21 dess
180 812 97 27 uppdrag
299 812 42 21 slöt
356 812 107 21 komiténs
479 812 137 21 betänkande
631 812 48 21 med
695 814 30 19 ett
741 812 82 21 förord-

64 846 70 21 nande
149 846 24 21 af
186 846 197 27 löneförhöjningar
398 846 34 21 till
448 847 31 20 ett
495 846 78 27 belopp
590 846 23 20 af
629 846 110 26 1,315,782
755 846 68 26 mark,

64 880 97 27 (hvartill
182 880 51 22 kom
255 886 27 15 en
304 880 122 28 förhöjning
441 880 24 21 af
481 880 78 26 40,000
574 880 37 21 mk
626 880 34 21 för
675 880 104 22 Senatens
794 880 29 21 le-

65 915 97 21 damöter
177 915 40 21 enl.
232 914 55 22 Näd.
304 914 143 22 förordnande
462 914 40 22 och
518 914 105 22 Senatens
638 915 69 21 beslut
723 914 23 22 af
760 914 19 21 d.
797 916 26 19 27

64 955 58 15 mars
146 949 64 27 1879)
225 951 56 19 samt
301 955 26 15 en
350 949 106 21 successiv
472 949 138 27 inbesparing
625 949 23 21 af
662 949 58 21 löner
736 949 39 21 och
790 955 33 14 ar-

64 983 69 22 voden
148 989 27 15 m.
191 989 28 15 m.
235 983 23 21 af
272 983 90 26 262,331
379 983 62 21 mark
457 985 26 19 69
499 983 51 26 p:ni.

133 1017 11 21 I
174 1017 117 22 sistnämda
316 1023 83 15 summa
423 1017 51 27 ingå
502 1017 71 22 såsom
599 1017 26 21 de
648 1017 117 22 förnämsta
786 1024 38 21 po-

66 1053 82 20 sterna:
171 1051 127 27 indragning
320 1051 34 21 till
384 1051 83 22 kronan
497 1051 24 21 af
550 1051 41 21 den
616 1051 208 22 landssekreterarne

66 1085 40 22 och
135 1085 200 22 landskamrerarne
367 1085 164 22 tillkommande
562 1086 192 27 expeditionslösen
784 1086 40 21 och

66 1119 175 28 sigillpenningar
271 1120 49 21 med
350 1119 125 28 förslagsvis
501 1120 79 26 65,700
605 1120 42 26 mk,
674 1120 7 21 i
706 1120 119 27 ersättning

65 1153 87 22 hvarför
184 1160 55 21 resp.
275 1154 140 27 tjenstemäns
451 1155 60 20 löner
548 1154 6 21 i
589 1155 150 21 motsvarande
772 1155 53 27 grad

66 1187 118 28 föreslogos
206 1189 33 20 att
261 1188 70 27 höjas;
355 1188 73 21 vidare
451 1188 129 27 indragning
598 1188 24 21 af
635 1189 82 21 diverse
732 1189 94 21 arvoden

66 1222 39 22 och
128 1222 172 27 arvodestillägg,
320 1223 74 20 hvilka
410 1222 144 28 öfverflyttats
570 1222 34 21 till
620 1223 107 21 ordinarie
742 1223 45 25 lön;
803 1223 24 20 af

65 1256 113 27 personela
200 1257 80 26 anslag,
305 1262 45 16 som
373 1257 67 27 gjorts
456 1257 34 21 till
505 1257 109 21 ordinarie
629 1257 98 26 arvoden,
744 1257 23 20 af
781 1259 44 19 sär-

66 1291 71 21 skilda
159 1293 80 19 smärre
255 1291 74 27 anslag
348 1291 70 21 såsom
433 1291 51 27 ]jus-
500 1291 40 21 och
555 1297 128 22 resepengar
697 1298 28 14 m.
741 1298 34 19 m.,
792 1291 33 21 för

65 1325 75 22 hvilka
161 1325 136 27 godtgörelse
320 1325 91 22 lemnats
434 1325 7 21 i
457 1325 123 27 förhöjning
596 1325 24 21 af
633 1325 191 22 löneförmonerna.

65 1359 42 22 Till
123 1359 127 28 indragning
266 1359 125 22 förordades
407 1360 22 21 in
445 1366 83 15 summa
544 1360 76 21 endast
637 1362 25 20 19
673 1359 152 28 befattningar.

135 1394 62 22 Hvad
212 1394 288 28 löneförhöjningsförslaget
515 1394 134 22 vidkommer
663 1396 24 19 är
702 1394 76 22 främst
793 1396 32 19 att

66 1428 81 27 märka,
173 1430 33 20 att
227 1428 97 22 komiten
339 1428 48 22 icke
406 1428 51 22 fann
473 1429 75 27 nödigt
564 1428 79 22 föreslå
658 1428 131 22 inrättandet
804 1428 24 21 af

134 1467 104 19 Allmänna
251 1468 180 18 Besvärsutskottets
445 1468 116 18 betänkande
574 1468 37 18 N:o
624 1468 30 18 39.
