1048 1731
266 122 242 24 Petitionsbetänkande
524 121 37 24 N:o
577 122 39 23 23.
781 124 12 21 5

61 186 154 25 befolkningens
230 186 103 25 fattigdom
350 187 42 19 står
407 187 26 24 på
449 187 39 19 den
503 188 52 18 mest
570 186 172 24 beklagansvärda
755 187 69 20 stånd-

60 215 70 26 punkt,
147 215 36 20 och
199 215 84 19 föreslår
298 215 67 20 derför
387 215 120 25 ödmjukast,
523 217 31 17 att
569 215 33 19 det
618 215 129 20 Hedervärda
765 215 58 20 Stån-

62 245 34 19 det
118 245 5 18 i
144 243 91 24 förening
249 244 45 19 med
309 243 64 25 öfriga
389 244 61 19 Stånd
467 244 45 19 ville
528 244 37 19 hos
580 243 56 20 Hans
652 243 113 26 Kejserliga
779 243 44 20 Ma-

60 273 63 24 jestät
138 273 6 19 i
160 272 156 25 underdånighet
331 273 86 25 anhålla,

271 331 31 18 att
325 329 89 27 delning
432 329 31 27 af
473 328 27 21 de
516 329 8 20 i
540 328 86 21 landets
641 328 103 28 nordliga
759 329 63 20 delar

200 357 109 28 befintliga
324 359 52 19 mest
387 357 135 21 vidsträckta
528 356 294 28 provincialläkaredistrik-

199 388 34 19 ten
256 385 159 28 ofördröjligen
433 385 70 28 blefve
519 385 110 21 verkstäld
645 385 38 21 och
699 388 31 18 att
745 385 77 21 dervid

199 416 98 19 närmast
307 414 72 27 fästes
395 414 194 28 uppmärksamhet
605 413 37 22 vid
658 420 24 15 en
693 414 71 21 sädan
775 414 47 21 del-

199 443 53 27 ning
267 443 29 27 af
307 443 93 27 Kajana
412 442 303 28 provincialläkaredistrikt,
731 445 32 18 att
779 443 42 20 den

200 478 40 14 ena
251 471 218 28 provincialläkaren
485 471 69 28 blefve
569 471 134 21 stationerad
718 471 4 21 i
732 471 90 28 Hyryn-

199 500 65 21 salmi
278 500 83 26 socken,
377 502 57 19 samt

270 531 32 19 att
317 532 28 18 ett
359 531 48 26 nytt
419 528 295 28 provincialläkaredistrikt
722 528 100 22 bildades

200 557 29 28 af
240 558 25 20 de
281 558 34 20 till
335 557 122 28 Uleåborgs,
473 557 137 21 Brahestads
626 557 37 21 och
678 556 143 28 Haapajärvi

200 586 88 21 distrikt
312 586 97 21 hörande
436 586 104 25 Temmes,
566 585 107 26 Paavola,
697 586 124 26 Frantsila,

199 614 87 22 Kestilä
301 614 37 22 och
353 614 109 22 Pulkkila
477 614 133 21 kommuner.

134 672 130 27 Helsingfors,
281 673 37 19 den
334 672 26 20 31
376 672 85 20 Januari
477 672 63 21 1888.

562 728 50 24 Antti
627 728 122 24 Tuomikoski.

132 901 165 27 (Öfversättning.)

220 953 50 19 Till
285 953 165 20 Hedervärda
465 953 199 20 Bondeständet.

134 1004 36 19 Att
192 1004 118 24 sjukvården
332 1005 7 18 i
354 1005 48 19 våra
417 1005 177 19 landskommuner
609 1005 18 24 ej
644 1005 40 19 står
699 1005 26 24 pä
740 1009 82 19 synner-

62 1033 52 24 ligen
137 1033 92 24 prisvärd
252 1033 35 26 fot,
303 1034 57 19 torde
375 1039 48 14 vara
439 1033 84 20 allmänt
538 1033 81 20 bekant.
651 1033 128 20 Vidsträckta
793 1033 29 19 lä-

62 1061 133 20 karedistrikt
210 1062 36 19 och
263 1062 100 19 storleken
379 1062 21 19 af
414 1063 38 18 den
468 1063 64 18 under
550 1067 22 14 en
591 1062 79 19 läkares
681 1062 48 19 vård
740 1061 83 20 stående

64 1089 139 24 folkmängden
225 1090 97 24 försvåra,
345 1091 131 24 omöjliggöra
491 1090 43 20 ofta
556 1091 30 19 till
610 1091 36 19 och
662 1091 43 19 med
720 1093 50 16 nära
785 1096 39 18 nog

63 1118 124 20 erhållandet
210 1119 21 19 af
251 1119 130 25 läkarebjelp.
411 1119 63 20 Detta
496 1119 174 20 missförhållande
693 1119 57 19 torde
771 1119 52 20 dock

62 1147 127 24 ingenstädes
211 1153 48 14 vara
281 1150 64 17 större
365 1151 25 17 än
409 1149 7 18 i
431 1149 103 18 mellersta
549 1148 92 19 Finland.
671 1147 108 25 Jyväskylä
793 1147 30 20 lä-

61 1176 132 19 karedistrikt
216 1177 89 19 sträcker
327 1177 30 24 sig
379 1177 120 24 nemligen
492 1171 14 35 i
523 1177 59 19 söder
605 1177 37 19 och
663 1181 48 16 norr
733 1175 38 20 och
793 1175 30 20 lä-

62 1205 62 19 karen
147 1206 23 17 är
192 1205 66 19 bosatt
280 1205 7 19 i
310 1205 112 20 distriktets
445 1205 111 25 sydligaste
575 1205 38 20 del.
643 1205 43 19 Den
701 1205 122 25 folkmängd,

62 1239 42 14 som
126 1233 43 20 står
189 1233 62 20 under
266 1233 151 25 ifrågavarande
432 1234 82 20 läkares
530 1234 56 25 vård,
602 1236 58 21 utgör
675 1233 55 20 öfver
745 1232 78 24 50,000

61 1267 97 20 personer
180 1262 49 19 eller
247 1262 77 20 således
339 1269 55 14 mera
409 1266 25 17 än
451 1263 77 19 antalet
543 1262 21 20 af
578 1263 94 19 invånare
687 1263 6 18 i
708 1261 117 21 hufvudsta-

62 1291 44 26 den,
130 1291 36 19 der
187 1297 44 14 man
255 1291 52 20 dock
329 1294 22 17 är
373 1293 7 18 i
403 1291 80 20 tillfälle
505 1294 29 17 att
550 1291 62 20 anlita
628 1291 81 24 ungefär
725 1290 27 20 50
767 1290 57 20 läka-

61 1325 32 14 res
108 1319 62 24 hjelp.

133 1348 37 19 Att
194 1348 75 20 erhålla
291 1348 124 25 läkarehjelp
438 1348 13 19 &
474 1349 60 18 dessa
560 1350 54 17 orter
641 1350 23 17 är
689 1347 67 20 derför
782 1347 43 20 ofta

61 1376 43 20 helt
119 1377 38 19 och
171 1377 62 20 hållet
249 1378 88 24 omöjligt
353 1377 37 20 och
406 1377 76 24 följden
499 1376 59 20 häraf
567 1377 39 19 blir
616 1377 96 19 kroniska
722 1376 103 20 åkommor

62 1405 32 20 för
115 1405 63 25 lifvet,
204 1406 67 20 hvilka
294 1412 24 14 en
341 1406 62 20 snabb
419 1406 127 24 Jäkarehjelp
562 1406 76 19 kunnat
652 1405 114 25 förebygga,
782 1404 43 20 ofta

62 1434 58 20 äfven
144 1440 25 14 en
191 1434 81 24 förtidig
291 1435 46 19 död.
367 1435 10 19 I
392 1434 37 20 och
445 1434 33 20 för
493 1434 139 24 aflägsnandet
646 1434 22 20 af
681 1434 59 20 dessa
755 1433 70 20 bekla-

61 1463 112 24 gansvärda
188 1463 187 20 missförhållanden
390 1464 51 24 våga
457 1464 20 19 vi
492 1463 91 20 anhålla:

130 1501 103 18 Allmänna
246 1502 179 18 Besvärsutskottets
437 1501 120 18 betänkande
570 1501 38 18 N:o
622 1501 27 18 18.
