1048 1731
318 119 273 22 Petitionsbetänkande
608 119 39 22 N:o
662 119 35 22 27.
838 119 11 20 7

124 184 64 20 emot
201 182 42 21 har
258 182 45 21 den
318 181 60 22 enda
393 181 163 28 anmärkning,
573 188 49 14 som
637 183 60 19 emot
712 181 113 28 förslaget
839 181 41 21 vid

126 213 90 20 senaste
230 210 113 28 landtdag
359 210 78 21 kunde
452 213 76 25 göras,
545 212 35 19 att
595 209 82 22 skolan
693 209 30 22 då
743 213 63 18 ännu
828 209 53 22 icke

125 240 112 22 existerat
251 239 40 21 två
306 239 31 27 år,
353 246 97 14 numera
465 238 99 21 förlorat
579 238 32 21 all
626 238 127 29 betydelse.

194 267 53 22 Med
262 268 107 21 afseende
385 267 58 21 härå
459 267 44 21 och
526 267 30 21 då
579 267 40 21 det
639 274 68 21 synes
731 267 100 28 obilligt,
848 268 35 20 att

125 297 47 22 den
186 296 107 22 enskilda
307 295 199 29 offervilligheten
522 295 62 22 skall
605 297 65 26 tagas
693 295 8 22 i
724 295 100 28 anspråk
846 295 37 22 för

126 324 227 23 tillfredsställandet
369 324 26 21 af
407 326 36 19 ett
458 325 25 20 så
504 324 146 28 väsendtligt
671 324 74 21 behof
765 325 35 20 för
823 331 58 14 sam-

126 353 74 22 hället
221 361 49 14 som
293 353 40 22 det
354 353 188 28 ifrågavarande,
564 353 24 20 få
603 353 24 21 vi
648 355 55 18 äran
726 352 94 22 anhålla
843 352 39 21 det

126 382 119 28 vällofliga
267 381 199 29 Borgareståndet
487 381 57 22 ville
567 381 94 21 förorda
682 388 30 14 en
734 381 147 28 underdänig

126 411 101 28 petition
243 411 25 20 af
280 410 113 21 innehåll:

329 463 34 20 att
385 463 72 20 staten
475 461 36 21 vid
526 461 71 27 första
613 461 78 28 lägliga
707 461 87 27 tillfälle
815 461 66 21 måtte

263 490 108 28 antingen
381 489 44 22 helt
435 489 36 23 och
483 489 67 22 hållet
564 490 111 28 öfvertaga
689 489 131 23 nuvarande
835 496 46 15 sex-

263 519 93 27 klassiga
375 518 73 26 finska
463 518 232 28 fruntimmersskolan
709 519 9 21 i
735 518 148 28 Tammerfors

263 548 50 21 eller
329 547 76 28 bevilja
428 548 128 21 densamma
578 549 30 20 ett
630 547 65 28 årligt
717 547 118 22 understöd
857 547 26 27 af

263 576 68 22 minst
344 576 85 28 10,000
443 576 69 22 mark.

195 616 154 28 Helsingfors,
365 616 46 22 den
426 617 13 21 3
455 616 113 22 Februari
585 617 61 21 1888.

149 670 63 20 Frans
227 668 108 22 Sumelius.
405 668 73 22 Ossian
496 668 107 28 Bergbom.
673 668 20 22 C.
709 669 27 20 W.
753 662 106 28 Åkerlund.

202 891 167 27 (Öfversättning.)

241 930 61 21 Till
324 929 190 22 Hedervärda
538 930 224 21 Bondeståndet.

198 970 73 22 Norra
285 969 113 22 Karelens
413 969 143 28 befolkning
572 969 88 22 känner
675 970 36 28 sig
726 970 105 21 tacksam
846 969 37 22 för

130 999 46 20 den
196 998 26 21 af
235 998 108 21 sistlidna
359 998 158 21 ständermöte
533 998 115 28 vidtagna
662 999 89 27 åtgärd,
767 1005 50 14 som
831 998 53 21 haft

129 1027 39 21 till
190 1027 59 28 följd
268 1027 65 21 Hans
349 1027 134 28 Kejserliga
499 1027 123 28 Majestäts
637 1027 86 28 nådiga
738 1027 144 28 förordning,

130 1063 38 14 om
190 1057 35 20 att
240 1055 64 21 detta
320 1055 92 25 afsides,
427 1055 149 22 vidsträckta
590 1055 113 28 landskap
719 1055 61 22 skall
795 1055 90 22 erhålla

129 1084 41 21 det
185 1084 7 20 i
206 1083 106 22 Joensuu
328 1084 51 21 stad
388 1083 131 29 befintliga,
531 1083 143 29 fyrklassiga
683 1084 75 28 lyceet
764 1084 51 21 från
829 1085 55 21 1889

130 1113 38 20 års
182 1112 83 28 början
280 1112 62 21 klass
358 1113 37 20 för
409 1112 65 21 klass
489 1112 128 28 utvidgadt
632 1113 37 20 till
683 1115 34 18 ett
732 1112 153 29 fullständigt

130 1141 114 21 läroverk.
273 1141 53 21 Men
342 1141 29 21 då
386 1141 98 27 bristen,
501 1141 63 21 hvad
579 1141 129 28 goss-skola
723 1141 116 26 beträffar,
849 1142 36 20 så-

130 1169 72 21 lunda
216 1169 87 22 blifver
318 1169 107 28 afhjelpt,
441 1169 141 22 framträder
597 1169 39 21 det
651 1169 48 22 lika
707 1169 130 28 trängande
846 1169 39 22 be-

131 1197 81 22 hofvet
227 1197 26 22 af
267 1205 29 14 en
310 1198 113 28 tidsenlig
437 1198 130 21 flickskola.

199 1226 145 29 Visserligen
365 1226 76 21 finnes
464 1227 8 20 i
498 1227 107 21 Joensuu
627 1227 51 21 stad
693 1233 29 14 en
735 1226 84 29 privat,
837 1226 48 28 fyr-

132 1255 88 27 klassig
241 1255 124 22 flickskola
383 1255 54 21 med
452 1255 94 22 finskan
562 1262 48 14 som
625 1255 260 28 undervisningsspråk,

132 1283 96 22 hvilken
249 1284 31 28 på
302 1291 80 14 senare
404 1283 63 22 tider
488 1283 99 29 åtnjutit
610 1286 34 19 ett
659 1283 186 22 statsunderstöd
861 1284 27 21 af

131 1313 65 26 3,200
218 1312 67 21 mark
307 1319 36 14 om
366 1313 56 26 året,
438 1319 54 14 men
508 1312 109 21 enskilda
631 1319 109 22 personer
755 1312 72 22 hafva
842 1312 45 21 lik-

132 1341 39 20 väl
185 1347 84 22 genom
283 1341 62 28 höga
360 1341 151 28 skolafgifter
529 1341 44 21 och
582 1341 72 21 andra
661 1341 162 28 uppoffringar
830 1341 56 21 nöd-

132 1371 52 26 gats
200 1369 105 22 anskaffa
320 1377 27 14 en
363 1369 49 22 lika
427 1372 50 19 stor
492 1377 90 14 summa
595 1370 37 21 för
647 1370 92 21 skolans
755 1369 132 22 underhåll.

201 1398 82 22 Ehuru
306 1398 83 22 skolan
404 1398 99 22 sålunda
519 1398 110 22 befunnit
644 1399 36 27 sig
695 1398 8 22 i
719 1399 67 21 svåra
801 1398 86 22 ekono-

133 1426 75 22 miska
223 1427 206 28 omständigheter,
447 1428 93 27 uppgår
556 1427 52 21 dess
624 1427 115 21 elevantal
754 1427 38 21 för
806 1431 82 18 närva-

203 1460 99 18 Allmänna
314 1460 175 19 Besvärsutskottets
501 1461 111 18 betänkande
622 1461 34 18 N:o
668 1462 31 16 22.
