<?xml version="1.0" encoding="UTF-8"?>
<alto xmlns="http://www.loc.gov/standards/alto/ns-v3#" xmlns:xlink="http://www.w3.org/1999/xlink" xmlns:xsi="http://www.w3.org/2001/XMLSchema-instance" xsi:schemaLocation="http://www.loc.gov/standards/alto/ns-v3# http://www.loc.gov/alto/v3/alto-3-0.xsd">
	<Description>
		<MeasurementUnit>pixel</MeasurementUnit>
		<sourceImageInformation>
			<fileName>/tmp/tess_yv7y40ez_input.PNG</fileName>
		</sourceImageInformation>
		<OCRProcessing ID="OCR_0">
			<ocrProcessingStep>
				<processingSoftware>
					<softwareName>tesseract 5.3.4</softwareName>
				</processingSoftware>
			</ocrProcessingStep>
		</OCRProcessing>
	</Description>
	<Layout>
		<Page WIDTH="1048" HEIGHT="1731" PHYSICAL_IMG_NR="0" ID="page_0">
			<PrintSpace HPOS="0" VPOS="0" WIDTH="1048" HEIGHT="1731">
				<ComposedBlock ID="cblock_0" HPOS="194" VPOS="133" WIDTH="27" HEIGHT="20">
					<TextBlock ID="block_0" HPOS="194" VPOS="133" WIDTH="27" HEIGHT="20">
						<TextLine ID="line_0" HPOS="194" VPOS="133" WIDTH="27" HEIGHT="20">
							<String ID="string_0" HPOS="194" VPOS="133" WIDTH="27" HEIGHT="20" WC="0.96" CONTENT="24"/>
						</TextLine>
					</TextBlock>
				</ComposedBlock>
				<ComposedBlock ID="cblock_1" HPOS="395" VPOS="130" WIDTH="290" HEIGHT="25">
					<TextBlock ID="block_1" HPOS="395" VPOS="130" WIDTH="290" HEIGHT="25">
						<TextLine ID="line_1" HPOS="395" VPOS="130" WIDTH="290" HEIGHT="25">
							<String ID="string_1" HPOS="395" VPOS="131" WIDTH="201" HEIGHT="24" WC="0.85" CONTENT="Motionsbetänkande"/><SP WIDTH="11" VPOS="131" HPOS="596"/>
							<String ID="string_2" HPOS="607" VPOS="131" WIDTH="35" HEIGHT="23" WC="0.92" CONTENT="M:o"/><SP WIDTH="14" VPOS="131" HPOS="642"/>
							<String ID="string_3" HPOS="656" VPOS="130" WIDTH="29" HEIGHT="23" WC="0.96" CONTENT="14."/>
						</TextLine>
					</TextBlock>
				</ComposedBlock>
				<ComposedBlock ID="cblock_2" HPOS="301" VPOS="191" WIDTH="630" HEIGHT="201">
					<TextBlock ID="block_2" HPOS="301" VPOS="191" WIDTH="630" HEIGHT="201">
						<TextLine ID="line_2" HPOS="373" VPOS="191" WIDTH="550" HEIGHT="30">
							<String ID="string_4" HPOS="373" VPOS="194" WIDTH="68" HEIGHT="25" WC="0.96" CONTENT="Hare,"/><SP WIDTH="23" VPOS="194" HPOS="441"/>
							<String ID="string_5" HPOS="464" VPOS="201" WIDTH="46" HEIGHT="13" WC="0.91" CONTENT="som"/><SP WIDTH="22" VPOS="201" HPOS="510"/>
							<String ID="string_6" HPOS="532" VPOS="193" WIDTH="111" HEIGHT="28" WC="0.43" CONTENT="anträffas"/><SP WIDTH="23" VPOS="193" HPOS="643"/>
							<String ID="string_7" HPOS="666" VPOS="193" WIDTH="14" HEIGHT="20" WC="0.90" CONTENT="&amp;"/><SP WIDTH="15" VPOS="193" HPOS="680"/>
							<String ID="string_8" HPOS="695" VPOS="193" WIDTH="51" HEIGHT="27" WC="0.96" CONTENT="fält"/><SP WIDTH="13" VPOS="193" HPOS="746"/>
							<String ID="string_9" HPOS="759" VPOS="191" WIDTH="51" HEIGHT="21" WC="0.92" CONTENT="med"/><SP WIDTH="13" VPOS="191" HPOS="810"/>
							<String ID="string_10" HPOS="823" VPOS="191" WIDTH="100" HEIGHT="21" WC="0.96" CONTENT="växande"/>
						</TextLine>
						<TextLine ID="line_3" HPOS="301" VPOS="225" WIDTH="624" HEIGHT="30">
							<String ID="string_11" HPOS="301" VPOS="228" WIDTH="74" HEIGHT="27" WC="0.80" CONTENT="gröda"/><SP WIDTH="23" VPOS="228" HPOS="375"/>
							<String ID="string_12" HPOS="398" VPOS="229" WIDTH="53" HEIGHT="20" WC="0.95" CONTENT="eller"/><SP WIDTH="20" VPOS="229" HPOS="451"/>
							<String ID="string_13" HPOS="471" VPOS="228" WIDTH="10" HEIGHT="20" WC="0.93" CONTENT="i"/><SP WIDTH="20" VPOS="228" HPOS="481"/>
							<String ID="string_14" HPOS="501" VPOS="227" WIDTH="115" HEIGHT="28" WC="0.96" CONTENT="trädgård,"/><SP WIDTH="24" VPOS="227" HPOS="616"/>
							<String ID="string_15" HPOS="640" VPOS="228" WIDTH="37" HEIGHT="20" WC="0.93" CONTENT="mä"/><SP WIDTH="22" VPOS="228" HPOS="677"/>
							<String ID="string_16" HPOS="699" VPOS="227" WIDTH="82" HEIGHT="20" WC="0.90" CONTENT="saklöst"/><SP WIDTH="14" VPOS="227" HPOS="781"/>
							<String ID="string_17" HPOS="795" VPOS="225" WIDTH="70" HEIGHT="22" WC="0.96" CONTENT="under"/><SP WIDTH="11" VPOS="225" HPOS="865"/>
							<String ID="string_18" HPOS="876" VPOS="225" WIDTH="49" HEIGHT="20" WC="0.96" CONTENT="hela"/>
						</TextLine>
						<TextLine ID="line_4" HPOS="306" VPOS="259" WIDTH="625" HEIGHT="30">
							<String ID="string_19" HPOS="306" VPOS="263" WIDTH="49" HEIGHT="20" WC="0.95" CONTENT="året"/><SP WIDTH="22" VPOS="263" HPOS="355"/>
							<String ID="string_20" HPOS="377" VPOS="263" WIDTH="30" HEIGHT="26" WC="0.92" CONTENT="af"/><SP WIDTH="11" VPOS="263" HPOS="407"/>
							<String ID="string_21" HPOS="418" VPOS="262" WIDTH="121" HEIGHT="27" WC="0.91" CONTENT="jordegare"/><SP WIDTH="22" VPOS="262" HPOS="539"/>
							<String ID="string_22" HPOS="561" VPOS="262" WIDTH="53" HEIGHT="20" WC="0.96" CONTENT="eller"/><SP WIDTH="17" VPOS="262" HPOS="614"/>
							<String ID="string_23" HPOS="631" VPOS="262" WIDTH="51" HEIGHT="20" WC="0.95" CONTENT="med"/><SP WIDTH="12" VPOS="262" HPOS="682"/>
							<String ID="string_24" HPOS="694" VPOS="261" WIDTH="77" HEIGHT="21" WC="0.96" CONTENT="dennes"/><SP WIDTH="16" VPOS="261" HPOS="771"/>
							<String ID="string_25" HPOS="787" VPOS="259" WIDTH="100" HEIGHT="22" WC="0.96" CONTENT="tillstånd"/><SP WIDTH="13" VPOS="259" HPOS="887"/>
							<String ID="string_26" HPOS="900" VPOS="260" WIDTH="31" HEIGHT="25" WC="0.96" CONTENT="af"/>
						</TextLine>
						<TextLine ID="line_5" HPOS="305" VPOS="293" WIDTH="621" HEIGHT="31">
							<String ID="string_27" HPOS="305" VPOS="304" WIDTH="74" HEIGHT="13" WC="0.95" CONTENT="annan"/><SP WIDTH="17" VPOS="304" HPOS="379"/>
							<String ID="string_28" HPOS="396" VPOS="297" WIDTH="88" HEIGHT="27" WC="0.95" CONTENT="fällas;"/><SP WIDTH="23" VPOS="297" HPOS="484"/>
							<String ID="string_29" HPOS="507" VPOS="296" WIDTH="53" HEIGHT="21" WC="0.95" CONTENT="dock"/><SP WIDTH="15" VPOS="296" HPOS="560"/>
							<String ID="string_30" HPOS="575" VPOS="296" WIDTH="38" HEIGHT="20" WC="0.96" CONTENT="må"/><SP WIDTH="14" VPOS="296" HPOS="613"/>
							<String ID="string_31" HPOS="627" VPOS="296" WIDTH="82" HEIGHT="20" WC="0.96" CONTENT="sådant"/><SP WIDTH="14" VPOS="296" HPOS="709"/>
							<String ID="string_32" HPOS="723" VPOS="295" WIDTH="55" HEIGHT="28" WC="0.95" CONTENT="djur"/><SP WIDTH="13" VPOS="295" HPOS="778"/>
							<String ID="string_33" HPOS="791" VPOS="294" WIDTH="69" HEIGHT="21" WC="0.93" CONTENT="under"/><SP WIDTH="7" VPOS="294" HPOS="860"/>
							<String ID="string_34" HPOS="867" VPOS="293" WIDTH="59" HEIGHT="27" WC="0.90" CONTENT="frid-"/>
						</TextLine>
						<TextLine ID="line_6" HPOS="305" VPOS="326" WIDTH="620" HEIGHT="31">
							<String ID="string_35" HPOS="305" VPOS="331" WIDTH="42" HEIGHT="26" WC="0.93" CONTENT="lyst"/><SP WIDTH="14" VPOS="331" HPOS="347"/>
							<String ID="string_36" HPOS="361" VPOS="331" WIDTH="34" HEIGHT="20" WC="0.96" CONTENT="tid"/><SP WIDTH="13" VPOS="331" HPOS="395"/>
							<String ID="string_37" HPOS="408" VPOS="331" WIDTH="44" HEIGHT="20" WC="0.96" CONTENT="icke"/><SP WIDTH="15" VPOS="331" HPOS="452"/>
							<String ID="string_38" HPOS="467" VPOS="331" WIDTH="36" HEIGHT="20" WC="0.96" CONTENT="till"/><SP WIDTH="12" VPOS="331" HPOS="503"/>
							<String ID="string_39" HPOS="515" VPOS="337" WIDTH="74" HEIGHT="14" WC="0.93" CONTENT="annan"/><SP WIDTH="9" VPOS="337" HPOS="589"/>
							<String ID="string_40" HPOS="598" VPOS="331" WIDTH="114" HEIGHT="26" WC="0.91" CONTENT="försäljas"/><SP WIDTH="15" VPOS="331" HPOS="712"/>
							<String ID="string_41" HPOS="727" VPOS="329" WIDTH="54" HEIGHT="21" WC="0.96" CONTENT="eller"/><SP WIDTH="8" VPOS="329" HPOS="781"/>
							<String ID="string_42" HPOS="789" VPOS="326" WIDTH="136" HEIGHT="23" WC="0.96" CONTENT="annorlunda"/>
						</TextLine>
						<TextLine ID="line_7" HPOS="303" VPOS="365" WIDTH="128" HEIGHT="27">
							<String ID="string_43" HPOS="303" VPOS="365" WIDTH="128" HEIGHT="27" WC="0.86" CONTENT="öfverlåtas."/>
						</TextLine>
					</TextBlock>
				</ComposedBlock>
				<ComposedBlock ID="cblock_3" HPOS="583" VPOS="423" WIDTH="65" HEIGHT="25">
					<TextBlock ID="block_3" HPOS="583" VPOS="423" WIDTH="65" HEIGHT="25">
						<TextLine ID="line_8" HPOS="583" VPOS="423" WIDTH="65" HEIGHT="25">
							<String ID="string_44" HPOS="583" VPOS="423" WIDTH="19" HEIGHT="25" WC="0.88" CONTENT="S"/><SP WIDTH="15" VPOS="423" HPOS="602"/>
							<String ID="string_45" HPOS="617" VPOS="429" WIDTH="31" HEIGHT="14" WC="0.81" CONTENT="72."/>
						</TextLine>
					</TextBlock>
				</ComposedBlock>
				<ComposedBlock ID="cblock_4" HPOS="374" VPOS="461" WIDTH="382" HEIGHT="28">
					<TextBlock ID="block_4" HPOS="374" VPOS="461" WIDTH="382" HEIGHT="28">
						<TextLine ID="line_9" HPOS="374" VPOS="461" WIDTH="382" HEIGHT="28">
							<String ID="string_46" HPOS="374" VPOS="461" WIDTH="55" HEIGHT="22" WC="0.96" CONTENT="Lika"/><SP WIDTH="14" VPOS="461" HPOS="429"/>
							<String ID="string_47" HPOS="443" VPOS="462" WIDTH="50" HEIGHT="21" WC="0.93" CONTENT="med"/><SP WIDTH="15" VPOS="462" HPOS="493"/>
							<String ID="string_48" HPOS="508" VPOS="461" WIDTH="146" HEIGHT="22" WC="0.92" CONTENT="motionärens"/><SP WIDTH="16" VPOS="461" HPOS="654"/>
							<String ID="string_49" HPOS="670" VPOS="461" WIDTH="86" HEIGHT="28" WC="0.96" CONTENT="förslag."/>
						</TextLine>
					</TextBlock>
				</ComposedBlock>
				<ComposedBlock ID="cblock_5" HPOS="298" VPOS="532" WIDTH="632" HEIGHT="580">
					<TextBlock ID="block_5" HPOS="584" VPOS="532" WIDTH="65" HEIGHT="25">
						<TextLine ID="line_10" HPOS="584" VPOS="532" WIDTH="65" HEIGHT="25">
							<String ID="string_50" HPOS="584" VPOS="532" WIDTH="18" HEIGHT="24" WC="0.84" CONTENT="S"/><SP WIDTH="15" VPOS="532" HPOS="602"/>
							<String ID="string_51" HPOS="617" VPOS="537" WIDTH="32" HEIGHT="20" WC="0.81" CONTENT="73."/>
						</TextLine>
					</TextBlock>
					<TextBlock ID="block_6" HPOS="298" VPOS="570" WIDTH="631" HEIGHT="226">
						<TextLine ID="line_11" HPOS="374" VPOS="570" WIDTH="552" HEIGHT="22">
							<String ID="string_52" HPOS="374" VPOS="570" WIDTH="61" HEIGHT="20" WC="0.95" CONTENT="Från"/><SP WIDTH="16" VPOS="570" HPOS="435"/>
							<String ID="string_53" HPOS="451" VPOS="570" WIDTH="37" HEIGHT="21" WC="0.96" CONTENT="och"/><SP WIDTH="15" VPOS="570" HPOS="488"/>
							<String ID="string_54" HPOS="503" VPOS="570" WIDTH="51" HEIGHT="21" WC="0.96" CONTENT="med"/><SP WIDTH="13" VPOS="570" HPOS="554"/>
							<String ID="string_55" HPOS="567" VPOS="571" WIDTH="40" HEIGHT="20" WC="0.96" CONTENT="den"/><SP WIDTH="15" VPOS="571" HPOS="607"/>
							<String ID="string_56" HPOS="622" VPOS="577" WIDTH="12" HEIGHT="14" WC="0.93" CONTENT="1"/><SP WIDTH="17" VPOS="577" HPOS="634"/>
							<String ID="string_57" HPOS="651" VPOS="571" WIDTH="65" HEIGHT="20" WC="0.96" CONTENT="Mars"/><SP WIDTH="15" VPOS="571" HPOS="716"/>
							<String ID="string_58" HPOS="731" VPOS="570" WIDTH="37" HEIGHT="21" WC="0.96" CONTENT="till"/><SP WIDTH="11" VPOS="570" HPOS="768"/>
							<String ID="string_59" HPOS="779" VPOS="570" WIDTH="38" HEIGHT="21" WC="0.95" CONTENT="och"/><SP WIDTH="10" VPOS="570" HPOS="817"/>
							<String ID="string_60" HPOS="827" VPOS="571" WIDTH="51" HEIGHT="21" WC="0.96" CONTENT="med"/><SP WIDTH="8" VPOS="571" HPOS="878"/>
							<String ID="string_61" HPOS="886" VPOS="571" WIDTH="40" HEIGHT="21" WC="0.96" CONTENT="den"/>
						</TextLine>
						<TextLine ID="line_12" HPOS="305" VPOS="604" WIDTH="622" HEIGHT="28">
							<String ID="string_62" HPOS="305" VPOS="610" WIDTH="27" HEIGHT="14" WC="0.96" CONTENT="20"/><SP WIDTH="23" VPOS="610" HPOS="332"/>
							<String ID="string_63" HPOS="355" VPOS="604" WIDTH="97" HEIGHT="27" WC="0.93" CONTENT="Augusti"/><SP WIDTH="19" VPOS="604" HPOS="452"/>
							<String ID="string_64" HPOS="471" VPOS="605" WIDTH="37" HEIGHT="20" WC="0.96" CONTENT="må"/><SP WIDTH="22" VPOS="605" HPOS="508"/>
							<String ID="string_65" HPOS="530" VPOS="604" WIDTH="62" HEIGHT="21" WC="0.92" CONTENT="hund"/><SP WIDTH="20" VPOS="604" HPOS="592"/>
							<String ID="string_66" HPOS="612" VPOS="604" WIDTH="110" HEIGHT="27" WC="0.91" CONTENT="begagnas"/><SP WIDTH="17" VPOS="604" HPOS="722"/>
							<String ID="string_67" HPOS="739" VPOS="604" WIDTH="37" HEIGHT="21" WC="0.92" CONTENT="till"/><SP WIDTH="5" VPOS="604" HPOS="776"/>
							<String ID="string_68" HPOS="781" VPOS="605" WIDTH="56" HEIGHT="27" WC="0.92" CONTENT="jagt"/><SP WIDTH="14" VPOS="605" HPOS="837"/>
							<String ID="string_69" HPOS="851" VPOS="605" WIDTH="76" HEIGHT="21" WC="0.96" CONTENT="endast"/>
						</TextLine>
						<TextLine ID="line_13" HPOS="305" VPOS="638" WIDTH="621" HEIGHT="28">
							<String ID="string_70" HPOS="305" VPOS="639" WIDTH="56" HEIGHT="26" WC="0.95" CONTENT="efter"/><SP WIDTH="12" VPOS="639" HPOS="361"/>
							<String ID="string_71" HPOS="373" VPOS="638" WIDTH="68" HEIGHT="28" WC="0.96" CONTENT="björn,"/><SP WIDTH="17" VPOS="638" HPOS="441"/>
							<String ID="string_72" HPOS="458" VPOS="646" WIDTH="61" HEIGHT="20" WC="0.96" CONTENT="varg,"/><SP WIDTH="17" VPOS="646" HPOS="519"/>
							<String ID="string_73" HPOS="536" VPOS="640" WIDTH="20" HEIGHT="19" WC="0.94" CONTENT="lo"/><SP WIDTH="15" VPOS="640" HPOS="556"/>
							<String ID="string_74" HPOS="571" VPOS="640" WIDTH="53" HEIGHT="19" WC="0.93" CONTENT="eller"/><SP WIDTH="6" VPOS="640" HPOS="624"/>
							<String ID="string_75" HPOS="630" VPOS="640" WIDTH="57" HEIGHT="26" WC="0.92" CONTENT="jerf,"/><SP WIDTH="16" VPOS="640" HPOS="687"/>
							<String ID="string_76" HPOS="703" VPOS="640" WIDTH="44" HEIGHT="19" WC="0.96" CONTENT="när"/><SP WIDTH="10" VPOS="640" HPOS="747"/>
							<String ID="string_77" HPOS="757" VPOS="639" WIDTH="67" HEIGHT="27" WC="0.96" CONTENT="något"/><SP WIDTH="7" VPOS="639" HPOS="824"/>
							<String ID="string_78" HPOS="831" VPOS="640" WIDTH="29" HEIGHT="26" WC="0.96" CONTENT="af"/><SP WIDTH="4" VPOS="640" HPOS="860"/>
							<String ID="string_79" HPOS="864" VPOS="640" WIDTH="62" HEIGHT="20" WC="0.96" CONTENT="dessa"/>
						</TextLine>
						<TextLine ID="line_14" HPOS="305" VPOS="672" WIDTH="620" HEIGHT="28">
							<String ID="string_80" HPOS="305" VPOS="672" WIDTH="55" HEIGHT="28" WC="0.96" CONTENT="djur"/><SP WIDTH="13" VPOS="672" HPOS="360"/>
							<String ID="string_81" HPOS="373" VPOS="673" WIDTH="113" HEIGHT="27" WC="0.93" CONTENT="bevisligen"/><SP WIDTH="15" VPOS="673" HPOS="486"/>
							<String ID="string_82" HPOS="501" VPOS="673" WIDTH="35" HEIGHT="27" WC="0.96" CONTENT="sig"/><SP WIDTH="13" VPOS="673" HPOS="536"/>
							<String ID="string_83" HPOS="549" VPOS="673" WIDTH="10" HEIGHT="21" WC="0.96" CONTENT="i"/><SP WIDTH="13" VPOS="673" HPOS="559"/>
							<String ID="string_84" HPOS="572" VPOS="673" WIDTH="84" HEIGHT="21" WC="0.93" CONTENT="trakten"/><SP WIDTH="16" VPOS="673" HPOS="656"/>
							<String ID="string_85" HPOS="672" VPOS="673" WIDTH="123" HEIGHT="27" WC="0.95" CONTENT="uppehållit,"/><SP WIDTH="10" VPOS="673" HPOS="795"/>
							<String ID="string_86" HPOS="805" VPOS="676" WIDTH="60" HEIGHT="18" WC="0.92" CONTENT="samt"/><SP WIDTH="6" VPOS="676" HPOS="865"/>
							<String ID="string_87" HPOS="871" VPOS="674" WIDTH="54" HEIGHT="20" WC="0.92" CONTENT="dess-"/>
						</TextLine>
						<TextLine ID="line_15" HPOS="305" VPOS="707" WIDTH="620" HEIGHT="28">
							<String ID="string_88" HPOS="305" VPOS="710" WIDTH="58" HEIGHT="17" WC="0.94" CONTENT="utom"/><SP WIDTH="16" VPOS="710" HPOS="363"/>
							<String ID="string_89" HPOS="379" VPOS="708" WIDTH="60" HEIGHT="26" WC="0.94" CONTENT="från"/><SP WIDTH="22" VPOS="708" HPOS="439"/>
							<String ID="string_90" HPOS="461" VPOS="707" WIDTH="38" HEIGHT="21" WC="0.96" CONTENT="och"/><SP WIDTH="22" VPOS="707" HPOS="499"/>
							<String ID="string_91" HPOS="521" VPOS="708" WIDTH="51" HEIGHT="20" WC="0.96" CONTENT="med"/><SP WIDTH="19" VPOS="708" HPOS="572"/>
							<String ID="string_92" HPOS="591" VPOS="707" WIDTH="41" HEIGHT="21" WC="0.95" CONTENT="den"/><SP WIDTH="22" VPOS="707" HPOS="632"/>
							<String ID="string_93" HPOS="654" VPOS="707" WIDTH="30" HEIGHT="21" WC="0.96" CONTENT="26"/><SP WIDTH="14" VPOS="707" HPOS="684"/>
							<String ID="string_94" HPOS="698" VPOS="707" WIDTH="53" HEIGHT="23" WC="0.90" CONTENT="Fuli"/><SP WIDTH="20" VPOS="707" HPOS="751"/>
							<String ID="string_95" HPOS="771" VPOS="708" WIDTH="36" HEIGHT="20" WC="0.93" CONTENT="till"/><SP WIDTH="12" VPOS="708" HPOS="807"/>
							<String ID="string_96" HPOS="819" VPOS="708" WIDTH="106" HEIGHT="27" WC="0.92" CONTENT="lofgifven"/>
						</TextLine>
						<TextLine ID="line_16" HPOS="298" VPOS="742" WIDTH="631" HEIGHT="27">
							<String ID="string_97" HPOS="298" VPOS="742" WIDTH="57" HEIGHT="26" WC="0.91" CONTENT="jagt"/><SP WIDTH="21" VPOS="742" HPOS="355"/>
							<String ID="string_98" HPOS="376" VPOS="742" WIDTH="40" HEIGHT="20" WC="0.95" CONTENT="vid"/><SP WIDTH="18" VPOS="742" HPOS="416"/>
							<String ID="string_99" HPOS="434" VPOS="742" WIDTH="104" HEIGHT="20" WC="0.94" CONTENT="stränder"/><SP WIDTH="21" VPOS="742" HPOS="538"/>
							<String ID="string_100" HPOS="559" VPOS="742" WIDTH="30" HEIGHT="27" WC="0.96" CONTENT="af"/><SP WIDTH="17" VPOS="742" HPOS="589"/>
							<String ID="string_101" HPOS="606" VPOS="742" WIDTH="34" HEIGHT="27" WC="0.96" CONTENT="sjö"/><SP WIDTH="23" VPOS="742" HPOS="640"/>
							<String ID="string_102" HPOS="663" VPOS="742" WIDTH="37" HEIGHT="20" WC="0.95" CONTENT="och"/><SP WIDTH="21" VPOS="742" HPOS="700"/>
							<String ID="string_103" HPOS="721" VPOS="742" WIDTH="133" HEIGHT="27" WC="0.96" CONTENT="vattendrag"/><SP WIDTH="12" VPOS="742" HPOS="854"/>
							<String ID="string_104" HPOS="866" VPOS="742" WIDTH="38" HEIGHT="21" WC="0.96" CONTENT="och"/><SP WIDTH="15" VPOS="742" HPOS="904"/>
							<String ID="string_105" HPOS="919" VPOS="742" WIDTH="10" HEIGHT="20" WC="0.96" CONTENT="i"/>
						</TextLine>
						<TextLine ID="line_17" HPOS="304" VPOS="776" WIDTH="362" HEIGHT="20">
							<String ID="string_106" HPOS="304" VPOS="776" WIDTH="58" HEIGHT="20" WC="0.96" CONTENT="kärr"/><SP WIDTH="13" VPOS="776" HPOS="362"/>
							<String ID="string_107" HPOS="375" VPOS="776" WIDTH="52" HEIGHT="20" WC="0.94" CONTENT="eller"/><SP WIDTH="13" VPOS="776" HPOS="427"/>
							<String ID="string_108" HPOS="440" VPOS="782" WIDTH="73" HEIGHT="14" WC="0.95" CONTENT="annan"/><SP WIDTH="15" VPOS="782" HPOS="513"/>
							<String ID="string_109" HPOS="528" VPOS="776" WIDTH="55" HEIGHT="20" WC="0.95" CONTENT="sank"/><SP WIDTH="15" VPOS="776" HPOS="583"/>
							<String ID="string_110" HPOS="598" VPOS="776" WIDTH="68" HEIGHT="20" WC="0.96" CONTENT="mark."/>
						</TextLine>
					</TextBlock>
					<TextBlock ID="block_7" HPOS="299" VPOS="810" WIDTH="631" HEIGHT="302">
						<TextLine ID="line_18" HPOS="373" VPOS="810" WIDTH="554" HEIGHT="27">
							<String ID="string_111" HPOS="373" VPOS="810" WIDTH="79" HEIGHT="20" WC="0.96" CONTENT="Finnes"/><SP WIDTH="21" VPOS="810" HPOS="452"/>
							<String ID="string_112" HPOS="473" VPOS="810" WIDTH="63" HEIGHT="20" WC="0.96" CONTENT="hund"/><SP WIDTH="20" VPOS="810" HPOS="536"/>
							<String ID="string_113" HPOS="556" VPOS="810" WIDTH="69" HEIGHT="20" WC="0.96" CONTENT="under"/><SP WIDTH="13" VPOS="810" HPOS="625"/>
							<String ID="string_114" HPOS="638" VPOS="810" WIDTH="57" HEIGHT="21" WC="0.96" CONTENT="tiden"/><SP WIDTH="9" VPOS="810" HPOS="695"/>
							<String ID="string_115" HPOS="704" VPOS="810" WIDTH="60" HEIGHT="27" WC="0.96" CONTENT="från"/><SP WIDTH="15" VPOS="810" HPOS="764"/>
							<String ID="string_116" HPOS="779" VPOS="810" WIDTH="40" HEIGHT="20" WC="0.96" CONTENT="den"/><SP WIDTH="21" VPOS="810" HPOS="819"/>
							<String ID="string_117" HPOS="840" VPOS="816" WIDTH="6" HEIGHT="14" WC="0.96" CONTENT="1"/><SP WIDTH="15" VPOS="816" HPOS="846"/>
							<String ID="string_118" HPOS="861" VPOS="810" WIDTH="66" HEIGHT="21" WC="0.96" CONTENT="Mars"/>
						</TextLine>
						<TextLine ID="line_19" HPOS="305" VPOS="844" WIDTH="621" HEIGHT="28">
							<String ID="string_119" HPOS="305" VPOS="844" WIDTH="36" HEIGHT="20" WC="0.86" CONTENT="till"/><SP WIDTH="12" VPOS="844" HPOS="341"/>
							<String ID="string_120" HPOS="353" VPOS="844" WIDTH="41" HEIGHT="20" WC="0.96" CONTENT="den"/><SP WIDTH="15" VPOS="844" HPOS="394"/>
							<String ID="string_121" HPOS="409" VPOS="851" WIDTH="28" HEIGHT="13" WC="0.96" CONTENT="20"/><SP WIDTH="15" VPOS="851" HPOS="437"/>
							<String ID="string_122" HPOS="452" VPOS="845" WIDTH="96" HEIGHT="26" WC="0.93" CONTENT="Augusti"/><SP WIDTH="12" VPOS="845" HPOS="548"/>
							<String ID="string_123" HPOS="560" VPOS="845" WIDTH="128" HEIGHT="27" WC="0.92" CONTENT="ströfvande"/><SP WIDTH="18" VPOS="845" HPOS="688"/>
							<String ID="string_124" HPOS="706" VPOS="844" WIDTH="10" HEIGHT="21" WC="0.96" CONTENT="i"/><SP WIDTH="20" VPOS="844" HPOS="716"/>
							<String ID="string_125" HPOS="736" VPOS="844" WIDTH="57" HEIGHT="28" WC="0.96" CONTENT="skog,"/><SP WIDTH="24" VPOS="844" HPOS="793"/>
							<String ID="string_126" HPOS="817" VPOS="845" WIDTH="37" HEIGHT="20" WC="0.90" CONTENT="mä"/><SP WIDTH="21" VPOS="845" HPOS="854"/>
							<String ID="string_127" HPOS="875" VPOS="844" WIDTH="51" HEIGHT="21" WC="0.90" CONTENT="hun-"/>
						</TextLine>
						<TextLine ID="line_20" HPOS="305" VPOS="878" WIDTH="622" HEIGHT="28">
							<String ID="string_128" HPOS="305" VPOS="878" WIDTH="40" HEIGHT="20" WC="0.78" CONTENT="den"/><SP WIDTH="22" VPOS="878" HPOS="345"/>
							<String ID="string_129" HPOS="367" VPOS="879" WIDTH="82" HEIGHT="20" WC="0.78" CONTENT="saklöst"/><SP WIDTH="22" VPOS="879" HPOS="449"/>
							<String ID="string_130" HPOS="471" VPOS="879" WIDTH="86" HEIGHT="27" WC="0.92" CONTENT="intagas"/><SP WIDTH="21" VPOS="879" HPOS="557"/>
							<String ID="string_131" HPOS="578" VPOS="879" WIDTH="39" HEIGHT="21" WC="0.93" CONTENT="och"/><SP WIDTH="23" VPOS="879" HPOS="617"/>
							<String ID="string_132" HPOS="640" VPOS="886" WIDTH="52" HEIGHT="14" WC="0.77" CONTENT="vare"/><SP WIDTH="16" VPOS="886" HPOS="692"/>
							<String ID="string_133" HPOS="708" VPOS="879" WIDTH="133" HEIGHT="27" WC="0.91" CONTENT="förverkad,"/><SP WIDTH="16" VPOS="879" HPOS="841"/>
							<String ID="string_134" HPOS="857" VPOS="879" WIDTH="70" HEIGHT="21" WC="0.87" CONTENT="dcrest"/>
						</TextLine>
						<TextLine ID="line_21" HPOS="305" VPOS="913" WIDTH="622" HEIGHT="27">
							<String ID="string_135" HPOS="305" VPOS="920" WIDTH="79" HEIGHT="19" WC="0.65" CONTENT="egaren"/><SP WIDTH="23" VPOS="920" HPOS="384"/>
							<String ID="string_136" HPOS="407" VPOS="913" WIDTH="44" HEIGHT="21" WC="0.84" CONTENT="icke"/><SP WIDTH="22" VPOS="913" HPOS="451"/>
							<String ID="string_137" HPOS="473" VPOS="913" WIDTH="56" HEIGHT="20" WC="0.96" CONTENT="inom"/><SP WIDTH="23" VPOS="913" HPOS="529"/>
							<String ID="string_138" HPOS="552" VPOS="920" WIDTH="25" HEIGHT="14" WC="0.93" CONTENT="en"/><SP WIDTH="23" VPOS="920" HPOS="577"/>
							<String ID="string_139" HPOS="600" VPOS="914" WIDTH="85" HEIGHT="20" WC="0.95" CONTENT="månad"/><SP WIDTH="18" VPOS="914" HPOS="685"/>
							<String ID="string_140" HPOS="703" VPOS="914" WIDTH="58" HEIGHT="26" WC="0.94" CONTENT="efter"/><SP WIDTH="12" VPOS="914" HPOS="761"/>
							<String ID="string_141" HPOS="773" VPOS="913" WIDTH="72" HEIGHT="21" WC="0.96" CONTENT="derom"/><SP WIDTH="15" VPOS="913" HPOS="845"/>
							<String ID="string_142" HPOS="860" VPOS="913" WIDTH="10" HEIGHT="20" WC="0.93" CONTENT="i"/><SP WIDTH="6" VPOS="913" HPOS="870"/>
							<String ID="string_143" HPOS="876" VPOS="914" WIDTH="51" HEIGHT="26" WC="0.92" CONTENT="för-"/>
						</TextLine>
						<TextLine ID="line_22" HPOS="305" VPOS="947" WIDTH="621" HEIGHT="28">
							<String ID="string_144" HPOS="305" VPOS="947" WIDTH="130" HEIGHT="27" WC="0.91" CONTENT="samlingens"/><SP WIDTH="21" VPOS="947" HPOS="435"/>
							<String ID="string_145" HPOS="456" VPOS="948" WIDTH="69" HEIGHT="26" WC="0.92" CONTENT="kyrka"/><SP WIDTH="22" VPOS="948" HPOS="525"/>
							<String ID="string_146" HPOS="547" VPOS="949" WIDTH="112" HEIGHT="26" WC="0.91" CONTENT="äfvensom"/><SP WIDTH="23" VPOS="949" HPOS="659"/>
							<String ID="string_147" HPOS="682" VPOS="948" WIDTH="34" HEIGHT="20" WC="0.91" CONTENT="uti"/><SP WIDTH="19" VPOS="948" HPOS="716"/>
							<String ID="string_148" HPOS="735" VPOS="948" WIDTH="70" HEIGHT="26" WC="0.96" CONTENT="kyrka"/><SP WIDTH="22" VPOS="948" HPOS="805"/>
							<String ID="string_149" HPOS="827" VPOS="948" WIDTH="9" HEIGHT="20" WC="0.96" CONTENT="i"/><SP WIDTH="17" VPOS="948" HPOS="836"/>
							<String ID="string_150" HPOS="853" VPOS="955" WIDTH="73" HEIGHT="13" WC="0.95" CONTENT="annan"/>
						</TextLine>
						<TextLine ID="line_23" HPOS="299" VPOS="982" WIDTH="629" HEIGHT="27">
							<String ID="string_151" HPOS="299" VPOS="982" WIDTH="141" HEIGHT="27" WC="0.73" CONTENT="församling,"/><SP WIDTH="24" VPOS="982" HPOS="440"/>
							<String ID="string_152" HPOS="464" VPOS="982" WIDTH="67" HEIGHT="21" WC="0.95" CONTENT="hvars"/><SP WIDTH="19" VPOS="982" HPOS="531"/>
							<String ID="string_153" HPOS="550" VPOS="983" WIDTH="71" HEIGHT="26" WC="0.96" CONTENT="gräns"/><SP WIDTH="22" VPOS="983" HPOS="621"/>
							<String ID="string_154" HPOS="643" VPOS="983" WIDTH="71" HEIGHT="26" WC="0.95" CONTENT="ligger"/><SP WIDTH="23" VPOS="983" HPOS="714"/>
							<String ID="string_155" HPOS="737" VPOS="983" WIDTH="56" HEIGHT="20" WC="0.95" CONTENT="inom"/><SP WIDTH="26" VPOS="983" HPOS="793"/>
							<String ID="string_156" HPOS="819" VPOS="982" WIDTH="28" HEIGHT="21" WC="0.93" CONTENT="tio"/><SP WIDTH="23" VPOS="982" HPOS="847"/>
							<String ID="string_157" HPOS="870" VPOS="985" WIDTH="58" HEIGHT="18" WC="0.93" CONTENT="verst"/>
						</TextLine>
						<TextLine ID="line_24" HPOS="299" VPOS="1016" WIDTH="631" HEIGHT="28">
							<String ID="string_158" HPOS="299" VPOS="1016" WIDTH="60" HEIGHT="27" WC="0.84" CONTENT="från"/><SP WIDTH="24" VPOS="1016" HPOS="359"/>
							<String ID="string_159" HPOS="383" VPOS="1016" WIDTH="36" HEIGHT="21" WC="0.91" CONTENT="det"/><SP WIDTH="23" VPOS="1016" HPOS="419"/>
							<String ID="string_160" HPOS="442" VPOS="1017" WIDTH="68" HEIGHT="24" WC="0.93" CONTENT="ställe,"/><SP WIDTH="26" VPOS="1017" HPOS="510"/>
							<String ID="string_161" HPOS="536" VPOS="1017" WIDTH="41" HEIGHT="20" WC="0.96" CONTENT="der"/><SP WIDTH="23" VPOS="1017" HPOS="577"/>
							<String ID="string_162" HPOS="600" VPOS="1017" WIDTH="85" HEIGHT="20" WC="0.94" CONTENT="hunden"/><SP WIDTH="26" VPOS="1017" HPOS="685"/>
							<String ID="string_163" HPOS="711" VPOS="1017" WIDTH="75" HEIGHT="26" WC="0.93" CONTENT="intogs,"/><SP WIDTH="27" VPOS="1017" HPOS="786"/>
							<String ID="string_164" HPOS="813" VPOS="1016" WIDTH="117" HEIGHT="28" WC="0.90" CONTENT="afkunnad"/>
						</TextLine>
						<TextLine ID="line_25" HPOS="305" VPOS="1049" WIDTH="625" HEIGHT="29">
							<String ID="string_165" HPOS="305" VPOS="1049" WIDTH="125" HEIGHT="28" WC="0.93" CONTENT="kungörelse"/><SP WIDTH="15" VPOS="1049" HPOS="430"/>
							<String ID="string_166" HPOS="445" VPOS="1051" WIDTH="112" HEIGHT="27" WC="0.92" CONTENT="afhemtar"/><SP WIDTH="12" VPOS="1051" HPOS="557"/>
							<String ID="string_167" HPOS="569" VPOS="1051" WIDTH="85" HEIGHT="21" WC="0.94" CONTENT="hunden"/><SP WIDTH="16" VPOS="1051" HPOS="654"/>
							<String ID="string_168" HPOS="670" VPOS="1051" WIDTH="37" HEIGHT="20" WC="0.96" CONTENT="och"/><SP WIDTH="16" VPOS="1051" HPOS="707"/>
							<String ID="string_169" HPOS="723" VPOS="1052" WIDTH="94" HEIGHT="19" WC="0.96" CONTENT="ersätter"/><SP WIDTH="9" VPOS="1052" HPOS="817"/>
							<String ID="string_170" HPOS="826" VPOS="1051" WIDTH="45" HEIGHT="20" WC="0.95" CONTENT="alla"/><SP WIDTH="8" VPOS="1051" HPOS="871"/>
							<String ID="string_171" HPOS="879" VPOS="1050" WIDTH="51" HEIGHT="21" WC="0.95" CONTENT="med"/>
						</TextLine>
						<TextLine ID="line_26" HPOS="305" VPOS="1084" WIDTH="434" HEIGHT="28">
							<String ID="string_172" HPOS="305" VPOS="1084" WIDTH="48" HEIGHT="21" WC="0.95" CONTENT="dess"/><SP WIDTH="15" VPOS="1084" HPOS="353"/>
							<String ID="string_173" HPOS="368" VPOS="1085" WIDTH="117" HEIGHT="27" WC="0.95" CONTENT="intagande"/><SP WIDTH="8" VPOS="1085" HPOS="485"/>
							<String ID="string_174" HPOS="493" VPOS="1085" WIDTH="111" HEIGHT="27" WC="0.96" CONTENT="förenade"/><SP WIDTH="14" VPOS="1085" HPOS="604"/>
							<String ID="string_175" HPOS="618" VPOS="1085" WIDTH="121" HEIGHT="21" WC="0.94" CONTENT="kostnader."/>
						</TextLine>
					</TextBlock>
				</ComposedBlock>
				<ComposedBlock ID="cblock_6" HPOS="375" VPOS="1149" WIDTH="382" HEIGHT="65">
					<TextBlock ID="block_8" HPOS="375" VPOS="1149" WIDTH="382" HEIGHT="65">
						<TextLine ID="line_27" HPOS="584" VPOS="1149" WIDTH="67" HEIGHT="26">
							<String ID="string_176" HPOS="584" VPOS="1149" WIDTH="18" HEIGHT="24" WC="0.75" CONTENT="S"/><SP WIDTH="16" VPOS="1149" HPOS="602"/>
							<String ID="string_177" HPOS="618" VPOS="1154" WIDTH="33" HEIGHT="21" WC="0.74" CONTENT="14."/>
						</TextLine>
						<TextLine ID="line_28" HPOS="375" VPOS="1187" WIDTH="382" HEIGHT="27">
							<String ID="string_178" HPOS="375" VPOS="1187" WIDTH="54" HEIGHT="21" WC="0.96" CONTENT="Lika"/><SP WIDTH="14" VPOS="1187" HPOS="429"/>
							<String ID="string_179" HPOS="443" VPOS="1187" WIDTH="50" HEIGHT="21" WC="0.93" CONTENT="med"/><SP WIDTH="15" VPOS="1187" HPOS="493"/>
							<String ID="string_180" HPOS="508" VPOS="1187" WIDTH="145" HEIGHT="22" WC="0.91" CONTENT="motionärens"/><SP WIDTH="16" VPOS="1187" HPOS="653"/>
							<String ID="string_181" HPOS="669" VPOS="1187" WIDTH="88" HEIGHT="27" WC="0.96" CONTENT="förslag."/>
						</TextLine>
					</TextBlock>
				</ComposedBlock>
				<ComposedBlock ID="cblock_7" HPOS="305" VPOS="1251" WIDTH="628" HEIGHT="209">
					<TextBlock ID="block_9" HPOS="584" VPOS="1251" WIDTH="65" HEIGHT="25">
						<TextLine ID="line_29" HPOS="584" VPOS="1251" WIDTH="65" HEIGHT="25">
							<String ID="string_182" HPOS="584" VPOS="1251" WIDTH="18" HEIGHT="24" WC="0.74" CONTENT="S"/><SP WIDTH="15" VPOS="1251" HPOS="602"/>
							<String ID="string_183" HPOS="617" VPOS="1255" WIDTH="32" HEIGHT="21" WC="0.93" CONTENT="15."/>
						</TextLine>
					</TextBlock>
					<TextBlock ID="block_10" HPOS="305" VPOS="1294" WIDTH="628" HEIGHT="166">
						<TextLine ID="line_30" HPOS="375" VPOS="1294" WIDTH="556" HEIGHT="29">
							<String ID="string_184" HPOS="375" VPOS="1295" WIDTH="35" HEIGHT="20" WC="0.93" CONTENT="En"/><SP WIDTH="22" VPOS="1295" HPOS="410"/>
							<String ID="string_185" HPOS="432" VPOS="1295" WIDTH="62" HEIGHT="24" WC="0.93" CONTENT="hvar,"/><SP WIDTH="19" VPOS="1295" HPOS="494"/>
							<String ID="string_186" HPOS="513" VPOS="1302" WIDTH="45" HEIGHT="13" WC="0.93" CONTENT="som"/><SP WIDTH="16" VPOS="1302" HPOS="558"/>
							<String ID="string_187" HPOS="574" VPOS="1295" WIDTH="98" HEIGHT="28" WC="0.55" CONTENT="olofligen"/><SP WIDTH="8" VPOS="1295" HPOS="672"/>
							<String ID="string_188" HPOS="680" VPOS="1295" WIDTH="121" HEIGHT="27" WC="0.89" CONTENT="företager"/><SP WIDTH="6" VPOS="1295" HPOS="801"/>
							<String ID="string_189" HPOS="807" VPOS="1294" WIDTH="57" HEIGHT="27" WC="0.92" CONTENT="jagt"/><SP WIDTH="14" VPOS="1294" HPOS="864"/>
							<String ID="string_190" HPOS="878" VPOS="1294" WIDTH="53" HEIGHT="21" WC="0.95" CONTENT="eller"/>
						</TextLine>
						<TextLine ID="line_31" HPOS="306" VPOS="1328" WIDTH="623" HEIGHT="28">
							<String ID="string_191" HPOS="306" VPOS="1329" WIDTH="113" HEIGHT="27" WC="0.89" CONTENT="djurfäng"/><SP WIDTH="15" VPOS="1329" HPOS="419"/>
							<String ID="string_192" HPOS="434" VPOS="1329" WIDTH="33" HEIGHT="27" WC="0.90" CONTENT="pä"/><SP WIDTH="22" VPOS="1329" HPOS="467"/>
							<String ID="string_193" HPOS="489" VPOS="1336" WIDTH="85" HEIGHT="13" WC="0.93" CONTENT="annans"/><SP WIDTH="22" VPOS="1336" HPOS="574"/>
							<String ID="string_194" HPOS="596" VPOS="1336" WIDTH="55" HEIGHT="20" WC="0.70" CONTENT="egor,"/><SP WIDTH="24" VPOS="1336" HPOS="651"/>
							<String ID="string_195" HPOS="675" VPOS="1329" WIDTH="46" HEIGHT="20" WC="0.90" CONTENT="böte"/><SP WIDTH="16" VPOS="1329" HPOS="721"/>
							<String ID="string_196" HPOS="737" VPOS="1329" WIDTH="57" HEIGHT="26" WC="0.93" CONTENT="efter"/><SP WIDTH="12" VPOS="1329" HPOS="794"/>
							<String ID="string_197" HPOS="806" VPOS="1328" WIDTH="77" HEIGHT="20" WC="0.93" CONTENT="sakens"/><SP WIDTH="15" VPOS="1328" HPOS="883"/>
							<String ID="string_198" HPOS="898" VPOS="1328" WIDTH="31" HEIGHT="20" WC="0.71" CONTENT="bc-"/>
						</TextLine>
						<TextLine ID="line_32" HPOS="306" VPOS="1362" WIDTH="623" HEIGHT="29">
							<String ID="string_199" HPOS="306" VPOS="1363" WIDTH="121" HEIGHT="28" WC="0.91" CONTENT="skaffenhet"/><SP WIDTH="8" VPOS="1363" HPOS="427"/>
							<String ID="string_200" HPOS="435" VPOS="1363" WIDTH="59" HEIGHT="28" WC="0.90" CONTENT="frän"/><SP WIDTH="15" VPOS="1363" HPOS="494"/>
							<String ID="string_201" HPOS="509" VPOS="1363" WIDTH="38" HEIGHT="21" WC="0.96" CONTENT="och"/><SP WIDTH="15" VPOS="1363" HPOS="547"/>
							<String ID="string_202" HPOS="562" VPOS="1363" WIDTH="51" HEIGHT="21" WC="0.96" CONTENT="med"/><SP WIDTH="13" VPOS="1363" HPOS="613"/>
							<String ID="string_203" HPOS="626" VPOS="1367" WIDTH="32" HEIGHT="17" WC="0.96" CONTENT="tre"/><SP WIDTH="14" VPOS="1367" HPOS="658"/>
							<String ID="string_204" HPOS="672" VPOS="1363" WIDTH="37" HEIGHT="21" WC="0.95" CONTENT="till"/><SP WIDTH="12" VPOS="1363" HPOS="709"/>
							<String ID="string_205" HPOS="721" VPOS="1362" WIDTH="39" HEIGHT="21" WC="0.92" CONTENT="och"/><SP WIDTH="17" VPOS="1362" HPOS="760"/>
							<String ID="string_206" HPOS="777" VPOS="1362" WIDTH="51" HEIGHT="21" WC="0.91" CONTENT="med"/><SP WIDTH="21" VPOS="1362" HPOS="828"/>
							<String ID="string_207" HPOS="849" VPOS="1362" WIDTH="80" HEIGHT="21" WC="0.91" CONTENT="etthun-"/>
						</TextLine>
						<TextLine ID="line_33" HPOS="306" VPOS="1396" WIDTH="627" HEIGHT="28">
							<String ID="string_208" HPOS="306" VPOS="1398" WIDTH="43" HEIGHT="20" WC="0.96" CONTENT="dra"/><SP WIDTH="15" VPOS="1398" HPOS="349"/>
							<String ID="string_209" HPOS="364" VPOS="1398" WIDTH="63" HEIGHT="20" WC="0.96" CONTENT="mark"/><SP WIDTH="15" VPOS="1398" HPOS="427"/>
							<String ID="string_210" HPOS="442" VPOS="1398" WIDTH="37" HEIGHT="20" WC="0.93" CONTENT="och"/><SP WIDTH="15" VPOS="1398" HPOS="479"/>
							<String ID="string_211" HPOS="494" VPOS="1399" WIDTH="78" HEIGHT="19" WC="0.93" CONTENT="ersätte"/><SP WIDTH="14" VPOS="1399" HPOS="572"/>
							<String ID="string_212" HPOS="586" VPOS="1398" WIDTH="99" HEIGHT="23" WC="0.93" CONTENT="skadan;"/><SP WIDTH="20" VPOS="1398" HPOS="685"/>
							<String ID="string_213" HPOS="705" VPOS="1404" WIDTH="54" HEIGHT="14" WC="0.92" CONTENT="vare"/><SP WIDTH="14" VPOS="1404" HPOS="759"/>
							<String ID="string_214" HPOS="773" VPOS="1397" WIDTH="38" HEIGHT="20" WC="0.96" CONTENT="ock"/><SP WIDTH="9" VPOS="1397" HPOS="811"/>
							<String ID="string_215" HPOS="820" VPOS="1396" WIDTH="113" HEIGHT="28" WC="0.96" CONTENT="förlustig"/>
						</TextLine>
						<TextLine ID="line_34" HPOS="305" VPOS="1431" WIDTH="626" HEIGHT="29">
							<String ID="string_216" HPOS="305" VPOS="1432" WIDTH="41" HEIGHT="20" WC="0.85" CONTENT="allt"/><SP WIDTH="23" VPOS="1432" HPOS="346"/>
							<String ID="string_217" HPOS="369" VPOS="1432" WIDTH="107" HEIGHT="25" WC="0.49" CONTENT="vildbräd,"/><SP WIDTH="23" VPOS="1432" HPOS="476"/>
							<String ID="string_218" HPOS="499" VPOS="1439" WIDTH="45" HEIGHT="13" WC="0.90" CONTENT="som"/><SP WIDTH="15" VPOS="1439" HPOS="544"/>
							<String ID="string_219" HPOS="559" VPOS="1432" WIDTH="81" HEIGHT="21" WC="0.90" CONTENT="dervid"/><SP WIDTH="12" VPOS="1432" HPOS="640"/>
							<String ID="string_220" HPOS="652" VPOS="1432" WIDTH="73" HEIGHT="28" WC="0.93" CONTENT="blifvit"/><SP WIDTH="9" VPOS="1432" HPOS="725"/>
							<String ID="string_221" HPOS="734" VPOS="1431" WIDTH="66" HEIGHT="27" WC="0.89" CONTENT="fäldt"/><SP WIDTH="14" VPOS="1431" HPOS="800"/>
							<String ID="string_222" HPOS="814" VPOS="1431" WIDTH="53" HEIGHT="21" WC="0.89" CONTENT="eller"/><SP WIDTH="8" VPOS="1431" HPOS="867"/>
							<String ID="string_223" HPOS="875" VPOS="1431" WIDTH="56" HEIGHT="27" WC="0.92" CONTENT="fän-"/>
						</TextLine>
					</TextBlock>
				</ComposedBlock>
				<ComposedBlock ID="cblock_8" HPOS="232" VPOS="1472" WIDTH="429" HEIGHT="18">
					<TextBlock ID="block_11" HPOS="232" VPOS="1472" WIDTH="429" HEIGHT="18">
						<TextLine ID="line_35" HPOS="232" VPOS="1472" WIDTH="429" HEIGHT="18">
							<String ID="string_224" HPOS="232" VPOS="1472" WIDTH="207" HEIGHT="18" WC="0.32" CONTENT="Ekonomiutskottets"/><SP WIDTH="14" VPOS="1472" HPOS="439"/>
							<String ID="string_225" HPOS="453" VPOS="1472" WIDTH="119" HEIGHT="18" WC="0.96" CONTENT="betänkande"/><SP WIDTH="12" VPOS="1472" HPOS="572"/>
							<String ID="string_226" HPOS="584" VPOS="1472" WIDTH="36" HEIGHT="18" WC="0.96" CONTENT="N:o"/><SP WIDTH="14" VPOS="1472" HPOS="620"/>
							<String ID="string_227" HPOS="634" VPOS="1472" WIDTH="27" HEIGHT="17" WC="0.96" CONTENT="16."/>
						</TextLine>
					</TextBlock>
				</ComposedBlock>
			</PrintSpace>
		</Page>
	</Layout>
</alto>
