1048 1731
175 127 14 20 4
315 127 70 22 Ständ.
401 127 48 22 Mot.
463 140 29 2 —
507 127 129 22 Motionsbet.
654 128 35 21 N:o
705 128 26 21 11.

216 189 107 27 Beloppet
339 189 24 21 af
376 190 41 21 den
434 190 128 27 ersättning,
578 197 46 14 som
639 190 32 21 uti
686 190 167 27 ifrågavarande
874 189 31 21 af-

147 224 79 21 seende
242 223 66 21 borde
325 224 141 21 tillerkännas
485 225 75 25 vittne,
584 231 46 14 som
653 225 67 27 derpå
741 225 40 26 gör
803 224 103 27 anspråk,

148 258 121 21 bestämdes
285 258 25 21 af
324 259 55 21 1872
394 259 35 20 års
440 259 94 20 Ständer
548 259 34 20 till
598 266 27 13 en
642 259 61 20 mark
717 259 33 20 för
765 258 76 27 hvarje
857 259 48 25 dag,

148 299 46 14 som
210 292 33 21 för
257 299 63 14 resan
343 293 41 21 och
406 293 109 21 vistandet
538 293 35 21 vid
596 293 93 21 domstol
711 293 115 20 erfordras.
857 292 49 21 Men

148 327 49 20 med
212 327 84 27 hänsyn
312 327 33 21 till
360 327 136 27 penningens
512 327 146 21 förändrande
674 328 64 20 värde
757 327 39 21 har
811 327 96 21 nämnda

149 361 121 26 ersättning
285 369 29 13 nu
334 361 25 21 af
377 361 123 22 Ständerna
522 362 107 21 faststälts
653 362 33 21 till
709 362 63 26 högst
797 368 26 14 en
846 361 61 20 mark

148 395 75 21 femtio
238 396 67 26 penni
316 395 33 22 för
360 397 77 26 dagen,
455 396 117 27 hvarjemte
588 397 86 26 vittnet,
690 396 46 21 ifall
752 397 49 20 dess
817 395 90 22 hemvist

148 430 25 20 är
188 429 86 27 beläget
290 431 28 26 på
334 430 65 21 minst
414 431 30 20 tio
460 431 124 20 kilometers
600 431 87 20 afstånd
708 431 48 20 från
779 431 36 20 det
838 429 69 26 ställe,

150 465 38 20 der
204 464 121 21 domstolen
341 466 179 24 sammantrider,
538 465 65 21 borde
617 465 83 21 erhålla
715 465 193 27 skjutspenningar

149 498 34 21 för
198 505 27 14 en
240 498 49 22 häst
304 499 55 21 fram
375 499 40 22 och
431 500 47 21 åter
493 499 53 22 eller
561 499 62 28 afgift
639 499 34 22 för
689 499 108 27 billigaste
813 499 57 27 plats
893 499 14 21 å

149 532 82 28 bantåg
247 533 52 21 eller
315 534 87 27 ångbåt,
419 535 38 20 der
472 535 78 20 sådant
561 534 236 27 fortskaffningsmedel
813 534 44 20 kan
873 533 35 21 be-

148 574 89 20 gagnas.
267 568 50 21 Men
333 570 28 26 på
378 570 35 20 det
429 571 32 19 att
477 569 46 21 icke
540 570 78 26 någon,
634 568 34 22 för
683 571 32 19 att
737 568 87 21 komma
846 568 7 20 i
877 568 31 20 åt-

150 602 105 27 njutande
271 603 24 21 af
309 604 40 20 den
365 604 130 26 ifrågasatta
509 603 161 28 godtgörelsen,
693 603 70 21 skulle
782 610 78 20 genom
879 602 29 21 fö-

149 636 126 27 regifvande
291 637 24 21 af
327 639 68 20 större
411 638 100 27 kunskap
533 645 33 13 om
590 638 74 23 saken,
680 639 28 19 än
732 637 43 21 han
799 637 109 27 verkligen

150 677 57 20 eger,
223 671 46 21 låta
284 671 96 28 åberopa
396 673 32 27 sig
443 673 33 21 till
493 673 67 20 vittne
576 672 7 21 i
598 672 52 27 mål,
668 673 37 20 der
720 672 44 20 han
781 672 18 27 ej
817 672 40 20 har
871 672 38 20 nå-

150 712 43 20 gon
209 706 131 27 upplysning
355 706 25 22 af
393 707 44 25 vigt
452 709 33 19 att
500 707 106 26 meddela,
631 706 65 22 hafva
711 706 123 21 Ständerna
852 706 57 28 gjort

151 740 160 27 ersättningens
326 741 184 22 utbekommande
525 742 7 20 i
547 742 75 26 hvarje
638 740 105 22 händelse
759 740 108 21 beroende
887 740 25 21 af

152 775 115 21 domarens
277 776 108 26 pröfning.
415 776 47 22 Den
477 776 126 27 härigenom
614 775 132 22 statsverket
763 774 144 28 tillskyndade

150 808 93 27 utgiften
259 810 61 21 torde
336 810 48 22 icke
399 810 66 22 blifva
479 810 137 28 synnerligen
626 810 148 26 betungande,
791 809 41 21 och
848 809 59 21 kom-

150 850 34 14 me
199 843 87 22 tillfullo
302 847 33 18 att
350 846 93 20 ersättas
461 852 78 20 genom
562 846 40 20 den
626 844 108 22 snabbare
759 844 39 20 och
822 843 87 21 säkrare

150 878 115 26 rättsvård,
281 878 87 22 hvilken
384 880 69 21 skulle
470 880 65 21 blifva
553 886 27 14 en
603 879 54 27 följd
680 879 25 21 af
725 878 184 26 författningsför-

150 911 80 27 slagets
245 914 132 26 antagande.

218 947 44 21 För
276 950 33 19 att
330 949 120 20 emellertid
472 949 131 26 rättigheten
627 951 33 19 att
682 948 85 22 erhålla
789 947 121 26 ersättning

151 981 25 21 af
188 981 111 22 allmänna
314 983 70 20 medel
399 983 48 21 icke
462 983 55 21 skall
533 983 33 21 för
582 984 26 20 de
626 983 33 21 till
677 984 86 20 vittnen
786 982 124 26 åberopade

151 1015 67 22 blifva
233 1017 78 21 endast
326 1017 114 26 illusorisk,
457 1020 52 19 utan
525 1018 89 27 verklig,
635 1018 58 21 hålla
713 1017 123 21 Ständerna
858 1015 53 26 före,

150 1052 34 19 att
200 1051 43 20 slik
258 1052 121 27 ersättning
394 1052 39 21 bör
449 1053 22 20 åt
481 1052 161 21 vederbörande
658 1052 101 26 erläggas
774 1054 53 18 utan
844 1050 67 27 dröjs-

150 1085 44 21 mål
209 1086 36 21 vid
261 1087 36 20 det
312 1087 83 20 rättens
411 1087 159 20 sammanträde
586 1088 39 19 der
641 1087 26 20 de
682 1085 73 22 blifvit
774 1085 75 21 hörda.
879 1085 34 20 Då

152 1121 36 20 det
213 1121 110 26 nämligen
345 1121 50 20 med
417 1122 38 21 vår
478 1122 124 20 nuvarande
626 1120 221 28 rättegångsordning
868 1119 43 21 kan

151 1155 79 25 hända,
246 1157 33 18 att
294 1156 25 20 år
333 1155 62 27 förgå
410 1156 67 21 innan
493 1155 42 22 mål
551 1155 24 21 af
588 1163 30 13 nu
633 1155 168 28 ifrågavarande
825 1153 84 22 beskaf-

151 1189 75 20 fenhet
241 1189 68 22 blifva
323 1189 102 28 slutligen
441 1190 104 27 afgjorda,
562 1197 63 20 synes
642 1190 50 27 föga
709 1196 52 15 vara
777 1191 81 19 vunnet
879 1187 34 22 för

153 1224 26 20 de
195 1224 84 21 mindre
295 1224 132 27 bemedlade,
443 1225 73 21 hvilka
531 1225 76 20 härvid
629 1223 192 27 hufvudsakligast
845 1223 68 20 måste

151 1258 63 26 afses,
230 1265 35 14 om
281 1259 26 20 de
323 1259 55 20 efter
393 1260 65 26 sagde
473 1259 42 21 tids
530 1259 85 27 förlopp
632 1258 87 22 erhålla
737 1265 26 14 en
783 1257 130 27 knapphän-

152 1293 36 26 dig
204 1293 123 27 ersättning
349 1293 25 21 af
394 1294 111 21 allmänna
528 1293 74 22 medel.
634 1293 41 21 Till
698 1293 55 27 följd
776 1291 65 22 häraf
861 1298 52 14 anse

152 1327 124 21 Ständerna
287 1329 31 20 ett
329 1328 102 21 särskildt
443 1329 119 26 stadgande
573 1329 73 20 derom
658 1327 77 27 nödigt
747 1329 38 23 att,
802 1327 29 20 då
845 1327 68 20 vittne

150 1361 59 28 gjort
225 1362 87 21 erinran
328 1369 35 14 om
378 1363 136 27 godtgörelse
530 1362 33 22 för
579 1363 36 21 sitt
632 1362 157 28 uppvaktande
813 1361 34 21 vid
869 1361 43 21 rät-

150 1397 44 23 ten,
211 1396 71 22 beslut
298 1396 61 22 öfver
375 1397 50 21 slikt
447 1397 97 28 yrkande
567 1397 55 21 skall
645 1398 25 20 af
691 1396 123 22 domstoien
837 1397 76 25 genast

151 1431 111 21 meddelas
278 1431 40 21 och
333 1432 29 26 gå
376 1432 7 20 i
399 1431 171 27 verkställighet,
586 1432 68 21 ehuru
670 1432 38 20 det
724 1431 19 27 ej
763 1430 78 21 vunnit
864 1429 50 27 laga
