1048 1731
192 137 28 21 22

164 201 47 21 laks
224 201 94 27 jernväg
327 201 32 21 till
369 201 139 28 Rautalampi
523 208 53 15 vore
590 201 167 28 fördelaktigare
773 203 29 20 än
817 202 42 21 den
873 202 54 21 iträ-

163 237 88 26 gasatta
265 235 132 22 kanalleden
411 235 48 22 från
474 235 124 23 Konnevesi
613 237 31 20 till
659 237 80 26 lisvesi,
756 237 42 21 och
813 239 32 18 att
859 237 69 27 nådig

164 269 137 28 proposition
317 270 7 21 i
339 270 91 21 ärendet
445 271 68 21 måtte
528 271 7 20 i
550 271 71 21 sinom
640 271 31 21 tid
690 271 123 22 Ständerna
833 271 94 27 föreläg-

164 311 48 20 gas;
228 306 58 19 samt
301 306 33 19 att
349 305 18 26 ej
384 305 84 21 mindre
483 305 115 27 utredning
616 306 68 21 måtte
707 305 159 28 åvägabringas
889 312 36 15 om

163 338 104 22 behofvet
281 339 24 21 af
319 345 27 15 en
361 339 146 28 kanalisering
523 339 23 22 af
559 339 85 28 Kajana
659 339 30 22 elf
705 340 34 21 för
761 341 70 20 större
853 339 74 22 farko-

164 376 51 24 ster,
231 375 29 19 än
276 373 42 22 ock
329 375 32 20 att
371 374 29 27 på
410 374 70 27 grund
495 374 24 21 af
531 374 86 21 teknisk
631 375 164 27 undersökning
809 375 116 21 kostnads-

164 407 82 28 förslag
260 408 32 21 till
307 408 60 21 detta
383 408 84 28 företag
482 409 68 21 måtte
564 410 117 26 uppgöras,
701 410 26 21 så
749 411 32 19 att
803 409 124 22 Ständerna

163 442 71 22 blefve
241 443 6 20 i
253 442 81 23 tillfälle
343 445 31 19 att
382 443 69 22 uttala
459 443 33 27 sig
500 450 36 15 om
544 443 255 28 kanaliseringsarbetets
807 443 119 26 utförande;

237 479 46 20 11:e
299 480 32 19 att
346 478 55 21 finsk
422 478 82 27 qvinna
526 478 147 27 berättigades
696 480 32 19 att
750 480 53 19 utan
825 477 101 22 särskildt

164 512 97 22 tillstånd
272 512 21 22 få
304 512 86 28 aflägga
400 513 180 21 studentexamen
594 514 57 20 samt
666 513 51 21 idka
731 513 82 21 studier
827 513 36 21 vid
878 512 47 22 lan-

166 547 48 21 dets
228 547 137 26 universitet;

236 582 47 21 12:e
293 583 32 19 att
335 581 82 22 tillfälle
427 582 31 20 till
466 582 124 27 fullständig
600 582 121 27 utbildning
735 582 61 21 inom
812 584 48 25 eget
875 582 51 21 land

167 616 108 22 bereddes
290 616 196 28 gymnastiklärare
502 616 42 22 och
558 616 128 27 lärarinnor,
707 619 58 19 samt
783 618 31 20 att
829 616 97 22 vilkoren

166 650 34 22 för
210 651 77 21 dessas
297 651 209 27 tjenstekompetens
516 650 110 28 förhöjdes
633 651 68 27 jemte
713 652 36 20 det
764 651 27 21 de
806 651 49 21 med
870 651 58 27 tjen-

168 687 74 19 sterna
257 685 105 21 förenåde
377 686 61 21 löner
454 685 42 21 och
506 685 110 21 förmåner
631 685 6 21 i
653 684 134 22 förhållande
802 685 31 21 till
847 685 27 21 de
889 686 39 20 så-

166 720 67 21 lunda
249 720 71 21 ökade
335 720 227 27 kompetensvilkoren
578 720 156 26 förbättrades;

237 754 46 22 13:e
295 756 32 19 att
337 754 61 21 Hans
413 754 118 28 Kejserliga
545 754 101 27 Majestät
661 754 68 21 måtte
744 756 51 25 taga
810 754 69 21 under
893 753 35 21 öf-

167 789 147 27 vervägande,
324 789 108 21 huruvida
442 789 54 26 icke,
507 789 7 20 i
524 788 144 22 betraktande
678 788 24 21 af
709 788 146 22 Mariehamns
871 788 54 27 läge,

168 824 187 26 ändamålsenliga
371 824 102 26 åtgärder
487 823 72 22 kunde
573 823 100 27 vidtagas
688 823 31 21 till
734 822 149 28 befrämjande
905 822 26 21 af

168 858 85 22 sådana
267 858 83 27 fartygs
365 858 118 27 inlöpande
497 858 119 26 derstädes,
636 858 73 21 hvilka
731 858 56 21 söka
809 857 118 26 nödhamn,

167 893 99 21 inhemta
282 892 70 26 order,
368 899 103 21 reparera
486 893 51 21 eller
551 892 146 28 proviantera,
713 898 52 15 men
779 892 47 20 icke
841 892 38 21 der
894 892 35 20 in-

168 930 52 25 taga
235 927 52 22 eller
303 926 94 23 aflemna
412 927 42 21 Jast
470 928 50 21 eller
534 933 152 22 passagerare;

240 962 45 21 14:e
297 963 32 20 att
340 961 23 22 af
372 962 27 21 de
409 961 90 28 afgifter,
515 968 48 15 som
578 962 34 21 för
626 961 138 22 närvarande
779 961 84 21 utöfver
879 966 49 21 pre-

168 996 220 27 numerationspriset
403 996 31 21 till
449 997 124 26 postverket
588 997 105 26 erläggas,
710 997 41 20 när
767 995 49 22 dess
834 995 96 21 förmed-

169 1032 45 27 ling
229 1031 80 22 anlitas
324 1030 33 22 för
373 1031 176 26 prenumeration
564 1032 29 26 på
608 1031 109 27 tidningar
741 1030 42 21 och
804 1029 125 26 tidskrifter,

169 1065 260 29 postförvaltarearvodet
444 1066 42 21 och
501 1065 245 27 hembärningsafgiften
764 1064 69 21 blefve
849 1063 81 22 afskaf-

169 1101 60 29 fade;
245 1102 32 20 att
292 1100 225 27 befordringsafgiften
532 1100 33 21 för
580 1100 145 27 tidningarna,
741 1099 29 21 då
788 1104 143 22 prenumera-

168 1136 76 21 tionen
259 1135 51 21 sker
325 1141 80 20 genom
419 1135 130 27 postverket,
566 1135 67 20 måtte
648 1134 111 21 beräknas
777 1133 31 21 till
823 1133 64 26 högst
902 1133 29 21 20

170 1172 93 26 procent
278 1170 24 21 af
315 1170 64 21 deras
394 1170 45 27 pris
454 1170 28 27 på
503 1169 187 28 utgifningsorten,
714 1169 57 20 dock
793 1168 31 26 så,
848 1169 31 19 att
902 1173 28 15 en

170 1205 147 27 minimiafgift
333 1204 23 21 af
369 1205 28 26 !/;
415 1204 66 27 penni
502 1210 38 21 per
562 1209 100 16 nummer
683 1203 135 25 bestämdes;
841 1203 37 25 att,
902 1201 28 22 dä

170 1239 179 28 prenumeration
360 1239 29 27 på
398 1239 109 26 tidningar
517 1238 50 21 sker
577 1238 83 21 direkte
673 1238 41 21 hos
730 1237 143 22 redaktionen
888 1236 43 21 och

170 1274 28 21 de
205 1274 70 21 under
283 1273 112 22 korsband
402 1273 112 21 tillsändas
524 1273 171 26 abonnenterne,
706 1271 139 28 postafgiften
855 1271 76 25 måtte,

170 1309 75 21 såsom
261 1307 34 22 för
309 1308 110 27 tidningar
434 1307 137 28 reqvirerade
585 1307 32 21 till
631 1306 116 29 Ryssland,
770 1305 108 22 beräknas
900 1305 31 20 till

172 1344 27 20 12
214 1344 93 26 procent
323 1342 23 21 af
358 1341 256 28 prenumerationspriset
629 1342 29 26 på
673 1340 188 28 utgifningsorten,
876 1339 57 21 hvil-

170 1378 44 22 ken
224 1377 61 27 afgift
295 1377 66 21 likväl
371 1377 48 21 ieke
433 1376 56 28 finge
503 1376 126 27 understiga
645 1376 27 27 1/,
687 1376 68 28 penni
769 1382 38 20 per
822 1380 110 20 nummer:

170 1414 58 20 samt
243 1413 33 20 att
291 1411 140 28 postafgiften
445 1411 33 21 för
492 1410 117 22 tidskrifter
624 1410 81 22 stäldes
721 1410 7 21 i
744 1411 101 20 närmare
861 1408 72 22 öfver-

169 1446 168 22 ensstämmelse
352 1446 51 22 med
417 1445 88 28 afgiften
520 1445 34 22 för
568 1444 277 26 korsbandsförsändelser;
