1048 1731
303 119 239 23 Petitionsbetänkande
560 119 36 22 N:o
614 120 13 21 1.
790 121 26 19 13

156 273 57 21 Frän
235 273 158 26 Ridderskapet
415 272 40 21 och
475 273 69 20 Adeln
559 279 27 14 en
601 273 23 21 af
637 273 57 21 Herr
709 273 33 21 W.
758 273 87 22 Tavast-

89 307 80 26 stjerna
190 307 93 27 ingifven
305 306 90 27 petition
419 307 79 26 derom,
522 308 33 20 att
574 307 71 27 Nädig
663 307 132 26 proposition
811 313 34 15 om

88 341 121 28 byggandet
231 341 22 21 af
274 347 26 15 en
323 341 268 26 sammanbindningsbana
609 341 48 21 frän
675 341 65 21 Wasa
757 341 89 27 jernväg

89 375 59 22 öfver
170 375 115 27 Jyväskylä
306 375 33 20 till
361 374 104 21 Savolaks
484 375 70 20 banan
570 374 67 22 mätte
652 375 120 27 föreläggas
787 376 58 19 näst-

88 409 128 21 kommande
230 409 109 26 landtdag,
355 408 84 22 hvilken
460 409 91 26 petition
566 410 24 19 är
605 409 7 21 i
628 409 90 26 original
741 409 62 21 skrift
822 408 23 21 sä

88 443 102 26 lydande:

175 507 47 19 Till
240 506 142 24 Höglofliga
401 507 190 23 Ridderskapet
612 507 45 19 och
676 507 86 19 Adeln.

157 558 38 18 Vid
218 560 77 17 senaste
317 558 95 23 landtdag
427 558 78 24 ingingo
522 558 112 19 Ständerna
650 558 29 19 till
695 558 55 27 Hans
765 558 80 24 Kejser-

89 586 39 23 liga
151 586 94 24 Majestät
267 587 43 18 med
331 586 124 24 underdånig
470 587 92 19 anhållan
579 587 75 25 derom,
670 588 29 18 att
715 587 78 19 teknisk
809 586 37 20 och

90 614 116 20 ekonomisk
229 615 104 23 utredning
351 615 123 19 beträffande
490 616 124 23 lämpligaste
630 615 139 23 sträckningen
786 614 21 20 af
821 620 24 13 en

90 643 244 24 sammanbindningsbana
357 643 42 19 från
423 643 61 19 Wasa
504 644 83 23 jernväg
610 644 56 18 öfver
687 643 108 24 Jyväskylä
816 643 30 19 till

90 671 96 19 Savolaks
202 672 63 18 banan
282 672 36 19 och
335 671 87 19 derifrån
445 672 100 19 eventuelt
560 672 68 18 vidare
644 672 30 18 till
690 674 55 16 östra
761 671 84 19 stamba-

89 705 39 13 nan
144 700 60 18 måtte
220 700 147 23 åvägabringas.
399 700 67 19 Ehuru
486 700 110 24 petitionen
612 700 68 19 vunnit
695 700 55 19 Hans
766 700 80 23 Kejser-

89 728 40 23 liga
144 728 104 24 Majestäts
263 728 78 24 Nådiga
356 728 63 24 bifall,
434 728 36 19 har
484 728 173 24 undersökningen
670 728 20 19 af
699 728 84 20 nämnda
792 729 53 23 jern-

90 757 94 23 vägslinie
200 759 52 17 ännu
267 757 44 19 icke
327 757 110 25 försiggått,
453 757 130 23 förmodligen
600 757 80 19 emedan
696 757 149 23 ingeniörkorp-

90 790 41 20 sen,
146 787 77 21 strängt
238 785 75 19 anlitad
328 786 26 23 på
369 788 60 16 annat
444 786 46 22 håll,
506 786 44 18 icke
574 786 76 18 kunnat
672 786 104 18 medhinna
791 786 55 18 detta

90 813 74 19 arbete.

158 842 78 23 Frågan
247 847 31 13 om
289 842 270 23 sammanbindningsbanans
570 848 60 13 snara
640 842 102 24 byggande
753 844 22 17 är
787 842 58 18 emel-

90 870 59 18 lertid
172 870 21 19 af
215 872 73 17 största
310 871 41 23 vigt
371 870 30 19 för
419 870 123 20 vidsträckta
558 871 56 18 delar
630 870 21 19 af
666 871 32 18 det
713 870 42 19 inre
771 870 74 19 landet.

89 898 40 19 Det
144 898 99 20 mellersta
257 898 95 20 Finlands
375 898 114 24 folkmängd
505 901 22 17 är
542 899 59 19 stadd
616 899 6 18 i
638 899 62 19 snabb
717 899 76 18 tillväxt
809 898 36 19 och

90 926 91 20 kulturen
204 927 69 19 vinner
295 928 35 18 der
350 927 74 24 årligen
440 932 39 19 nya
495 928 100 19 områden.
626 927 123 20 Jordbruket
763 927 36 19 har
815 926 32 20 för

90 955 30 19 sin
136 955 112 24 utveckling
264 957 29 18 att
307 956 90 24 påräkna
413 955 96 24 ofantliga
525 956 91 19 sträckor
627 956 22 19 af
658 956 113 23 odlingsbar
783 955 62 23 mark,

89 984 7 18 i
112 984 62 19 bredd
190 985 43 18 med
248 984 67 19 hvilka
338 985 23 18 de
385 985 61 18 redan
469 984 29 19 till
514 984 68 24 odling
597 987 102 21 upptagna
714 987 35 16 äro
765 984 82 23 obetyd-

89 1012 48 24 liga.
167 1013 40 18 För
229 1013 108 18 industrins
356 1013 80 18 framtid
451 1013 6 18 i
474 1013 103 19 trakterna
592 1013 59 23 kring
666 1013 105 23 Päijännes
787 1017 60 14 norra

90 1041 32 18 del
138 1042 70 22 utgöra
224 1041 24 19 de
264 1043 55 17 stora
341 1041 99 23 skogarna
463 1041 37 19 och
516 1041 24 19 de
556 1041 103 19 malmrika
674 1041 87 24 sjöarna,
776 1041 71 18 liksom

91 1069 61 19 också
168 1069 24 19 de
208 1069 70 24 många
292 1069 136 24 vattenfallen,
443 1069 68 20 hvilka
526 1070 64 19 lemna
606 1070 55 23 billig
677 1069 93 19 drifkraft
785 1069 6 18 i
807 1069 40 18 rik-

89 1097 28 24 lig
132 1097 78 26 mängd,
234 1103 23 14 en
281 1098 59 19 säker
362 1098 81 23 borgen.
473 1098 92 19 Nämnda
580 1098 91 19 landsort
685 1098 37 19 har
737 1097 51 20 dock
803 1097 44 19 här-

90 1125 42 20 tills
147 1126 7 18 i
169 1125 50 24 följd
235 1125 21 20 af
269 1126 102 19 bristande
387 1127 48 18 eller
451 1126 109 24 obeqväma
575 1126 192 19 kommunikationer
777 1126 71 19 endast

90 1154 30 19 till
136 1159 24 14 en
176 1154 56 23 ringa
247 1155 32 18 del
295 1154 75 19 kunnat
384 1155 133 23 tillgodogöra
533 1155 29 23 sig
578 1155 44 19 sina
637 1155 98 23 naturliga
750 1154 97 24 hjelpkäl-

90 1182 38 21 lor,
150 1182 36 19 Att
200 1182 140 24 befolkningen
357 1183 102 19 derstädes
475 1183 82 20 allmänt
571 1183 67 24 insett,
650 1183 77 20 hvilken
745 1182 103 20 oskattbar

90 1210 66 19 fördel
172 1211 63 19 skulle
251 1210 118 25 tillskyndas
385 1212 113 19 densamma
520 1217 71 18 genom
606 1217 24 14 en
645 1212 89 23 jernväg,
751 1216 40 14 som
807 1210 40 19 för-

88 1239 72 19 binder
182 1239 171 20 Savolaks-banan
377 1240 44 19 med
444 1240 38 19 den
503 1237 169 26 Österbottniska,
687 1239 86 24 framgår
787 1239 60 19 bland

89 1269 61 17 annat
172 1267 63 25 deraf,
258 1270 29 17 att
309 1269 26 18 då
357 1268 179 24 stadsfullmäktige
551 1269 7 18 i
573 1269 109 24 Jyväskylä
705 1269 91 18 sednaste
812 1267 36 19 vår

88 1295 37 20 hos
140 1295 116 24 regeringen
273 1297 86 25 anhöllo,
375 1299 30 17 att
421 1297 37 19 den
472 1297 98 24 påtänkta
580 1297 175 26 undersökningen
766 1296 21 19 af
797 1301 51 14 sam-

88 1324 218 24 manbindningsbanan
330 1325 63 19 skulle
416 1325 119 20 verkställas
550 1326 62 19 redan
628 1326 60 19 innan
703 1331 26 13 nu
745 1325 102 24 pågående

88 1353 141 26 ständermöte,
245 1353 27 19 42
288 1354 172 19 landskommuner
483 1354 95 19 förenade
601 1355 30 23 sig
651 1360 31 13 om
698 1355 64 18 denna
777 1353 70 25 Jyväs-

88 1381 46 25 kylä
150 1382 54 19 stads
220 1382 99 20 anhållan.

156 1410 41 19 För
219 1410 108 24 Jyväskylä
346 1411 44 19 stad
405 1413 22 17 är
443 1412 34 18 det
491 1413 29 17 ett
535 1410 105 24 lifsvilkor,
656 1413 29 17 att
699 1410 113 25 byggandet
827 1409 22 19 af

88 1438 128 20 oftanämnda
230 1439 141 24 jernvägslinie
386 1440 45 18 med
446 1440 34 18 det
503 1442 90 17 snaraste
608 1440 101 23 påbörjas.
739 1439 69 19 Ehuru
823 1443 24 14 en

155 1476 184 23 Jernvägsutskottets
351 1478 112 16 betänkande
475 1479 34 15 N:o
522 1478 18 16 2.
