1048 1731
303 90 210 25 Petitionsbetänkande
530 91 33 23 N:o
579 91 19 23 6.
798 91 12 21 5

74 153 115 22 skrifterna
210 153 8 21 i
241 153 97 26 gällande
360 153 41 26 lag,
419 153 44 22 dels
480 154 46 21 deri
542 156 32 19 att
590 154 105 27 allmogen
710 153 75 23 härvid
801 153 38 22 vil-

74 188 40 27 ligt
136 189 38 26 går
197 187 174 28 myndigheterna
393 188 32 21 till
441 188 78 27 handa,
536 191 31 25 är,
584 188 66 27 enligt
666 189 117 21 utskottets
798 187 41 22 för-

75 222 111 27 menande,
203 223 32 20 att
249 222 53 21 söka
317 222 40 21 den
373 222 68 22 under
455 222 141 23 förevarande
611 223 149 22 förhållanden
777 223 62 22 bästa

75 257 111 26 lösningen
202 256 21 22 af
237 256 165 27 zigenarfrågan.

145 291 73 27 Några
241 291 152 27 exceptionella
407 291 101 27 åtgärder
523 293 110 25 gentemot
648 291 112 26 zigenarne
775 291 7 21 i
798 291 41 22 den

75 326 93 27 riktning
192 325 141 28 petitionären
349 325 96 28 påyrkat,
461 331 62 16 anser
539 325 31 27 sig
586 325 105 22 utskottet
707 325 70 22 derför
792 325 47 22 icke

75 361 72 20 kunna
163 359 106 28 tillstyrka
285 360 39 21 och
341 360 55 22 hvad
412 359 102 22 beträffar
530 360 40 21 den
586 359 7 22 i
603 359 236 28 petitionsmemorialet

75 394 77 25 jemväl
174 393 121 28 föreslagna
317 394 120 22 statistiken
461 394 59 21 öfver
542 394 119 27 zigenarne,
685 394 61 22 torde
773 395 65 26 något

78 428 127 27 tillgörande
220 428 46 22 från
282 429 130 22 Ständernas
423 429 45 21 sida
479 429 7 21 i
497 429 59 21 detta
567 429 100 21 afseende
677 429 47 21 icke
735 429 102 28 påkallas.

148 463 31 21 På
203 462 61 23 ofvan
287 463 87 22 anförda
394 463 47 22 skäl
463 463 32 22 får
518 463 106 22 utskottet
644 463 70 22 derför
729 463 109 22 vördsamt

76 497 88 22 föreslå:

283 529 32 19 att
327 527 215 27 petitionsförslaget
558 526 46 22 icke
619 528 65 20 måtte
695 527 60 27 från
771 527 67 21 Stän-

214 561 79 21 dernas
308 561 51 21 sida
373 562 36 20 till
424 562 72 27 någon
512 562 80 27 åtgärd
601 562 131 27 föranleda.

149 628 138 28 Helsingfors,
309 629 23 22 af
353 629 113 22 Allmänna
485 630 198 22 Besvärsutskottet
699 630 40 22 den
755 631 27 21 27
798 631 39 21 Fe-

76 663 72 22 bruari
166 664 60 22 1888.

150 732 10 21 I
175 731 200 28 slutbehandlingen
391 732 22 22 af
425 733 59 21 detta
500 734 79 21 ärende
594 733 63 22 hafva
673 734 95 27 deltagit:
790 734 47 22 ord-

76 766 102 22 föranden
194 766 24 21 A.
234 766 97 28 Ramsay,
347 767 146 22 ledamöterne
511 768 108 26 Järvinen,
636 768 124 27 Blomstedt,
769 768 67 22 Juuso

76 800 107 28 Hedberg,
206 800 119 28 Nordlund,
348 802 25 21 V.
395 797 92 32 Öhberg,
511 802 127 27 Tojkander,
660 802 91 28 Nyberg,
771 803 65 27 Schy-

77 835 97 27 bergson,
199 835 86 27 Ojanen,
308 836 122 22 Päivärinta
453 837 40 21 och
513 837 73 27 Pöysti
602 839 55 19 samt
672 837 164 27 suppleanterne

77 870 89 24 Schildt,
182 870 111 22 Rehausen
309 870 38 22 och
364 870 101 23 Alestalo.

147 1470 99 18 Allmänna
258 1471 178 20 Besvärsutskottets
449 1472 117 17 betänkande
579 1472 35 18 N:o
628 1472 16 17 4.
