1048 1731
307 139 239 24 Petitionsbetänkande
562 140 36 22 N:o
615 139 14 22 1.
796 138 27 22 85

164 201 43 22 Det
223 201 160 22 trafiktillskott
398 202 53 27 åter,
467 208 46 16 som
529 202 28 27 på
573 202 26 21 de
615 202 7 21 i
637 201 216 28 petitionsmemoria-

94 236 32 21 let
147 236 90 21 anförda
259 236 176 28 grundergskulle
451 236 93 22 tillföras
560 237 201 27 statsjernvägarne,
777 235 76 22 endast

94 270 8 21 i
125 269 102 23 händelse
248 271 94 21 bibanan
365 270 70 22 blefve
457 271 80 26 utförd,
560 271 73 27 menkfi
647 272 91 21 motsatt
751 271 38 21 fall
804 270 48 21 icke

95 304 87 22 tillfalla
205 305 54 26 dem,
282 305 43 21 kan
347 305 167 26 approximativt
536 305 107 21 beräknas
665 305 50 22 med
730 304 85 27 ledning
829 303 25 22 af

95 338 95 28 följande
206 339 141 28 antaganden.

164 373 92 28 Sålänge
271 379 26 15 en
312 373 79 21 bibana
407 373 90 22 emellan
512 373 169 21 Fredrikshamn
696 373 41 22 och
744 371 109 23 Tavastila

95 409 85 25 saknas,
203 407 88 22 utfaller
313 407 213 22 kommunikationen
550 413 38 21 per
607 407 104 28 landsväg
727 407 82 22 direkte
823 405 29 28 på

95 442 60 22 Uttis
170 442 79 21 station
264 442 99 27 billigare
378 441 34 22 för
427 448 25 15 en
468 442 34 21 del
517 442 97 26 resande,
632 442 40 21 och
686 442 125 27 inbesparar
819 440 32 21 tid

95 477 34 21 för
144 483 29 22 en
185 482 69 15 annan
271 476 40 21 del.
337 476 34 21 Då
386 477 108 21 dessutom
510 483 27 14 en
551 476 140 21 underlättad
705 475 149 22 kommunika-

95 511 46 21 tion
163 511 62 21 alltid
246 510 84 22 medför
345 517 27 15 en
386 511 123 27 utveckling
524 510 24 22 af.
562 510 177 28 persontrafiken,
754 510 62 22 torde
831 508 24 22 af

95 545 50 21 hela
164 544 63 22 ofvan
242 547 110 25 upptagna
366 546 59 20 antal
440 551 140 22 passagerare
594 545 67 21 minst
676 545 28 28 1/;
719 546 86 21 komma
820 544 33 20 att

96 580 78 21 endera
196 580 89 21 alldeles
304 579 103 22 bortfalla
422 580 53 20 eller
489 581 32 20 att
536 580 88 26 betjena
638 580 34 26 sig
686 579 24 22 af
723 579 131 26 landsvägen

96 614 83 22 direkte
194 614 34 21 till
243 614 66 21 Uttis.

168 654 128 21 Derutöfver
317 654 92 26 komme,
432 654 8 20 i
461 654 103 21 händelse
588 654 95 21 bibanan
702 654 48 21 icke
764 652 89 26 utföres,

95 688 30 22 all
147 690 173 26 trupptransport
341 688 80 21 mellan
436 688 168 21 Fredrikshamn
620 688 40 21 och
675 688 33 22 S:t
724 687 130 27 Petersburg

95 724 33 20 att
144 722 132 22 fortfarande
291 722 38 22 ske
344 722 60 22 öfver
419 722 126 22 Davidstad.

166 758 70 26 Äfven
251 764 80 20 största
347 762 62 21 delen
424 762 23 21 af
461 762 41 22 den
517 764 83 20 österut
616 762 82 28 gående
707 760 148 30 godstrafiken

96 796 48 22 från
158 797 167 21 Fredrikshamn
341 797 68 21 skulle
425 796 122 28 säkerligen
563 797 27 27 gå
606 796 60 22 öfver
681 797 60 22 Uttis
755 796 41 22 och
810 795 45 21 Da-

94 831 92 22 vidstad.
210 832 42 20 Det
267 831 60 21 öfver
341 831 60 21 Uttis
416 830 82 28 gående
513 831 155 27 godsbeloppet
678 833 89 26 antages
777 831 78 26 utgöra

96 866 78 26 21,250
189 866 70 21 cental
274 865 89 27 årligen.

168 906 124 21 Inkomsten
315 905 48 21 från
379 906 36 20 det
432 904 166 27 trafiktillskott,
616 911 46 15 som
677 905 69 22 skulle
760 903 95 23 tillföras

96 940 199 28 statsjernvägarne,
322 946 34 15 om
383 940 95 21 bibanan
501 940 87 21 komme
613 939 34 22 till
669 940 69 27 stånd,
761 940 43 21 kan
827 938 28 27 på

95 975 70 27 grund
179 974 24 21 af
217 975 36 20 det
269 974 66 27 sagda
349 974 107 21 beräknas
471 974 28 27 på
513 973 96 28 följande
626 975 53 20 sätt:

167 1049 96 21 Inkomst
282 1048 34 21 för
331 1049 64 26 3,000
409 1054 141 21 passagerare
566 1048 13 21 a
594 1049 46 26 37,4
654 1049 32 20 ki-

285 1083 91 22 lometer
391 1083 48 22 frän
454 1083 110 22 Tavastila
579 1083 34 21 till
629 1083 58 22 Kou-

285 1117 54 27 vola,
361 1117 53 22 eller
429 1117 34 22 för
480 1118 92 26 112,200
586 1123 101 22 passage-

284 1158 49 15 rare
346 1152 115 21 kilometer
475 1151 14 22 å
503 1153 21 25 4,
549 1158 21 21 p.
609 1168 5 5 .
681 1168 5 5 .
731 1152 64 27 5,049
810 1151 44 21 mk.

197 1203 9 10 %
284 1186 34 21 för
333 1186 64 27 2,500
411 1193 51 14 man
477 1188 95 25 trupper,
589 1187 27 20 96
631 1168 55 39 kilo-

283 1222 69 20 meter
367 1221 92 21 emellan
469 1220 168 22 Fredrikshamn
648 1221 40 21 och

284 1255 125 27 Davidstad,
426 1255 53 21 eller
494 1255 34 21 för
536 1255 92 26 240,000
638 1261 49 21 pas-

284 1290 215 27 sagerarekilometer
514 1289 14 22 å
542 1291 40 25 2,25
597 1296 20 20 p.
645 1306 4 4 .
680 1305 5 5 .
729 1289 66 27 5,400
830 1303 10 11 »,

196 1340 9 11 -
279 1323 40 28 för]
334 1324 79 27 21,250
429 1324 70 21 cental
513 1324 60 27 gods,
590 1324 27 21 50
632 1323 55 22 kilo-

284 1360 74 25 meter,
378 1359 53 21 eller
449 1358 34 22 för
500 1359 92 26 106,250
607 1358 80 22 cental-

286 1393 114 21 kilometer
417 1393 8 21 i
441 1393 56 27 3:dje
512 1393 30 21 kl.
558 1393 49 21 med
623 1393 27 21 40
658 1392 28 28 ?/,

284 1427 98 22 afständs
404 1428 73 21 rabatt
499 1427 13 21 å
527 1428 50 26 0,92
592 1434 20 20 p.
628 1427 60 21 cirka
713 1421 11 38 =
730 1426 65 28 9,751
811 1425 39 21 mk

627 1472 59 22 S:ma
714 1471 81 28 20,200
811 1471 44 21 mk.

164 1512 189 23 Jernvägsutskotteis
367 1512 118 18 betänkande
497 1512 36 18 N:o
544 1512 18 19 2.
