1048 1731
251 114 11 20 6
464 114 213 24 Petitlonsbetänkande
692 115 33 24 N:o
748 115 19 23 8.

219 176 56 27 tera,
292 175 39 21 det
346 176 161 22 anordnandet
523 176 26 22 af
562 177 184 29 ändamälsenlig
757 177 124 29 belysning
889 178 27 21 af
921 177 54 22 ifrä-

220 209 132 28 gavarande
367 210 87 29 inlopp,
473 211 63 21 ifrån
551 211 149 29 synpunkten
722 211 27 22 af
765 211 29 22 de
810 211 92 22 dermed
917 212 58 22 före-

218 243 60 22 nade
293 243 156 23 kostnaderna
465 245 51 21 icke
532 247 72 20 stöter
620 247 28 26 pä
658 247 73 28 nägra
741 249 73 18 större
825 246 148 29 svärigheter.

285 278 35 21 Pä
335 278 47 21 alla
397 279 28 21 de
440 279 57 27 skäl,
513 279 81 22 hvilka
610 280 97 21 sälunda
722 280 147 27 framhällits,
885 280 36 22 fär
933 281 41 21 Ut-

218 312 89 21 skottet
322 316 55 18 äran
393 313 91 28 föreslä,
500 316 36 19 att
550 314 90 22 landets
656 315 133 28 höglofliga
805 315 99 21 Ständer
919 314 54 22 ville

218 346 37 21 till
270 347 65 21 Hans
350 347 133 30 Kejserliga
497 349 110 28 Majestät
621 349 56 28 ingä
687 349 52 21 med
751 349 147 29 underdänig
905 349 68 22 fram-

218 381 113 30 ställning
347 381 85 27 derom,

424 454 32 19 att
465 451 88 29 fartyg,
562 459 45 14 som
622 453 34 20 till
668 452 139 21 Mariehamn
815 452 74 28 inlöpa
898 453 75 20 endast

350 487 43 25 Jör
407 489 33 18 att
455 486 95 21 inhemta
566 487 70 26 order,
652 493 109 21 reparera,
770 487 142 27 proviantera
921 487 52 21 eller

355 520 52 22 söka
430 521 116 27 nödhamn,
569 528 47 14 men
638 521 43 21 icke
705 521 39 21 der
767 522 76 27 intaga
867 522 51 20 eller
936 521 36 27 af-

355 556 71 20 lemna
449 556 42 20 last
513 556 52 20 eller
578 562 147 21 passagerare,
743 556 66 20 måtte
823 555 81 27 befrias
913 556 58 26 från

356 590 131 27 erläggande
503 590 29 26 af
544 590 169 28 lotspenningar,
730 590 29 20 då
775 590 41 21 lots
831 590 45 20 icke
883 590 89 26 anlitas,

356 623 111 27 äfvensom
476 624 58 27 från
544 624 53 28 fyr-
612 624 38 21 och
667 624 49 21 bäk-
723 626 58 19 samt
789 624 182 28 tullexpeditions-

355 658 104 28 afgifter;
476 658 39 22 och

423 695 34 19 att
471 694 81 26 åtgärd
567 694 65 20 måtte
646 693 101 28 vidtagas
757 692 43 28 för
814 694 106 27 inloppets
937 694 34 20 till

355 727 138 21 Mariehamn
508 728 188 28 ändamålsenliga
712 728 115 28 belysande
842 728 47 22 med
894 728 76 28 fyrar.

285 794 155 30 Helsingfors,
464 796 27 22 af
510 796 124 22 Allmänna
653 796 216 23 Besvärsutskottet
883 796 44 22 den
943 798 26 20 29

216 827 113 24 Februari
345 831 61 21 1888.

283 898 12 21 I
311 898 106 22 ärendets
433 900 95 29 slutliga
543 900 178 30 handläggning
735 900 72 22 hafva
823 900 98 28 deltagit
928 899 42 23 Ut-

216 932 101 22 skottets
332 933 139 23 ordförande
501 934 107 23 Friherre
628 935 26 22 af
668 934 119 26 Schultén,
803 935 30 22 M.
849 934 44 28 W.,
908 934 61 22 leda-

215 969 104 20 möterne
343 967 109 30 Ramsay,
475 969 34 27 A.,
532 969 120 26 Norrmen,
674 970 35 28 A.,
729 969 115 22 Järvinen
859 969 34 27 N.,
908 968 62 22 Hed-

214 1000 64 30 berg,
301 1001 20 23 J.
347 1002 138 29 Blomstedt,
507 1004 29 21 K.
552 1004 30 26 J.,
597 1004 129 27 Nordlund,
742 1004 33 27 F.,
792 1003 136 29 Tojkander,
945 1002 24 22 OC.

214 1035 34 27 F.,
272 1031 100 34 Öhberg,
395 1037 36 28 V.,
454 1038 101 29 Nyberg,
574 1039 34 26 A.,
625 1039 183 28 Schybergsson,
824 1038 33 27 E.,
874 1037 94 29 Ojanen,

214 1069 37 28 K.,
274 1070 135 29 Danielson,
432 1072 35 25 A.
482 1073 89 28 Pöysti,
587 1073 33 28 E.,
636 1073 143 28 Päivärinta,
795 1073 33 27 P.,
845 1074 59 19 samt
919 1079 50 21 sup-

213 1104 137 29 pleanterne
366 1105 97 29 Schildt,
479 1106 46 29 Hj.,
540 1107 112 28 Alastalo,
668 1107 21 22 J.

281 1518 103 19 Alimännu
396 1520 178 18 Besvärswisnoticio
586 1521 115 18 votänkand:
714 1520 67 20 Moa
