1048 1731
307 119 243 24 Petitionsbetänkande
566 121 37 21 N:o
620 120 13 22 I.
796 121 26 20 31

89 177 32 28 till
144 183 24 14 en
190 177 67 24 privat
281 178 52 19 bana
362 177 43 20 från
435 177 127 24 Björneborg
592 177 31 20 till
653 178 65 24 någon
748 179 64 24 punkt
840 179 13 20 å

90 205 151 24 Åbo—Toijala
262 206 72 22 banan,
358 206 36 19 och
415 206 78 19 således
517 205 43 20 blef
583 206 37 19 den
646 207 152 24 ursprungligen
822 207 30 20 af-

90 234 62 20 sedda
180 234 38 19 och
245 234 74 24 riktiga
344 234 190 24 bansträckningen,
560 234 292 25 Björneborg—Tammerfers,

90 261 129 26 öfvergifven.

160 296 54 20 1885
237 297 32 19 års
287 296 177 24 Jernvägsutskott
478 299 66 22 yttrar
560 297 29 24 sig
604 297 61 19 bland
680 299 67 18 annat:
765 297 86 24 ,,Behof-

90 326 34 18 vet
145 325 22 20 af
188 331 24 14 en
229 325 103 25 jernbana,
347 325 82 19 hvilken
447 325 65 19 skulle
528 325 44 19 med
586 325 151 24 jernvägsnätet
750 325 102 20 införlifva

90 353 133 25 Björneborgs
247 354 44 19 stad
314 355 50 18 samt
385 353 26 24 på
433 359 74 14 samma
523 354 51 23 gång
590 353 79 24 betjena
685 359 24 14 en
725 355 43 18 stor
783 354 33 19 del
831 353 22 21 af

91 382 33 19 det
139 382 84 24 bördiga
237 382 37 19 och
290 384 39 17 tätt
343 382 104 24 bebyggda
463 382 117 23 Satakunta,
597 382 36 19 har
648 383 61 19 sedan
726 383 59 23 långa
798 383 53 19 tider

90 411 7 18 i
120 411 65 19 denna
207 410 32 19 del
261 409 22 20 af
296 410 68 19 landet
379 411 52 19 varit
445 410 60 25 lifligt
520 411 72 25 kändt,
607 411 84 19 likasom
706 411 145 24 förverkligan-

92 439 33 19 det
147 438 21 20 af
189 439 64 19 denna
275 439 60 19 tanke
359 444 24 14 en
406 439 58 24 länge
485 439 51 19 närd
552 439 37 19 och
605 439 37 19 kär
657 439 134 25 förhoppning
806 440 45 19 der-

91 467 88 19 städes''.

159 501 39 19 Vid
221 501 133 19 bedömandet
378 501 21 19 af
423 501 38 19 den
476 501 164 25 Björneborgska
655 501 76 20 banans
746 501 103 25 betydelse

91 529 31 20 för
137 530 38 19 den
191 530 97 22 landsdel,
304 530 112 19 densamma
431 532 22 17 är
468 530 70 19 afsedd
554 532 30 17 att
599 530 86 24 betjena,
700 530 37 20 har
751 530 99 20 utskottet

92 558 22 19 så
135 558 80 24 mycket
235 559 76 19 mindre
334 560 50 18 trott
399 558 30 24 sig
443 558 87 20 behöfva
545 558 47 24 ingå
606 558 26 24 på
646 559 62 23 några
722 558 127 25 vidlyftigare

91 586 144 25 utläggningar,
252 592 41 14 som
313 587 98 19 utskottet
425 587 8 19 i
448 587 41 19 alla
505 587 57 19 delar
576 587 40 19 kan
632 587 82 19 omfatta
730 588 23 19 de
769 588 81 23 åsigter,

91 614 120 25 föregående
235 616 84 19 Ständer
341 616 7 18 i
371 615 72 19 sådant
464 615 96 20 afseende
582 616 80 18 uttalat.
692 616 47 19 Man
754 616 97 19 behöfver

92 643 62 20 också
175 644 7 18 i
202 644 70 24 sjelfva
287 644 70 18 verket
372 644 71 19 endast
458 644 130 25 ihågkomma,
606 646 30 17 att
650 644 123 24 Björneborg
789 646 22 17 är
826 649 25 14 en

92 672 21 20 af
133 672 45 20 vårt
202 672 57 20 lands
282 672 93 24 lifligaste
394 672 160 24 handelsstäder,
570 674 30 18 att
616 673 38 19 den
669 672 54 20 såväl
739 673 44 19 med
798 672 53 20 afse-

92 701 50 19 ende
158 701 12 19 å
185 701 65 19 denna
265 701 30 19 sin
311 700 193 24 affärsverksamhet,
513 707 42 13 som
570 702 31 18 sin
616 700 102 20 folkmänd
733 702 78 23 intager
821 702 30 18 ett

91 734 43 14 rum
150 735 41 14 som
206 730 38 18 den
259 729 60 19 femte
334 729 50 19 eller
399 730 59 23 sjette
474 729 21 19 af
509 730 80 19 landets
605 730 73 25 städer,
694 731 31 18 att
740 730 111 19 Satakunta

91 757 38 20 hör
151 758 31 19 till
200 758 24 19 de
239 759 62 18 tätast
316 758 105 19 befolkade
437 758 38 19 och
490 758 46 19 bäst
552 758 72 19 odlade
639 758 121 23 landsdelar,
776 758 35 19 der
826 763 25 14 en

90 791 56 15 mera
160 786 132 20 framskriden
306 786 175 24 jordbruksmetod
497 786 38 20 och
550 786 107 24 tidsenliga
668 786 182 24 jordbruksmaski-

92 820 36 14 ner
149 815 62 19 redan
233 815 70 19 vunnit
325 815 120 19 allmännare
461 816 73 23 insteg,
550 816 30 18 att
595 814 256 24 förmögenhetsförhållan-

92 843 51 19 dena
164 843 72 24 jemväl
259 845 35 17 äro
317 843 75 24 ganska
414 844 53 23 goda
488 844 7 18 i
517 844 66 18 denna
599 843 32 19 del
646 843 22 19 af
680 844 75 25 landet,
771 843 80 19 hvarest

92 870 57 20 äfven
173 877 24 13 en
220 871 45 19 icke
283 872 22 18 så
321 872 124 23 obetydande
461 872 87 19 industri
564 871 116 24 förefinnes;
696 878 45 13 man
756 871 95 20 behöfver

91 900 53 19 blott
166 900 124 24 ihågkomma
313 900 36 19 allt
372 900 61 25 detta,
457 900 32 19 för
512 902 31 17 att
557 900 77 24 nödgas
649 900 95 24 erkänna,
759 902 30 18 att
804 905 25 14 en
844 900 7 19 i

91 928 82 25 lämplig
195 928 88 25 riktning
306 929 75 24 dragen
401 929 84 24 jernväg
507 929 63 19 måste
586 929 68 19 kunna
669 934 48 14 vara
731 928 22 21 af
765 928 84 25 mycken

92 957 77 24 nytta".
187 968 21 3 —
228 972 12 11 ,,
242 957 40 19 Vill
297 963 44 14 man
357 958 6 17 i
378 957 82 19 främsta
475 959 85 18 rummet
574 957 80 24 betjena
669 957 100 20 inlandets
784 957 67 26 trafik,

92 985 22 20 så
129 988 23 16 är
167 986 38 19 den
220 986 129 23 naturligaste
364 986 176 24 utgångspunkten
556 985 152 20 Tammerfors.''

162 1019 35 20 Om
219 1025 44 14 man
283 1019 122 20 fortfarande
420 1020 94 24 tillägger
529 1020 60 19 dessa
604 1020 108 19 utskottets
727 1020 75 23 åsigter
817 1019 34 20 de-

92 1053 32 14 ras
148 1047 50 20 fulla
220 1049 67 24 värde,
311 1053 30 14 om
360 1054 52 17 man,
427 1048 44 21 lika
485 1049 45 18 med
546 1047 56 20 1879
618 1049 33 18 års
664 1048 187 24 jernvägskommis-

92 1076 50 23 sion,
158 1078 89 22 antager,
263 1078 30 18 att
306 1077 130 23 jernvägarne
451 1077 50 19 böra
516 1077 94 19 förbinda
624 1077 79 19 landets
713 1076 138 20 trafik-centra

92 1105 37 19 och
151 1104 49 24 följa
223 1105 38 19 den
283 1105 200 24 hufvudsträckning,
506 1105 91 20 rörelsen
620 1105 54 19 förut
695 1105 49 25 haft,
761 1106 50 18 samt
825 1105 26 23 på

91 1133 95 24 lämpliga
200 1133 73 20 ställen
288 1134 81 19 vidröra
389 1133 23 19 de
429 1135 55 18 stora
499 1135 44 18 inre
559 1134 155 23 vattendragen;
731 1133 21 19 så
767 1133 40 19 kan
821 1133 30 18 in-

92 1163 29 18 tet
144 1161 68 20 tvifvel
234 1162 72 24 uppstå
322 1167 31 14 om
367 1162 175 24 nödvändigheten
557 1163 31 18 att
602 1162 7 19 i
625 1163 39 18 den
678 1163 99 18 närmaste
792 1161 59 19 fram-

92 1190 56 19 tiden
164 1189 51 20 ifrån
231 1189 132 20 Tammerfors
379 1190 30 19 till
425 1190 125 24 Björneborg
565 1191 75 23 bygges
654 1191 89 23 jernväg,
755 1195 42 14 som
806 1189 46 19 icke

91 1223 47 18 mer,
154 1221 25 16 än
196 1219 230 24 terrängförhållandena
441 1219 76 23 fordra,
534 1219 99 24 aflägsnar
648 1219 29 23 sig
692 1218 44 19 från
755 1218 24 19 de
797 1219 55 18 stora

92 1247 81 23 sjöarna
194 1246 112 25 Pyhäjärvi,
329 1247 96 19 Kulovesi
448 1247 38 19 och
501 1247 109 20 Rautavesi
626 1249 51 17 samt
691 1245 98 20 Kumoelf.
820 1245 32 19 En

89 1275 142 24 jernvägslinie
247 1275 244 24 Björneborg
385 1270 12 34 —
405 1275 86 24 Urdiala,
507 1276 63 19 ehuru
585 1275 112 24 föreslagen
713 1274 44 20 utaf
769 1274 83 24 plurali-

91 1305 55 18 teten
170 1303 21 20 af
212 1304 38 19 den
273 1303 32 20 för
327 1304 149 23 undersökning
499 1304 22 19 af
535 1304 125 24 lämpligaste
677 1303 140 23 sträckningen
832 1302 22 19 af

92 1337 24 14 en
136 1332 84 24 jernväg
241 1332 44 19 frän
308 1332 123 24 Björneborg
453 1333 22 18 ät
490 1334 62 22 öster,
568 1335 23 16 är
605 1337 82 14 numera
701 1332 26 24 pä
741 1331 52 24 goda
809 1331 44 19 skäl

92 1360 122 24 ofvergifven
236 1360 22 20 af
271 1361 39 19 alla
325 1361 63 19 andra
403 1363 25 17 än
444 1361 51 25 dem,
512 1366 43 14 som
570 1363 35 17 äro
622 1361 67 19 blinda
703 1360 31 20 för
749 1360 63 19 andra
827 1361 26 17 än

90 1391 74 22 ytterst
179 1390 91 18 enskilda
284 1390 105 18 intressen.
407 1390 125 24 Jernvägens
548 1390 100 19 allmänna
662 1389 116 23 sträckning
793 1388 60 18 emel-

91 1418 33 19 lan
139 1411 149 36 Björneborg-—
294 1411 131 36 Tammerfors
441 1420 22 17 är
478 1418 33 19 väl
527 1418 84 19 sålunda
626 1418 77 24 gifven;
718 1423 44 13 men
777 1415 75 19 menin-

91 1451 60 19 garne
175 1446 12 19 &
210 1449 55 16 orten
289 1448 34 17 äro
347 1446 76 24 delade,
447 1446 100 20 huruvida
569 1446 66 20 banan
655 1446 52 19 ifrän
723 1444 27 21 72
765 1445 88 23 versten,

160 1484 191 23 Jernvägsutskottets
363 1483 116 19 betänkande
493 1484 36 18 N:o
542 1486 16 16 2.
