1048 1731
212 142 13 21 6
408 141 229 22 Petitionsbetänkande
653 141 34 22 N:o
698 141 36 22 24.

255 205 21 24 c)
290 203 66 22 lösen
372 203 25 21 af
411 203 274 28 prenumerationssedel,
704 203 25 21 10
744 203 78 28 penni.

253 233 92 26 Önskar
359 239 167 27 prenumerant
540 237 156 28 hembärning
712 237 25 22 af
752 237 133 21 rekvirerad
896 237 44 20 tid-

185 272 59 27 ning
260 271 57 22 eller
333 271 112 29 tidskrift,
462 271 107 29 erlägges
585 271 118 22 dessutom
719 279 29 14 en
764 271 100 22 särskild
880 271 61 21 hem-

184 306 193 29 bärningsafgift,
393 313 56 20 som,
466 306 76 28 enligt
557 307 13 26 $
586 307 28 21 70
629 306 7 21 i
652 306 98 21 anförda
773 305 167 29 Postordning,

184 340 41 22 vid
241 341 221 28 prenumerationen
478 340 108 29 erlägges
602 340 44 22 och
661 343 70 26 utgör
746 347 41 22 per
803 341 34 21 år:

184 375 36 20 för
235 375 95 28 tidning
345 375 56 21 eller
416 375 113 27 tidskrift,
546 381 49 15 som
611 375 51 21 icke
679 375 92 21 utdelas
787 375 75 21 oftare
874 377 29 18 än
911 381 29 14 en

254 409 63 28 gång
333 409 8 21 i
356 409 97 28 veckan,
473 411 8 20 1
499 409 72 27 mark,

185 443 30 22 då
230 443 169 22 hembärandet
415 443 53 22 sker
483 443 41 22 två
538 444 90 27 gånger
644 443 9 21 i
668 443 97 26 veckan,
782 445 13 20 2
811 442 72 28 mark,

184 477 30 22 då
236 477 169 22 hembärandet
427 478 53 21 sker
499 479 35 20 tre
550 477 57 22 eller
622 478 53 27 fyra
689 478 88 28 gånger
793 477 7 22 i
815 477 96 27 veckan,
927 477 12 22 3

253 512 72 28 mark,
347 512 45 22 och

185 546 30 22 då
230 546 85 22 sådant
330 546 54 22 sker
399 547 82 27 oftare,
497 548 14 20 4
521 547 73 21 mark.

257 581 34 21 Af
311 581 70 22 ofvan
404 582 152 28 uppräknade
579 582 96 28 afgifter
690 581 76 22 bildar
782 580 83 22 endast
880 582 61 27 post-

186 615 225 22 förvaltarearvodet
433 624 29 13 en
485 616 86 28 sportel
595 616 37 21 för
650 616 217 28 postförvaltarene.
898 616 43 20 Be-

185 650 221 29 fordringsafgiften
427 650 42 22 och
494 650 65 22 lösen
575 651 25 21 af
612 650 267 29 prenumerationssedel
895 650 45 21 till-

185 684 57 21 falla
264 685 141 27 postverket.
436 685 278 28 Hembärningsafgiften
737 684 142 22 tillkommer
895 684 47 22 oaf-

185 718 85 22 kortad
285 718 156 23 brefbäraren.

257 753 123 21 Utskottet
395 753 42 22 har
447 755 78 20 ansett
535 754 36 28 sig
582 754 26 21 så
618 754 95 28 mycket
723 753 72 21 hellre
807 753 57 21 böra
874 753 68 21 fram-

186 787 63 21 hålla
264 787 8 21 i
288 788 67 28 fråga
371 788 102 22 varande
489 788 105 28 afgifters
611 788 64 22 olika
691 790 70 20 natur
776 794 49 14 som
840 787 28 21 de
884 794 58 14 sam-

186 828 37 14 ma
238 822 9 20 i
263 821 28 22 de
307 822 161 28 föreliggande
483 822 232 29 petitionsförslagen
731 822 76 22 delvis
823 822 78 21 blifvit
911 822 30 28 på

186 857 34 19 ett
242 856 159 22 vilseledande
421 858 48 20 sätt
484 857 137 21 framstälda
636 857 44 21 och
695 857 28 22 de
740 857 36 21 för
791 858 34 20 ett
840 858 47 20 rätt
902 856 39 22 be-

186 890 115 22 dömande
325 891 26 21 af
371 891 28 21 de
423 891 108 29 åtgärder
547 891 67 22 dessa
629 892 88 28 förslag
732 891 91 29 påyrka
838 891 102 21 nödvän-

185 924 52 29 digt
252 926 75 21 måste
342 928 117 27 noggrant
475 926 127 29 särskiljas.

256 959 71 22 Hvad
342 960 60 21 först
418 961 109 21 beträffar
542 961 276 28 försändningsafgiften,
829 961 26 21 så
871 968 68 21 synes

185 993 46 22 den
247 1001 86 15 samma
348 995 52 21 icke
417 995 80 21 kunna
512 1002 67 15 anses
596 995 66 28 dryg.
693 995 47 22 För
755 1003 30 13 en
801 995 80 28 daglig
896 995 45 21 tid-

184 1028 58 28 ning
257 1029 52 21 med
325 1031 34 19 ett
374 1029 248 29 prenumerationspris
630 1030 47 21 aft.
694 1037 35 14 ex.
745 1031 28 20 20
788 1029 39 21 mk
845 1029 55 21 eller
907 1031 35 19 ett

185 1062 61 27 blad,
263 1071 50 13 som
328 1063 132 22 utkommer
478 1064 52 21 med
546 1066 87 20 tvenne
648 1071 106 15 nummer
769 1064 8 21 i
793 1063 90 22 veckan
898 1063 43 22 och

184 1097 80 22 kostar
287 1098 36 21 för
345 1099 25 20 år
392 1099 13 21 5
428 1099 46 26 mk,
497 1100 69 27 utgör
582 1099 186 28 tidningsportot
782 1106 42 21 per
838 1105 105 15 nummer

185 1131 52 21 icke
261 1132 56 21 fullt
337 1140 29 13 en
388 1133 53 21 half
461 1133 77 28 penni.
576 1133 52 21 Den
643 1133 298 28 postförsändningsafgift,

184 1173 49 14 som
256 1166 9 21 i
290 1167 56 21 våra
365 1167 184 22 skandinaviska
564 1168 157 28 grannländer
737 1167 45 22 och
797 1168 8 21 i
821 1167 28 22 de
865 1167 78 22 konti-

184 1201 97 21 nentala
303 1203 103 20 staterna
421 1205 25 18 är
461 1202 99 28 stadgad
576 1203 36 20 för
626 1202 46 21 den
687 1201 136 30 periodiska
837 1201 106 22 literatu-

184 1242 48 21 ren,
257 1235 218 22 öfverensstämmer
497 1237 8 20 i
528 1236 98 21 allmänt
645 1237 111 21 medeltal
771 1236 53 21 med
839 1236 46 21 den
900 1236 41 21 hos

184 1276 38 14 oss
243 1269 117 28 gällande.
391 1270 84 29 Någon
498 1271 129 28 anledning
643 1273 34 19 att
693 1271 92 21 minska
801 1271 45 21 den
861 1272 82 19 ersätt-

184 1303 58 28 ning
264 1304 136 28 postverket
418 1305 37 21 för
469 1305 145 22 närvarande
629 1305 52 22 med
697 1305 86 22 nämda
797 1305 74 28 afgift
885 1312 58 21 upp-

183 1337 42 22 bär
240 1338 36 21 för
292 1339 42 20 sitt
350 1339 79 21 arbete
446 1339 51 21 med
514 1339 134 28 tidningars
666 1340 43 21 och
726 1339 143 22 tidskrifters
880 1342 63 25 post-

183 1372 127 33 befordran
325 1373 126 29 föroliggor
466 1373 75 29 onligt
556 1374 127 22 utskottets
699 1373 154 30 uppfattning
868 1373 75 22 derför

183 1406 57 22 icke.
271 1407 78 22 Afven
365 1410 71 19 sättet
451 1408 35 21 för
501 1408 52 22 dess
568 1408 150 22 beräknande
741 1408 120 28 nämligen
876 1408 67 29 ipro-

253 1446 99 19 Allmänna
365 1448 174 18 Besvärsutskottets
544 1448 110 18 betänkande
660 1448 36 18 N:o
709 1449 28 17 19.
