1048 1731
247 87 34 38 20
428 92 252 25 Petitionsbetänkande
697 93 38 25 N:o
751 93 30 24 51.

590 202 30 21 I.

293 269 10 21 I
326 269 68 22 likhet
411 271 49 21 med
477 270 104 22 utskottet
596 276 63 16 anser
672 270 43 27 jag,
729 271 33 21 att
777 271 32 20 ett
823 269 78 22 sådant
916 269 67 22 öfver-

223 303 99 22 vakande
346 304 40 21 och
408 305 124 26 reglerande
556 305 23 22 af
600 305 171 27 prostitutionen,
795 311 45 15 som
855 305 24 21 af
891 305 92 21 embets-

223 338 178 27 myndigheterna
415 339 118 28 företagits,
548 339 47 22 icke
610 340 91 21 allenast
715 339 79 22 saknar
803 325 49 36 stöd
861 339 8 21 i
878 339 42 27 lag,
930 339 53 20 utan

223 374 92 21 tvertom
337 372 46 23 stär
402 373 8 21 i
429 373 56 28 bjert
504 374 126 27 motsägelse
646 375 45 21 mot
705 373 99 28 gällande
819 373 41 28 lag.
891 373 50 21 Men
956 372 27 22 dä

223 407 226 28 prostitutionsfrägan
469 408 63 22 väckt
551 410 31 20 ett
596 407 26 22 sä
636 410 55 20 stort
705 408 122 27 uppseende
841 408 7 21 i
863 407 48 22 värt
925 407 58 27 land,

224 442 56 22 hade
299 442 38 27 jag
357 442 64 27 velat,
443 443 32 20 att
495 443 126 22 ständernas
637 443 82 21 önskan
732 443 7 21 i
755 443 70 21 denna
839 441 39 22 sak
893 441 68 22 skulle
976 441 7 21 i

225 483 27 15 en
266 476 93 22 särskild
379 476 110 23 skrifvelse
507 477 130 22 framställas
652 477 33 21 för
700 477 131 28 regeringen,
847 476 136 22 alldenstund

225 512 7 20 i
247 510 78 22 sädant
339 510 38 22 fall
393 513 68 20 större
481 512 65 27 utsigt
568 518 50 16 vore
634 512 34 22 för
679 512 86 22 handen
780 512 33 21 att
827 512 8 20 i
849 511 70 27 nägon
933 511 50 21 män

225 545 22 22 fä
268 546 27 21 de
314 545 201 23 missförhällanden
535 546 109 28 afhjelpta,
664 546 59 22 öfver
738 546 73 22 hvilka
825 546 65 22 bitter
905 546 78 26 klagan

225 581 86 21 senaste
333 580 56 22 tider
408 580 111 28 försports.
549 581 75 22 Säsom
640 582 143 26 prokuratorn
797 582 75 26 genast
886 580 7 22 i
908 580 75 27 början

225 615 24 22 af
262 615 33 21 sin
310 614 102 28 utförliga
427 616 114 21 berättelse
556 616 130 27 framhäller,
706 616 39 21 har
761 614 222 29 prostitutionsfrägan

226 650 41 27 de
289 650 85 21 senaste
396 650 85 21 tiderna
503 650 112 27 sysselsatt
636 651 89 21 sinnena
747 650 7 22 i
774 650 93 22 landet.
897 650 43 21 Det
959 652 24 19 är

225 684 95 27 sorgligt,
339 685 33 20 att
392 684 61 22 deraf
471 684 67 28 gjorts
553 691 27 15 en
595 684 67 28 fräga,
677 685 89 21 hvarom
780 685 53 21 hvar
848 685 39 21 och
903 691 32 21 en,
950 685 34 21 till

226 719 40 21 och
288 719 49 21 med
359 719 128 27 ungdomen,
510 725 63 16 anser
595 720 37 21 det
647 720 124 26 anständigt
785 721 32 20 att
833 720 64 26 öppet
913 719 70 21 disku-

225 755 58 25 tera;
304 754 40 20 och
359 760 76 20 genom
450 754 114 27 offentliga,
580 754 24 22 af
616 754 177 28 myndigheterna
807 754 85 22 tillätna
907 754 40 22 och
962 754 23 22 af

225 788 154 28 kringresande
394 788 136 27 utländingar
544 788 79 28 hällna,
640 789 116 27 ingalunda
771 789 77 27 sedligt
863 795 52 15 rena
929 789 55 21 före-

226 823 109 27 läsningar
357 823 67 22 riktas
446 824 89 21 sinnena
550 824 7 21 i
572 824 73 21 landet
660 825 32 20 att
715 841 4 10 ,
722 824 131 27 sysselsätta
867 824 46 27 sig'*
937 824 47 22 der-

226 859 55 21 med.
312 859 47 21 Den
381 858 108 22 allmänna
511 858 116 22 moraliska
648 859 91 21 känslan
762 859 39 21 har
821 859 70 21 blifvit
911 860 73 26 osund,

227 894 40 21 och
282 894 90 21 skulden
387 900 27 15 en
429 900 120 21 gemensam
564 893 70 22 skuld.
664 894 123 27 Kyskheten
797 896 24 20 är
831 894 54 22 dock
896 900 26 16 en
933 894 53 28 pligt

227 929 34 22 för
275 928 106 23 individer
396 928 40 22 och
450 928 52 27 folk,
521 928 46 22 icke
582 928 84 27 ringare
681 930 26 20 än
722 928 69 29 öfriga
806 929 83 27 pligter,
906 928 27 22 dä
947 929 38 22 bu-

227 963 37 22 det
279 969 35 16 om
329 963 74 28 sedlig'
411 963 76 22 renhet
504 963 62 27 följer
581 963 7 22 i
603 963 59 22 Guds
677 964 34 27 lag
726 965 76 26 genast
817 963 55 22 efter
886 963 100 22 förbudet

227 999 44 21 mot
288 997 53 28 dräp
357 998 40 21 och
412 997 45 22 stär
472 997 88 22 framför
574 997 67 22 budet
656 1004 34 16 om
705 998 142 28 egendomens
859 998 70 28 helgd.
953 998 33 21 Dä

228 1033 36 22 det
287 1033 91 26 derföre,
400 1033 46 21 ifall
464 1033 46 21 icke
530 1032 62 22 äfven
607 1032 49 22 frän
672 1033 209 22 administrationens
896 1033 46 22 sida
957 1033 29 22 al-

228 1067 81 28 varliga
324 1067 131 27 ätgöranden
471 1067 125 27 tillkomma,
612 1069 24 19 är
651 1069 32 20 att
697 1067 81 27 befara,
794 1069 33 20 att
839 1067 67 28 sedlig
916 1068 70 27 slapp-

228 1103 37 21 het
280 1103 8 21 i
303 1102 58 22 detta
377 1102 100 22 afseende
492 1102 38 21 allt
545 1108 59 15 mera
618 1102 34 22 fär
666 1102 117 22 öfverhand
799 1102 64 22 bland
878 1102 47 22 värt
935 1102 51 28 folk,

228 1144 65 17 anser
305 1138 37 27 jag
357 1137 36 22 det
408 1143 51 16 vara
474 1137 28 27 pä
517 1137 36 22 det
567 1137 77 28 högsta
659 1138 80 27 nödigt,

369 1209 31 20 att
416 1206 126 27 Ständerna,
558 1207 68 21 under
641 1207 127 28 beklagande
783 1207 27 27 af
821 1207 34 22 det
869 1207 118 27 sakförhäl-

368 1241 69 28 lande,
458 1243 30 20 att
507 1241 254 29 embetsmyndigheterna,
780 1242 62 21 såväl
857 1242 67 27 polis-
943 1249 45 15 som

369 1276 194 27 äklagare-makten,
586 1277 43 21 icke
651 1277 89 28 vidtagit
762 1279 111 25 strängare
889 1277 100 27 åtgärder

369 1311 8 21 i
395 1311 36 22 och
450 1311 34 26 för
504 1311 174 28 tillintetgörande
699 1312 36 21 och
755 1311 141 28 bestraffande
912 1312 26 27 af
949 1312 39 22 den

368 1345 156 28 yrkesmässiga
545 1346 89 27 otukten,
650 1346 65 22 skulle
731 1346 32 22 till
777 1346 130 28 Regeringen
922 1347 65 26 fram-

369 1380 65 22 ställa
449 1380 40 22 den
504 1380 86 28 önskan,
614 1384 32 19 ati
659 1382 142 27 Regeringen,
817 1388 33 16 om
866 1382 63 22 också
943 1384 46 20 sät-

371 1418 28 19 tet
410 1416 35 27 för
458 1416 134 22 hämmandet
607 1416 27 27 af
645 1416 39 22 den
693 1416 108 23 veneriska
811 1416 99 23 smittans
920 1417 69 27 sprid-

301 1456 140 24 Lagutskottets
453 1456 116 18 betänkande
581 1462 31 12 n:o
624 1457 28 19 24.
