1048 1731
163 122 27 18 IV

209 179 151 23 Lagutskottets
373 179 123 18 betänkande
509 180 36 17 N:o
558 179 21 17 18
591 179 6 18 i
610 178 107 23 anledning
730 177 21 17 af
762 182 24 12 en
799 176 53 17 inom

141 207 145 24 Ridderskapet
297 207 38 18 och
346 208 65 18 Adeln
423 209 51 17 samt
485 209 95 22 Borgare-
588 207 37 19 och
634 205 152 20 Bondestånden
795 204 58 18 väckt

141 235 76 19 motion
229 241 32 12 om
273 235 121 25 författning
405 237 103 23 angående
520 237 116 23 inteckning
648 236 6 17 i
665 235 84 24 jernväg-
772 243 7 5 +
799 243 4 4 -
822 242 3 4 +
845 243 3 3 -

210 265 149 22 Lagutskottets
377 265 123 18 betänkande
517 265 38 18 N:o
575 265 21 17 16
611 265 7 18 i
630 263 107 23 anledning
749 262 22 18 af
781 263 73 16 tvenne

142 293 54 18 inom
208 293 145 24 Ridderskapet
366 293 35 18 och
414 293 63 19 Adeln
491 295 51 16 samt
553 293 168 24 Borgareståndet
732 291 70 18 väckta
814 295 40 13 mo-

142 321 135 24 tionsförslag,
295 323 101 22 angående
414 324 59 17 sättet
489 323 37 18 och
538 322 110 23 ordningen
660 321 35 18 vid
707 321 147 22 borgmästare-,

142 350 99 19 rädmans-
254 351 36 18 och
302 351 270 24 magistratssekreterareval
584 351 6 18 i
603 351 92 18 städerna
707 360 3 3 +
729 359 4 4 +
753 359 4 4 +
776 359 4 4 +
799 358 4 4 +
822 357 4 4 +
845 357 4 4 >

280 379 95 19 Finlands
388 381 93 17 Ständers
493 380 135 23 underdåniga
640 379 82 19 motion.

212 408 151 24 Lagutskottets
374 409 124 18 betänkande
510 409 36 18 N:o
559 409 22 18 19
593 409 7 18 i
612 408 108 23 anledning
732 407 23 18 af
765 408 28 16 ett
801 406 54 17 inom

143 437 169 23 Borgareståndet
324 437 58 18 väckt
393 437 164 24 motionsförslag
569 443 31 12 om
609 437 109 22 ersättning
727 435 22 18 af
755 435 100 18 allmänna

144 465 64 18 medel
220 465 21 18 åt
252 465 78 19 vittnen
342 466 7 18 i
361 466 92 18 brottmål.
478 476 7 4 +
504 476 4 4 »
527 461 9 33 +»
550 476 4 4 »
572 476 4 4 +
595 476 4 4 +
618 476 4 4 +
641 475 4 5 vom
664 475 96 4 saana
779 473 27 5 eno
825 473 28 4 ve

283 495 150 23 Lagutskottets
445 495 76 24 förslag
532 495 32 18 till
576 493 195 26 sammanjemkning.

284 524 95 18 Finlands
392 524 95 18 Ständers
499 524 136 23 underdäniga
647 524 80 18 motion.

214 552 149 24 Lagutskottets
382 553 123 18 betänkande
523 553 37 19 N:o
578 553 22 17 20
612 552 6 18 i
631 552 108 23 anledning
751 551 22 18 af
785 552 72 17 tvenne

144 581 55 18 inom
217 581 97 23 Borgare-
326 582 37 18 och
375 582 152 18 Bondeständen
540 582 68 18 väckta
619 580 169 24 motionsförslag,
800 580 59 24 angä-

145 610 50 18 ende
207 610 85 24 ändring
304 610 23 18 af
336 610 68 24 lagens
417 611 123 23 stadganden
552 616 32 12 om
593 610 51 24 ogift
652 610 81 23 gvinnas
742 609 117 23 myndighet

218 638 206 19 Ekonomiutskottets
440 639 123 18 betänkande
575 639 37 19 N:o
626 639 20 17 15
658 639 7 17 i
678 638 107 23 anledning
798 638 23 17 af
830 639 29 16 tre

145 667 7 17 i
165 667 82 22 Preste-,
256 667 96 24 Borgare-
360 668 36 18 och
405 668 153 18 Bondeständen
566 667 116 19 framstälda
691 666 168 24 motionsförslag,

146 701 33 12 om
191 695 85 24 ändring
289 696 22 18 af
321 698 9 20 $
343 697 21 17 51
377 696 7 18 i
397 696 143 24 förordningen
549 696 23 18 af
578 696 38 18 den
624 696 22 18 16
655 696 40 17 Juli
703 695 46 18 1886
757 695 103 23 angäende

146 724 91 18 vilkoren
257 724 32 18 för
307 725 124 23 försäljning,
450 725 85 23 forsling
546 726 51 17 samt
609 725 74 23 upplag
694 726 22 16 af
727 724 84 18 bränvin
823 724 37 18 och

147 752 62 18 andra
220 753 75 18 brända
307 753 49 18 eller
368 754 126 18 destillerade
507 754 140 23 spritdrycker.
666 763 4 4 +
689 763 4 4 -
712 763 3 3 -
735 762 4 4 <
759 763 4 3 =
782 762 4 4 +
805 762 4 4 +
827 762 4 4 +
851 762 4 4 +

216 781 204 19 Ekonomiutskottets
439 782 123 18 betänkande
576 782 38 18 N:o
628 782 22 18 16
662 782 6 18 i
680 781 109 23 anledning
801 781 22 17 af
833 783 27 16 ett

147 810 6 17 i
172 809 146 25 Ridderskapet
331 811 36 18 och
380 811 63 18 Adeln
455 811 113 18 framstäldt
580 810 167 24 motionsförslag,
760 810 101 24 angående

148 844 28 18 ny
188 838 118 25 förordning
319 845 31 13 om
361 840 44 23 jagt
416 840 37 18 och
465 840 94 24 djurfång
572 840 8 18 i
592 840 82 18 Finland
689 850 4 4 +
716 849 1 3 -
739 849 1 4 -
760 834 9 34 +=
783 849 4 4 +
805 849 4 4 +
828 849 4 4 +
852 849 3 4 +

218 867 203 19 Ekonomiutskottets
439 868 123 19 betänkande
579 869 36 17 N:o
628 869 22 17 20
662 868 6 18 i
681 868 108 24 anledning
801 868 23 18 af
834 870 28 16 ett

150 895 7 17 i
169 896 148 24 Ridderskapet
329 897 36 17 och
373 897 64 18 Adeln
445 898 58 18 väckt
511 897 162 23 motionsförslag
681 902 32 13 om
722 896 140 44 upphäfvande

149 926 21 17 af
181 925 39 18 den
232 925 22 18 sä
266 925 78 19 kallade
356 926 230 24 bergstingsgästningen
598 921 8 33 +»
625 936 4 4 »
651 936 1 4 -
675 936 1 4 <
695 935 26 5 «+
742 935 3 4 +
765 935 4 4 +
788 936 3 3 +
811 935 4 5 :

288 955 96 18 Finlands
396 955 92 18 Ständers
500 955 136 24 underdäniga
648 955 81 18 motion.

219 983 206 19 Ekonomiutskottets
443 984 123 18 betänkande
582 984 34 19 N:o
630 984 22 17 19
663 984 7 18 i
682 983 109 24 anledning
803 983 22 18 af
835 985 29 16 ett

150 1012 54 18 inom
222 1012 147 24 Ridderskapet
387 1013 36 18 och
442 1013 64 18 Adeln
524 1013 113 18 framstäldt
654 1013 163 23 motionsförslag
831 1019 32 12 om

150 1041 85 23 ändring
254 1041 23 18 af
287 1043 10 20 $
309 1041 23 18 49
345 1041 6 18 i
363 1041 143 24 förordningen
518 1042 102 23 angäende
632 1041 233 19 kommunalförvaltnin-

151 1075 39 17 gen
208 1069 25 23 pä
251 1070 68 18 landet
330 1071 23 17 af
363 1071 38 17 den
413 1072 10 16 5
436 1070 95 19 Februari
544 1070 50 23 1865,
606 1071 74 18 derhän
693 1072 29 17 att
735 1071 130 17 kommunens

151 1098 162 19 förtroendemän
325 1099 32 18 mä
369 1099 60 18 varda
441 1099 90 18 aflönade-
555 1109 7 4 »
580 1109 4 4 «
606 1109 23 5 <
648 1109 27 5 ss
695 1109 27 4 ss
742 1109 27 4 <<
788 1109 73 4 <<<

873 346 27 20 10,

875 463 27 19 1.

877 609 26 19 12.

879 752 26 20 13.

879 840 27 18 14.

884 926 24 20 16.
