1048 1731
317 147 230 22 Petitionsbetänkande
562 149 38 20 N:o
615 150 32 20 28.
826 149 12 18 3

111 213 29 18 slå
156 212 36 19 och
208 212 79 19 anhålla
304 219 31 12 om
353 213 86 18 ståndets
463 214 91 23 benägna
578 213 117 18 medverkan
711 213 29 18 till
757 219 24 12 en
797 213 70 18 under-

111 241 60 25 dånig
193 241 83 25 petition
296 248 31 11 om
348 241 62 19 sådan
433 241 85 25 ändring
539 242 5 17 i
564 241 79 26 Nådiga
659 241 154 25 Förordningen
829 241 38 18 den

112 270 26 19 27
155 270 112 19 November
286 270 54 19 1885
357 271 102 24 angående
477 270 97 19 särskilda
590 270 138 25 förändringar
745 271 6 18 i
766 270 101 25 organisa-

111 300 68 18 tionen
194 299 22 19 af
229 299 114 18 läroverken
359 299 30 18 för
405 299 169 25 qvinnobildning
595 302 49 16 samt
659 299 120 19 inrättandet
795 299 17 18 al
828 305 39 19 nya

111 328 73 19 sådana
200 327 94 25 läroverk,

317 392 28 18 att
368 391 21 19 de
411 391 33 24 för
467 391 216 24 fruntimmerskolorna
706 391 7 19 i
732 391 65 19 landet
818 391 49 23 fast-

284 420 63 19 stälda
363 420 121 23 elevatgifter
499 420 87 19 minskas
602 420 30 19 till
646 426 75 13 samma
737 419 72 25 belopp,
827 425 40 13 som

283 449 33 23 för
333 449 122 18 närvarande
471 449 89 24 erläggas
575 449 7 18 i
598 449 74 19 landets
688 449 64 24 lyceer.

185 500 128 25 Helsingfors,
328 500 37 19 den
381 500 12 19 3
411 500 96 19 Februari
524 500 62 19 1888.

216 598 20 20 A.
253 597 119 21 Herckman.
622 596 20 21 E.
658 597 105 21 Andersin.

395 648 72 22 Ossian
485 648 108 27 Bergbom.

182 832 83 28 Enligt
283 833 52 21 1872
352 832 37 22 ärs
405 832 159 29 skolordning
587 832 108 30 utgjorde
710 832 41 22 vid
774 832 93 22 landets

114 867 64 27 lägre
199 866 226 23 fruntimmerskolor
447 867 255 28 inskrimingsafgiften
719 869 11 20 6
747 868 61 20 samt
823 869 44 19 ter-

113 901 157 28 minsafgiften
293 902 28 20 20
335 901 49 29 mk;
407 901 41 23 vid
469 901 29 23 de
513 902 73 28 högre
610 900 258 24 fruntimmerskolorna

113 943 55 16 voro
184 935 164 23 motsvarande
364 936 90 27 afgifter
470 944 57 18 resp.
546 938 26 20 10
587 936 43 23 och
646 937 28 22 40
689 936 73 23 mark.

181 971 11 22 I
208 970 37 23 det
261 977 80 16 senare
357 971 22 21 af
393 971 70 22 ofvan
480 971 97 22 stående
593 971 198 29 petitionsförslag
807 972 60 20 utta-

113 1005 35 22 las
172 1005 45 22 den
240 1005 158 29 uppfattning,
422 1008 33 19 att
477 1006 167 28 förordningen
667 1006 25 21 af
710 1005 45 22 den
771 1006 26 21 27
815 1012 52 15 nov.

114 1041 54 20 1885
184 1040 49 29 höjt
249 1040 67 23 dessa
331 1042 98 30 afgifter,
449 1043 26 22 sä
491 1044 34 19 att
540 1041 29 22 de
585 1041 67 22 äfven
668 1039 40 23 vid
723 1040 66 27 lägre
805 1040 62 21 frun-

112 1075 172 22 timmerskolor
307 1077 97 28 utginge
424 1077 44 30 till
488 1076 50 23 lika
559 1075 86 28 belopp
668 1081 50 16 som
741 1075 44 21 förr
807 1073 61 23 blott

112 1107 40 23 vid
176 1109 28 22 de
219 1109 72 28 högre
313 1111 118 30 skolorna,
448 1111 43 22 och
509 1109 131 30 uppställes
657 1109 76 22 derför
749 1107 118 30 yrkandet

112 1144 30 28 pä
163 1151 28 15 en
211 1144 88 23 allmän
323 1145 154 28 nedsättning
498 1146 23 21 af
538 1145 68 22 dessa
630 1144 87 28 afgifter
740 1143 38 22 till
794 1145 13 19 6
823 1143 44 22 och

112 1179 28 21 20
155 1178 48 29 mk,
219 1192 26 3 —
261 1186 91 16 samma
368 1181 97 29 afgifter,
481 1187 51 15 som
548 1178 73 23 sedan
638 1179 25 21 är
680 1179 54 20 1972
751 1178 60 21 varit
827 1176 39 23 vid

112 1212 92 23 landets
227 1213 123 28 gosskolor
370 1214 120 28 stadgade.
521 1214 86 22 Denna
622 1213 151 28 uppiattniug
788 1211 79 22 hvilar

112 1248 30 27 pä
165 1249 32 20 ett
215 1248 148 23 förbiseende.
394 1249 107 22 Anförda
525 1247 134 28 förordning
674 1248 23 21 af
711 1246 44 23 den
771 1247 27 21 27
816 1253 51 15 nov.

112 1283 55 20 1885
184 1282 43 22 har
242 1283 30 28 pä
288 1283 57 22 intet
361 1284 46 21 sätt
422 1283 87 22 rubbat
533 1282 29 23 de
578 1283 22 21 af
622 1281 115 29 gammalt
752 1280 114 29 gällande

111 1316 210 23 bestämmelserna
339 1317 99 23 rörande
454 1317 272 23 fruntimmerskolornas
746 1315 121 28 clevafgit-

110 1352 41 27 ter,
175 1358 53 15 men
244 1351 39 22 väl
307 1352 42 22 har
372 1359 87 21 genom
475 1352 45 22 den
538 1359 92 15 samma
645 1351 28 22 de
688 1351 40 22 tvä
744 1350 65 28 lägre
825 1350 42 21 för-

111 1385 132 23 beredande
267 1386 122 23 klasserna
413 1386 117 28 indragits
553 1386 43 23 och
612 1386 112 22 skolorna
740 1383 128 24 ombildats

111 1419 36 21 till
172 1420 71 27 högre
266 1420 115 30 läroverk,
406 1422 97 22 hvilkas
528 1422 91 22 klasser
642 1423 115 19 motsvara
778 1418 29 22 de
823 1418 44 22 fem

180 1466 97 17 Allmänna
289 1466 174 18 Besvärsutskottets
475 1467 110 17 betänkande
599 1468 36 16 N:o
648 1467 25 16 23
