1048 1731
302 134 69 21 Ständ.
388 134 46 21 Mot.
494 134 130 21 Motionsbet.
641 135 36 20 N:o
693 135 26 20 11.
855 133 13 21 3

134 197 35 21 sin
180 197 123 20 kännedom
313 203 34 14 om
357 196 159 22 förhållanden,
533 196 74 21 hvilka
622 197 73 20 kunde
710 196 114 21 föranleda
840 195 53 22 eller

138 231 123 21 underlätta
278 231 155 26 uppdagandet
450 231 21 21 af
483 232 115 25 begångna
613 231 64 25 brott,
693 231 119 26 hvarjemte
828 231 68 20 orätt-

137 267 41 20 vist
194 266 39 21 och
249 265 83 27 obilligt
347 266 68 20 måste
431 273 70 18 anses,
526 268 32 18 att
582 265 99 21 enskilda
699 265 36 20 vid
753 265 143 27 uppfyllande

136 301 26 21 af
175 307 26 14 en
217 299 157 27 medborgerlig
390 299 55 28 pligt
460 299 76 22 kunna
558 299 100 22 åsamkas
682 299 18 28 ej
725 299 94 21 allenast
844 299 51 20 tids-

135 335 81 28 spillan
227 337 53 18 utan
292 333 62 22 äfven
365 341 26 14 en
403 334 71 21 direkt
486 334 126 21 ekonomisk
628 334 84 26 förlust,
727 333 96 26 hvilken,
839 334 57 27 isyn-

138 370 76 21 nerhet
229 369 34 21 för
278 369 26 20 de
323 369 82 20 mindre
429 369 134 26 bemedlade,
587 368 45 21 ofta
654 369 44 20 kan
721 368 66 21 blifva
810 368 85 28 mycket

138 403 105 22 kännbar.
273 403 32 20 En
321 402 78 21 reform
419 403 8 20 i
449 403 139 21 förenämndt
610 403 55 27 syfte
688 409 63 22 synes
774 403 123 20 Ständerna

138 438 91 21 sålunda
245 437 60 21 såväl
320 444 25 13 ur
360 437 113 22 allmänna
488 438 150 20 rättsvårdens
653 444 45 15 som
715 445 25 13 ur
759 437 138 27 billighetens

137 472 111 27 synpunkt
263 479 52 14 vara
330 471 114 28 högeligen
455 473 124 26 nödvändig
590 472 40 21 och
646 473 60 20 desto
722 472 84 21 mindre
822 472 75 20 kunna

138 507 69 21 väcka
223 506 171 27 betänkligheter
405 507 28 20 då
445 507 125 21 densamma
586 507 78 21 endast
678 508 25 20 är
718 514 27 14 en
761 506 136 28 konseqvent

139 541 123 27 utveckling
277 540 23 22 af
308 540 101 28 gällande
425 541 47 27 lags
488 541 142 27 stadganden.
660 541 59 21 Enär
733 541 110 27 nämligen
859 540 38 21 be-

140 576 136 26 stämningen
291 575 8 21 i
316 576 35 20 17:
367 576 14 21 5
395 575 25 21 R.
437 576 24 20 B.
479 583 34 13 om
530 578 32 18 att
578 577 41 19 den
635 576 67 21 vittne
721 575 100 28 påkallat
841 574 56 22 skall

140 610 72 21 betala
227 610 48 20 dess
292 609 155 25 ,,resekostnad
464 610 40 21 och
519 610 85 27 täring*
620 612 24 19 är
658 610 119 27 ovilkorlig,
794 610 39 20 bör
850 610 47 20 der-

140 645 24 21 af
178 644 58 28 följa,
252 646 32 19 att
300 645 27 20 dä
342 644 80 21 allmän
434 644 104 28 åklagare
555 645 13 20 ä
582 645 105 27 tjenstens
703 646 83 26 vägnar
800 644 97 21 inkallar

139 679 83 21 vittnen
237 679 8 21 i
259 678 110 28 brottmäl,
385 681 82 24 staten,
483 680 64 20 hvars
563 679 61 21 talan
640 679 118 27 äklagaren
774 679 77 21 härvid
867 678 30 21 fö-

140 720 40 19 rer,
204 713 37 21 bör
258 714 51 20 bära
325 714 71 20 denna
417 714 261 27 ersättningsskyldighet.
709 714 96 21 Sälunda
829 713 69 29 skulle

140 748 34 22 väl
185 748 122 28 priocipielt
317 748 102 27 riktigast
429 755 59 19 vara,
505 750 33 20 att
553 750 120 26 ersättning
689 748 24 22 af
727 748 111 22 allmänna
853 755 44 13 me-

139 783 36 21 del
190 782 70 22 skulle
276 782 68 28 gifvas
360 783 22 20 ät
398 783 84 21 vittnen
498 783 7 21 i
521 783 43 21 alla
578 784 26 20 de
620 783 48 25 mäl,
685 784 37 20 der
737 782 83 22 allmän
836 782 60 22 äkla-

140 824 51 20 gare
207 818 13 20 å
238 817 105 27 tjenstens
365 818 82 26 vägnar
469 817 59 22 förer
550 818 66 20 talan.
647 818 48 20 Men
719 818 28 21 dä
769 818 127 26 härigenom

139 854 72 19 staten
227 851 68 21 skulle
311 851 128 29 tillskyndas
455 858 27 14 en
497 852 71 27 utgift,
586 859 45 14 som
652 852 118 22 tillsvidare
793 852 102 27 möjligen

140 887 91 26 ansåges
247 886 74 21 alltför
336 889 45 18 stor
397 887 40 21 och
450 887 28 21 då
488 887 7 20 i
506 887 84 21 mindre
606 886 102 22 brottmål
723 887 36 21 det
775 886 122 21 allmännas

140 922 44 20 rätt
199 920 19 29 ej
235 922 38 25 gör
289 920 32 28 sig
335 921 7 20 i
358 920 45 22 lika
417 921 44 26 hög
477 922 55 26 grad
546 921 108 27 gällande,
676 928 45 14 som
741 921 7 20 i
763 920 76 28 grofva
856 920 40 22 och

140 955 34 21 för
188 955 111 21 allmänna
313 955 131 21 säkerheten
461 955 79 28 farliga
554 956 66 27 brott,
635 956 64 21 hafva
715 956 122 21 Ständerna
859 962 37 14 an-

140 992 42 19 sett
198 992 31 19 att
245 992 69 24 steget
329 990 19 27 ej
365 989 67 22 borde
448 993 78 24 genast
541 993 63 25 tagas
619 990 49 21 fullt
682 992 31 25 ut,
735 992 54 19 utan
813 991 83 20 statens

139 1024 255 27 ersättningsskyldighet
409 1025 131 21 inskränkas
557 1025 77 21 endast
648 1025 33 20 till
696 1025 83 20 vittnen
802 1024 7 21 i
828 1024 69 21 brott-

140 1059 44 21 mål
199 1059 24 21 af
236 1059 107 26 sistsagda
358 1059 158 26 beskaffenhet,
532 1059 87 21 hvartill
634 1061 82 19 ansetts
732 1059 52 20 böra
791 1058 105 21 hänföras

140 1093 43 21 alla
208 1093 121 21 hemstälda
353 1093 43 21 mål
419 1096 57 18 samt
499 1094 105 27 derjemte
633 1093 42 21 mål
697 1094 113 26 angående
833 1092 63 21 stöld.

139 1127 43 21 För
196 1129 33 19 att
239 1127 141 22 förevarande
393 1127 231 28 författningsförslag,
640 1129 37 20 der
693 1129 119 20 detsamma
828 1127 69 21 blefve

140 1161 42 28 lag,
198 1161 55 22 dock
269 1161 68 22 skulle
353 1162 75 21 kunna
445 1163 111 26 tillämpas
571 1162 63 21 äfven
649 1163 7 20 i
672 1162 37 21 tall
730 1163 37 20 det
789 1161 25 22 af
834 1161 62 21 Stän-

140 1197 67 20 derna
222 1198 96 25 antagna
333 1197 104 26 förslaget
451 1197 35 21 till
501 1205 28 20 ny
548 1197 96 26 strafflag
664 1197 69 22 blefve
755 1197 78 26 gilladt
856 1196 41 21 och

139 1230 117 27 faststäldt,
272 1231 65 21 hafva
352 1231 125 22 Ständerna
495 1231 126 22 formulerat
639 1231 103 27 förslaget
761 1231 7 20 i
786 1232 111 19 närmaste

139 1264 222 23 öfverensstämmelse
376 1267 49 20 med
441 1267 27 20 de
488 1266 168 27 bestämningar,
679 1273 45 14 som
742 1265 104 27 förslaget
865 1265 33 20 till

138 1299 127 28 förordning
281 1307 34 14 om
330 1300 115 21 införande
461 1301 26 20 af
500 1301 125 26 strafflagen
640 1300 120 21 innehåller
783 1300 115 27 angående

140 1333 159 28 hemställning,
318 1334 66 21 likväl
407 1335 100 26 sålunda,
531 1337 33 19 att
585 1335 165 27 ifrågavarande
775 1333 123 27 ersättning

139 1368 73 21 kunde
232 1369 68 21 vittne
320 1369 149 27 tillerkännas,
487 1369 48 22 icke
559 1369 91 22 allenast
672 1370 7 20 i
702 1370 26 20 de
751 1369 50 26 mål,
824 1367 74 23 hvilka

140 1402 109 28 verkligen
265 1403 132 26 hemställas,
413 1407 54 18 utan
481 1404 8 21 i
501 1404 43 21 alla
560 1404 49 26 mål,
625 1404 72 22 hvilka
711 1405 38 20 äro
765 1404 25 21 af
803 1404 42 20 den
862 1402 37 21 be-

139 1437 122 21 skaffenhet
277 1440 33 19 att
325 1439 26 20 de
367 1438 76 21 kunna
458 1439 100 21 medföra
573 1438 157 28 hemställning.
