1048 1731
242 113 14 22 6
427 111 252 24 Petitionsbetänkande
696 111 39 24 N:o
751 111 30 26 51,

283 177 41 19 Mot
341 177 36 18 den
391 180 64 20 smuts,
473 183 40 13 som
530 178 145 22 prostitutionen
688 177 80 18 sålunda
780 177 6 18 i
798 177 47 18 flera
857 177 119 18 hänseenden

214 205 78 23 medför,
304 206 57 18 hafva
373 209 62 16 röster
447 211 39 13 mer
499 207 36 17 och
547 211 39 13 mer
598 206 63 23 börjat
672 206 44 23 höja
729 206 29 23 sig
767 206 16 23 ej
793 205 70 18 mindre
873 205 71 18 utrikes
953 207 23 16 än

215 235 7 17 i
234 236 44 22 eget
293 235 50 18 land.
368 235 75 23 Frågan
461 235 106 18 diskuteras
580 235 6 17 i
599 235 26 18 tal
641 235 35 18 och
693 235 61 22 skrift,
773 235 34 17 och
823 234 153 23 prostitutionens

215 263 63 23 vådor,
291 263 6 18 i
310 264 103 23 synnerhet
424 263 29 18 för
466 264 33 17 det
510 263 123 23 uppvexande
650 263 74 23 slägtet,
741 263 64 18 hvilka
817 269 43 12 man
872 263 49 18 förut
934 263 43 18 sökt

216 292 88 23 ignorera
316 292 49 18 eller
377 292 56 23 dölja,
451 292 109 18 framhållas
578 297 78 13 numera
672 292 99 18 oförtäckt.
795 292 9 18 I
817 291 92 19 särskilda
920 291 56 25 skrif-

215 321 63 19 velser
289 321 30 18 till
331 321 130 18 Prokuratorn
473 321 6 18 i
491 321 108 23 Kejserliga
611 321 82 18 Senaten
705 321 30 18 för
749 321 80 18 Finland
840 321 35 18 har
887 320 90 25 särskildt

216 350 31 23 det
259 350 122 23 rättsvidriga
392 350 7 17 i
407 350 133 17 meranämnda
548 350 105 18 institution
662 349 61 19 blifvit
730 349 101 24 påpekadt,
840 352 44 15 utan
893 352 27 15 att
929 349 47 18 dock

215 379 61 22 någon
289 378 67 23 åtgärd
368 378 29 18 för
411 378 116 18 densammas
540 378 132 23 upphäfvande
685 383 56 18 synes
753 378 56 19 hafva
816 378 59 18 blifvit
884 378 92 22 vidtagen.

216 407 25 18 Så
253 407 54 18 torde
325 407 24 18 då
360 413 45 12 vara
417 407 25 23 på
454 407 57 22 tiden,
530 409 28 16 att
574 407 89 18 nationen
682 407 45 23 sjelf
742 410 55 20 tager
808 407 51 18 hand
871 413 29 12 om
913 407 64 21 saken,

216 435 29 18 för
257 437 29 17 att
298 435 19 18 få
330 435 23 18 de
366 435 83 18 hotande
465 435 77 19 farorna
557 435 108 23 aflägsnade
682 436 35 17 och
735 438 27 15 ett
774 436 69 17 kränkt
854 435 121 18 rättsmedve-

215 464 57 19 tande
285 464 84 23 lugnadt.
395 464 94 18 Särskildt
505 465 35 17 har
556 470 42 12 man
611 465 6 17 i
629 464 122 18 förevarande
765 464 33 18 fall
810 464 42 18 litat
863 464 29 18 till
904 463 73 18 Preste-

216 493 75 19 ständet
303 493 30 18 vid
346 493 125 18 innevarande
489 493 95 23 landtdag,
597 493 87 18 hvarföre
697 493 36 18 ock
745 493 122 23 medborgare
880 493 35 18 och
927 492 49 18 med-

215 522 124 23 borgarinnor
355 522 42 18 frän
416 523 38 18 alla
467 523 53 18 delar
532 523 20 18 af
567 523 85 22 Finland,
669 523 24 22 pä
705 523 79 17 initiativ
796 522 21 18 af
827 523 58 18 Finsk
899 522 78 22 Ovinno-

216 551 93 23 förening,
321 552 43 17 med
377 552 40 18 sina
429 552 199 21 namnunderskrifter,
645 552 111 22 uppgäende
769 550 28 19 till
810 553 27 16 ett
849 551 51 18 antal
912 550 21 19 af
943 556 32 12 un-

217 580 52 22 gefär
282 581 58 21 5,700,
353 582 51 16 utom
416 583 67 15 tvenne
501 581 44 17 hela
557 581 113 21 kommuuer,
689 580 79 18 anhällit
785 580 34 18 hos
835 579 141 19 undertecknad

218 614 29 12 om
259 609 69 17 sakens
341 608 131 19 frambärande
489 609 30 18 för
532 609 106 19 Ständerna
650 609 6 17 i
668 609 131 23 petitionsväg.
824 608 39 18 Och
876 608 24 18 dä
909 608 34 23 jag
955 608 22 18 sä

216 638 76 22 mycket
304 638 60 17 hellre
377 638 71 22 lyssnat
460 638 30 18 till
503 638 61 18 denna
576 638 119 23 uppmaning,
708 644 40 12 som
756 638 42 17 mitt
806 638 71 17 embete
885 637 91 23 pähjuder

216 666 39 23 mig
267 669 28 15 att
307 666 49 18 vaka
369 666 90 23 derofver,
472 669 28 16 att
512 667 43 18 tukt
567 667 35 18 och
615 667 94 23 sedlighet
721 666 143 23 upprätthällas,
876 666 21 18 sä
909 666 28 18 får
943 666 33 22 jag

216 700 31 17 nu,
259 695 44 17 med
315 695 101 23 bifogande
429 696 20 18 af
460 696 23 17 de
495 696 60 22 listor,
567 696 65 18 hvilka
643 696 7 17 i
662 695 65 18 landet
741 694 117 18 beträffande
871 694 62 18 denna
945 700 31 12 an-

218 723 115 23 gelägenhet
351 724 107 22 cirkulerat,
475 725 34 17 hos
527 724 31 18 det
574 724 119 23 Högvördiga
710 724 142 18 Presteständet
871 724 105 22 ödmjukast

222 752 97 24 ramlägga
332 753 35 18 och
379 753 70 18 föreslä
461 758 23 13 en
496 753 117 23 underdänig
625 754 79 22 petition
716 753 30 17 till
759 753 51 17 Hans
819 752 104 23 Kejserliga
934 752 41 18 Ma-

216 780 65 24 jestät,
293 782 91 18 Finlands
397 782 109 22 Storfurste,
515 782 63 18 derom

425 824 29 15 att
469 822 54 17 Hans
541 822 108 22 Kejserliga
666 822 90 22 Majestät
771 821 68 18 täcktes
855 822 4 16 i
871 820 59 19 näder
942 826 33 13 an-

356 850 71 22 befalla
439 850 18 22 ej
468 850 76 18 mindre
555 850 122 23 afskaffande
689 850 27 22 af
725 850 37 18 den
769 850 156 22 reglementerade
930 855 46 18 pro-

355 880 113 17 stitutionen
483 879 33 17 och
528 880 128 22 synnerligast
668 879 37 18 den
717 880 8 16 i
737 878 120 24 Helsingfors
870 879 33 17 och
915 878 62 24 nägra

356 908 63 17 andra
427 908 26 22 af
459 908 73 17 landets
540 907 63 18 städer
615 908 81 22 införda
707 908 128 22 regelbundna
847 908 130 22 besigtningen

357 936 26 23 af
393 936 141 23 prostituerade
552 937 81 22 qvinnor
648 936 41 18 med
705 936 61 23 deraf
779 936 90 23 följande
887 936 90 23 rättighet

356 967 29 16 att
397 965 48 22 efter
457 965 121 23 inskrifning
590 966 9 17 i
608 966 85 22 polisens
706 966 107 22 journaler,
827 965 45 23 öfva
884 965 52 18 otukt
947 965 30 18 så-

356 999 41 12 som
412 996 26 15 ett
452 994 49 23 yrke,
519 995 26 16 än
557 994 33 18 ock
602 996 29 16 att
643 994 221 23 otuktsförbrytelsernas
875 994 102 23 gynnande

357 1023 73 21 varder,
443 1024 8 16 i
463 1023 191 22 öfverensstämmelse
672 1023 42 18 med
726 1023 90 23 gällande
835 1023 37 23 lag,
885 1023 26 22 af
917 1023 59 23 polis-

357 1051 34 18 och
403 1051 165 23 åklagaremakten
581 1052 98 23 behörigen
696 1051 90 23 beifradt.

287 1091 124 23 Helsingfors,
424 1091 36 18 den
473 1093 21 16 26
507 1091 78 18 Januari
599 1093 49 16 1888.

750 1150 17 17 C.
779 1149 24 18 H.
816 1149 91 23 Alopeus.

240 1255 165 26 (Öfversättning.)

397 1315 47 18 Till
457 1316 147 23 Högvördiga
616 1316 182 19 Presteståndet.

287 1373 30 18 Då
327 1373 34 23 jag
373 1373 41 18 icke
426 1373 38 18 kan
475 1373 48 23 hysa
538 1373 57 24 något
607 1373 63 19 tvifvel
682 1380 36 16 om,
731 1376 28 16 att
771 1373 118 23 Högvördiga
901 1373 75 18 Preste-

218 1402 86 18 ståndets
323 1402 44 18 ädla
384 1403 81 17 sträfvan
480 1402 25 24 på
520 1403 38 18 alla
575 1403 89 18 områden
681 1403 34 23 går
727 1400 21 20 ut
760 1403 24 23 på
796 1405 28 15 att
835 1402 91 23 befrämja
937 1402 41 18 vårt

218 1430 51 20 folks
286 1437 59 13 sanna
361 1432 60 22 bästa,
436 1432 56 23 vågar
501 1433 33 23 jag
547 1433 115 18 härmedelst
673 1432 112 23 bevekligen
797 1432 76 18 anhålla
885 1437 29 13 om
925 1432 52 23 Hög-

287 1472 138 23 Lagutskottets
438 1473 116 18 betänkande
566 1479 30 12 n:o
608 1474 28 17 24.
