1048 1731
309 136 231 20 Petitionsbetänkande
556 137 37 19 N:o
608 137 32 20 26.
815 137 12 18 3

104 201 23 23 på
150 199 66 19 försök
237 200 31 18 vid
292 200 156 24 länelasaretten,
472 204 54 15 utom
542 200 6 19 i
564 200 91 25 Nylands
678 201 39 22 län,
741 201 22 18 af
776 206 43 12 en
839 206 16 12 sär-

102 229 58 18 skildt
182 229 80 24 lämplig
278 229 56 18 värd-
355 230 36 17 och
407 229 208 25 förlossninosanstalt
631 229 31 18 för
677 232 72 16 tvenne
765 230 90 18 barnafö-

102 259 84 18 derskor.
216 257 10 19 I
248 257 44 19 bref
309 257 22 19 af
349 257 37 20 den
402 258 27 19 28
445 258 113 19 November
575 258 55 19 1865
645 258 120 19 utordnades
780 260 27 17 ett
822 264 33 12 an-

102 287 41 25 slag
159 287 31 19 för
204 287 111 18 ändamålet
335 286 22 19 af
377 287 63 24 9,472
457 287 64 19 finska
536 287 54 18 mark
606 287 74 24 årligen
696 287 63 18 under
775 288 33 17 två
823 288 32 17 års

101 316 35 19 tid.
166 316 10 18 I
198 315 101 20 skrifvelse
317 315 22 19 af
355 315 38 19 den
411 316 25 19 12
452 316 54 19 Mars
524 315 54 20 1867
594 315 36 26 gaf
642 316 111 25 Kejserliga
768 315 86 19 Senaten

102 345 53 18 bifall
178 345 28 18 till
229 344 146 19 bibehällandet
397 345 22 18 af
435 345 57 19 dessa
507 345 94 19 anstalter
616 345 63 18 under
694 345 113 25 ytterligare
823 346 32 17 två

102 375 30 17 års
148 373 34 24 tid,
197 373 105 25 hvarjemte
320 380 75 12 samma
414 374 70 25 anslag
500 374 155 23 utanordnades;
678 374 87 19 deremot
780 373 75 26 förväg-

101 403 55 18 rades
172 403 6 18 i
193 409 74 12 samma
289 402 105 19 skrifverse
417 403 82 18 särskild
523 403 109 25 ersättning
654 404 20 17 ät
688 402 167 25 länesjukhusens

101 431 65 19 läkare
189 431 36 19 och
248 431 110 26 sysslomän
378 432 21 18 af
419 431 44 19 från
487 432 88 25 anslaget
598 431 129 26 inbesparade
745 431 68 20 medel
845 431 10 19 I

101 460 100 19 skrifvelse
217 460 21 19 af
259 460 37 19 den
312 460 26 19 27
354 461 58 24 April
430 460 54 19 1869
507 461 104 25 förnyades
630 461 109 25 Kejserliga
758 459 97 20 Senatens

101 489 53 19 bifall
177 489 29 19 till
228 487 147 21 bibehällandet
395 489 22 19 af
438 490 120 18 anstalterna
574 490 6 18 i
596 489 55 26 fråga
665 489 64 19 under
743 489 67 19 vidare
826 492 28 16 tre

100 520 32 18 års
147 518 34 25 tid,
196 518 80 19 hvarvid
292 518 59 19 likväl
367 519 90 25 anslaget
472 519 79 19 sänktes
566 519 30 19 till
612 518 61 24 7,000
689 518 54 19 mark
759 516 32 21 om
807 520 46 17 året.

172 547 54 19 Efter
248 547 67 25 hvarje
336 551 28 15 tre
380 549 31 17 års
427 548 68 24 period
510 547 36 19 har
561 549 25 24 på
602 547 82 19 särskild
700 548 117 18 hemställan
832 547 23 19 af

100 576 202 26 Medicinalstyrelsen
325 576 110 20 förordnats
459 584 31 11 om
510 576 55 20 dessa
581 577 103 18 anstalters
699 576 112 26 ytterligare
826 577 28 18 bi-

100 606 115 18 behållande
230 605 102 19 äfvensom
348 606 133 18 utanordnats
497 608 66 16 senast
578 606 73 18 nämda
666 606 62 24 årliga
743 606 75 24 anslag.

171 634 39 19 Det
229 634 116 25 obetydliga,
368 641 42 12 som
432 635 85 19 sålunda
532 634 62 26 gjorts
609 634 32 19 vid
657 634 100 19 allmänna
773 634 80 25 sjukhu-

99 670 35 12 sen
149 664 6 18 i
170 663 72 23 landet,
258 666 54 16 utom
329 663 91 25 Nylands
436 664 39 23 län,
487 664 30 18 för
528 663 225 25 barnförlossningsfall,
763 663 90 19 inskrän-

100 692 32 18 kes
148 692 109 25 ytterligare
272 698 71 19 genom
359 692 32 19 det
407 693 123 25 begränsade
545 693 111 18 ändamålet
671 692 42 19 med
725 692 56 19 dessa
795 692 58 19 inrät-

99 720 77 26 ningar,
198 720 71 19 hvilket
285 721 92 25 tydligast
393 721 87 25 framgår
495 721 21 19 af
529 721 110 25 Kejserliga
654 720 97 20 Senatens
767 721 41 19 bref
823 721 30 19 till

98 752 12 16 t.
127 750 11 18 f.
156 750 110 18 direktören
288 749 29 19 för
339 750 176 19 Medicinalverket
538 750 23 19 af
581 751 38 18 den
635 750 26 19 23
677 750 40 25 Maj
737 750 61 24 1868,
813 750 40 18 deri

99 778 31 19 det
151 779 58 19 bland
230 782 60 15 annat
312 778 64 20 heter:
396 791 28 3 —
439 791 29 2 —
484 791 27 3 —
528 786 55 18 ,,som
599 780 109 24 Kejserliga
723 778 87 20 Senaten
825 790 28 2 —

99 819 27 2 —
142 819 27 2 —
185 808 100 23 inhämtat,
307 810 28 16 att
358 809 31 19 uti
410 809 99 18 desamma
534 808 80 25 intagits
629 809 36 18 och
680 808 79 19 vårdats
778 808 75 24 jemväl

98 836 50 25 gifta
163 837 156 25 qvinspersoner,
336 838 34 18 har
386 837 93 24 Senaten,
495 839 48 17 enär
554 837 83 19 afsikten
648 837 43 19 med
702 837 151 25 ifrågavarande

98 865 226 25 förlossningsanstalter
342 866 49 19 varit
414 869 28 16 att
463 866 69 19 bereda
556 866 68 25 fattiga
646 866 60 25 ogifta
729 866 124 18 barnaföder-

98 894 46 19 skor
165 894 74 19 lättnad
254 894 31 19 vid
301 894 77 20 födseln
395 895 37 19 och
449 896 114 24 derigenom
580 895 48 19 söka
643 895 6 18 i
665 895 110 25 möjligaste
791 896 61 17 måtto

98 922 108 27 förebygga
227 924 124 24 barnamord,
373 928 50 15 samt
445 924 44 19 med
510 924 72 19 fästadt
601 924 90 19 afseende
704 924 74 25 jemväl
794 925 12 17 å
821 924 32 19 det

98 952 58 25 högst
178 952 56 28 ringa
256 953 52 18 antal
332 953 119 25 sjukplatser
471 953 27 19 uti
520 953 150 26 ifrägavarande
685 953 99 24 anstalter,
801 953 52 18 velat

98 981 59 19 hafva
180 981 156 26 Ofverstyrelsen
359 982 101 19 anbefaldt
483 985 28 16 att
533 983 57 22 tillse,
612 983 32 18 det
662 982 101 19 framdeles
783 982 70 18 endast

98 1010 60 25 ogifta
179 1010 84 25 gvinnor
279 1011 17 18 af
311 1011 38 18 den
365 1011 70 26 fattiga
451 1011 119 20 folkklassen
586 1011 61 19 blifva
663 1011 28 18 uti
707 1011 56 18 dessa
779 1011 72 18 anstal-

97 1042 29 15 ter
141 1039 81 25 intagna
237 1040 35 18 och
287 1040 90 21 värdade,

166 1068 63 19 Jämte
252 1068 31 19 det
305 1069 124 24 ifrägasättas
451 1069 45 24 kan,
512 1069 98 19 huruvida
626 1069 55 18 dessa
696 1069 133 24 inrättningar
845 1069 5 17 i

97 1098 67 23 nägon
180 1097 121 18 nämndvärd
315 1098 49 24 grad
380 1097 77 20 kunnat
473 1098 81 25 bidraga
569 1098 29 19 till
613 1097 124 19 minskandet
753 1097 19 19 af
781 1098 69 18 barna-

97 1125 91 20 mordens
204 1126 6 18 i
225 1126 66 19 landet
313 1127 58 18 antal.
397 1129 62 17 mäste
475 1127 91 18 särskildt
581 1127 112 18 framhällas
709 1127 32 18 det
757 1126 70 25 farliga
843 1126 5 18 i

97 1154 58 19 ofvan
178 1155 82 18 citerade
285 1155 129 25 bestämning.
445 1155 82 19 Talrika
550 1156 89 24 exempel
662 1155 68 19 kunna
750 1155 101 25 nämligen

96 1183 100 25 uppvisas,
218 1184 25 18 dä
257 1183 98 20 hafvande
370 1185 83 24 gvinna,
468 1185 85 18 obekant
569 1185 43 18 med
628 1184 157 24 förhällandena,
801 1184 6 18 i
821 1186 30 23 yt-

96 1215 60 16 tersta
170 1213 39 18 nöd
225 1213 44 18 sökt
285 1213 75 18 inträde
372 1232 2 5 ,
384 1215 26 23 pä
426 1213 39 19 den
481 1213 51 19 enda
549 1213 114 25 inrättning,
677 1219 43 13 som
737 1213 28 18 för
781 1213 70 18 sådant

96 1241 91 19 ändamål
203 1240 125 26 förefunnits,
344 1248 46 13 men
406 1242 79 19 afvisats
502 1244 24 23 pä
542 1243 64 24 grund
621 1242 55 19 deraf
689 1245 27 16 att
732 1243 39 18 hon
787 1241 64 26 olyck-

96 1270 65 25 ligtvis
177 1271 49 18 varit
241 1271 42 24 gift.
628 1293 6 7 .

165 1299 31 19 En
212 1306 65 12 annan
293 1300 100 25 betänklig
409 1300 55 24 brist,
480 1307 41 12 som
538 1301 87 18 vidläder
640 1301 56 18 dessa
712 1300 138 25 inrättningar,

95 1330 21 17 är
133 1329 90 24 betingad
243 1329 22 18 af
285 1329 177 24 sparsamhetsskäl
479 1329 36 19 och
531 1329 85 26 framgår
631 1329 91 26 tydligast
738 1328 22 20 af
773 1329 76 24 Kejser-

95 1357 40 25 liga
150 1356 94 20 Senatens
260 1357 44 19 bref
319 1357 19 19 af
353 1358 38 18 den
409 1358 24 18 11
452 1358 57 25 April
528 1359 61 23 1865,
605 1359 40 18 deri
661 1358 30 19 det
707 1357 62 20 heter:
785 1369 26 2 —
822 1369 27 2 —

138 1389 39 20 yätt
192 1388 64 17 såsom
273 1386 119 20 inventarier
407 1387 33 18 vid
456 1388 150 24 ifrågavarande
620 1387 231 25 förlossningsanstalter,

95 1414 64 19 hvilka
176 1415 5 19 i
198 1416 104 18 allmänhet
318 1416 50 18 böra
383 1416 70 18 endast
468 1416 143 25 nödtorftligen
627 1416 77 19 därmed
716 1416 68 23 förses,
795 1416 55 18 skola

95 1445 21 17 sä
132 1444 41 18 vidt
187 1444 72 25 görligt
274 1446 21 17 är
311 1444 36 19 och
363 1445 29 18 till
408 1445 112 25 ytterligare
536 1445 114 25 minskning
666 1445 6 19 i
685 1445 163 19 omkostnaderna

164 1483 96 17 Allmänna
274 1484 174 17 Besvärsutskottets
460 1484 109 17 betänkande
583 1486 35 15 N:o
630 1485 27 16 21.
