1048 1731
317 143 237 24 Motionsbetänkande
571 143 38 23 N:o
626 143 29 22 12.
826 143 14 21 3

316 210 31 17 Mö
359 209 62 23 hafve,
437 209 59 18 sedan
509 209 38 18 hon
556 208 75 23 femton
646 208 23 19 är
680 209 85 22 gammal
777 209 28 21 är,
817 208 53 18 makt

249 240 28 16 att
289 237 49 19 råda
350 237 53 23 öfver
416 237 31 18 det
457 238 37 18 hon
506 237 49 23 sjelf
562 237 105 22 förvärfva
675 237 44 18 kan.
741 237 36 18 Vid
789 236 81 23 tjuguett

248 267 33 18 års
297 266 52 18 ålder
367 272 31 17 ege
413 266 38 18 hon
468 267 35 17 allt
515 267 34 17 sitt
560 266 47 23 gods
616 265 81 23 förestä.
725 266 38 18 Vill
775 265 36 18 hon
823 265 47 18 dock

248 295 56 18 hellre
313 295 128 23 förmyndare
453 295 48 18 vård
513 295 63 22 njuta,
590 300 30 18 ege
632 295 77 21 Rätten,
720 294 29 23 pä
761 295 68 17 hennes
841 294 28 17 be-

247 325 69 23 gäran,
329 324 64 18 derom
401 323 98 23 förordna
507 324 35 18 och
552 323 70 18 sådant
630 323 139 24 vederbörligen
778 323 91 22 kungöra.

181 364 120 23 Helsingfors
314 364 35 19 den
362 365 10 17 3
385 364 92 19 Februari
490 365 50 18 1888.

635 416 78 23 Rudolf
723 417 78 22 Elving.

111 505 169 27 (Öfversättning.)

283 571 46 19 Till
341 572 156 18 Hedervärda
509 570 182 20 Bondeståndet.

180 625 9 17 I
207 624 106 23 Kejserliga
328 623 143 23 Förordningen
488 624 38 18 den
542 624 20 17 31
577 624 85 18 Oktober
675 625 44 17 1864
732 626 10 20 &
757 626 8 16 1
779 624 87 23 stadgas:

111 654 42 22 »Mö
169 652 62 24 hafve,
247 652 58 19 sedan
320 652 38 18 hon
374 653 72 17 femton
461 651 21 19 år
497 653 83 23 gammal
595 654 27 22 är,
638 652 53 18 makt
706 655 29 16 att
753 652 48 19 råda
813 653 56 19 öfver

111 682 33 18 det
156 682 38 18 hon
206 682 45 24 sjelf
261 682 99 18 förvärfva
373 682 42 18 kan.
440 681 38 19 Vid
491 683 20 16 21
526 681 32 19 års
570 681 54 19 ålder
636 687 35 18 ege
684 684 37 16 hon
733 682 35 18 allt
777 682 34 18 sitt
818 682 49 22 gods

111 710 77 24 törestå,
204 711 34 17 der
254 711 37 18 hon
307 710 20 19 så
339 709 92 20 åstundar
444 710 36 18 och
492 710 70 19 sådant
575 710 29 19 för
616 711 71 17 Rätten
699 711 89 22 anmäler,
801 711 68 18 hafver

111 740 37 18 hon
160 740 38 23 fylt
209 741 22 16 25
244 738 26 24 år,
283 744 46 14 vare
341 741 46 16 utan
399 739 38 18 slik
449 740 89 17 anmälan
551 740 83 23 myndig.
658 739 37 18 Vill
704 739 38 18 hon
751 739 49 19 dock
809 739 59 19 hellre

111 767 171 25 förmyndarevård
300 768 59 24 njuta,
378 774 35 17 ege
432 768 70 18 Rätten
521 767 26 24 på
563 768 71 18 hennes
649 768 90 24 begäran,
751 768 66 18 derom
829 768 38 18 för-

112 798 60 18 ordna
184 798 36 18 och
232 796 67 20 sådant
311 797 146 23 vederbörligen
469 797 105 24 kungöra."

180 825 65 20 Såsom
263 826 57 18 häraf
333 826 83 23 framgår
432 826 38 18 kan
486 826 83 23 qvinnan
582 826 60 18 blifva
654 826 77 23 myndig
744 826 68 18 liksom
825 830 42 13 man

112 855 33 18 vid
163 856 84 22 tjuguett
264 854 31 19 års
313 854 58 23 ålder,
388 854 25 19 då
427 854 38 18 hon
478 855 50 18 blott
540 855 68 18 härom
621 854 29 19 för
662 855 71 18 Rätten
745 854 89 18 anmäler.
858 854 9 18 I

111 884 73 23 princip
196 885 22 17 är
229 882 74 20 således
316 888 89 14 mannens
417 884 36 18 och
463 884 93 23 qvinnans
565 884 124 23 likställighet
697 884 70 18 härvid
775 883 92 24 godkänd

111 912 36 19 och
164 912 79 23 erkänd,
260 918 43 13 men
318 912 6 18 i
339 912 104 23 praktiken
459 912 36 18 har
510 918 43 12 man
565 912 75 19 försökt
652 912 67 18 hindra
731 912 36 18 och
779 911 89 19 försvåra

112 942 113 18 densamma.
255 940 29 20 Då
308 947 23 13 en
354 941 59 19 sådan
435 942 94 23 anmälan,
551 943 6 17 i
580 942 36 18 och
637 942 30 18 för
685 942 92 23 qvinnans
795 941 72 18 förkla-

109 971 59 18 rande
191 971 31 18 för
242 971 83 23 myndig,
347 971 50 18 dock
419 970 90 19 åsamkar
531 971 61 19 henne
616 971 116 23 otillbörliga
753 970 113 19 omkostna-

109 999 34 19 der
158 999 36 19 och
211 1000 96 18 dessutom
323 1001 62 17 stöter
400 999 94 24 qvinnans
507 999 136 24 finkänslighet
655 1000 35 18 och
702 1001 44 21 rätt,
758 999 37 18 blir
807 998 60 19 sådan

108 1029 87 18 anmälan
212 1029 40 18 ofta
267 1029 75 23 ogjord.
365 1029 43 18 Men
426 1028 73 24 följden
517 1029 57 18 häraf
589 1029 41 22 blir,
648 1030 28 17 att
692 1029 37 18 hon
745 1027 30 20 får
793 1028 38 18 lida
843 1033 23 13 en

108 1058 51 17 ännu
177 1059 61 17 större
255 1057 69 19 förlust
341 1057 110 23 derigenom
468 1059 30 16 att
509 1057 38 19 hon
561 1057 60 19 måste
634 1057 30 18 stå
675 1057 44 24 fyra
730 1056 21 19 år
764 1057 29 18 till
806 1057 60 18 under

108 1086 159 23 förmynderskap
280 1086 36 18 och
328 1086 110 23 härigenom
451 1087 42 17 ofta
504 1085 52 20 afstå
568 1092 22 12 en
604 1088 40 16 stor
657 1086 30 18 del
699 1086 22 18 af
731 1086 28 18 sin
772 1085 93 24 egendom

108 1113 20 20 åt
144 1115 140 23 förmyndaren.
308 1115 38 19 Det
363 1121 58 17 synes
439 1115 66 18 derför
524 1120 47 13 vara
588 1115 21 18 af
622 1114 92 19 behofvet
725 1113 100 24 påkalladt
837 1115 29 17 att

108 1144 61 18 denna
186 1144 88 23 onödiga,
289 1149 42 13 men
346 1144 110 23 besvärliga
471 1144 107 18 formalitet
590 1144 62 19 skulle
664 1149 22 12 ur
699 1143 35 19 vår
746 1143 120 23 lagstiftning

107 1171 51 24 utgå.

176 1200 28 20 På
215 1201 62 24 grund
289 1201 22 18 af
321 1201 58 18 ofvan
391 1201 110 19 relaterade
517 1201 133 19 förhållanden
665 1201 36 18 och
716 1200 25 19 då
753 1200 60 24 något
825 1200 40 18 fak-

106 1229 48 19 tiskt
172 1230 43 18 skäl
231 1231 16 23 ej
265 1230 55 19 torde
336 1230 103 19 förefinnas
452 1231 31 17 för
496 1231 32 18 det
541 1230 109 23 antagande
662 1232 28 16 att
702 1230 82 23 qvinnan
797 1229 33 18 vid
843 1231 21 16 21

106 1258 32 19 års
156 1257 53 20 ålder
226 1259 43 18 icke
286 1264 47 13 vore
346 1259 29 18 till
387 1259 34 18 sitt
434 1258 90 19 förstånd
537 1259 39 18 lika
589 1259 103 18 utvecklad
705 1259 35 18 och
752 1259 113 22 kompetent

106 1289 29 17 att
147 1287 57 18 sköta
216 1288 29 17 sin
258 1288 93 23 egendom
364 1293 40 13 som
417 1293 87 18 mannen,
521 1287 61 24 vågar
595 1289 35 23 jag
642 1288 139 18 vördsammast
793 1285 72 20 föreslå

105 1318 29 17 att
152 1315 146 24 ifrågavarande
317 1317 124 23 lagparagraf
453 1317 63 19 skulle
529 1316 73 19 erhålla
613 1317 84 23 följande
709 1316 115 19 förändrade
836 1315 28 24 ly-

106 1345 62 19 delse:

312 1369 31 17 Mö
361 1368 62 23 hafve,
436 1368 61 19 sedan
509 1369 38 18 hon
556 1369 76 23 femton
644 1368 22 19 år
677 1368 83 24 gammal
773 1369 28 21 är,
813 1367 52 18 makt

243 1400 29 15 att
283 1397 50 19 råda
345 1397 53 23 öfver
410 1397 31 18 det
453 1397 38 19 hon
503 1398 49 22 sjelf
563 1397 105 23 förvärfva
679 1397 43 18 kan.
750 1397 35 19 Vid
797 1397 22 17 21
833 1396 32 18 års

243 1426 52 18 ålder
313 1432 31 17 ege
359 1426 37 18 hon
409 1426 35 18 allt
455 1426 35 18 sitt
502 1426 48 24 gods
559 1426 75 23 förestå
647 1426 40 18 och
699 1431 52 13 vare
763 1425 100 23 myndig.

245 1455 38 18 Vill
298 1455 37 18 hon
350 1454 47 19 dock
411 1454 57 19 hellre
482 1454 176 24 förmyndarevård
670 1454 61 24 njuta,
743 1460 31 18 ege
785 1455 78 21 Rätten,

173 1489 141 24 Lagutskottets
326 1489 117 19 betänkande
455 1490 40 18 N:o
508 1490 29 18 20.

1026 642 11 55 NN
