<?xml version="1.0" encoding="UTF-8"?>
<alto xmlns="http://www.loc.gov/standards/alto/ns-v3#" xmlns:xlink="http://www.w3.org/1999/xlink" xmlns:xsi="http://www.w3.org/2001/XMLSchema-instance" xsi:schemaLocation="http://www.loc.gov/standards/alto/ns-v3# http://www.loc.gov/alto/v3/alto-3-0.xsd">
	<Description>
		<MeasurementUnit>pixel</MeasurementUnit>
		<sourceImageInformation>
			<fileName>/tmp/tess_tq3g_6ty_input.PNG</fileName>
		</sourceImageInformation>
		<OCRProcessing ID="OCR_0">
			<ocrProcessingStep>
				<processingSoftware>
					<softwareName>tesseract 5.3.4</softwareName>
				</processingSoftware>
			</ocrProcessingStep>
		</OCRProcessing>
	</Description>
	<Layout>
		<Page WIDTH="1048" HEIGHT="1731" PHYSICAL_IMG_NR="0" ID="page_0">
			<PrintSpace HPOS="0" VPOS="0" WIDTH="1048" HEIGHT="1731">
				<ComposedBlock ID="cblock_0" HPOS="201" VPOS="137" WIDTH="573" HEIGHT="23">
					<TextBlock ID="block_0" HPOS="201" VPOS="137" WIDTH="573" HEIGHT="23">
						<TextLine ID="line_0" HPOS="201" VPOS="137" WIDTH="573" HEIGHT="23">
							<String ID="string_0" HPOS="201" VPOS="139" WIDTH="14" HEIGHT="20" WC="0.86" CONTENT="2"/><SP WIDTH="126" VPOS="139" HPOS="215"/>
							<String ID="string_1" HPOS="341" VPOS="137" WIDTH="72" HEIGHT="22" WC="0.91" CONTENT="Ständ."/><SP WIDTH="16" VPOS="137" HPOS="413"/>
							<String ID="string_2" HPOS="429" VPOS="137" WIDTH="42" HEIGHT="22" WC="0.93" CONTENT="Pet."/><SP WIDTH="16" VPOS="137" HPOS="471"/>
							<String ID="string_3" HPOS="487" VPOS="150" WIDTH="28" HEIGHT="3" WC="0.92" CONTENT="—"/><SP WIDTH="17" VPOS="150" HPOS="515"/>
							<String ID="string_4" HPOS="532" VPOS="138" WIDTH="143" HEIGHT="22" WC="0.92" CONTENT="Petitionsbet."/><SP WIDTH="17" VPOS="138" HPOS="675"/>
							<String ID="string_5" HPOS="692" VPOS="138" WIDTH="34" HEIGHT="21" WC="0.96" CONTENT="N:o"/><SP WIDTH="17" VPOS="138" HPOS="726"/>
							<String ID="string_6" HPOS="743" VPOS="138" WIDTH="31" HEIGHT="21" WC="0.96" CONTENT="14."/>
						</TextLine>
					</TextBlock>
				</ComposedBlock>
				<ComposedBlock ID="cblock_1" HPOS="174" VPOS="200" WIDTH="765" HEIGHT="1271">
					<TextBlock ID="block_1" HPOS="174" VPOS="200" WIDTH="763" HEIGHT="126">
						<TextLine ID="line_1" HPOS="175" VPOS="200" WIDTH="762" HEIGHT="27">
							<String ID="string_7" HPOS="175" VPOS="201" WIDTH="50" HEIGHT="20" WC="0.92" CONTENT="idka"/><SP WIDTH="16" VPOS="201" HPOS="225"/>
							<String ID="string_8" HPOS="241" VPOS="201" WIDTH="88" HEIGHT="26" WC="0.96" CONTENT="studier,"/><SP WIDTH="17" VPOS="201" HPOS="329"/>
							<String ID="string_9" HPOS="346" VPOS="201" WIDTH="29" HEIGHT="20" WC="0.96" CONTENT="ha"/><SP WIDTH="16" VPOS="201" HPOS="375"/>
							<String ID="string_10" HPOS="391" VPOS="201" WIDTH="60" HEIGHT="21" WC="0.93" CONTENT="inom"/><SP WIDTH="16" VPOS="201" HPOS="451"/>
							<String ID="string_11" HPOS="467" VPOS="201" WIDTH="107" HEIGHT="26" WC="0.92" CONTENT="Borgare-"/><SP WIDTH="12" VPOS="201" HPOS="574"/>
							<String ID="string_12" HPOS="586" VPOS="201" WIDTH="43" HEIGHT="20" WC="0.93" CONTENT="och"/><SP WIDTH="15" VPOS="201" HPOS="629"/>
							<String ID="string_13" HPOS="644" VPOS="200" WIDTH="169" HEIGHT="22" WC="0.92" CONTENT="Bondeständen"/><SP WIDTH="16" VPOS="200" HPOS="813"/>
							<String ID="string_14" HPOS="829" VPOS="201" WIDTH="36" HEIGHT="21" WC="0.93" CONTENT="vid"/><SP WIDTH="11" VPOS="201" HPOS="865"/>
							<String ID="string_15" HPOS="876" VPOS="201" WIDTH="61" HEIGHT="21" WC="0.91" CONTENT="inne-"/>
						</TextLine>
						<TextLine ID="line_2" HPOS="174" VPOS="235" WIDTH="763" HEIGHT="28">
							<String ID="string_16" HPOS="174" VPOS="235" WIDTH="98" HEIGHT="21" WC="0.93" CONTENT="varande"/><SP WIDTH="15" VPOS="235" HPOS="272"/>
							<String ID="string_17" HPOS="287" VPOS="235" WIDTH="105" HEIGHT="27" WC="0.91" CONTENT="ländtdag"/><SP WIDTH="16" VPOS="235" HPOS="392"/>
							<String ID="string_18" HPOS="408" VPOS="235" WIDTH="118" HEIGHT="21" WC="0.92" CONTENT="framstälts"/><SP WIDTH="12" VPOS="235" HPOS="526"/>
							<String ID="string_19" HPOS="538" VPOS="237" WIDTH="81" HEIGHT="20" WC="0.93" CONTENT="tvänne"/><SP WIDTH="11" VPOS="237" HPOS="619"/>
							<String ID="string_20" HPOS="630" VPOS="235" WIDTH="184" HEIGHT="27" WC="0.92" CONTENT="petitionsförslag"/><SP WIDTH="11" VPOS="235" HPOS="814"/>
							<String ID="string_21" HPOS="825" VPOS="236" WIDTH="112" HEIGHT="27" WC="0.96" CONTENT="angående"/>
						</TextLine>
						<TextLine ID="line_3" HPOS="174" VPOS="269" WIDTH="763" HEIGHT="28">
							<String ID="string_22" HPOS="174" VPOS="269" WIDTH="94" HEIGHT="28" WC="0.77" CONTENT="yvinnas"/><SP WIDTH="16" VPOS="269" HPOS="268"/>
							<String ID="string_23" HPOS="284" VPOS="269" WIDTH="153" HEIGHT="27" WC="0.96" CONTENT="berättigande"/><SP WIDTH="16" VPOS="269" HPOS="437"/>
							<String ID="string_24" HPOS="453" VPOS="271" WIDTH="32" HEIGHT="19" WC="0.96" CONTENT="att"/><SP WIDTH="15" VPOS="271" HPOS="485"/>
							<String ID="string_25" HPOS="500" VPOS="271" WIDTH="53" HEIGHT="19" WC="0.93" CONTENT="utan"/><SP WIDTH="16" VPOS="271" HPOS="553"/>
							<String ID="string_26" HPOS="569" VPOS="269" WIDTH="55" HEIGHT="21" WC="0.96" CONTENT="skild"/><SP WIDTH="16" VPOS="269" HPOS="624"/>
							<String ID="string_27" HPOS="640" VPOS="270" WIDTH="103" HEIGHT="21" WC="0.96" CONTENT="anhållan"/><SP WIDTH="16" VPOS="270" HPOS="743"/>
							<String ID="string_28" HPOS="759" VPOS="269" WIDTH="22" HEIGHT="22" WC="0.93" CONTENT="få"/><SP WIDTH="15" VPOS="269" HPOS="781"/>
							<String ID="string_29" HPOS="796" VPOS="269" WIDTH="85" HEIGHT="28" WC="0.92" CONTENT="aflägga"/><SP WIDTH="11" VPOS="269" HPOS="881"/>
							<String ID="string_30" HPOS="892" VPOS="272" WIDTH="45" HEIGHT="19" WC="0.92" CONTENT="stu-"/>
						</TextLine>
						<TextLine ID="line_4" HPOS="174" VPOS="304" WIDTH="612" HEIGHT="22">
							<String ID="string_31" HPOS="174" VPOS="304" WIDTH="148" HEIGHT="21" WC="0.79" CONTENT="dentexamen"/><SP WIDTH="16" VPOS="304" HPOS="322"/>
							<String ID="string_32" HPOS="338" VPOS="306" WIDTH="58" HEIGHT="19" WC="0.93" CONTENT="samt"/><SP WIDTH="15" VPOS="306" HPOS="396"/>
							<String ID="string_33" HPOS="411" VPOS="304" WIDTH="52" HEIGHT="21" WC="0.96" CONTENT="idka"/><SP WIDTH="15" VPOS="304" HPOS="463"/>
							<String ID="string_34" HPOS="478" VPOS="304" WIDTH="82" HEIGHT="21" WC="0.96" CONTENT="studier"/><SP WIDTH="16" VPOS="304" HPOS="560"/>
							<String ID="string_35" HPOS="576" VPOS="304" WIDTH="36" HEIGHT="21" WC="0.93" CONTENT="vid"/><SP WIDTH="16" VPOS="304" HPOS="612"/>
							<String ID="string_36" HPOS="628" VPOS="304" WIDTH="158" HEIGHT="22" WC="0.96" CONTENT="Universitetet."/>
						</TextLine>
					</TextBlock>
					<TextBlock ID="block_2" HPOS="175" VPOS="338" WIDTH="762" HEIGHT="264">
						<TextLine ID="line_5" HPOS="244" VPOS="338" WIDTH="693" HEIGHT="28">
							<String ID="string_37" HPOS="244" VPOS="338" WIDTH="72" HEIGHT="28" WC="0.93" CONTENT="Enligt"/><SP WIDTH="16" VPOS="338" HPOS="316"/>
							<String ID="string_38" HPOS="332" VPOS="338" WIDTH="136" HEIGHT="22" WC="0.91" CONTENT="Ständernas"/><SP WIDTH="15" VPOS="338" HPOS="468"/>
							<String ID="string_39" HPOS="483" VPOS="339" WIDTH="66" HEIGHT="21" WC="0.92" CONTENT="tanke"/><SP WIDTH="17" VPOS="339" HPOS="549"/>
							<String ID="string_40" HPOS="566" VPOS="345" WIDTH="66" HEIGHT="21" WC="0.93" CONTENT="synes"/><SP WIDTH="16" VPOS="345" HPOS="632"/>
							<String ID="string_41" HPOS="648" VPOS="339" WIDTH="35" HEIGHT="21" WC="0.93" CONTENT="det"/><SP WIDTH="16" VPOS="339" HPOS="683"/>
							<String ID="string_42" HPOS="699" VPOS="339" WIDTH="47" HEIGHT="21" WC="0.94" CONTENT="icke"/><SP WIDTH="16" VPOS="339" HPOS="746"/>
							<String ID="string_43" HPOS="762" VPOS="345" WIDTH="53" HEIGHT="15" WC="0.92" CONTENT="vara"/><SP WIDTH="11" VPOS="345" HPOS="815"/>
							<String ID="string_44" HPOS="826" VPOS="339" WIDTH="111" HEIGHT="22" WC="0.92" CONTENT="öfverens-"/>
						</TextLine>
						<TextLine ID="line_6" HPOS="175" VPOS="373" WIDTH="762" HEIGHT="27">
							<String ID="string_45" HPOS="175" VPOS="373" WIDTH="139" HEIGHT="22" WC="0.88" CONTENT="stämmande"/><SP WIDTH="24" VPOS="373" HPOS="314"/>
							<String ID="string_46" HPOS="338" VPOS="373" WIDTH="48" HEIGHT="22" WC="0.93" CONTENT="med"/><SP WIDTH="25" VPOS="373" HPOS="386"/>
							<String ID="string_47" HPOS="411" VPOS="373" WIDTH="91" HEIGHT="22" WC="0.95" CONTENT="rättvisa"/><SP WIDTH="24" VPOS="373" HPOS="502"/>
							<String ID="string_48" HPOS="526" VPOS="374" WIDTH="41" HEIGHT="21" WC="0.93" CONTENT="och"/><SP WIDTH="21" VPOS="374" HPOS="567"/>
							<String ID="string_49" HPOS="588" VPOS="373" WIDTH="96" HEIGHT="27" WC="0.59" CONTENT="billighet"/><SP WIDTH="16" VPOS="373" HPOS="684"/>
							<String ID="string_50" HPOS="700" VPOS="376" WIDTH="32" HEIGHT="19" WC="0.96" CONTENT="att"/><SP WIDTH="15" VPOS="376" HPOS="732"/>
							<String ID="string_51" HPOS="747" VPOS="373" WIDTH="77" HEIGHT="22" WC="0.96" CONTENT="endast"/><SP WIDTH="16" VPOS="373" HPOS="824"/>
							<String ID="string_52" HPOS="840" VPOS="373" WIDTH="33" HEIGHT="22" WC="0.96" CONTENT="för"/><SP WIDTH="15" VPOS="373" HPOS="873"/>
							<String ID="string_53" HPOS="888" VPOS="374" WIDTH="49" HEIGHT="21" WC="0.96" CONTENT="dess"/>
						</TextLine>
						<TextLine ID="line_7" HPOS="176" VPOS="408" WIDTH="761" HEIGHT="27">
							<String ID="string_54" HPOS="176" VPOS="408" WIDTH="55" HEIGHT="21" WC="0.92" CONTENT="köns"/><SP WIDTH="25" VPOS="408" HPOS="231"/>
							<String ID="string_55" HPOS="256" VPOS="408" WIDTH="62" HEIGHT="21" WC="0.93" CONTENT="skuld"/><SP WIDTH="23" VPOS="408" HPOS="318"/>
							<String ID="string_56" HPOS="341" VPOS="408" WIDTH="57" HEIGHT="21" WC="0.91" CONTENT="neka"/><SP WIDTH="21" VPOS="408" HPOS="398"/>
							<String ID="string_57" HPOS="419" VPOS="409" WIDTH="79" HEIGHT="26" WC="0.91" CONTENT="nägon,"/><SP WIDTH="16" VPOS="409" HPOS="498"/>
							<String ID="string_58" HPOS="514" VPOS="415" WIDTH="48" HEIGHT="14" WC="0.91" CONTENT="som"/><SP WIDTH="17" VPOS="415" HPOS="562"/>
							<String ID="string_59" HPOS="579" VPOS="408" WIDTH="70" HEIGHT="21" WC="0.91" CONTENT="dertill"/><SP WIDTH="15" VPOS="408" HPOS="649"/>
							<String ID="string_60" HPOS="664" VPOS="408" WIDTH="39" HEIGHT="21" WC="0.93" CONTENT="har"/><SP WIDTH="16" VPOS="408" HPOS="703"/>
							<String ID="string_61" HPOS="719" VPOS="408" WIDTH="102" HEIGHT="21" WC="0.92" CONTENT="fallenhet"/><SP WIDTH="16" VPOS="408" HPOS="821"/>
							<String ID="string_62" HPOS="837" VPOS="409" WIDTH="41" HEIGHT="20" WC="0.93" CONTENT="och"/><SP WIDTH="16" VPOS="409" HPOS="878"/>
							<String ID="string_63" HPOS="894" VPOS="408" WIDTH="43" HEIGHT="21" WC="0.93" CONTENT="för-"/>
						</TextLine>
						<TextLine ID="line_8" HPOS="179" VPOS="442" WIDTH="757" HEIGHT="28">
							<String ID="string_64" HPOS="179" VPOS="443" WIDTH="72" HEIGHT="26" WC="0.95" CONTENT="måga,"/><SP WIDTH="16" VPOS="443" HPOS="251"/>
							<String ID="string_65" HPOS="267" VPOS="442" WIDTH="82" HEIGHT="22" WC="0.96" CONTENT="tillfälle"/><SP WIDTH="15" VPOS="442" HPOS="349"/>
							<String ID="string_66" HPOS="364" VPOS="443" WIDTH="31" HEIGHT="20" WC="0.92" CONTENT="till"/><SP WIDTH="15" VPOS="443" HPOS="395"/>
							<String ID="string_67" HPOS="410" VPOS="443" WIDTH="152" HEIGHT="21" WC="0.92" CONTENT="förvärfvande"/><SP WIDTH="12" VPOS="443" HPOS="562"/>
							<String ID="string_68" HPOS="574" VPOS="442" WIDTH="23" HEIGHT="21" WC="0.96" CONTENT="af"/><SP WIDTH="7" VPOS="442" HPOS="597"/>
							<String ID="string_69" HPOS="604" VPOS="443" WIDTH="125" HEIGHT="27" WC="0.96" CONTENT="kunskaper"/><SP WIDTH="11" VPOS="443" HPOS="729"/>
							<String ID="string_70" HPOS="740" VPOS="443" WIDTH="27" HEIGHT="26" WC="0.93" CONTENT="pä"/><SP WIDTH="10" VPOS="443" HPOS="767"/>
							<String ID="string_71" HPOS="777" VPOS="443" WIDTH="159" HEIGHT="27" WC="0.96" CONTENT="vetenskapens"/>
						</TextLine>
						<TextLine ID="line_9" HPOS="178" VPOS="477" WIDTH="758" HEIGHT="28">
							<String ID="string_72" HPOS="178" VPOS="477" WIDTH="96" HEIGHT="21" WC="0.87" CONTENT="omräde."/><SP WIDTH="31" VPOS="477" HPOS="274"/>
							<String ID="string_73" HPOS="305" VPOS="477" WIDTH="79" HEIGHT="27" WC="0.87" CONTENT="Hvarje"/><SP WIDTH="23" VPOS="477" HPOS="384"/>
							<String ID="string_74" HPOS="407" VPOS="477" WIDTH="133" HEIGHT="22" WC="0.92" CONTENT="förvärfvadt"/><SP WIDTH="24" VPOS="477" HPOS="540"/>
							<String ID="string_75" HPOS="564" VPOS="477" WIDTH="169" HEIGHT="28" WC="0.89" CONTENT="kunskapsmält"/><SP WIDTH="20" VPOS="477" HPOS="733"/>
							<String ID="string_76" HPOS="753" VPOS="479" WIDTH="24" HEIGHT="19" WC="0.96" CONTENT="är"/><SP WIDTH="20" VPOS="479" HPOS="777"/>
							<String ID="string_77" HPOS="797" VPOS="479" WIDTH="30" HEIGHT="20" WC="0.93" CONTENT="ett"/><SP WIDTH="21" VPOS="479" HPOS="827"/>
							<String ID="string_78" HPOS="848" VPOS="477" WIDTH="88" HEIGHT="27" WC="0.91" CONTENT="kapital,"/>
						</TextLine>
						<TextLine ID="line_10" HPOS="175" VPOS="512" WIDTH="762" HEIGHT="26">
							<String ID="string_79" HPOS="175" VPOS="518" WIDTH="48" HEIGHT="14" WC="0.93" CONTENT="som"/><SP WIDTH="16" VPOS="518" HPOS="223"/>
							<String ID="string_80" HPOS="239" VPOS="517" WIDTH="81" HEIGHT="21" WC="0.92" CONTENT="egaren"/><SP WIDTH="15" VPOS="517" HPOS="320"/>
							<String ID="string_81" HPOS="335" VPOS="512" WIDTH="44" HEIGHT="20" WC="0.96" CONTENT="kan"/><SP WIDTH="16" VPOS="512" HPOS="379"/>
							<String ID="string_82" HPOS="395" VPOS="512" WIDTH="101" HEIGHT="21" WC="0.96" CONTENT="använda"/><SP WIDTH="16" VPOS="512" HPOS="496"/>
							<String ID="string_83" HPOS="512" VPOS="512" WIDTH="29" HEIGHT="20" WC="0.93" CONTENT="till"/><SP WIDTH="17" VPOS="512" HPOS="541"/>
							<String ID="string_84" HPOS="558" VPOS="512" WIDTH="126" HEIGHT="21" WC="0.91" CONTENT="samhällets"/><SP WIDTH="16" VPOS="512" HPOS="684"/>
							<String ID="string_85" HPOS="700" VPOS="512" WIDTH="69" HEIGHT="26" WC="0.90" CONTENT="bästa,"/><SP WIDTH="12" VPOS="512" HPOS="769"/>
							<String ID="string_86" HPOS="781" VPOS="512" WIDTH="85" HEIGHT="21" WC="0.92" CONTENT="hvadan"/><SP WIDTH="13" VPOS="512" HPOS="866"/>
							<String ID="string_87" HPOS="879" VPOS="518" WIDTH="58" HEIGHT="15" WC="0.91" CONTENT="sam-"/>
						</TextLine>
						<TextLine ID="line_11" HPOS="176" VPOS="546" WIDTH="761" HEIGHT="27">
							<String ID="string_88" HPOS="176" VPOS="546" WIDTH="76" HEIGHT="21" WC="0.91" CONTENT="hällets"/><SP WIDTH="16" VPOS="546" HPOS="252"/>
							<String ID="string_89" HPOS="268" VPOS="546" WIDTH="69" HEIGHT="21" WC="0.92" CONTENT="fördel"/><SP WIDTH="16" VPOS="546" HPOS="337"/>
							<String ID="string_90" HPOS="353" VPOS="546" WIDTH="40" HEIGHT="21" WC="0.96" CONTENT="och"/><SP WIDTH="18" VPOS="546" HPOS="393"/>
							<String ID="string_91" HPOS="411" VPOS="546" WIDTH="41" HEIGHT="22" WC="0.93" CONTENT="den"/><SP WIDTH="16" VPOS="546" HPOS="452"/>
							<String ID="string_92" HPOS="468" VPOS="546" WIDTH="107" HEIGHT="21" WC="0.92" CONTENT="enskildes"/><SP WIDTH="16" VPOS="546" HPOS="575"/>
							<String ID="string_93" HPOS="591" VPOS="546" WIDTH="101" HEIGHT="27" WC="0.89" CONTENT="rättighet"/><SP WIDTH="17" VPOS="546" HPOS="692"/>
							<String ID="string_94" HPOS="709" VPOS="547" WIDTH="7" HEIGHT="20" WC="0.96" CONTENT="i"/><SP WIDTH="16" VPOS="547" HPOS="716"/>
							<String ID="string_95" HPOS="732" VPOS="546" WIDTH="71" HEIGHT="21" WC="0.93" CONTENT="denna"/><SP WIDTH="16" VPOS="546" HPOS="803"/>
							<String ID="string_96" HPOS="819" VPOS="547" WIDTH="64" HEIGHT="26" WC="0.92" CONTENT="punkt"/><SP WIDTH="20" VPOS="547" HPOS="883"/>
							<String ID="string_97" HPOS="903" VPOS="548" WIDTH="34" HEIGHT="19" WC="0.96" CONTENT="stä"/>
						</TextLine>
						<TextLine ID="line_12" HPOS="177" VPOS="580" WIDTH="558" HEIGHT="22">
							<String ID="string_98" HPOS="177" VPOS="581" WIDTH="4" HEIGHT="19" WC="0.96" CONTENT="i"/><SP WIDTH="17" VPOS="581" HPOS="181"/>
							<String ID="string_99" HPOS="198" VPOS="580" WIDTH="42" HEIGHT="22" WC="0.96" CONTENT="den"/><SP WIDTH="17" VPOS="580" HPOS="240"/>
							<String ID="string_100" HPOS="257" VPOS="582" WIDTH="112" HEIGHT="20" WC="0.93" CONTENT="närmaste"/><SP WIDTH="15" VPOS="582" HPOS="369"/>
							<String ID="string_101" HPOS="384" VPOS="580" WIDTH="103" HEIGHT="22" WC="0.93" CONTENT="inbördes"/><SP WIDTH="16" VPOS="580" HPOS="487"/>
							<String ID="string_102" HPOS="503" VPOS="580" WIDTH="232" HEIGHT="22" WC="0.89" CONTENT="öfverensstämmelse."/>
						</TextLine>
					</TextBlock>
					<TextBlock ID="block_3" HPOS="175" VPOS="614" WIDTH="764" HEIGHT="372">
						<TextLine ID="line_13" HPOS="245" VPOS="614" WIDTH="689" HEIGHT="29">
							<String ID="string_103" HPOS="245" VPOS="614" WIDTH="40" HEIGHT="22" WC="0.93" CONTENT="Det"/><SP WIDTH="16" VPOS="614" HPOS="285"/>
							<String ID="string_104" HPOS="301" VPOS="615" WIDTH="68" HEIGHT="21" WC="0.93" CONTENT="finnes"/><SP WIDTH="17" VPOS="615" HPOS="369"/>
							<String ID="string_105" HPOS="386" VPOS="615" WIDTH="110" HEIGHT="27" WC="0.91" CONTENT="offontliga"/><SP WIDTH="15" VPOS="615" HPOS="496"/>
							<String ID="string_106" HPOS="511" VPOS="615" WIDTH="52" HEIGHT="26" WC="0.89" CONTENT="värf,"/><SP WIDTH="17" VPOS="615" HPOS="563"/>
							<String ID="string_107" HPOS="580" VPOS="615" WIDTH="34" HEIGHT="21" WC="0.93" CONTENT="för"/><SP WIDTH="15" VPOS="615" HPOS="614"/>
							<String ID="string_108" HPOS="629" VPOS="616" WIDTH="71" HEIGHT="20" WC="0.91" CONTENT="hvilka"/><SP WIDTH="13" VPOS="616" HPOS="700"/>
							<String ID="string_109" HPOS="713" VPOS="616" WIDTH="97" HEIGHT="27" WC="0.91" CONTENT="gvinnan"/><SP WIDTH="11" VPOS="616" HPOS="810"/>
							<String ID="string_110" HPOS="821" VPOS="616" WIDTH="49" HEIGHT="20" WC="0.93" CONTENT="med"/><SP WIDTH="10" VPOS="616" HPOS="870"/>
							<String ID="string_111" HPOS="880" VPOS="616" WIDTH="54" HEIGHT="20" WC="0.92" CONTENT="hän-"/>
						</TextLine>
						<TextLine ID="line_14" HPOS="176" VPOS="649" WIDTH="760" HEIGHT="28">
							<String ID="string_112" HPOS="176" VPOS="656" WIDTH="40" HEIGHT="20" WC="0.95" CONTENT="syn"/><SP WIDTH="16" VPOS="656" HPOS="216"/>
							<String ID="string_113" HPOS="232" VPOS="649" WIDTH="31" HEIGHT="21" WC="0.95" CONTENT="till"/><SP WIDTH="16" VPOS="649" HPOS="263"/>
							<String ID="string_114" HPOS="279" VPOS="650" WIDTH="33" HEIGHT="20" WC="0.96" CONTENT="sin"/><SP WIDTH="16" VPOS="650" HPOS="312"/>
							<String ID="string_115" HPOS="328" VPOS="652" WIDTH="65" HEIGHT="18" WC="0.96" CONTENT="natur"/><SP WIDTH="15" VPOS="652" HPOS="393"/>
							<String ID="string_116" HPOS="408" VPOS="651" WIDTH="24" HEIGHT="19" WC="0.93" CONTENT="är"/><SP WIDTH="16" VPOS="651" HPOS="432"/>
							<String ID="string_117" HPOS="448" VPOS="650" WIDTH="95" HEIGHT="21" WC="0.92" CONTENT="särdeles"/><SP WIDTH="16" VPOS="650" HPOS="543"/>
							<String ID="string_118" HPOS="559" VPOS="650" WIDTH="89" HEIGHT="27" WC="0.96" CONTENT="lämplig"/><SP WIDTH="16" VPOS="650" HPOS="648"/>
							<String ID="string_119" HPOS="664" VPOS="650" WIDTH="41" HEIGHT="21" WC="0.96" CONTENT="och"/><SP WIDTH="17" VPOS="650" HPOS="705"/>
							<String ID="string_120" HPOS="722" VPOS="650" WIDTH="23" HEIGHT="21" WC="0.93" CONTENT="af"/><SP WIDTH="13" VPOS="650" HPOS="745"/>
							<String ID="string_121" HPOS="758" VPOS="650" WIDTH="73" HEIGHT="21" WC="0.92" CONTENT="hvilka"/><SP WIDTH="14" VPOS="650" HPOS="831"/>
							<String ID="string_122" HPOS="845" VPOS="650" WIDTH="91" HEIGHT="27" WC="0.91" CONTENT="lagstift-"/>
						</TextLine>
						<TextLine ID="line_15" HPOS="176" VPOS="684" WIDTH="760" HEIGHT="26">
							<String ID="string_123" HPOS="176" VPOS="684" WIDTH="81" HEIGHT="26" WC="0.92" CONTENT="ningen"/><SP WIDTH="22" VPOS="684" HPOS="257"/>
							<String ID="string_124" HPOS="279" VPOS="684" WIDTH="68" HEIGHT="21" WC="0.93" CONTENT="redan"/><SP WIDTH="18" VPOS="684" HPOS="347"/>
							<String ID="string_125" HPOS="365" VPOS="684" WIDTH="203" HEIGHT="26" WC="0.92" CONTENT="uppmärksammat"/><SP WIDTH="16" VPOS="684" HPOS="568"/>
							<String ID="string_126" HPOS="584" VPOS="685" WIDTH="132" HEIGHT="21" WC="0.92" CONTENT="ätminstone"/><SP WIDTH="17" VPOS="685" HPOS="716"/>
							<String ID="string_127" HPOS="733" VPOS="686" WIDTH="36" HEIGHT="24" WC="0.96" CONTENT="ett,"/><SP WIDTH="16" VPOS="686" HPOS="769"/>
							<String ID="string_128" HPOS="785" VPOS="684" WIDTH="38" HEIGHT="21" WC="0.96" CONTENT="der"/><SP WIDTH="15" VPOS="684" HPOS="823"/>
							<String ID="string_129" HPOS="838" VPOS="684" WIDTH="41" HEIGHT="21" WC="0.93" CONTENT="den"/><SP WIDTH="17" VPOS="684" HPOS="879"/>
							<String ID="string_130" HPOS="896" VPOS="684" WIDTH="40" HEIGHT="21" WC="0.91" CONTENT="fin-"/>
						</TextLine>
						<TextLine ID="line_16" HPOS="176" VPOS="718" WIDTH="759" HEIGHT="27">
							<String ID="string_131" HPOS="176" VPOS="718" WIDTH="40" HEIGHT="21" WC="0.92" CONTENT="ska"/><SP WIDTH="23" VPOS="718" HPOS="216"/>
							<String ID="string_132" HPOS="239" VPOS="718" WIDTH="96" HEIGHT="27" WC="0.82" CONTENT="qvinnan"/><SP WIDTH="26" VPOS="718" HPOS="335"/>
							<String ID="string_133" HPOS="361" VPOS="718" WIDTH="155" HEIGHT="27" WC="0.89" CONTENT="otvifvelaktigt"/><SP WIDTH="24" VPOS="718" HPOS="516"/>
							<String ID="string_134" HPOS="540" VPOS="720" WIDTH="24" HEIGHT="19" WC="0.95" CONTENT="är"/><SP WIDTH="23" VPOS="720" HPOS="564"/>
							<String ID="string_135" HPOS="587" VPOS="719" WIDTH="5" HEIGHT="20" WC="0.93" CONTENT="i"/><SP WIDTH="24" VPOS="719" HPOS="592"/>
							<String ID="string_136" HPOS="616" VPOS="718" WIDTH="79" HEIGHT="22" WC="0.93" CONTENT="tillfälle"/><SP WIDTH="21" VPOS="718" HPOS="695"/>
							<String ID="string_137" HPOS="716" VPOS="721" WIDTH="32" HEIGHT="19" WC="0.95" CONTENT="att"/><SP WIDTH="11" VPOS="721" HPOS="748"/>
							<String ID="string_138" HPOS="759" VPOS="718" WIDTH="66" HEIGHT="22" WC="0.96" CONTENT="verka"/><SP WIDTH="15" VPOS="718" HPOS="825"/>
							<String ID="string_139" HPOS="840" VPOS="719" WIDTH="49" HEIGHT="21" WC="0.93" CONTENT="med"/><SP WIDTH="15" VPOS="719" HPOS="889"/>
							<String ID="string_140" HPOS="904" VPOS="719" WIDTH="31" HEIGHT="20" WC="0.96" CONTENT="rik"/>
						</TextLine>
						<TextLine ID="line_17" HPOS="176" VPOS="752" WIDTH="761" HEIGHT="28">
							<String ID="string_141" HPOS="176" VPOS="752" WIDTH="120" HEIGHT="27" WC="0.96" CONTENT="framgång."/><SP WIDTH="32" VPOS="752" HPOS="296"/>
							<String ID="string_142" HPOS="328" VPOS="752" WIDTH="84" HEIGHT="22" WC="0.96" CONTENT="Genom"/><SP WIDTH="16" VPOS="752" HPOS="412"/>
							<String ID="string_143" HPOS="428" VPOS="752" WIDTH="51" HEIGHT="28" WC="0.92" CONTENT="bref,"/><SP WIDTH="17" VPOS="752" HPOS="479"/>
							<String ID="string_144" HPOS="496" VPOS="752" WIDTH="74" HEIGHT="22" WC="0.93" CONTENT="aflätet"/><SP WIDTH="16" VPOS="752" HPOS="570"/>
							<String ID="string_145" HPOS="586" VPOS="753" WIDTH="41" HEIGHT="21" WC="0.95" CONTENT="den"/><SP WIDTH="17" VPOS="753" HPOS="627"/>
							<String ID="string_146" HPOS="644" VPOS="754" WIDTH="10" HEIGHT="20" WC="0.95" CONTENT="1"/><SP WIDTH="18" VPOS="754" HPOS="654"/>
							<String ID="string_147" HPOS="672" VPOS="753" WIDTH="41" HEIGHT="27" WC="0.96" CONTENT="Maj"/><SP WIDTH="19" VPOS="753" HPOS="713"/>
							<String ID="string_148" HPOS="732" VPOS="753" WIDTH="52" HEIGHT="21" WC="0.96" CONTENT="1871"/><SP WIDTH="18" VPOS="753" HPOS="784"/>
							<String ID="string_149" HPOS="802" VPOS="753" WIDTH="30" HEIGHT="20" WC="0.93" CONTENT="till"/><SP WIDTH="16" VPOS="753" HPOS="832"/>
							<String ID="string_150" HPOS="848" VPOS="753" WIDTH="89" HEIGHT="21" WC="0.92" CONTENT="Univer-"/>
						</TextLine>
						<TextLine ID="line_18" HPOS="175" VPOS="787" WIDTH="759" HEIGHT="27">
							<String ID="string_151" HPOS="175" VPOS="787" WIDTH="84" HEIGHT="21" WC="0.87" CONTENT="sitetets"/><SP WIDTH="24" VPOS="787" HPOS="259"/>
							<String ID="string_152" HPOS="283" VPOS="787" WIDTH="162" HEIGHT="26" WC="0.90" CONTENT="konsistorium,"/><SP WIDTH="17" VPOS="787" HPOS="445"/>
							<String ID="string_153" HPOS="462" VPOS="787" WIDTH="39" HEIGHT="21" WC="0.95" CONTENT="har"/><SP WIDTH="19" VPOS="787" HPOS="501"/>
							<String ID="string_154" HPOS="520" VPOS="788" WIDTH="110" HEIGHT="26" WC="0.93" CONTENT="nämligen"/><SP WIDTH="22" VPOS="788" HPOS="630"/>
							<String ID="string_155" HPOS="652" VPOS="788" WIDTH="67" HEIGHT="21" WC="0.91" CONTENT="Eders"/><SP WIDTH="16" VPOS="788" HPOS="719"/>
							<String ID="string_156" HPOS="735" VPOS="788" WIDTH="118" HEIGHT="26" WC="0.92" CONTENT="Kejserliga"/><SP WIDTH="15" VPOS="788" HPOS="853"/>
							<String ID="string_157" HPOS="868" VPOS="787" WIDTH="66" HEIGHT="27" WC="0.87" CONTENT="Majc-"/>
						</TextLine>
						<TextLine ID="line_19" HPOS="175" VPOS="821" WIDTH="760" HEIGHT="28">
							<String ID="string_158" HPOS="175" VPOS="822" WIDTH="43" HEIGHT="20" WC="0.92" CONTENT="stät"/><SP WIDTH="16" VPOS="822" HPOS="218"/>
							<String ID="string_159" HPOS="234" VPOS="821" WIDTH="7" HEIGHT="21" WC="0.93" CONTENT="i"/><SP WIDTH="16" VPOS="821" HPOS="241"/>
							<String ID="string_160" HPOS="257" VPOS="821" WIDTH="69" HEIGHT="22" WC="0.92" CONTENT="näder"/><SP WIDTH="18" VPOS="821" HPOS="326"/>
							<String ID="string_161" HPOS="344" VPOS="821" WIDTH="71" HEIGHT="21" WC="0.92" CONTENT="funnit"/><SP WIDTH="14" VPOS="821" HPOS="415"/>
							<String ID="string_162" HPOS="429" VPOS="822" WIDTH="52" HEIGHT="26" WC="0.93" CONTENT="godt"/><SP WIDTH="16" VPOS="822" HPOS="481"/>
							<String ID="string_163" HPOS="497" VPOS="822" WIDTH="95" HEIGHT="21" WC="0.92" CONTENT="förklara"/><SP WIDTH="23" VPOS="822" HPOS="592"/>
							<String ID="string_164" HPOS="615" VPOS="822" WIDTH="98" HEIGHT="27" WC="0.92" CONTENT="gvinnor,"/><SP WIDTH="18" VPOS="822" HPOS="713"/>
							<String ID="string_165" HPOS="731" VPOS="828" WIDTH="48" HEIGHT="15" WC="0.93" CONTENT="som"/><SP WIDTH="16" VPOS="828" HPOS="779"/>
							<String ID="string_166" HPOS="795" VPOS="822" WIDTH="70" HEIGHT="20" WC="0.92" CONTENT="önska"/><SP WIDTH="15" VPOS="822" HPOS="865"/>
							<String ID="string_167" HPOS="880" VPOS="828" WIDTH="55" HEIGHT="21" WC="0.96" CONTENT="egna"/>
						</TextLine>
						<TextLine ID="line_20" HPOS="175" VPOS="856" WIDTH="762" HEIGHT="27">
							<String ID="string_168" HPOS="175" VPOS="856" WIDTH="33" HEIGHT="26" WC="0.96" CONTENT="sig"/><SP WIDTH="16" VPOS="856" HPOS="208"/>
							<String ID="string_169" HPOS="224" VPOS="856" WIDTH="22" HEIGHT="20" WC="0.93" CONTENT="ät"/><SP WIDTH="16" VPOS="856" HPOS="246"/>
							<String ID="string_170" HPOS="262" VPOS="856" WIDTH="147" HEIGHT="26" WC="0.88" CONTENT="läkarekallet,"/><SP WIDTH="16" VPOS="856" HPOS="409"/>
							<String ID="string_171" HPOS="425" VPOS="856" WIDTH="134" HEIGHT="27" WC="0.96" CONTENT="berättigade"/><SP WIDTH="17" VPOS="856" HPOS="559"/>
							<String ID="string_172" HPOS="576" VPOS="859" WIDTH="31" HEIGHT="18" WC="0.96" CONTENT="att"/><SP WIDTH="11" VPOS="859" HPOS="607"/>
							<String ID="string_173" HPOS="618" VPOS="857" WIDTH="6" HEIGHT="21" WC="0.93" CONTENT="i"/><SP WIDTH="11" VPOS="857" HPOS="624"/>
							<String ID="string_174" HPOS="635" VPOS="857" WIDTH="78" HEIGHT="21" WC="0.96" CONTENT="sådant"/><SP WIDTH="12" VPOS="857" HPOS="713"/>
							<String ID="string_175" HPOS="725" VPOS="856" WIDTH="102" HEIGHT="22" WC="0.95" CONTENT="afseende"/><SP WIDTH="10" VPOS="856" HPOS="827"/>
							<String ID="string_176" HPOS="837" VPOS="856" WIDTH="100" HEIGHT="27" WC="0.95" CONTENT="begagna"/>
						</TextLine>
						<TextLine ID="line_21" HPOS="175" VPOS="890" WIDTH="764" HEIGHT="27">
							<String ID="string_177" HPOS="175" VPOS="890" WIDTH="32" HEIGHT="26" WC="0.96" CONTENT="sig"/><SP WIDTH="23" VPOS="890" HPOS="207"/>
							<String ID="string_178" HPOS="230" VPOS="890" WIDTH="24" HEIGHT="20" WC="0.96" CONTENT="af"/><SP WIDTH="20" VPOS="890" HPOS="254"/>
							<String ID="string_179" HPOS="274" VPOS="890" WIDTH="184" HEIGHT="27" WC="0.96" CONTENT="undervisningen"/><SP WIDTH="20" VPOS="890" HPOS="458"/>
							<String ID="string_180" HPOS="478" VPOS="890" WIDTH="35" HEIGHT="21" WC="0.93" CONTENT="vid"/><SP WIDTH="16" VPOS="890" HPOS="513"/>
							<String ID="string_181" HPOS="529" VPOS="891" WIDTH="164" HEIGHT="21" WC="0.90" CONTENT="Universitetets"/><SP WIDTH="29" VPOS="891" HPOS="693"/>
							<String ID="string_182" HPOS="722" VPOS="891" WIDTH="135" HEIGHT="21" WC="0.84" CONTENT="medicinska"/><SP WIDTH="15" VPOS="891" HPOS="857"/>
							<String ID="string_183" HPOS="872" VPOS="890" WIDTH="67" HEIGHT="21" WC="0.93" CONTENT="fakul-"/>
						</TextLine>
						<TextLine ID="line_22" HPOS="175" VPOS="924" WIDTH="760" HEIGHT="29">
							<String ID="string_184" HPOS="175" VPOS="926" WIDTH="35" HEIGHT="19" WC="0.88" CONTENT="tet."/><SP WIDTH="31" VPOS="926" HPOS="210"/>
							<String ID="string_185" HPOS="241" VPOS="924" WIDTH="42" HEIGHT="21" WC="0.90" CONTENT="Det"/><SP WIDTH="14" VPOS="924" HPOS="283"/>
							<String ID="string_186" HPOS="297" VPOS="925" WIDTH="62" HEIGHT="21" WC="0.93" CONTENT="torde"/><SP WIDTH="16" VPOS="925" HPOS="359"/>
							<String ID="string_187" HPOS="375" VPOS="924" WIDTH="47" HEIGHT="22" WC="0.96" CONTENT="icke"/><SP WIDTH="15" VPOS="924" HPOS="422"/>
							<String ID="string_188" HPOS="437" VPOS="925" WIDTH="69" HEIGHT="21" WC="0.96" CONTENT="finnas"/><SP WIDTH="16" VPOS="925" HPOS="506"/>
							<String ID="string_189" HPOS="522" VPOS="931" WIDTH="47" HEIGHT="15" WC="0.96" CONTENT="mer"/><SP WIDTH="16" VPOS="931" HPOS="569"/>
							<String ID="string_190" HPOS="585" VPOS="927" WIDTH="28" HEIGHT="20" WC="0.96" CONTENT="än"/><SP WIDTH="16" VPOS="927" HPOS="613"/>
							<String ID="string_191" HPOS="629" VPOS="932" WIDTH="27" HEIGHT="15" WC="0.93" CONTENT="en"/><SP WIDTH="14" VPOS="932" HPOS="656"/>
							<String ID="string_192" HPOS="670" VPOS="926" WIDTH="57" HEIGHT="27" WC="0.93" CONTENT="äsigt"/><SP WIDTH="12" VPOS="926" HPOS="727"/>
							<String ID="string_193" HPOS="739" VPOS="932" WIDTH="35" HEIGHT="14" WC="0.92" CONTENT="om"/><SP WIDTH="12" VPOS="932" HPOS="774"/>
							<String ID="string_194" HPOS="786" VPOS="924" WIDTH="149" HEIGHT="28" WC="0.86" CONTENT="önskligheten"/>
						</TextLine>
						<TextLine ID="line_23" HPOS="178" VPOS="959" WIDTH="394" HEIGHT="27">
							<String ID="string_195" HPOS="178" VPOS="959" WIDTH="23" HEIGHT="20" WC="0.81" CONTENT="äf"/><SP WIDTH="13" VPOS="959" HPOS="201"/>
							<String ID="string_196" HPOS="214" VPOS="959" WIDTH="37" HEIGHT="21" WC="0.96" CONTENT="det"/><SP WIDTH="16" VPOS="959" HPOS="251"/>
							<String ID="string_197" HPOS="267" VPOS="959" WIDTH="55" HEIGHT="27" WC="0.96" CONTENT="syfte"/><SP WIDTH="16" VPOS="959" HPOS="322"/>
							<String ID="string_198" HPOS="338" VPOS="960" WIDTH="96" HEIGHT="21" WC="0.93" CONTENT="nämnda"/><SP WIDTH="15" VPOS="960" HPOS="434"/>
							<String ID="string_199" HPOS="449" VPOS="959" WIDTH="48" HEIGHT="22" WC="0.93" CONTENT="bref"/><SP WIDTH="12" VPOS="959" HPOS="497"/>
							<String ID="string_200" HPOS="509" VPOS="959" WIDTH="63" HEIGHT="22" WC="0.84" CONTENT="afser."/>
						</TextLine>
					</TextBlock>
					<TextBlock ID="block_4" HPOS="174" VPOS="993" WIDTH="764" HEIGHT="478">
						<TextLine ID="line_24" HPOS="244" VPOS="993" WIDTH="691" HEIGHT="29">
							<String ID="string_201" HPOS="244" VPOS="993" WIDTH="112" HEIGHT="22" WC="0.92" CONTENT="Erkännes"/><SP WIDTH="17" VPOS="993" HPOS="356"/>
							<String ID="string_202" HPOS="373" VPOS="994" WIDTH="90" HEIGHT="21" WC="0.93" CONTENT="sålunda"/><SP WIDTH="16" VPOS="994" HPOS="463"/>
							<String ID="string_203" HPOS="479" VPOS="996" WIDTH="79" HEIGHT="25" WC="0.92" CONTENT="gagnet"/><SP WIDTH="16" VPOS="996" HPOS="558"/>
							<String ID="string_204" HPOS="574" VPOS="995" WIDTH="23" HEIGHT="20" WC="0.96" CONTENT="af"/><SP WIDTH="13" VPOS="995" HPOS="597"/>
							<String ID="string_205" HPOS="610" VPOS="997" WIDTH="32" HEIGHT="18" WC="0.92" CONTENT="att"/><SP WIDTH="16" VPOS="997" HPOS="642"/>
							<String ID="string_206" HPOS="658" VPOS="995" WIDTH="81" HEIGHT="27" WC="0.72" CONTENT="yvinna"/><SP WIDTH="16" VPOS="995" HPOS="739"/>
							<String ID="string_207" HPOS="755" VPOS="994" WIDTH="33" HEIGHT="21" WC="0.96" CONTENT="för"/><SP WIDTH="15" VPOS="994" HPOS="788"/>
							<String ID="string_208" HPOS="803" VPOS="994" WIDTH="32" HEIGHT="21" WC="0.93" CONTENT="sin"/><SP WIDTH="17" VPOS="994" HPOS="835"/>
							<String ID="string_209" HPOS="852" VPOS="994" WIDTH="83" HEIGHT="21" WC="0.46" CONTENT="läkare-"/>
						</TextLine>
						<TextLine ID="line_25" HPOS="175" VPOS="1025" WIDTH="758" HEIGHT="31">
							<String ID="string_210" HPOS="175" VPOS="1028" WIDTH="122" HEIGHT="27" WC="0.89" CONTENT="utbildning"/><SP WIDTH="23" VPOS="1028" HPOS="297"/>
							<String ID="string_211" HPOS="320" VPOS="1029" WIDTH="91" HEIGHT="21" WC="0.89" CONTENT="erhäller"/><SP WIDTH="19" VPOS="1029" HPOS="411"/>
							<String ID="string_212" HPOS="430" VPOS="1035" WIDTH="27" HEIGHT="15" WC="0.96" CONTENT="en"/><SP WIDTH="20" VPOS="1035" HPOS="457"/>
							<String ID="string_213" HPOS="477" VPOS="1029" WIDTH="24" HEIGHT="21" WC="0.93" CONTENT="sä"/><SP WIDTH="18" VPOS="1029" HPOS="501"/>
							<String ID="string_214" HPOS="519" VPOS="1029" WIDTH="99" HEIGHT="27" WC="0.93" CONTENT="grundlig"/><SP WIDTH="14" VPOS="1029" HPOS="618"/>
							<String ID="string_215" HPOS="632" VPOS="1025" WIDTH="151" HEIGHT="30" WC="0.92" CONTENT="vetenskaplig"/><SP WIDTH="15" VPOS="1025" HPOS="783"/>
							<String ID="string_216" HPOS="798" VPOS="1029" WIDTH="135" HEIGHT="27" WC="0.91" CONTENT="underbygg-"/>
						</TextLine>
						<TextLine ID="line_26" HPOS="174" VPOS="1063" WIDTH="763" HEIGHT="28">
							<String ID="string_217" HPOS="174" VPOS="1063" WIDTH="44" HEIGHT="21" WC="0.96" CONTENT="nad"/><SP WIDTH="21" VPOS="1063" HPOS="218"/>
							<String ID="string_218" HPOS="239" VPOS="1070" WIDTH="48" HEIGHT="14" WC="0.96" CONTENT="som"/><SP WIDTH="16" VPOS="1070" HPOS="287"/>
							<String ID="string_219" HPOS="303" VPOS="1063" WIDTH="89" HEIGHT="28" WC="0.96" CONTENT="möjligt,"/><SP WIDTH="17" VPOS="1063" HPOS="392"/>
							<String ID="string_220" HPOS="409" VPOS="1064" WIDTH="24" HEIGHT="21" WC="0.96" CONTENT="sä"/><SP WIDTH="16" VPOS="1064" HPOS="433"/>
							<String ID="string_221" HPOS="449" VPOS="1063" WIDTH="53" HEIGHT="22" WC="0.96" CONTENT="skall"/><SP WIDTH="9" VPOS="1063" HPOS="502"/>
							<String ID="string_222" HPOS="511" VPOS="1070" WIDTH="53" HEIGHT="15" WC="0.93" CONTENT="man"/><SP WIDTH="10" VPOS="1070" HPOS="564"/>
							<String ID="string_223" HPOS="574" VPOS="1064" WIDTH="48" HEIGHT="21" WC="0.95" CONTENT="icke"/><SP WIDTH="10" VPOS="1064" HPOS="622"/>
							<String ID="string_224" HPOS="632" VPOS="1064" WIDTH="67" HEIGHT="21" WC="0.96" CONTENT="heller"/><SP WIDTH="10" VPOS="1064" HPOS="699"/>
							<String ID="string_225" HPOS="709" VPOS="1064" WIDTH="74" HEIGHT="20" WC="0.93" CONTENT="kunna"/><SP WIDTH="12" VPOS="1064" HPOS="783"/>
							<String ID="string_226" HPOS="795" VPOS="1063" WIDTH="142" HEIGHT="21" WC="0.96" CONTENT="underkänna"/>
						</TextLine>
						<TextLine ID="line_27" HPOS="176" VPOS="1097" WIDTH="760" HEIGHT="28">
							<String ID="string_227" HPOS="176" VPOS="1097" WIDTH="128" HEIGHT="28" WC="0.89" CONTENT="betydelsen"/><SP WIDTH="16" VPOS="1097" HPOS="304"/>
							<String ID="string_228" HPOS="320" VPOS="1097" WIDTH="33" HEIGHT="22" WC="0.93" CONTENT="för"/><SP WIDTH="16" VPOS="1097" HPOS="353"/>
							<String ID="string_229" HPOS="369" VPOS="1098" WIDTH="72" HEIGHT="21" WC="0.92" CONTENT="henne"/><SP WIDTH="16" VPOS="1098" HPOS="441"/>
							<String ID="string_230" HPOS="457" VPOS="1098" WIDTH="22" HEIGHT="21" WC="0.95" CONTENT="af"/><SP WIDTH="9" VPOS="1098" HPOS="479"/>
							<String ID="string_231" HPOS="488" VPOS="1100" WIDTH="30" HEIGHT="19" WC="0.95" CONTENT="ett"/><SP WIDTH="11" VPOS="1100" HPOS="518"/>
							<String ID="string_232" HPOS="529" VPOS="1104" WIDTH="46" HEIGHT="15" WC="0.93" CONTENT="mer"/><SP WIDTH="11" VPOS="1104" HPOS="575"/>
							<String ID="string_233" HPOS="586" VPOS="1098" WIDTH="135" HEIGHT="21" WC="0.91" CONTENT="omfattande"/><SP WIDTH="11" VPOS="1098" HPOS="721"/>
							<String ID="string_234" HPOS="732" VPOS="1097" WIDTH="166" HEIGHT="28" WC="0.92" CONTENT="kunskapsmätt"/><SP WIDTH="11" VPOS="1097" HPOS="898"/>
							<String ID="string_235" HPOS="909" VPOS="1099" WIDTH="27" HEIGHT="19" WC="0.97" CONTENT="än"/>
						</TextLine>
						<TextLine ID="line_28" HPOS="176" VPOS="1132" WIDTH="760" HEIGHT="27">
							<String ID="string_236" HPOS="176" VPOS="1132" WIDTH="90" HEIGHT="21" WC="0.92" CONTENT="skolans"/><SP WIDTH="17" VPOS="1132" HPOS="266"/>
							<String ID="string_237" HPOS="283" VPOS="1133" WIDTH="28" HEIGHT="26" WC="0.96" CONTENT="pä"/><SP WIDTH="16" VPOS="1133" HPOS="311"/>
							<String ID="string_238" HPOS="327" VPOS="1133" WIDTH="42" HEIGHT="20" WC="0.93" CONTENT="alla"/><SP WIDTH="16" VPOS="1133" HPOS="369"/>
							<String ID="string_239" HPOS="385" VPOS="1132" WIDTH="67" HEIGHT="27" WC="0.92" CONTENT="öfriga"/><SP WIDTH="17" VPOS="1132" HPOS="452"/>
							<String ID="string_240" HPOS="469" VPOS="1133" WIDTH="111" HEIGHT="26" WC="0.91" CONTENT="omräden,"/><SP WIDTH="18" VPOS="1133" HPOS="580"/>
							<String ID="string_241" HPOS="598" VPOS="1133" WIDTH="38" HEIGHT="21" WC="0.93" CONTENT="der"/><SP WIDTH="15" VPOS="1133" HPOS="636"/>
							<String ID="string_242" HPOS="651" VPOS="1133" WIDTH="115" HEIGHT="21" WC="0.92" CONTENT="samhället"/><SP WIDTH="18" VPOS="1133" HPOS="766"/>
							<String ID="string_243" HPOS="784" VPOS="1134" WIDTH="61" HEIGHT="25" WC="0.92" CONTENT="tager"/><SP WIDTH="10" VPOS="1134" HPOS="845"/>
							<String ID="string_244" HPOS="855" VPOS="1133" WIDTH="81" HEIGHT="20" WC="0.94" CONTENT="hennes"/>
						</TextLine>
						<TextLine ID="line_29" HPOS="174" VPOS="1166" WIDTH="762" HEIGHT="27">
							<String ID="string_245" HPOS="174" VPOS="1166" WIDTH="92" HEIGHT="27" WC="0.91" CONTENT="tjenster"/><SP WIDTH="22" VPOS="1166" HPOS="266"/>
							<String ID="string_246" HPOS="288" VPOS="1167" WIDTH="7" HEIGHT="20" WC="0.93" CONTENT="i"/><SP WIDTH="24" VPOS="1167" HPOS="295"/>
							<String ID="string_247" HPOS="319" VPOS="1167" WIDTH="100" HEIGHT="26" WC="0.96" CONTENT="anspråk."/><SP WIDTH="31" VPOS="1167" HPOS="419"/>
							<String ID="string_248" HPOS="450" VPOS="1167" WIDTH="32" HEIGHT="21" WC="0.96" CONTENT="Då"/><SP WIDTH="18" VPOS="1167" HPOS="482"/>
							<String ID="string_249" HPOS="500" VPOS="1167" WIDTH="164" HEIGHT="22" WC="0.96" CONTENT="Universitetets"/><SP WIDTH="19" VPOS="1167" HPOS="664"/>
							<String ID="string_250" HPOS="683" VPOS="1167" WIDTH="156" HEIGHT="22" WC="0.96" CONTENT="konsistorium"/><SP WIDTH="20" VPOS="1167" HPOS="839"/>
							<String ID="string_251" HPOS="859" VPOS="1166" WIDTH="33" HEIGHT="21" WC="0.96" CONTENT="för"/><SP WIDTH="15" VPOS="1166" HPOS="892"/>
							<String ID="string_252" HPOS="907" VPOS="1169" WIDTH="29" HEIGHT="19" WC="0.96" CONTENT="ett"/>
						</TextLine>
						<TextLine ID="line_30" HPOS="174" VPOS="1201" WIDTH="763" HEIGHT="28">
							<String ID="string_253" HPOS="174" VPOS="1201" WIDTH="131" HEIGHT="21" WC="0.91" CONTENT="decennium"/><SP WIDTH="24" VPOS="1201" HPOS="305"/>
							<String ID="string_254" HPOS="329" VPOS="1201" WIDTH="69" HEIGHT="21" WC="0.91" CONTENT="sodan"/><SP WIDTH="18" VPOS="1201" HPOS="398"/>
							<String ID="string_255" HPOS="416" VPOS="1201" WIDTH="31" HEIGHT="20" WC="0.96" CONTENT="till"/><SP WIDTH="15" VPOS="1201" HPOS="447"/>
							<String ID="string_256" HPOS="462" VPOS="1201" WIDTH="49" HEIGHT="21" WC="0.93" CONTENT="dess"/><SP WIDTH="23" VPOS="1201" HPOS="511"/>
							<String ID="string_257" HPOS="534" VPOS="1201" WIDTH="56" HEIGHT="28" WC="0.92" CONTENT="höge"/><SP WIDTH="24" VPOS="1201" HPOS="590"/>
							<String ID="string_258" HPOS="614" VPOS="1201" WIDTH="91" HEIGHT="22" WC="0.91" CONTENT="Kansler"/><SP WIDTH="21" VPOS="1201" HPOS="705"/>
							<String ID="string_259" HPOS="726" VPOS="1201" WIDTH="70" HEIGHT="27" WC="0.96" CONTENT="ingick"/><SP WIDTH="16" VPOS="1201" HPOS="796"/>
							<String ID="string_260" HPOS="812" VPOS="1201" WIDTH="49" HEIGHT="21" WC="0.93" CONTENT="med"/><SP WIDTH="15" VPOS="1201" HPOS="861"/>
							<String ID="string_261" HPOS="876" VPOS="1201" WIDTH="61" HEIGHT="21" WC="0.91" CONTENT="hem-"/>
						</TextLine>
						<TextLine ID="line_31" HPOS="174" VPOS="1235" WIDTH="761" HEIGHT="28">
							<String ID="string_262" HPOS="174" VPOS="1235" WIDTH="79" HEIGHT="21" WC="0.92" CONTENT="ställan"/><SP WIDTH="17" VPOS="1235" HPOS="253"/>
							<String ID="string_263" HPOS="270" VPOS="1235" WIDTH="5" HEIGHT="20" WC="0.94" CONTENT="i"/><SP WIDTH="17" VPOS="1235" HPOS="275"/>
							<String ID="string_264" HPOS="292" VPOS="1242" WIDTH="86" HEIGHT="15" WC="0.95" CONTENT="samma"/><SP WIDTH="16" VPOS="1242" HPOS="378"/>
							<String ID="string_265" HPOS="394" VPOS="1235" WIDTH="59" HEIGHT="28" WC="0.93" CONTENT="syfte,"/><SP WIDTH="18" VPOS="1235" HPOS="453"/>
							<String ID="string_266" HPOS="471" VPOS="1235" WIDTH="111" HEIGHT="22" WC="0.93" CONTENT="framhölls"/><SP WIDTH="17" VPOS="1235" HPOS="582"/>
							<String ID="string_267" HPOS="599" VPOS="1237" WIDTH="6" HEIGHT="20" WC="0.96" CONTENT="i"/><SP WIDTH="16" VPOS="1237" HPOS="605"/>
							<String ID="string_268" HPOS="621" VPOS="1236" WIDTH="78" HEIGHT="27" WC="0.96" CONTENT="denna,"/><SP WIDTH="13" VPOS="1236" HPOS="699"/>
							<String ID="string_269" HPOS="712" VPOS="1237" WIDTH="31" HEIGHT="20" WC="0.93" CONTENT="att"/><SP WIDTH="12" VPOS="1237" HPOS="743"/>
							<String ID="string_270" HPOS="755" VPOS="1235" WIDTH="119" HEIGHT="26" WC="0.92" CONTENT="sämhället,"/><SP WIDTH="13" VPOS="1235" HPOS="874"/>
							<String ID="string_271" HPOS="887" VPOS="1241" WIDTH="48" HEIGHT="15" WC="0.96" CONTENT="som"/>
						</TextLine>
						<TextLine ID="line_32" HPOS="175" VPOS="1265" WIDTH="762" HEIGHT="32">
							<String ID="string_272" HPOS="175" VPOS="1269" WIDTH="79" HEIGHT="21" WC="0.96" CONTENT="anlitar"/><SP WIDTH="23" VPOS="1269" HPOS="254"/>
							<String ID="string_273" HPOS="277" VPOS="1270" WIDTH="117" HEIGHT="21" WC="0.93" CONTENT="hundratal"/><SP WIDTH="15" VPOS="1270" HPOS="394"/>
							<String ID="string_274" HPOS="409" VPOS="1265" WIDTH="103" HEIGHT="32" WC="0.93" CONTENT="gvinnors"/><SP WIDTH="12" VPOS="1265" HPOS="512"/>
							<String ID="string_275" HPOS="524" VPOS="1271" WIDTH="85" HEIGHT="21" WC="0.96" CONTENT="biträde"/><SP WIDTH="16" VPOS="1271" HPOS="609"/>
							<String ID="string_276" HPOS="625" VPOS="1271" WIDTH="6" HEIGHT="20" WC="0.96" CONTENT="i"/><SP WIDTH="16" VPOS="1271" HPOS="631"/>
							<String ID="string_277" HPOS="647" VPOS="1277" WIDTH="27" HEIGHT="15" WC="0.93" CONTENT="en"/><SP WIDTH="15" VPOS="1277" HPOS="674"/>
							<String ID="string_278" HPOS="689" VPOS="1270" WIDTH="82" HEIGHT="27" WC="0.96" CONTENT="mängd"/><SP WIDTH="16" VPOS="1270" HPOS="771"/>
							<String ID="string_279" HPOS="787" VPOS="1269" WIDTH="56" HEIGHT="22" WC="0.93" CONTENT="olika"/><SP WIDTH="16" VPOS="1269" HPOS="843"/>
							<String ID="string_280" HPOS="859" VPOS="1269" WIDTH="78" HEIGHT="22" WC="0.83" CONTENT="belatt-"/>
						</TextLine>
						<TextLine ID="line_33" HPOS="175" VPOS="1304" WIDTH="762" HEIGHT="27">
							<String ID="string_281" HPOS="175" VPOS="1304" WIDTH="84" HEIGHT="27" WC="0.91" CONTENT="ningar,"/><SP WIDTH="16" VPOS="1304" HPOS="259"/>
							<String ID="string_282" HPOS="275" VPOS="1304" WIDTH="73" HEIGHT="21" WC="0.92" CONTENT="hvilka"/><SP WIDTH="15" VPOS="1304" HPOS="348"/>
							<String ID="string_283" HPOS="363" VPOS="1311" WIDTH="36" HEIGHT="15" WC="0.96" CONTENT="om"/><SP WIDTH="12" VPOS="1311" HPOS="399"/>
							<String ID="string_284" HPOS="411" VPOS="1305" WIDTH="26" HEIGHT="21" WC="0.96" CONTENT="de"/><SP WIDTH="11" VPOS="1305" HPOS="437"/>
							<String ID="string_285" HPOS="448" VPOS="1306" WIDTH="28" HEIGHT="20" WC="0.93" CONTENT="än"/><SP WIDTH="11" VPOS="1306" HPOS="476"/>
							<String ID="string_286" HPOS="487" VPOS="1305" WIDTH="47" HEIGHT="22" WC="0.93" CONTENT="icke"/><SP WIDTH="12" VPOS="1305" HPOS="534"/>
							<String ID="string_287" HPOS="546" VPOS="1305" WIDTH="70" HEIGHT="22" WC="0.93" CONTENT="direkt"/><SP WIDTH="11" VPOS="1305" HPOS="616"/>
							<String ID="string_288" HPOS="627" VPOS="1305" WIDTH="116" HEIGHT="22" WC="0.92" CONTENT="förutsätta"/><SP WIDTH="11" VPOS="1305" HPOS="743"/>
							<String ID="string_289" HPOS="754" VPOS="1305" WIDTH="183" HEIGHT="20" WC="0.92" CONTENT="universitetsstu-"/>
						</TextLine>
						<TextLine ID="line_34" HPOS="175" VPOS="1338" WIDTH="763" HEIGHT="29">
							<String ID="string_290" HPOS="175" VPOS="1338" WIDTH="52" HEIGHT="27" WC="0.88" CONTENT="dier,"/><SP WIDTH="25" VPOS="1338" HPOS="227"/>
							<String ID="string_291" HPOS="252" VPOS="1339" WIDTH="57" HEIGHT="21" WC="0.95" CONTENT="dock"/><SP WIDTH="23" VPOS="1339" HPOS="309"/>
							<String ID="string_292" HPOS="332" VPOS="1339" WIDTH="59" HEIGHT="21" WC="0.93" CONTENT="alltid"/><SP WIDTH="24" VPOS="1339" HPOS="391"/>
							<String ID="string_293" HPOS="415" VPOS="1340" WIDTH="69" HEIGHT="21" WC="0.96" CONTENT="måste"/><SP WIDTH="23" VPOS="1340" HPOS="484"/>
							<String ID="string_294" HPOS="507" VPOS="1340" WIDTH="65" HEIGHT="21" WC="0.96" CONTENT="hafva"/><SP WIDTH="24" VPOS="1340" HPOS="572"/>
							<String ID="string_295" HPOS="596" VPOS="1347" WIDTH="57" HEIGHT="20" WC="0.96" CONTENT="gagn"/><SP WIDTH="19" VPOS="1347" HPOS="653"/>
							<String ID="string_296" HPOS="672" VPOS="1340" WIDTH="23" HEIGHT="21" WC="0.96" CONTENT="af"/><SP WIDTH="13" VPOS="1340" HPOS="695"/>
							<String ID="string_297" HPOS="708" VPOS="1346" WIDTH="29" HEIGHT="15" WC="0.96" CONTENT="en"/><SP WIDTH="15" VPOS="1346" HPOS="737"/>
							<String ID="string_298" HPOS="752" VPOS="1339" WIDTH="67" HEIGHT="27" WC="0.93" CONTENT="högre"/><SP WIDTH="16" VPOS="1339" HPOS="819"/>
							<String ID="string_299" HPOS="835" VPOS="1339" WIDTH="103" HEIGHT="22" WC="0.96" CONTENT="teoretisk"/>
						</TextLine>
						<TextLine ID="line_35" HPOS="176" VPOS="1373" WIDTH="762" HEIGHT="28">
							<String ID="string_300" HPOS="176" VPOS="1373" WIDTH="171" HEIGHT="28" WC="0.91" CONTENT="underbyggnad"/><SP WIDTH="23" VPOS="1373" HPOS="347"/>
							<String ID="string_301" HPOS="370" VPOS="1374" WIDTH="41" HEIGHT="22" WC="0.89" CONTENT="hos"/><SP WIDTH="23" VPOS="1374" HPOS="411"/>
							<String ID="string_302" HPOS="434" VPOS="1374" WIDTH="163" HEIGHT="27" WC="0.54" CONTENT="innohafvaren,"/><SP WIDTH="23" VPOS="1374" HPOS="597"/>
							<String ID="string_303" HPOS="620" VPOS="1375" WIDTH="48" HEIGHT="21" WC="0.96" CONTENT="icke"/><SP WIDTH="15" VPOS="1375" HPOS="668"/>
							<String ID="string_304" HPOS="683" VPOS="1374" WIDTH="70" HEIGHT="22" WC="0.96" CONTENT="borde"/><SP WIDTH="15" VPOS="1374" HPOS="753"/>
							<String ID="string_305" HPOS="768" VPOS="1380" WIDTH="53" HEIGHT="14" WC="0.93" CONTENT="vara"/><SP WIDTH="15" VPOS="1380" HPOS="821"/>
							<String ID="string_306" HPOS="836" VPOS="1373" WIDTH="102" HEIGHT="22" WC="0.64" CONTENT="inkonsc-"/>
						</TextLine>
						<TextLine ID="line_36" HPOS="175" VPOS="1408" WIDTH="763" HEIGHT="28">
							<String ID="string_307" HPOS="175" VPOS="1410" WIDTH="67" HEIGHT="25" WC="0.91" CONTENT="gvent"/><SP WIDTH="15" VPOS="1410" HPOS="242"/>
							<String ID="string_308" HPOS="257" VPOS="1414" WIDTH="44" HEIGHT="21" WC="0.96" CONTENT="nog"/><SP WIDTH="16" VPOS="1414" HPOS="301"/>
							<String ID="string_309" HPOS="317" VPOS="1410" WIDTH="31" HEIGHT="20" WC="0.96" CONTENT="att"/><SP WIDTH="17" VPOS="1410" HPOS="348"/>
							<String ID="string_310" HPOS="365" VPOS="1409" WIDTH="109" HEIGHT="27" WC="0.93" CONTENT="samtidigt"/><SP WIDTH="15" VPOS="1409" HPOS="474"/>
							<String ID="string_311" HPOS="489" VPOS="1411" WIDTH="116" HEIGHT="25" WC="0.92" CONTENT="utestänga"/><SP WIDTH="13" VPOS="1411" HPOS="605"/>
							<String ID="string_312" HPOS="618" VPOS="1410" WIDTH="99" HEIGHT="26" WC="0.92" CONTENT="gvinnan"/><SP WIDTH="6" VPOS="1410" HPOS="717"/>
							<String ID="string_313" HPOS="723" VPOS="1408" WIDTH="50" HEIGHT="22" WC="0.93" CONTENT="frän"/><SP WIDTH="7" VPOS="1408" HPOS="773"/>
							<String ID="string_314" HPOS="780" VPOS="1408" WIDTH="158" HEIGHT="22" WC="0.92" CONTENT="Universitetet."/>
						</TextLine>
						<TextLine ID="line_37" HPOS="174" VPOS="1442" WIDTH="764" HEIGHT="29">
							<String ID="string_315" HPOS="174" VPOS="1442" WIDTH="64" HEIGHT="22" WC="0.92" CONTENT="Detta"/><SP WIDTH="26" VPOS="1442" HPOS="238"/>
							<String ID="string_316" HPOS="264" VPOS="1443" WIDTH="111" HEIGHT="22" WC="0.92" CONTENT="uttalande"/><SP WIDTH="26" VPOS="1443" HPOS="375"/>
							<String ID="string_317" HPOS="401" VPOS="1444" WIDTH="39" HEIGHT="20" WC="0.92" CONTENT="har"/><SP WIDTH="22" VPOS="1444" HPOS="440"/>
							<String ID="string_318" HPOS="462" VPOS="1444" WIDTH="76" HEIGHT="21" WC="0.92" CONTENT="vunnit"/><SP WIDTH="22" VPOS="1444" HPOS="538"/>
							<String ID="string_319" HPOS="560" VPOS="1444" WIDTH="8" HEIGHT="20" WC="0.95" CONTENT="i"/><SP WIDTH="23" VPOS="1444" HPOS="568"/>
							<String ID="string_320" HPOS="591" VPOS="1444" WIDTH="109" HEIGHT="27" WC="0.94" CONTENT="betydelse"/><SP WIDTH="17" VPOS="1444" HPOS="700"/>
							<String ID="string_321" HPOS="717" VPOS="1443" WIDTH="69" HEIGHT="21" WC="0.96" CONTENT="under"/><SP WIDTH="15" VPOS="1443" HPOS="786"/>
							<String ID="string_322" HPOS="801" VPOS="1443" WIDTH="137" HEIGHT="21" WC="0.96" CONTENT="närvarande"/>
						</TextLine>
					</TextBlock>
				</ComposedBlock>
			</PrintSpace>
		</Page>
	</Layout>
</alto>
