1048 1731
313 157 70 21 Ständ.
400 157 43 20 Pet.
459 168 27 3 —
503 156 141 21 Petitionsbet.
661 157 34 20 N:o
711 157 22 20 2.
861 156 13 21 5

211 219 32 20 En
260 219 147 26 kanalisering
423 218 24 21 af
460 219 86 27 Kajana
562 218 32 21 elf
607 218 33 21 för
657 219 68 20 större
743 218 107 21 farkoster
861 217 40 21 har

142 253 32 21 till
190 253 55 28 syfte
261 255 32 19 att
309 253 150 21 ästadkomma
470 254 69 20 sädan
550 253 133 21 förbindelse
695 252 79 22 mellan
786 251 115 22 Uleäträsk

142 292 13 17 å
176 295 41 14 ena
240 290 55 19 samt
311 287 104 22 Sotkamo
431 287 40 21 och
487 287 86 21 Kuhmo
590 287 58 28 sjöar
663 288 12 19 &
691 288 70 20 andra
777 287 69 27 sidan,
870 288 33 19 att

145 323 25 20 de
189 322 105 27 ängbätar
311 322 39 21 och
366 322 136 27 lastprämar,
527 329 45 14 som
589 323 66 20 redan
672 329 29 13 nu
717 321 102 22 trafikera
835 322 64 20 dessa

143 357 63 27 sjöar,
222 356 72 21 kunde
311 356 105 21 förmedla
432 363 26 14 en
475 357 164 26 genomgäende
655 355 64 22 trafik
736 357 49 20 dem
801 355 97 21 emellan.

142 391 36 20 En
194 391 59 27 dylik
268 390 130 21 förbindelse
415 397 49 14 vore
480 391 127 27 isynnerhet
623 390 116 27 förmänlig
750 390 33 21 för
795 391 41 20 den
848 390 52 27 tjär-

143 425 109 27 bränning
267 425 95 21 idkande
379 425 154 27 befolkningen
550 425 6 20 i
572 426 62 20 dessa
646 425 88 24 trakter,
745 425 89 21 hvilken
846 424 53 21 deri-

143 466 79 21 genom
238 459 104 22 hereddes
358 459 86 21 tillfälle
460 462 33 18 att
509 459 7 21 i
532 459 112 21 hemorten
660 459 91 27 försälja
767 459 32 21 sin
816 465 51 15 vara
879 459 22 20 ät

144 494 134 28 uppköpare.

213 528 46 21 Den
271 528 144 28 tjärumängd,
425 535 45 14 som
480 528 82 27 ärligen
572 528 78 21 forslas
658 528 61 27 längs
727 528 92 28 Kajana
828 528 35 26 elf,
872 534 30 14 re-

144 566 135 24 presenterar
295 563 6 20 i
317 564 64 19 rundt
398 562 30 21 tal
442 565 31 18 ett
485 564 65 19 värde
562 562 24 21 af
594 563 92 26 300,000
697 563 68 21 mark.
789 563 32 21 Då
833 565 70 19 trans-

144 597 169 27 portkostnaden
325 597 80 21 medels
416 597 107 27 tjärbätar
535 597 33 20 för
580 598 135 20 närvarande
726 596 121 28 uppslukar
857 604 45 14 om-

143 632 63 27 kring
217 633 27 21 30
253 633 27 26 %,
298 633 23 19 af
335 632 81 27 tjärans
428 631 120 26 saluvärde,
560 631 69 21 skulle
637 638 77 20 genom
727 632 40 20 den
779 632 124 26 föreslagna

144 666 173 27 kanaliseringen
333 667 41 20 den
390 666 131 21 tidsödande
537 668 136 25 transporten
692 667 48 20 med
752 666 107 27 tjärbätar
869 666 33 21 ät-

145 702 106 20 minstone
267 702 28 26 pä
311 702 71 20 denna
397 700 87 22 sträcka
500 700 114 25 undvikas,
636 700 39 22 och
691 700 92 22 sålunda
799 703 31 19 ett
846 702 54 19 stort

144 736 60 21 antal
225 735 139 27 dagsverken,
389 736 130 26 uppgäende
535 735 7 21 i
558 736 66 20 värde
641 735 32 21 till
688 735 111 27 betydliga
815 735 87 27 belopp,

144 771 75 20 vinnas
235 770 32 21 för
282 770 128 27 jordbruket
426 770 40 21 och
483 771 70 19 andra
569 771 106 25 näringar.

213 805 68 21 Dessa
303 804 185 27 omständigheter
511 804 65 21 hafva
596 806 59 25 synts
672 804 121 21 Ständerna
815 804 87 28 päkalla

145 846 26 14 en
196 840 99 20 närmare
318 839 115 27 utredning
455 846 33 13 om
505 838 102 21 behofvet
622 838 25 21 af
660 838 85 28 Kajana
760 838 39 22 elfs
816 838 85 22 kanali-

145 874 71 26 sering
236 873 32 21 för
288 874 69 20 större
373 873 109 21 farkoster
497 875 57 19 samt
570 874 141 26 uppgörande
727 873 25 21 af
765 873 82 27 förslag
862 874 41 20 och

145 908 223 26 kostnadsheräkning
391 908 28 26 pä
441 908 70 26 grund
534 907 25 21 af
580 907 86 21 teknisk
685 908 164 26 undersökning
868 907 35 21 för

145 944 61 20 detta
222 942 245 27 kanaliseringsarbetes
482 942 123 21 utförande.

213 977 34 21 Pä
261 978 71 26 grund
347 977 24 21 af
385 978 35 20 det
436 977 93 21 anförda
545 977 22 20 fä
582 976 123 21 Ständerna
719 977 39 21 hos
773 977 69 21 Eders
854 977 49 26 Kej-

145 1011 77 28 serliga
237 1011 102 28 Majestät
355 1012 7 20 i
378 1011 174 27 underdänighet
568 1011 96 21 anhälla:

349 1083 30 19 att
391 1081 134 28 fullständig
544 1081 121 22 ekonomisk
683 1082 115 27 utredning
817 1081 28 28 af
861 1083 42 19 tra-

275 1115 202 28 Jikförhällandena
493 1117 9 20 i
518 1117 25 20 de
560 1116 86 26 trakter,
662 1123 44 14 som
716 1116 95 27 omgifva
821 1118 82 19 vatten-

282 1150 83 27 dragen
388 1157 51 14 norr
462 1157 33 14 om
513 1149 117 28 Päijänne,
654 1151 63 20 måtte
737 1150 165 28 ävägalringas,

283 1184 81 26 hvaraf
375 1185 70 20 kunde
455 1185 99 27 framgå,
571 1184 71 21 hvilka
658 1185 125 21 kanalleder
797 1191 48 15 vore
856 1184 47 27 för-

283 1219 116 26 månligast
414 1221 31 19 att
459 1219 89 27 utföra;
563 1219 111 27 äfvensom
688 1221 32 19 alt
731 1219 84 21 teknisk
826 1219 77 21 under-

282 1253 90 28 sökning
396 1254 64 21 mätte
484 1253 126 22 verkställas
633 1254 9 20 i
660 1253 57 28 syfte
737 1254 21 26 ej
772 1253 85 22 mindre
872 1255 32 19 att

282 1287 69 22 sänka
367 1288 298 27 anläggningskostnaderna,
681 1295 74 20 genom
771 1290 32 19 att
817 1287 86 22 minska

281 1323 124 20 slussarnes
421 1323 145 20 dimensioner
580 1322 37 21 och
627 1322 114 27 farledens
756 1323 60 26 djup,
833 1323 29 20 än
873 1323 31 20 att

283 1357 81 26 utreda,
380 1357 107 21 huruvida
503 1364 27 14 en
545 1357 78 21 bibana
634 1357 56 27 från
706 1357 132 27 Suonenjoki
853 1357 52 21 eller

282 1398 74 14 annan
372 1392 89 27 lämplig
469 1392 71 26 punkt
550 1392 28 27 af
586 1391 103 22 Savolaks
696 1392 94 28 jernväg
801 1392 34 21 till
845 1391 60 21 Rau-

282 1426 91 26 talampi
389 1433 46 14 vore
446 1426 174 27 fördelaktigare
632 1428 29 19 än
671 1426 40 22 den
722 1426 133 28 ifrågasatta
866 1426 39 21 ka-

283 1460 97 22 nalleden
390 1460 57 27 från
464 1460 123 22 Konnevesi
603 1460 33 22 till
651 1460 89 27 Tisvesi;
755 1460 36 22 och
802 1461 103 26 slutligen
