1048 1731
227 124 13 19 6
416 126 241 25 Petitionsbetänkande
673 130 38 23 N:o
728 129 31 23 10.

462 487 233 29 Reservation.

271 566 37 22 Då
331 567 25 22 vi
378 567 51 21 icke
452 568 92 21 kunnat
565 567 82 22 förena
670 575 37 15 oss
727 575 37 15 om
780 568 29 22 de
825 568 92 28 äsigter,
932 568 31 28 pä

202 600 77 30 grund
294 601 27 21 af
333 601 82 22 hvilka
430 602 116 21 utskottet
560 602 122 29 föreslagit
693 604 35 20 att
738 602 225 28 petitionsförslaget

202 635 101 22 rörande
326 636 148 28 kollegornas
497 636 172 22 löneförmäner
691 637 74 21 mätte
787 636 120 26 förkastas,
924 644 39 14 an-

202 669 64 22 hälla
288 670 25 21 vi
335 672 36 20 att
393 673 49 19 mot
464 671 65 21 detta
551 670 126 22 utskottets
694 671 77 21 beslut
786 670 23 22 fä
825 671 95 28 inlägga
935 678 29 14 en

205 704 145 22 reservation
365 705 30 28 pä
410 704 103 30 följande
529 705 111 28 grunder:

272 738 124 22 Utskottet
419 739 130 28 medgifver
564 740 8 20 i
588 740 42 20 sitt
652 739 155 25 betänkande,
831 741 34 19 att
881 739 28 21 de
924 738 41 22 vid

204 772 267 22 elementarläroverken
497 773 116 22 anställde
636 774 149 28 kollegornas
810 773 65 21 löner
899 773 66 29 inga-

204 807 73 21 lunda
293 811 38 17 äro
348 808 115 28 rundliga,
481 815 53 14 men
550 812 66 24 säger
632 808 37 28 sig
679 808 80 21 tillika
769 807 66 21 tvifla
844 808 37 28 pä,
897 807 68 21 huru-

203 841 56 21 vida
281 849 55 14 man
358 842 48 21 kan
428 850 55 13 anse
502 842 66 22 dessa
583 842 132 22 lönevilkor
731 842 70 22 altför
816 842 89 28 knappt
920 841 46 22 till-

204 878 80 26 tagna,
301 883 38 14 om
355 884 54 13 man
424 876 136 29 nämnligen
567 876 87 29 jemför
664 877 149 28 kollegornas
822 876 145 28 kompetens-

204 910 78 22 vilkor
305 910 44 22 och
364 910 170 22 löneförmäner
548 911 54 21 med
617 911 74 29 öfrige
707 911 152 29 tjenstemäns
875 910 92 29 kompe-

205 945 132 22 tensvilkor
360 945 44 22 och
425 945 177 22 löneförmäner.
634 945 55 22 Som
713 945 66 22 bevis
801 945 36 22 för
855 945 36 21 sin
907 945 61 28 äsigt

206 979 67 22 anför
288 979 117 22 utskottet
419 979 60 22 först
498 980 44 21 och
557 981 80 20 främst
652 980 104 29 längden
772 979 25 22 af
811 979 44 22 den
869 979 41 27 tid,
926 986 41 14 un-

206 1013 41 22 der
270 1014 98 21 hvilken
384 1014 125 21 studenten
524 1014 103 22 utbildar
642 1015 37 28 sig
693 1014 39 21 till
747 1014 94 28 kollega
856 1015 59 20 samt
930 1013 38 22 be-

206 1048 85 21 räknar
307 1048 78 21 denna
404 1048 35 21 tid
454 1049 37 20 till
506 1049 83 21 inalles
605 1049 52 28 fyra
673 1049 31 21 är.
736 1047 232 22 Filosofiekandidat-

207 1089 98 15 examen
328 1082 102 29 aflägges
449 1083 60 22 dock
528 1083 127 28 vanligtvis
671 1083 53 21 icke
740 1082 59 21 efter
813 1090 29 13 en
857 1082 112 22 studietid

207 1116 26 22 af
245 1119 36 19 tre
297 1118 32 25 är,
352 1118 75 21 såsom
443 1118 114 21 utskottet
573 1117 97 29 antagit,
693 1119 59 20 utan
768 1117 66 28 åtgår
848 1117 36 21 för
899 1117 70 28 afläg-

206 1151 78 29 gande
307 1151 27 22 af
346 1151 73 22 sädan
438 1151 317 26 filosofiekandidatexamen,
779 1159 48 14 som
843 1151 127 28 berättigar

207 1186 37 21 till
267 1186 135 21 erhållande
425 1186 26 21 af
474 1186 198 29 kollegatjenster,
700 1186 141 21 åtminstone
863 1185 52 29 fyra
937 1186 31 22 år.

207 1220 92 22 Endast
313 1228 86 21 genom
415 1223 47 19 stor
476 1220 37 22 flit
528 1221 46 21 kan
590 1220 220 22 lärarekandidaten
826 1219 90 29 aflägga
931 1227 38 22 pe-

208 1254 210 29 dagogie-examen
441 1262 87 14 samma
552 1255 31 25 är,
606 1262 50 14 som
678 1255 48 21 han
745 1254 40 22 vid
805 1254 166 28 normallyceet

207 1289 104 22 utbildar
335 1290 36 27 sig
393 1289 36 22 för
451 1289 153 22 lärarekallet.
634 1289 37 22 Dä
693 1288 220 23 lärarekandidaten
935 1289 36 20 sä-

208 1323 73 21 lunda
300 1323 109 30 fullgjort
427 1324 46 21 alla
487 1324 9 21 i
511 1324 39 28 lag
569 1323 121 22 bestämda
705 1323 84 26 vilkor,
805 1323 42 21 har
861 1322 47 21 han
923 1322 49 21 till-

208 1358 71 22 stånd
295 1358 37 22 till
351 1358 137 29 afläggande
504 1359 26 21 af
542 1358 122 29 praktiska
678 1357 62 28 prof,
761 1357 90 22 hvilket
867 1357 49 21 åter
930 1356 41 22 ko-

208 1394 49 20 star
280 1393 66 21 såväl
369 1393 35 21 tid
426 1400 48 14 som
497 1393 139 29 penningar.
665 1392 54 22 Den
735 1391 42 25 tid,
793 1398 48 15 som
857 1391 114 21 erfordras

208 1426 37 22 för
259 1427 120 22 vinnande
395 1428 26 21 af
434 1428 136 28 kompetens
585 1427 37 21 till
637 1426 174 29 kollegatjenst,
827 1426 41 21 bör
883 1425 89 22 säledes

208 1461 9 21 i
233 1464 191 26 gynnsammaste
443 1462 42 21 fall
504 1462 77 21 ansläs
598 1461 36 22 till
648 1461 85 29 längre
749 1464 30 18 än
793 1460 47 22 fem
857 1461 30 21 är.
917 1459 56 22 Icke

283 1502 101 18 Allmänna
397 1496 179 24 Besvärsutskottets
589 1502 118 18 betänkande
721 1506 32 12 n:o
766 1502 17 16 8.
