1048 1731
251 132 72 22 Ständ.
338 132 43 21 Pet.
395 145 29 3 —
439 132 141 22 Petitionsbet.
596 132 35 21 N:o
647 133 31 21 18.
807 132 13 21 3

90 195 32 22 las
138 195 33 21 till
186 202 26 14 en
229 195 104 27 tredjedel
349 195 26 21 af
388 197 95 19 vattnets
499 195 76 21 bredd.
598 194 81 22 Senare
695 195 66 21 hafva
768 195 82 26 kungs-

91 237 65 20 ådras
171 235 69 27 öfriga
256 235 126 21 nuvarande
393 235 114 27 uppgifter
522 234 131 22 tillkommit.

163 275 29 21 Af
206 276 35 20 det
257 275 67 27 sagda
339 275 102 27 framgår,
458 277 33 19 att
500 275 75 27 lagens
584 275 135 21 föreskrifter
727 282 35 13 om
771 275 79 27 kungs-

91 315 55 22 ådra
168 315 48 21 icke
239 315 168 28 ursprungligen
423 315 67 21 afsett
506 317 34 19 att
554 316 53 26 göra
623 315 87 27 intrång
727 316 28 26 på
770 315 79 21 enskil-

92 356 38 21 des
153 355 41 21 fria
216 355 185 27 dispositionsrätt
425 355 59 21 öfver
499 357 91 19 vattnet.
621 355 37 21 Att
673 355 102 27 gällande
791 356 58 20 stad-

92 397 86 26 ganden
201 396 96 20 deremot
322 396 54 26 göra
399 396 66 24 detta,
491 395 43 21 kan
559 395 47 21 icke
622 395 114 21 bestridas.
767 395 83 21 Genom

92 436 164 26 bestämningen
281 442 35 14 om
338 435 138 27 kungsådras
499 435 177 27 öppenhällande
700 436 7 20 i
724 436 75 27 hvarje
815 435 38 26 elf,

93 477 73 24 ström,
190 477 13 20 å
223 475 53 22 eller
291 476 56 20 sund
362 475 34 21 till
412 483 27 14 en
455 476 108 28 tredjedel
578 475 24 22 af
616 478 93 19 vattnets
725 476 69 21 bredd
810 476 41 21 och

94 518 38 20 der
155 516 88 28 djupast
267 517 30 26 är,
320 516 39 21 har
382 516 94 27 mången
499 517 59 26 gång
582 518 30 18 ett
628 517 58 20 svårt
703 516 77 21 hinder
795 524 56 19 upp-

94 557 61 21 stälts
177 556 33 21 för
233 557 40 20 den
297 556 98 21 enskilde
419 558 32 19 att
467 557 28 26 på
510 556 64 21 bästa
589 556 88 27 möjliga
692 558 43 20 sätt
751 556 100 27 tillgodo-

93 598 55 26 göra
171 597 32 27 sig
226 597 37 20 det
285 598 81 23 vatten,
382 596 34 20 till
432 596 83 21 hvilket
530 596 44 21 han
590 596 7 20 i
613 596 76 28 sjelfva
705 597 74 21 verket
795 596 55 21 dock

94 638 41 21 har
158 638 132 26 eganderätt.
320 637 28 27 Ej
365 636 69 22 heller
450 644 63 21 synes
530 638 36 20 det
581 637 120 21 allmännas
717 638 91 20 intresse
824 638 28 26 pä

96 679 66 26 något
178 679 43 19 sätt
237 677 73 21 fordra
325 676 188 28 inskränkningar
528 677 7 20 i
552 678 72 20 denna
640 677 102 27 riktning;
759 678 93 20 tvärtom

96 718 159 21 åstadkommes
278 724 27 14 en
321 716 100 22 kännbar
436 717 128 21 ekonomisk
579 717 79 21 förlust
673 718 131 26 derigenom,
821 720 31 19 att

94 765 29 15 en
138 758 123 28 betydande
277 758 34 20 del
327 758 24 21 af
364 758 41 20 den
421 758 258 27 nationalförmögenhet,
695 765 46 14 som
757 758 94 21 inneslu-

96 801 33 19 tes
152 798 6 21 i
181 799 52 20 våra
257 799 136 25 vattendrag,
418 798 18 27 ej
456 798 43 21 kan
516 799 28 26 på
560 798 177 27 fördelaktigaste
754 800 44 19 sätt
815 805 36 14 an-

96 840 88 20 vändas.
216 838 108 22 Särskildt
348 838 44 22 lida
415 838 87 22 landets
525 839 123 25 industrier,
672 839 74 22 hvilka
761 839 90 21 hufvud-

95 879 101 27 sakligen
219 879 89 27 betjena
330 880 32 26 sig
385 879 24 21 af
423 880 41 20 den
481 880 109 26 naturliga
606 879 59 21 kraft
681 882 83 18 vattnet
781 879 71 27 erbju-

94 921 46 25 der,
164 920 67 20 skada
253 920 25 20 af
300 921 31 19 ett
347 920 78 20 sådant
441 920 105 21 sakernas
562 920 104 21 tillstånd.
696 920 49 21 Men
760 920 47 21 icke
824 920 29 20 al-

96 961 70 21 lenast
188 961 125 25 industrins,
337 963 54 18 utan
414 961 65 21 äfven
502 961 75 21 fiskets
600 961 106 21 intressen
722 961 88 27 påkalla
826 967 27 14 en

96 1001 92 27 ändring
211 1002 24 20 af
247 1001 166 27 ifrågavarande
430 1002 144 26 stadganden.
605 1002 77 21 Kändt
697 1003 30 25 är,
739 1004 32 19 att
787 1001 66 21 laxen

98 1043 69 20 under
189 1042 166 27 högsommaren
378 1042 69 26 stiger
469 1042 8 21 i
496 1043 37 20 det
549 1042 101 27 djupaste
666 1043 87 25 vattnet,
770 1041 40 21 och
826 1042 28 20 då

95 1083 63 20 detta
180 1081 33 22 till
229 1089 26 14 en
272 1081 109 28 tredjedel
397 1082 25 21 af
435 1084 97 19 vattnets
547 1082 68 21 bredd
632 1081 55 22 skall
703 1081 150 28 öppenhällas,

96 1121 125 22 förorsakas
244 1122 132 27 härigenom,
401 1122 106 21 särskildt
528 1122 7 21 i
558 1122 100 27 nordliga
674 1122 104 21 Finlands
794 1124 61 18 stora

95 1161 75 27 elfvar,
186 1163 38 20 der
240 1162 101 21 laxfisket
356 1162 33 21 för
405 1169 26 14 en
449 1163 80 26 mängd
544 1163 114 27 jordegare
675 1162 40 21 och
730 1162 33 21 för
778 1169 75 14 arren-

96 1202 90 21 datorer
208 1202 23 21 af
252 1203 94 20 kronans
369 1202 70 21 fisken
464 1204 24 19 är
514 1209 27 14 en
557 1203 120 26 väsendtlig
693 1202 161 25 inkomstkälla,

96 1242 90 27 mycken
203 1242 78 21 förlust
296 1249 77 20 genom
389 1243 262 27 fiskeriinrättningarnes
666 1243 136 27 fördyrande.

170 1283 39 20 Om
232 1282 64 22 äfven
318 1283 92 21 sålunda
425 1283 87 27 mycket
529 1283 81 27 vigtiga
626 1283 47 21 skäl
691 1283 44 20 tala
751 1282 104 21 särskildt

95 1322 35 21 för
153 1329 26 15 en
195 1323 150 27 omarbetning
361 1323 24 21 af
398 1323 233 28 lagbestämningarna
647 1324 110 26 angående
774 1323 81 27 kungs-

95 1363 61 27 ådra,
172 1363 59 21 finna
247 1363 128 27 Ständerna,
391 1366 32 19 att
440 1365 30 20 då
485 1364 109 21 särskilda
610 1365 69 20 andra
695 1363 60 21 delar
771 1363 24 21 af
809 1366 46 18 vat-

96 1404 117 26 tenrätten,
237 1404 71 20 såsom
324 1405 101 20 närmare
441 1404 165 28 bestämningar
622 1411 34 14 om
669 1404 126 28 jordegares
811 1405 44 19 rätt
