1048 1731
222 134 12 20 2
384 131 274 24 Petitionsbetänkande
673 132 40 22 N:o
733 132 34 23 32.

260 196 46 19 Med
317 197 43 18 stöd
375 196 58 19 häraf
447 196 88 19 anhåller
547 195 35 26 jag
598 195 119 25 ödmjukast,
732 199 27 16 att
775 196 32 19 det
822 195 127 20 Hedervärda

191 225 149 19 Bondeståndet
362 226 61 18 måtte
438 225 121 18 understöda
574 225 42 18 min
631 224 82 25 petition
729 225 73 24 derom,

398 289 30 18 att
438 287 74 20 landets
528 287 101 24 Regering,
645 287 8 19 i
666 287 58 24 högre
738 287 53 26 grad
805 288 26 18 än
845 287 104 22 härintills,

329 316 44 19 ville
389 317 82 23 bidraga
493 316 30 19 till
544 315 124 24 besörjandet
689 316 26 23 af
735 315 116 25 erforderlig
873 315 76 24 religiös

329 345 51 19 vård
394 345 22 19 åt
431 345 49 19 våra
496 345 30 19 till
540 343 83 20 Sibirien
638 344 102 23 förvisade
755 344 108 20 landsmän.

263 390 130 26 Helsingfors,
409 391 38 18 den
463 391 12 18 2
491 390 98 19 Februari
606 389 60 20 1888.

747 452 46 21 Erik
809 451 72 28 Pöysti.

266 582 85 29 Enligt
365 582 29 24 de
409 583 127 30 uppgifter,
552 583 123 23 Utskottet
690 583 95 23 kunnat
799 583 8 21 i
822 582 74 22 saken
917 582 36 22 in-

196 616 121 30 förskaffa,
332 618 44 22 och
392 617 93 29 hvilka,
501 618 75 22 ehuru
592 618 61 22 blott
668 617 150 29 ungefärliga
828 619 61 20 samt
894 617 60 29 jem-

197 650 40 23 väl
261 651 53 23 icke
335 652 25 22 af
380 656 93 18 senaste
495 651 90 31 datum,
601 652 61 23 dock
678 652 65 23 torde
758 651 114 23 innefatta
887 650 67 23 bästa

197 684 100 30 möjliga
312 686 90 22 besked
418 694 38 15 om
470 686 142 23 hithörande
635 685 174 30 förhållanden,
831 685 80 29 uppgå
926 684 29 22 de

198 718 81 24 finska
294 720 164 29 deporterades
475 720 65 23 antal
555 722 8 21 i
573 721 105 23 Sibirien
686 720 39 23 till
734 721 73 27 något
814 719 63 23 öfver
885 720 68 26 1,700,

198 754 53 22 häri
264 754 91 30 jemväl
370 754 163 23 inberäknade
548 755 29 22 de
593 754 152 30 deporterade
760 754 24 23 af
797 754 65 23 finsk
881 754 74 22 natio-

199 787 84 23 nalitet
297 788 53 22 från
365 788 34 23 S:t
415 789 189 28 Petersburgska
620 790 205 22 Guvernementet.
855 788 35 23 Af
899 787 57 23 den-

199 829 32 15 na
253 824 110 21 numerär
381 822 145 24 förekomma
541 826 73 20 större
628 823 59 25 eller
702 822 93 24 mindre
810 822 66 23 antal
890 822 9 22 i
915 824 42 20 ett-

199 856 72 22 hvart
293 858 25 21 af
331 857 29 22 de
375 864 42 16 sex
440 857 116 29 kyrkliga
571 857 103 30 distrikt,
690 858 8 22 i
713 857 87 23 hvilka
815 856 103 24 Sibirien
934 856 26 22 af

199 890 161 29 Evangeliskt
375 892 138 22 Lutherska
533 892 159 23 Konsistoriet
715 893 1 21 i
731 892 103 22 Moskva
848 890 110 30 indelats,

200 924 103 24 sälunda
319 926 69 30 dock,
403 929 34 20 att
452 926 268 33 hufvudkontingenten
736 926 94 23 nedsatt
846 926 38 28 sig
899 926 8 22 i
923 924 36 24 di-

200 959 95 24 striktet
310 960 119 23 Werchne
444 961 101 30 Sujetuk
562 961 25 22 af
593 961 71 22 Östra
678 961 111 30 Sibirien,
797 961 40 22 der
848 959 111 29 omkring

200 994 43 21 850
258 994 79 23 finnar
352 995 131 29 uppehälla
491 996 44 29 sig,
544 998 63 20 samt
614 997 8 21 i
630 995 127 24 distrikten
765 994 194 23 Tobolsk-Omsk

201 1028 44 23 och
269 1029 198 23 Om-kolonierna
483 1030 25 23 af
528 1033 78 20 vestra
621 1030 111 30 Sibirien,
748 1031 8 21 i
771 1029 86 23 hvilka
872 1030 87 21 tvänne

202 1062 176 28 granndistrikt
393 1066 84 21 största
492 1064 69 23 delen
578 1065 24 22 af
616 1064 29 23 de
660 1065 73 28 öfrige
747 1064 109 23 finnarne
871 1065 39 21 äro
919 1063 41 23 bo-

202 1099 64 21 satte.
297 1098 11 22 I
328 1099 103 22 etthvart
447 1099 24 22 af
492 1098 28 23 de
543 1106 42 15 sex
607 1099 116 28 kyrkliga
739 1098 126 23 distrikten
883 1098 77 29 borde,

202 1131 77 29 enligt
293 1132 155 23 förenämnda
458 1133 182 23 konsistoriums
655 1133 65 30 plan,
728 1133 79 22 finnas
816 1139 29 16 en
853 1131 108 24 luthersk

202 1170 71 26 prest,
290 1167 44 22 och
349 1167 114 30 derjemte
478 1168 8 22 i
501 1167 84 30 hvarje
600 1167 110 23 luthersk
726 1167 82 23 koloni
819 1174 28 15 en
858 1166 103 29 kateket,

203 1199 55 24 med
283 1201 128 28 äliggande
434 1204 33 20 att
485 1202 141 23 handhafva
642 1202 239 29 skolläraretjensten,
897 1201 65 22 kloc-

203 1234 155 30 karesysslan
383 1236 51 29 och,
459 1236 40 23 der
521 1237 166 30 presttjensten
711 1244 54 15 vore
781 1235 96 29 vakant,
893 1235 69 23 äfven

203 1269 144 23 hithörande
368 1270 106 28 göromäl
497 1270 54 23 med
572 1270 123 29 undantag
711 1270 60 23 dock
788 1270 25 23 af
831 1269 132 29 vigsel-för-

204 1305 134 27 rättningar
353 1305 44 22 och
413 1305 153 23 nattvardens
581 1305 134 23 utdelande.
746 1305 53 22 Den
808 1304 98 29 andliga
914 1311 49 15 om-

205 1338 108 23 värdnad
329 1346 39 15 om
384 1339 29 23 de
427 1339 135 34 lutherska
573 1339 167 30 kolonisterne,
763 1347 51 15 som
833 1338 129 23 handhafts

206 1372 25 23 af
244 1372 70 24 dessa
328 1373 134 25 merändeis
478 1374 52 24 från
547 1374 260 31 Ostersjöprovinserne
816 1373 88 23 kommue
912 1380 52 22 pre-

204 1410 46 20 ster
267 1408 44 22 och
328 1408 128 30 kateketer,
472 1409 43 23 har
523 1409 154 29 naturligtvis
689 1409 69 23 ländt
766 1408 69 23 äfven
845 1408 28 23 de
883 1408 80 22 finska

275 1448 99 19 Allmänna
387 1449 174 18 Besvärsutskottets
573 1449 110 18 betänkande
695 1454 30 13 n:o
738 1450 31 16 26.
