1048 1731
331 113 226 24 Motionsbetänkande
573 115 36 22 N:o
625 114 23 22 4.
820 114 13 21 5

104 180 38 21 till
158 179 44 22 den
217 179 132 29 föreslagna
362 180 169 29 förordningen
546 180 168 29 uttryckligen
729 184 134 19 omnämnes

103 213 82 22 hvilka
206 213 167 30 författningar
394 221 84 22 genom
501 214 135 22 densamma
657 215 92 21 komme
768 217 35 19 att
821 222 42 15 un-

104 248 72 29 dergå
198 247 105 30 ändring,
326 248 42 22 har
389 249 116 21 utskottet
531 248 153 22 underkastat
706 249 156 21 motionärens

103 282 90 29 förslag
216 289 28 15 en
267 282 170 29 omredigering
459 284 61 20 samt
536 282 36 22 får
586 282 64 29 förty
666 282 119 23 vördsamt
799 283 63 22 hem-

103 317 75 25 ställa,

278 371 32 18 att
332 369 85 21 landets
439 369 120 28 höglofliga
584 369 95 21 Ständer
701 369 49 21 med
771 369 49 21 stöd
835 369 32 28 af

242 402 41 21 den
307 403 124 21 Ständerna
451 403 68 28 enligt
538 403 84 28 nädiga
636 403 125 28 manifestet
776 403 41 21 den
832 404 30 21 25

237 437 54 27 juni
313 438 57 20 1886
392 437 165 21 tillkommande
572 437 136 21 motionsrätt
720 437 43 28 för
777 437 36 21 sin
828 437 35 21 del

242 471 50 20 ville
307 473 82 26 antaga
404 471 39 21 och
457 471 38 22 hos
511 471 66 21 Hans
593 471 126 28 Kejserliga
734 471 105 28 Majestät
854 472 9 19 i

243 505 174 29 underdänighet
438 505 94 23 anhälla
552 513 34 14 om
601 506 138 28 utfärdande
754 506 31 28 af
796 513 26 14 en
837 506 26 21 sä

241 540 95 27 lydande

262 596 122 30 Förordning,
398 597 97 29 angäende
511 598 79 28 yvinnas
606 598 103 27 inväljande
725 597 27 24 till
768 597 81 24 ledamot

431 632 22 23 af
466 631 209 30 fattigvärdsstyrelss.

314 671 51 21 Med
387 672 97 28 ändring
500 672 32 28 af
546 672 153 28 stadgandena
714 672 9 20 i
738 672 125 28 Kejserliga

243 705 174 29 Förordningen,
435 706 114 29 angående
572 706 292 28 kommunalförvaltningen

241 740 33 27 på
289 740 80 26 landet,
383 741 77 27 gifven
475 741 40 21 den
532 742 14 20 6
562 740 110 22 Februari
679 742 64 24 1865,
759 740 40 22 och
809 740 56 28 Kej-

245 774 81 28 serliga
350 774 177 29 Förordningen,
552 775 114 28 angående
687 775 178 21 kommunalför-

246 809 99 27 valtning
360 809 9 20 i
383 810 56 24 stad,
455 810 32 27 af
499 810 42 20 den
556 810 15 20 8
586 809 117 21 December
712 810 65 24 1873,
786 808 79 22 varder

243 842 126 28 härigenom
384 844 104 28 stadgadt
502 850 47 14 som
560 843 84 28 följer:

319 877 82 21 Valbar
423 878 36 21 till
481 878 96 21 ledamot
592 878 8 20 i
612 878 227 28 fattigvårdsstyrelse
857 877 8 20 i

245 911 56 25 stad,
317 911 113 27 äfvensom
442 913 33 27 på
491 912 82 25 landet,
582 912 39 21 der
629 912 72 21 denna
715 912 88 28 styrelse
818 911 47 21 icke

246 947 87 26 utgöres
355 947 32 26 af
401 946 246 26 kommunalnämnden,
663 949 26 18 är
704 947 67 27 äfven
785 945 81 22 röstbe-

245 980 98 27 rättigad
357 981 81 28 qvinlig
453 981 91 21 medlem
560 981 32 28 af
603 981 127 21 kommunen
741 983 56 19 samt
806 981 59 20 inom

245 1014 126 21 densamma
393 1015 69 21 bosatt
483 1016 47 27 gift
551 1016 93 27 gvinna;
666 1015 53 21 dock
734 1015 36 21 må
785 1014 81 21 sådant

246 1049 102 28 uppdrag
377 1051 55 20 utan
462 1050 94 28 gvinnas
586 1049 108 28 samtycke
723 1049 66 21 henne
819 1048 47 21 icke

245 1082 122 28 åhvälfvas.

180 1133 43 22 Uti
238 1133 107 22 ärendets
359 1134 144 29 behandling
519 1134 73 22 hafva
602 1134 99 29 deltagit
711 1133 156 23 ordföranden

108 1166 27 22 L.
152 1166 26 23 L.
193 1167 116 28 Lindelöf,
331 1168 158 22 ledamöterne
504 1169 29 22 A.
548 1168 27 22 L.
592 1175 48 15 von
654 1168 124 29 Knorring,
801 1167 24 22 O.
843 1167 23 22 8.

108 1200 150 29 Segersträle,
279 1201 24 22 J.
318 1201 140 29 Johansson,
482 1203 28 21 G.
527 1202 28 22 G.
571 1203 120 26 Forsman,
714 1202 25 21 F.
755 1201 37 22 W.
809 1201 58 22 San-

109 1234 70 28 delin,
202 1235 37 22 W.
255 1235 95 29 Wallin,
372 1236 29 22 R.
416 1237 28 21 A.
460 1237 153 27 Hasselblatt,
632 1237 26 22 L.
674 1243 47 15 von
735 1235 84 27 Pfaler,
835 1235 32 22 M.

106 1268 121 29 Hallberg,
241 1269 27 22 E.
284 1269 116 29 Duncker,
415 1271 29 22 K.
461 1271 28 21 A.
505 1271 124 21 Karlstedt
644 1270 43 22 och
702 1270 27 22 A.
745 1269 122 29 Häyrinen

108 1305 60 20 samt
190 1303 178 29 suppleanterne
383 1305 28 22 V.
427 1312 45 15 von
488 1305 103 28 Wright,
614 1305 28 22 R.
657 1304 152 29 Heimberger
824 1303 44 22 och

107 1337 31 22 H.
153 1337 127 23 Tikkanen.

178 1384 147 30 Helsingfors
341 1385 46 21 den
401 1386 13 21 5
429 1386 63 21 Mars
510 1386 62 22 1888.

174 1486 189 20 Ekonomiutskottets
377 1488 117 18 betänkande
507 1490 36 16 N:o
556 1488 17 17 6.
