1048 1731
374 466 173 29 Lagutskottets
576 465 90 30 förslag
690 465 33 24 till
748 470 109 19 samman-

305 501 112 30 jemkning
437 500 30 24 af
478 501 27 23 de
521 501 72 23 delvis
608 500 131 30 skiljaktiga
754 500 80 29 beslut,
850 500 5 23 i

306 536 75 24 hvilka
404 536 95 23 stånden
519 536 95 23 stannat
633 536 36 23 vid
685 535 130 29 behandling
832 534 28 24 af

307 570 125 24 utskottets
455 570 142 24 betänkande
620 568 39 25 N:o
679 570 22 23 19
717 570 6 23 i
740 570 116 29 anledning

306 604 28 24 af
346 605 33 23 ett
395 606 57 23 inom
469 604 194 30 Borgareståndet
673 605 70 23 väckt
753 604 104 24 motions-

305 640 88 29 förslag
417 646 35 17 om
476 640 127 28 ersättning
623 639 28 24 af
663 640 109 23 allmänna
787 639 68 24 medel

305 674 24 24 åt
345 674 86 24 vittnen
448 674 5 23 i
471 674 112 25 brottmål.

168 739 73 27 Enligt
259 739 104 22 utskottet
377 739 7 21 i
399 739 91 21 ärendet
505 738 184 22 tillhandakomna
704 738 153 28 protokollsut-

100 774 52 27 drag
174 772 63 22 hafva
259 773 94 27 stånden,
376 774 50 21 med
444 773 158 27 godkännande
616 773 24 21 af
652 773 115 21 utskottets
782 773 75 21 betän-

99 807 70 22 kande
191 808 8 20 i
221 807 70 27 öfrigt,
314 808 48 21 med
382 808 102 22 afseende
504 808 13 21 å
532 807 94 28 följande
641 807 92 27 punkter
747 807 110 22 stannat
846 803 14 36 i

100 842 122 28 skiljaktiga
236 842 77 22 beslut.

457 905 40 27 81

97 957 40 22 har
158 957 22 22 af
198 958 159 27 Ridderskapet
372 957 39 22 och
425 958 73 21 Adeln
513 959 57 21 samt
584 957 164 22 Bondeståndet
761 958 94 27 antagits

98 992 67 27 enligt
180 992 153 26 betänkandet;

165 1027 80 22 Preste-
261 1027 38 22 och
314 1026 199 28 Borgareständen
527 1026 64 22 hafva
605 1026 163 23 äterremitterat
778 1026 33 28 $:n
821 1027 34 21 till

96 1061 106 22 utskottet
224 1061 34 22 för
280 1063 32 20 att
326 1061 95 28 undergå
437 1061 92 27 ändring
544 1061 81 22 derhän
640 1062 33 21 att
687 1061 45 22 deri
746 1061 108 22 bestämdt

95 1096 123 27 uppgäfves,
240 1096 71 22 hvilka
330 1096 59 22 brott
408 1102 52 15 vore
481 1098 32 19 att
528 1102 63 15 anses
606 1095 24 22 af
643 1096 40 21 den
698 1095 155 28 beskaffenhet,

95 1132 34 20 att
150 1131 8 21 i
179 1131 43 22 mäl
236 1131 92 22 rörande
344 1131 48 21 dem
408 1131 122 27 ersättning
545 1131 23 21 af
581 1131 106 21 allmänna
701 1131 70 22 medel
785 1131 68 21 borde

95 1165 23 22 ät
139 1166 83 21 vittnen
243 1165 147 27 tillerkännas,
413 1167 57 20 samt
491 1165 37 22 det
545 1165 146 22 förstnämnda
707 1165 84 22 ständet
806 1165 47 22 der-

92 1199 66 28 jemte
173 1200 28 27 pä
216 1201 36 21 det
261 1199 233 28 ersättningsbeloppet
503 1199 70 22 skulle
584 1200 109 21 nedsättas
703 1199 55 22 ifrän
769 1200 11 21 1
791 1199 62 23 mark

94 1233 29 22 50
137 1235 66 26 penni
217 1234 33 22 till
267 1235 10 21 1
294 1234 67 21 mark.

162 1268 34 23 Dä
213 1269 90 22 sälunda
317 1270 78 21 tvenne
410 1269 64 22 ständ
490 1269 7 21 i
512 1269 93 21 nämnda
620 1268 54 28 syfte
689 1269 164 22 äterremitterat

94 1303 70 22 denna
185 1303 12 27 $
220 1303 39 22 och
279 1303 62 22 äfven
356 1303 107 22 utskottet
479 1303 69 22 finner
563 1303 47 22 skäl
624 1303 33 22 till
672 1305 31 20 ett
717 1303 78 22 sådant
808 1304 43 21 för-

93 1337 130 28 tydligande,
238 1338 109 27 föreligga,
369 1338 40 21 har
427 1338 108 22 utskottet
549 1338 7 21 i
572 1338 217 22 öfverensstämmelse
802 1338 49 22 här-

93 1372 49 22 med
166 1372 160 22 omformulerat
345 1372 40 28 $:n.
415 1373 83 22 Härvid
513 1373 40 22 har
567 1373 105 22 utskottet
686 1375 70 20 ansett
771 1375 32 20 att
818 1373 33 22 till

93 1407 81 22 sådana
192 1407 49 27 mål,
257 1408 7 21 i
278 1407 73 22 hvilka
366 1408 121 26 ersättning
503 1408 24 22 ät
541 1408 67 22 vittne
624 1407 23 22 af
660 1408 107 22 allmänna
781 1407 68 23 medel

162 1452 137 24 Lagutskottets
312 1452 117 18 betänkande
441 1458 31 12 n:o
484 1453 18 17 9.
