1048 1731
208 131 12 21 6
410 130 226 24 Motionsbetänkande
651 132 38 23 N:o
705 131 23 23 4.

442 501 244 29 Reservation.

250 569 37 21 Då
310 569 40 21 det
371 568 52 22 icke
446 569 61 21 varit
521 569 51 29 mig
586 569 93 29 möjligt
695 572 35 19 att
744 569 81 23 förena
839 569 50 29 mig
904 576 37 15 om

181 603 134 22 Utskottets
337 603 83 28 beslut,
437 603 104 22 anhåller
553 603 42 29 jag
610 606 36 19 att
660 603 25 22 få
700 604 129 28 framlägga
845 603 48 22 min
909 603 33 22 af-

181 637 103 22 vikande
300 637 67 29 åsigt.

251 672 58 21 Helt
331 672 78 21 säkert
431 672 65 27 skall,
516 671 70 22 äfven
602 679 37 14 om
655 672 160 28 föreliggande
830 672 111 21 motions-

181 706 89 28 förslag
285 705 143 29 godkännes,
444 706 116 28 qvinnans
574 706 141 22 inträdande
730 706 9 21 i
753 706 188 28 fattigvårdssty-

181 740 76 21 relsen
279 738 110 23 förblifva
411 739 176 29 undantagsfall
610 740 38 21 till
671 740 44 22 och
736 740 53 25 med
803 740 9 21 i
827 739 58 27 stad,
901 739 41 22 der

182 774 104 28 qvinnan
301 774 64 28 gjort
380 774 37 28 sig
431 774 120 28 förtrogen
566 774 54 21 med
632 774 245 29 fattigvårdsärender,
888 781 54 15 men

182 812 30 17 än
234 815 49 14 mer
298 808 31 28 på
343 808 87 28 landet,
447 808 40 21 der
501 808 257 29 fattigvårdsstyrelsen
773 812 56 18 nära
843 815 49 21 nog
908 808 34 21 öf-

181 842 86 21 verallt
289 842 101 28 utgjorts
411 842 26 22 af
449 842 261 22 kommunalnämnden.
740 842 47 22 För
801 842 142 28 undantags-

180 875 43 22 fall
239 876 42 21 bör
296 876 60 22 dock
371 876 52 22 icke
438 876 39 29 lag
493 876 83 22 stiftas.

250 910 84 21 Derest
355 910 122 22 Utskottet
499 910 74 22 likväl
595 918 42 14 var
660 909 150 29 öfvertygadt
832 917 37 15 om
884 910 58 22 nöd-

181 944 160 29 vändigheten
366 944 26 22 af
411 945 152 28 lagstiftning
583 945 9 21 i
608 945 102 26 ärendet,
726 944 59 22 hade
801 944 141 29 konseqven-

181 985 41 14 sen
237 978 91 22 fordrat
342 979 130 21 motionens
487 979 173 28 godkännande
675 978 104 28 sålunda,
791 980 34 20 att
840 978 102 29 qvinnan

180 1012 66 21 såväl
271 1019 49 15 som
343 1020 100 14 mannen
465 1013 61 22 varit
548 1013 96 29 skyldig
662 1015 35 20 att
711 1012 81 23 invald
807 1014 56 27 taga
877 1012 40 22 del
932 1013 9 21 i

180 1045 265 30 fattigvärdsstyrelsen.
475 1047 46 22 Till
546 1047 84 22 sakens
656 1047 99 22 fromma
779 1050 26 18 är
825 1047 52 21 icke
901 1046 40 22 det

181 1080 114 29 ädelmod,
319 1088 50 15 som
391 1081 90 22 fordrar
503 1083 35 20 att
560 1081 41 22 vid
620 1081 81 29 hvarje
717 1081 102 21 enskildt
833 1080 50 28 fall,
899 1081 42 21 der

180 1115 88 28 qvinna
294 1115 84 22 önskas
401 1116 36 22 till
459 1116 67 28 dylik
547 1115 141 29 befattning,
711 1115 88 22 hennes
821 1115 120 28 samtycke

180 1148 42 22 bör
237 1149 76 22 sökas.

249 1183 71 22 Hvad
335 1184 46 29 gift
396 1184 87 29 qvinna
501 1184 153 27 vidkommer,
670 1188 25 18 är
710 1184 88 21 hennes
813 1183 61 29 plats
889 1183 52 22 icke

179 1217 9 21 i
210 1217 261 30 fattigvårdsstyrelsen.
501 1219 42 21 Ett
565 1218 79 29 dylikt
661 1218 108 29 uppdrag
783 1217 75 22 skulle
875 1217 67 22 alltid

179 1251 72 22 binda
266 1252 77 22 henne
358 1253 37 22 för
410 1253 98 28 mycket.
526 1253 43 21 Om
584 1252 170 29 familjelifvets
767 1251 86 30 pligter
863 1251 79 22 lemna

179 1285 77 22 henne
271 1286 36 22 tid
322 1287 68 29 öfrig,
406 1287 42 22 har
462 1287 47 22 hon
524 1294 48 22 nog
588 1287 76 22 såsom
679 1286 86 22 hittills
779 1285 163 30 mångfaldiga

180 1319 72 22 andra
275 1321 113 29 lämpliga
410 1321 110 22 tillfällen
543 1324 35 19 att
596 1321 79 29 hjelpa
689 1319 143 23 nödlidande
847 1320 44 22 och
907 1327 35 14 ar-

178 1354 55 22 beta
255 1354 37 22 för
315 1355 67 23 deras
401 1356 46 22 väl.
476 1351 80 27 Äfven
571 1357 48 21 tror
631 1355 43 29 jag
689 1357 36 20 att
738 1354 180 29 bestämningen
933 1353 10 22 i

179 1388 235 24 Giftermälsbalkens
437 1392 12 20 9
472 1390 101 30 kapitels
598 1393 9 19 1
633 1391 12 28 8
662 1390 48 22 kan
732 1389 57 22 råka
808 1389 9 21 i
832 1388 111 22 kollision

178 1422 54 23 med
255 1426 35 19 ett
312 1424 78 28 dylikt
405 1424 105 30 uppdrag
525 1425 9 21 i
548 1423 265 30 fattigvärdsstyrelsen.
844 1422 99 22 Derföre

178 1457 73 29 vågar
264 1457 43 29 jag
322 1461 117 19 vördsamt
453 1458 87 23 föreslå

248 1497 190 19 Fkonomiutskottets
451 1498 117 18 betänkande
580 1500 36 18 N:o
629 1499 17 18 6.
