1048 1731
240 175 26 20 10
441 172 211 24 Petitionsbetänkande
668 173 34 23 N:o
719 171 34 24 37.

210 243 41 21 gar
267 243 29 14 en
312 235 126 29 afgörande
453 235 127 28 betydelse.
610 235 91 22 Endast
716 235 29 29 på
765 235 77 22 denna
857 239 46 26 väg
925 236 46 22 kan

210 273 15 18 t.
243 277 33 14 ex.
293 277 29 14 en
345 269 142 22 allmännare
503 269 158 28 öfvertygelse
683 269 89 29 spridas
788 277 37 14 om
848 270 77 22 vådan
947 270 27 22 af

210 304 149 29 rusdryckers
375 303 116 22 missbruk
514 303 56 22 eller
586 303 26 22 af
625 303 71 29 späda
719 304 68 22 barns
811 303 160 30 oförståndiga

210 338 149 29 uppfödande
382 338 43 22 och
441 338 93 26 skötsel,
557 345 49 14 som
621 338 8 21 i
646 339 25 20 så
693 338 47 29 hög
762 338 57 29 grad
839 339 77 21 bidrar
935 339 36 21 till

212 373 43 21 den
269 372 170 29 jämförelsevis
452 371 134 30 betydande
601 372 150 29 dödligheten
768 373 71 22 bland
855 373 116 22 desamma

210 407 9 21 i
234 407 52 22 vårt
300 407 62 22 land.

280 441 47 22 Det
342 441 64 22 torde
421 441 117 29 knappast
553 441 101 22 behöfva
668 441 135 22 framhållas
819 445 35 18 att
869 443 103 28 spridan-

212 476 39 21 det
267 476 25 21 af
305 476 106 29 kunskap
427 476 8 21 i
450 476 118 28 hygienen
584 478 86 26 ytterst
685 476 42 22 bör
741 477 57 28 utgå
803 477 63 31 från
881 477 90 22 landets

212 510 113 29 högskola
341 511 43 21 och
399 514 36 18 att
449 510 200 30 undervisningen
664 511 8 21 i
691 514 78 18 ämnet
786 512 129 28 ingalunda
937 513 34 21 så-

214 552 46 14 som
277 545 116 21 härintills
408 545 43 21 bör
466 544 110 22 förblifva
592 552 29 14 en
637 546 71 21 bisak.
720 546 165 28 undanskymd
900 546 25 22 af
933 554 38 14 an-

214 579 40 22 åra
277 579 138 29 discipliner.
447 579 49 21 Hos
511 579 104 27 läkarne,
638 579 80 22 hvilka
733 580 27 29 ju
775 580 8 21 i
799 580 97 23 främsta
912 589 60 14 rum-

213 617 47 18 met
268 614 141 21 tillkommer
417 617 35 18 att
462 613 71 22 hafva
541 614 96 28 uppsigt
645 614 65 22 öfver
717 614 46 22 den
771 615 118 22 allmänna
899 616 74 22 helso-

213 648 93 25 vården,
323 648 40 21 bör
378 648 150 28 naturligtvis
546 648 45 21 den
615 648 160 29 grundligaste
800 650 148 30 sakkunskap
964 651 9 21 i

214 686 77 18 ämnet
306 682 131 22 förefinnas.
468 682 37 22 En
520 682 96 22 lärostol
632 682 40 22 vid
686 683 164 22 universitetet
865 685 52 21 med
932 685 41 29 hy-

214 717 84 29 gienen
314 717 74 21 såsom
403 717 149 21 uteslutande
568 716 56 22 eller
640 717 140 22 åtminstone
796 718 177 30 hufvudsakligt

214 752 253 21 verksamhetsområde
493 751 43 21 och
566 751 169 29 obligatoriska
764 752 174 30 kunskapsprof
964 754 8 22 i

215 786 76 22 denna
301 786 127 28 vetenskap
439 786 37 21 för
484 786 46 21 alla
538 786 86 27 läkare,
635 794 48 14 som
692 794 55 14 vare
759 787 36 29 sig
803 787 7 21 i
819 790 87 19 statens
917 788 56 22 eller

214 822 153 20 kommunens
375 820 72 29 tjenst
457 820 114 22 ombetros
578 820 165 22 helsovårdens
752 821 171 23 öfvervakande
930 823 42 21 och

215 854 135 30 främjande,
366 855 73 21 måste
456 854 69 22 alltså
539 855 130 28 uppställas
685 856 75 21 såsom
776 858 35 19 ett
821 856 152 28 grundvilkor

215 890 36 22 för
267 890 39 21 det
321 889 96 22 afsedda
432 889 82 22 målets
530 889 96 21 nående.
643 902 27 3 —
685 890 84 21 Denna
784 890 101 29 sanning
901 894 24 18 är
940 898 33 15 er-

215 924 62 22 känd
293 924 8 21 i
317 924 45 21 alla
377 924 105 28 Europas
497 923 88 28 länder,
602 924 43 21 och
661 931 53 14 man
725 924 75 21 finner
813 924 161 25 läroanstalter

215 960 8 21 i
239 959 86 28 hygien
342 958 115 22 inrättade
474 958 55 21 eller
544 959 30 28 på
589 962 47 25 väg
652 961 34 18 att
700 959 99 21 inrättas
815 959 40 22 vid
870 959 28 22 de
909 960 65 22 flesta

215 993 144 22 universitet.
390 993 87 28 Sverge
496 993 42 21 har
560 993 40 21 vid
615 993 41 21 sitt
672 993 137 22 Carolinska
831 993 93 22 institut
946 1003 28 14 en

216 1028 115 21 ordinarie
346 1027 136 29 profession,
502 1027 43 22 och
560 1027 118 28 Ryssland
688 1027 40 22 vid
739 1027 107 30 samtlige
857 1029 116 28 rysksprå-

217 1063 54 28 kiga
281 1062 140 21 universitet
428 1061 88 29 jämväl
528 1061 116 22 ordinarie
655 1062 156 28 professioner
821 1063 8 20 i
841 1062 63 23 detta
915 1063 58 22 fack.

287 1097 154 28 Synnerligen
457 1096 147 29 nödvändigt
619 1103 67 14 anser
703 1096 115 22 utskottet
841 1097 78 22 vidare
941 1101 34 19 att

216 1131 169 28 undervisning
400 1131 8 21 i
424 1130 152 22 förevarande
592 1134 68 18 änine
675 1131 69 21 äfven
761 1131 147 22 meddelades
918 1132 8 21 i
937 1133 39 22 det

216 1165 166 30 polytekniska
406 1165 119 21 institutet
548 1167 60 19 samt
630 1165 96 29 inginge
749 1165 8 22 i
781 1165 135 29 läroplanen
941 1167 35 22 för

217 1201 56 21 våra
297 1199 118 22 blifvande
439 1199 113 27 tekniker,
572 1199 111 22 särskildt
701 1201 30 27 på
747 1200 171 22 arkitekturens
934 1202 42 21 och

217 1234 298 29 ingeniörs-vetenskapens
540 1233 100 22 område.
677 1234 46 21 Det
745 1234 76 29 ligger
844 1234 36 22 för
902 1239 74 26 öppen

218 1269 45 28 dag
279 1272 36 19 att
329 1268 131 22 kännedom
477 1269 26 21 af
514 1269 130 28 hygienens
660 1268 61 22 läror
732 1269 43 21 och
785 1269 132 29 fordringer
927 1270 50 22 icke

218 1303 23 21 få
257 1303 72 22 brista
344 1303 30 28 på
390 1303 66 21 dessa
473 1303 115 26 områden,
605 1302 41 22 der
662 1302 65 22 deras
744 1303 150 29 tillämpning
909 1304 6 21 i
935 1305 42 21 tal-

218 1338 51 21 rika
279 1337 132 22 hänseende
422 1337 105 28 påkallas
544 1337 42 22 och
603 1337 41 21 der
654 1337 66 21 deras
732 1337 173 22 åsidosättande
916 1339 61 22 med-

218 1371 36 23 för
270 1375 62 18 stora
348 1371 73 22 vådor
437 1371 44 22 och
496 1372 49 22 ofta
560 1371 113 29 ohjelplig
689 1371 78 22 skada.

287 1406 81 22 Såsom
383 1406 117 22 utskottet
521 1406 73 21 redan
616 1406 85 28 antydt
719 1406 74 21 måste
816 1406 70 22 äfven
908 1407 70 22 bland

218 1440 157 22 allmänheten
391 1440 59 29 sjelf.
467 1440 36 22 till
518 1440 69 22 hvars
602 1448 63 20 gagn
680 1440 166 22 helsovårdens
862 1440 117 24 föreskrif-

218 1478 36 18 ter
270 1475 65 21 skola
351 1475 125 28 tillämpas,
500 1482 28 14 en
544 1477 47 19 rätt
606 1474 155 29 uppfattning
784 1474 27 22 af
825 1475 67 21 deras
914 1476 64 29 bety-

288 1515 103 17 Allmänna
405 1514 177 18 Besvärsutskottets
596 1514 115 19 betänkande
724 1515 11 17 N
753 1520 7 12 o
776 1515 29 17 31.
