1048 1731
269 138 13 20 4
467 136 183 24 Pettonsbetänknde
666 135 33 24 N:o
716 135 39 24 38.

234 202 18 23 ej
276 201 65 24 nägon
363 201 218 24 förvaltningskostnad
596 201 127 19 förekomma.
752 201 42 24 Mig
810 206 57 19 synes
882 201 64 24 nägon
962 201 31 19 sä-

234 230 39 19 dan
296 230 141 24 tvängsätgärd
459 236 48 13 vara
530 229 140 24 oundvikligen
692 229 119 24 nödvändig,
827 231 21 23 ty
862 235 45 14 man
922 229 37 19 har
973 229 18 24 ej

235 258 30 19 tid
281 260 30 18 att
326 260 65 22 vänta,
407 259 31 18 till
454 259 45 19 dess
515 259 38 18 den
571 258 97 19 obesutna
682 257 141 24 befolkningen
838 258 7 19 i
860 258 61 24 nägra
935 257 56 20 land-

235 287 49 24 skap
300 287 31 19 lär
346 287 30 24 sig
391 287 129 24 sparsamhet.
542 287 10 19 I
567 287 90 19 utlandet
672 288 51 17 växa
737 287 58 19 dessa
811 286 180 25 sparbanksinsätt-

233 315 82 25 ningars
337 315 73 25 belopp
433 316 45 19 med
500 315 68 25 hvarje
590 315 29 20 är.
649 309 29 25 Är
701 314 55 20 1845
775 315 83 19 insattes
872 315 7 19 i
894 315 97 19 Preussen

235 343 40 25 4,66
297 344 92 25 miljoner
411 344 78 23 Thaler,
512 344 23 19 år
553 343 55 20 1850
624 343 38 24 7,4
679 343 36 20 och
731 343 55 20 1854
803 343 52 26 11,58
870 343 99 25 miljoner;
984 343 7 19 i

234 372 89 20 Sachsen
346 372 55 21 1845
419 372 40 24 0,82
475 373 97 24 miljoner,
589 371 55 20 1850
660 371 38 24 1,90
714 372 38 19 och
767 371 56 20 1854
839 371 46 24 3,51.
913 372 10 19 I
938 371 53 25 Eng-

234 401 59 20 lands
304 401 123 24 sparbanker
437 402 83 19 insattes
532 401 136 24 förnämligast
678 400 21 20 af
713 401 38 19 den
766 400 71 25 fattiga
851 401 140 24 befolkningen

233 430 24 19 är
282 429 55 20 1878
361 429 61 24 1,867
441 430 93 24 miljoner
548 429 62 24 mark,
625 430 7 18 i
647 429 108 20 Preussens
771 429 123 24 sparbanker
908 430 83 19 insattes

235 457 70 26 1,730,
329 459 5 18 i
353 459 122 19 Frankrikes
493 457 67 26 1,016,
576 459 7 18 i
598 458 82 19 Italiens
697 457 48 24 747,
760 458 7 19 i
782 458 77 24 Norges
875 457 42 20 530
932 458 37 19 och
984 459 6 18 i

234 487 92 24 Sveriges
349 486 41 19 179
412 487 97 25 miljoner.
541 487 31 19 Dä
594 486 151 20 arbetslönerna
766 487 36 19 hos
825 492 32 14 oss
872 487 68 19 tidtals
955 489 34 17 äro

233 516 124 23 någorlunda
379 516 58 24 höga,
459 522 44 13 men
526 516 104 19 arbetaren
653 515 118 20 åtminstone
794 516 6 18 i
822 515 61 25 några
901 515 55 20 delar
971 515 22 19 af

233 544 70 20 landet
317 544 96 20 förslösar
427 544 31 20 till
474 544 130 24 onödigheter
619 544 37 20 och
671 544 83 20 bränvin
769 544 37 20 allt
815 544 52 20 hvad
877 544 38 19 han
926 544 63 20 skulle

233 572 69 20 kunna
321 578 66 19 spara,
411 574 22 18 sä
455 576 22 16 är
495 574 34 18 det
544 573 30 19 till
589 578 50 18 gagn
654 572 31 20 för
700 573 71 19 honom
787 572 47 25 sjelf
847 573 38 19 och
899 572 31 20 för
944 572 46 20 hela

233 600 71 25 folket,
320 604 29 17 att
364 602 38 19 han
417 602 77 24 tvingas
511 604 29 16 att
555 607 60 19 spara
630 601 20 19 ät
665 602 30 23 sig
709 602 61 23 nägot
785 602 37 19 och
836 602 82 18 sälunda
929 602 60 18 samla

233 630 32 20 för
280 630 116 20 kommande
419 631 67 23 dagar,
502 632 36 17 när
553 630 38 19 han
607 630 34 19 vill
657 630 76 24 grunda
748 630 67 24 familj,
831 630 53 24 köpa
899 632 56 22 stuga
970 635 18 13 o.

233 664 16 14 s.
273 665 18 13 v.
321 658 38 25 Jag
383 659 60 24 vågar
463 658 67 20 derför
544 658 80 24 föreslå,
640 661 30 17 att
685 658 122 24 högvördiga
821 658 146 25 presteständet
982 659 7 18 i

232 686 92 26 förening
345 688 45 19 med
408 688 25 19 de
448 687 64 24 öfriga
528 688 82 19 ständen
626 687 59 19 mätte
702 688 63 18 vända
781 688 29 23 sig
825 687 31 19 till
871 687 54 19 Hans
941 686 48 26 Kej-

233 716 74 24 serliga
321 716 95 24 Majestät
431 716 44 19 med
491 716 122 24 underdänig
628 716 91 24 petition,

438 785 32 19 att
492 782 65 22 Hans
576 782 125 28 Kejserliga
717 782 104 28 Majestät
836 783 48 21 ville
899 783 88 29 vidtaga

369 812 86 20 sädana
479 812 103 28 ätgärder
599 814 31 18 att
646 812 35 20 till
692 811 190 28 förstkommande
897 812 90 28 landtag

369 847 26 14 en
407 840 137 28 förordning
559 840 65 20 mätte
636 840 130 28 föreläggas
781 840 125 26 ständerna,
922 841 66 28 enligt

369 868 86 22 hvilken
470 876 26 14 en
512 869 265 27 besparningsinsättning
793 869 30 27 af
835 870 35 20 lön
885 870 51 20 eller
951 877 36 13 ar-

369 897 149 28 betsförtjenst
541 897 69 27 blefve
632 897 141 28 obligatorisk
795 898 42 27 för
862 898 124 28 tjenstefolk

369 926 39 21 och
424 926 71 21 andra
511 926 36 21 vid
561 926 74 28 sågar,
650 926 93 28 grufvor
757 926 40 21 och
808 926 71 21 andra
886 926 100 29 fabriks-

369 955 151 28 inrättningar
535 955 125 28 sysselsatta
675 955 72 28 ogifta
763 955 103 21 arbetare.

300 1024 124 25 Helsingfors
441 1025 39 19 den
495 1025 13 19 4
523 1025 96 19 Februari
636 1024 61 20 1888.

683 1089 84 20 Gustaf
776 1089 140 26 Johansson.

385 1259 52 19 Till
451 1259 142 24 Vällofliga
607 1260 222 23 Borgareständet,

299 1316 9 19 I
327 1316 24 19 de
366 1315 57 20 flesta
438 1316 137 20 kulturländer
590 1316 37 19 har
642 1322 44 13 man
701 1317 26 24 på
743 1322 70 14 senare
828 1316 52 19 tider
895 1315 43 20 från
953 1321 30 14 re-

231 1344 127 24 geringarnas
375 1345 36 19 och
427 1344 260 25 folkrepresentationernas
703 1345 43 19 sida
761 1345 84 24 vidtagit
855 1345 92 23 åtgärder
955 1345 30 19 till

230 1373 139 19 förbättrande
384 1373 21 19 af
419 1373 127 20 arbetarenas
562 1374 98 23 ställning.
683 1373 44 20 Den
743 1373 131 25 öfvertygelse
889 1373 36 19 har
940 1373 45 20 allt-

229 1407 43 14 mer
295 1402 77 23 stadgat
395 1402 35 24 sig,
451 1404 29 17 att
495 1402 104 20 arbetaren
616 1403 17 23 ej
649 1403 44 19 med
709 1408 50 18 egna
774 1402 76 20 krafter
865 1402 39 19 kan
919 1402 65 20 åstad-

230 1430 78 20 komma
323 1430 64 24 någon
403 1431 89 19 verksam
507 1430 115 25 förändring
638 1432 6 18 i
660 1432 29 18 sin
705 1431 124 25 belägenhet,
844 1436 44 14 men
903 1432 29 18 att
940 1431 44 19 der-

298 1468 200 18 Ekonomiutskottets
510 1468 121 19 betänkande
644 1469 34 18 N:o
692 1470 27 17 18.
