1048 1731
198 132 14 21 2
359 131 271 22 Petitionsbetänkande
646 132 40 21 N:o
701 132 36 23 27.

170 201 77 20 heten.
279 199 82 21 Denna
376 199 233 27 fruntimmersskola,
626 207 48 14 som
685 207 85 21 genom
781 201 34 20 ett
824 199 103 28 verkligt

169 228 74 22 behof
262 228 108 28 uppstått
393 228 8 21 i
422 227 91 22 landets
536 227 74 22 andra
625 228 58 26 stad,
700 228 104 21 befinner
819 228 36 29 sig
869 228 9 21 i
893 230 34 19 ett

169 256 110 22 tillstånd
297 257 27 20 af
335 256 131 28 fattigdom,
483 256 91 21 hvilket
590 256 69 29 djupt
674 257 64 21 sårar
752 257 175 21 nationalkäns-

169 286 39 21 lan
223 285 76 21 under
315 292 29 13 en
359 285 42 25 tid,
417 285 30 21 då
461 285 233 21 bildningsbehofvet
708 285 72 22 bland
795 285 46 22 den
851 285 76 22 finska

169 313 171 28 befolkningen
363 313 9 21 i
417 313 30 22 Åbo
467 313 52 21 stad
535 320 27 15 och
595 313 52 22 dess
663 314 94 28 omnejd
773 313 90 29 altjemt
878 317 25 18 är
918 313 9 22 i

170 342 107 29 stigande
301 341 44 22 och
368 341 30 22 då
422 342 35 21 för
495 341 29 22 Åbo
540 342 100 21 svenska
655 342 226 22 fruntimmersskola
895 343 31 28 på

170 373 88 19 statens
281 370 131 22 bekostnad
436 370 111 29 uppföres
563 372 35 19 ett
613 371 94 28 ståtligt
721 371 103 22 stenhus.
855 371 72 21 Detta

169 399 205 22 missförhållande
390 402 25 18 är
430 399 66 21 desto
511 399 147 21 kännbarare
674 407 49 14 som
734 401 79 20 ortens
821 399 105 22 obemed-

169 428 59 26 lade,
244 427 76 22 finska
340 427 95 22 talande
452 427 144 28 befolkning,
613 429 65 20 utom
693 428 46 21 den
755 428 70 21 ofvan
840 428 85 21 nämda

168 457 36 21 för
219 456 245 21 fruntimmersskolan
478 456 129 21 insamlade
623 463 111 21 summan,
751 457 74 21 under
835 457 28 21 de
872 457 54 20 sist-

168 485 111 22 förflutna
302 485 56 21 åren
377 485 70 20 äfven
463 484 101 28 nödgats
578 484 154 30 understödja
747 485 76 22 finska
837 485 88 29 privat-

168 514 77 28 lyceet
260 514 9 20 i
283 507 49 28 Åbo
348 513 54 21 med
417 514 66 21 öfver
497 513 139 28 tjugutusen
652 514 72 22 mark.

237 543 48 27 Jag
303 542 88 21 uttalar
405 542 146 21 vidsträckta
566 542 102 22 kretsars
683 544 116 20 varmaste
815 542 110 22 önsknin-

168 578 48 21 gar,
239 571 30 21 då
289 570 42 28 jag
346 570 134 29 ödmjukast
499 570 112 24 anhåller,
628 573 34 19 att
677 570 146 29 högvördiga
838 572 87 27 preste-

168 599 94 21 ståndet
284 599 57 21 ville
364 599 81 21 förena
463 599 36 28 sig
522 606 37 14 om
582 601 34 19 ett
630 599 160 29 underdånigt
804 599 121 29 petitions-

168 628 87 28 förslag
271 628 96 27 derhän,

342 686 33 20 att
399 686 72 20 staten
493 684 45 22 helt
559 684 37 22 och
619 684 67 22 hållet
707 684 106 29 öfvertoge
831 685 90 27 privata

305 713 72 27 finska
392 713 230 27 fruntimmersskolan
638 714 8 20 i
663 708 53 27 Åbo.

236 764 157 29 Helsingfors,
409 764 46 22 den
470 766 25 20 27
511 764 100 22 Januari
628 765 61 21 1888.

668 828 62 22 Frans
747 828 107 22 Nordlund.

166 999 39 17 11.

235 1045 160 27 (Öfversättning.)

291 1105 59 22 Till
372 1105 185 30 Högvördiga
579 1104 227 23 Presteständet.

233 1168 44 22 Om
291 1169 79 27 någon
385 1168 38 21 del
439 1168 26 21 af
478 1169 52 21 vårt
544 1168 56 21 land
616 1168 47 21 fått
678 1168 77 21 erfara
770 1166 119 22 saknaden
897 1167 26 21 af

162 1197 306 27 undervisningsanstalter,
500 1201 25 17 är
557 1197 66 21 detta
647 1196 68 21 fallet
737 1195 54 22 med
812 1195 107 22 Karelen.

163 1225 98 22 Oafsedt
281 1204 104 49 Wiborg,
402 1225 69 22 hvars
487 1225 149 22 skoldistrikt
652 1225 111 21 omfattar
778 1223 83 22 endast
876 1223 45 22 den

162 1254 131 29 sydligaste
308 1253 44 22 och
367 1253 90 22 säledes
471 1254 87 21 minsta
572 1254 69 21 delen
657 1253 26 22 af
695 1253 66 22 detta
775 1252 146 22 vidsträckta

161 1283 124 28 landskap,
307 1283 52 20 fans
375 1282 8 21 i
398 1282 54 22 hela
466 1289 69 14 norra
551 1282 44 21 och
610 1282 117 21 mellersta
742 1281 103 21 Karelen
861 1281 60 21 ända

160 1311 39 22 till
222 1312 24 21 är
271 1311 54 22 1857
347 1311 52 20 icke
417 1318 30 14 en
462 1310 173 29 tillstymmelse
650 1311 39 20 till
704 1309 116 22 läroverk.
850 1309 70 22 Först

160 1347 57 21 nyss
232 1339 86 22 nämda
333 1339 26 21 är
377 1339 126 22 inrättades
518 1339 9 22 1
542 1339 107 22 Joensuu
664 1346 29 14 en
703 1339 66 46 lägre
785 1338 135 21 elementar-

359 1367 101 14 dormera
480 1368 139 16 utvidgades
635 1367 35 17 till
687 1366 126 30 4-klassigt
828 1366 92 29 lyceum

173 1369 50 9 Vala
261 1375 46 4 öv
333 1375 22 5 (AR

160 1378 74 18 skola,
260 1380 50 10 SOM
333 1380 130 10 SCuormora
482 1383 137 7 utvidgades
637 1385 36 4 fil
711 1386 17 3 4-k.

161 1397 44 22 och
229 1404 34 14 nu
285 1396 10 22 i
317 1396 52 22 stöd
384 1396 27 22 af
424 1397 56 22 1885
495 1397 36 22 års
547 1396 175 22 ständerbeslut
737 1395 44 22 har
794 1396 76 28 utsigt
885 1396 35 20 att

159 1426 139 28 ytterligare
313 1425 112 28 utvidgas
440 1425 38 21 till
491 1428 35 18 ett
540 1425 151 28 fullständigt
707 1424 116 22 läroverk.

228 1465 101 17 Allmänna
347 1464 174 19 Besvärsutskottets
532 1465 110 18 betänkande
656 1464 34 18 N:o
703 1465 32 17 22.
