1048 1731
227 131 59 29 £10
434 131 242 25 Petitionsbetänkande
691 131 39 25 N:o
745 131 40 24 30.

228 196 67 24 dragit
319 195 30 20 till
372 196 30 25 sig
417 196 38 20 den
470 199 64 18 mesta
548 196 125 25 förtjensten,
689 196 22 20 sä
727 198 30 18 att
772 196 25 19 de
812 196 7 19 i
834 195 88 25 skeppen
937 197 53 18 ännu

227 223 104 25 befintliga
353 224 126 25 kapitalerna
501 225 123 24 småningom
646 225 109 26 försvinna,
778 225 7 18 i
800 225 74 19 samma
888 223 44 20 män
947 229 43 14 som

229 253 25 20 de
276 253 128 20 äterstäende
425 253 92 26 fartygen
539 254 55 24 tjena
609 255 23 18 ut
646 254 30 19 sin
691 254 37 23 tid,
744 253 38 20 och
796 253 63 24 nägra
873 258 38 19 nya
926 251 63 26 skepp

228 281 37 20 har
287 287 46 14 man
355 282 18 24 ej
396 282 107 25 tillgängar
523 285 31 17 att
574 282 66 25 bygga
661 281 38 21 och
721 282 50 20 bära
793 282 30 24 sig
841 282 18 23 ej
875 283 29 18 att
917 281 72 24 bygga.

229 310 60 20 Snart
311 312 24 18 är
356 310 84 21 sälunda
454 311 92 20 traktens
560 310 44 21 förr
618 311 23 20 sä
655 309 62 26 lifliga
731 309 96 22 fraktfart
841 307 147 27 tillintetgjord.

229 338 101 25 Derjemte
352 339 37 20 har
411 339 38 20 den
473 340 137 23 obegränsade
632 339 155 20 arbetsfriheten
807 339 90 24 skingrat
911 338 76 20 arbets-

229 367 104 20 krafterna
355 367 46 20 bort
422 368 45 20 frän
489 369 39 19 den
550 368 43 20 lilla
605 368 126 25 jordremsan
747 368 31 19 till
794 367 25 20 de
833 369 65 18 större
913 367 76 20 arbets-

229 395 154 25 marknaderna,
405 396 88 21 derifrän
515 397 71 24 många
608 397 111 20 återvända
738 396 147 25 skeppsbrutne
899 396 44 24 ,till
958 395 31 20 sin

229 424 68 20 faders
319 424 80 27 sköte'',
421 431 44 14 men
488 425 71 20 endast
581 425 21 20 få
621 425 22 20 af
656 425 44 20 dem
715 428 36 17 äro
767 425 27 20 dä
808 427 53 18 ännu
875 423 113 22 arbetsföra

231 453 50 20 eller
302 453 49 24 vilja
372 454 76 24 arbeta,
464 453 80 21 hvarför
559 454 25 19 de
599 453 49 21 falla
662 453 134 25 fattigvården
811 453 31 20 till
856 453 45 21 last.
930 453 59 20 Fort-

230 482 36 24 gär
281 482 34 19 det
329 482 8 19 i
352 482 65 20 denna
431 483 95 24 riktning,
541 483 59 20 torde
615 483 123 24 tredjedelen
749 482 22 20 af
779 482 39 20 den
829 481 160 20 mantalsskrifna

229 510 143 24 befolkningen
392 511 83 21 sälunda
490 518 48 14 vara
553 511 115 25 oförmögen
683 514 31 18 att
729 511 48 21 föda
792 511 30 24 sig
837 510 76 26 sjelfva.
942 510 47 20 Men

229 539 58 19 hvem
302 539 52 20 skall
368 539 48 21 föda
431 540 56 20 dem?
507 540 107 20 Dessutom
628 540 38 20 har
679 540 46 20 värt
735 541 136 24 jernvägsnät,
887 544 42 15 som
944 539 45 19 allt-

229 568 50 24 jemt
294 568 97 24 utvidgas,
405 569 63 20 redan
483 568 73 21 försatt
570 574 24 14 en
610 571 43 18 stor
667 569 32 19 del
715 568 22 20 af
751 569 35 19 det
800 569 43 19 inre
854 568 74 23 landet,
938 567 52 20 hvad

231 596 96 20 beträffar
348 597 277 25 landtmannaprodukternas
644 600 104 22 transport
767 597 32 20 till
813 598 30 18 in-
859 597 37 20 och
910 596 79 20 utländ-

231 624 38 20 ska
283 625 167 25 handelsplatser,
475 627 6 19 i
497 632 24 14 en
538 626 78 24 mycket
630 626 141 24 förmänligare
787 626 93 24 ställning
895 627 24 18 än
934 624 56 20 kust-

231 654 104 20 trakterna
351 654 37 20 och
403 654 129 27 skärgärden,
548 655 22 19 sä
586 657 30 17 att
630 655 45 20 dess
691 655 55 20 förut
761 654 61 20 dolda
836 654 113 20 rikedomar
962 659 28 14 nu

231 682 78 20 komma
324 682 31 20 till
369 683 131 25 användning.

301 711 71 20 Denna
386 712 84 24 ändring
485 712 21 20 af
520 712 151 20 förhällandena
685 712 38 20 har
738 711 43 20 haft
795 712 31 19 till
840 710 86 24 naturlig
934 710 56 24 följd,

231 740 48 19 atti
293 740 116 20 nuvarande
424 741 29 19 tid
469 741 38 19 den
522 740 130 20 ekonomiska
668 741 120 23 ställningen
803 740 7 20 i
825 740 104 24 Egentliga
943 739 47 19 Fin-

232 768 58 20 lands
306 768 97 25 skärgård
418 770 37 19 och
470 770 125 19 kusttrakter
609 769 23 20 är
647 769 44 20 från
706 770 23 20 år
744 769 69 24 börjar
827 768 62 20 blifva
904 768 36 20 allt
948 767 43 20 svä-

232 802 45 14 rare
293 797 37 20 och
349 797 143 25 betänkligare,
515 798 25 20 dä
555 798 39 20 den
609 797 31 21 till
655 798 67 24 odling
737 798 83 24 tjenliga
832 797 71 25 jorden
919 796 35 20 der
968 798 23 17 är

233 825 23 20 sä
277 828 74 22 ytterst
372 826 56 24 liten,
451 828 30 19 att
502 827 34 19 det
550 826 23 20 af
588 827 46 19 dess
650 826 123 26 afkastning,
789 826 25 20 dä
829 826 39 20 alla
883 824 64 25 öfriga
961 825 29 19 in-

232 854 133 20 komstkällor
380 854 91 27 försinat,
493 858 23 17 är
534 855 83 20 alldeles
633 856 90 24 omöjligt
737 857 32 18 att
783 855 67 19 betala
865 854 24 20 de
904 854 26 24 pä
945 853 46 20 tidi-

233 888 48 18 gare
296 882 139 21 förhållanden
451 884 101 24 grundade
568 884 137 24 utskylderna.
721 883 186 21 Hand
783 878 12 35 i
803 883 51 21 hand
864 878 36 35 med
918 884 29 18 ett
956 882 35 24 dy-

232 911 40 19 likt
286 911 127 21 ekonomiskt
427 912 90 25 förtryck
531 912 36 24 går
582 912 99 25 sjelffallet
696 912 59 20 äfven
771 912 68 24 andlig
848 911 143 25 förslappning.

233 940 44 20 Den
300 941 124 20 närvarande
443 942 149 23 generationen,
612 947 42 14 som
670 944 53 17 ännu
738 941 38 20 har
790 941 61 24 något
865 946 48 19 qvar
928 939 21 20 af
962 938 29 21 fä-

233 969 60 20 drens
316 969 51 20 både
389 969 129 21 ekonomiska
540 970 38 20 och
600 970 107 20 moraliska
729 969 33 21 arf
783 972 30 18 att
827 970 63 24 bygga
904 969 32 24 på,
952 968 39 20 kan

233 997 94 25 möjligen
342 1003 70 19 genom
427 999 139 25 uppbjudande
581 999 23 20 af
617 999 39 20 alla
672 999 43 20 sina
730 998 79 21 krafter
823 998 53 20 hålla
891 998 29 23 sig
930 1002 61 19 uppe;

233 1031 45 15 men
301 1032 31 15 om
354 1033 24 14 en
394 1027 113 25 utveckling
521 1027 38 20 och
574 1027 103 20 förkofran
693 1027 95 26 parallelt
802 1027 45 20 med
861 1026 62 20 andra
937 1025 54 20 trak-

233 1057 33 18 ter
288 1055 39 20 kan
351 1056 33 19 det
406 1057 19 23 ej
445 1062 34 14 ens
494 1062 48 14 vara
556 1057 60 24 hopp,
639 1057 88 19 hvarken
743 1056 8 19 i
766 1055 100 20 materielt
881 1055 48 19 eller
944 1055 47 19 and-

233 1084 37 24 ligt
285 1084 120 24 hänseende,
421 1086 48 19 utan
484 1085 51 20 skall
550 1085 65 20 denna
629 1085 54 24 nejd,
698 1085 31 20 till
745 1084 130 24 oberäknelig
889 1083 62 20 skada
961 1083 31 20 för

233 1112 47 20 hela
295 1113 74 24 landet,
385 1113 52 20 efter
452 1116 29 17 ett
494 1119 37 19 par
545 1114 140 24 generationer
699 1119 50 15 vara
758 1113 52 20 både
820 1112 125 21 ekonomiskt
955 1111 37 21 och

235 1141 76 24 andligt
326 1141 26 25 på
367 1141 74 21 förfall.

303 1170 41 19 För
359 1172 30 18 att
404 1170 125 25 fallständigt
543 1171 69 24 belysa
627 1170 154 21 förhållandena
796 1170 34 20 vill
843 1171 34 23 jag
892 1169 36 20 här
939 1169 54 20 med-

235 1199 46 20 dela
295 1199 88 24 följande
398 1199 100 25 uppgifter
513 1205 31 14 om
559 1199 80 25 mantal,
655 1200 54 19 areal
725 1199 38 20 och
778 1199 133 23 beskattning,
927 1197 66 21 hvilka

232 1227 35 24 jag
292 1228 62 19 redan
379 1227 55 21 förra
458 1228 75 24 gången
555 1228 91 23 anförde,
668 1228 44 20 från
735 1227 205 26 uppbördsböckerna
963 1226 31 20 för

234 1255 84 21 Wehmo
341 1256 82 24 socken,
445 1257 44 20 med
507 1257 67 24 tillägg
589 1256 22 21 af
624 1257 62 24 några
701 1256 102 25 uppgifter
818 1256 45 19 litet
877 1255 62 20 under
954 1261 39 14 me-

235 1284 85 21 deltalet
334 1284 31 20 för
380 1285 84 20 Rimito:

446 1314 76 37 Mantal.
552 1317 76 18 Skatte-
640 1317 104 18 Tunnland
768 1317 102 18 Tunnland
887 1316 102 18 Tunnland

562 1337 59 31 rubel.
666 1337 57 31 åker.
800 1343 45 20 äng.
909 1339 57 18 areal.

235 1370 92 20 Kaimost
341 1370 26 26 by
487 1370 28 28 VÄ
586 1371 27 20 45
687 1371 26 21 15
804 1371 27 20 51
918 1369 40 21 211

235 1398 85 26 Kaipais
350 1414 13 11 ,,
472 1400 11 19 1
586 1400 28 19 59
686 1400 28 20 25
803 1399 28 20 24
918 1398 41 21 151

235 1428 86 19 Koivast
349 1443 13 11 ,,
471 1427 42 27 2/,
572 1428 41 20 139
687 1428 27 21 38
799 1423 32 37 90
917 1428 41 22 237

304 1466 159 18 Statsutskottets
475 1466 121 19 betänkande
608 1467 36 17 N:o
657 1468 27 17 12.
