1048 1731
210 126 13 20 4
419 125 210 24 Pelitionshetänkande
645 126 32 23 N:o
693 126 11 23 I.

181 185 61 22 öppet
264 185 68 17 vatten
351 185 35 18 äro
403 184 38 19 alla
456 184 59 19 dessa
530 184 191 23 tillfredsställande,
737 188 42 14 men
796 183 93 20 vintertid
905 186 35 17 äro

181 212 30 19 S:t
226 211 121 24 Petersburg
363 212 37 19 och
417 212 69 24 Hangö
503 213 24 18 de
543 213 51 18 enda
605 213 123 24 mynningar,
737 217 70 18 genom
817 211 67 20 hvilka
894 212 46 19 Fin-

181 240 46 19 land
250 240 88 19 kommer
361 241 6 18 i
389 240 93 24 beröring
505 241 44 18 med
567 241 38 18 den
622 241 63 23 öfriga
700 240 87 19 verlden.
805 240 51 28 Vid
871 240 69 19 inträf-

181 268 60 19 fande
264 268 44 23 krig
327 270 22 17 är
364 269 21 19 af
399 269 39 20 alla
453 269 58 20 dessa
527 269 29 20 S:t
572 269 120 24 Petersburg
707 268 107 19 kanhända
829 269 38 18 den
883 269 57 23 enda,

180 297 79 19 hvilken
283 297 76 24 sydliga
381 297 85 20 Finland
488 298 66 19 kunde
570 298 96 23 begagna.
695 297 41 20 För
751 297 90 24 nordliga
856 297 85 19 Finland

180 330 48 15 vore
252 325 29 20 S:t
304 325 120 24 Petersburg
449 326 31 19 för
503 325 89 24 aflägset.
623 326 30 19 En
676 332 26 18 ny
725 325 62 19 utfart
809 326 62 19 borde
890 325 49 19 såle-

181 354 34 19 des
239 355 76 22 öppnas
338 353 32 20 för
385 354 43 19 vårt
443 354 48 19 land
507 354 37 20 och
559 355 6 18 i
582 355 107 18 svnnerhet
703 353 32 20 för
750 354 91 23 nordliga
855 353 85 20 Finland

182 393 24 2 —
224 383 19 18 d
260 388 17 13 v.
294 388 15 13 s.
327 382 34 19 det
374 382 143 20 ofvannämnda
533 383 97 19 afbrottet
645 381 146 20 undanskaffas.

250 416 9 18 I
282 416 33 19 det
339 417 61 22 sagda
422 419 22 16 är
467 417 59 19 orsak
542 422 39 18 nog
597 417 29 18 till
642 416 123 20 slutförande
783 415 21 20 af
819 416 37 19 den
872 412 67 23 Öster-

181 444 103 19 bottniska
306 445 73 23 banan,
402 445 18 18 d.
444 451 18 14 v.
481 451 16 13 s.
513 445 30 19 till
558 445 131 23 förlängande
705 444 22 19 af
741 445 64 18 banan
821 444 43 19 från
880 444 59 19 Uleä-

180 472 50 23 borg
247 473 29 18 till
292 473 85 20 Torneå.
407 473 46 19 Men
469 473 60 20 lätom
545 479 32 13 oss
593 476 53 17 ännu
662 473 78 24 påpeka
755 473 96 24 följande:

248 507 87 23 Jernväg
358 510 22 16 är
403 513 23 13 en
450 510 31 16 art
496 507 94 25 pulsäder
605 508 6 18 i
628 507 44 19 värt
688 507 56 19 lands
761 507 104 23 organism.
896 506 43 20 Den

181 535 50 19 afför
255 536 40 22 det,
312 541 41 13 som
373 536 23 18 do
412 536 75 19 mindre
503 536 87 19 &ärorna
605 536 76 19 tillföra
697 536 45 18 den.
772 536 9 18 I
797 541 60 13 norra
872 531 67 23 Öster-

179 564 71 19 boiten
273 563 63 19 finnas
359 564 58 23 länga
440 564 43 19 frän
503 565 33 18 det
551 566 42 17 inre
609 565 68 18 landet
692 564 94 25 flytande,
803 564 86 22 mäktiga
904 563 35 19 elf-

179 598 41 14 var.
252 592 64 18 Deras
341 593 91 19 stränder
455 595 35 17 äro
512 593 93 19 bebodda
624 592 44 20 från
684 592 142 24 mynningarna
841 592 52 19 ända
909 592 30 18 till

179 620 99 25 källorna,
295 620 37 19 och
347 621 56 23 längs
419 622 43 18 dem
478 622 46 23 löpa
540 622 126 23 landsvägar,
683 621 92 19 stundom
791 620 112 20 tillochmed
913 620 26 24 på

178 649 99 19 hvardera
298 649 100 20 stranden,
430 650 56 18 Hvad
503 649 89 19 elfvarna
607 650 37 19 och
660 650 146 22 landsvägarna
821 648 43 20 från
880 649 59 18 dessa

178 677 125 19 vidsträckta
318 677 115 19 landsdelar
448 678 67 23 samla,
528 678 33 19 det
576 678 64 19 skulle
657 678 37 19 den
711 674 228 22 Nord-Österbottniska

177 706 109 23 jernvägen
309 706 72 18 liksom
402 712 23 13 en
441 707 93 23 pulsäder
550 706 69 20 afföra.
650 706 43 19 Den
709 711 47 14 vore
772 706 77 18 således
865 711 23 13 en
904 711 35 13 na-

178 732 61 25 turlig
254 734 126 20 mellanlänk.

247 762 58 19 Hvad
328 763 65 18 denna
414 763 84 24 jernväg
520 763 51 19 hade
587 765 30 17 att
632 764 139 23 transportera
786 762 31 19 får
832 762 17 24 ej
865 762 71 18 under-

179 790 85 20 skattas.
294 791 37 19 Väl
354 790 61 20 hafva
437 792 17 18 vi
471 792 17 23 ej
505 792 29 18 till
550 792 62 18 hands
628 792 61 23 några
706 791 113 19 statistiska
835 790 102 24 sifferupp-

178 818 65 26 gifter,
260 824 44 14 men
320 819 25 19 då
361 820 17 18 vi
394 820 53 18 rikta
463 820 200 24 uppmärksamheten
679 820 26 24 på
716 820 38 18 den
765 819 82 23 tillgång
857 818 27 24 på
893 818 44 25 fisk,

178 847 104 25 villebråd,
305 848 116 23 ladugårds-
444 848 37 19 och
503 848 177 24 skogsprodukter,
704 854 42 13 som
769 850 57 21 utgör
844 848 37 18 den
897 846 40 20 för-

177 878 78 16 nämsta
271 876 154 24 näringsgrenen
435 877 42 31 hos
492 876 141 24 befolkningen
649 877 55 23 längs
721 876 118 19 stränderna
849 875 22 19 af
880 876 59 18 dessa

178 906 55 16 stora
255 904 70 25 elfvar,
349 905 22 19 så
392 899 57 25 finnå
461 905 18 19 vi
495 906 42 18 häri
553 905 32 19 för
598 906 109 22 jernvägen
724 910 24 13 en
764 906 42 17 stor
821 904 117 24 myckenhet

178 920 159 36 transportgods.
368 933 65 20 Sedan
456 934 55 19 ålder
534 936 22 17 är
578 934 75 23 ganska
676 933 49 24 liflig
743 933 71 19 handel
830 932 67 19 riktad
912 932 26 24 pä

177 961 122 26 Stockholm,
323 967 43 13 men
389 962 36 19 der
447 965 21 16 är
492 963 37 18 den
550 963 112 22 onödigtvis
678 967 25 14 en
719 961 218 20 kommissionshandel.

177 989 69 19 Ehuru
263 990 34 18 det
315 995 47 14 vore
378 991 120 22 naturligare
514 993 29 16 att
559 997 24 12 en
599 991 61 18 sådan
676 990 104 19 läckerhet
796 995 41 14 som
852 989 33 19 lax
901 989 36 19 och

176 1017 63 20 delvis
256 1020 53 17 smör
324 1018 94 24 föryttras
434 1019 21 19 åt
469 1019 44 19 rika
528 1025 67 18 ryssar
611 1019 37 19 och
664 1019 119 23 engelsmän,
800 1018 22 19 så
837 1020 22 17 är
874 1017 63 19 likväl

176 1046 38 19 den
237 1047 65 22 gamla
324 1047 145 24 handelsvägen
493 1048 28 18 till
541 1047 115 20 Stockholm
674 1047 23 19 så
712 1047 87 25 inrotad,
815 1047 29 18 att
859 1046 78 19 Peters-

176 1074 100 23 burgaren
292 1075 47 23 sjelf
353 1075 39 19 fått
407 1075 94 24 beqväma
517 1076 29 23 sig
562 1079 29 16 att
606 1076 78 19 komma
699 1081 42 18 upp
756 1075 31 19 till
793 1062 143 32 ”Nord-Öster-

175 1102 70 19 botten
265 1103 32 19 för
312 1105 29 17 att
357 1103 53 24 köpa
426 1104 37 19 och
479 1105 50 18 salta
544 1105 38 19 lax.
608 1104 44 19 Den
668 1103 68 25 lifliga,
752 1104 32 18 vid
799 1103 72 19 handel
887 1109 50 13 vana

175 1131 142 24 befolkningen
333 1132 36 19 har
384 1133 18 22 ej
419 1132 79 20 förmått
513 1135 29 16 att
558 1133 62 18 ändra
636 1133 43 19 sina
695 1137 69 19 vanor,
781 1132 61 19 ehuru
858 1131 37 19 den
911 1135 36 15 nu”

174 1159 63 20 redan
254 1159 42 20 ofta
312 1160 63 19 skulle
391 1161 78 19 erhållit
485 1163 64 17 större
565 1161 52 19 vinst
632 1161 44 19 från
693 1161 31 19 S:t
739 1160 126 23 Petersburg.
883 1160 54 19 Från

174 1187 193 24 Uleåborgstrakten
388 1189 37 19 har
439 1189 118 20 laxhandeln
573 1189 78 20 sträckt
666 1190 43 27 sig
714 1189 71 19 endast
800 1189 30 18 till
845 1188 92 24 Helsing-

174 1215 49 20 fors.
254 1217 32 19 Då
301 1217 84 24 jernväg
400 1217 30 20 fås
447 1219 29 18 till
491 1218 83 25 Torneå,
592 1218 87 19 kommer
696 1214 139 23 Österbottens
851 1217 33 18 lax
900 1217 36 19 och

174 1247 54 17 smör
251 1247 30 17 att
305 1251 30 13 om
351 1246 78 19 vintern
445 1247 63 18 såsom
525 1234 55 31 färsk
596 1247 49 18 eller
660 1246 111 24 grafsaltad
786 1245 25 24 gå
826 1245 30 19 till
871 1245 65 19 utlan-

174 1273 44 19 dets
234 1274 103 19 marknad.

243 1301 70 20 Såsom
328 1302 63 19 kändt
407 1305 78 17 närmar
500 1303 30 23 sig
544 1303 129 19 Luleåbanan
691 1303 30 18 sin
738 1301 120 21 fullbordan.
888 1302 47 19 Man

173 1329 37 19 bör
233 1329 68 20 derför
324 1336 47 13 vara
393 1331 27 23 på
435 1331 30 19 sin
480 1331 54 24 vakt,
550 1333 30 18 att
594 1332 86 19 handeln
697 1331 56 23 längs
770 1331 64 18 denna
850 1330 87 23 mäktiga

171 1358 96 24 pulsåder
291 1359 43 19 från
357 1358 88 20 Ishafvet
463 1360 29 19 till
507 1360 107 19 Bottniska
630 1360 59 19 viken
706 1360 18 23 ej
740 1359 61 19 måtte
817 1359 63 19 riktas
896 1360 41 17 mot

172 1386 133 25 Syd-Sverige
329 1388 36 18 och
389 1388 87 19 derifrån
493 1390 30 17 till
539 1389 62 19 andra
616 1389 78 25 länder,
711 1390 48 17 utan
775 1388 7 18 i
797 1388 39 24 god
851 1388 30 18 tid
895 1389 41 17 mot

171 1415 86 19 Finland
281 1416 37 19 och
333 1421 70 18 genom
419 1416 43 19 vårt
477 1416 46 20 land
540 1417 29 19 till
585 1418 96 19 utlandet.
713 1416 74 19 Derför
803 1418 22 17 är
841 1416 33 19 det
888 1415 47 19 Fin-

171 1443 57 19 lands
244 1444 51 23 pligt
311 1446 28 17 att
355 1445 103 19 utsträcka
473 1445 29 19 sin
518 1445 59 25 hand,
594 1446 22 18 så
632 1446 55 23 långt
704 1445 39 19 den
758 1445 72 19 räcker
847 1455 24 3 —
884 1444 52 19 ända

241 1482 192 22 Jernvägsutskottets
446 1484 114 16 betänkande
573 1485 36 16 N:o
622 1484 17 16 2.
