<?xml version="1.0" encoding="UTF-8"?>
<alto xmlns="http://www.loc.gov/standards/alto/ns-v3#" xmlns:xlink="http://www.w3.org/1999/xlink" xmlns:xsi="http://www.w3.org/2001/XMLSchema-instance" xsi:schemaLocation="http://www.loc.gov/standards/alto/ns-v3# http://www.loc.gov/alto/v3/alto-3-0.xsd">
	<Description>
		<MeasurementUnit>pixel</MeasurementUnit>
		<sourceImageInformation>
			<fileName>/tmp/tess_tnlfr3jy_input.PNG</fileName>
		</sourceImageInformation>
		<OCRProcessing ID="OCR_0">
			<ocrProcessingStep>
				<processingSoftware>
					<softwareName>tesseract 5.3.4</softwareName>
				</processingSoftware>
			</ocrProcessingStep>
		</OCRProcessing>
	</Description>
	<Layout>
		<Page WIDTH="1048" HEIGHT="1731" PHYSICAL_IMG_NR="0" ID="page_0">
			<PrintSpace HPOS="0" VPOS="0" WIDTH="1048" HEIGHT="1731">
				<ComposedBlock ID="cblock_0" HPOS="241" VPOS="127" WIDTH="500" HEIGHT="24">
					<TextBlock ID="block_0" HPOS="241" VPOS="127" WIDTH="500" HEIGHT="24">
						<TextLine ID="line_0" HPOS="241" VPOS="127" WIDTH="500" HEIGHT="24">
							<String ID="string_0" HPOS="241" VPOS="129" WIDTH="12" HEIGHT="19" WC="0.96" CONTENT="4"/><SP WIDTH="197" VPOS="129" HPOS="253"/>
							<String ID="string_1" HPOS="450" VPOS="128" WIDTH="211" HEIGHT="23" WC="0.90" CONTENT="Petitionsbetänkande"/><SP WIDTH="16" VPOS="128" HPOS="661"/>
							<String ID="string_2" HPOS="677" VPOS="135" WIDTH="30" HEIGHT="16" WC="0.90" CONTENT="n:o"/><SP WIDTH="16" VPOS="135" HPOS="707"/>
							<String ID="string_3" HPOS="723" VPOS="127" WIDTH="18" HEIGHT="24" WC="0.95" CONTENT="7."/>
						</TextLine>
					</TextBlock>
				</ComposedBlock>
				<ComposedBlock ID="cblock_1" HPOS="209" VPOS="185" WIDTH="759" HEIGHT="653">
					<TextBlock ID="block_1" HPOS="211" VPOS="185" WIDTH="757" HEIGHT="56">
						<TextLine ID="line_1" HPOS="212" VPOS="185" WIDTH="756" HEIGHT="29">
							<String ID="string_4" HPOS="212" VPOS="185" WIDTH="67" HEIGHT="28" WC="0.95" CONTENT="fyllas,"/><SP WIDTH="24" VPOS="185" HPOS="279"/>
							<String ID="string_5" HPOS="303" VPOS="191" WIDTH="46" HEIGHT="15" WC="0.96" CONTENT="som"/><SP WIDTH="23" VPOS="191" HPOS="349"/>
							<String ID="string_6" HPOS="372" VPOS="187" WIDTH="32" HEIGHT="19" WC="0.96" CONTENT="ett"/><SP WIDTH="23" VPOS="187" HPOS="404"/>
							<String ID="string_7" HPOS="427" VPOS="185" WIDTH="149" HEIGHT="29" WC="0.96" CONTENT="obligatoriskt"/><SP WIDTH="18" VPOS="185" HPOS="576"/>
							<String ID="string_8" HPOS="594" VPOS="185" WIDTH="121" HEIGHT="21" WC="0.96" CONTENT="inrättande"/><SP WIDTH="16" VPOS="185" HPOS="715"/>
							<String ID="string_9" HPOS="731" VPOS="185" WIDTH="22" HEIGHT="21" WC="0.96" CONTENT="af"/><SP WIDTH="12" VPOS="185" HPOS="753"/>
							<String ID="string_10" HPOS="765" VPOS="185" WIDTH="117" HEIGHT="22" WC="0.96" CONTENT="folkskolor"/><SP WIDTH="14" VPOS="185" HPOS="882"/>
							<String ID="string_11" HPOS="896" VPOS="185" WIDTH="7" HEIGHT="21" WC="0.96" CONTENT="i"/><SP WIDTH="16" VPOS="185" HPOS="903"/>
							<String ID="string_12" HPOS="919" VPOS="185" WIDTH="49" HEIGHT="22" WC="0.96" CONTENT="våra"/>
						</TextLine>
						<TextLine ID="line_2" HPOS="211" VPOS="219" WIDTH="384" HEIGHT="22">
							<String ID="string_13" HPOS="211" VPOS="219" WIDTH="187" HEIGHT="22" WC="0.96" CONTENT="landskommuner"/><SP WIDTH="15" VPOS="219" HPOS="398"/>
							<String ID="string_14" HPOS="413" VPOS="219" WIDTH="55" HEIGHT="22" WC="0.92" CONTENT="hade"/><SP WIDTH="15" VPOS="219" HPOS="468"/>
							<String ID="string_15" HPOS="483" VPOS="219" WIDTH="112" HEIGHT="22" WC="0.91" CONTENT="erfordrat."/>
						</TextLine>
					</TextBlock>
					<TextBlock ID="block_2" HPOS="211" VPOS="259" WIDTH="756" HEIGHT="196">
						<TextLine ID="line_3" HPOS="280" VPOS="259" WIDTH="687" HEIGHT="26">
							<String ID="string_16" HPOS="280" VPOS="259" WIDTH="42" HEIGHT="20" WC="0.96" CONTENT="Det"/><SP WIDTH="15" VPOS="259" HPOS="322"/>
							<String ID="string_17" HPOS="337" VPOS="259" WIDTH="56" HEIGHT="21" WC="0.96" CONTENT="olika"/><SP WIDTH="16" VPOS="259" HPOS="393"/>
							<String ID="string_18" HPOS="409" VPOS="259" WIDTH="120" HEIGHT="21" WC="0.96" CONTENT="förfarande"/><SP WIDTH="15" VPOS="259" HPOS="529"/>
							<String ID="string_19" HPOS="544" VPOS="259" WIDTH="157" HEIGHT="26" WC="0.96" CONTENT="lagstiftningen"/><SP WIDTH="16" VPOS="259" HPOS="701"/>
							<String ID="string_20" HPOS="717" VPOS="259" WIDTH="24" HEIGHT="21" WC="0.96" CONTENT="år"/><SP WIDTH="16" VPOS="259" HPOS="741"/>
							<String ID="string_21" HPOS="757" VPOS="259" WIDTH="54" HEIGHT="21" WC="0.96" CONTENT="1866"/><SP WIDTH="10" VPOS="259" HPOS="811"/>
							<String ID="string_22" HPOS="821" VPOS="259" WIDTH="89" HEIGHT="21" WC="0.96" CONTENT="sålunda"/><SP WIDTH="10" VPOS="259" HPOS="910"/>
							<String ID="string_23" HPOS="920" VPOS="259" WIDTH="47" HEIGHT="21" WC="0.96" CONTENT="med"/>
						</TextLine>
						<TextLine ID="line_4" HPOS="212" VPOS="293" WIDTH="755" HEIGHT="26">
							<String ID="string_24" HPOS="212" VPOS="293" WIDTH="98" HEIGHT="22" WC="0.93" CONTENT="afseende"/><SP WIDTH="22" VPOS="293" HPOS="310"/>
							<String ID="string_25" HPOS="332" VPOS="293" WIDTH="13" HEIGHT="20" WC="0.92" CONTENT="å"/><SP WIDTH="22" VPOS="293" HPOS="345"/>
							<String ID="string_26" HPOS="367" VPOS="293" WIDTH="128" HEIGHT="21" WC="0.89" CONTENT="folkskolors"/><SP WIDTH="23" VPOS="293" HPOS="495"/>
							<String ID="string_27" HPOS="518" VPOS="293" WIDTH="121" HEIGHT="21" WC="0.93" CONTENT="inrättande"/><SP WIDTH="22" VPOS="293" HPOS="639"/>
							<String ID="string_28" HPOS="661" VPOS="293" WIDTH="104" HEIGHT="21" WC="0.92" CONTENT="föreskref"/><SP WIDTH="14" VPOS="293" HPOS="765"/>
							<String ID="string_29" HPOS="779" VPOS="295" WIDTH="107" HEIGHT="24" WC="0.93" CONTENT="gentemot"/><SP WIDTH="14" VPOS="295" HPOS="886"/>
							<String ID="string_30" HPOS="900" VPOS="293" WIDTH="67" HEIGHT="21" WC="0.89" CONTENT="stads-"/>
						</TextLine>
						<TextLine ID="line_5" HPOS="212" VPOS="327" WIDTH="755" HEIGHT="27">
							<String ID="string_31" HPOS="212" VPOS="327" WIDTH="39" HEIGHT="22" WC="0.96" CONTENT="och"/><SP WIDTH="16" VPOS="327" HPOS="251"/>
							<String ID="string_32" HPOS="267" VPOS="327" WIDTH="214" HEIGHT="22" WC="0.96" CONTENT="landskommunerna"/><SP WIDTH="16" VPOS="327" HPOS="481"/>
							<String ID="string_33" HPOS="497" VPOS="327" WIDTH="67" HEIGHT="21" WC="0.96" CONTENT="måste"/><SP WIDTH="16" VPOS="327" HPOS="564"/>
							<String ID="string_34" HPOS="580" VPOS="327" WIDTH="6" HEIGHT="20" WC="0.93" CONTENT="i"/><SP WIDTH="16" VPOS="327" HPOS="586"/>
							<String ID="string_35" HPOS="602" VPOS="327" WIDTH="41" HEIGHT="21" WC="0.92" CONTENT="allo"/><SP WIDTH="18" VPOS="327" HPOS="643"/>
							<String ID="string_36" HPOS="661" VPOS="327" WIDTH="89" HEIGHT="27" WC="0.89" CONTENT="billigas."/><SP WIDTH="26" VPOS="327" HPOS="750"/>
							<String ID="string_37" HPOS="776" VPOS="327" WIDTH="47" HEIGHT="21" WC="0.95" CONTENT="Den"/><SP WIDTH="17" VPOS="327" HPOS="823"/>
							<String ID="string_38" HPOS="840" VPOS="327" WIDTH="127" HEIGHT="22" WC="0.95" CONTENT="vidsträckta"/>
						</TextLine>
						<TextLine ID="line_6" HPOS="211" VPOS="361" WIDTH="756" HEIGHT="28">
							<String ID="string_39" HPOS="211" VPOS="361" WIDTH="243" HEIGHT="28" WC="0.91" CONTENT="sjelfbestämningsrätt,"/><SP WIDTH="23" VPOS="361" HPOS="454"/>
							<String ID="string_40" HPOS="477" VPOS="367" WIDTH="45" HEIGHT="15" WC="0.96" CONTENT="som"/><SP WIDTH="17" VPOS="367" HPOS="522"/>
							<String ID="string_41" HPOS="539" VPOS="361" WIDTH="32" HEIGHT="26" WC="0.96" CONTENT="då,"/><SP WIDTH="16" VPOS="361" HPOS="571"/>
							<String ID="string_42" HPOS="587" VPOS="361" WIDTH="35" HEIGHT="22" WC="0.96" CONTENT="vid"/><SP WIDTH="16" VPOS="361" HPOS="622"/>
							<String ID="string_43" HPOS="638" VPOS="361" WIDTH="130" HEIGHT="22" WC="0.96" CONTENT="folkskolans"/><SP WIDTH="16" VPOS="361" HPOS="768"/>
							<String ID="string_44" HPOS="784" VPOS="361" WIDTH="65" HEIGHT="22" WC="0.96" CONTENT="första"/><SP WIDTH="15" VPOS="361" HPOS="849"/>
							<String ID="string_45" HPOS="864" VPOS="361" WIDTH="82" HEIGHT="22" WC="0.88" CONTENT="inträde"/><SP WIDTH="15" VPOS="361" HPOS="946"/>
							<String ID="string_46" HPOS="961" VPOS="361" WIDTH="6" HEIGHT="20" WC="0.96" CONTENT="i"/>
						</TextLine>
						<TextLine ID="line_7" HPOS="211" VPOS="395" WIDTH="755" HEIGHT="27">
							<String ID="string_47" HPOS="211" VPOS="397" WIDTH="47" HEIGHT="20" WC="0.96" CONTENT="vårt"/><SP WIDTH="15" VPOS="397" HPOS="258"/>
							<String ID="string_48" HPOS="273" VPOS="395" WIDTH="56" HEIGHT="26" WC="0.92" CONTENT="land,"/><SP WIDTH="24" VPOS="395" HPOS="329"/>
							<String ID="string_49" HPOS="353" VPOS="395" WIDTH="94" HEIGHT="27" WC="0.90" CONTENT="medgafs"/><SP WIDTH="16" VPOS="395" HPOS="447"/>
							<String ID="string_50" HPOS="463" VPOS="395" WIDTH="213" HEIGHT="21" WC="0.95" CONTENT="landskommunerna"/><SP WIDTH="15" VPOS="395" HPOS="676"/>
							<String ID="string_51" HPOS="691" VPOS="395" WIDTH="32" HEIGHT="21" WC="0.96" CONTENT="för"/><SP WIDTH="16" VPOS="395" HPOS="723"/>
							<String ID="string_52" HPOS="739" VPOS="395" WIDTH="118" HEIGHT="22" WC="0.96" CONTENT="ordnandet"/><SP WIDTH="15" VPOS="395" HPOS="857"/>
							<String ID="string_53" HPOS="872" VPOS="395" WIDTH="21" HEIGHT="22" WC="0.96" CONTENT="af"/><SP WIDTH="14" VPOS="395" HPOS="893"/>
							<String ID="string_54" HPOS="907" VPOS="396" WIDTH="59" HEIGHT="21" WC="0.96" CONTENT="deras"/>
						</TextLine>
						<TextLine ID="line_8" HPOS="211" VPOS="429" WIDTH="543" HEIGHT="26">
							<String ID="string_55" HPOS="211" VPOS="429" WIDTH="176" HEIGHT="26" WC="0.92" CONTENT="folkskoleväsen,"/><SP WIDTH="17" VPOS="429" HPOS="387"/>
							<String ID="string_56" HPOS="404" VPOS="429" WIDTH="134" HEIGHT="22" WC="0.96" CONTENT="motsvarade"/><SP WIDTH="15" VPOS="429" HPOS="538"/>
							<String ID="string_57" HPOS="553" VPOS="429" WIDTH="48" HEIGHT="21" WC="0.96" CONTENT="fullt"/><SP WIDTH="15" VPOS="429" HPOS="601"/>
							<String ID="string_58" HPOS="616" VPOS="429" WIDTH="69" HEIGHT="22" WC="0.93" CONTENT="tidens"/><SP WIDTH="16" VPOS="429" HPOS="685"/>
							<String ID="string_59" HPOS="701" VPOS="429" WIDTH="53" HEIGHT="21" WC="0.92" CONTENT="kraf."/>
						</TextLine>
					</TextBlock>
					<TextBlock ID="block_3" HPOS="209" VPOS="469" WIDTH="758" HEIGHT="369">
						<TextLine ID="line_9" HPOS="279" VPOS="469" WIDTH="688" HEIGHT="22">
							<String ID="string_60" HPOS="279" VPOS="470" WIDTH="72" HEIGHT="21" WC="0.96" CONTENT="Sedan"/><SP WIDTH="23" VPOS="470" HPOS="351"/>
							<String ID="string_61" HPOS="374" VPOS="469" WIDTH="77" HEIGHT="22" WC="0.96" CONTENT="nämda"/><SP WIDTH="22" VPOS="469" HPOS="451"/>
							<String ID="string_62" HPOS="473" VPOS="470" WIDTH="24" HEIGHT="21" WC="0.96" CONTENT="år"/><SP WIDTH="23" VPOS="470" HPOS="497"/>
							<String ID="string_63" HPOS="520" VPOS="469" WIDTH="62" HEIGHT="21" WC="0.93" CONTENT="hafva"/><SP WIDTH="20" VPOS="469" HPOS="582"/>
							<String ID="string_64" HPOS="602" VPOS="469" WIDTH="266" HEIGHT="22" WC="0.91" CONTENT="folkskoleförhållandena"/><SP WIDTH="23" VPOS="469" HPOS="868"/>
							<String ID="string_65" HPOS="891" VPOS="469" WIDTH="7" HEIGHT="21" WC="0.96" CONTENT="i"/><SP WIDTH="22" VPOS="469" HPOS="898"/>
							<String ID="string_66" HPOS="920" VPOS="470" WIDTH="47" HEIGHT="21" WC="0.96" CONTENT="vårt"/>
						</TextLine>
						<TextLine ID="line_10" HPOS="211" VPOS="503" WIDTH="755" HEIGHT="27">
							<String ID="string_67" HPOS="211" VPOS="504" WIDTH="50" HEIGHT="22" WC="0.93" CONTENT="land"/><SP WIDTH="16" VPOS="504" HPOS="261"/>
							<String ID="string_68" HPOS="277" VPOS="504" WIDTH="114" HEIGHT="26" WC="0.91" CONTENT="undergått"/><SP WIDTH="16" VPOS="504" HPOS="391"/>
							<String ID="string_69" HPOS="407" VPOS="510" WIDTH="25" HEIGHT="15" WC="0.96" CONTENT="en"/><SP WIDTH="16" VPOS="510" HPOS="432"/>
							<String ID="string_70" HPOS="448" VPOS="503" WIDTH="178" HEIGHT="27" WC="0.93" CONTENT="genomgripande"/><SP WIDTH="16" VPOS="503" HPOS="626"/>
							<String ID="string_71" HPOS="642" VPOS="503" WIDTH="171" HEIGHT="27" WC="0.91" CONTENT="omgestaltning."/><SP WIDTH="25" VPOS="503" HPOS="813"/>
							<String ID="string_72" HPOS="838" VPOS="504" WIDTH="45" HEIGHT="22" WC="0.96" CONTENT="Den"/><SP WIDTH="16" VPOS="504" HPOS="883"/>
							<String ID="string_73" HPOS="899" VPOS="503" WIDTH="67" HEIGHT="22" WC="0.93" CONTENT="finska"/>
						</TextLine>
						<TextLine ID="line_11" HPOS="210" VPOS="538" WIDTH="756" HEIGHT="27">
							<String ID="string_74" HPOS="210" VPOS="538" WIDTH="249" HEIGHT="27" WC="0.91" CONTENT="folkskoleinrättningen"/><SP WIDTH="15" VPOS="538" HPOS="459"/>
							<String ID="string_75" HPOS="474" VPOS="539" WIDTH="27" HEIGHT="26" WC="0.97" CONTENT="på"/><SP WIDTH="15" VPOS="539" HPOS="501"/>
							<String ID="string_76" HPOS="516" VPOS="538" WIDTH="78" HEIGHT="26" WC="0.96" CONTENT="landet,"/><SP WIDTH="18" VPOS="538" HPOS="594"/>
							<String ID="string_77" HPOS="612" VPOS="544" WIDTH="45" HEIGHT="16" WC="0.96" CONTENT="som"/><SP WIDTH="16" VPOS="544" HPOS="657"/>
							<String ID="string_78" HPOS="673" VPOS="545" WIDTH="28" HEIGHT="14" WC="0.92" CONTENT="nu"/><SP WIDTH="8" VPOS="545" HPOS="701"/>
							<String ID="string_79" HPOS="709" VPOS="538" WIDTH="100" HEIGHT="26" WC="0.91" CONTENT="(läseåret"/><SP WIDTH="12" VPOS="538" HPOS="809"/>
							<String ID="string_80" HPOS="821" VPOS="540" WIDTH="145" HEIGHT="21" WC="0.74" CONTENT="1885"/><SP WIDTH="-85" VPOS="540" HPOS="966"/>
							<String ID="string_81" HPOS="881" VPOS="534" WIDTH="12" HEIGHT="36" WC="0.0" CONTENT="—"/><SP WIDTH="10" VPOS="534" HPOS="893"/>
							<String ID="string_82" HPOS="903" VPOS="540" WIDTH="63" HEIGHT="21" WC="0.92" CONTENT="1886)"/>
						</TextLine>
						<TextLine ID="line_12" HPOS="212" VPOS="572" WIDTH="754" HEIGHT="25">
							<String ID="string_83" HPOS="212" VPOS="572" WIDTH="85" HEIGHT="22" WC="0.96" CONTENT="arbetar"/><SP WIDTH="16" VPOS="572" HPOS="297"/>
							<String ID="string_84" HPOS="313" VPOS="573" WIDTH="48" HEIGHT="21" WC="0.96" CONTENT="med"/><SP WIDTH="16" VPOS="573" HPOS="361"/>
							<String ID="string_85" HPOS="377" VPOS="574" WIDTH="31" HEIGHT="20" WC="0.96" CONTENT="ett"/><SP WIDTH="15" VPOS="574" HPOS="408"/>
							<String ID="string_86" HPOS="423" VPOS="572" WIDTH="58" HEIGHT="22" WC="0.96" CONTENT="antal"/><SP WIDTH="16" VPOS="572" HPOS="481"/>
							<String ID="string_87" HPOS="497" VPOS="572" WIDTH="22" HEIGHT="21" WC="0.96" CONTENT="af"/><SP WIDTH="13" VPOS="572" HPOS="519"/>
							<String ID="string_88" HPOS="532" VPOS="574" WIDTH="41" HEIGHT="20" WC="0.96" CONTENT="667"/><SP WIDTH="17" VPOS="574" HPOS="573"/>
							<String ID="string_89" HPOS="590" VPOS="572" WIDTH="103" HEIGHT="22" WC="0.96" CONTENT="särskilda"/><SP WIDTH="16" VPOS="572" HPOS="693"/>
							<String ID="string_90" HPOS="709" VPOS="572" WIDTH="79" HEIGHT="25" WC="0.96" CONTENT="skolor,"/><SP WIDTH="17" VPOS="572" HPOS="788"/>
							<String ID="string_91" HPOS="805" VPOS="579" WIDTH="24" HEIGHT="14" WC="0.93" CONTENT="en"/><SP WIDTH="12" VPOS="579" HPOS="829"/>
							<String ID="string_92" HPOS="841" VPOS="573" WIDTH="76" HEIGHT="21" WC="0.91" CONTENT="lärare-"/><SP WIDTH="11" VPOS="573" HPOS="917"/>
							<String ID="string_93" HPOS="928" VPOS="572" WIDTH="38" HEIGHT="22" WC="0.96" CONTENT="och"/>
						</TextLine>
						<TextLine ID="line_13" HPOS="212" VPOS="606" WIDTH="755" HEIGHT="27">
							<String ID="string_94" HPOS="212" VPOS="606" WIDTH="146" HEIGHT="22" WC="0.91" CONTENT="lärarinnekår"/><SP WIDTH="15" VPOS="606" HPOS="358"/>
							<String ID="string_95" HPOS="373" VPOS="606" WIDTH="22" HEIGHT="22" WC="0.95" CONTENT="af"/><SP WIDTH="14" VPOS="606" HPOS="395"/>
							<String ID="string_96" HPOS="409" VPOS="607" WIDTH="42" HEIGHT="21" WC="0.96" CONTENT="683"/><SP WIDTH="16" VPOS="607" HPOS="451"/>
							<String ID="string_97" HPOS="467" VPOS="613" WIDTH="99" HEIGHT="20" WC="0.96" CONTENT="personer"/><SP WIDTH="16" VPOS="613" HPOS="566"/>
							<String ID="string_98" HPOS="582" VPOS="606" WIDTH="40" HEIGHT="22" WC="0.97" CONTENT="och"/><SP WIDTH="16" VPOS="606" HPOS="622"/>
							<String ID="string_99" HPOS="638" VPOS="609" WIDTH="31" HEIGHT="19" WC="0.93" CONTENT="ett"/><SP WIDTH="16" VPOS="609" HPOS="669"/>
							<String ID="string_100" HPOS="685" VPOS="606" WIDTH="104" HEIGHT="22" WC="0.92" CONTENT="elevantal"/><SP WIDTH="16" VPOS="606" HPOS="789"/>
							<String ID="string_101" HPOS="805" VPOS="606" WIDTH="22" HEIGHT="22" WC="0.96" CONTENT="af"/><SP WIDTH="13" VPOS="606" HPOS="827"/>
							<String ID="string_102" HPOS="840" VPOS="614" WIDTH="44" HEIGHT="14" WC="0.96" CONTENT="mer"/><SP WIDTH="14" VPOS="614" HPOS="884"/>
							<String ID="string_103" HPOS="898" VPOS="609" WIDTH="27" HEIGHT="19" WC="0.96" CONTENT="än"/><SP WIDTH="15" VPOS="609" HPOS="925"/>
							<String ID="string_104" HPOS="940" VPOS="608" WIDTH="27" HEIGHT="20" WC="0.96" CONTENT="24"/>
						</TextLine>
						<TextLine ID="line_14" HPOS="211" VPOS="640" WIDTH="756" HEIGHT="28">
							<String ID="string_105" HPOS="211" VPOS="642" WIDTH="61" HEIGHT="20" WC="0.96" CONTENT="tusen"/><SP WIDTH="16" VPOS="642" HPOS="272"/>
							<String ID="string_106" HPOS="288" VPOS="640" WIDTH="59" HEIGHT="27" WC="0.94" CONTENT="barn,"/><SP WIDTH="17" VPOS="640" HPOS="347"/>
							<String ID="string_107" HPOS="364" VPOS="641" WIDTH="69" HEIGHT="21" WC="0.96" CONTENT="denna"/><SP WIDTH="15" VPOS="641" HPOS="433"/>
							<String ID="string_108" HPOS="448" VPOS="641" WIDTH="115" HEIGHT="26" WC="0.96" CONTENT="inrättning"/><SP WIDTH="15" VPOS="641" HPOS="563"/>
							<String ID="string_109" HPOS="578" VPOS="641" WIDTH="41" HEIGHT="21" WC="0.95" CONTENT="kan"/><SP WIDTH="17" VPOS="641" HPOS="619"/>
							<String ID="string_110" HPOS="636" VPOS="647" WIDTH="27" HEIGHT="15" WC="0.96" CONTENT="nu"/><SP WIDTH="16" VPOS="647" HPOS="663"/>
							<String ID="string_111" HPOS="679" VPOS="641" WIDTH="44" HEIGHT="21" WC="0.96" CONTENT="visa"/><SP WIDTH="14" VPOS="641" HPOS="723"/>
							<String ID="string_112" HPOS="737" VPOS="640" WIDTH="88" HEIGHT="22" WC="0.95" CONTENT="tillbaka"/><SP WIDTH="10" VPOS="640" HPOS="825"/>
							<String ID="string_113" HPOS="835" VPOS="642" WIDTH="26" HEIGHT="26" WC="0.95" CONTENT="på"/><SP WIDTH="12" VPOS="642" HPOS="861"/>
							<String ID="string_114" HPOS="873" VPOS="647" WIDTH="24" HEIGHT="15" WC="0.96" CONTENT="en"/><SP WIDTH="12" VPOS="647" HPOS="897"/>
							<String ID="string_115" HPOS="909" VPOS="644" WIDTH="58" HEIGHT="18" WC="0.96" CONTENT="snart"/>
						</TextLine>
						<TextLine ID="line_15" HPOS="210" VPOS="674" WIDTH="756" HEIGHT="28">
							<String ID="string_116" HPOS="210" VPOS="675" WIDTH="129" HEIGHT="21" WC="0.91" CONTENT="kvart-sekel"/><SP WIDTH="22" VPOS="675" HPOS="339"/>
							<String ID="string_117" HPOS="361" VPOS="675" WIDTH="50" HEIGHT="26" WC="0.96" CONTENT="lång"/><SP WIDTH="19" VPOS="675" HPOS="411"/>
							<String ID="string_118" HPOS="430" VPOS="675" WIDTH="140" HEIGHT="25" WC="0.91" CONTENT="verksamhet,"/><SP WIDTH="21" VPOS="675" HPOS="570"/>
							<String ID="string_119" HPOS="591" VPOS="674" WIDTH="63" HEIGHT="22" WC="0.96" CONTENT="hvars"/><SP WIDTH="24" VPOS="674" HPOS="654"/>
							<String ID="string_120" HPOS="678" VPOS="674" WIDTH="178" HEIGHT="28" WC="0.96" CONTENT="lyckobringande"/><SP WIDTH="22" VPOS="674" HPOS="856"/>
							<String ID="string_121" HPOS="878" VPOS="675" WIDTH="88" HEIGHT="21" WC="0.96" CONTENT="resultat"/>
						</TextLine>
						<TextLine ID="line_16" HPOS="210" VPOS="709" WIDTH="755" HEIGHT="27">
							<String ID="string_122" HPOS="210" VPOS="715" WIDTH="89" HEIGHT="15" WC="0.96" CONTENT="numera"/><SP WIDTH="22" VPOS="715" HPOS="299"/>
							<String ID="string_123" HPOS="321" VPOS="709" WIDTH="62" HEIGHT="27" WC="0.96" CONTENT="ingen"/><SP WIDTH="21" VPOS="709" HPOS="383"/>
							<String ID="string_124" HPOS="404" VPOS="710" WIDTH="48" HEIGHT="20" WC="0.96" CONTENT="med"/><SP WIDTH="15" VPOS="710" HPOS="452"/>
							<String ID="string_125" HPOS="467" VPOS="710" WIDTH="51" HEIGHT="20" WC="0.96" CONTENT="sken"/><SP WIDTH="17" VPOS="710" HPOS="518"/>
							<String ID="string_126" HPOS="535" VPOS="709" WIDTH="21" HEIGHT="21" WC="0.96" CONTENT="af"/><SP WIDTH="14" VPOS="709" HPOS="556"/>
							<String ID="string_127" HPOS="570" VPOS="710" WIDTH="89" HEIGHT="20" WC="0.96" CONTENT="rättvisa"/><SP WIDTH="15" VPOS="710" HPOS="659"/>
							<String ID="string_128" HPOS="674" VPOS="710" WIDTH="42" HEIGHT="20" WC="0.96" CONTENT="kan"/><SP WIDTH="15" VPOS="710" HPOS="716"/>
							<String ID="string_129" HPOS="731" VPOS="711" WIDTH="57" HEIGHT="19" WC="0.96" CONTENT="sätta"/><SP WIDTH="15" VPOS="711" HPOS="788"/>
							<String ID="string_130" HPOS="803" VPOS="710" WIDTH="6" HEIGHT="20" WC="0.96" CONTENT="i"/><SP WIDTH="16" VPOS="710" HPOS="809"/>
							<String ID="string_131" HPOS="825" VPOS="709" WIDTH="63" HEIGHT="27" WC="0.94" CONTENT="fråga."/><SP WIDTH="31" VPOS="709" HPOS="888"/>
							<String ID="string_132" HPOS="919" VPOS="710" WIDTH="46" HEIGHT="20" WC="0.96" CONTENT="Den"/>
						</TextLine>
						<TextLine ID="line_17" HPOS="210" VPOS="743" WIDTH="757" HEIGHT="27">
							<String ID="string_133" HPOS="210" VPOS="743" WIDTH="69" HEIGHT="21" WC="0.96" CONTENT="finska"/><SP WIDTH="23" VPOS="743" HPOS="279"/>
							<String ID="string_134" HPOS="302" VPOS="743" WIDTH="120" HEIGHT="21" WC="0.96" CONTENT="folkskolan"/><SP WIDTH="23" VPOS="743" HPOS="422"/>
							<String ID="string_135" HPOS="445" VPOS="743" WIDTH="39" HEIGHT="21" WC="0.96" CONTENT="har"/><SP WIDTH="23" VPOS="743" HPOS="484"/>
							<String ID="string_136" HPOS="507" VPOS="744" WIDTH="46" HEIGHT="20" WC="0.95" CONTENT="med"/><SP WIDTH="23" VPOS="744" HPOS="553"/>
							<String ID="string_137" HPOS="576" VPOS="744" WIDTH="66" HEIGHT="20" WC="0.95" CONTENT="heder"/><SP WIDTH="15" VPOS="744" HPOS="642"/>
							<String ID="string_138" HPOS="657" VPOS="744" WIDTH="53" HEIGHT="20" WC="0.96" CONTENT="stått"/><SP WIDTH="15" VPOS="744" HPOS="710"/>
							<String ID="string_139" HPOS="725" VPOS="743" WIDTH="46" HEIGHT="21" WC="0.93" CONTENT="sina"/><SP WIDTH="15" VPOS="743" HPOS="771"/>
							<String ID="string_140" HPOS="786" VPOS="743" WIDTH="71" HEIGHT="27" WC="0.92" CONTENT="profår"/><SP WIDTH="14" VPOS="743" HPOS="857"/>
							<String ID="string_141" HPOS="871" VPOS="743" WIDTH="7" HEIGHT="21" WC="0.92" CONTENT="i"/><SP WIDTH="15" VPOS="743" HPOS="878"/>
							<String ID="string_142" HPOS="893" VPOS="743" WIDTH="74" HEIGHT="21" WC="0.92" CONTENT="foster-"/>
						</TextLine>
						<TextLine ID="line_18" HPOS="210" VPOS="777" WIDTH="757" HEIGHT="28">
							<String ID="string_143" HPOS="210" VPOS="777" WIDTH="83" HEIGHT="22" WC="0.93" CONTENT="landets"/><SP WIDTH="16" VPOS="777" HPOS="293"/>
							<String ID="string_144" HPOS="309" VPOS="778" WIDTH="65" HEIGHT="26" WC="0.92" CONTENT="tjenst"/><SP WIDTH="14" VPOS="778" HPOS="374"/>
							<String ID="string_145" HPOS="388" VPOS="778" WIDTH="40" HEIGHT="20" WC="0.97" CONTENT="och"/><SP WIDTH="15" VPOS="778" HPOS="428"/>
							<String ID="string_146" HPOS="443" VPOS="778" WIDTH="41" HEIGHT="20" WC="0.96" CONTENT="kan"/><SP WIDTH="17" VPOS="778" HPOS="484"/>
							<String ID="string_147" HPOS="501" VPOS="784" WIDTH="28" HEIGHT="14" WC="0.96" CONTENT="nu"/><SP WIDTH="15" VPOS="784" HPOS="529"/>
							<String ID="string_148" HPOS="544" VPOS="778" WIDTH="48" HEIGHT="20" WC="0.96" CONTENT="med"/><SP WIDTH="15" VPOS="778" HPOS="592"/>
							<String ID="string_149" HPOS="607" VPOS="778" WIDTH="47" HEIGHT="20" WC="0.96" CONTENT="fullt"/><SP WIDTH="16" VPOS="778" HPOS="654"/>
							<String ID="string_150" HPOS="670" VPOS="777" WIDTH="147" HEIGHT="27" WC="0.96" CONTENT="berättigande"/><SP WIDTH="16" VPOS="777" HPOS="817"/>
							<String ID="string_151" HPOS="833" VPOS="778" WIDTH="51" HEIGHT="27" WC="0.96" CONTENT="yrka"/><SP WIDTH="15" VPOS="778" HPOS="884"/>
							<String ID="string_152" HPOS="899" VPOS="778" WIDTH="27" HEIGHT="26" WC="0.93" CONTENT="på"/><SP WIDTH="11" VPOS="778" HPOS="926"/>
							<String ID="string_153" HPOS="937" VPOS="778" WIDTH="30" HEIGHT="20" WC="0.91" CONTENT="in-"/>
						</TextLine>
						<TextLine ID="line_19" HPOS="209" VPOS="812" WIDTH="723" HEIGHT="26">
							<String ID="string_154" HPOS="209" VPOS="812" WIDTH="62" HEIGHT="21" WC="0.96" CONTENT="träde"/><SP WIDTH="14" VPOS="812" HPOS="271"/>
							<String ID="string_155" HPOS="285" VPOS="812" WIDTH="7" HEIGHT="20" WC="0.96" CONTENT="i"/><SP WIDTH="17" VPOS="812" HPOS="292"/>
							<String ID="string_156" HPOS="309" VPOS="812" WIDTH="25" HEIGHT="21" WC="0.96" CONTENT="de"/><SP WIDTH="15" VPOS="812" HPOS="334"/>
							<String ID="string_157" HPOS="349" VPOS="812" WIDTH="90" HEIGHT="24" WC="0.96" CONTENT="kretsar,"/><SP WIDTH="16" VPOS="812" HPOS="439"/>
							<String ID="string_158" HPOS="455" VPOS="818" WIDTH="25" HEIGHT="15" WC="0.96" CONTENT="ur"/><SP WIDTH="15" VPOS="818" HPOS="480"/>
							<String ID="string_159" HPOS="495" VPOS="812" WIDTH="71" HEIGHT="21" WC="0.96" CONTENT="hvilka"/><SP WIDTH="16" VPOS="812" HPOS="566"/>
							<String ID="string_160" HPOS="582" VPOS="812" WIDTH="40" HEIGHT="21" WC="0.96" CONTENT="den"/><SP WIDTH="15" VPOS="812" HPOS="622"/>
							<String ID="string_161" HPOS="637" VPOS="812" WIDTH="75" HEIGHT="21" WC="0.96" CONTENT="hittills"/><SP WIDTH="16" VPOS="812" HPOS="712"/>
							<String ID="string_162" HPOS="728" VPOS="812" WIDTH="72" HEIGHT="21" WC="0.95" CONTENT="hållits"/><SP WIDTH="15" VPOS="812" HPOS="800"/>
							<String ID="string_163" HPOS="815" VPOS="812" WIDTH="117" HEIGHT="26" WC="0.96" CONTENT="utestängd."/>
						</TextLine>
					</TextBlock>
				</ComposedBlock>
				<ComposedBlock ID="cblock_2" HPOS="206" VPOS="858" WIDTH="761" HEIGHT="506">
					<TextBlock ID="block_4" HPOS="206" VPOS="858" WIDTH="761" HEIGHT="506">
						<TextLine ID="line_20" HPOS="278" VPOS="858" WIDTH="688" HEIGHT="26">
							<String ID="string_164" HPOS="278" VPOS="858" WIDTH="73" HEIGHT="20" WC="0.96" CONTENT="Redan"/><SP WIDTH="16" VPOS="858" HPOS="351"/>
							<String ID="string_165" HPOS="367" VPOS="858" WIDTH="35" HEIGHT="20" WC="0.96" CONTENT="vid"/><SP WIDTH="16" VPOS="858" HPOS="402"/>
							<String ID="string_166" HPOS="418" VPOS="858" WIDTH="54" HEIGHT="21" WC="0.96" CONTENT="1877"/><SP WIDTH="16" VPOS="858" HPOS="472"/>
							<String ID="string_167" HPOS="488" VPOS="858" WIDTH="34" HEIGHT="20" WC="0.93" CONTENT="års"/><SP WIDTH="16" VPOS="858" HPOS="522"/>
							<String ID="string_168" HPOS="538" VPOS="858" WIDTH="101" HEIGHT="26" WC="0.91" CONTENT="landtdag"/><SP WIDTH="16" VPOS="858" HPOS="639"/>
							<String ID="string_169" HPOS="655" VPOS="858" WIDTH="86" HEIGHT="21" WC="0.96" CONTENT="väcktes"/><SP WIDTH="12" VPOS="858" HPOS="741"/>
							<String ID="string_170" HPOS="753" VPOS="858" WIDTH="6" HEIGHT="20" WC="0.93" CONTENT="i"/><SP WIDTH="12" VPOS="858" HPOS="759"/>
							<String ID="string_171" HPOS="771" VPOS="860" WIDTH="85" HEIGHT="24" WC="0.91" CONTENT="preste-,"/><SP WIDTH="11" VPOS="860" HPOS="856"/>
							<String ID="string_172" HPOS="867" VPOS="858" WIDTH="99" HEIGHT="26" WC="0.92" CONTENT="borgare-"/>
						</TextLine>
						<TextLine ID="line_21" HPOS="212" VPOS="892" WIDTH="754" HEIGHT="26">
							<String ID="string_173" HPOS="212" VPOS="892" WIDTH="38" HEIGHT="20" WC="0.93" CONTENT="och"/><SP WIDTH="23" VPOS="892" HPOS="250"/>
							<String ID="string_174" HPOS="273" VPOS="892" WIDTH="161" HEIGHT="21" WC="0.92" CONTENT="bondeständen"/><SP WIDTH="23" VPOS="892" HPOS="434"/>
							<String ID="string_175" HPOS="457" VPOS="892" WIDTH="178" HEIGHT="26" WC="0.92" CONTENT="petitionsförslag"/><SP WIDTH="21" VPOS="892" HPOS="635"/>
							<String ID="string_176" HPOS="656" VPOS="898" WIDTH="34" HEIGHT="15" WC="0.96" CONTENT="om"/><SP WIDTH="16" VPOS="898" HPOS="690"/>
							<String ID="string_177" HPOS="706" VPOS="893" WIDTH="33" HEIGHT="20" WC="0.96" CONTENT="att"/><SP WIDTH="15" VPOS="893" HPOS="739"/>
							<String ID="string_178" HPOS="754" VPOS="892" WIDTH="212" HEIGHT="21" WC="0.96" CONTENT="landskommunerna"/>
						</TextLine>
						<TextLine ID="line_22" HPOS="210" VPOS="926" WIDTH="756" HEIGHT="27">
							<String ID="string_179" HPOS="210" VPOS="926" WIDTH="129" HEIGHT="21" WC="0.96" CONTENT="åtminstone"/><SP WIDTH="22" VPOS="926" HPOS="339"/>
							<String ID="string_180" HPOS="361" VPOS="926" WIDTH="7" HEIGHT="21" WC="0.96" CONTENT="i"/><SP WIDTH="23" VPOS="926" HPOS="368"/>
							<String ID="string_181" HPOS="391" VPOS="926" WIDTH="70" HEIGHT="27" WC="0.96" CONTENT="någon"/><SP WIDTH="19" VPOS="926" HPOS="461"/>
							<String ID="string_182" HPOS="480" VPOS="927" WIDTH="48" HEIGHT="20" WC="0.93" CONTENT="män"/><SP WIDTH="15" VPOS="927" HPOS="528"/>
							<String ID="string_183" HPOS="543" VPOS="926" WIDTH="67" HEIGHT="21" WC="0.88" CONTENT="blefve"/><SP WIDTH="15" VPOS="926" HPOS="610"/>
							<String ID="string_184" HPOS="625" VPOS="926" WIDTH="101" HEIGHT="21" WC="0.90" CONTENT="likstälda"/><SP WIDTH="16" VPOS="926" HPOS="726"/>
							<String ID="string_185" HPOS="742" VPOS="926" WIDTH="47" HEIGHT="21" WC="0.96" CONTENT="med"/><SP WIDTH="14" VPOS="926" HPOS="789"/>
							<String ID="string_186" HPOS="803" VPOS="926" WIDTH="98" HEIGHT="22" WC="0.96" CONTENT="städerna"/><SP WIDTH="15" VPOS="926" HPOS="901"/>
							<String ID="string_187" HPOS="916" VPOS="926" WIDTH="7" HEIGHT="21" WC="0.93" CONTENT="i"/><SP WIDTH="15" VPOS="926" HPOS="923"/>
							<String ID="string_188" HPOS="938" VPOS="926" WIDTH="28" HEIGHT="21" WC="0.93" CONTENT="af-"/>
						</TextLine>
						<TextLine ID="line_23" HPOS="209" VPOS="960" WIDTH="757" HEIGHT="28">
							<String ID="string_189" HPOS="209" VPOS="960" WIDTH="77" HEIGHT="21" WC="0.93" CONTENT="seende"/><SP WIDTH="23" VPOS="960" HPOS="286"/>
							<String ID="string_190" HPOS="309" VPOS="961" WIDTH="12" HEIGHT="20" WC="0.90" CONTENT="å"/><SP WIDTH="23" VPOS="961" HPOS="321"/>
							<String ID="string_191" HPOS="344" VPOS="960" WIDTH="148" HEIGHT="27" WC="0.96" CONTENT="skyldigheten"/><SP WIDTH="22" VPOS="960" HPOS="492"/>
							<String ID="string_192" HPOS="514" VPOS="963" WIDTH="32" HEIGHT="18" WC="0.96" CONTENT="att"/><SP WIDTH="23" VPOS="963" HPOS="546"/>
							<String ID="string_193" HPOS="569" VPOS="961" WIDTH="78" HEIGHT="21" WC="0.96" CONTENT="bereda"/><SP WIDTH="22" VPOS="961" HPOS="647"/>
							<String ID="string_194" HPOS="669" VPOS="961" WIDTH="31" HEIGHT="21" WC="0.96" CONTENT="sin"/><SP WIDTH="21" VPOS="961" HPOS="700"/>
							<String ID="string_195" HPOS="721" VPOS="961" WIDTH="138" HEIGHT="27" WC="0.96" CONTENT="uppväxande"/><SP WIDTH="15" VPOS="961" HPOS="859"/>
							<String ID="string_196" HPOS="874" VPOS="961" WIDTH="92" HEIGHT="26" WC="0.96" CONTENT="ungdom"/>
						</TextLine>
						<TextLine ID="line_24" HPOS="209" VPOS="994" WIDTH="758" HEIGHT="27">
							<String ID="string_197" HPOS="209" VPOS="994" WIDTH="82" HEIGHT="21" WC="0.93" CONTENT="tillfälle"/><SP WIDTH="23" VPOS="994" HPOS="291"/>
							<String ID="string_198" HPOS="314" VPOS="994" WIDTH="32" HEIGHT="21" WC="0.93" CONTENT="till"/><SP WIDTH="22" VPOS="994" HPOS="346"/>
							<String ID="string_199" HPOS="368" VPOS="994" WIDTH="200" HEIGHT="27" WC="0.92" CONTENT="folkskolebildning"/><SP WIDTH="16" VPOS="994" HPOS="568"/>
							<String ID="string_200" HPOS="584" VPOS="995" WIDTH="19" HEIGHT="20" WC="0.93" CONTENT="d."/><SP WIDTH="17" VPOS="995" HPOS="603"/>
							<String ID="string_201" HPOS="620" VPOS="1002" WIDTH="17" HEIGHT="14" WC="0.97" CONTENT="v."/><SP WIDTH="17" VPOS="1002" HPOS="637"/>
							<String ID="string_202" HPOS="654" VPOS="1001" WIDTH="16" HEIGHT="15" WC="0.93" CONTENT="s."/><SP WIDTH="17" VPOS="1001" HPOS="670"/>
							<String ID="string_203" HPOS="687" VPOS="995" WIDTH="72" HEIGHT="21" WC="0.91" CONTENT="ålades"/><SP WIDTH="16" VPOS="995" HPOS="759"/>
							<String ID="string_204" HPOS="775" VPOS="997" WIDTH="32" HEIGHT="19" WC="0.96" CONTENT="att"/><SP WIDTH="15" VPOS="997" HPOS="807"/>
							<String ID="string_205" HPOS="822" VPOS="995" WIDTH="77" HEIGHT="20" WC="0.96" CONTENT="inrätta"/><SP WIDTH="14" VPOS="995" HPOS="899"/>
							<String ID="string_206" HPOS="913" VPOS="994" WIDTH="54" HEIGHT="21" WC="0.96" CONTENT="hvar"/>
						</TextLine>
						<TextLine ID="line_25" HPOS="210" VPOS="1028" WIDTH="757" HEIGHT="28">
							<String ID="string_207" HPOS="210" VPOS="1028" WIDTH="57" HEIGHT="21" WC="0.96" CONTENT="inom"/><SP WIDTH="24" VPOS="1028" HPOS="267"/>
							<String ID="string_208" HPOS="291" VPOS="1028" WIDTH="37" HEIGHT="21" WC="0.96" CONTENT="sitt"/><SP WIDTH="19" VPOS="1028" HPOS="328"/>
							<String ID="string_209" HPOS="347" VPOS="1029" WIDTH="86" HEIGHT="21" WC="0.96" CONTENT="område"/><SP WIDTH="16" VPOS="1029" HPOS="433"/>
							<String ID="string_210" HPOS="449" VPOS="1029" WIDTH="62" HEIGHT="21" WC="0.95" CONTENT="minst"/><SP WIDTH="16" VPOS="1029" HPOS="511"/>
							<String ID="string_211" HPOS="527" VPOS="1035" WIDTH="25" HEIGHT="15" WC="0.95" CONTENT="en"/><SP WIDTH="16" VPOS="1035" HPOS="552"/>
							<String ID="string_212" HPOS="568" VPOS="1029" WIDTH="65" HEIGHT="27" WC="0.95" CONTENT="högre"/><SP WIDTH="15" VPOS="1029" HPOS="633"/>
							<String ID="string_213" HPOS="648" VPOS="1029" WIDTH="111" HEIGHT="22" WC="0.95" CONTENT="folkskola."/><SP WIDTH="32" VPOS="1029" HPOS="759"/>
							<String ID="string_214" HPOS="791" VPOS="1029" WIDTH="61" HEIGHT="21" WC="0.93" CONTENT="Allm."/><SP WIDTH="16" VPOS="1029" HPOS="852"/>
							<String ID="string_215" HPOS="868" VPOS="1029" WIDTH="99" HEIGHT="21" WC="0.92" CONTENT="Besvärs-"/>
						</TextLine>
						<TextLine ID="line_26" HPOS="210" VPOS="1062" WIDTH="756" HEIGHT="28">
							<String ID="string_216" HPOS="210" VPOS="1062" WIDTH="105" HEIGHT="21" WC="0.96" CONTENT="utskottet"/><SP WIDTH="25" VPOS="1062" HPOS="315"/>
							<String ID="string_217" HPOS="340" VPOS="1063" WIDTH="143" HEIGHT="21" WC="0.96" CONTENT="understödde"/><SP WIDTH="25" VPOS="1063" HPOS="483"/>
							<String ID="string_218" HPOS="508" VPOS="1063" WIDTH="111" HEIGHT="27" WC="0.96" CONTENT="förslagen,"/><SP WIDTH="26" VPOS="1063" HPOS="619"/>
							<String ID="string_219" HPOS="645" VPOS="1070" WIDTH="48" HEIGHT="15" WC="0.92" CONTENT="men"/><SP WIDTH="25" VPOS="1070" HPOS="693"/>
							<String ID="string_220" HPOS="718" VPOS="1063" WIDTH="156" HEIGHT="22" WC="0.92" CONTENT="ständerbeslut"/><SP WIDTH="22" VPOS="1063" HPOS="874"/>
							<String ID="string_221" HPOS="896" VPOS="1063" WIDTH="70" HEIGHT="21" WC="0.96" CONTENT="kunde"/>
						</TextLine>
						<TextLine ID="line_27" HPOS="208" VPOS="1097" WIDTH="757" HEIGHT="28">
							<String ID="string_222" HPOS="208" VPOS="1097" WIDTH="54" HEIGHT="21" WC="0.96" CONTENT="dock"/><SP WIDTH="23" VPOS="1097" HPOS="262"/>
							<String ID="string_223" HPOS="285" VPOS="1097" WIDTH="18" HEIGHT="26" WC="0.96" CONTENT="ej"/><SP WIDTH="24" VPOS="1097" HPOS="303"/>
							<String ID="string_224" HPOS="327" VPOS="1097" WIDTH="32" HEIGHT="20" WC="0.96" CONTENT="för"/><SP WIDTH="24" VPOS="1097" HPOS="359"/>
							<String ID="string_225" HPOS="383" VPOS="1097" WIDTH="106" HEIGHT="22" WC="0.96" CONTENT="desamma"/><SP WIDTH="22" VPOS="1097" HPOS="489"/>
							<String ID="string_226" HPOS="511" VPOS="1097" WIDTH="73" HEIGHT="22" WC="0.95" CONTENT="vinnas"/><SP WIDTH="23" VPOS="1097" HPOS="584"/>
							<String ID="string_227" HPOS="607" VPOS="1098" WIDTH="6" HEIGHT="20" WC="0.95" CONTENT="i"/><SP WIDTH="23" VPOS="1098" HPOS="613"/>
							<String ID="string_228" HPOS="636" VPOS="1097" WIDTH="51" HEIGHT="28" WC="0.95" CONTENT="följd"/><SP WIDTH="16" VPOS="1097" HPOS="687"/>
							<String ID="string_229" HPOS="703" VPOS="1097" WIDTH="22" HEIGHT="22" WC="0.93" CONTENT="af"/><SP WIDTH="14" VPOS="1097" HPOS="725"/>
							<String ID="string_230" HPOS="739" VPOS="1099" WIDTH="79" HEIGHT="25" WC="0.92" CONTENT="preste-"/><SP WIDTH="15" VPOS="1099" HPOS="818"/>
							<String ID="string_231" HPOS="833" VPOS="1097" WIDTH="40" HEIGHT="22" WC="0.93" CONTENT="och"/><SP WIDTH="14" VPOS="1097" HPOS="873"/>
							<String ID="string_232" HPOS="887" VPOS="1097" WIDTH="78" HEIGHT="22" WC="0.91" CONTENT="bonde-"/>
						</TextLine>
						<TextLine ID="line_28" HPOS="208" VPOS="1131" WIDTH="759" HEIGHT="28">
							<String ID="string_233" HPOS="208" VPOS="1131" WIDTH="100" HEIGHT="21" WC="0.90" CONTENT="ståndens"/><SP WIDTH="19" VPOS="1131" HPOS="308"/>
							<String ID="string_234" HPOS="327" VPOS="1131" WIDTH="115" HEIGHT="21" WC="0.96" CONTENT="motstånd."/><SP WIDTH="30" VPOS="1131" HPOS="442"/>
							<String ID="string_235" HPOS="472" VPOS="1131" WIDTH="40" HEIGHT="21" WC="0.96" CONTENT="Vid"/><SP WIDTH="18" VPOS="1131" HPOS="512"/>
							<String ID="string_236" HPOS="530" VPOS="1131" WIDTH="91" HEIGHT="27" WC="0.93" CONTENT="följande"/><SP WIDTH="19" VPOS="1131" HPOS="621"/>
							<String ID="string_237" HPOS="640" VPOS="1131" WIDTH="103" HEIGHT="28" WC="0.92" CONTENT="landtdag"/><SP WIDTH="20" VPOS="1131" HPOS="743"/>
							<String ID="string_238" HPOS="763" VPOS="1134" WIDTH="89" HEIGHT="25" WC="0.96" CONTENT="upptogs"/><SP WIDTH="15" VPOS="1134" HPOS="852"/>
							<String ID="string_239" HPOS="867" VPOS="1132" WIDTH="7" HEIGHT="20" WC="0.96" CONTENT="i"/><SP WIDTH="15" VPOS="1132" HPOS="874"/>
							<String ID="string_240" HPOS="889" VPOS="1134" WIDTH="31" HEIGHT="19" WC="0.95" CONTENT="ett"/><SP WIDTH="15" VPOS="1134" HPOS="920"/>
							<String ID="string_241" HPOS="935" VPOS="1131" WIDTH="32" HEIGHT="22" WC="0.95" CONTENT="till"/>
						</TextLine>
						<TextLine ID="line_29" HPOS="208" VPOS="1165" WIDTH="759" HEIGHT="28">
							<String ID="string_242" HPOS="208" VPOS="1165" WIDTH="177" HEIGHT="26" WC="0.92" CONTENT="borgareståndet"/><SP WIDTH="15" VPOS="1165" HPOS="385"/>
							<String ID="string_243" HPOS="400" VPOS="1165" WIDTH="115" HEIGHT="21" WC="0.92" CONTENT="inlemnadt"/><SP WIDTH="15" VPOS="1165" HPOS="515"/>
							<String ID="string_244" HPOS="530" VPOS="1165" WIDTH="181" HEIGHT="27" WC="0.92" CONTENT="petitionsförslag"/><SP WIDTH="15" VPOS="1165" HPOS="711"/>
							<String ID="string_245" HPOS="726" VPOS="1172" WIDTH="81" HEIGHT="15" WC="0.95" CONTENT="samma"/><SP WIDTH="14" VPOS="1172" HPOS="807"/>
							<String ID="string_246" HPOS="821" VPOS="1166" WIDTH="100" HEIGHT="27" WC="0.93" CONTENT="yrkande,"/><SP WIDTH="14" VPOS="1166" HPOS="921"/>
							<String ID="string_247" HPOS="935" VPOS="1168" WIDTH="32" HEIGHT="19" WC="0.91" CONTENT="ut-"/>
						</TextLine>
						<TextLine ID="line_30" HPOS="208" VPOS="1199" WIDTH="759" HEIGHT="28">
							<String ID="string_248" HPOS="208" VPOS="1199" WIDTH="87" HEIGHT="26" WC="0.92" CONTENT="vidgadt"/><SP WIDTH="17" VPOS="1199" HPOS="295"/>
							<String ID="string_249" HPOS="312" VPOS="1199" WIDTH="87" HEIGHT="25" WC="0.89" CONTENT="derhän,"/><SP WIDTH="16" VPOS="1199" HPOS="399"/>
							<String ID="string_250" HPOS="415" VPOS="1201" WIDTH="32" HEIGHT="19" WC="0.96" CONTENT="att"/><SP WIDTH="16" VPOS="1201" HPOS="447"/>
							<String ID="string_251" HPOS="463" VPOS="1199" WIDTH="212" HEIGHT="22" WC="0.85" CONTENT="landskommunerna"/><SP WIDTH="20" VPOS="1199" HPOS="675"/>
							<String ID="string_252" HPOS="695" VPOS="1200" WIDTH="68" HEIGHT="21" WC="0.96" CONTENT="borde"/><SP WIDTH="22" VPOS="1200" HPOS="763"/>
							<String ID="string_253" HPOS="785" VPOS="1200" WIDTH="84" HEIGHT="27" WC="0.95" CONTENT="åläggas"/><SP WIDTH="15" VPOS="1200" HPOS="869"/>
							<String ID="string_254" HPOS="884" VPOS="1202" WIDTH="31" HEIGHT="19" WC="0.93" CONTENT="att"/><SP WIDTH="22" VPOS="1202" HPOS="915"/>
							<String ID="string_255" HPOS="937" VPOS="1201" WIDTH="30" HEIGHT="20" WC="0.89" CONTENT="in-"/>
						</TextLine>
						<TextLine ID="line_31" HPOS="207" VPOS="1234" WIDTH="759" HEIGHT="24">
							<String ID="string_256" HPOS="207" VPOS="1235" WIDTH="57" HEIGHT="19" WC="0.96" CONTENT="rätta"/><SP WIDTH="16" VPOS="1235" HPOS="264"/>
							<String ID="string_257" HPOS="280" VPOS="1235" WIDTH="31" HEIGHT="20" WC="0.96" CONTENT="ett"/><SP WIDTH="16" VPOS="1235" HPOS="311"/>
							<String ID="string_258" HPOS="327" VPOS="1234" WIDTH="51" HEIGHT="21" WC="0.96" CONTENT="visst"/><SP WIDTH="16" VPOS="1234" HPOS="378"/>
							<String ID="string_259" HPOS="394" VPOS="1234" WIDTH="57" HEIGHT="21" WC="0.96" CONTENT="antal"/><SP WIDTH="16" VPOS="1234" HPOS="451"/>
							<String ID="string_260" HPOS="467" VPOS="1234" WIDTH="53" HEIGHT="21" WC="0.95" CONTENT="fasta"/><SP WIDTH="16" VPOS="1234" HPOS="520"/>
							<String ID="string_261" HPOS="536" VPOS="1234" WIDTH="122" HEIGHT="24" WC="0.96" CONTENT="folkskolor,"/><SP WIDTH="24" VPOS="1234" HPOS="658"/>
							<String ID="string_262" HPOS="682" VPOS="1234" WIDTH="81" HEIGHT="21" WC="0.96" CONTENT="hvilket"/><SP WIDTH="16" VPOS="1234" HPOS="763"/>
							<String ID="string_263" HPOS="779" VPOS="1235" WIDTH="57" HEIGHT="21" WC="0.95" CONTENT="antal"/><SP WIDTH="15" VPOS="1235" HPOS="836"/>
							<String ID="string_264" HPOS="851" VPOS="1235" WIDTH="66" HEIGHT="21" WC="0.93" CONTENT="borde"/><SP WIDTH="15" VPOS="1235" HPOS="917"/>
							<String ID="string_265" HPOS="932" VPOS="1235" WIDTH="34" HEIGHT="21" WC="0.91" CONTENT="be-"/>
						</TextLine>
						<TextLine ID="line_32" HPOS="206" VPOS="1265" WIDTH="761" HEIGHT="30">
							<String ID="string_266" HPOS="206" VPOS="1269" WIDTH="102" HEIGHT="20" WC="0.92" CONTENT="stämmas"/><SP WIDTH="23" VPOS="1269" HPOS="308"/>
							<String ID="string_267" HPOS="331" VPOS="1267" WIDTH="54" HEIGHT="22" WC="0.95" CONTENT="efter"/><SP WIDTH="22" VPOS="1267" HPOS="385"/>
							<String ID="string_268" HPOS="407" VPOS="1268" WIDTH="107" HEIGHT="21" WC="0.96" CONTENT="storleken"/><SP WIDTH="24" VPOS="1268" HPOS="514"/>
							<String ID="string_269" HPOS="538" VPOS="1268" WIDTH="21" HEIGHT="21" WC="0.96" CONTENT="af"/><SP WIDTH="21" VPOS="1268" HPOS="559"/>
							<String ID="string_270" HPOS="580" VPOS="1269" WIDTH="61" HEIGHT="20" WC="0.96" CONTENT="deras"/><SP WIDTH="15" VPOS="1269" HPOS="641"/>
							<String ID="string_271" HPOS="656" VPOS="1268" WIDTH="131" HEIGHT="27" WC="0.96" CONTENT="folkmängd."/><SP WIDTH="30" VPOS="1268" HPOS="787"/>
							<String ID="string_272" HPOS="817" VPOS="1265" WIDTH="65" HEIGHT="25" WC="0.94" CONTENT="Äfven"/><SP WIDTH="17" VPOS="1265" HPOS="882"/>
							<String ID="string_273" HPOS="899" VPOS="1269" WIDTH="68" HEIGHT="21" WC="0.96" CONTENT="denna"/>
						</TextLine>
						<TextLine ID="line_33" HPOS="207" VPOS="1301" WIDTH="758" HEIGHT="28">
							<String ID="string_274" HPOS="207" VPOS="1303" WIDTH="55" HEIGHT="25" WC="0.96" CONTENT="gång"/><SP WIDTH="21" VPOS="1303" HPOS="262"/>
							<String ID="string_275" HPOS="283" VPOS="1301" WIDTH="112" HEIGHT="22" WC="0.96" CONTENT="förordade"/><SP WIDTH="21" VPOS="1301" HPOS="395"/>
							<String ID="string_276" HPOS="416" VPOS="1302" WIDTH="111" HEIGHT="21" WC="0.93" CONTENT="Allmänna"/><SP WIDTH="17" VPOS="1302" HPOS="527"/>
							<String ID="string_277" HPOS="544" VPOS="1303" WIDTH="197" HEIGHT="21" WC="0.92" CONTENT="Besvärsutskottet"/><SP WIDTH="20" VPOS="1303" HPOS="741"/>
							<String ID="string_278" HPOS="761" VPOS="1303" WIDTH="204" HEIGHT="26" WC="0.92" CONTENT="petitionsförslaget,"/>
						</TextLine>
						<TextLine ID="line_34" HPOS="208" VPOS="1335" WIDTH="759" HEIGHT="29">
							<String ID="string_279" HPOS="208" VPOS="1342" WIDTH="47" HEIGHT="15" WC="0.96" CONTENT="men"/><SP WIDTH="24" VPOS="1342" HPOS="255"/>
							<String ID="string_280" HPOS="279" VPOS="1336" WIDTH="36" HEIGHT="21" WC="0.96" CONTENT="det"/><SP WIDTH="22" VPOS="1336" HPOS="315"/>
							<String ID="string_281" HPOS="337" VPOS="1335" WIDTH="61" HEIGHT="25" WC="0.92" CONTENT="hade,"/><SP WIDTH="25" VPOS="1335" HPOS="398"/>
							<String ID="string_282" HPOS="423" VPOS="1336" WIDTH="43" HEIGHT="21" WC="0.92" CONTENT="Jika"/><SP WIDTH="21" VPOS="1336" HPOS="466"/>
							<String ID="string_283" HPOS="487" VPOS="1336" WIDTH="47" HEIGHT="21" WC="0.96" CONTENT="litet"/><SP WIDTH="22" VPOS="1336" HPOS="534"/>
							<String ID="string_284" HPOS="556" VPOS="1343" WIDTH="45" HEIGHT="14" WC="0.95" CONTENT="som"/><SP WIDTH="21" VPOS="1343" HPOS="601"/>
							<String ID="string_285" HPOS="622" VPOS="1337" WIDTH="46" HEIGHT="21" WC="0.96" CONTENT="dess"/><SP WIDTH="16" VPOS="1337" HPOS="668"/>
							<String ID="string_286" HPOS="684" VPOS="1337" WIDTH="145" HEIGHT="26" WC="0.95" CONTENT="föregångare,"/><SP WIDTH="16" VPOS="1337" HPOS="829"/>
							<String ID="string_287" HPOS="845" VPOS="1337" WIDTH="74" HEIGHT="27" WC="0.96" CONTENT="lyckan"/><SP WIDTH="16" VPOS="1337" HPOS="919"/>
							<String ID="string_288" HPOS="935" VPOS="1339" WIDTH="32" HEIGHT="19" WC="0.96" CONTENT="att"/>
						</TextLine>
					</TextBlock>
				</ComposedBlock>
				<ComposedBlock ID="cblock_3" HPOS="207" VPOS="1370" WIDTH="616" HEIGHT="29">
					<TextBlock ID="block_5" HPOS="207" VPOS="1370" WIDTH="616" HEIGHT="29">
						<TextLine ID="line_35" HPOS="207" VPOS="1370" WIDTH="616" HEIGHT="29">
							<String ID="string_289" HPOS="207" VPOS="1376" WIDTH="63" HEIGHT="16" WC="0.94" CONTENT="vinna"/><SP WIDTH="16" VPOS="1376" HPOS="270"/>
							<String ID="string_290" HPOS="286" VPOS="1370" WIDTH="25" HEIGHT="22" WC="0.96" CONTENT="de"/><SP WIDTH="23" VPOS="1370" HPOS="311"/>
							<String ID="string_291" HPOS="334" VPOS="1370" WIDTH="77" HEIGHT="21" WC="0.93" CONTENT="nämda"/><SP WIDTH="22" VPOS="1370" HPOS="411"/>
							<String ID="string_292" HPOS="433" VPOS="1371" WIDTH="98" HEIGHT="14" WC="0.90" CONTENT="ståndens"/><SP WIDTH="17" VPOS="1371" HPOS="531"/>
							<String ID="string_293" HPOS="548" VPOS="1371" WIDTH="56" HEIGHT="15" WC="0.96" CONTENT="bifall"/><SP WIDTH="17" VPOS="1371" HPOS="604"/>
							<String ID="string_294" HPOS="621" VPOS="1371" WIDTH="37" HEIGHT="16" WC="0.96" CONTENT="och"/><SP WIDTH="17" VPOS="1371" HPOS="658"/>
							<String ID="string_295" HPOS="675" VPOS="1371" WIDTH="71" HEIGHT="22" WC="0.96" CONTENT="förfall"/><SP WIDTH="15" VPOS="1371" HPOS="746"/>
							<String ID="string_296" HPOS="761" VPOS="1371" WIDTH="62" HEIGHT="28" WC="0.90" CONTENT="förty."/>
						</TextLine>
					</TextBlock>
				</ComposedBlock>
				<ComposedBlock ID="cblock_4" HPOS="433" VPOS="1385" WIDTH="227" HEIGHT="7">
					<TextBlock ID="block_6" HPOS="433" VPOS="1385" WIDTH="227" HEIGHT="7">
						<TextLine ID="line_36" HPOS="433" VPOS="1385" WIDTH="227" HEIGHT="7">
							<String ID="string_297" HPOS="433" VPOS="1385" WIDTH="99" HEIGHT="7" WC="0.84" CONTENT="Stungens"/><SP WIDTH="17" VPOS="1385" HPOS="532"/>
							<String ID="string_298" HPOS="549" VPOS="1386" WIDTH="57" HEIGHT="6" WC="0.9" CONTENT="Dall"/><SP WIDTH="16" VPOS="1386" HPOS="606"/>
							<String ID="string_299" HPOS="622" VPOS="1388" WIDTH="38" HEIGHT="4" WC="0.96" CONTENT="och"/>
						</TextLine>
					</TextBlock>
				</ComposedBlock>
				<ComposedBlock ID="cblock_5" HPOS="207" VPOS="1416" WIDTH="760" HEIGHT="92">
					<TextBlock ID="block_7" HPOS="207" VPOS="1416" WIDTH="760" HEIGHT="92">
						<TextLine ID="line_37" HPOS="276" VPOS="1416" WIDTH="691" HEIGHT="28">
							<String ID="string_300" HPOS="276" VPOS="1416" WIDTH="43" HEIGHT="21" WC="0.96" CONTENT="För"/><SP WIDTH="16" VPOS="1416" HPOS="319"/>
							<String ID="string_301" HPOS="335" VPOS="1416" WIDTH="68" HEIGHT="26" WC="0.96" CONTENT="tredje"/><SP WIDTH="15" VPOS="1416" HPOS="403"/>
							<String ID="string_302" HPOS="418" VPOS="1416" WIDTH="82" HEIGHT="26" WC="0.96" CONTENT="gången"/><SP WIDTH="15" VPOS="1416" HPOS="500"/>
							<String ID="string_303" HPOS="515" VPOS="1417" WIDTH="127" HEIGHT="21" WC="0.96" CONTENT="framträder"/><SP WIDTH="15" VPOS="1417" HPOS="642"/>
							<String ID="string_304" HPOS="657" VPOS="1423" WIDTH="28" HEIGHT="15" WC="0.96" CONTENT="nu"/><SP WIDTH="14" VPOS="1423" HPOS="685"/>
							<String ID="string_305" HPOS="699" VPOS="1417" WIDTH="7" HEIGHT="20" WC="0.96" CONTENT="i"/><SP WIDTH="16" VPOS="1417" HPOS="706"/>
							<String ID="string_306" HPOS="722" VPOS="1417" WIDTH="52" HEIGHT="21" WC="0.93" CONTENT="herr"/><SP WIDTH="15" VPOS="1417" HPOS="774"/>
							<String ID="string_307" HPOS="789" VPOS="1417" WIDTH="108" HEIGHT="22" WC="0.92" CONTENT="Torckells"/><SP WIDTH="15" VPOS="1417" HPOS="897"/>
							<String ID="string_308" HPOS="912" VPOS="1417" WIDTH="55" HEIGHT="27" WC="0.91" CONTENT="peti-"/>
						</TextLine>
						<TextLine ID="line_38" HPOS="207" VPOS="1450" WIDTH="760" HEIGHT="28">
							<String ID="string_309" HPOS="207" VPOS="1450" WIDTH="136" HEIGHT="26" WC="0.90" CONTENT="tionsförslag"/><SP WIDTH="22" VPOS="1450" HPOS="343"/>
							<String ID="string_310" HPOS="365" VPOS="1450" WIDTH="105" HEIGHT="26" WC="0.96" CONTENT="yrkandet"/><SP WIDTH="19" VPOS="1450" HPOS="470"/>
							<String ID="string_311" HPOS="489" VPOS="1451" WIDTH="27" HEIGHT="26" WC="0.93" CONTENT="på"/><SP WIDTH="19" VPOS="1451" HPOS="516"/>
							<String ID="string_312" HPOS="535" VPOS="1450" WIDTH="228" HEIGHT="23" WC="0.90" CONTENT="landskommunernas"/><SP WIDTH="15" VPOS="1450" HPOS="763"/>
							<String ID="string_313" HPOS="778" VPOS="1451" WIDTH="142" HEIGHT="27" WC="0.91" CONTENT="förpligtande"/><SP WIDTH="15" VPOS="1451" HPOS="920"/>
							<String ID="string_314" HPOS="935" VPOS="1453" WIDTH="32" HEIGHT="19" WC="0.95" CONTENT="att"/>
						</TextLine>
						<TextLine ID="line_39" HPOS="276" VPOS="1489" WIDTH="501" HEIGHT="19">
							<String ID="string_315" HPOS="276" VPOS="1489" WIDTH="101" HEIGHT="17" WC="0.91" CONTENT="Allmänna"/><SP WIDTH="18" VPOS="1489" HPOS="377"/>
							<String ID="string_316" HPOS="395" VPOS="1490" WIDTH="174" HEIGHT="18" WC="0.90" CONTENT="Besrärsutskottets"/><SP WIDTH="13" VPOS="1490" HPOS="569"/>
							<String ID="string_317" HPOS="582" VPOS="1490" WIDTH="115" HEIGHT="18" WC="0.94" CONTENT="betänkande"/><SP WIDTH="15" VPOS="1490" HPOS="697"/>
							<String ID="string_318" HPOS="712" VPOS="1492" WIDTH="35" HEIGHT="16" WC="0.95" CONTENT="N:o"/><SP WIDTH="13" VPOS="1492" HPOS="747"/>
							<String ID="string_319" HPOS="760" VPOS="1490" WIDTH="17" HEIGHT="18" WC="0.96" CONTENT="5."/>
						</TextLine>
					</TextBlock>
				</ComposedBlock>
			</PrintSpace>
		</Page>
	</Layout>
</alto>
