1048 1731
222 136 13 20 4
464 136 162 19 Notionsbetänkande
640 137 26 18 N:o
678 137 21 18 15.

192 197 76 23 härvid
291 198 86 22 anförde
399 199 47 22 skäl
468 200 40 21 och
523 200 186 27 omständigheter,
725 200 59 22 detta
799 200 60 22 edert
873 200 78 27 förslag

192 231 79 28 bifalle,
295 233 72 22 såvida
389 233 151 28 bruksegarne,
562 234 7 21 i
592 235 105 21 anseende
720 234 32 22 till
775 235 40 20 den
833 235 118 26 föreslagna

193 266 188 28 tingsgästningen,
397 267 115 28 behörigen
528 268 67 21 blifvit
610 269 67 21 hörde
692 269 39 21 och
745 268 70 22 dertill
826 269 124 27 samtyckt.*

192 294 32 27 Är
248 301 54 22 1798
325 302 61 21 torde
408 302 107 27 ätskilliga
537 302 67 22 finska
623 303 128 26 bruksegare
766 302 62 22 hafva
843 303 68 27 ingätt
926 309 25 15 en

193 334 97 27 förening
310 341 34 16 om
359 338 32 19 att
407 336 36 21 det
457 337 32 25 är,
505 337 27 21 dä
547 337 109 26 bergsting
670 337 60 27 hölls,
746 337 32 21 till
794 337 157 26 bergmästaren

194 369 86 27 erlägga
303 370 13 21 3
335 370 46 27 lisp.
395 371 47 26 jern
457 371 33 21 till
505 371 146 21 förbättrande
667 371 22 22 af
701 371 249 27 bergstingsgästningen,

194 403 93 27 hvilken,
307 404 48 21 med
379 404 99 22 afseende
493 406 13 20 &
521 407 92 25 myntets
628 405 126 26 försämring
769 405 39 22 och
824 405 41 22 alla
880 411 71 16 varors

194 437 97 27 förhöjda
316 439 49 26 pris,
390 439 75 26 ansågs
491 439 132 27 otillräcklig.
654 439 33 22 Då
709 439 214 27 bergstingsrätterna
944 439 7 21 i

194 470 91 23 Finland
307 472 120 22 sedermera
447 473 101 27 indrogos
560 479 76 21 genom
652 473 88 27 Kejserl.
756 473 160 27 Förordningen
931 473 21 22 af

195 505 41 21 den
251 506 27 20 22
295 505 58 23 Mars
369 507 55 21 1854
440 507 40 22 och
496 507 25 22 de
536 507 33 22 till
584 507 65 27 sagde
660 507 126 22 domstolars
796 507 156 28 handläggning

194 539 95 23 hörande
304 540 43 22 mål
362 541 39 21 och
417 542 89 21 ärender
521 542 22 21 af
554 542 86 26 judiciel
655 541 144 23 beskaffenhet
814 541 138 23 öfverlemna-

195 574 36 21 des
254 574 33 22 till
309 575 179 27 häradsrätterna,
511 576 113 26 stadgades
646 576 7 21 i
669 577 32 21 3:e
716 576 95 27 punkten
827 576 22 22 af
862 576 89 22 nämnde

194 608 132 28 förordning:
359 626 10 9 ,
371 610 165 22 Vederbörande
559 610 87 22 domare
669 610 114 27 berättigas
802 610 102 27 deremot,
920 612 31 20 att

195 648 26 16 en
243 642 53 22 hvar
317 643 47 22 från
385 644 25 22 de
425 644 55 22 bruk
495 645 39 21 och
550 651 118 21 masugnar,
685 651 45 15 som
745 646 37 20 äro
798 644 57 22 inom
870 645 81 21 domsa-

194 682 41 21 gan
251 677 95 27 belägne,
363 678 96 27 uppbära
474 679 40 21 den
530 678 32 22 för
577 679 163 27 Bergmästaren
756 678 117 22 fastställde
888 678 64 28 tings-

194 711 104 29 gästning,
314 712 106 26 utgående
433 713 84 27 jemlikt
531 712 176 28 författningarne
721 712 8 22 i
744 713 107 27 stångjern
862 713 47 21 med
919 714 33 20 tre

195 745 84 27 lispund
302 746 47 21 från
371 746 73 28 hvarje
468 747 173 27 stångjernshärd
665 748 38 20 och
719 747 123 27 knippverk,
865 753 37 15 sex
916 747 36 21 lis-

194 780 59 26 pund
276 780 32 21 för
331 787 88 20 masugn
435 781 39 21 och
489 783 32 20 tre
537 781 84 27 lispund
636 782 46 21 från
697 781 100 27 sulu-ugn
812 781 35 21 vid
861 781 91 27 koppar-

194 814 79 22 verken
295 814 33 22 till
344 814 85 28 delning
443 815 78 21 mellan
536 816 95 26 Lagman
647 816 38 21 och
701 815 172 27 Häradshöfding
887 815 66 26 enligt

195 848 27 22 de
237 848 32 22 för
284 849 192 27 tingsgästningens
491 850 118 26 utgörande
624 850 6 20 i
646 849 116 22 allmänhet
777 850 102 26 stadgade
891 855 62 21 grun-

195 882 55 22 der.*
280 883 29 21 Af
322 883 133 22 förestående
471 884 132 27 ordalydelse
619 884 70 22 kunde
705 884 40 21 den
758 883 87 22 slutsats
855 883 97 27 möjligen

195 917 83 27 dragas,
301 919 32 20 att
348 918 224 27 Häradshöfdingarne
587 918 68 22 skulle
671 924 38 21 ega
725 919 32 20 att
771 917 96 28 uppbära
881 917 71 28 bergs-

194 951 182 28 tingsgästningen
399 953 88 26 årligen,
503 959 48 15 men
568 953 26 21 då
609 953 27 27 på
652 953 47 21 dem
715 952 47 21 icke
777 951 115 22 öfverlåtits
908 951 45 22 vid-

194 985 119 22 sträcktare
328 986 109 27 rättighet,
453 989 26 19 än
495 987 40 21 den
550 987 172 26 bergmästarene
737 986 58 21 förut
809 986 59 27 egde,
882 987 24 20 är
917 985 36 22 det

194 1020 83 27 tydligt,
301 1022 32 19 att
348 1021 243 27 bergstingsgästningen
606 1021 40 21 bör
660 1021 51 26 utgå
726 1020 33 21 till
774 1020 26 21 de
815 1020 88 21 anförda
917 1019 35 22 be-

194 1053 78 28 loppen
295 1055 75 21 endast
392 1055 129 21 hvartannat
536 1055 30 21 år.
597 1055 49 21 Men
662 1055 48 21 med
725 1054 46 21 skäl
787 1054 41 21 kan
844 1054 108 27 ifrågasät-

194 1090 40 25 tas,
250 1088 105 22 huruvida
371 1089 40 21 den
427 1088 62 22 ofvan
504 1089 139 21 omförmälda
658 1088 226 22 öfverenskommelsen
899 1087 22 22 af
929 1088 24 21 år

196 1123 62 23 1798,
274 1129 46 15 som
336 1123 59 26 afsäg
410 1123 100 21 särskildt
525 1123 145 21 förbättrande
685 1122 22 22 af
722 1123 40 20 den
777 1121 68 22 finska
859 1122 94 27 bergmä-

194 1159 83 19 starens
292 1157 161 27 tingsgästning,
470 1157 39 21 och
524 1157 46 22 icke
586 1157 70 22 kunde
671 1156 107 28 upphäfva
793 1157 40 20 den
849 1156 105 21 allmänna

194 1190 124 28 giltigheten
334 1191 22 22 af
369 1191 76 27 Kongl.
461 1191 85 22 Brefvet
562 1192 40 21 den
618 1192 24 20 21
658 1191 42 27 Maj
714 1192 62 25 1744,
788 1197 50 15 vore
848 1189 105 22 bindande

194 1225 33 21 för
247 1225 164 28 bruksegarene,
435 1226 64 21 sedan
522 1225 291 27 bergmästarebefattningen
835 1224 68 21 blifvit
922 1224 32 21 in-

197 1259 84 27 dragen.

262 1293 37 22 Uti
322 1293 39 22 den
384 1293 22 22 af
427 1293 133 27 styrelselsen
583 1293 31 22 till
636 1293 54 22 1867
707 1294 34 21 ärs
756 1293 103 26 landtdag
874 1292 79 22 aflätna

194 1327 132 27 proposition
349 1328 109 26 angäende
480 1327 104 27 lagmans-
607 1328 39 21 och
664 1327 291 27 häradshöfdingetingsgäst-

195 1362 76 27 ningens
298 1362 119 27 utgörande
432 1361 109 28 föreslogs,
557 1364 32 19 att
604 1362 128 27 stadgandet
747 1361 6 21 i
769 1361 149 27 förordningen
934 1360 21 22 af

195 1397 40 21 den
259 1397 26 20 22
309 1396 57 22 Mars
391 1397 56 21 1854
469 1396 108 27 angäende
592 1396 167 27 tingsgästnings
775 1395 117 27 utgörande
907 1394 49 22 med

194 1430 55 22 vissa
271 1430 86 27 lispund
377 1430 47 28 jern
447 1430 32 22 för
501 1430 54 21 bruk
578 1430 39 22 och
634 1436 121 21 masugnar,
772 1430 119 27 jäfvensom
907 1428 48 22 de
943 1424 17 38 i

263 1470 204 18 Ekonomiutskottets
479 1469 121 19 betänkande
612 1470 35 17 N:o
660 1471 29 16 20.
