1048 1731
235 128 26 19 10
416 127 228 22 Petitionsbetänkande
661 128 34 21 N:o
711 127 34 22 35.

204 189 110 28 strängdt
337 189 79 21 arbete
432 189 126 28 medtagna
574 189 89 22 krafter
679 189 145 29 naturenligt
839 190 8 21 i
866 190 97 21 främsta

204 225 103 20 rummet
323 223 56 21 söka
394 223 142 22 rekreation.

274 258 47 21 För
336 265 29 13 en
381 257 72 28 skola,
476 265 50 14 som
542 257 92 22 arbetar
650 258 53 21 med
718 258 89 21 inemot
823 260 92 19 ettusen
930 257 32 21 lä-

202 299 51 14 rare
270 292 44 21 och
331 291 65 22 öfver
411 291 136 22 halftannat
562 292 161 21 hundratusen
739 292 78 21 elever
833 292 79 21 kunna
920 291 42 30 dy-

203 326 50 21 lika
276 325 87 22 smulor
387 326 52 21 icke
463 333 69 14 anses
558 333 54 15 vara
632 326 144 28 tillräckliga
791 326 75 21 under
881 333 30 14 en
926 326 35 21 tid

203 361 30 21 då
249 361 46 21 alla
310 360 131 22 kulturfolk
456 361 48 21 låta
519 361 37 28 sig
572 361 123 28 angeläget
710 368 61 21 vara,
788 362 35 19 att
833 361 72 21 redan
914 361 45 21 den

202 395 102 28 primära
319 395 207 28 fundervisningen
549 395 115 21 bedrifves
687 395 26 21 af
737 395 80 27 lärare,
841 395 81 21 hvilka
937 395 26 21 så

203 429 52 21 vidt
279 429 93 28 möjligt
395 433 39 17 äro
451 429 65 22 såväl
532 429 123 22 teoretiskt
670 437 49 14 som
735 429 118 28 praktiskt
868 429 37 21 till
921 429 41 21 sitt

204 463 48 21 kall
267 463 39 22 väl
321 463 129 22 utbildade.

274 497 71 23 Såväl
368 497 149 29 kyrkolagen
541 498 8 21 i
574 499 13 25 $
603 498 27 21 45
647 505 49 14 som
711 497 109 29 gällande
836 497 126 22 folkskole-

204 532 142 28 förordning
367 532 26 21 af
413 532 46 21 den
489 533 23 21 11
540 532 46 28 Maj
613 533 55 21 1866
691 532 8 21 i
723 534 12 26 8
762 533 40 21 114
825 532 84 28 ålägga
933 532 27 21 de

201 566 114 28 kyrkliga
337 566 167 22 kommunerna
528 568 34 19 att
578 566 68 26 tillse,
662 568 35 20 att
713 566 93 22 tillfälle
822 566 37 22 till
875 566 83 22 under-

202 601 95 28 visning
319 601 8 21 i
352 600 62 22 fasta
438 601 44 21 och
504 600 117 29 flyttande
647 600 78 22 skolor
747 601 52 21 icke
815 601 38 21 må
867 601 92 21 saknas.

202 635 218 29 Följdriktigheten
436 635 65 21 torde
514 635 86 27 fordra,
609 637 35 19 att
660 635 45 21 den
721 635 110 28 kyrkliga
847 635 113 29 styrelsen

202 669 134 29 uppdrages
359 669 63 21 hålla
446 672 45 26 öga
507 669 113 26 deröfver,
639 671 34 19 att
689 671 34 19 ett
739 669 141 28 tillräckligt
897 670 64 20 antal

202 703 43 21 sitt
261 704 49 21 kall
326 711 78 14 vuxna
419 704 74 21 lärare
507 704 103 21 utbildas
627 704 38 21 för
680 704 67 21 dessa
755 704 78 21 skolor
843 704 44 21 och
897 704 62 21 detta

202 738 26 21 så
248 738 95 28 mycket
367 738 72 22 hellre
459 746 49 13 som
523 738 208 28 stiftsstyrelserna
746 738 75 21 bättre
838 742 29 18 än
882 739 78 27 någon

202 780 79 14 annan
296 773 139 28 myndighet
452 776 39 18 äro
507 772 89 28 egnade
613 774 35 20 att
664 772 127 29 uppskatta
800 772 160 22 småbarnsko-

200 807 79 21 lornas
303 810 63 18 stora
390 807 122 28 betydelse
536 809 59 19 samt
619 810 39 18 äro
683 806 9 21 i
717 806 94 22 tillfälle
828 809 35 19 att
877 807 81 28 pröfva

202 841 62 21 huru
287 842 85 27 många
394 848 47 21 nya
465 841 165 21 lärarekrafter
646 842 31 27 på
693 841 80 29 hvarje
789 843 36 19 ort
839 844 68 26 göres
923 842 37 20 be-

201 875 44 21 hof
259 876 44 21 och
319 876 30 28 på
365 875 61 22 hvad
442 877 48 19 sätt
505 876 67 21 dessa
588 876 165 21 lärarekrafter
767 876 76 28 enligt
858 876 101 21 rådande

200 910 148 21 förhållande
365 910 7 20 i
388 910 78 21 skilda
483 910 136 21 landsdelar
635 910 223 28 ändamålsenligast
872 910 38 21 må
925 915 35 17 ut-

201 944 84 22 bildas.

270 979 48 21 Vid
339 979 78 21 denna
441 979 110 28 verkliga
573 979 123 26 folkskola,
723 986 48 15 som
794 979 51 21 icke
862 979 97 21 allenast

200 1013 75 21 håller
297 1013 52 22 sina
371 1013 80 22 dörrar
483 1017 78 25 öppna
576 1013 37 21 för
630 1013 45 22 alla
691 1013 64 26 barn,
771 1015 58 20 utan
843 1013 117 28 uppsöker

200 1047 72 22 äfven
295 1047 28 22 de
338 1047 122 28 fattigaste
485 1047 58 22 barn
559 1047 61 22 ända
635 1047 62 22 ifrån
713 1047 123 29 odlingens
852 1048 108 21 utkanter

200 1081 45 22 och
268 1089 49 14 som
340 1081 111 28 derjemte
476 1085 24 18 är
525 1082 75 21 såsom
625 1081 152 22 bottenskola
799 1082 160 29 oundgänglig

200 1115 37 22 för
261 1118 35 19 att
319 1115 45 22 den
388 1116 70 29 högre
486 1116 136 21 folkskolan
641 1116 60 21 skall
716 1116 81 22 kunna
813 1116 80 21 arbeta
908 1117 51 21 med

200 1150 131 28 framgång,
356 1154 25 17 är
403 1150 112 22 förenadt
531 1152 34 19 ett
581 1151 25 21 så
621 1150 88 29 vigtigt
724 1150 183 29 medborgerligt
923 1151 35 21 in-

200 1187 79 25 tresse,
297 1187 34 18 att
347 1184 134 22 densamma
497 1185 66 21 torde
579 1192 56 14 vara
650 1185 97 28 förtjent
763 1185 27 21 af
798 1185 159 22 statsmakter-

200 1226 42 14 nas
259 1226 80 14 varma
353 1219 136 21 understöd.

272 1253 54 21 Med
335 1253 128 28 anledning
483 1253 26 22 af
526 1253 61 22 hvad
600 1253 42 28 jag
651 1253 50 22 haft
709 1257 56 18 äran
781 1253 124 22 framhålla
919 1255 39 20 vå-

200 1293 43 22 gar
256 1287 42 28 jag
313 1287 135 28 ödmjukast
463 1287 90 28 föreslå,

408 1364 33 20 att
455 1362 110 28 Styrelsen
576 1363 48 20 ville
635 1363 64 21 anslå
710 1369 27 15 en
747 1363 115 26 tillräcklig
872 1370 83 14 summa

339 1396 35 27 för
397 1398 33 20 att
445 1397 28 27 af
486 1397 84 22 landets
586 1397 139 28 Domkapitel
740 1398 117 21 användas
873 1397 34 22 till
921 1399 35 20 ut-

271 1437 98 17 Allmänna
381 1437 173 18 Besvärsutskottets
566 1438 110 17 betänkande
688 1438 35 17 N:o
735 1438 31 17 29.
