1048 1731
319 128 239 24 Motionsbetänkande
575 128 38 24 N:o
629 129 21 22 9.
822 137 14 14 5

175 196 29 17 2:0
216 195 54 24 intyg
281 196 29 17 att
321 193 111 26 låntagaren
445 195 21 18 är
478 195 61 24 laglig
551 194 124 19 innehafvare
687 195 21 18 af
720 195 146 24 koncessionen;

107 225 49 17 samt

175 254 29 17 3:0
216 253 89 23 behörigt
316 253 54 19 bevis
383 252 96 23 deröfver,
492 254 29 17 att
530 251 182 26 jernvägsområdet
724 253 6 18 i
739 253 36 19 den
785 253 81 23 ordning

106 281 58 19 ofvan
180 281 109 24 åberopade
306 281 113 24 förordning
435 282 80 23 stadgar
534 281 66 19 blifvit
618 282 147 23 exproprieradt
782 282 36 19 och
837 282 28 18 till

103 311 218 24 jernvägsanläggarens
333 311 104 23 besittning
449 311 147 18 öfverlemnadt.

463 358 42 21 83.

175 392 62 19 Sökes
253 392 110 24 inteckning
378 392 27 18 till
418 392 92 19 säkerhet
522 392 32 19 för
566 391 30 20 län
609 393 51 18 emot
672 392 79 23 tryckta
763 392 46 19 eller
821 397 42 18 gra-

106 421 71 19 verade
190 421 149 24 förskrifningar,
353 421 70 18 ställda
435 421 29 18 till
476 421 144 22 innehafvaren,
633 421 36 18 bör
680 421 99 18 sökanden
792 421 73 24 ingifva

106 450 36 19 den
155 450 94 24 handling,
263 450 54 19 hvari
329 449 85 20 tillständ
427 450 29 18 till
467 449 63 20 länets
539 450 123 23 upptagande
670 450 21 18 af
697 450 75 19 landets
781 450 82 23 styrelse

105 479 111 19 meddelats.
239 479 9 18 I
267 479 116 19 domstolens
400 479 104 23 protokoll,
521 479 85 18 rörande
618 479 55 23 dylik
685 479 116 23 inteckning,
814 479 49 18 skall

107 507 61 19 denna
185 507 91 24 handling
293 507 35 19 och
346 507 6 19 i
368 507 92 19 händelse
473 507 94 19 kontrakt
579 513 30 13 om
622 506 51 20 länet
684 507 95 23 afslutats,
793 513 70 13 samma

104 536 93 19 kontrakt
209 538 49 17 samt
270 542 23 13 en
305 536 21 18 af
337 536 175 24 förskrifningarne,
526 536 65 18 derest
604 536 23 18 de
639 537 33 17 äro
681 536 130 24 likalydande,
820 542 41 13 men

105 570 31 14 om
154 565 24 19 de
196 566 33 18 äro
246 565 21 19 af
281 565 52 19 olika
349 565 80 23 lydelse,
444 570 23 14 en
480 565 22 18 af
513 565 67 23 hvarje
592 565 47 23 slag,
652 565 117 23 ordagrannt
780 565 83 24 intagas;

104 594 104 23 hvarefter,
225 600 31 12 om
274 594 110 23 inteckning
400 594 87 24 beviljas,
503 594 56 18 bevis
577 594 90 18 deröfver
678 592 91 20 äteeknas
781 594 82 18 allenast

104 624 61 22 sagde
177 624 91 23 handling
280 624 35 18 och
327 623 98 22 kontrakt,
437 622 26 24 pä
475 624 40 18 sätt
527 623 6 18 i
546 625 9 20 $
569 624 21 17 23
604 623 22 18 af
635 623 144 23 Förordningen
792 628 31 14 om
835 624 26 17 in-

104 652 90 24 teckning
205 652 6 18 i
223 652 38 19 fast
273 652 92 24 egendom
377 653 22 17 af
410 652 36 19 den
460 654 9 16 9
483 652 110 19 November
607 653 43 17 1868
664 652 82 24 stadgas.

172 682 118 23 Inteckning,
307 687 40 13 som
366 681 29 19 till
413 681 92 19 säkerhet
523 681 31 19 för
572 681 64 24 dylikt
652 680 30 19 län
695 681 103 23 meddelas,
810 681 51 23 gälle

103 710 61 19 under
172 710 44 19 hela
223 710 36 20 den
268 711 33 23 tid,
310 710 78 20 hvilken
397 710 30 19 för
435 709 164 25 äterbetalningen
608 711 21 17 af
636 709 51 20 länet
694 710 66 19 blifvit
768 710 94 22 bestämd,

103 740 46 17 utan
160 740 30 18 att
200 740 97 22 förnyelse
308 740 21 18 af
339 739 135 23 inteckningen
486 739 104 22 erfordras,
600 740 56 18 äfven
666 745 29 13 om
704 738 157 24 äterbetalnings-

103 768 52 18 tiden
168 768 105 19 utsträekts
286 768 55 19 öfver
353 768 26 18 tio
392 767 26 19 är.
443 768 41 19 Och
496 768 51 19 skall
556 768 116 24 kungörelse
681 774 30 12 om
719 767 60 19 sådan
787 768 74 18 inteck-

102 796 45 24 ning
159 797 17 23 ej
190 797 71 19 mindre
273 802 67 19 genom
353 797 116 19 domstolens
482 798 91 22 försorg
565 792 9 33 i
584 797 74 19 landets
668 797 87 19 officiella
764 797 97 23 tidningar

103 825 71 19 införas
188 827 24 17 än
224 826 6 18 i
242 826 95 18 allmänna
348 826 230 24 författningssamlingen
590 825 50 25 ingä.

461 874 39 21 84.

171 904 29 22 Är
218 908 112 19 koncession
349 908 11 19 å
374 908 211 24 jernvägsanläggning
603 908 84 24 beviljad
699 908 44 19 med
755 908 65 18 vilkor
831 909 30 17 att

98 938 107 23 jernvägen
223 938 50 18 efter
289 937 39 19 viss
345 937 27 18 tid
389 937 50 19 skall
455 938 30 17 till
504 938 73 18 kronan
593 937 86 19 afträdas
692 938 51 18 emot
755 936 46 19 eller
813 938 46 17 utan

101 967 60 22 lösen,
178 967 35 18 bör
228 967 76 23 uppgift
315 972 30 13 om
359 966 58 19 sädan
430 967 28 18 tid
471 967 6 17 i
490 967 98 18 hvardera
599 966 55 19 fallet
665 965 44 24 ingä
721 966 6 17 i
740 965 67 24 hvarje
820 966 39 18 för-

101 995 99 24 skrifning,
218 1001 40 12 som
275 996 22 17 är
311 995 68 18 afsedd
391 997 29 16 att
432 995 5 18 i
447 996 109 23 jernvägen
569 995 104 18 inteeknas.
697 993 30 20 Då
735 995 84 23 jernväg
831 994 28 19 till

102 1024 73 18 kronan
188 1025 45 17 utan
247 1024 104 23 ersättning
364 1023 95 24 öfvergär,
470 1024 76 23 upphör
555 1024 133 24 inteckningen
696 1025 29 17 att
732 1023 56 24 gälla,
797 1023 62 19 ehvad

100 1053 69 23 gälden
182 1054 21 17 är
215 1053 70 24 gulden
299 1053 46 18 eller
357 1053 47 18 icke.

457 1101 40 20 85.

168 1132 29 20 Dä
209 1133 78 24 tryckta
299 1133 46 19 eller
357 1133 107 24 graverade
477 1133 149 24 förskrifningar
635 1133 76 23 inlösas,
720 1132 30 19 mä
759 1133 23 18 de
791 1133 21 18 af
819 1132 38 19 län-

98 1164 85 22 tagaren,
200 1163 50 17 dock
266 1163 43 18 icke
322 1163 61 18 oftare
395 1164 24 17 än
432 1168 23 13 en
468 1162 51 24 gång
532 1168 30 13 om
575 1161 47 24 året,
635 1162 137 19 öfverkorsade
785 1162 71 18 företes

98 1191 35 18 hos
146 1191 35 18 den
194 1191 89 23 domstol,
295 1197 40 13 som
347 1191 92 18 fastställt
451 1191 157 24 inteckningen,
602 1186 12 33 i
620 1191 88 19 afseende
717 1190 11 19 ä
737 1191 119 18 densammas

98 1220 94 22 dödande,
205 1219 22 19 sä
238 1220 43 18 vidt
292 1219 59 24 angär
363 1220 36 18 den
413 1220 30 18 del
455 1220 22 18 af
488 1219 58 24 länet,
559 1225 41 13 som
613 1219 79 19 sälunda
703 1219 64 18 blifvit
779 1219 76 22 gulden.

97 1247 28 19 Pä
142 1248 67 23 hvarje
228 1249 5 17 i
251 1249 46 18 slikt
309 1249 50 23 syfte
371 1249 95 18 inlemnad
480 1249 127 23 förskrifning
619 1248 72 25 äligger
704 1249 32 18 det
749 1247 107 19 domstolen

97 1278 29 17 att
138 1277 70 18 teckna
220 1277 55 19 bevis
287 1283 30 13 om
330 1277 144 24 inteckningens
489 1277 95 19 dödande.

456 1325 10 20 S
480 1325 15 17 6.

164 1358 93 23 Domstol,
276 1357 25 25 pä
319 1359 78 19 hvilken
417 1359 33 18 det
470 1359 113 18 ankommer
603 1360 29 17 att
652 1358 107 24 handlägga
771 1357 83 19 ärenden

94 1387 83 18 rörande
195 1388 110 23 inteckning
323 1388 5 18 i
342 1388 88 23 jernväg,
448 1388 51 18 skall
518 1389 56 17 öfver
588 1388 38 18 alla
639 1387 66 24 dylika
717 1387 83 18 ärenden
812 1386 43 18 föra

93 1416 99 22 protokoll
206 1416 6 18 i
229 1416 83 19 särskild
329 1417 45 22 bok,
390 1417 40 18 deri
443 1417 104 22 ärendena,
560 1417 63 18 ehvad
636 1417 24 18 de
672 1415 49 25 angä
733 1415 121 23 intecknings

93 1444 114 24 beviljande,
225 1445 106 23 förnyande
348 1446 46 18 eller
409 1445 97 22 dödande,
522 1446 48 18 böra
586 1445 67 24 inflyta
668 1445 6 18 i
687 1445 37 18 den
737 1444 80 24 ordning
830 1444 24 19 de

162 1473 141 25 Lagutskottets
316 1474 116 20 betänkande
444 1474 38 20 N:o
495 1475 27 19 18,
