<?xml version="1.0" encoding="UTF-8"?>
<alto xmlns="http://www.loc.gov/standards/alto/ns-v3#" xmlns:xlink="http://www.w3.org/1999/xlink" xmlns:xsi="http://www.w3.org/2001/XMLSchema-instance" xsi:schemaLocation="http://www.loc.gov/standards/alto/ns-v3# http://www.loc.gov/alto/v3/alto-3-0.xsd">
	<Description>
		<MeasurementUnit>pixel</MeasurementUnit>
		<sourceImageInformation>
			<fileName>/tmp/tess_qdc6_ioo_input.PNG</fileName>
		</sourceImageInformation>
		<OCRProcessing ID="OCR_0">
			<ocrProcessingStep>
				<processingSoftware>
					<softwareName>tesseract 5.3.4</softwareName>
				</processingSoftware>
			</ocrProcessingStep>
		</OCRProcessing>
	</Description>
	<Layout>
		<Page WIDTH="1048" HEIGHT="1731" PHYSICAL_IMG_NR="0" ID="page_0">
			<PrintSpace HPOS="0" VPOS="0" WIDTH="1048" HEIGHT="1731">
				<ComposedBlock ID="cblock_0" HPOS="229" VPOS="71" WIDTH="491" HEIGHT="27">
					<TextBlock ID="block_0" HPOS="229" VPOS="71" WIDTH="491" HEIGHT="27">
						<TextLine ID="line_0" HPOS="229" VPOS="71" WIDTH="491" HEIGHT="27">
							<String ID="string_0" HPOS="229" VPOS="71" WIDTH="354" HEIGHT="26" WC="0.86" CONTENT="Motionsbetinkande"/><SP WIDTH="14" VPOS="71" HPOS="583"/>
							<String ID="string_1" HPOS="597" VPOS="74" WIDTH="55" HEIGHT="23" WC="0.96" CONTENT="N:o"/><SP WIDTH="16" VPOS="74" HPOS="652"/>
							<String ID="string_2" HPOS="668" VPOS="74" WIDTH="52" HEIGHT="24" WC="0.96" CONTENT="16."/>
						</TextLine>
					</TextBlock>
				</ComposedBlock>
				<ComposedBlock ID="cblock_1" HPOS="303" VPOS="445" WIDTH="552" HEIGHT="195">
					<TextBlock ID="block_1" HPOS="303" VPOS="445" WIDTH="552" HEIGHT="195">
						<TextLine ID="line_1" HPOS="370" VPOS="445" WIDTH="483" HEIGHT="23">
							<String ID="string_3" HPOS="370" VPOS="445" WIDTH="246" HEIGHT="22" WC="0.92" CONTENT="Ekonomiutskottets"/><SP WIDTH="11" VPOS="445" HPOS="616"/>
							<String ID="string_4" HPOS="627" VPOS="445" WIDTH="149" HEIGHT="22" WC="0.84" CONTENT="betänkande"/><SP WIDTH="10" VPOS="445" HPOS="776"/>
							<String ID="string_5" HPOS="786" VPOS="446" WIDTH="32" HEIGHT="22" WC="0.90" CONTENT="N:o"/><SP WIDTH="11" VPOS="446" HPOS="818"/>
							<String ID="string_6" HPOS="829" VPOS="447" WIDTH="24" HEIGHT="21" WC="0.96" CONTENT="19"/>
						</TextLine>
						<TextLine ID="line_2" HPOS="303" VPOS="479" WIDTH="551" HEIGHT="30">
							<String ID="string_7" HPOS="303" VPOS="479" WIDTH="6" HEIGHT="21" WC="0.96" CONTENT="i"/><SP WIDTH="15" VPOS="479" HPOS="309"/>
							<String ID="string_8" HPOS="324" VPOS="479" WIDTH="99" HEIGHT="28" WC="0.96" CONTENT="anledning"/><SP WIDTH="14" VPOS="479" HPOS="423"/>
							<String ID="string_9" HPOS="437" VPOS="479" WIDTH="22" HEIGHT="22" WC="0.96" CONTENT="af"/><SP WIDTH="19" VPOS="479" HPOS="459"/>
							<String ID="string_10" HPOS="478" VPOS="481" WIDTH="27" HEIGHT="20" WC="0.96" CONTENT="ett"/><SP WIDTH="22" VPOS="481" HPOS="505"/>
							<String ID="string_11" HPOS="527" VPOS="481" WIDTH="49" HEIGHT="20" WC="0.93" CONTENT="inom"/><SP WIDTH="15" VPOS="481" HPOS="576"/>
							<String ID="string_12" HPOS="591" VPOS="480" WIDTH="133" HEIGHT="29" WC="0.91" CONTENT="Ridderskapet"/><SP WIDTH="23" VPOS="480" HPOS="724"/>
							<String ID="string_13" HPOS="747" VPOS="481" WIDTH="33" HEIGHT="21" WC="0.93" CONTENT="och"/><SP WIDTH="17" VPOS="481" HPOS="780"/>
							<String ID="string_14" HPOS="797" VPOS="481" WIDTH="57" HEIGHT="21" WC="0.91" CONTENT="Adeln"/>
						</TextLine>
						<TextLine ID="line_3" HPOS="303" VPOS="514" WIDTH="550" HEIGHT="30">
							<String ID="string_15" HPOS="303" VPOS="514" WIDTH="104" HEIGHT="22" WC="0.90" CONTENT="framstäldt"/><SP WIDTH="22" VPOS="514" HPOS="407"/>
							<String ID="string_16" HPOS="429" VPOS="514" WIDTH="149" HEIGHT="28" WC="0.89" CONTENT="motionsförslag"/><SP WIDTH="21" VPOS="514" HPOS="578"/>
							<String ID="string_17" HPOS="599" VPOS="522" WIDTH="27" HEIGHT="14" WC="0.96" CONTENT="om"/><SP WIDTH="20" VPOS="522" HPOS="626"/>
							<String ID="string_18" HPOS="646" VPOS="516" WIDTH="78" HEIGHT="28" WC="0.96" CONTENT="ändring"/><SP WIDTH="24" VPOS="516" HPOS="724"/>
							<String ID="string_19" HPOS="748" VPOS="516" WIDTH="21" HEIGHT="21" WC="0.96" CONTENT="af"/><SP WIDTH="22" VPOS="516" HPOS="769"/>
							<String ID="string_20" HPOS="791" VPOS="517" WIDTH="12" HEIGHT="25" WC="0.69" CONTENT="&amp;"/><SP WIDTH="26" VPOS="517" HPOS="803"/>
							<String ID="string_21" HPOS="829" VPOS="516" WIDTH="24" HEIGHT="21" WC="0.96" CONTENT="49"/>
						</TextLine>
						<TextLine ID="line_4" HPOS="303" VPOS="548" WIDTH="552" HEIGHT="30">
							<String ID="string_22" HPOS="303" VPOS="550" WIDTH="6" HEIGHT="20" WC="0.94" CONTENT="i"/><SP WIDTH="25" VPOS="550" HPOS="309"/>
							<String ID="string_23" HPOS="334" VPOS="548" WIDTH="131" HEIGHT="29" WC="0.94" CONTENT="förordningen"/><SP WIDTH="28" VPOS="548" HPOS="465"/>
							<String ID="string_24" HPOS="493" VPOS="548" WIDTH="93" HEIGHT="29" WC="0.93" CONTENT="angående"/><SP WIDTH="25" VPOS="548" HPOS="586"/>
							<String ID="string_25" HPOS="611" VPOS="549" WIDTH="244" HEIGHT="29" WC="0.89" CONTENT="kommunalförvaltningen"/>
						</TextLine>
						<TextLine ID="line_5" HPOS="304" VPOS="582" WIDTH="551" HEIGHT="31">
							<String ID="string_26" HPOS="304" VPOS="582" WIDTH="23" HEIGHT="30" WC="0.96" CONTENT="på"/><SP WIDTH="21" VPOS="582" HPOS="327"/>
							<String ID="string_27" HPOS="348" VPOS="584" WIDTH="63" HEIGHT="21" WC="0.95" CONTENT="landet"/><SP WIDTH="15" VPOS="584" HPOS="411"/>
							<String ID="string_28" HPOS="426" VPOS="584" WIDTH="21" HEIGHT="21" WC="0.95" CONTENT="af"/><SP WIDTH="20" VPOS="584" HPOS="447"/>
							<String ID="string_29" HPOS="467" VPOS="584" WIDTH="34" HEIGHT="21" WC="0.95" CONTENT="den"/><SP WIDTH="23" VPOS="584" HPOS="501"/>
							<String ID="string_30" HPOS="524" VPOS="584" WIDTH="12" HEIGHT="21" WC="0.94" CONTENT="5"/><SP WIDTH="16" VPOS="584" HPOS="536"/>
							<String ID="string_31" HPOS="552" VPOS="584" WIDTH="88" HEIGHT="21" WC="0.95" CONTENT="Februari"/><SP WIDTH="24" VPOS="584" HPOS="640"/>
							<String ID="string_32" HPOS="664" VPOS="584" WIDTH="57" HEIGHT="29" WC="0.93" CONTENT="1865,"/><SP WIDTH="23" VPOS="584" HPOS="721"/>
							<String ID="string_33" HPOS="744" VPOS="584" WIDTH="67" HEIGHT="22" WC="0.89" CONTENT="derhän"/><SP WIDTH="16" VPOS="584" HPOS="811"/>
							<String ID="string_34" HPOS="827" VPOS="585" WIDTH="28" HEIGHT="20" WC="0.96" CONTENT="att"/>
						</TextLine>
						<TextLine ID="line_6" HPOS="304" VPOS="618" WIDTH="489" HEIGHT="22">
							<String ID="string_35" HPOS="304" VPOS="618" WIDTH="118" HEIGHT="22" WC="0.93" CONTENT="kommunens"/><SP WIDTH="15" VPOS="618" HPOS="422"/>
							<String ID="string_36" HPOS="437" VPOS="618" WIDTH="146" HEIGHT="22" WC="0.91" CONTENT="förtroendemän"/><SP WIDTH="15" VPOS="618" HPOS="583"/>
							<String ID="string_37" HPOS="598" VPOS="618" WIDTH="28" HEIGHT="21" WC="0.90" CONTENT="må"/><SP WIDTH="15" VPOS="618" HPOS="626"/>
							<String ID="string_38" HPOS="641" VPOS="618" WIDTH="56" HEIGHT="22" WC="0.90" CONTENT="varda"/><SP WIDTH="10" VPOS="618" HPOS="697"/>
							<String ID="string_39" HPOS="707" VPOS="619" WIDTH="86" HEIGHT="21" WC="0.89" CONTENT="aflönade."/>
						</TextLine>
					</TextBlock>
				</ComposedBlock>
				<ComposedBlock ID="cblock_2" HPOS="99" VPOS="704" WIDTH="758" HEIGHT="98">
					<TextBlock ID="block_2" HPOS="99" VPOS="704" WIDTH="758" HEIGHT="98">
						<TextLine ID="line_7" HPOS="168" VPOS="704" WIDTH="688" HEIGHT="29">
							<String ID="string_40" HPOS="168" VPOS="706" WIDTH="57" HEIGHT="22" WC="0.93" CONTENT="Från"/><SP WIDTH="22" VPOS="706" HPOS="225"/>
							<String ID="string_41" HPOS="247" VPOS="706" WIDTH="155" HEIGHT="27" WC="0.91" CONTENT="Ridderskapet"/><SP WIDTH="23" VPOS="706" HPOS="402"/>
							<String ID="string_42" HPOS="425" VPOS="705" WIDTH="40" HEIGHT="21" WC="0.93" CONTENT="och"/><SP WIDTH="22" VPOS="705" HPOS="465"/>
							<String ID="string_43" HPOS="487" VPOS="704" WIDTH="69" HEIGHT="22" WC="0.91" CONTENT="Adeln"/><SP WIDTH="24" VPOS="704" HPOS="556"/>
							<String ID="string_44" HPOS="580" VPOS="704" WIDTH="40" HEIGHT="22" WC="0.93" CONTENT="har"/><SP WIDTH="24" VPOS="704" HPOS="620"/>
							<String ID="string_45" HPOS="644" VPOS="704" WIDTH="212" HEIGHT="22" WC="0.89" CONTENT="Ekonomiutskottet"/>
						</TextLine>
						<TextLine ID="line_8" HPOS="99" VPOS="738" WIDTH="758" HEIGHT="30">
							<String ID="string_46" HPOS="99" VPOS="741" WIDTH="41" HEIGHT="21" WC="0.96" CONTENT="fått"/><SP WIDTH="21" VPOS="741" HPOS="140"/>
							<String ID="string_47" HPOS="161" VPOS="740" WIDTH="32" HEIGHT="28" WC="0.96" CONTENT="sig"/><SP WIDTH="23" VPOS="740" HPOS="193"/>
							<String ID="string_48" HPOS="216" VPOS="740" WIDTH="7" HEIGHT="22" WC="0.96" CONTENT="i"/><SP WIDTH="22" VPOS="740" HPOS="223"/>
							<String ID="string_49" HPOS="245" VPOS="740" WIDTH="98" HEIGHT="22" WC="0.93" CONTENT="afseende"/><SP WIDTH="19" VPOS="740" HPOS="343"/>
							<String ID="string_50" HPOS="362" VPOS="739" WIDTH="158" HEIGHT="28" WC="0.39" CONTENT="ääberedning;"/><SP WIDTH="9" VPOS="739" HPOS="520"/>
							<String ID="string_51" HPOS="529" VPOS="738" WIDTH="97" HEIGHT="22" WC="0.92" CONTENT="tillsändt"/><SP WIDTH="23" VPOS="738" HPOS="626"/>
							<String ID="string_52" HPOS="649" VPOS="738" WIDTH="92" HEIGHT="28" WC="0.93" CONTENT="följande"/><SP WIDTH="15" VPOS="738" HPOS="741"/>
							<String ID="string_53" HPOS="756" VPOS="738" WIDTH="101" HEIGHT="22" WC="0.93" CONTENT="motions-"/>
						</TextLine>
						<TextLine ID="line_9" HPOS="99" VPOS="775" WIDTH="85" HEIGHT="27">
							<String ID="string_54" HPOS="99" VPOS="775" WIDTH="85" HEIGHT="27" WC="0.95" CONTENT="förslag."/>
						</TextLine>
					</TextBlock>
				</ComposedBlock>
				<ComposedBlock ID="cblock_3" HPOS="178" VPOS="860" WIDTH="601" HEIGHT="26">
					<TextBlock ID="block_3" HPOS="178" VPOS="860" WIDTH="601" HEIGHT="26">
						<TextLine ID="line_10" HPOS="178" VPOS="860" WIDTH="601" HEIGHT="26">
							<String ID="string_55" HPOS="178" VPOS="861" WIDTH="52" HEIGHT="20" WC="0.93" CONTENT="Till"/><SP WIDTH="18" VPOS="861" HPOS="230"/>
							<String ID="string_56" HPOS="248" VPOS="860" WIDTH="153" HEIGHT="26" WC="0.92" CONTENT="Höglofliga"/><SP WIDTH="19" VPOS="860" HPOS="401"/>
							<String ID="string_57" HPOS="420" VPOS="860" WIDTH="190" HEIGHT="24" WC="0.92" CONTENT="Ridderskapet"/><SP WIDTH="18" VPOS="860" HPOS="610"/>
							<String ID="string_58" HPOS="628" VPOS="860" WIDTH="45" HEIGHT="20" WC="0.93" CONTENT="och"/><SP WIDTH="20" VPOS="860" HPOS="673"/>
							<String ID="string_59" HPOS="693" VPOS="860" WIDTH="86" HEIGHT="20" WC="0.66" CONTENT="Adeln."/>
						</TextLine>
					</TextBlock>
				</ComposedBlock>
				<ComposedBlock ID="cblock_4" HPOS="334" VPOS="941" WIDTH="290" HEIGHT="20">
					<TextBlock ID="block_4" HPOS="334" VPOS="941" WIDTH="290" HEIGHT="20">
						<TextLine ID="line_11" HPOS="334" VPOS="941" WIDTH="290" HEIGHT="20">
							<String ID="string_60" HPOS="334" VPOS="941" WIDTH="136" HEIGHT="20" WC="0.91" CONTENT="Vördsamt"/><SP WIDTH="18" VPOS="941" HPOS="470"/>
							<String ID="string_61" HPOS="488" VPOS="941" WIDTH="136" HEIGHT="20" WC="0.96" CONTENT="memorial."/>
						</TextLine>
					</TextBlock>
				</ComposedBlock>
				<ComposedBlock ID="cblock_5" HPOS="99" VPOS="997" WIDTH="765" HEIGHT="398">
					<TextBlock ID="block_5" HPOS="100" VPOS="997" WIDTH="760" HEIGHT="135">
						<TextLine ID="line_12" HPOS="169" VPOS="997" WIDTH="691" HEIGHT="25">
							<String ID="string_62" HPOS="169" VPOS="997" WIDTH="41" HEIGHT="20" WC="0.93" CONTENT="Vår"/><SP WIDTH="13" VPOS="997" HPOS="210"/>
							<String ID="string_63" HPOS="223" VPOS="997" WIDTH="230" HEIGHT="25" WC="0.53" CONTENT="kommunalförfattoing"/><SP WIDTH="16" VPOS="997" HPOS="453"/>
							<String ID="string_64" HPOS="469" VPOS="998" WIDTH="32" HEIGHT="19" WC="0.96" CONTENT="för"/><SP WIDTH="15" VPOS="998" HPOS="501"/>
							<String ID="string_65" HPOS="516" VPOS="998" WIDTH="75" HEIGHT="24" WC="0.94" CONTENT="landet,"/><SP WIDTH="19" VPOS="998" HPOS="591"/>
							<String ID="string_66" HPOS="610" VPOS="1003" WIDTH="40" HEIGHT="14" WC="0.93" CONTENT="som"/><SP WIDTH="23" VPOS="1003" HPOS="650"/>
							<String ID="string_67" HPOS="673" VPOS="998" WIDTH="64" HEIGHT="19" WC="0.95" CONTENT="måste"/><SP WIDTH="23" VPOS="998" HPOS="737"/>
							<String ID="string_68" HPOS="760" VPOS="997" WIDTH="100" HEIGHT="20" WC="0.96" CONTENT="erkännas"/>
						</TextLine>
						<TextLine ID="line_13" HPOS="100" VPOS="1025" WIDTH="760" HEIGHT="27">
							<String ID="string_69" HPOS="100" VPOS="1032" WIDTH="48" HEIGHT="15" WC="0.96" CONTENT="vara"/><SP WIDTH="14" VPOS="1032" HPOS="148"/>
							<String ID="string_70" HPOS="162" VPOS="1027" WIDTH="46" HEIGHT="25" WC="0.93" CONTENT="god,"/><SP WIDTH="15" VPOS="1027" HPOS="208"/>
							<String ID="string_71" HPOS="223" VPOS="1027" WIDTH="74" HEIGHT="19" WC="0.93" CONTENT="hvilket"/><SP WIDTH="16" VPOS="1027" HPOS="297"/>
							<String ID="string_72" HPOS="313" VPOS="1032" WIDTH="58" HEIGHT="19" WC="0.93" CONTENT="synes"/><SP WIDTH="16" VPOS="1032" HPOS="371"/>
							<String ID="string_73" HPOS="387" VPOS="1027" WIDTH="57" HEIGHT="19" WC="0.92" CONTENT="deraf"/><SP WIDTH="15" VPOS="1027" HPOS="444"/>
							<String ID="string_74" HPOS="459" VPOS="1029" WIDTH="30" HEIGHT="17" WC="0.97" CONTENT="att"/><SP WIDTH="15" VPOS="1029" HPOS="489"/>
							<String ID="string_75" HPOS="504" VPOS="1027" WIDTH="38" HEIGHT="19" WC="0.93" CONTENT="den"/><SP WIDTH="16" VPOS="1027" HPOS="542"/>
							<String ID="string_76" HPOS="558" VPOS="1028" WIDTH="70" HEIGHT="18" WC="0.92" CONTENT="nästan"/><SP WIDTH="16" VPOS="1028" HPOS="628"/>
							<String ID="string_77" HPOS="644" VPOS="1027" WIDTH="83" HEIGHT="19" WC="0.93" CONTENT="alldeles"/><SP WIDTH="12" VPOS="1027" HPOS="727"/>
							<String ID="string_78" HPOS="739" VPOS="1025" WIDTH="121" HEIGHT="20" WC="0.92" CONTENT="oförändrad"/>
						</TextLine>
						<TextLine ID="line_14" HPOS="100" VPOS="1054" WIDTH="760" HEIGHT="25">
							<String ID="string_79" HPOS="100" VPOS="1056" WIDTH="52" HEIGHT="19" WC="0.96" CONTENT="varit"/><SP WIDTH="14" VPOS="1056" HPOS="152"/>
							<String ID="string_80" HPOS="166" VPOS="1055" WIDTH="92" HEIGHT="24" WC="0.96" CONTENT="gällande"/><SP WIDTH="15" VPOS="1055" HPOS="258"/>
							<String ID="string_81" HPOS="273" VPOS="1055" WIDTH="61" HEIGHT="20" WC="0.96" CONTENT="sedan"/><SP WIDTH="16" VPOS="1055" HPOS="334"/>
							<String ID="string_82" HPOS="350" VPOS="1056" WIDTH="37" HEIGHT="19" WC="0.96" CONTENT="den"/><SP WIDTH="16" VPOS="1056" HPOS="387"/>
							<String ID="string_83" HPOS="403" VPOS="1054" WIDTH="12" HEIGHT="21" WC="0.96" CONTENT="5"/><SP WIDTH="17" VPOS="1054" HPOS="415"/>
							<String ID="string_84" HPOS="432" VPOS="1055" WIDTH="98" HEIGHT="20" WC="0.96" CONTENT="Februari"/><SP WIDTH="17" VPOS="1055" HPOS="530"/>
							<String ID="string_85" HPOS="547" VPOS="1054" WIDTH="62" HEIGHT="25" WC="0.93" CONTENT="1865,"/><SP WIDTH="15" VPOS="1054" HPOS="609"/>
							<String ID="string_86" HPOS="624" VPOS="1055" WIDTH="58" HEIGHT="19" WC="0.91" CONTENT="hafva"/><SP WIDTH="16" VPOS="1055" HPOS="682"/>
							<String ID="string_87" HPOS="698" VPOS="1055" WIDTH="19" HEIGHT="20" WC="0.93" CONTENT="vi"/><SP WIDTH="12" VPOS="1055" HPOS="717"/>
							<String ID="string_88" HPOS="729" VPOS="1054" WIDTH="131" HEIGHT="24" WC="0.93" CONTENT="ovilkorligen"/>
						</TextLine>
						<TextLine ID="line_15" HPOS="100" VPOS="1083" WIDTH="760" HEIGHT="25">
							<String ID="string_89" HPOS="100" VPOS="1086" WIDTH="30" HEIGHT="17" WC="0.93" CONTENT="att"/><SP WIDTH="14" VPOS="1086" HPOS="130"/>
							<String ID="string_90" HPOS="144" VPOS="1083" WIDTH="60" HEIGHT="20" WC="0.92" CONTENT="tacka"/><SP WIDTH="14" VPOS="1083" HPOS="204"/>
							<String ID="string_91" HPOS="218" VPOS="1083" WIDTH="32" HEIGHT="20" WC="0.96" CONTENT="för"/><SP WIDTH="15" VPOS="1083" HPOS="250"/>
							<String ID="string_92" HPOS="265" VPOS="1084" WIDTH="38" HEIGHT="19" WC="0.96" CONTENT="den"/><SP WIDTH="15" VPOS="1084" HPOS="303"/>
							<String ID="string_93" HPOS="318" VPOS="1086" WIDTH="64" HEIGHT="17" WC="0.93" CONTENT="större"/><SP WIDTH="15" VPOS="1086" HPOS="382"/>
							<String ID="string_94" HPOS="397" VPOS="1083" WIDTH="116" HEIGHT="25" WC="0.92" CONTENT="lifaktighet"/><SP WIDTH="15" VPOS="1083" HPOS="513"/>
							<String ID="string_95" HPOS="528" VPOS="1084" WIDTH="49" HEIGHT="19" WC="0.96" CONTENT="eller"/><SP WIDTH="15" VPOS="1084" HPOS="577"/>
							<String ID="string_96" HPOS="592" VPOS="1084" WIDTH="70" HEIGHT="24" WC="0.96" CONTENT="början"/><SP WIDTH="16" VPOS="1084" HPOS="662"/>
							<String ID="string_97" HPOS="678" VPOS="1084" WIDTH="31" HEIGHT="19" WC="0.93" CONTENT="till"/><SP WIDTH="14" VPOS="1084" HPOS="709"/>
							<String ID="string_98" HPOS="723" VPOS="1083" WIDTH="137" HEIGHT="25" WC="0.91" CONTENT="sjelfstyrelse,"/>
						</TextLine>
						<TextLine ID="line_16" HPOS="100" VPOS="1112" WIDTH="480" HEIGHT="20">
							<String ID="string_99" HPOS="100" VPOS="1117" WIDTH="42" HEIGHT="15" WC="0.96" CONTENT="som"/><SP WIDTH="14" VPOS="1117" HPOS="142"/>
							<String ID="string_100" HPOS="156" VPOS="1112" WIDTH="62" HEIGHT="20" WC="0.93" CONTENT="redan"/><SP WIDTH="14" VPOS="1112" HPOS="218"/>
							<String ID="string_101" HPOS="232" VPOS="1113" WIDTH="79" HEIGHT="19" WC="0.93" CONTENT="märkes"/><SP WIDTH="14" VPOS="1113" HPOS="311"/>
							<String ID="string_102" HPOS="325" VPOS="1113" WIDTH="37" HEIGHT="19" WC="0.96" CONTENT="här"/><SP WIDTH="15" VPOS="1113" HPOS="362"/>
							<String ID="string_103" HPOS="377" VPOS="1113" WIDTH="37" HEIGHT="19" WC="0.96" CONTENT="och"/><SP WIDTH="16" VPOS="1113" HPOS="414"/>
							<String ID="string_104" HPOS="430" VPOS="1113" WIDTH="35" HEIGHT="19" WC="0.95" CONTENT="der"/><SP WIDTH="16" VPOS="1113" HPOS="465"/>
							<String ID="string_105" HPOS="481" VPOS="1113" WIDTH="7" HEIGHT="18" WC="0.95" CONTENT="i"/><SP WIDTH="15" VPOS="1113" HPOS="488"/>
							<String ID="string_106" HPOS="503" VPOS="1113" WIDTH="77" HEIGHT="19" WC="0.96" CONTENT="landet."/>
						</TextLine>
					</TextBlock>
					<TextBlock ID="block_6" HPOS="100" VPOS="1141" WIDTH="761" HEIGHT="53">
						<TextLine ID="line_17" HPOS="168" VPOS="1141" WIDTH="693" HEIGHT="24">
							<String ID="string_107" HPOS="168" VPOS="1141" WIDTH="47" HEIGHT="19" WC="0.96" CONTENT="Men"/><SP WIDTH="16" VPOS="1141" HPOS="215"/>
							<String ID="string_108" HPOS="231" VPOS="1141" WIDTH="38" HEIGHT="19" WC="0.96" CONTENT="den"/><SP WIDTH="14" VPOS="1141" HPOS="269"/>
							<String ID="string_109" HPOS="283" VPOS="1141" WIDTH="37" HEIGHT="19" WC="0.96" CONTENT="har"/><SP WIDTH="15" VPOS="1141" HPOS="320"/>
							<String ID="string_110" HPOS="335" VPOS="1141" WIDTH="58" HEIGHT="24" WC="0.93" CONTENT="dock,"/><SP WIDTH="15" VPOS="1141" HPOS="393"/>
							<String ID="string_111" HPOS="408" VPOS="1141" WIDTH="65" HEIGHT="20" WC="0.92" CONTENT="säsom"/><SP WIDTH="16" VPOS="1141" HPOS="473"/>
							<String ID="string_112" HPOS="489" VPOS="1141" WIDTH="36" HEIGHT="20" WC="0.93" CONTENT="allt"/><SP WIDTH="14" VPOS="1141" HPOS="525"/>
							<String ID="string_113" HPOS="539" VPOS="1141" WIDTH="111" HEIGHT="24" WC="0.92" CONTENT="menskligt,"/><SP WIDTH="16" VPOS="1141" HPOS="650"/>
							<String ID="string_114" HPOS="666" VPOS="1141" WIDTH="42" HEIGHT="19" WC="0.93" CONTENT="sina"/><SP WIDTH="15" VPOS="1141" HPOS="708"/>
							<String ID="string_115" HPOS="723" VPOS="1141" WIDTH="80" HEIGHT="22" WC="0.93" CONTENT="brister,"/><SP WIDTH="16" VPOS="1141" HPOS="803"/>
							<String ID="string_116" HPOS="819" VPOS="1144" WIDTH="42" HEIGHT="15" WC="0.96" CONTENT="som"/>
						</TextLine>
						<TextLine ID="line_18" HPOS="100" VPOS="1169" WIDTH="570" HEIGHT="25">
							<String ID="string_117" HPOS="100" VPOS="1175" WIDTH="81" HEIGHT="14" WC="0.96" CONTENT="numera"/><SP WIDTH="13" VPOS="1175" HPOS="181"/>
							<String ID="string_118" HPOS="194" VPOS="1169" WIDTH="45" HEIGHT="20" WC="0.93" CONTENT="med"/><SP WIDTH="14" VPOS="1169" HPOS="239"/>
							<String ID="string_119" HPOS="253" VPOS="1169" WIDTH="68" HEIGHT="24" WC="0.96" CONTENT="hvarje"/><SP WIDTH="16" VPOS="1169" HPOS="321"/>
							<String ID="string_120" HPOS="337" VPOS="1170" WIDTH="38" HEIGHT="24" WC="0.96" CONTENT="dag"/><SP WIDTH="16" VPOS="1170" HPOS="375"/>
							<String ID="string_121" HPOS="391" VPOS="1170" WIDTH="36" HEIGHT="19" WC="0.96" CONTENT="allt"/><SP WIDTH="15" VPOS="1170" HPOS="427"/>
							<String ID="string_122" HPOS="442" VPOS="1170" WIDTH="98" HEIGHT="24" WC="0.93" CONTENT="tydligare"/><SP WIDTH="16" VPOS="1170" HPOS="540"/>
							<String ID="string_123" HPOS="556" VPOS="1169" WIDTH="114" HEIGHT="20" WC="0.96" CONTENT="framträda."/>
						</TextLine>
					</TextBlock>
					<TextBlock ID="block_7" HPOS="99" VPOS="1195" WIDTH="765" HEIGHT="200">
						<TextLine ID="line_19" HPOS="168" VPOS="1195" WIDTH="693" HEIGHT="29">
							<String ID="string_124" HPOS="168" VPOS="1198" WIDTH="73" HEIGHT="19" WC="0.96" CONTENT="Medan"/><SP WIDTH="16" VPOS="1198" HPOS="241"/>
							<String ID="string_125" HPOS="257" VPOS="1199" WIDTH="7" HEIGHT="18" WC="0.96" CONTENT="i"/><SP WIDTH="15" VPOS="1199" HPOS="264"/>
							<String ID="string_126" HPOS="279" VPOS="1199" WIDTH="78" HEIGHT="25" WC="0.96" CONTENT="början,"/><SP WIDTH="15" VPOS="1199" HPOS="357"/>
							<String ID="string_127" HPOS="372" VPOS="1198" WIDTH="49" HEIGHT="20" WC="0.95" CONTENT="eller"/><SP WIDTH="8" VPOS="1198" HPOS="421"/>
							<String ID="string_128" HPOS="429" VPOS="1199" WIDTH="26" HEIGHT="24" WC="0.93" CONTENT="pä"/><SP WIDTH="16" VPOS="1199" HPOS="455"/>
							<String ID="string_129" HPOS="471" VPOS="1198" WIDTH="121" HEIGHT="23" WC="0.89" CONTENT="1860:talet,"/><SP WIDTH="16" VPOS="1198" HPOS="592"/>
							<String ID="string_130" HPOS="608" VPOS="1198" WIDTH="38" HEIGHT="19" WC="0.96" CONTENT="den"/><SP WIDTH="16" VPOS="1198" HPOS="646"/>
							<String ID="string_131" HPOS="662" VPOS="1197" WIDTH="125" HEIGHT="20" WC="0.92" CONTENT="kommunala"/><SP WIDTH="16" VPOS="1197" HPOS="787"/>
							<String ID="string_132" HPOS="803" VPOS="1195" WIDTH="58" HEIGHT="20" WC="0.92" CONTENT="verk-"/>
						</TextLine>
						<TextLine ID="line_20" HPOS="100" VPOS="1226" WIDTH="761" HEIGHT="21">
							<String ID="string_133" HPOS="100" VPOS="1226" WIDTH="101" HEIGHT="20" WC="0.90" CONTENT="samheten"/><SP WIDTH="22" VPOS="1226" HPOS="201"/>
							<String ID="string_134" HPOS="223" VPOS="1227" WIDTH="44" HEIGHT="19" WC="0.90" CONTENT="icke"/><SP WIDTH="23" VPOS="1227" HPOS="267"/>
							<String ID="string_135" HPOS="290" VPOS="1233" WIDTH="35" HEIGHT="14" WC="0.96" CONTENT="var"/><SP WIDTH="20" VPOS="1233" HPOS="325"/>
							<String ID="string_136" HPOS="345" VPOS="1229" WIDTH="41" HEIGHT="18" WC="0.96" CONTENT="stor"/><SP WIDTH="15" VPOS="1229" HPOS="386"/>
							<String ID="string_137" HPOS="401" VPOS="1227" WIDTH="38" HEIGHT="20" WC="0.93" CONTENT="och"/><SP WIDTH="23" VPOS="1227" HPOS="439"/>
							<String ID="string_138" HPOS="462" VPOS="1227" WIDTH="211" HEIGHT="19" WC="0.88" CONTENT="kommunalnämnden"/><SP WIDTH="16" VPOS="1227" HPOS="673"/>
							<String ID="string_139" HPOS="689" VPOS="1237" WIDTH="28" HEIGHT="4" WC="0.91" CONTENT="—"/><SP WIDTH="15" VPOS="1237" HPOS="717"/>
							<String ID="string_140" HPOS="732" VPOS="1226" WIDTH="129" HEIGHT="19" WC="0.96" CONTENT="kommunens"/>
						</TextLine>
						<TextLine ID="line_21" HPOS="99" VPOS="1252" WIDTH="764" HEIGHT="28">
							<String ID="string_141" HPOS="99" VPOS="1255" WIDTH="157" HEIGHT="20" WC="0.87" CONTENT="administrativa"/><SP WIDTH="19" VPOS="1255" HPOS="256"/>
							<String ID="string_142" HPOS="275" VPOS="1256" WIDTH="113" HEIGHT="24" WC="0.91" CONTENT="myndighet"/><SP WIDTH="16" VPOS="1256" HPOS="388"/>
							<String ID="string_143" HPOS="404" VPOS="1267" WIDTH="25" HEIGHT="2" WC="0.92" CONTENT="—"/><SP WIDTH="17" VPOS="1267" HPOS="429"/>
							<String ID="string_144" HPOS="446" VPOS="1255" WIDTH="39" HEIGHT="20" WC="0.96" CONTENT="lätt"/><SP WIDTH="22" VPOS="1255" HPOS="485"/>
							<String ID="string_145" HPOS="507" VPOS="1261" WIDTH="39" HEIGHT="18" WC="0.96" CONTENT="nog"/><SP WIDTH="22" VPOS="1261" HPOS="546"/>
							<String ID="string_146" HPOS="568" VPOS="1255" WIDTH="66" HEIGHT="20" WC="0.93" CONTENT="kunde"/><SP WIDTH="22" VPOS="1255" HPOS="634"/>
							<String ID="string_147" HPOS="656" VPOS="1255" WIDTH="59" HEIGHT="20" WC="0.93" CONTENT="sköta"/><SP WIDTH="22" VPOS="1255" HPOS="715"/>
							<String ID="string_148" HPOS="737" VPOS="1254" WIDTH="42" HEIGHT="23" WC="0.93" CONTENT="allt,"/><SP WIDTH="23" VPOS="1254" HPOS="779"/>
							<String ID="string_149" HPOS="802" VPOS="1252" WIDTH="61" HEIGHT="20" WC="0.92" CONTENT="hafva"/>
						</TextLine>
						<TextLine ID="line_22" HPOS="100" VPOS="1283" WIDTH="762" HEIGHT="26">
							<String ID="string_150" HPOS="100" VPOS="1289" WIDTH="81" HEIGHT="14" WC="0.90" CONTENT="numera"/><SP WIDTH="22" VPOS="1289" HPOS="181"/>
							<String ID="string_151" HPOS="203" VPOS="1283" WIDTH="152" HEIGHT="21" WC="0.91" CONTENT="förhällandena"/><SP WIDTH="21" VPOS="1283" HPOS="355"/>
							<String ID="string_152" HPOS="376" VPOS="1285" WIDTH="79" HEIGHT="24" WC="0.93" CONTENT="mycket"/><SP WIDTH="23" VPOS="1285" HPOS="455"/>
							<String ID="string_153" HPOS="478" VPOS="1284" WIDTH="115" HEIGHT="20" WC="0.92" CONTENT="förändrats"/><SP WIDTH="16" VPOS="1284" HPOS="593"/>
							<String ID="string_154" HPOS="609" VPOS="1284" WIDTH="37" HEIGHT="19" WC="0.96" CONTENT="och"/><SP WIDTH="16" VPOS="1284" HPOS="646"/>
							<String ID="string_155" HPOS="662" VPOS="1284" WIDTH="23" HEIGHT="19" WC="0.93" CONTENT="de"/><SP WIDTH="16" VPOS="1284" HPOS="685"/>
							<String ID="string_156" HPOS="701" VPOS="1283" WIDTH="87" HEIGHT="25" WC="0.92" CONTENT="löpande"/><SP WIDTH="16" VPOS="1283" HPOS="788"/>
							<String ID="string_157" HPOS="804" VPOS="1284" WIDTH="58" HEIGHT="17" WC="0.92" CONTENT="ären-"/>
						</TextLine>
						<TextLine ID="line_23" HPOS="100" VPOS="1310" WIDTH="763" HEIGHT="27">
							<String ID="string_158" HPOS="100" VPOS="1312" WIDTH="61" HEIGHT="20" WC="0.91" CONTENT="denas"/><SP WIDTH="22" VPOS="1312" HPOS="161"/>
							<String ID="string_159" HPOS="183" VPOS="1313" WIDTH="72" HEIGHT="23" WC="0.95" CONTENT="mängd"/><SP WIDTH="20" VPOS="1313" HPOS="255"/>
							<String ID="string_160" HPOS="275" VPOS="1312" WIDTH="91" HEIGHT="25" WC="0.93" CONTENT="ofantligt"/><SP WIDTH="20" VPOS="1312" HPOS="366"/>
							<String ID="string_161" HPOS="386" VPOS="1313" WIDTH="88" HEIGHT="24" WC="0.77" CONTENT="tilltagit."/><SP WIDTH="32" VPOS="1313" HPOS="474"/>
							<String ID="string_162" HPOS="506" VPOS="1313" WIDTH="227" HEIGHT="19" WC="0.67" CONTENT="Kommunalnämndens"/><SP WIDTH="24" VPOS="1313" HPOS="733"/>
							<String ID="string_163" HPOS="757" VPOS="1310" WIDTH="106" HEIGHT="21" WC="0.91" CONTENT="ordföran-"/>
						</TextLine>
						<TextLine ID="line_24" HPOS="100" VPOS="1341" WIDTH="764" HEIGHT="24">
							<String ID="string_164" HPOS="100" VPOS="1341" WIDTH="36" HEIGHT="19" WC="0.93" CONTENT="des"/><SP WIDTH="15" VPOS="1341" HPOS="136"/>
							<String ID="string_165" HPOS="151" VPOS="1341" WIDTH="111" HEIGHT="20" WC="0.91" CONTENT="arbetsrum"/><SP WIDTH="15" VPOS="1341" HPOS="262"/>
							<String ID="string_166" HPOS="277" VPOS="1344" WIDTH="23" HEIGHT="17" WC="0.93" CONTENT="är"/><SP WIDTH="14" VPOS="1344" HPOS="300"/>
							<String ID="string_167" HPOS="314" VPOS="1347" WIDTH="82" HEIGHT="14" WC="0.91" CONTENT="numera"/><SP WIDTH="15" VPOS="1347" HPOS="396"/>
							<String ID="string_168" HPOS="411" VPOS="1344" WIDTH="29" HEIGHT="17" WC="0.93" CONTENT="ett"/><SP WIDTH="15" VPOS="1344" HPOS="440"/>
							<String ID="string_169" HPOS="455" VPOS="1341" WIDTH="87" HEIGHT="24" WC="0.92" CONTENT="verkligt"/><SP WIDTH="15" VPOS="1341" HPOS="542"/>
							<String ID="string_170" HPOS="557" VPOS="1341" WIDTH="74" HEIGHT="24" WC="0.92" CONTENT="kansli;"/><SP WIDTH="21" VPOS="1341" HPOS="631"/>
							<String ID="string_171" HPOS="652" VPOS="1341" WIDTH="22" HEIGHT="19" WC="0.96" CONTENT="sä"/><SP WIDTH="15" VPOS="1341" HPOS="674"/>
							<String ID="string_172" HPOS="689" VPOS="1341" WIDTH="37" HEIGHT="19" WC="0.93" CONTENT="har"/><SP WIDTH="15" VPOS="1341" HPOS="726"/>
							<String ID="string_173" HPOS="741" VPOS="1341" WIDTH="123" HEIGHT="22" WC="0.91" CONTENT="korrespon-"/>
						</TextLine>
						<TextLine ID="line_25" HPOS="102" VPOS="1367" WIDTH="761" HEIGHT="28">
							<String ID="string_174" HPOS="102" VPOS="1370" WIDTH="74" HEIGHT="20" WC="0.92" CONTENT="densen"/><SP WIDTH="16" VPOS="1370" HPOS="176"/>
							<String ID="string_175" HPOS="192" VPOS="1370" WIDTH="48" HEIGHT="20" WC="0.96" CONTENT="ökat"/><SP WIDTH="15" VPOS="1370" HPOS="240"/>
							<String ID="string_176" HPOS="255" VPOS="1370" WIDTH="30" HEIGHT="24" WC="0.95" CONTENT="sig"/><SP WIDTH="15" VPOS="1370" HPOS="285"/>
							<String ID="string_177" HPOS="300" VPOS="1371" WIDTH="37" HEIGHT="19" WC="0.96" CONTENT="och"/><SP WIDTH="15" VPOS="1371" HPOS="337"/>
							<String ID="string_178" HPOS="352" VPOS="1371" WIDTH="128" HEIGHT="19" WC="0.93" CONTENT="kommunens"/><SP WIDTH="12" VPOS="1371" HPOS="480"/>
							<String ID="string_179" HPOS="492" VPOS="1370" WIDTH="210" HEIGHT="25" WC="0.92" CONTENT="räkenskapsväsende"/><SP WIDTH="11" VPOS="1370" HPOS="702"/>
							<String ID="string_180" HPOS="713" VPOS="1369" WIDTH="102" HEIGHT="20" WC="0.92" CONTENT="utvecklat"/><SP WIDTH="12" VPOS="1369" HPOS="815"/>
							<String ID="string_181" HPOS="827" VPOS="1367" WIDTH="36" HEIGHT="25" WC="0.96" CONTENT="sig."/>
						</TextLine>
					</TextBlock>
				</ComposedBlock>
				<ComposedBlock ID="cblock_6" HPOS="170" VPOS="1408" WIDTH="427" HEIGHT="19">
					<TextBlock ID="block_8" HPOS="170" VPOS="1408" WIDTH="427" HEIGHT="19">
						<TextLine ID="line_26" HPOS="170" VPOS="1408" WIDTH="427" HEIGHT="19">
							<String ID="string_182" HPOS="170" VPOS="1408" WIDTH="200" HEIGHT="19" WC="0.87" CONTENT="Ekonomiutskottets"/><SP WIDTH="12" VPOS="1408" HPOS="370"/>
							<String ID="string_183" HPOS="382" VPOS="1408" WIDTH="125" HEIGHT="18" WC="0.95" CONTENT="betänkande"/><SP WIDTH="12" VPOS="1408" HPOS="507"/>
							<String ID="string_184" HPOS="519" VPOS="1408" WIDTH="37" HEIGHT="18" WC="0.96" CONTENT="N:o"/><SP WIDTH="15" VPOS="1408" HPOS="556"/>
							<String ID="string_185" HPOS="571" VPOS="1409" WIDTH="26" HEIGHT="17" WC="0.96" CONTENT="19."/>
						</TextLine>
					</TextBlock>
				</ComposedBlock>
			</PrintSpace>
		</Page>
	</Layout>
</alto>
