1048 1731
239 140 356 18 Petitionsbetänkande
607 140 54 18 N:o
674 140 45 17 14.

305 334 145 21 Allmänna
481 333 285 22 Besvärsutskottets
795 334 58 21 för-

270 369 62 26 slag
355 369 30 20 till
404 369 199 26 sammanjemkning
619 368 21 22 af
654 368 101 22 Ständens
771 368 82 27 skiljak-

269 403 44 26 tiga
337 403 68 21 beslut
422 403 5 20 i
443 403 59 27 fräga
522 409 32 16 om
571 403 49 22 dess
636 403 127 22 betänkande
780 403 34 21 N:o
829 403 24 20 12

273 437 44 21 med
334 437 110 27 anledning
460 437 21 21 af
495 437 75 22 tvenne
587 438 5 21 i
609 438 97 26 Borgare-
722 437 37 22 och
777 437 77 21 Bonde-

271 471 86 22 stånden
378 471 73 22 väckta
475 471 176 28 petitionsförslag
674 471 108 28 angående
801 471 53 22 kvin-

272 512 37 15 nas
335 506 142 27 berättigande
493 507 30 21 att
539 507 4 21 i
560 506 62 22 likhet
638 505 44 23 med
699 512 46 16 man
761 505 30 23 vid
812 506 42 21 lan-

270 540 45 22 dets
331 540 118 22 universitet
465 541 91 21 bedrifva
571 540 84 22 studier.

169 602 120 23 Utskottet
304 603 43 22 har
362 603 125 27 angående
503 603 64 23 detta
582 602 86 23 ärende
682 603 125 29 föreslagit,

301 656 34 20 att
356 656 46 20 rätt
425 655 72 22 måtte
520 654 102 30 beviljas
645 654 91 22 kvinna
759 656 33 20 att
814 660 40 22 ge-

235 696 56 15 nom
317 688 141 29 afläggande
482 690 24 21 af
527 688 148 29 vederbörlig
704 688 151 23 studentexa-

237 730 55 15 men
315 724 74 21 vinna
411 723 93 23 inträde
528 723 41 23 vid
592 723 133 30 Kejserliga
747 722 107 23 Alexan-

239 756 53 23 ders
313 758 170 22 Universitetet
499 758 36 22 för
550 757 100 23 studiers
666 757 111 30 idkande,
793 756 61 23 dock

237 791 53 23 med
315 792 38 22 det
370 792 86 29 vilkor,
481 794 34 21 att
529 792 97 28 kvinlig
641 791 141 23 studerande
801 791 53 23 icke

236 826 33 22 får
291 827 92 29 åtnjuta
409 826 131 29 stipendier
562 826 57 23 eller
642 825 134 31 understöd,
803 832 51 16 som

235 860 161 28 uttryckligen
423 862 39 21 äro
487 860 93 28 manlig
610 860 142 23 studerande
779 860 75 22 förbe-

235 894 90 30 hållna,
348 897 61 20 samt
428 897 34 20 att
478 895 23 22 af
514 894 93 23 kvinna
630 894 90 28 aflagdt
742 894 111 22 lärdoms-

235 929 52 28 prof
307 929 52 22 icke
379 928 88 24 medför
487 929 173 23 vidsträcktare
679 930 46 21 rätt
739 928 39 23 till
793 930 60 29 tjen-

235 965 53 28 ster,
311 965 30 20 än
360 963 41 28 lag
421 964 45 22 och
480 964 165 27 författningar
659 963 32 23 för
706 962 147 23 närvarande

235 997 119 29 medgifva
385 998 56 23 eller
471 998 125 23 framdeles
626 998 84 23 kunna
734 997 119 29 medgifva

235 1032 96 23 kvinna.

170 1083 48 22 Vid
232 1083 179 29 behandlingen
428 1084 24 22 af
465 1083 66 24 detta
548 1083 127 24 utskottets
685 1083 86 28 förslag
782 1083 71 22 hafva

98 1117 106 22 Stånden
215 1120 95 21 stannat
319 1118 42 23 vid
371 1118 110 30 följande,
492 1118 115 23 utskottet
616 1125 85 21 genom
713 1117 139 30 protokolls-

98 1151 87 29 utdrag
200 1152 104 29 delgifna
319 1153 89 22 beslut:

169 1203 175 28 Ridderskapet
366 1204 45 22 och
431 1203 78 23 Adeln
527 1206 39 28 att,
588 1203 54 23 med
663 1202 148 24 förkastande
832 1203 23 22 af

98 1237 125 23 utskottets
239 1237 92 31 förslag,
352 1239 96 21 omfatta
465 1246 29 15 en
509 1239 27 22 så
551 1237 105 30 lydande
672 1239 98 28 petition
786 1238 8 21 i
809 1237 44 22 frå-

97 1279 58 20 gan:
177 1274 48 28 ,att
247 1272 92 23 kvinna
353 1273 40 22 må
407 1272 131 28 berättigas
554 1275 34 20 att
603 1274 58 21 utan
675 1271 114 24 särskildt
803 1271 49 23 till-

98 1305 71 23 stånd
190 1307 22 22 få
230 1307 95 28 aflägga
345 1306 197 23 studentexamen
558 1309 62 20 samt
635 1306 58 23 idka
707 1306 90 23 studier
811 1305 42 23 vid

98 1339 92 24 landets
206 1340 163 31 universitet;

170 1376 181 22 Presteståndet
367 1378 39 26 att,
422 1374 55 24 med
493 1374 151 24 förkastande
656 1375 23 23 af
686 1373 167 29 betänkandet,

98 1409 95 23 omfatta
216 1409 45 23 den
281 1410 70 22 första
365 1410 39 22 till
421 1409 40 23 det
476 1416 92 16 samma
583 1410 84 28 fogade
681 1410 172 22 reservationen

166 1449 99 19 Allmänna
277 1449 174 19 Besvärsutskottets
463 1449 111 19 betänkande
587 1451 36 16 N:o
635 1450 29 17 12.
