1048 1731
279 131 237 24 Petitionsbetänkande
532 131 38 23 N:o
583 130 27 24 10.
782 133 13 20 3

62 195 53 22 med
137 194 108 21 säkerhet
267 196 93 19 emotse.
397 193 47 22 Vid
469 193 85 22 sädant
577 193 148 26 förhällande
754 201 70 22 synes

62 229 81 28 hvarje
165 228 94 22 fordran
282 228 31 29 pä
328 227 176 30 skolbudgeten,
528 227 36 22 för
580 230 34 19 att
630 227 27 22 af
670 235 28 14 en
713 228 111 29 försiktig

63 263 153 28 hushällning
231 262 142 21 härutinnan
394 262 81 22 kunna
498 262 78 29 gillas,
600 262 56 21 böra
677 270 57 15 vara
755 263 70 22 moti-

63 297 73 23 verad
150 297 9 22 i
174 299 34 19 ett
230 296 103 29 verkligt
355 296 43 22 och
417 297 121 28 oafvisligt
552 296 171 29 berättigande.
753 297 72 22 Detta

64 332 74 22 måste
153 332 26 21 sä
194 331 93 28 mycket
308 338 63 14 mera
390 331 63 28 gälla
469 331 71 21 äfven
555 330 40 22 det
609 331 8 20 i
633 330 193 29 petitionsförsla-

64 368 42 27 get
128 365 161 28 föreliggande
310 364 60 28 kraf,
393 372 50 14 som
466 365 29 21 de
517 372 109 20 summor,
647 365 9 21 i
671 365 80 22 hvilka
775 365 50 22 det-

65 407 89 14 samma
176 399 132 27 resulterar,
335 399 130 28 ingalunda
491 398 77 22 blefve
594 399 141 29 obetydliga.
773 399 53 22 Den

66 433 132 29 föreslagna
214 433 154 28 förökningen
383 433 8 21 i
407 433 46 21 den
467 433 167 28 ursprungliga
648 433 71 22 lönen
734 433 92 22 komme

66 470 36 20 att
117 471 84 25 utgöra
217 469 41 20 400
273 467 71 22 mark.
367 467 47 22 För
429 467 137 22 nuvarande
583 470 24 19 15
623 467 116 22 klassiska
749 468 78 29 lyceer

67 502 54 23 med
143 502 99 29 tillhbopa
265 503 32 26 75,
322 505 13 19 4
356 502 128 28 reallyceer
506 501 54 23 med
580 501 153 23 tillsammans
751 505 32 25 16,
800 503 28 21 10

68 537 142 29 fyrklassiga
231 536 126 22 realskolor
379 536 54 22 med
455 538 28 20 24
502 536 107 29 kollegor
624 536 44 22 och
685 538 25 20 12
725 537 103 21 tväklas-

69 571 51 29 siga
134 571 129 21 realskolor
278 570 51 22 med
345 572 26 20 24
387 571 106 29 kollegor
503 571 57 21 eller
571 570 36 22 för
617 571 99 29 tillhopa
728 573 40 21 165
779 571 48 22 kol-

67 605 72 29 legor,
154 606 92 20 komme
257 604 75 22 denna
347 604 128 30 förökning
490 605 98 21 sålunda
605 607 35 19 att
654 606 61 21 sluta
725 606 14 21 &
750 607 78 26 66,000

68 640 73 21 mark.
164 632 209 36 Älderstilläggens
389 639 118 29 utgäende
523 640 75 28 enligt
614 640 45 21 den
670 639 26 22 af
703 640 125 28 petitionä-

68 681 69 14 rerna
153 673 106 29 äsyftade
275 681 47 21 nya
337 674 76 28 grund
423 674 190 29 representerade
628 674 49 21 äter
692 674 36 21 för
741 682 88 14 samma

70 708 65 22 antal
149 708 105 28 kollegor
269 708 78 26 33,000
361 708 73 28 mark,
449 708 75 22 under
540 708 45 22 den
597 708 77 29 lägsta
685 708 96 29 möjliga
791 708 38 22 be-

70 743 109 27 räkning,
196 744 33 20 att
245 742 45 21 slik
301 742 90 21 förmän
401 742 84 22 endast
495 742 94 29 engäng
598 742 92 22 komme
706 743 88 21 enhvar
805 742 28 22 af

72 776 65 22 desse
158 776 36 21 till
217 776 43 21 del.
291 776 93 21 Statens
407 776 74 29 utgift
495 777 9 21 i
519 776 128 29 anledning
670 777 26 21 af
714 776 117 23 reformen

71 811 92 22 komme
178 810 98 22 sälunda
291 812 34 20 att
341 812 84 26 utgöra
439 810 9 22 i
464 810 40 22 det
519 814 116 18 närmaste
652 812 91 25 100,000
758 811 72 22 mark.

143 844 144 29 Visserligen
302 845 73 21 mäste
390 844 40 22 det
445 844 131 29 medgifvas
588 847 35 19 att
632 845 148 29 kollegornas
790 845 42 22 vid

73 878 264 23 elementarläroverken
358 878 174 22 löneförmäner
553 879 127 29 ingalunda
696 883 39 18 äro
751 879 80 29 dryga.

74 913 153 21 Grundlönen
253 914 62 24 2,000
338 913 65 21 mark
423 913 74 29 jämte
520 913 160 28 hyresmedlen
703 915 42 20 600
767 914 66 20 mark

74 950 170 26 representerar
259 947 51 22 icke
325 948 78 28 någon
413 947 153 29 synnerligen
577 947 106 29 betydlig
693 948 141 21 årsinkomst

74 981 38 22 för
134 982 147 28 kollegornas
303 981 72 22 första
397 981 123 30 tjenstetid
543 982 44 21 och
605 982 72 21 innan
693 983 141 21 åtminstone

75 1016 74 28 något
171 1015 26 22 af
217 1015 28 22 de
265 1015 36 22 för
315 1016 80 29 hvarje
410 1016 168 29 femårsperiod
593 1016 53 21 med
662 1017 41 21 600
718 1016 65 22 mark
798 1019 37 19 ut-

75 1050 91 28 gående
189 1050 52 28 fyra
263 1050 192 29 ålderstilläggen
477 1051 100 21 kommit
600 1050 173 22 vederbörande
797 1051 38 21 till

76 1083 45 23 del.
151 1084 66 21 Dock
239 1085 47 21 kan
308 1085 40 21 det
369 1085 157 28 ifrågasättas,
549 1084 116 22 huruvida
687 1085 66 21 dessa
771 1085 64 21 löne-

75 1118 78 21 vilkor
176 1119 14 20 å
212 1119 73 21 andra
307 1119 67 21 sidan
393 1119 25 21 få
435 1127 69 14 anses
521 1119 154 21 öfverhöfvan
690 1119 99 28 knappa,
805 1119 30 22 då

76 1153 92 28 hänsyn
184 1155 65 26 tages
264 1153 37 21 till
317 1153 112 28 tjenstens
445 1153 135 28 fordringar
595 1153 43 22 och
654 1153 36 21 till
706 1153 72 22 andra
789 1161 47 14 em-

76 1187 81 22 betens
176 1187 175 22 löneförmåner.
381 1187 146 29 Kompetens
546 1187 38 21 till
598 1187 239 29 kollegaanställning

76 1221 42 21 nås
134 1221 60 21 efter
216 1221 111 22 studietid
342 1221 26 22 af
380 1222 9 21 i
403 1221 114 22 medeltal
536 1224 81 19 trenne
636 1221 26 21 år
676 1223 60 19 samt
751 1221 86 29 ettårig

76 1255 162 28 auskultering
263 1255 41 22 vid
329 1255 192 29 normallyceum,
547 1255 45 22 den
618 1255 144 22 sistnämnda
788 1255 50 22 ofta

76 1289 98 22 förenad
196 1289 52 22 med
271 1290 78 28 någon
370 1290 106 21 inkomst
498 1289 50 22 dels
568 1289 26 22 af
607 1289 127 29 stipendier
749 1289 49 22 dels
814 1289 27 22 af

76 1323 157 29 vikariering;
250 1323 43 22 och
308 1324 79 22 kunna
403 1324 131 29 tjensterna
550 1323 64 29 förty
628 1324 83 21 vinnas
727 1323 26 22 af
763 1323 75 29 jemn-

76 1357 123 23 förelsevis
221 1365 62 22 unge
299 1359 135 29 aspiranter,
457 1358 96 22 hvilkas
568 1358 92 28 skäliga
675 1357 166 23 lefnadsbehof

77 1392 37 22 till
137 1400 29 14 en
188 1392 82 29 början
291 1393 70 21 borde
376 1393 53 21 med
444 1393 73 21 lönen
532 1400 56 14 vara
603 1392 111 28 temligen
729 1392 110 28 tillgodo-

77 1426 78 23 sedda.
186 1426 109 30 Tjenston
318 1428 93 21 kräfver
430 1429 28 20 22
474 1427 275 29 undervisningstimmar
764 1426 9 22 i
787 1433 53 15 vec-

78 1461 48 22 kan
142 1462 20 21 d.
179 1465 19 18 ä.
214 1462 51 21 icke
287 1461 56 22 fullt
360 1462 53 28 fyra
431 1462 96 21 timmar
541 1468 41 22 per
597 1460 52 29 dag,
665 1462 60 20 samt
739 1460 101 22 skänker

149 1502 102 18 Allmänna
265 1502 178 18 Besvärsutskottets
457 1502 119 18 betänkande
588 1503 35 16 N:o
636 1502 18 16 8.
