1048 1731
176 139 9 15 «
220 133 35 22 iti
282 138 9 17 o
306 129 254 26 nsbetänkande
575 137 49 16 n:o
639 131 42 22 22

336 510 123 21 Allmänna
476 508 242 23 Besvärsutskottfets
739 510 80 21 hetän-

267 544 74 22 kande
356 544 31 22 N:o
404 544 25 21 17
444 543 94 28 angäende
553 544 67 20 tvenne
635 543 29 21 till
686 544 133 28 Ridderskapet

268 578 33 22 och
319 578 56 22 Adeln
391 579 47 20 samt
453 578 30 21 till
498 577 138 22 Presteständet
657 578 101 22 inlemnade
772 578 48 28 peti-

269 612 120 27 tionsförslag
404 619 28 14 om
447 612 80 28 höjande
549 611 21 21 af
583 612 236 27 gymnastikundervisnin-

269 654 36 20 gen
320 646 33 22 och
369 646 128 22 förbättrande
515 646 23 21 af
556 646 190 28 gymnastiklärarnes
768 646 51 22 löne-

263 677 72 36 vilkor.
805 690 7 6 .

134 750 71 22 Jämte
227 750 197 26 protokollsutdrag
447 749 34 21 för
503 750 42 20 den
568 750 25 20 11
617 749 39 21 och
679 750 12 20 7
714 749 104 21 Februari

63 784 63 22 hafva
147 784 157 27 Ridderskapet
326 784 40 22 och
387 784 71 21 Adeln
473 784 57 21 samt
546 783 161 21 Presteståndet
723 783 33 21 till
773 784 46 21 All-

63 820 79 20 männa
164 818 207 22 Besvärsutskottets
395 818 131 26 behandling
551 817 118 27 hänskjutit
693 819 76 21 tvenne
795 818 24 21 så

64 853 91 27 lydande
170 852 192 28 petitionsförslag
354 848 12 36 :

146 933 51 20 Till
216 932 140 25 höglofliga
377 933 191 24 Ridderskapet
588 932 44 21 och
649 932 86 21 Adeln.

134 985 64 19 Sedan
212 985 34 24 jag
264 985 31 19 vid
319 987 78 17 senaste
420 985 95 24 landtdag
538 985 53 19 inom
612 985 147 24 Ridderskapet
781 985 37 20 och

64 1013 65 20 Adeln
139 1013 94 20 inlemnat
248 1013 100 20 vördsamt
362 1013 198 25 petitionsmemorial
575 1019 30 14 om
621 1013 117 24 vidtagande
753 1013 22 20 af
789 1014 29 19 ät-

64 1042 72 23 gärder
147 1041 33 20 för
190 1042 285 24 gymnastikundervisningens
491 1042 138 19 förbättrande
644 1042 7 19 i
665 1042 77 19 landets
757 1043 61 23 högre

64 1070 94 20 läroverk
173 1071 37 19 och
225 1071 64 19 denna
303 1071 84 24 petition
403 1070 66 20 blifvit
483 1071 30 19 till
534 1070 133 24 vederbörligt
689 1071 76 19 utskott
787 1077 31 13 re-

64 1099 93 19 mitterad
173 1101 50 18 samt
237 1099 36 20 der
287 1099 118 26 behandlad,
421 1105 44 13 men
481 1099 81 24 afgifvet
577 1099 124 20 betänkande
723 1100 8 18 i
753 1101 66 18 ämnet

65 1127 71 20 endast
150 1128 7 19 i
172 1128 34 19 två
220 1128 58 19 stånd
292 1128 42 19 ledt
348 1128 31 19 till
393 1127 32 20 för
445 1128 62 19 saken
530 1133 112 19 gynsamma
664 1128 71 24 beslut,
758 1128 61 24 vågar

64 1157 33 24 jag
112 1156 52 25 änyo
179 1159 86 22 upptaga
280 1156 157 25 Ridderskapets
453 1157 38 19 och
505 1157 75 19 Adelns
596 1157 173 24 uppmärksamhet
787 1155 32 20 för

65 1185 65 20 denna
144 1185 7 19 i
166 1185 129 24 pedagogiskt
311 1185 37 20 och
370 1185 71 20 socialt
463 1185 113 20 hänseende
598 1185 41 19 lika
661 1185 73 24 vigtiga
755 1185 64 23 fråga.

64 1214 48 19 Men
127 1214 25 19 dä
168 1219 80 14 numera
261 1219 70 19 genom
353 1214 161 24 skolhygieniska
536 1214 171 23 undersökningar
722 1214 13 18 'i
757 1213 63 20 andra

64 1243 71 19 länder
150 1243 36 19 och
202 1247 69 19 genom
285 1243 181 24 tidningspressens
481 1243 29 19 alt
525 1244 65 18 tätare
610 1242 132 25 päminnelser
756 1242 7 19 i
779 1244 39 17 äm-

64 1273 35 18 net
113 1271 73 19 sakens
202 1271 135 20 beskaffenhet
351 1271 64 20 blifvit
431 1271 122 20 allmännare
568 1271 70 20 insedd
654 1271 36 20 och
705 1271 44 19 icke
761 1271 60 19 minst

64 1300 8 19 i
87 1300 55 19 detta
158 1299 58 20 stånd
231 1300 56 19 torde
302 1299 31 20 för
349 1300 73 19 enhvar
437 1300 54 19 klart
506 1299 89 24 framstå,
614 1305 58 14 anser
684 1300 34 24 jag
732 1300 39 23 mig
793 1305 28 13 nu

66 1329 70 19 endast
150 1328 50 20 böra
214 1328 103 20 framhålla
331 1329 116 24 betydelsen
463 1328 64 26 deraf,
543 1331 29 17 att
583 1329 77 24 skolan,
675 1334 42 14 som
727 1334 25 14 en
762 1328 58 20 verk-

65 1357 27 24 lig
107 1357 215 25 uppfostringsanstalt,
341 1358 26 24 på
382 1357 45 20 fullt
443 1358 56 19 alvar
513 1357 6 19 i
536 1357 30 20 sin
588 1357 140 24 undervisning
749 1359 72 23 uppta-

65 1392 35 18 ger
114 1386 136 24 gymnastiken
265 1387 65 19 såsom
345 1392 24 14 en
384 1387 61 23 nödig
459 1386 85 20 motvikt
565 1388 42 18 mot
630 1386 33 20 det
683 1386 138 19 intellektuela

66 1414 84 26 arbetet,
169 1415 93 20 hvarmed
287 1416 92 19 eleverna
400 1415 93 19 hitintills
516 1415 137 23 förnämligast
676 1415 51 19 varit
749 1414 72 24 syssel-

66 1445 62 23 satta;
152 1444 37 20 och
207 1444 30 20 får
251 1445 34 23 jag
306 1444 68 20 derför
395 1444 45 20 med
463 1446 74 17 smärre
560 1444 157 19 modifikationer
740 1443 21 19 af
781 1443 41 19 min

66 1472 55 20 förra
135 1473 85 24 petition
237 1473 36 20 hos
288 1472 147 25 Ridderskapet
451 1473 38 19 och
503 1472 65 20 Adeln
591 1472 99 20 vördsamt
711 1472 111 25 hemställa,

134 1512 103 19 Allmänna
249 1512 178 18 Besvärsutskottets
439 1511 117 18 betänkande
569 1512 35 16 N:o
617 1510 29 18 17.
