1048 1731
221 131 14 20 4
412 131 229 22 Petitionsbetänkande
659 132 36 21 N:o
711 131 36 22 20.

190 193 46 28 asyl
251 193 33 22 för
300 195 41 20 112
356 194 100 21 kroniskt
467 194 137 28 sinnessjuka
614 194 40 21 och
664 195 61 20 torde
735 193 104 22 arbetena
850 195 13 20 å
873 195 72 20 denna

190 229 121 26 inrättning
334 235 51 15 vara
401 229 24 21 så
440 229 61 27 långt
522 229 151 26 framskridna,
689 231 32 19 att
737 229 126 21 densamma
877 229 7 20 i
899 230 46 20 när-

190 264 69 19 maste
282 263 86 21 framtid
391 263 43 21 kan
458 264 84 26 öppnas
564 263 34 21 för
620 264 151 27 emottagande
792 263 24 21 af
828 263 115 27 patienter.

190 297 102 21 Deremot
306 297 40 22 har
361 297 80 28 förslag
456 297 83 27 väckts,
547 300 33 19 att
595 298 160 27 sjukplatserna
770 298 7 21 i
789 297 73 28 Sjählö
873 297 71 28 hospi-

190 331 32 22 tal
237 331 69 22 skulle
321 333 115 21 reduceras
453 332 47 21 frän
517 332 117 28 sextiofyra
649 333 31 20 till
698 331 133 29 fyratiofyra.

258 367 43 20 För
323 368 136 21 närvarande
481 367 71 21 finnas
572 367 32 21 uti
623 367 86 22 landets
723 367 101 27 samtliga
839 367 105 21 anstalter

190 401 33 21 för
239 401 137 28 sinnessjuka
391 403 41 20 396
448 401 138 28 sjukplatser,
602 402 117 27 nämligen:

292 435 8 21 i
315 436 111 27 Lappviks
441 436 91 28 sjukhus
551 448 5 5 -
580 448 4 4 +
608 448 4 4 -
637 448 4 5 »
666 448 4 5 «
691 437 40 21 120
746 436 88 27 platser,

292 470 7 21 i
314 470 111 27 Fagernäs
474 487 12 10 ,
550 483 118 4 os»
631 466 14 35 +
657 466 14 35 +
689 471 40 22 120

292 505 7 21 i
315 505 73 27 Sjählö
476 518 194 13 mot
660 500 13 37 n
704 506 27 20 64
777 522 12 9 oo»

292 540 7 20 i
315 540 287 27 Upptagningsanstalterna
634 552 4 4 -
662 552 4 4 -
701 541 27 21 92

189 574 31 21 Pä
235 575 43 20 sätt
294 574 64 22 ofvan
374 575 128 21 framhällits
517 575 121 22 tillkomma
652 558 133 45 ytterligare
793 574 96 28 följande
905 582 36 14 an-

190 608 31 22 tal
237 608 143 28 sjukplatser:

292 644 7 20 i
314 643 111 28 Fagernäs
441 644 90 27 sjukhus
551 656 4 4 «
580 656 4 4 +
608 656 5 4 -
637 656 5 5 +
666 656 4 5 «
691 644 41 22 190
747 644 88 27 platser,

293 678 7 20 i
315 677 117 22 Kexholms
553 690 119 4 os
607 673 15 36 <
635 690 37 4 ++
694 679 39 21 112
779 694 11 10 >,

190 711 33 21 Dä
238 712 152 28 minskningen
407 712 24 22 af
444 713 73 27 Sjählö
534 713 81 21 anstalt
626 715 61 25 tages
697 713 7 21 i
714 712 151 26 betraktande,
877 712 67 21 befin-

190 753 39 14 nas
244 746 161 28 sjukplatserna
420 747 8 21 i
443 748 48 20 värt
502 747 62 21 lands
575 748 250 26 därvärdsinrättningar
841 747 7 21 i
858 747 85 21 närma-

190 782 32 19 ste
237 780 90 22 framtid
342 781 87 22 komma
443 784 34 19 att
492 782 56 27 stiga
563 782 32 20 till
612 783 48 21 678.

258 815 75 27 Enligt
349 816 41 21 den
407 816 24 21 är
448 817 56 21 1880
523 816 123 22 verkstälda
662 816 167 27 folkräkningen
843 816 100 27 utgjorde

190 850 28 20 dä
233 850 49 21 vårt
296 850 63 21 lands
375 850 135 28 sinnessjuke
525 853 31 19 ett
571 851 61 21 antal
648 851 24 21 af
679 852 75 25 4,380.
776 851 9 21 I
797 852 26 20 de
834 850 111 22 allmänna

188 884 188 22 värdanstalterna
398 884 75 22 kunna
495 885 83 21 säledes
596 886 63 21 äfven
681 887 67 20 sedan
772 886 26 20 de
819 884 124 28 föreslagna

189 918 181 28 förändringarna
392 919 139 28 genomförts,
548 920 48 21 icke
614 924 108 24 upptagas
737 926 60 15 mera
813 920 28 20 än
858 920 46 25 15,5
915 920 28 27 %

190 953 24 21 af
227 953 44 21 alla
286 954 143 27 sinnessjuka.
455 955 60 20 Huru
531 955 139 27 otillräckligt
685 956 62 20 detta
762 954 60 21 antal
837 955 30 25 är,
878 954 65 21 fram-

189 988 40 26 gär
251 989 67 20 redan
341 989 66 26 deraf,
431 991 39 24 att,
487 1001 26 4 —
529 989 67 27 enligt
618 989 57 22 hvad
689 990 36 21 vid
742 989 55 22 1884
812 989 35 20 ärs
862 989 82 21 läkare-

190 1021 103 28 kongress
316 1023 8 20 i
339 1023 143 27 Köpenhamn
501 1023 144 27 meddelades,
661 1037 28 2 —
703 1024 8 21 i
727 1023 88 27 Sverige
829 1023 47 26 24,2
887 1024 34 27 /,,
936 1023 7 20 i

190 1056 71 27 Norge
285 1058 46 25 32,9
342 1058 34 27 %/,
399 1057 7 21 i
426 1057 111 22 Danmark
552 1059 46 25 56,1
610 1059 28 27 %/,
654 1058 24 21 af
691 1058 101 27 samtliga
807 1057 137 28 sinnessjuka

189 1090 60 21 finna
264 1091 54 21 vård
332 1092 13 21 å
361 1092 111 21 allmänna
486 1093 152 27 inrättningar.
668 1093 9 21 I
693 1093 52 21 flere
760 1093 70 20 andra
845 1092 98 28 europei-

190 1125 39 20 ska
244 1127 68 20 stater
327 1126 83 22 lemnar
425 1127 114 22 samhället
554 1128 7 20 i
571 1129 59 20 ännu
641 1129 68 20 större
720 1127 131 27 omfattning
862 1128 26 20 de
899 1127 42 21 sin-

190 1160 101 27 nessjuke
314 1161 33 20 sin
370 1161 65 28 hjelp.
467 1162 138 28 Sakkunnige
628 1163 64 21 hafva
714 1161 115 26 beräknat,
851 1163 32 20 att
899 1162 24 21 af
935 1162 8 21 i

190 1194 62 28 fråga
274 1196 95 21 varande
391 1196 62 27 sjuke
472 1197 129 21 åtminstone
616 1204 27 14 en
658 1196 106 29 fjerdedel
778 1196 166 27 nödvändigtvis

190 1229 40 21 bör
252 1231 109 26 upptagas
376 1230 7 21 i
399 1231 110 21 allmänna
524 1231 167 27 vårdanstalter,
707 1231 73 21 derest
795 1237 50 15 man
860 1231 37 21 vill
912 1231 30 21 fö-

191 1263 110 22 rekomma
317 1264 63 22 äfven
396 1265 55 22 blott
467 1266 26 21 de
509 1267 95 20 svåraste
620 1266 167 27 olägenheterna
798 1265 40 21 och
848 1265 97 22 vådorna

190 1297 34 21 för
239 1299 27 20 de
283 1299 72 27 sjukes
371 1306 54 21 egen
441 1300 39 21 och
496 1301 63 20 deras
574 1300 128 27 omgifnings
717 1299 108 22 säkerhet.

258 1332 34 21 Då
314 1333 145 27 petitionären
483 1334 71 28 begär,
570 1337 32 19 att
617 1335 48 21 vårt
679 1335 64 21 lands
759 1333 184 23 dårvårdsanstal-

191 1370 32 19 ter
246 1369 67 20 sattes
335 1368 8 20 i
366 1369 35 20 det
419 1369 66 26 skick,
501 1371 33 18 att
549 1370 26 19 de
590 1369 87 28 erbjöde
693 1369 128 27 tillräckligt
837 1370 105 26 utrymme

191 1402 34 21 för
239 1402 8 21 i
263 1402 61 28 fråga
339 1404 96 20 varande
451 1403 68 28 sjuke,
535 1404 63 21 berör
607 1404 43 21 han
662 1404 83 21 således
757 1403 75 22 dervid
842 1404 31 20 ett
883 1402 60 22 miss-

261 1442 99 18 Allmänna
372 1443 173 18 Besvärsutskottets
556 1443 110 18 betänkande
677 1443 34 18 N:o
723 1443 28 18 15.
