1048 1731
289 121 275 23 Petitionsbetänkande
580 122 40 22 N:o
634 121 34 22 33.
806 122 25 21 15

103 184 91 22 kunskap.
224 184 38 17 Den
280 184 93 23 ställning,
392 184 53 17 hvari
464 184 44 17 våra
527 184 63 17 skolor
605 184 29 17 för
652 184 115 17 närvarande
787 184 73 17 befinna

103 213 33 22 sig,
154 213 59 22 gifver
231 217 28 13 oss
278 212 54 17 äfven
348 217 22 12 en
382 212 100 23 glädjande
501 212 98 18 försäkran
612 212 67 22 derom,
692 214 28 16 att
732 213 127 22 ansträngnin-

103 247 57 17 garna
173 241 23 22 på
208 241 50 17 detta
271 241 72 17 område
356 241 39 17 icke
408 241 60 22 gjorts
481 240 99 23 förgäfves,
593 242 45 16 utan
650 242 28 16 att
691 242 27 16 ett
726 241 95 18 sträfsamt
831 246 28 13 ar-

103 270 41 18 bete
156 270 24 23 på
191 269 116 23 bildningens
326 269 35 18 fält
379 269 55 18 äfven
447 270 5 17 i
465 269 42 18 vårt
526 269 68 23 fattiga
612 269 43 18 land
671 269 48 18 skall
731 270 52 23 gifva
795 275 23 12 en
831 269 28 18 rik

103 299 34 17 och
156 299 66 22 dyrbar
239 297 62 18 skörd.
326 298 34 17 Vid
377 303 22 12 en
417 298 51 17 blick
484 298 23 22 på
520 298 31 17 det
563 298 125 17 blomstrande
700 298 27 22 lif,
741 299 44 17 våra
798 298 62 18 skolor

104 327 76 18 sålunda
193 327 45 21 föra,
250 327 58 16 möter
321 331 29 13 oss
363 326 32 17 der
408 326 47 17 dock
469 331 22 13 en
507 326 107 23 skuggsida,
626 327 91 22 nemligen
730 327 34 18 den
777 328 28 16 att
817 332 43 12 man

103 355 16 22 ej
132 355 71 23 lyckats
222 355 67 17 inrätta
307 355 85 17 skolorna
405 355 23 22 på
441 356 27 16 ett
481 356 43 19 sätt,
536 355 72 17 hvilket
621 355 5 16 i
638 355 64 22 hvarje
714 355 87 18 afseende
813 358 46 14 mot-

103 383 76 18 svarade
191 383 89 18 behofven
292 383 33 18 hos
338 383 35 18 den
385 383 106 21 allmänhet,
504 388 39 13 som
556 383 68 18 anlitar
636 383 53 18 dessa
702 383 67 18 skolor.
794 383 63 18 Såsom

103 414 27 15 ett
142 412 58 22 dylikt
212 411 159 18 missförhållande
384 412 47 23 våga
443 412 18 17 vi
475 411 105 18 härmedels
594 412 29 17 för
631 412 30 17 det
667 412 114 18 hedervärda
790 412 67 17 bonde-

104 440 80 18 ståndets
197 441 160 22 uppmärksamhet
374 441 73 22 påpeka
460 441 23 22 på
496 440 34 18 den
544 441 105 17 nuvarande
662 441 109 22 ställningen
785 440 20 18 af
817 440 41 18 Sor-

104 469 65 18 davala
181 469 112 22 tvåklassiga
305 469 160 18 elementarskola.

172 497 35 18 Till
227 497 97 23 belysande
342 498 21 18 af
380 498 21 18 de
420 498 65 18 härvid
505 498 81 18 rådande
605 497 155 23 omständigheter
779 497 29 18 må
827 497 31 18 det

104 526 71 18 tillåtas
187 531 29 13 oss
229 528 27 16 att
268 526 33 18 här
313 526 102 23 framlägga
428 527 58 22 några
501 526 59 18 fakta.

172 554 99 18 Sordavala
290 555 104 17 nuvarande
406 556 117 22 tvåklassiga
535 556 58 19 skola,
606 560 38 12 som
658 555 47 17 ifrån
718 555 21 17 år
752 556 44 17 1875
809 554 48 18 ända

105 583 27 17 till
150 583 64 23 början
233 583 20 18 af
270 583 131 18 höstterminen
421 585 44 17 1884
478 589 33 12 var
523 588 22 13 en
558 583 102 23 tvåklassig
672 583 97 21 realskola,
782 588 41 12 men
836 582 22 18 då

105 612 119 17 förändrades
236 612 28 17 till
277 616 22 13 en
311 612 102 23 tvåklassig
426 612 160 20 elementarskola,
599 612 33 17 har
641 612 5 17 i
656 612 99 17 allmänhet
768 611 48 18 varit
829 611 30 17 be-

108 640 42 18 sökt
168 640 20 18 af
204 642 26 16 ett
248 640 69 18 mindre
336 641 50 17 antal
401 641 65 17 elever.
491 641 8 17 I
512 640 86 18 medeltal
611 640 35 18 har
658 640 50 18 detta
721 640 47 18 varit
780 641 79 21 20—25;

105 669 28 17 för
150 669 112 17 närvarande
276 670 21 16 är
309 669 68 18 antalet
390 670 61 17 elever
464 670 5 16 i
482 669 65 18 skolan
560 669 84 23 omkring
658 670 25 17 10.
707 668 42 18 Som
762 668 55 18 orsak
830 668 28 18 till

104 697 93 18 elevernas
210 698 51 22 ringa
274 697 49 18 antal
336 697 35 18 har
382 698 82 22 tydligen
477 698 48 17 visat
538 698 27 22 sig
578 697 35 18 den
626 697 164 23 omständigheten,
799 698 28 16 att
836 696 22 18 de

104 726 52 18 fleste
164 736 23 2 —
196 726 55 22 enligt
263 726 82 18 erhällna
357 726 94 23 uppgifter
464 726 29 18 för
505 726 116 18 närvarande
634 728 22 16 70
668 736 21 2 —
702 726 20 17 af
734 726 21 17 de
762 725 97 23 ynglingar

104 754 24 22 pä
139 754 54 18 dessa
209 754 76 22 trakter,
303 754 63 18 hvilka
382 755 75 17 beträdt
469 754 147 23 lärdomsvägen,
628 754 56 18 hafva
696 754 91 23 begagnat
799 754 28 22 sig
840 754 20 17 af

106 782 85 22 fjermare
204 783 83 17 läroverk
299 783 28 17 till
340 784 80 21 exempel
433 783 22 17 de
464 784 5 16 i
477 783 82 23 Wiborg,
572 782 121 23 Helsingfors,
702 782 113 18 Tavastehus
825 782 34 18 och

104 811 77 23 Kuopio,
194 812 31 17 der
237 812 30 17 det
280 812 49 17 fallit
341 812 27 22 sig
382 812 108 22 lämpligare
503 812 29 17 för
544 812 40 17 dem
598 813 28 16 att
638 811 77 22 päbörja
727 811 27 17 sin
763 810 96 23 skolgäng,

104 842 44 16 enär
160 840 22 18 de
195 842 43 16 utan
251 840 71 23 ombyte
335 840 20 18 af
366 840 85 18 läroverk
464 840 95 18 derstädes
572 840 62 18 kunna
647 840 77 17 slutföra
735 839 43 18 hela
787 840 28 16 sin
825 839 34 18 ele-

104 868 161 18 mentarlärokurs.

173 896 80 18 Sälunda
271 897 33 17 har
321 897 100 17 Sordavala
434 897 103 23 2-klassiga
550 897 52 17 skola
615 897 29 17 för
656 896 31 18 det
699 898 58 16 mesta
769 896 48 18 varit
830 896 29 18 be-

106 925 43 18 sökt
165 925 21 18 af
202 925 69 18 sädana
286 925 65 22 elever,
363 926 64 17 hvilka
439 925 96 18 derstädes
548 926 90 17 inhemtat
650 925 22 18 de
685 925 58 18 första
756 925 104 23 grunderna

106 954 28 17 för
152 954 82 22 bildning
252 954 33 17 och
303 954 74 17 dermed
394 954 79 18 afslutat
491 955 28 17 sin
538 954 96 23 skolgång,
646 954 75 17 hvarför
731 954 69 23 jemväl
813 954 46 17 elev-

106 982 70 18 antalet
188 983 96 17 bibehällit
297 983 26 22 sig
337 983 20 17 sä
369 983 43 22 lägt.

173 1011 63 18 Säsom
255 1013 26 15 ett
299 1011 89 21 läroverk,
407 1011 61 18 afsedt
487 1011 117 18 uteslutande
620 1012 28 16 för
661 1012 60 16 ortens
732 1011 61 20 behof,
805 1011 38 17 kan
857 1011 4 17 i

106 1039 53 22 fräga
171 1039 79 18 varande
262 1039 52 18 skola
326 1039 5 17 i
344 1039 50 18 tiden
406 1039 58 18 hafva
476 1041 31 21 egt
519 1039 60 23 nägon
588 1039 97 23 betydelse.
709 1039 42 18 Men
760 1039 41 18 dess
811 1039 50 17 ställ-

106 1068 43 22 ning
162 1067 118 18 förändrades
293 1068 60 21 totalt,
362 1068 23 18 dä
391 1068 102 17 Sordavala
500 1068 118 17 seminarium
625 1068 64 18 hösten
697 1068 44 18 1883
747 1067 84 23 öppnade
839 1072 23 12 eu

106 1096 124 17 normalskola
242 1096 29 17 för
282 1101 68 18 gossar.
375 1096 69 18 Genom
457 1097 60 17 denna
526 1097 52 17 skola
584 1097 34 17 har
626 1096 236 18 elevantalet
742 1092 8 32 i
760 1096 102 18 elementar-

106 1124 65 18 skolan
183 1124 40 17 lidit
235 1129 22 13 en
270 1125 83 17 kännbar
365 1125 111 23 minskning,
489 1127 19 20 ty
521 1125 137 18 normalskolan
670 1125 70 18 hemtar
755 1125 40 17 sina
803 1124 60 17 elever

107 1153 42 17 frän
161 1157 69 13 samma
242 1153 85 18 omräden
340 1158 38 13 som
389 1153 167 18 elementarskolan
566 1153 33 18 och
612 1153 79 18 förbarn
704 1153 21 18 af
736 1153 57 18 folket
806 1152 56 18 fram-

107 1181 38 18 står
158 1181 34 18 den
209 1186 63 17 genom
287 1182 32 17 sitt
332 1182 209 23 undervisningssystem
554 1187 50 12 mera
616 1182 122 23 tilläragande
750 1183 23 16 än
786 1181 77 17 elemen-

106 1209 101 22 tarskolan,
219 1209 54 18 hvars
286 1210 129 23 undervisning
428 1213 56 20 utgör
495 1210 83 23 grunden
591 1211 29 16 för
632 1210 35 17 den
679 1210 51 17 lärda
742 1209 71 18 skolan.

176 1239 63 16 Denna
257 1239 80 22 rigtning
356 1238 142 18 förhällandena
515 1239 49 22 tagit
582 1239 34 17 har
632 1239 34 17 hos
682 1240 61 16 ortens
756 1237 107 22 befolkning

107 1267 61 17 befäst
186 1267 34 17 den
238 1267 76 21 önskan,
333 1269 28 16 att
376 1267 5 17 i
394 1267 103 18 Sordavala
515 1267 42 18 stad
571 1267 57 18 mätte
641 1267 76 18 inrättas
730 1268 27 16 ett
769 1266 56 23 högre
838 1265 25 18 lä-

107 1295 71 18 roverk.
202 1295 36 17 Till
257 1295 104 18 inrättande
374 1295 21 18 af
405 1297 26 16 ett
445 1295 119 23 fullständigt
582 1296 70 22 lyceum
670 1295 62 18 kunna
745 1294 118 22 förhoppnin-

106 1329 58 17 garna
176 1323 30 18 för
218 1324 113 17 närvarande
344 1324 39 17 icke
397 1325 76 17 sträcka
485 1325 34 22 sig,
532 1324 24 18 dä
563 1325 61 17 dertill
637 1324 94 18 fordrades
743 1328 50 13 mera
805 1323 59 17 medel

107 1353 23 16 än
143 1352 49 17 hvad
204 1357 38 12 som
255 1352 60 18 kunde
333 1353 82 22 beviljas.
441 1353 88 18 Deremot
542 1354 21 16 är
574 1353 24 22 pä
611 1354 51 16 orten
675 1353 34 17 den
722 1352 57 23 lifliga
792 1351 72 18 önskan

107 1380 76 18 allmänt
195 1380 85 22 rädande,
294 1383 27 16 att
333 1381 100 18 Sordavala
441 1382 117 22 tväklassiga
571 1381 152 18 elementarskola
735 1380 56 18 mätte
805 1379 59 18 utvid-

108 1414 32 17 gas
153 1409 28 17 till
194 1409 105 23 fyrklassig.

177 1443 96 18 Allmänna
286 1444 174 18 Besvärsutskottets
471 1444 110 17 betänkande
593 1444 34 17 N:o
639 1444 31 16 27.

493 1474 11 10 ”
