1048 1731
198 133 12 20 2
410 126 202 29 Motionsketäskauia
625 131 36 24 N:o
676 131 27 24 13.

170 196 127 25 gvantiteter,
312 196 21 23 ja
348 196 30 19 till
394 197 36 19 och
446 196 45 19 med
506 196 132 24 minderäriga
661 196 67 19 lockas
745 195 37 20 och
798 195 85 20 förföras
899 195 31 19 till

170 224 139 25 dryckenskap
325 225 45 19 med
388 225 65 20 dessa.
484 225 124 22 Handlande,
631 225 68 19 hvilka
721 224 58 23 börja
801 224 31 19 sin
854 224 75 19 rörelse

168 253 72 20 endast
255 253 45 19 med
315 253 59 20 dessa
389 259 66 19 varor,
470 253 65 20 fastän
552 253 24 20 de
591 253 30 20 till
636 255 81 18 namnet
731 252 52 20 lätsa
798 251 59 21 hafva
872 251 57 21 äfven

170 283 62 18 annat
246 281 63 26 kram,
325 285 50 17 växa
391 288 39 19 upp
446 288 42 15 som
503 288 91 19 svampar
610 287 30 14 om
659 282 70 19 hösten
745 281 38 20 och
806 281 69 24 sprida
889 286 41 14 om-

168 311 60 24 kring
243 311 30 23 sig
289 310 83 24 förderf,
389 311 37 20 och
443 317 31 14 om
489 311 24 19 de
530 311 17 24 ej
563 313 52 17 ännu
630 310 39 20 fätt
690 309 89 20 tillträde
803 309 32 20 till
857 309 73 24 köpin-

168 345 62 18 garna
246 339 37 20 och
298 339 123 22 landsorten,
439 341 22 19 sä
476 342 22 17 är
514 339 85 20 orsaken
614 339 107 24 ingalunda
742 339 45 23 den,
811 340 29 17 att
863 338 24 19 de
909 338 20 23 ej

168 367 65 20 skulle
249 367 79 20 försökt
343 368 40 20 det.
413 368 47 20 Man
476 369 37 19 hör
529 368 25 25 pä
568 367 48 20 flere
632 368 41 19 häll
689 367 76 24 klagas,
787 369 30 17 att
839 372 24 14 en
886 368 43 17 stor

168 397 33 19 del
216 396 22 21 af
253 397 34 19 det
301 403 58 18 gagn,
375 403 41 13 som
432 398 38 19 den
485 402 39 19 nya
539 396 237 23 bränvinsförordningen
788 395 77 20 kunnat
874 394 55 20 med-

168 425 51 24 föra,
235 425 102 20 drunknar
352 426 7 19 i
375 428 105 17 strömmen
497 425 21 20 af
532 426 57 19 dessa
604 431 81 18 svagare
704 425 93 24 drycker.

240 454 38 24 Jag
293 455 61 23 vägar
369 455 74 24 derför,
459 455 6 19 i
481 455 34 19 det
529 455 33 23 jag
577 454 88 19 frambär
681 454 82 23 mängas
778 452 128 25 önskningar,
921 453 8 18 i

168 483 46 20 stöd
229 483 21 20 af
264 483 73 24 nädiga
352 483 113 20 manifestet
480 483 21 20 af
515 483 38 19 den
568 481 28 22 25
609 483 44 24 juni
676 481 63 24 1886,
763 481 60 24 bedja
844 481 83 24 högvör-

168 513 46 23 diga
229 512 149 24 presteständet
393 512 70 20 förena
478 513 29 23 sig
523 518 31 13 om
570 518 23 13 en
609 511 123 23 underdänig
747 511 76 19 motion
838 510 31 19 till
879 510 48 19 änd-

167 542 45 22 ring
227 541 22 19 af
263 540 144 21 ofvannämnda
423 540 11 26 8
450 540 26 21 51
493 542 5 18 i
513 541 73 23 nådiga
604 540 143 23 förordningen
770 544 32 15 om
825 538 103 20 bränvins-

168 569 125 25 försäljning,
310 570 22 19 sä
347 572 30 18 att
392 570 45 19 dess
453 570 40 19 slut
507 569 65 20 skulle
587 569 79 19 komma
687 571 31 17 att
741 568 76 20 erhälla
840 567 87 25 följande

166 598 87 25 lydelse:

379 648 44 22 Till
442 648 62 22 dessa
526 648 111 28 hänföras
660 648 87 20 sådana
771 646 156 28 blandningar,

307 684 45 14 som
367 676 113 22 innehålla
498 683 60 15 mera
580 678 30 20 än
632 678 75 20 sexton
726 678 93 25 procent
841 674 88 22 alkohol

307 706 37 21 vid
358 706 28 26 +
401 707 28 19 15
443 706 81 28 grader
539 706 67 27 enligt
622 704 65 22 Celsii
702 706 139 20 termometer.

239 764 133 24 Helsingfors,
389 765 18 19 d.
426 765 9 19 1
453 764 95 20 Februari
565 763 61 21 1888.

663 814 62 23 Josua
739 813 116 23 Johansson.

297 982 50 19 Till
367 983 42 18 det
427 982 130 24 vällofliga
579 981 226 25 Borgareståndet.

235 1033 32 20 Nu
283 1033 91 24 gällande
391 1033 115 25 förordning
520 1034 102 23 angående
641 1033 91 20 vilkoren
757 1032 31 20 för
803 1031 124 25 försäljning,

165 1062 85 24 forsling
265 1065 52 16 samt
331 1062 74 25 upplag
420 1062 21 20 af
454 1063 82 20 bränvin
552 1062 37 20 och
605 1063 63 19 andra
682 1061 78 20 brända
775 1061 50 21 eller
840 1060 88 21 destille-

165 1091 49 20 rade
230 1091 146 24 spritdrycker,
392 1092 36 19 har
451 1091 51 20 hvad
517 1091 95 20 beträffar
634 1091 25 19 de
681 1091 157 24 bestämningar,
861 1089 67 20 hvilka

166 1119 42 20 afse
224 1122 31 17 att
270 1122 53 17 sätta
339 1125 23 14 en
379 1120 44 19 dam
439 1120 30 19 för
485 1121 36 18 den
538 1119 122 20 öfverdrifna
680 1119 118 24 njutningen
814 1119 21 20 af
849 1119 6 19 i
871 1118 57 25 fråga

165 1148 87 20 varande
268 1149 93 24 drycker,
376 1147 46 26 följt
437 1155 23 13 en
476 1149 60 23 riktig
550 1149 78 24 princip
651 1148 50 24 deri,
725 1149 31 18 att
777 1147 150 21 förbudsrätten

165 1176 142 21 öfverlemnats
325 1177 22 20 åt
362 1177 24 20 de
402 1177 98 20 särskilda
515 1177 204 20 stadskommunerna.
751 1177 120 24 Härigenom
887 1176 40 20 kan

164 1211 44 14 man
224 1205 60 20 hafva
299 1207 102 22 garantier
415 1206 38 23 för,
469 1208 29 17 att
513 1208 29 17 ett
556 1206 73 19 förbud
644 1206 36 19 har
695 1206 47 19 stöd
757 1205 7 20 i
781 1206 34 19 det
829 1205 99 20 allmänna

164 1234 125 19 tänkesättet
311 1234 38 20 och
371 1235 196 19 rättsmedvetandet.
597 1231 64 23 Äfven
684 1234 33 19 för
740 1233 143 20 befordrandet
907 1233 22 20 af

164 1262 134 25 nykterheten
315 1265 23 17 är
353 1264 65 19 denna
432 1263 122 23 bestämning
577 1263 158 24 fördelaktigare
759 1265 25 17 än
807 1268 24 14 en
854 1263 72 19 allmän

164 1291 124 26 förbudslag,
304 1293 82 18 emedan
403 1293 38 18 den
457 1295 22 16 är
494 1297 23 14 en
538 1297 69 19 sporre
630 1292 32 19 för
684 1292 144 23 nykterhetens
852 1294 75 17 vänner

164 1323 30 16 att
209 1320 50 19 söka
275 1321 60 18 vinna
351 1321 82 19 sinnena
449 1321 31 19 för
495 1321 29 19 sin
541 1321 35 19 sak
592 1321 37 19 och
645 1320 86 20 sålunda
743 1320 84 19 utbreda
843 1321 84 18 intresse

164 1349 32 18 för
211 1348 82 25 frivillig
309 1349 113 26 nykterhet,
438 1350 25 19 då
478 1349 88 20 deremot
582 1351 29 17 ett
624 1349 84 20 allmänt
723 1349 73 19 förbud
812 1354 69 19 genom
896 1349 32 23 lag

164 1377 64 20 skulle
246 1380 69 22 bringa
331 1378 56 20 detta
403 1378 112 20 siräivande
531 1381 29 17 att
575 1378 95 20 afsvalna.
703 1378 72 19 Likväl
797 1377 63 19 finnes
876 1378 29 18 uti
920 1378 7 18 i

164 1406 56 24 fråga
231 1407 88 19 varande
335 1406 116 24 förordning
460 1412 23 14 en
494 1407 124 23 bestämning
633 1406 126 20 beträffande
770 1406 157 23 förbudsrätten,

163 1434 81 20 hvilken
260 1435 63 19 borde
340 1436 79 20 ändras.
449 1436 69 19 Denna
534 1436 123 23 bestämning
679 1435 55 19 läses
749 1435 6 19 i
772 1435 152 23 förordningens

232 1473 204 18 Ekonomiutskottets
449 1473 119 26 betänkande
580 1474 35 17 N:o
630 1474 32 17 15.
