1048 1731
307 95 210 23 Politionsbetänkande
533 95 33 23 N:o
582 94 20 23 6.
795 94 13 19 3

148 159 30 16 En
196 158 78 17 allmänt
294 157 81 18 utbredd
394 157 51 23 åsigt
461 158 55 17 torde
529 163 52 16 vara,
594 158 27 17 att
633 157 91 23 zigenare
736 155 101 20 meddelad

79 187 113 23 uppfostran
205 187 41 17 icke
259 187 52 17 leder
324 187 29 16 till
365 187 60 22 något
437 187 86 17 resultat.
542 187 46 17 Men
600 186 70 17 liksom
682 185 80 19 läkaren
775 187 62 20 säger,

79 217 29 16 att
125 215 39 18 han
177 215 62 23 aldrig
254 215 30 18 får
296 215 87 24 upphöra
395 217 29 15 att
437 215 74 24 hoppas
523 215 25 24 på
561 215 36 18 den
610 214 66 23 sjukes
688 214 149 21 tillfrisknande,

80 245 22 17 så
119 244 20 18 få
155 245 23 22 ju
194 244 43 18 icke
255 244 62 18 heller
328 244 20 17 vi
361 245 74 22 prester
447 244 89 23 upphöra
548 245 28 16 att
588 243 65 23 verka,
666 249 32 12 om
711 245 24 16 än
749 244 21 17 så
781 243 58 23 ringa

80 273 46 19 eller
143 273 75 18 kanske
234 273 46 23 inga
293 273 74 18 frukter
379 273 62 18 blifva
453 273 77 24 synliga
543 273 22 17 af
575 273 44 17 vårt
631 272 70 18 arbete.
728 273 23 17 Vi
763 272 21 18 få
795 272 42 17 icke

79 303 87 23 upphöra
178 303 29 16 att
220 302 72 23 hoppas
305 301 32 18 det
350 301 44 18 Gud
407 301 49 18 skall
470 301 64 18 förmå
545 301 60 18 rädda
618 301 57 18 äfven
687 301 38 18 den
738 302 49 17 mest
800 301 37 18 för-

79 331 75 18 villade.
179 331 24 18 Vi
215 333 32 15 äro
259 331 21 22 ju
294 330 47 18 blott
353 330 54 17 Hans
420 331 57 22 ringa
488 331 81 22 tjenare,
582 330 54 17 Hans
649 330 130 23 säningsmän.
792 329 45 18 Men

79 360 31 18 för
122 362 28 16 att
162 360 20 18 vi
194 359 55 18 skola
261 359 64 18 kunna
338 360 26 21 så,
377 359 30 18 för
420 361 28 16 att
459 360 20 17 vi
492 359 101 24 verkligen
605 359 32 18 må
648 359 66 18 kunna
726 359 70 23 bringa
808 358 29 18 till

80 389 128 18 efterrättelse
220 388 75 23 Nädiga
309 388 101 18 cirkuläret
423 388 22 17 af
456 389 37 18 den
505 389 23 17 29
542 388 80 18 oktober
635 389 49 17 1866:
697 389 40 22 ,att
750 387 48 18 söka
805 393 32 18 ge-

79 424 45 11 nom
138 417 64 18 ordets
214 417 53 18 makt
280 417 103 23 öfvertyga
395 417 104 23 zigenarne
512 423 32 12 om
552 417 153 18 kristendomens
714 416 123 24 sanningar",

80 449 21 16 är
113 447 33 17 det
158 446 124 23 nödvändigt,
295 447 28 16 att
335 447 104 22 zigenarne
454 446 128 18 underställas
598 446 35 17 vär
645 445 192 22 lärareverksamhet,

80 475 74 18 hvilket
171 475 39 18 kan
222 475 33 18 ske
269 475 68 18 endast
348 475 7 17 i
367 475 33 18 det
411 475 39 22 fall,
463 477 29 16 att
504 476 104 22 zigenarne
620 475 78 22 tvingas
710 476 29 16 att
751 474 87 24 upphöra

80 504 44 18 med
142 504 34 18 sitt
190 504 131 24 vagabondlit.
345 504 46 18 Men
403 503 63 19 ehuru
478 504 56 18 deras
547 503 163 24 kringstrykande
723 503 115 19 lefnadssätt

80 533 37 17 och
134 533 72 23 tiggeri
223 535 22 16 är
262 534 31 17 väl
308 533 76 21 bekant,
397 533 64 23 gifver
473 533 84 23 mängen
570 532 87 18 länsman
670 532 35 18 och
718 532 119 18 kommunal-

80 562 197 18 nämndsordförande
296 562 43 17 dem
356 561 204 24 rese-(arbets-)betyg,
578 561 128 23 hvarigenom
721 562 24 18 de
757 563 62 16 sättas
831 561 7 17 i

80 590 75 18 tillfälle
172 592 29 16 att
218 590 81 18 likasom
315 590 61 18 under
388 590 64 24 skydd
465 590 21 18 af
496 590 34 24 lag
542 590 88 18 bedrifva
641 590 71 24 tiggeri
725 590 36 18 och
775 596 63 12 annan

80 619 111 24 förargelse.
207 620 51 23 Nyss
271 619 82 17 nämnde
366 618 135 19 funktionärer
514 625 46 11 anse
574 619 30 23 sig
616 619 97 23 nämligen
721 620 43 17 icke
773 619 65 17 kunna

80 648 49 18 neka
147 648 44 19 dem
208 649 55 17 dessa
280 648 59 23 betyg
353 648 26 23 pä
391 648 64 23 grund
468 648 22 18 af
502 648 112 24 Kejserliga
627 649 128 23 kungörelsen
769 648 22 18 af
801 648 37 18 den

81 679 21 17 17
114 683 52 12 mars
179 678 50 20 1879,
241 679 32 20 $2,
282 677 61 18 ehuru
351 677 110 23 zigenarne,
471 677 63 23 enligt
541 677 41 18 min
590 677 129 24 uppfattning,
728 677 43 18 icke
779 678 60 17 borde

80 712 47 12 vara
140 706 119 23 berättigade
272 707 28 17 att
313 706 72 18 erhälla
397 706 73 18 sädana
482 706 55 18 bevis
551 706 47 18 bäde
611 706 69 20 derför,
693 708 29 16 att
734 707 55 17 deras
802 706 37 18 lös-

80 734 80 19 drifveri
178 735 37 17 och
231 735 72 23 tiggeri
321 737 21 15 är
353 735 66 21 kändt,
432 736 36 16 och
481 735 59 18 äfven
553 735 70 22 derför,
636 736 28 16 att
676 735 23 18 de
711 736 43 17 icke
765 736 74 17 infinna

80 764 31 22 sig
123 764 29 17 till
164 763 180 23 mantalsskrifning
357 764 36 16 och
405 764 43 18 icke
461 764 61 18 heller
534 764 66 23 någon
613 769 62 13 annan
688 764 39 18 kan
739 764 40 18 låta
786 770 53 12 man-

80 792 112 18 talsskrifva
212 792 48 22 dem,
278 794 54 16 utom
350 792 6 18 i
372 792 32 18 det
422 792 39 23 fall,
478 794 29 16 att
526 792 23 18 de
566 793 62 17 finnas
640 795 99 21 upptagna
751 794 6 16 i
770 793 70 23 kyrko-

81 822 101 21 böckerna,
195 821 24 18 dä
231 821 24 18 de
267 821 61 17 under
340 827 58 11 namn
411 821 21 18 af
442 821 117 18 lösdrifvare
572 822 46 18 eller
629 821 42 18 lösa
681 828 98 17 personer,
789 827 50 13 eme-

80 850 37 18 dan
137 850 24 18 de
180 850 42 18 icke
240 850 69 18 besitta
328 850 73 23 stadigt
413 850 90 22 hemvist,
516 850 111 18 förtecknas
639 850 7 18 i
658 850 59 18 slutet
729 850 22 18 af
761 850 79 18 härads-

79 878 119 19 skrifvarens
219 879 63 23 längd.
305 874 58 22 Ännu
383 879 81 22 mindre,
485 879 63 18 skulle
569 885 45 11 man
632 879 63 23 tycka,
711 879 60 19 borde
784 880 55 17 deras

80 908 84 18 kvinnor
182 908 37 17 och
236 908 54 18 barn,
311 907 66 18 hvilka
396 907 41 18 ofta
455 908 36 17 alls
509 908 43 18 icke
570 908 62 17 finnas
645 910 99 22 upptagna
755 908 7 18 i
775 908 65 24 nägon

79 937 125 23 församlings
222 936 139 24 kyrkoböcker,
379 936 67 18 kunna
465 936 73 19 erhälla
556 936 73 19 sädana
646 937 61 24 intyg,
726 937 37 18 och
780 937 60 18 likväl

79 966 61 17 kallas
160 966 22 17 de
202 965 89 23 ,hustru*
309 965 55 18 såväl
376 965 7 18 i
394 965 140 18 länsmännens
547 965 125 24 arbetsbetyg
683 972 43 11 som
738 967 6 16 i
757 967 83 23 länesty-

79 995 73 18 relsens
172 1000 50 18 pass,
240 994 61 18 ehuru
313 994 56 17 deras
381 994 109 23 prestbevis
503 996 91 22 upptaga,
608 995 28 16 att
648 995 24 17 de
683 997 33 16 äro
730 995 61 23 ogifta
803 995 37 18 och

80 1025 28 16 att
126 1023 24 18 de
168 1023 43 18 icke
229 1023 48 17 höra
294 1023 29 17 till
342 1022 147 24 församlingen.
501 1033 22 3 —
536 1023 40 23 Jag
594 1023 39 18 kan
644 1023 43 18 icke
699 1024 100 18 underläta
812 1025 29 16 att

80 1052 36 18 här
128 1054 103 15 omnämna
244 1057 24 12 en
280 1051 75 18 läkares
367 1052 92 23 yttrande
471 1052 29 17 till
513 1052 41 23 mig
567 1051 71 22 derom,
651 1053 28 16 att
691 1058 24 12 en
728 1054 40 17 stor
781 1053 62 18 delaf

79 1081 23 17 de
120 1081 61 17 under
199 1080 48 17 hans
264 1080 114 18 läkarevärd
390 1081 81 18 stående
483 1081 119 23 syfilissjuke
615 1081 84 23 ntgjorts
711 1081 22 18 af
744 1081 96 24 zigenare,

79 1109 72 22 hvilka,
170 1109 24 17 dä
206 1109 39 18 han
256 1109 43 18 icke
311 1109 64 18 kunde
387 1109 64 18 förmä
463 1109 44 18 dem
519 1111 29 16 att
560 1111 70 16 stanna
642 1109 24 24 pä
678 1110 101 23 sjukhuset
791 1111 50 17 ända

79 1137 39 18 tills
131 1137 23 18 de
167 1137 118 22 tillfrisknat,
297 1138 124 23 naturligtvis
434 1144 43 12 som
489 1138 167 24 syfilisbehäftade
664 1139 61 18 under
733 1139 34 18 sitt
775 1139 66 24 kring-

79 1167 106 24 strykande
197 1167 25 17 lif
232 1167 133 18 ästadkomma
377 1169 28 16 ett
417 1167 136 24 oberäkneligt
565 1167 51 18 ondt.

148 1195 10 18 I
177 1196 96 18 anseende
291 1196 30 17 till
339 1196 34 17 allt
385 1196 53 18 detta
451 1197 37 17 och
501 1197 24 17 dä
535 1197 36 22 jag
584 1196 97 19 betraktar
693 1197 32 18 det
737 1203 42 11 som
792 1203 49 12 sam-

79 1224 70 19 hällets
168 1225 115 23 ovilkorliga
302 1224 113 24 skyldighet
433 1227 30 16 att
479 1225 48 18 söka
540 1225 89 24 bibringa
640 1226 58 17 ocksä
710 1225 56 18 dessa
777 1225 65 18 lands-

79 1255 47 16 män
139 1253 119 24 uppfostran,
271 1259 47 12 vore
331 1253 32 18 det
375 1255 25 16 än
413 1255 42 16 mot
467 1254 56 18 deras
537 1260 49 17 egen
593 1254 52 23 vilja,
654 1255 60 22 vägar
720 1255 36 22 jag
764 1254 77 23 föreslä,

79 1283 29 16 att
125 1282 150 22 Presteständet,
294 1282 7 17 i
319 1281 90 24 förening
426 1283 44 17 med
489 1283 60 17 andra
561 1283 62 22 ständ,
636 1283 45 18 ville
693 1283 108 18 framställa
813 1285 28 16 ett

80 1310 130 24 underdänigt
222 1310 73 24 förslag
307 1310 78 23 derhän,
398 1312 29 17 att

287 1373 54 19 Hans
359 1374 107 24 Kejserliga
485 1375 91 22 Majestät
588 1375 7 17 i
607 1374 57 18 nåder
682 1375 70 18 täcktes
764 1376 80 23 vidtaga

222 1402 74 18 sådana
315 1403 94 23 åtgärder,
428 1405 30 16 att
478 1404 28 18 1:0
523 1404 54 22 öfver
594 1403 41 18 alla
647 1404 7 16 i
666 1403 86 19 Finland
763 1404 78 18 hemma-

216 1431 83 18 hörande
320 1432 87 22 zigenare
427 1432 151 23 införskaffades
600 1436 111 19 noggranna
735 1433 107 19 statistiska

150 1467 98 16 Allmänna
261 1466 175 18 Besvärsutskottets
449 1468 113 17 betänkande
574 1468 36 16 N:o
623 1467 17 17 4.
