1048 1731
218 131 26 20 38
378 129 273 23 Petitionsbetänkande
667 129 39 22 N:o
721 128 36 24 33.

543 443 49 22 TI.

259 501 36 22 Då
318 501 190 22 undertecknade
525 501 8 21 i
548 501 109 29 frågorna
673 508 37 14 om
725 500 144 29 utvidgning
885 501 22 21 af
923 502 22 20 4-

190 536 105 28 klassiga
317 535 76 22 finska
415 535 210 22 elementarskolan
644 536 9 21 i
671 536 62 21 Vasa
749 535 44 21 och
808 534 137 29 förändring

190 572 26 20 af
235 570 280 29 undervisningsspråket
538 570 40 22 vid
600 570 93 28 lyceum
715 570 9 21 i
744 570 34 22 S:t
793 570 86 22 Michel
893 570 52 21 icke

190 606 80 21 kunna
286 605 69 21 ställa
371 606 36 28 sig
422 606 30 28 på
467 606 127 20 utskottets
610 604 153 30 ståndpunkt,
779 605 26 21 få
818 604 25 22 vi
858 604 87 22 ireser-

189 640 83 22 vation
287 640 113 22 framföra
415 641 42 21 vår
473 640 125 21 afvikande
615 640 68 21 åsikt.

259 674 43 22 Om
317 674 9 22 i
341 674 128 22 allmänhet
485 674 39 22 det
539 674 77 22 vilkor
631 675 53 21 med
699 674 40 29 fog
755 674 46 22 kan
809 674 135 28 uppställas,

191 711 34 20 att
241 716 84 22 mogen
341 709 109 29 pröfning
466 709 43 21 och
525 709 67 21 säker
607 709 129 28 utredning
751 709 8 21 i
775 708 42 22 sak
824 709 56 21 böra
889 708 58 22 före-

190 744 30 28 gå
235 744 78 21 beslut
329 751 37 14 om
381 744 146 21 inrättandet
542 744 26 21 af
581 745 54 27 nytt
652 743 175 27 statslärovärk,
843 744 25 20 så
884 747 20 17 är
914 743 32 21 all

192 779 133 21 varsamhet
340 779 25 21 så
380 778 95 28 mycket
490 786 62 14 mera
567 778 136 28 nödvändig
719 778 8 21 i
738 778 150 21 förevarande
896 777 49 27 fall,

194 814 41 21 där
258 813 40 21 det
317 813 74 28 gäller
412 815 35 19 att
462 814 110 27 upprätta
588 814 34 20 ett
636 812 181 29 finsk-språkigt
832 812 91 28 lyceum
939 812 8 21 i

192 848 69 27 Vasa,
278 855 29 13 en
322 850 53 18 rent
391 848 85 21 svensk
492 850 36 19 ort
535 847 53 21 med
596 847 102 21 svenska
705 847 95 21 talande
809 847 138 28 omgifning.

190 882 47 22 Det
252 882 74 22 behof
339 882 26 21 af
378 882 73 21 sådan
466 882 144 29 läroanstalt,
626 889 49 14 som
690 882 99 21 kommit
803 881 38 21 till
851 881 96 28 uttryck

189 917 9 21 i
220 917 40 21 det
281 916 72 22 sedan
378 918 55 21 1880
449 916 119 22 därstädes
584 916 164 29 organiserade
763 916 94 29 privata
871 916 76 21 finska

190 951 84 28 lyceet,
298 951 61 22 skall
374 951 115 22 måhända
505 951 51 22 visa
571 952 36 27 sig
622 951 152 22 framkalladt
788 951 26 22 af
827 951 120 28 tillfälliga

194 985 202 29 omständigheter
411 986 44 21 och
470 986 63 28 förty
548 986 90 21 mindre
652 986 127 27 varaktigt.
810 985 55 22 Icke
881 985 66 22 skän-

195 1020 42 21 ker
253 1020 72 21 heller
341 1021 76 21 denna
433 1020 76 21 skolas
527 1021 28 26 (d.
570 1027 21 14 v.
608 1027 17 15 s.
642 1021 45 21 den
702 1020 105 29 privatas
815 1019 50 28 och,
876 1019 71 22 sedan

191 1056 55 21 1884
261 1057 89 19 statens
367 1055 44 21 och
427 1055 45 21 den
487 1055 92 28 privata
594 1055 139 21 betraktade
749 1055 76 21 såsom
843 1056 34 19 ett
888 1054 59 28 helt)

190 1089 162 22 elevfrekvens
367 1090 73 28 något
456 1089 170 29 öfvertygande
634 1089 148 22 vittnesbörd
791 1097 36 14 om
835 1089 112 30 behöflig-

194 1124 70 21 heten
288 1124 26 21 af
327 1124 46 21 slik
389 1124 142 21 läroanstalt.
562 1124 71 21 Såväl
650 1124 110 21 officiella
775 1131 50 14 som
840 1125 8 20 i
863 1131 85 15 memo-

192 1158 75 22 rialen
282 1158 136 22 meddelade
435 1159 75 21 siffror
524 1159 78 20 utvisa
618 1159 119 28 nämligen
747 1160 35 20 ett
790 1159 95 22 relativt
892 1159 56 22 ned-

192 1193 97 28 gäende,
314 1193 8 21 i
346 1193 41 22 det
401 1193 166 22 medelantalet
582 1193 76 22 elever
673 1194 14 21 &
702 1193 63 22 klass
781 1193 89 28 ärligen
885 1193 63 28 sjun-

196 1228 37 21 kit
249 1228 44 21 och
308 1228 37 21 för
360 1227 145 22 närvarande
520 1227 52 22 icke
588 1229 91 27 uppgår
694 1228 39 21 till
748 1229 34 26 20,
798 1230 48 19 mot
861 1229 27 22 25
899 1227 13 22 å
920 1229 28 22 30

192 1263 73 21 under
281 1263 28 21 de
326 1262 57 21 sista
399 1263 61 20 åren.

265 1297 79 28 Nägot
367 1297 102 21 hällbart
491 1297 53 21 stöd
567 1297 36 21 för
618 1297 127 22 utskottets
762 1297 62 21 äsikt
839 1297 47 21 kan
900 1297 49 21 lika

192 1331 54 21 litet
262 1331 108 22 härledas
385 1339 28 13 ur
428 1331 45 21 den
488 1331 8 21 i
506 1331 161 22 betänkandet
675 1331 108 28 inrymda
791 1331 158 28 folkmängds-

190 1365 113 23 statistik.
335 1366 35 28 Ty
387 1373 36 15 om
439 1366 44 22 ock
498 1366 46 22 den
559 1366 72 27 högre
647 1365 196 29 bildningslinjen
853 1365 49 22 lika
910 1366 39 21 väl

194 1404 26 18 är
235 1400 138 30 tillgänglig
388 1401 37 21 för
440 1400 127 29 allmogens
583 1401 65 27 barn,
666 1408 48 14 som
729 1400 36 22 för
774 1400 28 22 de
810 1401 71 28 högre
891 1407 58 16 sam-

265 1441 98 17 Allmänna
376 1441 173 18 Besvärsutskottets
561 1442 108 17 betänkande
681 1442 35 17 N:o
729 1442 32 16 27.
