1048 1731
236 130 27 21 86
425 131 240 24 Petitionsbetänkande
681 133 37 23 N:o
734 133 13 22 1.

277 191 164 30 Sammanlagda
463 194 124 22 inkomsten
610 195 47 22 frän
679 195 91 22 trafiken
788 196 13 21 &
816 196 93 21 bibanan
925 196 40 21 och

206 225 49 22 frän
277 225 180 25 trafiktillskottet
480 229 33 22 till
536 230 197 27 statsjärnvägarne
748 231 69 20 skulle
833 230 82 22 säledes
931 232 34 20 ut-

206 261 53 26 göra
274 261 78 24 41,200
367 263 66 20 mark.

278 294 124 28 Utgifterna
423 297 33 22 för
475 297 93 22 trafiken
584 298 46 21 äter
645 299 72 21 kunna
732 299 67 27 enligt
815 299 40 20 den
871 297 93 22 erfaren-

206 327 44 28 het,
273 334 47 16 som
342 330 85 22 vunnits
449 331 36 22 vid
507 332 67 21 Wasa
590 333 90 27 jernväg
695 333 126 27 uppskattas
837 333 33 20 till
886 332 78 26 23,200

205 363 68 20 mark.
304 363 106 28 Afdrages
428 365 94 28 utgiften
538 366 48 21 frän
601 367 127 26 inkomsten,
745 367 92 21 erhälles
853 373 26 14 en
893 368 71 19 netto-

206 397 125 28 behällning
353 398 24 21 af
400 401 76 25 18,000
495 401 68 21 mark.
599 401 73 21 Under
687 401 120 28 antagande
823 403 32 19 att
870 400 94 22 bibanan

206 431 307 25 Tavastila--Fredrikshamn
536 435 72 21 kunde
630 435 83 22 utföras
728 435 33 22 för
776 435 91 28 ungefär
882 441 82 15 samma

208 465 94 22 kostnad
324 467 40 21 och
379 467 54 22 efter
449 475 83 15 samma
546 471 80 25 system
640 471 52 20 utan
707 470 70 27 nägon
793 469 91 22 särskild
898 469 67 28 rörlig

206 500 97 22 maleriel
325 507 47 15 som
394 502 93 23 bibanan
502 503 34 22 till
551 504 127 27 Jakobstad,
694 503 33 22 för
742 504 87 21 hvilken
843 503 121 22 kostnaden

204 534 81 28 utgjort
307 536 99 28 omkring
427 538 92 26 550,000
542 538 68 27 mark,
626 538 40 22 och
685 540 32 20 att
732 538 167 22 Fredrikshamn
916 538 48 22 stad

204 568 99 22 lemnade
319 571 31 19 ett
365 570 75 29 bidrag
456 572 24 21 af
495 573 91 25 100,000
602 573 62 21 mark
677 573 34 21 till
727 573 112 27 företaget,
851 572 69 22 skulle
932 572 31 22 of-

204 609 41 14 van
267 603 122 22 beräknade
411 606 186 28 nettobehällning
615 609 76 25 utgöra
707 607 98 27 omkring
820 607 49 27 4/,
884 607 28 27 pä
928 607 36 21 det

203 636 89 28 kapital,
309 644 46 14 som
370 640 71 21 staten
456 641 86 21 komme
561 642 33 20 att
609 642 46 20 deri
670 642 111 27 nedlägga.
800 641 74 21 Ehuru
890 640 73 22 ofvan-

204 671 76 27 gjorda
294 672 104 28 kalkyler,
419 674 70 22 säsom
503 675 105 21 baserade
623 676 28 26 pä
665 676 78 27 mänga
757 676 141 26 antaganden,
916 675 47 21 icke

204 707 53 25 göra
271 707 94 26 anspräk
379 708 28 26 pä
423 711 31 19 att
470 716 51 14 vara
536 709 50 22 fullt
601 710 84 26 exakta,
702 710 69 21 mäste
785 710 107 21 utskottet
909 710 54 21 dock

204 740 83 21 skänka
309 741 109 23 desamma
441 744 24 20 sä
486 750 50 20 pass
559 746 45 19 stor
626 744 58 27 tillit,
707 746 33 20 att
763 745 26 20 de
804 744 110 27 berättiga
929 744 34 21 till

204 774 41 21 den
261 774 62 28 äsigt,
340 777 33 20 att
389 778 71 20 staten
476 778 47 21 icke
538 778 69 21 skulle
617 779 127 27 tillskyndas
755 778 71 28 någon
837 778 70 21 direkt
920 778 43 22 för-

203 808 43 22 lust
267 815 78 21 genom
365 812 32 19 att
412 812 50 21 med
477 812 36 21 det
528 812 24 21 af
565 812 167 22 Fredrikshamn
747 813 48 21 stad
811 812 103 27 erbjudna
930 812 32 21 bi-

204 842 75 28 draget
292 843 73 21 utföra
381 844 93 23 bibanan
490 846 48 22 frän
553 846 110 22 Tavastila
677 847 33 21 till
726 846 174 22 Fredrikshamn.

271 877 114 23 Utskottet
408 880 39 21 har
470 881 102 27 derjemte
594 882 56 26 tagit
669 882 7 20 i
691 881 142 21 betraktande
849 880 112 22 Fredriks-

203 911 76 21 hamns
302 912 110 27 betydelse
431 915 70 21 säsom
517 915 186 22 handelscentrum
719 915 32 21 för
767 916 40 20 den
824 915 137 28 omgifvande

200 946 83 27 nejden.
314 947 39 21 Att
376 948 69 22 denna
467 950 110 27 betydelse
599 950 67 21 under
688 951 26 20 de
737 952 84 19 senaste
847 949 51 22 åren
915 949 46 22 icke

201 980 112 27 minskats,
329 983 52 20 utan
398 989 87 16 snarare
501 985 68 26 ökats,
586 984 94 28 framgår
694 991 26 14 ur
731 991 26 14 en
763 983 124 28 jemförelse
895 984 66 21 emel-

200 1014 37 21 lan
259 1015 110 22 storleken
391 1017 24 21 af
436 1018 178 22 Fredrikshamns
634 1019 39 21 och
688 1019 73 21 Kotka
777 1019 83 20 städers
875 1018 85 27 import,

202 1049 65 20 sedan
282 1049 74 22 Kotka
371 1050 24 21 är
413 1053 54 20 1877
483 1053 69 20 erhöll
567 1053 33 21 sin
615 1053 70 21 skilda
700 1053 157 21 tullkammare.
874 1065 28 2 —
912 1052 49 21 Föl-

198 1082 65 27 jande
278 1083 67 22 tabell
361 1091 66 22 anger
443 1087 36 21 det
494 1087 69 27 ärliga
577 1087 146 22 medelvärdet
731 1087 24 21 af
763 1087 113 27 importen,
888 1087 73 21 äfven-

200 1123 46 15 som
268 1118 237 29 medeltulluppbörden
528 1121 34 22 för
583 1121 151 22 inkommande
757 1127 64 16 varor
843 1121 33 21 för
899 1121 62 21 dessa

201 1151 77 27 städer,
302 1152 125 23 beräknade
449 1155 49 22 med
520 1155 86 28 ledning
626 1156 24 21 af
664 1156 120 21 statistiska
799 1155 162 28 centralbyräns

200 1186 160 27 publikationer
382 1188 35 22 för
436 1190 27 21 de
477 1190 37 21 tvä
528 1190 93 27 tidigare
635 1191 127 27 perioderna
777 1192 57 19 samt
848 1189 28 28 pä
891 1190 70 27 grund

200 1220 24 21 af
237 1221 158 27 tullstyrelsens
411 1224 108 27 uppgifter
535 1224 33 21 för
583 1225 51 21 ären
651 1225 147 22 1885—1886.
