1048 1731
216 127 27 20 42
378 127 272 23 Petitionsbetänkande
667 127 38 22 N:o
721 128 34 22 33.

187 189 122 22 klasserna
324 190 27 21 62
367 189 126 29 uppgifvas
509 190 72 22 hafva
596 190 76 22 finska
687 191 45 21 och
747 191 28 22 34
783 190 117 22 svenskan
907 189 38 22 till

186 223 147 28 modersmål,
349 224 21 28 ej
387 224 92 21 mindre
495 227 30 18 än
542 225 26 22 18
584 225 26 21 af
622 225 28 21 de
667 225 63 22 förra
745 225 95 22 erhållit
849 225 45 21 den
902 224 43 21 för-

188 260 36 19 sta
246 257 169 23 förberedande
435 259 203 28 undervisningen
652 259 31 28 på
699 259 107 26 svenska,
823 259 71 28 aflagt
909 258 37 21 sin

188 291 202 23 inträdesexamen
407 293 30 28 på
460 293 102 21 svenska
586 293 55 21 eller
664 293 97 22 tillhöra
776 293 59 27 hem,
851 293 40 22 der
906 292 40 21 det

188 326 101 22 svenska
312 331 25 17 är
359 327 40 21 det
417 327 109 28 ständiga
546 327 210 29 samtals-språket.
786 328 105 21 Emedan
906 327 40 22 det

187 361 118 22 förmenas
321 362 42 27 ,gå
378 361 76 22 bättre
471 361 36 22 för
523 361 52 22 dem
590 362 8 21 i
615 362 83 21 skolan
713 363 30 28 på
758 362 89 21 finska"
858 361 56 22 eller
922 361 25 22 af

189 395 74 22 andra
286 396 101 26 orsaker,
403 396 89 28 hvarpå
507 396 25 21 vi
548 396 20 29 ej
584 396 43 21 här
643 396 58 29 vilja
716 397 63 28 ingå,
794 397 71 21 hafva
880 396 66 21 föräl-

188 430 86 21 drarna
288 430 55 21 låtit
358 430 95 28 språket
469 430 128 22 förändras.

257 464 144 29 Ytterligare
424 465 42 21 bör
488 465 111 28 påpekas,
624 467 35 19 att
675 465 78 21 såsom
769 465 72 22 ofvan
855 464 90 22 medde-

188 499 52 21 lade
257 499 116 28 öfversigt
387 500 23 21 at
427 499 100 22 Savolax
543 499 44 22 och
601 499 173 22 Nordkarelens
797 499 149 22 skolhistoria

188 541 42 21 ger
245 533 42 22 vid
301 534 99 27 handen,
414 534 183 28 jämnvigtsläge
612 534 9 20 i
636 534 68 21 dessa
719 534 144 22 landsdelars
887 534 59 21 skol-

190 568 165 22 förhållanden
377 572 30 17 än
425 568 51 22 icke
497 568 95 22 inträdt.
623 568 28 28 Ej
669 568 90 22 mindre
776 572 30 18 än
821 569 40 21 två
876 568 71 28 högre

189 602 76 22 finska
281 602 168 28 läroanstalter,
467 604 71 20 vänta
553 603 30 28 pä
598 602 37 22 sin
652 602 215 29 slutorganisation,
880 603 67 21 hvar-

189 637 50 21 före
263 637 66 21 deras
351 637 88 21 verkan
459 638 31 27 pä
505 637 132 21 trakternas
654 637 215 22 skolförhällanden
885 641 62 18 ännu

190 671 53 22 icke
265 671 152 21 närmelsevis
440 671 46 22 kan
509 672 146 27 bestämmas,
677 672 130 28 hvarjämte
823 672 44 21 den
883 674 64 19 snart

190 706 93 28 färdiga
297 706 95 28 Kuopio
408 706 89 21 banans
513 706 131 28 inflytande
662 706 30 28 pä
707 706 102 21 trafiken
824 706 43 22 och
883 706 67 22 deraf

190 740 117 21 beroende
323 740 152 22 distribution
491 740 26 21 af
530 740 97 29 nejdens
643 740 39 21 till
693 740 110 22 skolorna
811 740 136 22 sträfvande

190 774 59 22 barn
265 774 51 21 icke
332 774 35 22 fär
382 774 98 22 förbises
500 788 28 2 —
544 774 98 29 specielt
658 775 71 21 äfven
745 775 52 21 med
813 775 132 21 hänseende

189 809 38 21 till
242 809 247 28 eleverfregvenserna
503 810 8 20 i
528 809 33 22 S:t
576 809 99 21 Michels
692 809 112 21 läroverk.

262 844 35 20 Pä
319 843 76 29 grund
419 844 26 21 af
467 843 62 21 hvad
554 844 70 21 ofvan
648 844 89 20 anförts
761 844 80 21 kunna
855 844 24 21 vi
895 843 52 21 icke

190 878 81 21 förena
287 885 36 14 oss
341 886 36 13 om
399 886 28 13 en
443 878 90 28 ätgärd,
550 885 54 20 som,
620 880 58 19 utan
695 880 34 19 att
744 878 104 22 medföra
864 879 23 20 ät
903 878 45 21 den

192 912 173 22 finskatalande
381 912 167 29 befolkningen
564 913 78 27 nägon
658 912 119 29 väsentlig
793 912 81 27 fördel,
884 912 63 22 dere-

190 949 49 20 mot
262 947 125 22 beröfvade
410 947 67 22 dessa
491 947 147 21 vidsträckta
653 947 146 22 landsdelars
815 947 133 22 svenskata-

190 982 70 21 lande
275 982 59 21 barn
349 981 46 22 den
410 982 59 21 sista
479 981 153 29 möjligheten
649 982 35 21 till
699 982 71 28 högre
778 981 171 29 undervisning

190 1017 31 28 pä
235 1016 170 22 modersmålet.
435 1016 31 22 Vi
481 1016 24 21 få
522 1017 78 20 derför
614 1016 93 28 föreslå,

399 1053 33 20 att
455 1051 84 22 landets
564 1051 115 28 höglofliga
703 1051 96 22 Ständer
813 1051 49 22 ville
878 1051 71 21 lemna

328 1086 216 27 petitionsförslagen
578 1093 32 14 om
633 1086 135 28 förändring
791 1087 27 26 af
837 1085 112 22 undervis-

329 1120 155 28 ningsspräket
507 1121 35 20 vid
566 1120 80 27 lyceum
671 1121 8 20 i
695 1121 32 20 S:t
745 1121 79 20 Michel
845 1122 55 19 utan
916 1121 33 24 af-

329 1155 82 21 seende.

249 1191 76 26 August
341 1191 92 26 Ramsay.
644 1190 48 21 Emil
709 1190 147 27 Schybergson.

250 1225 69 21 Alfred
337 1224 103 22 Norrmen.
638 1224 67 22 Viktor
721 1219 84 32 Öhberg.

250 1259 57 22 Arvid
325 1259 84 28 Nyberg.
635 1259 21 21 C.
673 1259 19 21 F.
710 1259 119 27 Tojkander.

264 1293 12 20 I
299 1293 168 21 ofvanstäende
490 1293 144 21 reservation
659 1293 35 20 för
718 1292 78 22 sävidt
818 1292 133 21 densamma

192 1327 75 28 gäller
291 1327 114 28 förslaget
428 1335 37 13 om
488 1327 100 28 ändring
607 1327 26 21 af
647 1326 280 29 undervisningsspräket
943 1326 8 21 i

196 1361 34 22 S:t
245 1361 99 21 Michels
360 1361 92 29 lyceum
468 1361 80 22 förena
564 1362 36 28 sig
617 1361 189 22 undertecknade

251 1404 24 20 M.
291 1404 28 20 W.
335 1403 20 21 af
371 1402 103 22 Schulten.
765 1402 29 27 Hj.
810 1402 83 22 Schildt.

272 1473 96 17 Allmänna
383 1472 170 19 Besvärsutskottets
564 1472 109 18 betänkande
685 1473 36 16 N:o
733 1473 31 17 27.
