1048 1731
419 143 203 26 Motionsbetänkande
638 146 35 22 N:o
685 145 26 23 14.

568 209 36 25 SS
618 208 66 27 4—6.

387 247 54 22 Lika
456 247 49 22 med
520 248 146 22 motionärens
681 248 86 27 förslag.

602 313 18 25 S
635 317 19 21 7

387 356 54 25 Den,
467 364 46 13 som
535 357 65 28 eljest,
623 357 112 21 hvarhelst
756 357 36 20 det
816 363 56 14 vara
893 355 44 24 må,

320 391 85 27 träffar
425 395 70 17 annat
516 392 56 20 vildt
592 392 125 27 skadedjur,
740 391 9 20 i
763 391 56 28 fritt
833 389 104 26 tillstånd,

320 432 36 19 ege
372 426 45 19 rätt
431 426 121 20 detsamma
567 426 57 21 döda
640 427 52 20 eller
698 426 77 27 fånga
789 425 38 21 och
846 425 90 21 behålla.

389 460 62 25 Katt,
467 467 46 14 som
528 461 111 28 anträffas
654 461 9 20 i
675 461 56 26 skog,
747 460 55 27 hage
817 460 53 21 eller
873 459 64 28 park,

321 495 36 20 må
372 495 82 21 saklöst
468 495 74 21 dödas.

606 558 54 26 SE

391 604 32 21 De
439 603 68 23 första
522 604 36 21 två
572 606 122 19 momenten
709 603 45 22 lika
769 603 49 21 med
838 602 105 22 motionä-

322 643 49 16 rens
386 637 87 29 förslag.

395 672 87 21 Snaror
495 674 31 26 af
535 672 63 21 hvad
609 673 52 27 slag
672 680 45 13 som
732 672 55 21 helst
800 672 37 20 mä
847 671 96 21 hvarken

324 706 15 20 å
354 714 50 19 egen
419 708 54 20 eller
485 714 85 14 annans
584 707 64 21 mark
664 708 107 26 utläggas,
795 709 57 17 utom
867 706 14 20 a
890 706 52 27 fru-

323 747 36 14 sen
374 742 53 19 eller
440 741 122 21 snöbetäckt
576 742 68 21 mark.
674 742 79 20 Fällor
755 742 46 26 för
806 740 138 27 fågelfångst

325 782 52 14 vare
392 776 70 20 under
474 776 48 20 hela
538 776 47 20 året
592 776 131 28 förbjudna.

607 840 14 25 S
640 846 20 21 9

394 884 55 22 Lika
464 884 49 22 med
528 884 144 22 motionärens
687 884 88 27 förslag.

634 954 33 14 70.

395 993 57 20 Med
465 993 154 28 upphäfvande
640 994 30 27 af
687 993 64 21 hvad
770 992 38 21 i6
829 993 18 26 $
865 998 27 21 23
909 991 37 21 ka

322 1027 65 26 pitlet
410 1028 22 19 B
455 1027 27 21 B.
509 1027 37 21 och
570 1028 80 27 Kongl.
670 1027 161 28 förordningen
855 1027 40 20 den
917 1025 29 22 16

329 1061 94 21 Oktober
443 1067 54 22 1741
519 1062 125 21 bestämmes
666 1069 33 14 om
721 1061 178 28 skottpenningar
905 1061 44 26 för

327 1096 85 20 dödade
426 1096 122 27 skadedjur
560 1096 38 21 och
614 1096 112 28 rofäglar
738 1095 103 27 stadgas:

397 1133 34 18 att
451 1131 46 24 den,
521 1137 46 14 som
582 1131 72 20 dödar
667 1137 62 20 varg,
746 1131 20 20 lo
782 1130 53 20 eller
841 1129 54 28 jerf
905 1129 44 28 (fit

321 1165 74 26 fras),
404 1164 112 21 erhåller
508 1159 11 37 i
529 1164 98 27 belöning
633 1165 44 27 för
691 1171 60 20 varg
763 1171 44 14 200
821 1163 64 21 mark
892 1165 58 18 samt

322 1199 45 27 för
381 1199 20 20 lo
415 1198 38 21 och
461 1199 56 28 jerf
528 1199 52 20 eller
588 1199 80 28 filfras
682 1205 43 14 100
740 1198 71 21 mark.
840 1198 47 20 För
895 1204 56 20 unge

329 1234 30 26 af
370 1233 63 21 dessa
449 1233 90 28 rofdjur
552 1233 90 21 erhålles
656 1233 87 28 hälften
757 1233 27 20 så
806 1232 82 27 mycket
905 1238 45 13 som

323 1269 46 26 för
375 1268 117 27 fullvuxet
507 1268 55 27 djur
574 1269 30 26 af
614 1275 86 14 samma
714 1268 55 27 slag.
800 1267 79 20 Denna
899 1265 51 21 belö-

329 1301 55 27 ning
397 1302 98 27 erlägges
509 1302 36 21 till
557 1309 40 14 ena
611 1302 84 28 hälften
719 1303 30 26 af
767 1301 129 21 statsverket
913 1300 39 21 och

330 1335 37 21 till
386 1336 72 21 andra
476 1336 83 27 hälften
582 1337 31 26 af
628 1337 135 24 kommunen,
787 1336 40 20 der
845 1334 108 28 rofdjuret

324 1370 67 27 fällts.
427 1370 45 21 Vill
492 1371 70 27 någon
585 1371 85 21 erhålla
692 1370 73 21 sådan
783 1369 102 27 belöning,
902 1372 49 24 upp-

331 1405 44 21 vise
399 1405 70 21 huden
491 1406 30 27 af
536 1406 108 27 rofdjuret
652 1406 47 27 för
713 1403 240 25 kommunalnämnden,

331 1442 50 24 tage
397 1440 47 20 dess
459 1440 64 26 intyg,
539 1443 33 17 att
586 1440 111 28 rofdjuret
719 1440 79 20 dödats
820 1439 57 21 inom
898 1438 56 20 kom-

261 1478 204 19 Ekonomiutskottets
478 1478 120 19 betänkande
610 1479 37 18 N:o
660 1480 27 17 16.
