1048 1731
173 114 14 22 2
310 114 73 22 Ständ.
397 114 43 22 Pet.
455 127 29 3 —
499 114 144 22 Petitionsbet.
658 114 35 22 N:o
708 114 37 21 37.

146 177 103 22 afseende
272 177 14 22 å
308 177 151 22 förbättrande
482 177 24 22 af
528 177 26 21 de
570 177 128 27 hygieniska
719 176 187 22 förhållandena
893 172 17 37 i

144 211 80 27 landet,
241 218 49 15 som
305 218 52 15 man
372 211 47 22 haft
433 211 118 27 anledning
567 213 32 20 att
615 211 92 28 höppas,
722 213 57 18 samt
794 213 32 19 att
841 217 63 15 orsa-

144 246 43 21 ken
202 246 72 21 härtill
289 246 7 21 i
311 246 107 27 väsentlig
433 246 54 27 grad
503 246 70 21 måste
588 245 124 21 tillskrifvas
727 245 112 27 bristfällig
848 245 55 21 kän-

144 280 82 22 nedom
242 287 37 14 om
295 280 42 22 den
353 280 110 21 allmänna
474 280 156 21 helsovårdens
641 279 140 28 grundsatser
792 279 60 22 såväl
862 279 42 22 hos

145 315 27 21 de
186 314 143 22 kommunala
344 315 157 27 myndigheter,
520 315 14 21 å
551 315 73 21 hvilka
642 315 35 20 det
688 314 6 21 i
705 314 90 21 främsta
809 316 94 19 rummet

144 348 118 22 ankomme
277 351 32 19 att
324 349 98 27 tillämpa
432 349 42 21 och
485 349 117 21 öfvervaka
612 348 180 28 genomförandet
802 347 23 22 af
831 348 72 21 helso-

145 383 172 28 vårdsstadgans
327 383 139 27 föreskrifter,
478 390 48 15 som
537 383 41 22 ock
588 384 41 21 hos
638 383 151 26 allmänheten,
796 383 40 21 har
844 383 61 22 inom

146 418 101 27 samtliga
271 418 65 21 stånd
357 418 36 21 vid
408 418 149 22 innevarande
578 418 104 27 landtdag
698 417 118 22 framstälts
831 418 72 27 petiti-

145 451 124 28 onsförslag
293 452 114 27 angående
429 452 132 27 vidtagande
587 452 24 21 af
624 452 101 27 åtgärder
743 452 32 21 för
789 451 114 22 införande

144 486 24 21 af
181 492 27 15 en
223 487 101 27 tidsenlig
339 487 156 27 undervisning
509 487 6 20 i
531 487 121 21 helsovård.

212 521 42 21 Vid
264 521 161 27 behandlingen
436 521 23 21 af
467 521 167 27 ifrågavarande
645 521 182 27 petitionsförslag
837 521 65 22 hafva

141 555 82 28 jemväl
245 555 124 22 Ständerna
392 556 48 22 icke
457 556 84 22 kunnat
556 556 73 27 undgå
644 558 32 19 att
691 556 64 26 finna,
771 558 32 19 att
817 556 85 21 landets

145 590 256 22 sundhetsförhållanden
426 590 48 22 icke
497 592 39 20 äro
552 591 26 21 så
592 597 137 21 gynsamma,
745 596 48 16 som
808 590 95 27 önskligt

144 630 58 16 vore.
232 624 83 22 Jemför
345 631 51 15 man
416 627 14 19 t.
453 632 32 14 ex.
508 626 42 20 den
573 626 67 26 ärliga
664 624 208 28 medeldödligheten
893 625 8 20 i

143 659 49 21 värt
207 658 51 21 land
274 659 50 21 med
339 659 138 27 dödligheten
493 660 7 20 i
511 659 89 27 Sverige
616 660 42 20 och
673 660 78 26 Norge,
767 659 72 21 hvilka
853 659 48 21 län-

144 693 38 21 der
198 693 6 21 i
219 693 120 21 klimatiskt
363 693 41 22 och
426 694 78 21 socialt
527 694 127 21 hänseende
672 695 38 20 äro
729 696 56 19 mest
799 693 102 22 liknande

142 727 97 27 Finland,
256 727 97 28 framgår
367 728 60 22 deraf
443 730 32 20 att
489 728 139 28 dödligheten

281 762 8 21 i
304 762 73 28 Norge
420 764 25 20 är
564 763 41 21 166
628 764 29 26 pä
687 763 77 28 10,000

281 797 7 21 i
303 796 89 28 Sverige
411 796 133 29 (1881—84)
563 798 41 20 175
634 814 12 9 ,
717 814 12 9 sä

281 831 7 21 i
303 831 92 21 Finland
412 831 133 29 (1872—76)
561 832 42 20 228
634 848 13 10 ,
714 848 12 10 =,

344 882 12 10 »
386 861 13 37 =
412 866 132 28 (1877—81)
561 866 41 21 233
634 882 12 11 ,,
713 881 12 11 X

346 916 11 10 »
388 896 13 37 =
413 900 131 28 (1882—86)
561 900 43 22 214

211 934 69 21 Bland
306 935 27 21 de
348 935 81 28 mänga
444 935 42 22 och
501 935 121 22 olikartade
634 916 201 46 "omständigheter,
851 940 50 15 som

142 968 75 22 kunna
234 968 93 28 bidraga
340 969 31 21 till
386 970 104 27 höjandet
506 969 24 22 af
544 971 30 20 ett
590 969 55 22 folks
660 969 110 22 allmänna
785 969 116 21 sundhets-

141 1003 104 27 tillständ,
269 1005 26 19 är
314 1005 54 20 utan
389 1004 74 21 tvifvel
478 1004 146 21 utbredandet
640 1003 23 22 af
676 1010 27 15 en
719 1005 69 20 större
804 1003 42 21 och
861 1003 39 20 all-

142 1039 107 20 männare
272 1038 99 27 kunskap
387 1039 8 20 i
409 1039 157 22 helsovärdens
582 1039 94 27 grunder
692 1039 23 21 af
727 1041 46 19 stor
787 1039 49 26 vigt.
859 1037 40 22 Det

141 1074 25 19 är
188 1072 41 21 lätt
251 1072 72 22 insedt
337 1075 38 24 att,
392 1073 28 22 dä
435 1073 182 28 genomförandet
632 1073 24 22 af
668 1073 232 26 helsovärdsstadgans

141 1106 134 22 föreskrifter
297 1107 135 22 beträffande
447 1108 141 27 boningshus,
604 1109 112 26 renlighet,
733 1107 102 27 brunnar,
850 1107 49 21 hin-

141 1141 92 21 drandet
257 1141 24 21 af
301 1141 161 22 smittosamma
485 1143 137 27 sjukdomars
646 1143 111 27 spridning
772 1149 19 14 o.
808 1148 16 15 s.
839 1149 19 14 v.
874 1143 26 20 är

140 1175 151 27 väsendtligen
307 1175 110 23 beroende
432 1177 24 21 af
469 1177 26 22 de
505 1177 143 22 kommunala
656 1177 190 27 myndigheternas
856 1176 43 21 och

140 1210 26 21 de
182 1209 97 22 enskilde
296 1210 169 28 medborgarnes
488 1212 65 27 insigt
569 1212 42 21 och
634 1212 67 27 derpä
715 1211 111 27 grundade
841 1210 58 27 goda

138 1244 58 27 vilja,
220 1244 114 21 desamma
356 1246 71 21 måste
449 1245 99 22 förblifva
571 1253 28 14 en
622 1246 43 21 död
687 1245 92 26 bokstaf,
795 1245 25 21 sä
835 1245 64 26 länge

139 1275 66 40 denna
218 1279 75 32 insigt
309 1279 80 22 saknas
405 1281 6 20 i
426 1281 74 21 vidare
515 1281 90 21 kretsar.

209 1308 71 27 Äfven
303 1314 50 21 med
375 1314 103 23 afseende
501 1316 29 27 pä
553 1316 42 21 den
613 1315 108 22 enskildes
743 1315 53 21 värd
812 1321 37 14 om
864 1314 34 20 sin

140 1353 55 20 egen
211 1348 43 21 och
269 1347 107 29 familjens
391 1349 67 27 helsa,
475 1349 79 22 hvaraf
567 1350 7 20 i
590 1350 97 27 grunden
698 1349 64 22 äfven
772 1348 126 21 samhällets

138 1382 93 22 intresse
254 1382 97 27 beröres,
374 1384 41 20 har
436 1384 94 28 insigten
546 1392 7 14 i
568 1385 135 21 heisoiärans
718 1384 61 26 lagar
794 1389 27 15 en
836 1382 62 27 afgö-

138 1416 70 22 rande
223 1416 117 28 betydelse.
369 1418 82 21 Endast
465 1419 30 27 pä
510 1419 72 21 denna
599 1420 41 26 väg
655 1419 44 21 kan
713 1418 66 21 bland
794 1418 68 20 annat
870 1422 29 16 en

140 1451 137 22 allmännare
300 1452 143 28 öfvertygelse
465 1453 85 27 spridas
574 1460 37 14 om
633 1454 72 20 vädan
721 1452 24 22 af
757 1451 141 28 rusdryckers
