1048 1731
252 155 12 20 6
451 153 209 24 Petitionsbetänkande
676 154 34 23 N:o
726 154 39 22 44.

363 215 70 22 likväl
455 216 74 21 dessas
550 218 52 23 rätt,
618 219 32 18 att
665 216 58 28 efter
737 217 88 20 uttalad
840 216 91 25 önskan,
947 223 38 14 er-

363 244 63 21 hålla
456 245 59 21 detta
543 245 77 28 skydd,
644 251 48 15 vore
717 245 209 28 tillfredsställande
951 245 34 21 be-

364 273 99 28 tryggad.

291 342 126 24 Helsingfors
433 343 38 19 den
487 342 27 21 28
530 343 82 20 Januari
628 342 61 21 1888.

328 420 19 23 AA
401 421 91 23 Granfelt.
683 421 42 23 Edv.
742 421 135 28 Björkenheim.

377 600 51 18 Till
451 600 160 24 Högvördiga
634 600 199 19 Prestaständet.

293 662 79 23 Frägan
395 666 31 14 om
442 662 128 24 tillverkning
585 662 37 19 och
638 660 118 26 försäljning
772 661 21 19 af
807 662 120 25 rusdrycker
942 661 39 19 till-

227 690 71 24 drager
321 690 30 24 sig
366 692 60 21 ännu,
445 690 64 19 fastän
526 691 113 19 densamma
654 690 51 20 varit
721 690 82 20 föremäl
818 690 31 20 för
864 690 119 23 behandling

226 719 37 19 och
279 718 108 24 afgörande
403 719 60 19 redan
480 719 32 19 vid
528 718 47 21 flere
591 719 124 23 landtdagar,
731 718 95 20 Finlands
841 718 142 25 innebyggares

225 747 181 25 uppmärksamhet.
437 746 68 20 Ehuru
528 748 37 18 den
588 748 100 18 allmänna
702 747 89 24 riktning
805 752 44 14 man
864 747 25 25 pä
905 749 78 17 senaste

225 776 54 19 tider
301 776 83 24 inslagit
406 776 33 20 vid
455 775 154 27 lagstiftningen,
626 776 21 19 af
661 776 40 19 alla
716 776 98 19 erkännes
829 781 48 14 vara
891 776 39 23 god
946 775 37 20 och

226 804 69 26 riktig,
318 804 22 20 sä
361 804 61 20 hafva
445 804 51 20 dock
518 803 44 21 frän
578 804 76 24 ganska
669 804 70 24 mänga
753 804 41 20 häll
809 804 62 20 bittra
885 804 99 24 klagomäl

225 832 100 25 försports
345 833 42 24 just
407 833 43 19 med
466 832 106 25 anledning
588 832 21 20 af
622 833 25 19 de
663 839 26 13 nu
704 833 92 24 gällande
812 832 171 20 bränvinsförfatt-

225 862 103 23 ningarna.
359 861 90 20 Orsaken
465 861 67 19 härtill
548 864 22 16 är
585 861 62 24 enligt
662 862 39 18 min
717 862 58 23 äsigt,
790 863 29 17 att
834 861 58 20 dessa
904 860 79 20 författ-

225 890 77 25 ningar,
325 889 58 20 äfven
407 890 6 19 i
436 890 65 19 denna
522 890 124 24 begränsade
665 890 58 23 form,
739 890 65 19 lemna
819 890 36 19 allt
869 889 32 20 för
915 890 70 23 många

225 918 39 20 och
287 918 36 20 allt
346 918 32 20 för
401 919 50 19 lätta
474 918 90 20 tillfällen
588 918 21 20 ät
627 919 24 19 de
667 919 26 24 pä
709 918 138 25 dryckenskap
863 918 78 24 begifna
956 919 30 19 att

225 947 88 24 ständigt
328 947 51 24 ånyo
395 947 62 20 blifva
473 947 73 20 slafvar
564 947 64 20 under
643 947 34 20 sitt
693 947 66 24 begär.
790 947 73 20 Derför
878 947 62 20 borde
954 946 32 20 för

227 974 69 25 dylika
319 981 97 18 personer
438 976 112 19 ätkomsten
573 975 21 20 af
608 976 84 19 bränvin
707 978 59 21 göras
782 975 22 20 sä
819 976 45 19 svär
879 981 42 14 som
936 975 49 24 möj-

224 1004 43 25 ligt,
284 1004 37 19 och
336 1004 150 25 lagstiftningen
503 1004 63 20 borde
582 1010 47 14 vara
644 1004 109 25 behjelplig
768 1004 77 20 härvid.
874 1004 40 19 Det
929 1006 56 21 säges

225 1033 12 19 &
253 1033 62 19 andra
331 1033 64 23 sidan,
411 1035 31 17 att
457 1039 23 13 en
496 1033 36 19 allt
547 1033 31 19 för
593 1033 79 24 mycket
687 1033 104 20 försvärad
801 1033 86 19 ätkomst
897 1032 22 20 af
927 1033 58 19 brän-

225 1061 33 19 vin
274 1061 56 19 leder
347 1061 74 24 dertill,
437 1063 29 18 att
481 1067 43 14 man
540 1061 107 20 förskaffar
662 1061 30 24 sig
708 1061 72 20 sädant
795 1067 68 18 genom
872 1061 115 24 bedrägliga

227 1090 72 25 medel,
321 1089 82 20 hvarom
426 1089 47 20 flerc
492 1095 96 19 personer
607 1090 70 19 förena
692 1090 35 24 sig.
758 1090 61 19 Detta
834 1090 55 19 leder
905 1089 83 20 sålunda

225 1117 59 20 äfven
307 1118 31 19 till
361 1120 52 18 stort
433 1118 81 20 förderf.
545 1118 56 19 Huru
617 1119 70 23 trånga
702 1121 110 21 gränserna
826 1118 32 19 för
873 1118 114 20 bränvinets

224 1146 89 19 åtkomst
328 1147 59 19 skola
403 1149 67 24 göras,
485 1147 39 19 kan
540 1147 84 19 sålunda
640 1149 52 17 ännu
708 1147 69 20 ställas
792 1147 63 19 under
865 1147 122 20 diskussion.

225 1174 10 20 I
250 1175 133 20 betraktande
404 1175 59 20 häraf
477 1176 59 23 vågar
550 1176 33 23 jag
600 1176 113 24 ödmjukast
729 1175 78 20 anhålla
822 1177 30 18 att
867 1175 120 24 högvördiga

225 1203 82 20 ståndet
329 1204 45 19 ville
395 1203 70 20 förena
480 1205 29 23 sig
525 1209 31 14 om
572 1210 24 13 en
612 1204 62 19 sådan
690 1204 84 25 petition
790 1203 31 20 till
836 1204 55 19 Hans
906 1204 81 24 Kejser-

224 1232 41 24 liga
280 1232 102 24 Majestät,
399 1233 95 19 Finlands
511 1232 115 24 Storfurste,

433 1307 33 19 att
485 1305 88 28 frågan
589 1312 33 14 om
638 1305 141 33 tillverkning
795 1305 40 21 och
848 1304 141 29 försäljning

362 1333 32 28 af
415 1334 133 28 rusdrycker
569 1341 77 21 genom
668 1334 139 27 regeringens
826 1333 79 28 åtgärd
921 1333 69 33 blefve

357 1362 105 36 föremål
474 1363 43 36 för
532 1369 26 15 en
572 1363 107 38 grundlig
694 1362 171 28 undersökning,
881 1361 39 22 och
935 1363 32 19 att
982 1362 9 33 i

361 1391 121 27 synnerhet
493 1392 60 27 från
568 1392 26 20 de
610 1394 58 18 orter
686 1391 82 21 hemma
783 1390 39 22 och
837 1392 8 20 i

362 1418 79 22 hvilka
464 1422 28 19 ett
515 1420 63 21 totalt
601 1420 52 21 eller
670 1420 92 27 partielt
780 1419 88 29 förbud
883 1426 33 14 mo
941 1409 50 31 rus-

362 1448 97 28 drycker
481 1449 57 20 varit
560 1448 112 28 gällande,
692 1449 163 27 upplysningar
871 1448 69 28 blefve
955 1448 36 20 in-

293 1486 42 18 Eko
341 1488 158 18 nomiutskottets
513 1488 120 18 betänkande
645 1488 36 17 N:o
696 1489 26 17 17.
