1048 1731
227 118 12 19 4
425 116 210 23 Petitionsbetänkande
652 116 32 23 N:o
701 116 26 23 13.

196 179 77 22 nisters
295 179 125 27 utbildning.
458 179 70 21 Sedan
551 179 60 22 detta
635 179 79 28 förslag
739 180 56 21 inom
820 178 135 27 Regeringen

196 213 119 27 granskats,
331 213 40 22 och
386 213 166 27 anmärkningar
566 213 97 22 deremot
677 212 118 23 framstälts
811 213 23 22 af
847 213 109 26 inspektor

195 247 34 22 för
243 247 207 22 folkskoleväsendet
473 249 55 20 samt
550 243 169 32 Öfverstyrelsen
743 247 31 22 för
800 247 155 24 skolväsendet,

196 281 108 22 äfvensom
313 281 142 27 beräkningar
463 281 89 22 anstälts
562 281 58 22 öfver
635 281 145 22 kostnaderna
795 281 32 22 för
843 281 65 22 sädan
923 282 32 20 ut-

196 315 101 27 vidgning
312 314 23 22 af
347 315 130 27 seminariet,
492 316 60 21 afläts
568 315 32 21 till
616 315 130 27 landtdagen
763 316 54 21 1872
832 315 64 27 nädig
907 321 47 21 pro-

196 349 93 27 position
305 355 34 15 om
354 349 121 22 inrättande
490 349 22 21 af
526 355 25 16 en
571 349 132 27 sjelfständig
725 349 166 26 klockareskola,
913 348 42 21 för-

195 383 50 27 lagd
268 383 32 21 till
323 383 40 21 den
386 385 35 19 ort
435 383 121 22 Ständerna
579 383 72 22 kunde
668 389 52 16 anse
735 383 126 27 lämpligast.
891 383 11 21 I
916 389 38 15 un-

197 417 102 27 derdänig
317 417 169 22 svarsskrifvelse
509 418 79 25 ansägo
612 417 119 22 Ständerna
753 423 70 16 annan
845 417 108 21 klockare-

196 451 67 26 skola,
287 453 26 19 än
329 457 26 15 en
377 451 76 21 anstalt
475 451 33 21 för
530 451 151 27 undervisning
703 451 7 21 i
733 451 68 21 musik
825 451 40 21 och
895 451 58 26 säng,

196 485 112 27 obehöflig,
325 485 39 21 och
379 485 64 21 funno
461 485 100 27 derjemte
584 485 40 21 slik
647 481 238 31 undervisningsanstalt
908 485 45 20 icke

196 519 53 21 böra
271 520 49 21 med
335 519 201 27 bevillningsmedel,
555 521 52 20 utan
623 519 22 21 af
659 519 107 21 allmänna
781 519 122 21 statsmedel
918 519 34 21 be-

195 553 80 21 kostas.
306 554 40 20 Vid
363 554 69 21 denna
447 554 79 26 utgång
540 553 122 22 förklarade
677 553 27 21 H.
721 553 25 21 K.
768 553 100 27 Majestät
883 553 71 21 vidare

196 588 76 26 ätgärd
287 587 6 21 i
309 588 65 21 saken
389 587 63 22 hafva
467 587 92 21 förfallit.

265 622 34 20 Dä
321 621 118 22 emellertid
458 621 73 27 frägan
546 621 113 22 framträdt
673 621 8 21 i
696 621 113 27 anledning
823 621 22 21 af
859 620 36 22 det
910 620 44 22 led-

196 661 81 15 samma
285 655 138 27 förhällande,
439 657 32 20 att
485 655 128 22 klockarene
624 655 55 22 blott
687 656 151 26 undantagsvis
845 655 109 21 förmädde

195 689 116 27 behörigen
327 690 47 21 leda
389 690 146 26 kyrkosängen
559 689 39 21 och
621 689 100 22 behofvet
744 690 21 20 af
786 689 167 27 undervisnings-

196 723 103 22 anstalter
313 723 32 21 för
361 724 48 20 dem
424 723 63 22 alltså
502 730 37 14 var
550 723 112 27 kännbart,
679 723 56 21 tillät
751 723 113 27 Styrelsen,
879 724 28 26 pä
915 730 37 14 an-

195 757 115 27 sökningar
325 758 6 20 i
347 757 82 22 enskild
445 759 45 25 väg,
506 759 32 20 att
553 758 84 26 privata
652 757 73 21 skolor
741 757 32 21 för
788 757 111 21 klockares
915 757 38 22 och

196 791 136 27 orgelnisters
355 791 120 27 utbildning
497 791 117 22 inrättades
630 792 47 21 med
694 791 135 27 statsbidrag.
860 791 93 22 Sälunda

195 824 119 22 tillkommo
330 825 75 22 skolan
419 825 7 21 i
442 819 47 27 Åbo
505 825 65 25 enligt
586 825 117 22 resolution
720 824 23 23 af
751 826 40 20 den
800 826 27 20 29
835 825 120 21 November

196 859 62 26 1877,
281 859 74 21 skolan
378 860 7 20 i
407 859 107 25 Uleäborg
529 859 81 21 medels
625 859 118 22 resolution
759 859 40 21 den
817 861 24 19 12
858 859 95 21 Oktober

196 894 55 20 1882
267 895 56 19 samt
338 900 25 15 en
379 894 82 21 skola
453 889 15 36 i
480 893 132 27 Helsingfors
635 894 66 26 enligt
723 893 114 22 resolution
859 893 33 21 för
914 894 40 20 den

195 928 27 21 25
238 927 43 22 Juli
298 928 61 26 1883,
375 934 76 21 genom
466 927 71 22 hvilka
553 927 152 22 resolutioners
725 927 121 28 läroplaner
861 927 32 22 för
907 927 48 22 sko-

194 961 63 22 Torna
273 962 68 21 tillika
355 962 126 22 faststäldes.
513 961 29 22 Af
555 962 126 21 statsmedel
697 961 81 22 erhöllo
801 961 99 22 skolorna
922 961 33 22 till

195 995 68 22 första
278 996 138 27 uppsättning
431 997 26 20 de
472 996 6 21 i
494 996 133 27 Helsingfors
643 997 39 20 och
697 989 48 28 Äbo
765 996 104 21 hvardera
891 996 64 26 4,000

195 1030 40 21 och
258 1030 40 21 den
321 1031 6 20 i
350 1030 107 27 Uleäborg
481 1031 62 25 3,000
559 1030 36 21 mk
610 1032 56 20 samt
681 1030 100 27 undfingo
797 1030 158 26 ärsunderstöd,

194 1064 27 21 de
236 1064 202 28 bädaäförstnämda
453 1065 48 20 med
517 1065 63 26 6,000
596 1065 36 20 mk
648 1065 106 21 hvardera
770 1064 39 21 och
825 1064 39 21 den
880 1070 75 15 senare

194 1099 51 20 med
261 1099 62 25 3,000
339 1099 42 24 mk,
405 1099 79 21 enhvar
500 1099 28 26 pä
542 1098 42 22 fem
600 1099 35 21 års
650 1099 37 26 tid,
704 1098 93 21 räknadt
812 1098 33 21 för
859 1098 74 21 skolan
949 1098 7 21 i

193 1122 55 41 Äbo,
265 1133 54 21 efter
333 1133 156 27 prolongation,
504 1133 25 21 fr.
547 1134 11 20 1
574 1133 88 22 Januari
679 1133 62 26 1883,
757 1133 32 20 för
803 1132 75 22 skolan
888 1132 7 21 i
905 1132 50 21 Hel-

193 1166 91 27 singfors
306 1166 25 22 fr.
355 1168 10 19 1
391 1167 123 27 September
538 1173 81 16 samma
639 1168 25 21 är
679 1167 40 22 och
734 1167 33 21 för
782 1166 75 22 skolan
872 1167 7 20 i
893 1166 62 23 Uleä-

193 1200 55 27 borg
263 1201 25 23 fr.
305 1202 10 20 1
333 1201 124 27 September
473 1202 61 20 1882.
567 1202 34 21 Då
617 1201 68 22 under
700 1201 86 21 förlidet
801 1201 24 21 är
845 1201 111 21 ansöknin-

194 1240 39 21 gar
255 1235 32 20 till
303 1235 108 27 Styrelsen
433 1235 84 27 ingingo
534 1241 35 16 om
584 1235 132 22 fortfarande
732 1234 111 27 ärsbidrag
858 1234 22 21 af
893 1236 62 20 stats-

194 1268 70 22 medel
279 1269 33 21 för
327 1269 100 22 skolorna
442 1269 7 20 i
463 1263 46 27 Äbo
526 1269 40 21 och
581 1269 116 27 Uleåborg,
713 1268 150 22 införskaffade
878 1268 78 27 Styrel-

193 1308 44 20 sen,
254 1302 65 23 bland
344 1305 65 20 annat
431 1309 75 21 genom
530 1303 84 22 anstäld
636 1303 129 27 inspektion,
788 1303 113 26 utredning
922 1308 34 15 om

193 1336 98 27 samtliga
306 1337 83 22 skolors
405 1337 145 26 verksamhet;
561 1337 40 22 och
612 1337 104 27 framgick
732 1337 67 26 häraf,
815 1339 31 19 att
857 1336 100 22 skolorna

192 1370 8 21 i
215 1364 48 28 Åbo
279 1371 39 21 och
335 1371 132 27 Helsingfors
483 1371 49 22 fullt
546 1371 107 28 nöjaktigt
664 1371 47 28 fyllt
727 1371 37 21 sitt
775 1370 104 27 ändamål,
895 1370 61 22 hvar-

193 1408 58 18 emot
267 1404 40 22 den
322 1405 7 21 i
343 1405 113 28 Uieåborg,
465 1406 68 22 under
550 1406 48 22 dess
613 1406 124 21 nuvarande
751 1405 93 25 ledning,
861 1404 53 22 visat
925 1405 31 26 sig

192 1438 64 27 högst
271 1439 208 23 otillfredsställande
494 1442 58 20 samt
566 1439 102 28 pröfvats,
692 1440 28 27 på
735 1441 43 20 sätt
793 1440 40 21 den
849 1438 108 22 härintills

265 1478 103 18 Allmänna
381 1480 179 17 Besvärsutskottets
573 1479 118 18 bezänkande
706 1480 37 16 N:v
753 1480 30 16 11.
