1048 1731
88 145 12 22 5
261 143 238 24 Pelitionsbetänkande
515 145 35 22 N:s
565 144 40 23 43.

59 213 46 16 som
126 207 109 22 insamlats
250 207 67 22 under
333 207 26 22 de
377 207 159 27 sjömätningar,
552 206 71 23 hvilka
637 207 80 27 årligen
732 207 80 22 utföras

58 243 28 26 pä
101 241 165 23 föranstaltande
281 241 22 22 af
315 240 213 28 lotsöfverstyrelsen.

131 275 77 22 Medan
230 275 89 22 sälunda
340 275 83 22 landets
437 275 150 27 kartläggning
602 275 7 21 i
624 275 92 28 egentlig
730 275 83 22 bemär-

59 310 59 23 kelse
132 309 46 22 frän
191 309 64 22 finskt
269 309 44 22 häll
327 309 56 22 varit
396 311 77 20 nästan
488 309 46 22 helt
549 309 39 22 och
603 309 66 22 hället
684 309 129 22 försummad

58 345 40 22 har
120 346 31 20 ett
172 343 45 22 vidt
231 343 130 22 omfattande
376 343 39 22 och
431 343 128 27 detaljeradt
574 343 73 22 arbete
661 343 8 22 i
681 343 66 22 sädan
761 343 52 22 rikt-

59 379 50 26 ning
130 377 67 22 under
219 383 26 16 en
266 377 49 28 läng
336 377 52 28 följd
408 377 22 22 af
445 378 25 21 är
488 377 78 22 utförts
584 377 21 22 af
619 378 40 21 den
674 377 63 28 ryska
751 379 62 26 topo-

59 412 121 28 grafkären.
211 411 42 22 Det
275 411 22 22 af
317 411 69 22 denna
408 411 54 22 efter
484 411 42 22 alla
548 411 99 22 nutidens
668 411 119 28 fordringar
806 412 7 21 i

60 446 73 23 skalan
157 447 18 20 1:
194 446 77 27 21,000
289 441 147 32 omsorgsfullt
461 445 85 22 utförda
570 445 243 28 kartläggningsarbetet

60 481 40 21 har
121 487 87 15 numera
229 480 118 22 fortskridit
367 481 23 21 sä
405 480 66 27 längt,
486 481 33 20 att
534 480 83 21 landets
632 481 63 21 södra
710 480 34 22 del
758 480 55 22 intill

61 515 40 22 den
126 516 69 20 61:sta
218 514 148 28 breddgraden
388 516 55 20 samt
466 514 23 22 af
512 515 41 21 den
576 516 72 20 västra
668 521 25 15 en
710 515 32 22 del
757 517 57 19 ännu

60 549 126 27 nordligare,
202 549 104 27 nämligen
321 548 22 22 af
352 543 56 28 Äbo-
419 549 39 22 och
468 548 144 28 Björneborgs
622 549 35 21 län
668 549 55 21 intill
732 549 83 21 Kumo-

62 583 34 27 elf,
110 583 102 27 föreligga
226 583 7 21 i
248 582 47 22 fullt
313 583 124 22 utarbetadt
451 583 67 21 skick.
549 583 61 21 Huru
625 585 58 20 snart
699 584 58 20 detta
772 582 43 22 vid-

61 617 73 28 lyftiga
155 617 72 21 arbete
249 617 54 22 skall
325 623 50 16 vara
390 617 106 27 slutfördt,
519 617 43 21 kan
581 617 33 21 för
634 618 35 20 det
683 616 131 22 närvarande

61 652 46 22 icke
130 658 36 15 ens
188 651 168 22 tillnärmelsevis
375 652 132 26 uppskattas,
524 652 27 21 dä
567 652 36 21 det
617 651 124 22 fortskrider
756 651 58 26 läng-

62 687 55 20 samt
139 685 39 22 och
200 685 45 22 icke
267 687 51 20 utan
340 685 87 22 afbrott.
463 685 112 27 Själffallet
589 686 21 21 fä
626 686 59 21 dessa
700 684 115 23 värdefulla

62 720 75 26 bidrag
152 719 31 21 till
198 719 82 22 landets
295 719 110 28 topografi,
421 726 35 15 om
471 720 40 21 ock
527 720 85 21 utförda
626 719 32 22 för
672 721 64 20 annat
751 719 64 21 ända-

63 754 48 22 mål,
127 754 46 21 icke
188 754 90 21 lämnats
293 754 118 21 obeaktade
427 754 34 21 vid
477 754 36 21 det
528 754 110 21 inhemska
648 753 167 27 kartläggnings-

62 788 81 22 värket.
173 787 28 23 Sä
216 788 38 22 har
268 794 75 20 genom
359 790 30 19 ett
405 788 73 26 nädigt
492 787 48 22 bref
554 788 22 21 af
590 788 40 21 den
645 788 12 20 5
666 787 83 27 januari
761 787 53 22 1885

64 822 126 27 förordnats,
203 824 32 20 att
249 822 32 22 för
297 828 25 16 en
337 822 31 21 tid
383 822 22 21 af
420 822 26 21 10
461 822 24 21 är
500 821 78 22 framät
592 822 81 26 ärligen
688 822 77 26 20,000
780 821 35 21 mk

65 856 59 22 skola
146 856 105 22 utbetalas
273 856 31 22 till
319 856 41 22 den
375 856 64 28 ryska
453 856 175 27 topografkären,
644 858 43 20 mot
702 856 67 21 vilkor
784 857 32 20 att

65 890 97 28 samtliga
186 890 46 22 dess
255 890 193 28 mätningsresultat
470 890 74 22 ställas
567 890 33 21 till
614 889 202 23 landtmäteriöfver-

65 924 112 29 styrelsens
192 924 121 28 förfogande
328 925 7 21 i
350 924 39 23 och
404 924 33 22 för
451 924 118 28 kopiering,
584 924 116 27 hvarjämte
715 924 32 22 för
761 930 54 15 sam-

66 965 33 15 ma
123 959 92 27 tidrymd
239 961 32 19 ett
292 959 62 27 ärligt
376 959 73 27 anslag
469 959 22 21 af
505 959 79 26 10,000
600 959 59 21 mark
674 958 95 27 beviljats
784 958 33 21 för

66 993 211 27 kopieringsarbetets
300 993 116 22 utförande.
446 993 12 20 I
478 993 52 26 följd
549 993 63 22 häraf
625 993 38 21 har
677 992 60 22 äfven
753 992 64 22 sedan

66 1027 40 22 den
123 1029 9 19 1
146 1026 40 28 juli
202 1027 53 22 1886
275 1033 25 16 en
323 1030 58 19 extra
403 1027 128 27 tjänsteman
554 1027 39 22 och
615 1029 75 20 tvenne
709 1027 108 21 kartriter-

66 1061 50 21 skor
135 1061 53 21 varit
208 1061 97 22 anstälda
324 1061 32 22 för
375 1061 111 27 kopiering
503 1061 23 22 af
540 1061 26 22 de
582 1061 62 27 ryska
659 1060 158 28 topografernes

66 1095 104 22 kartblad.

138 1129 82 28 Upptar
242 1136 48 15 man
308 1136 34 20 nu,
358 1129 53 22 efter
427 1130 68 21 denna
510 1129 136 27 redogörelse
660 1129 33 21 för
707 1129 55 21 hvad
776 1128 41 22 hit-

66 1163 42 22 tills
132 1163 67 22 blifvit
216 1163 103 28 tillejordt
334 1163 32 22 till
381 1163 100 22 Finlands
496 1163 155 27 kartläggning,
665 1163 152 27 petitionärens

66 1197 66 22 första
150 1198 99 27 yrkande,
272 1197 105 28 nämligen
398 1200 31 19 att
445 1197 84 22 landets
546 1197 101 22 kartvärk
662 1198 65 21 mätte
741 1196 77 21 under-

66 1232 71 21 kastas
152 1231 95 27 revision,
263 1233 24 20 sä
301 1232 61 21 torde
378 1232 117 27 otvetydigt
510 1232 88 27 framgä,
607 1233 32 20 att
650 1233 31 20 ett
690 1230 71 22 härför
771 1230 46 22 icke

67 1266 131 27 obetydande
220 1266 96 21 material
338 1265 67 22 finnes
428 1267 32 20 att
482 1265 60 27 tillgå
565 1266 17 27 ej
606 1265 82 22 mindre
703 1265 6 21 i
723 1266 60 21 nätet
797 1264 22 22 af

66 1300 150 22 astronomiskt
237 1299 110 22 bestämda
368 1299 92 28 punkter
482 1302 27 19 än
530 1300 61 21 äfven
610 1300 6 21 i
635 1299 102 22 särskilda
751 1299 66 22 redan

66 1334 110 27 päpekade
184 1333 220 28 nivelleringsarbeten
415 1336 55 19 samt
480 1334 106 27 slutligen,
597 1334 54 21 hvad
663 1334 82 21 landets
755 1333 62 22 södra

67 1369 33 21 del
112 1368 106 27 beträffar,
234 1369 7 21 i
257 1369 36 21 det
308 1368 143 28 topografiska
466 1368 130 22 kartvärket.
628 1369 39 21 Om
683 1368 38 22 ock
736 1367 81 27 härige-

66 1410 49 14 nom
136 1403 46 21 icke
204 1403 69 22 kunde
296 1404 63 20 ernäs
379 1405 30 19 ett
425 1402 92 27 slutmäl,
534 1404 32 20 ett
580 1402 131 28 fullständigt
726 1402 39 22 och
779 1402 38 21 all-

66 1437 64 27 sidigt
144 1437 99 21 kartvärk
259 1437 58 22 öfver
331 1437 78 25 landet,
426 1437 23 21 sä
465 1437 63 21 torde
539 1436 129 28 välihvarje
677 1436 36 22 fall
722 1442 25 15 en
755 1436 62 26 högst

135 1476 101 18 Allmänna
247 1476 188 18 Besvärsutskottets
448 1476 122 18 betänkande
582 1476 35 18 N:o
630 1476 27 18 34.
