1048 1731
259 127 13 20 2
464 125 209 25 Pelitionshetänkande
688 125 33 24 N:o
736 125 35 24 46.

232 189 129 25 sprungligen
383 189 52 20 varit
458 190 34 19 det
511 189 180 24 missförhällande,
707 195 41 14 som
763 191 44 18 med
823 190 93 20 afseende
932 190 11 19 ä
959 191 34 19 det

232 217 95 20 officiella
349 218 83 24 spräket
454 218 7 19 i
484 218 45 19 värt
543 218 47 19 land
605 219 53 18 varit
672 218 95 26 rädande,
783 219 22 19 sä
821 219 37 18 bör
873 219 119 19 ätminstone

232 252 34 19 nu,
286 246 25 19 dä
327 246 151 24 ifrågavarande
493 246 174 20 missförhällande
682 247 31 18 till
729 248 74 18 största
817 247 59 20 delen
891 246 64 21 blifvit
963 247 29 19 af-

231 275 101 24 lägsnadt,
348 280 24 14 en
396 275 115 23 förändring
534 275 6 18 i
564 275 161 20 forstinstitutets
741 275 213 24 undervisningsspräk
969 275 23 19 sä

231 303 43 20 fort
292 309 42 14 som
349 303 77 24 möjligt
441 303 152 20 åstadkommas.
624 305 9 18 I
648 304 44 19 vårt
707 304 47 19 land
766 303 63 20 finnas
845 305 90 23 omkring
950 302 41 21 100

232 331 182 25 forst-tjenstemän
437 332 36 19 och
497 332 71 19 endast
582 334 30 17 tre
629 331 21 20 af
664 333 58 18 dessa
737 331 58 20 hafva
810 333 6 18 i
832 333 57 23 ringa
903 333 43 18 män
963 331 26 20 äf-

231 365 38 14 ven
285 360 86 20 svenska
385 360 78 19 trakter
478 360 53 19 inom
548 361 34 18 sitt
597 361 194 23 verkningsomräde,
807 360 134 20 hvarförutom
956 360 35 19 nä-

230 395 37 18 gra
283 389 41 19 små
339 389 122 23 skogslotter
476 388 62 20 finnas
554 389 7 18 i
576 394 37 19 par
628 389 85 19 svenska
728 389 86 20 socknar
821 389 22 20 af
857 381 134 39 Österbotten,

231 417 68 20 hvilka
315 419 35 18 äro
366 417 95 20 förenade
477 417 44 19 med
537 417 24 19 de
577 419 98 18 närmaste
686 417 259 20 forstmästare-omrädena.
961 417 30 19 Är

231 446 34 19 det
285 446 31 19 väl
337 446 77 19 säledes
429 445 66 24 billigt
509 445 38 20 och
562 446 86 23 rättvist,
664 447 30 18 att
709 446 34 19 det
757 446 136 23 forstinstitut,
909 451 41 14 som
964 445 27 25 pä

231 477 76 17 statens
323 474 113 19 bekostnad
450 474 127 19 underhälles
592 475 6 18 i
607 475 44 18 värt
661 475 53 22 land,
725 477 22 16 är
758 474 178 25 svenskspräkigt?
954 474 37 19 Att

231 503 57 19 detta
302 503 79 19 institut
394 503 43 24 just
451 502 22 20 af
487 503 116 19 omförmäld
618 503 59 19 orsak
692 503 37 19 har
743 503 77 20 kunnat
835 502 116 21 underhälla
961 502 29 20 af-

231 533 48 22 vogt
301 532 56 18 sinne
379 533 42 17 mot
444 532 37 18 den
504 533 55 18 stora
574 532 128 23 pluraliteten
718 531 21 20 af
752 531 64 20 folket
831 534 50 17 samt
896 533 40 17 mot
952 531 37 19 den

230 560 127 24 befolknings
370 560 67 24 spräk,
453 560 7 18 i
475 560 59 19 hvars
549 560 49 19 midt
613 560 162 20 forstmästarene
791 560 76 24 arbeta,
881 560 65 20 utvisa
961 559 28 20 äf-

229 594 38 14 ven
290 589 24 19 de
335 588 196 25 spräkstridigheter,
554 594 41 14 som
617 594 45 14 man
686 588 44 20 frän
753 589 56 19 detta
827 589 93 19 läroverk
935 590 54 18 stän-

230 618 43 22 digt
296 617 38 19 fätt
355 617 50 19 höra
424 617 82 19 omtalas
529 617 38 19 och
582 617 68 19 hvilka
664 617 107 24 ingalunda
786 617 57 19 ländt
865 617 44 20 värt
930 617 58 19 lands

231 645 187 24 skogshushällning
433 645 31 19 till
480 646 88 19 fromma.

302 674 29 19 Pä
354 674 63 24 grund
439 674 21 19 af
481 674 38 19 den
542 680 38 18 nya
596 674 203 24 spräkförordningen
815 676 34 17 äro
864 675 70 18 nästan
949 674 40 19 alla

230 702 31 19 till
285 702 116 20 forststaten
424 702 88 20 hörande
534 703 119 23 tjenstemän
675 702 90 24 skyldige
781 705 29 17 att
825 703 64 19 såsom
904 702 84 19 embets-

231 731 62 24 spräk
315 731 90 23 begagna
426 730 83 24 finskan,
533 731 82 19 emedan
631 731 58 19 deras
704 731 185 24 verkningskretsar
904 733 34 17 äro
954 730 34 20 be-

230 759 60 24 lägna
304 758 29 21 uti
349 759 64 19 finska
423 760 82 18 trakter.
521 760 227 23 Forstundervisningen
759 759 38 19 kan
809 759 123 24 följaktligen
942 758 45 20 icke

230 787 50 25 fylla
296 788 34 19 sitt
345 788 97 23 ändamål,
458 790 29 17 att
502 790 49 22 göra
566 788 43 19 dem
625 788 44 19 fullt
679 788 126 24 kompetente
817 788 31 19 till
859 786 98 22 skötande
968 786 22 20 af

231 816 30 19 sin
277 817 68 23 tjenst,
362 816 69 20 sävida
445 816 64 20 denna
524 816 142 24 undervisning
681 817 18 23 ej
715 816 100 20 meddelas
830 816 26 24 pä
871 817 34 18 det
920 816 67 24 spräk,

230 850 42 14 som
295 845 99 23 hbegagnas
417 844 22 20 af
455 845 128 24 pluraliteten
599 844 21 20 af
633 844 70 24 folket,
718 845 7 19 i
740 844 60 20 hvars
814 845 49 19 midt
879 845 24 19 de
918 844 71 20 arbeta

229 873 38 19 och
289 874 45 18 med
349 873 76 19 hvilket
441 874 24 18 de
480 876 34 16 äro
530 874 6 18 i
552 874 78 23 ständig
645 874 100 23 beröring.
775 873 68 19 Under
859 873 73 19 sådana
946 872 40 20 för-

229 901 115 24 hällanden,
380 901 63 24 gifves
479 902 58 23 ingen
575 902 112 24 «anledning,
724 902 81 19 hvarför
834 901 153 20 forstundervis-

229 930 74 24 ningen
318 930 63 19 borde
396 930 99 19 meddelas
511 930 26 25 pä
552 930 85 20 svenska
652 930 87 25 spräket,
755 932 48 18 utan
819 930 38 20 alla
867 930 120 24 omständig-

229 959 58 18 heter
309 958 75 24 fordra,
407 961 30 17 att
459 959 64 19 denna
545 959 141 24 undervisning
709 959 122 20 oförtöfvadt
852 959 89 24 förbytes
956 959 30 19 till

228 986 141 25 finskspräkig

302 1016 47 19 Men
371 1015 85 20 förutom
471 1017 132 23 nyssnämnda
618 1017 172 19 missförhällande
805 1017 7 18 i
827 1017 159 23 undervisnings-

229 1044 89 24 spräket,
333 1045 78 19 hvilket
425 1045 142 24 ofördröjligen
582 1045 62 19 borde
659 1045 103 24 aflägsnas,
778 1045 112 19 förhindras
901 1045 85 19 forstun-

229 1073 140 24 dervisningen
391 1073 6 19 i
416 1073 44 20 vårt
475 1073 46 20 land
536 1073 57 20 äfven
609 1073 21 20 af
644 1073 99 20 särskilda
758 1073 73 20 brister
845 1074 8 18 i
868 1074 118 19 densamma.

229 1101 69 19 Ehuru
321 1102 126 19 underhållet
469 1101 20 20 af
503 1107 23 14 en
543 1102 86 19 särskild
644 1102 61 24 högre
720 1102 226 23 undervisningsanstalt
960 1102 26 24 pä

229 1130 123 25 landsorten,
368 1130 101 23 aflägsnad
483 1130 45 19 frän
543 1131 27 19 all
585 1131 59 19 trafik
660 1131 37 19 och
708 1131 92 19 bebodda
810 1131 83 22 trakter,
904 1130 31 19 för
946 1132 40 18 sta-

229 1161 34 16 ten
279 1159 125 24 naturligtvis
420 1159 38 19 blir
473 1159 163 24 utomordentligt
651 1159 36 20 och
703 1159 110 23 onaturligt
823 1159 52 24 dyrt,
886 1159 35 19 har
931 1159 56 19 detta

228 1187 81 20 institut
324 1187 62 19 likväl
401 1187 98 20 förblifvit
513 1188 6 19 i
536 1190 28 17 ett
580 1187 82 20 alldeles
678 1187 116 24 bristfälligt
809 1187 57 20 skick
881 1187 50 20 bäde
942 1187 45 20 med

229 1215 95 20 afseende
347 1216 12 19 ä
381 1216 136 24 arbetsstyrka
540 1217 37 18 och
593 1217 105 18 -material.
729 1215 61 20 Detta
805 1216 22 19 är
843 1215 55 20 1862
913 1216 73 23 grund-

229 1245 59 23 lagda
303 1244 80 19 institut
398 1245 35 18 har
449 1244 55 19 äfven
521 1244 78 20 derföre
616 1245 87 24 ständigt
718 1245 41 19 fört
773 1246 28 17 ett
812 1245 85 24 tynande
909 1244 28 23 lif,
949 1244 37 19 och

228 1278 46 13 man
291 1273 35 18 har
341 1272 57 20 äfven
414 1273 154 19 understundom
584 1273 83 23 fordrat,
683 1275 30 17 att
727 1273 100 19 institutet
842 1273 63 19 skulle
920 1272 67 24 flyttas

228 1301 31 18 till
275 1307 65 14 annan
356 1304 37 17 ort.
424 1301 39 19 Det
477 1302 52 19 enda
544 1301 43 20 skäl
603 1307 44 14 man
662 1302 76 19 kunnat
753 1301 69 20 anföra
836 1301 31 19 för
877 1301 110 19 institutets

228 1329 141 20 bibehållande
391 1330 12 19 å
425 1329 60 20 Evois
507 1332 23 17 är
546 1333 28 16 att
590 1331 24 18 de
629 1330 121 24 byggnader,
767 1335 40 14 som
822 1330 25 24 på
863 1331 75 18 statens
953 1329 35 19 be-

228 1358 88 20 kostnad
332 1359 103 19 derstädes
450 1359 6 18 i
472 1359 79 19 tiderna
566 1358 66 20 blifvit
647 1359 98 24 uppförda
758 1359 112 19 till-bostad
881 1357 30 20 för
922 1358 63 19 lärare

229 1387 37 19 och
283 1387 66 19 elever
365 1389 49 17 samt
429 1386 31 20 för
475 1388 140 23 kosthällning,
631 1393 33 18 nu,
679 1387 43 20 ifall
737 1388 100 18 institutet
851 1386 65 20 blefve
932 1386 54 19 hort-

227 1414 88 25 flyttadt,
332 1416 62 18 skulle
410 1415 61 20 blifva
493 1416 133 24 obegagnade.
656 1416 46 19 Men
727 1416 25 19 dä
774 1416 22 19 är
819 1414 55 20 1876
897 1415 11 19 &
926 1414 60 20 Evois

298 1453 103 18 Allmänna
413 1454 188 18 Besvärsutskottets
615 1455 120 17 betänkande
748 1454 35 18 N:o
796 1455 21 17 35
