1048 1731
294 121 207 24 Potitionsbetänkande
518 122 36 23 M:o
568 121 36 24 48.
773 123 25 20 15

65 182 52 21 utan
140 186 99 25 tvertom,
255 184 28 27 på
297 184 69 27 grund
381 184 24 21 af
418 184 7 21 i
441 185 108 20 utskottet
563 183 129 28 rådfrågade
707 185 120 20 sakkänna-

65 223 35 16 res
118 219 128 21 uttalanden
261 219 56 20 samt
331 218 50 21 med
395 218 49 21 stöd
459 218 24 21 af
498 218 42 21 den
556 218 59 21 såväl
632 218 110 21 derstädes
757 224 46 16 som
818 218 8 21 i

66 252 141 27 tidningarna
222 252 61 21 förda
299 252 154 27 diskussionen,
467 252 69 27 jemte
552 252 40 21 den
608 252 8 21 i
632 253 48 26 eget
695 252 50 21 land
755 259 72 14 vunna

66 286 150 22 erfarenheten
231 286 40 21 och
286 286 47 21 från
348 286 98 21 utlandet
461 286 103 21 hemtade
581 286 102 27 exempel,
697 287 24 26 ja
735 286 35 21 till
787 287 40 21 och

67 321 49 21 med
138 321 28 26 på
184 321 69 27 grund
268 320 23 21 af
305 321 26 20 de
347 320 7 21 i
369 321 146 20 betänkandet
531 321 93 20 nämnda
638 320 188 28 upplysningarna,

68 355 74 21 hvilka
157 355 53 21 stått
224 355 105 21 utskottet
345 354 33 21 till
393 355 60 26 buds,
470 361 52 15 anse
540 355 69 21 denna
625 354 160 29 öfverflyttning
793 355 34 21 så-

67 390 35 20 väl
117 389 89 27 lämplig
221 395 46 15 som
281 389 128 28 nödvändig,
425 389 54 28 våga
494 389 21 22 vi
524 389 112 22 vördsamt
646 389 85 27 föreslå,
741 391 31 20 att
780 389 47 21 lan-

68 424 47 21 dets
138 423 116 28 höglofliga
276 423 91 22 Ständer
389 424 50 21 ville
461 423 76 22 förena
561 424 32 27 sig
612 430 34 15 om
665 423 40 22 den
720 423 106 22 underdå-

67 458 51 27 niga
132 457 112 22 anhållan:

275 527 31 18 att
325 524 246 28 forstundervisningen
594 526 26 20 så
635 528 61 18 snart
711 532 45 15 som
771 525 55 27 möj-

208 559 39 27 ligt
263 558 133 28 öfverjördes
411 560 35 20 till
458 559 155 28 polytekniska
630 560 104 20 institutet
750 560 8 20 i
773 560 54 21 Hel-

207 592 102 28 singfors.

136 689 56 23 A.F.
208 689 105 24 Danielson.
590 689 60 23 Juuse
666 689 90 29 Hedberg.

351 751 66 23 Kaarlo
433 751 110 23 Blomstedt.

137 1454 104 19 Allmänna
253 1456 190 18 Besvärsutskottets
455 1456 123 18 betänkande
590 1456 35 18 N:o
638 1457 28 17 35.
