1048 1731
192 127 379 27 Petitlonsbetänkande
586 130 50 23 h:o
650 129 55 23 80.

347 506 212 26 Statsutskottets
574 505 147 26 betänkande
735 506 36 26 N:o
787 506 20 25 12
822 507 7 23 i

279 541 100 29 anledning
394 541 21 24 af
429 541 98 25 särskilda
542 541 47 24 inom
605 540 76 30 Preste-,
696 541 89 29 Borgare.
795 541 34 24 och

279 576 143 24 Bondestånden
442 575 70 25 väckta
530 575 164 31 petitionsförslag
712 582 28 18 om
758 575 71 25 skatte-

279 610 112 30 förmedling
406 612 24 29 på
445 604 58 30 Åland
519 610 50 25 samt
585 610 29 24 uti
630 609 51 25 delar
696 609 21 25 af
729 608 100 31 Egentliga

278 644 83 25 Finland.

144 753 79 23 Genom
242 754 196 28 protokollsutdrag
453 753 22 23 af
489 753 41 22 den
547 754 10 20 1
575 754 39 21 och
628 754 14 21 4
657 752 102 23 Februari
775 753 54 22 1888

75 787 62 23 hafva
151 788 90 26 Preste-,
256 788 103 27 Borgare-
375 788 39 22 och
429 788 166 22 Bondestånden
609 788 33 21 till
656 787 175 23 Statsutskottets

75 822 129 27 behandling
218 822 118 22 remitterat
351 822 94 27 följande
460 821 220 29 petitionsmemorial:

222 937 52 20 Till
292 937 168 24 Högvördiga
475 936 208 21 Prestaständet.

144 1001 36 19 Att
202 1001 23 19 de
248 1001 30 18 till
293 1003 64 16 staten
373 999 44 20 frän
433 1002 30 17 ett
478 1000 48 19 land
540 1000 98 24 utgäende
654 1000 101 20 skatterna
771 1000 60 19 mätte

75 1028 62 20 blifva
160 1029 22 19 sä
202 1029 109 24 fördelade,
329 1031 30 17 att
374 1029 18 24 ej
408 1029 39 19 den
463 1034 38 14 ena
516 1029 117 19 landsdelen
648 1029 6 18 i
669 1029 117 24 proportion
801 1029 32 19 till

76 1057 35 20 sin
126 1057 89 24 förmåga
229 1057 128 20 öfverhöfvan
373 1057 98 24 betungas
487 1063 42 14 mer
544 1059 25 18 än
585 1057 38 19 den
639 1057 68 26 andra,
722 1060 23 17 är
759 1057 32 20 väl
807 1063 25 14 en

76 1085 21 20 af
112 1085 24 20 de
151 1086 98 23 billigaste
266 1086 36 19 och
317 1086 116 19 rättvisaste
449 1085 121 25 fordringar.
594 1085 115 20 Emellertid
723 1085 54 20 finna
792 1086 19 19 vi
825 1086 8 19 i

76 1114 56 19 detta
153 1113 92 21 afseende
268 1117 51 17 stort
341 1115 174 19 missförhällande
538 1120 48 14 vara
608 1115 85 19 rädande
715 1115 53 19 inom
789 1115 44 19 värt

75 1143 54 19 land.
149 1143 38 24 Jag
202 1143 33 19 vill
250 1144 7 19 i
273 1144 54 19 detta
342 1143 95 20 afseende
453 1143 87 20 anställa
552 1143 114 24 jemförelse
680 1143 71 20 mellan
767 1143 66 19 skilda

73 1171 89 20 härader
182 1172 54 19 inom
258 1173 103 23 sydvestra
381 1172 58 19 delen
456 1171 22 20 af
491 1171 75 24 landet,
581 1172 85 23 tagande
680 1172 30 19 till
725 1171 108 20 måttstock

76 1200 24 19 de
123 1200 110 25 utskylder,
256 1206 40 14 som
319 1206 36 19 per
373 1201 77 19 individ
469 1201 37 19 och
522 1206 36 19 per
572 1201 82 19 tunland
670 1200 99 24 skattlagd
785 1200 49 19 åker

76 1229 39 19 och
137 1231 39 22 äng
197 1229 75 20 betalas
295 1229 30 20 till
347 1231 66 18 staten
432 1229 54 28 inom
501 1229 59 20 dessa
575 1229 69 20 härad.
673 1229 68 24 Enligt
755 1228 80 25 uppgift

76 1257 45 20 frän
136 1257 257 21 länebokhällarekontoret
407 1258 8 19 i
430 1258 46 19 Äbo
491 1257 93 20 skattade
599 1252 76 25 Älands
689 1257 62 20 härad
760 1263 37 18 per
804 1257 30 20 in-

76 1286 55 19 divid
154 1287 89 24 omkring
266 1286 26 20 10
308 1287 32 18 mk
355 1288 51 18 samt
425 1292 38 19 per
481 1287 99 19 tunnland
594 1286 50 20 äker
658 1286 36 20 och
709 1288 38 22 äng
762 1285 13 20 6
791 1286 44 23 mk;

76 1320 45 14 men
133 1315 61 24 enligt
209 1315 146 24 kronofogdens
371 1316 6 18 i
393 1315 86 20 häradet
494 1315 79 24 uppgift
588 1315 32 20 för
634 1315 23 20 är
672 1314 54 21 1885
742 1315 93 20 skattade

76 1343 69 24 hvarje
160 1344 76 19 individ
251 1344 26 19 dä
291 1344 90 24 omkring
397 1343 19 20 7:
433 1343 35 20 50.
495 1344 96 19 Deremot
606 1344 91 19 skattade
711 1343 74 20 Haliko
801 1344 34 19 hä-

76 1372 44 24 rad,
137 1383 26 3 —
179 1373 62 23 enligt
256 1378 72 14 samma
343 1373 84 19 kontors
443 1373 86 25 uppgift,
540 1384 25 4 —
574 1378 36 19 per
624 1373 74 19 individ
713 1371 20 21 5:
749 1371 35 25 50,
799 1372 37 21 och

76 1406 36 19 per
135 1401 94 19 tunnland
245 1402 48 19 äker
309 1402 37 19 och
366 1404 38 21 äng
424 1402 73 19 endast
513 1402 19 19 1:
548 1400 39 25 43;
603 1401 105 25 Loimijoki
722 1401 63 20 härad
800 1406 37 20 per

76 1429 77 19 individ
168 1429 13 21 5
196 1430 39 26 mk,
251 1436 36 18 per
301 1430 96 20 tunnland
413 1430 50 20 äker
479 1430 38 20 och
532 1432 39 22 äng
587 1429 18 20 1:
619 1429 37 25 85;
672 1430 67 24 Tyrvis
755 1436 36 19 per
806 1430 30 19 in-

146 1468 158 19 Statsutskottets
316 1468 123 19 betänkande
451 1468 37 18 N:o
501 1470 28 17 12.
