1048 1731
252 130 13 19 4
451 127 211 24 Petitlonsbetänkande
677 128 33 23 N:o
725 127 28 24 14.

297 192 105 25 Samtidigt
417 198 42 14 som
473 192 79 19 landets
568 193 119 19 universitet
709 193 20 19 åt
744 193 39 18 den
801 192 87 24 manliga
909 191 74 24 ungdo-

223 227 44 14 men
283 221 7 18 i
306 221 111 20 vidsträckt
431 221 46 19 mån
492 221 94 24 erbjuder
601 221 80 19 tillfälle
696 221 31 19 till
738 221 152 24 vetenskapliga
901 220 82 22 studier,

222 249 85 24 beviljas
323 249 66 20 denna
403 249 77 20 förmån
496 249 72 19 endast
582 249 7 19 i
604 249 147 24 undantagsfall
767 249 38 20 och
825 249 52 20 blott
892 249 26 24 på
941 250 40 17 sär-

223 277 54 20 skild
292 277 93 20 anhållan
401 279 21 18 åt
437 278 91 19 kvinnor.
559 278 84 19 Jemlikt
664 278 55 19 Hans
742 278 113 24 Kejserliga
877 277 104 24 Majestäts

222 307 73 23 nådiga
310 306 105 20 skrifvelse
431 307 22 18 af
467 307 39 18 den
522 306 12 19 1
550 306 41 24 Maj
608 305 54 21 1871
678 306 20 20 få
713 307 92 22 kvinnor,
827 306 69 19 hvilka
918 305 62 20 önska

222 341 51 18 egna
288 335 30 24 sig
333 335 21 19 åt
368 335 140 23 läkarekallet,
524 335 90 24 begagna
628 335 31 24 sig
673 335 22 19 af
708 335 167 24 undervisningen
890 334 33 19 vid
938 334 42 19 uni-

221 364 115 19 versitetets
351 363 124 20 medicinska
491 363 92 24 fakultet,
599 369 43 14 men
658 363 32 20 för
705 363 60 24 öfrigt
780 363 36 20 har
831 363 86 20 kvinnan
935 361 44 20 icke

221 392 65 25 någon
303 392 66 19 direkt
384 392 97 24 rättighet
496 394 30 17 att
541 392 33 19 vid
590 392 117 19 universitet
722 392 48 19 idka
785 392 82 19 studier.
884 391 95 23 Befogen-

220 421 35 19 het
271 423 30 17 att
315 420 77 25 aflägga
414 421 163 19 studentexamen
601 421 86 19 erhåller
708 421 87 19 kvinnan
819 421 70 18 endast
911 425 68 18 genom

222 449 72 19 enkom
309 449 107 20 utverkadt
430 449 98 23 tillstånd,
544 449 44 23 och,
597 455 31 14 om
644 449 71 20 sådant
730 449 91 19 tillstånd
837 449 62 19 nekas
909 448 70 22 henne,

222 477 77 20 hvilket
314 477 119 20 åtminstone
449 478 64 23 någon
529 477 51 24 gång
595 478 69 23 händt,
687 477 104 20 förblifver
813 477 39 20 bon
874 477 105 24 utestängd

220 505 44 21 från
282 506 117 24 högskolan.

291 535 132 24 Naturligtvis
447 535 40 19 kan
503 540 44 14 man
567 535 93 23 invända,
683 536 30 18 att
735 534 88 24 familjen
839 536 21 18 är
883 534 96 19 kvinnans

223 564 54 18 rätta
291 564 172 23 verkningskrets.
492 563 47 19 Men
556 563 58 19 deraf
628 563 58 24 följer
704 563 115 23 ingalunda,
841 565 30 17 att
893 562 86 19 kunska-

220 597 47 19 pers
283 592 127 19 inhemtande
425 592 62 19 borde
503 592 31 19 för
549 592 64 18 henne
628 591 106 20 försvåras.
765 591 36 19 Ett
815 591 75 19 faktum
906 593 29 21 är,
950 592 29 18 att

220 620 71 24 många
305 620 86 20 kvinnor
406 620 7 19 i
429 620 42 19 vårt
486 620 47 19 land
549 620 61 20 verka
624 622 54 18 utom
701 620 84 19 hemmet
807 620 7 19 i
837 620 83 24 tjenster
942 619 37 19 och

220 648 143 24 befattningar,
379 648 68 20 hvilka
463 648 90 20 erfordra
568 649 137 24 vetenskaplig
719 648 97 24 bildning,
840 648 49 19 eller
904 648 35 19 der
955 653 24 13 en

221 677 62 19 sådan
299 678 118 18 åtminstone
434 682 46 14 vore
496 678 30 18 till
544 678 66 18 direkt
624 679 64 22 nytta.
719 677 48 19 Icke
783 677 64 19 heller
869 676 58 20 torde
946 676 33 19 det

220 711 48 14 vara
283 706 38 19 lätt
337 708 30 17 att
381 706 75 25 bevisa,
472 708 30 17 att
517 708 30 17 ett
561 711 55 14 mera
633 705 122 20 omfattande
769 705 153 25 kunskapsmått
932 710 46 14 vore

219 734 32 19 till
267 735 64 19 skada
345 735 53 19 inom
413 734 94 24 familjen,
531 740 31 14 om
577 734 52 20 blott
644 734 87 20 kvinnan
747 740 80 18 annars,
849 734 81 19 stående
952 733 27 24 på

221 763 64 24 sedlig
301 763 37 19 och
353 763 81 24 religiös
450 763 70 24 grund,
536 762 102 25 uppfattar
653 763 30 19 sin
700 762 94 24 ställning
809 764 46 18 rätt.
885 762 46 19 Men
947 767 31 14 sa-

219 791 40 19 ken
275 792 38 19 bör
328 792 95 23 derjemte
439 792 103 19 betraktas
558 791 43 19 från
618 797 24 14 en
658 792 121 19 allmännare
795 790 106 25 synpunkt.
917 790 61 20 Kvin-

219 825 50 15 nans
285 822 58 18 natur
358 822 23 18 är
396 820 147 24 otvifvelaktigt
561 821 3 17 i
580 820 70 24 många
664 820 128 20 hänseenden
815 819 104 20 afvikande
934 818 44 20 från

218 854 103 18 mannens,
337 854 51 18 men,
403 849 52 19 hvad
478 849 23 19 de
526 848 80 24 andliga
627 848 196 25 förmögenheternas
845 848 133 23 utvecklings-

218 876 90 25 förmåga
324 877 101 24 beträffar,
440 877 63 19 fiones
517 877 73 19 mellan
606 883 45 14 man
666 877 38 20 och
719 877 75 19 kvinna
811 877 58 24 ingen
893 876 85 24 egentlig

220 905 88 21 skilnad,
339 905 66 20 Också
419 906 88 19 kvinnan
522 906 38 19 bör
574 906 32 19 för
622 906 38 19 den
675 906 54 19 skull
745 905 77 20 erhålla
839 905 95 25 rättighet
949 906 30 18 att

219 934 48 19 odla
282 934 38 20 och
337 934 92 20 utveckla
445 934 43 20 sina
503 934 217 25 själsförmögenheter,
736 934 6 19 i
759 934 38 20 den
812 934 44 20 mån
878 934 40 19 hon
933 934 44 19 der-

219 962 31 19 till
266 963 37 19 har
318 963 41 19 lust
373 963 38 20 och
426 963 101 20 fallenhet.
556 963 62 20 Detta
634 966 23 17 är
671 963 98 20 kvinnans
785 963 138 24 oförytterliga
937 964 40 17 rät-

218 991 70 24 tighet,
304 991 59 20 hvars
378 992 137 24 medgifvande
530 992 46 19 icke
592 992 86 19 allenast
693 995 22 16 är
731 992 114 19 samhällets
860 991 57 25 pligt,
930 993 47 17 utan

218 1019 63 20 också
296 1022 59 22 utgör
369 1021 46 19 dess
431 1021 88 24 verkliga
535 1021 72 23 fördel,
622 1021 7 18 i
645 1021 108 24 synnerhet
763 1021 6 18 i
781 1022 29 17 ett
823 1020 53 25 land,
893 1020 35 19 der
939 1020 38 19 den

218 1048 100 20 allmänna
333 1049 124 24 sedligheten
473 1052 22 17 är
510 1049 22 20 så
549 1049 89 20 orubbad
654 1055 41 14 som
710 1049 37 20 hos
763 1054 40 15 oss.

291 1077 9 18 I
316 1078 46 19 stöd
376 1078 59 19 häraf
448 1078 60 24 vågar
521 1079 35 23 jag
570 1078 88 23 anhålla,
673 1080 29 17 att
725 1078 34 19 det
781 1077 124 20 hedervärda
920 1076 57 21 Stän-

217 1105 35 20 det
267 1106 46 19 ville
329 1107 122 19 understöda
467 1108 28 18 ett
509 1106 173 25 petitionsförslag
697 1107 74 23 derom,

425 1176 33 18 att
472 1173 112 22 Finlands
595 1173 94 22 kvinnor
699 1173 145 28 berättigades
855 1175 54 19 utan
918 1173 58 21 skild

356 1201 107 22 anhållan
482 1203 30 26 få
535 1203 89 27 aflägga
646 1203 177 20 studentexamen
845 1204 57 19 samt
923 1202 53 21 idka

355 1231 85 20 studier
454 1231 37 20 vid
506 1231 86 21 landets
611 1231 134 22 Universitet.

286 1299 132 24 Helsingfors,
435 1300 37 19 den
488 1299 13 20 4
516 1300 98 20 Februari
630 1300 61 20 1888.

733 1369 56 21 Edv.
803 1370 102 20 Avellan.

287 1497 102 18 Allmänna
401 1499 177 17 Besvärsutskottets
591 1498 116 18 betänkande
719 1500 36 16 N:o
768 1498 30 18 12.
