1048 1731
346 124 228 23 Petitionsbetänkande
590 125 36 21 N:o
642 125 20 21 2.

386 365 275 28 Jernvägsutskottets
671 365 96 28 förslag
779 366 39 21 till
829 371 62 16 sam.

335 400 186 27 manjemkning
538 400 22 22 af
576 400 116 27 Höglofliga
707 400 104 22 Ståndens
827 400 64 22 delvis

337 435 118 27 skiljaktiga
473 435 69 22 beslut
562 435 32 21 vid
611 435 148 27 behandlingen
775 435 22 22 af
812 435 79 22 utskot-

337 469 41 22 tets
393 469 130 22 betänkande
540 469 33 22 N:o
589 469 13 22 3
614 469 6 22 i
631 469 110 27 anledning
752 469 21 22 af
783 469 107 22 särskilda

335 504 110 28 petitioner
460 504 108 28 angående
586 505 210 27 kanalanläggningar
805 504 37 22 och
854 504 30 22 åt-

336 539 73 27 gärder
424 540 32 21 för
471 540 113 26 sjöfartens
600 539 149 28 befrämjande.

198 682 41 22 Vid
255 682 158 28 behandlingen
427 682 24 22 af
459 682 148 23 betänkandet
617 682 65 22 hafva
693 682 97 22 Stånden
801 684 88 20 stannat

129 717 7 21 i
152 717 93 27 följande
259 716 82 22 beslut:

227 751 136 22 Beträffande
379 752 146 26 petitionerna
540 752 55 21 N:ris
612 752 55 21 1—5
682 752 40 21 har

199 786 157 27 Ridderskapet
379 786 41 22 och
439 786 69 22 Adeln
527 786 7 21 i
552 786 64 28 öfrigt
631 786 96 28 godkänt
742 786 116 22 utskottets
875 786 14 21 å

131 820 63 22 sidan
216 820 25 22 31
265 820 122 28 föreslagna
409 821 65 27 kläm,
497 823 62 19 utom
583 823 31 19 att
633 821 27 22 de
674 822 37 20 två
726 822 53 21 sista
795 820 94 22 raderna

131 855 68 21 skulle
215 854 81 22 erhålla
311 854 92 28 följande
419 854 132 22 förändrade
566 856 88 27 lydelse:
669 855 52 27 ,,och
737 854 104 29 slutligen
855 856 35 20 att

132 889 126 22 Ständerna
281 889 65 22 måtte
368 889 117 28 framdeles
504 890 86 21 beredas
610 890 87 27 tillfälle
717 891 34 21 att
765 889 33 28 på
811 888 76 29 grund

130 924 29 27 af
170 924 147 27 förenämnda
334 924 119 28 utredning
468 924 75 22 uttala
558 924 33 29 sig
605 924 9 22 i
629 924 110 29 frågan”;

198 959 161 22 Presteståndet
375 959 124 22 äfvenledes
515 960 97 27 godkänt
624 960 116 21 utskottets
753 959 59 21 kläm
822 961 61 19 utom

129 995 32 20 att
184 993 53 22 efter
259 993 62 22 ordet
340 994 99 26 ,lisvesi*
459 995 13 20 &
490 994 105 21 nästsista
613 995 67 21 raden
695 994 67 21 skulle
777 993 110 27 tilläggas:

128 1027 53 27 och
204 1029 33 20 att
253 1027 80 28 jemväl
351 1034 27 15 en
398 1027 122 29 utredning
540 1028 104 28 grundad
659 1028 32 27 på
710 1028 79 21 okulär
807 1027 80 22 under-

128 1062 93 28 sökning
243 1061 66 22 måtte
332 1062 83 21 lemnas
433 1062 129 23 Ständerna
580 1063 79 25 derom,
674 1062 112 22 huruvida
801 1061 44 22 icke
859 1061 26 22 de

128 1097 133 28 ifrågasatta
276 1095 266 29 kanaliseringsarbetena
557 1097 46 22 med
618 1097 69 28 fördel
704 1097 73 22 kunde
793 1097 94 21 ersättas

126 1138 74 21 genom
216 1137 27 16 en
254 1132 99 27 jernväg,
370 1139 49 18 som,
435 1132 108 28 utgående
558 1132 56 27 från
630 1132 128 28 Jyväskylä,
776 1131 109 28 antingen

129 1165 129 22 omedelbart
272 1166 51 21 eller
338 1166 47 21 med
401 1166 91 22 bibanor
507 1167 87 21 berörde
608 1167 83 22 Keitele
707 1167 38 21 och
759 1165 128 22 Konnevesi

128 1201 60 28 sjöar
207 1202 57 20 samt
281 1200 72 22 tillika
370 1201 99 28 utgjorde
488 1208 27 15 en
530 1200 279 29 sammanbindningsbana
824 1199 61 22 emel-

129 1235 39 22 lan
187 1235 75 22 Wasa-
277 1234 38 22 och
330 1234 248 30 Savolaks-jernvägar;
594 1237 56 21 samt
663 1235 102 28 slutligen
775 1236 35 21 utt
818 1234 69 28 nådig

125 1269 136 28 proposition
283 1269 9 22 i
314 1269 91 22 ärendet
425 1270 68 22 måtte
515 1271 10 21 i
547 1271 71 21 sinom
641 1271 31 21 tid
686 1269 128 22 Ständerna
829 1269 56 27 före-

129 1304 100 29 läggas";

197 1339 182 26 Borgareståndet
399 1340 85 27 antagit
503 1347 26 14 en
546 1340 136 28 likalydande
697 1339 58 22 kläm
772 1345 48 15 som
835 1339 52 20 när-

128 1375 58 19 mast
202 1372 63 22 ofvan
281 1372 99 28 anförda;

196 1440 73 24 Bihang
282 1440 29 18 till
322 1440 186 24 Jernvägsutskottets
520 1442 34 20 bet,
567 1442 36 18 N:o
615 1442 17 18 3.
