1048 1731
193 134 13 21 2
338 133 70 22 Ständ.
424 133 46 22 Mot.
486 145 28 3 —
530 133 129 22 Motionsbet.
675 133 34 22 N:o
724 133 32 21 10.

156 195 117 28 gerskapet
296 195 40 21 och
352 196 103 20 städerna
474 195 141 21 derförinnan
634 196 160 21 tillförsäkrade
815 197 44 18 rätt
876 197 39 23 att,

157 232 60 19 utom
233 232 75 22 annat,
329 229 80 22 föreslä
425 229 157 28 borgmästare,
599 230 57 27 välja
672 231 90 20 rädmän
779 229 40 22 och
835 232 80 25 antaga

158 264 85 21 mindre
261 263 112 28 betjening
393 263 69 22 skulle
483 264 95 21 derefter
597 264 97 21 orubbad
710 264 121 21 tillkomma
847 265 68 20 stads-

158 299 169 20 kommunernas
355 299 100 26 samtliga
479 299 34 20 vid
537 298 175 22 rädhusstämma
734 299 181 26 röstberättigade

158 333 145 21 medlemmar.
329 333 33 20 Af
380 334 54 21 1872
454 334 35 20 års
505 333 105 20 Ständers
626 333 150 26 underdäniga
792 331 122 23 svarsskrif-

159 367 59 22 velse
236 367 3 21 i
256 368 75 20 ämnet
346 367 97 27 framgär
458 368 40 24 väl,
519 371 33 17 att
569 368 48 20 med
633 369 26 19 de
675 368 24 20 af
713 368 123 21 Ständerna
851 367 7 20 i
873 367 41 20 för-

158 402 133 27 fattningens
312 404 45 19 text
376 402 91 25 tillagda
487 403 68 20 orden
572 402 49 25 ,,vid
637 402 190 21 rädhusstämma'*
843 401 72 26 afsågs

158 437 19 26 ej
202 436 84 21 mindre
309 443 26 14 en
359 436 97 26 sakenlig
481 437 101 20 närmare
606 436 137 27 bestämning
761 437 24 20 af
806 435 109 28 uttrycket

158 471 212 27 »röstberättigade",
395 472 27 19 än
446 471 62 21 äfven
530 473 34 18 att
582 471 78 21 bevara
679 471 128 22 sambandet
823 471 91 20 emellan

159 505 76 28 sjelfva
255 505 158 27 författningen
433 505 41 21 och
494 506 42 20 den
553 505 110 27 samtidigt
678 505 138 22 behandlade
832 505 83 21 förord-

158 540 80 27 ningen
255 547 34 13 om
305 540 260 26 kommunalförvaltning
586 540 7 20 i
610 542 55 19 stad.
696 540 50 21 Men
762 540 107 21 huruvida
884 539 30 21 af-

158 574 70 27 sigten
248 581 45 18 var,
315 577 33 18 att
369 576 49 19 med
437 574 155 28 upphäfvande
612 574 80 28 jemväl
715 574 24 21 af
760 574 91 27 tidigare
867 580 46 20 spe-

158 608 198 27 cialförfattningar
376 608 135 22 beträffande
528 608 60 21 såväl
603 609 196 27 röstberäkningen
816 616 45 13 som
872 609 43 19 sät-

158 646 32 18 tet
206 643 40 21 och
261 642 120 28 ordningen
398 643 35 21 vid
449 643 55 21 slika
519 643 36 20 val
570 643 7 20 i
594 643 41 21 allo
651 643 97 21 likställa
764 644 48 20 dem
829 643 47 20 med
888 643 26 20 de

159 678 35 20 vid
210 678 175 20 rädhusstämma
396 678 153 26 försiggäende
561 680 49 18 rent
621 678 140 20 kommunala
773 677 68 24 valen,
853 678 62 20 torde

159 712 53 21 böra
234 712 83 20 lemnas
337 712 116 27 oafgjordt.
484 712 130 20 Emellertid
632 712 77 28 gjorde
725 712 32 26 sig
774 712 71 20 denna
861 718 55 20 upp-

158 746 96 26 fattning
276 746 101 27 gällande
401 748 58 19 ända
478 746 32 20 till
527 747 49 19 dess
592 746 70 21 Eders
678 746 121 28 Kejserliga
815 746 100 27 Majestät

159 780 31 21 uti
206 780 50 21 bref
269 780 25 21 af
307 782 41 20 den
364 782 11 20 7
389 780 61 27 April
469 782 55 20 1879
544 780 134 21 beträffande
695 781 82 20 sädana
794 780 33 21 val
842 780 7 20 i
865 779 51 21 Hel-

159 814 93 27 singfors
268 816 49 20 stad
331 815 112 21 faststälde
454 814 169 27 bestämningar,
639 822 52 18 som,
709 814 104 22 ehuruväl
828 815 7 20 i
851 814 65 26 öfrigt

159 849 234 21 Öfverensstämmande
408 850 47 20 med
467 848 165 22 föreskrifterna
647 849 7 20 i
666 848 250 22 kommunalförfattnin-

157 890 48 20 gen,
225 883 55 21 dock
295 883 7 21 i
319 884 102 20 afseende
437 884 12 20 å
464 884 25 20 de
503 883 114 27 väljandes
638 883 89 21 röstetal
746 883 118 21 hänvisade
883 882 33 21 till

158 918 77 27 Kongl.
252 918 155 27 förordningen
423 918 24 20 af
461 918 40 20 den
519 918 27 20 12
563 917 96 21 Oktober
679 918 62 22 1743.
772 917 41 21 Vid
829 918 86 20 inneva-

158 953 69 20 rande
235 952 107 27 landtdag
351 953 64 20 hafva
424 953 124 26 visserligen
558 952 121 21 Ständerna
687 952 99 27 godkänt
794 952 67 21 Eders
870 952 46 27 Kej-

159 987 79 27 serliga
249 987 114 27 Majestäts
375 987 80 27 nädiga
465 987 135 27 proposition
613 994 33 13 om
658 987 157 27 upphäfvande
825 987 24 20 af
858 993 58 21 nyss-

159 1022 97 21 nämnda
276 1021 77 27 Kongl.
372 1021 128 27 förordning
516 1021 90 26 derhän,
630 1024 32 18 att
678 1023 26 19 de
721 1021 111 28 väljandes
847 1022 71 20 röster

160 1056 62 21 skola
243 1055 110 22 beräknas
372 1056 67 27 enligt
459 1063 84 14 samma
561 1057 102 25 grunder,
687 1063 47 13 som
751 1056 34 20 vid
802 1055 115 21 utöfvande

159 1091 25 20 af
205 1090 43 21 val-
272 1090 40 21 och
335 1091 91 20 rösträit
446 1091 13 20 &
478 1090 80 21 allmän
579 1090 174 21 rädhusstämma
769 1091 25 19 är
809 1089 107 28 gällande.

159 1125 49 20 Men
229 1125 24 20 af
271 1125 160 20 Prokuratorns
451 1125 8 20 i
479 1124 121 27 Kejserliga
619 1125 95 20 Senaten
735 1124 32 20 till
783 1131 30 13 nu
828 1124 88 21 försam-

159 1159 49 21 lade
224 1159 95 21 Ständer
335 1159 83 27 afgifna
434 1159 117 21 berättelse
568 1165 33 14 om
616 1158 168 27 lagskipningen
796 1158 40 21 och
847 1159 69 26 lagar-

160 1200 38 14 nes
218 1193 169 21 handhafvande
406 1193 7 20 i
432 1193 63 26 öfrigt
511 1193 103 26 framgär,
638 1195 32 18 att
686 1193 122 26 Kejserliga
824 1192 93 21 Senaten

160 1228 7 20 i
183 1230 32 18 ett
233 1228 102 21 särskildt
356 1227 38 21 fall
409 1234 77 20 genom
502 1227 72 26 utslag
590 1228 23 19 af
626 1227 41 21 den
683 1228 28 20 22
728 1227 61 26 April
807 1227 53 21 1885
875 1226 41 21 för-

160 1262 78 25 klarat,
255 1264 32 19 att
303 1262 36 21 vid
355 1269 26 14 en
396 1261 170 26 valförrättning
581 1261 6 20 i
603 1261 102 21 afseende
718 1262 13 20 ä
741 1261 176 21 äterbesättande

159 1297 25 20 af
198 1296 244 27 borgmästaretjensten
458 1296 6 20 i
481 1303 26 14 en
523 1295 49 21 stad
589 1296 88 27 oriktigt
689 1296 98 21 förfarits
797 1296 7 20 i
815 1296 24 20 sä
849 1296 68 20 mätto

159 1333 33 18 att
208 1331 151 26 Magistraten,
375 1330 67 21 bland
458 1333 68 18 annat
541 1331 58 20 tvärt
613 1333 57 18 emot
681 1331 133 26 stadgandet
824 1330 7 20 i
842 1329 75 27 Kongl.

159 1365 155 27 förordningen
334 1365 25 21 af
376 1366 41 20 den
439 1366 25 21 19
483 1365 96 21 Januari
596 1366 62 24 1758,
681 1365 76 21 tillätit
773 1365 144 21 fränvarande

160 1400 117 21 stadsboar
297 1402 32 19 att
349 1400 61 21 rösta
428 1406 77 21 genom
522 1399 87 27 ombud,
631 1400 8 21 i
654 1401 110 19 anseende
780 1398 86 22 hvartili
881 1398 37 22 Se-

158 1436 66 19 naten
246 1434 19 28 ej
288 1434 94 22 allenast
402 1434 103 27 pröfvade
523 1434 86 22 rättvist
624 1434 114 28 upphäfva
753 1434 57 21 valet
826 1434 40 21 och
882 1435 36 20 det
