1048 1731
279 137 208 24 Petitionsbetänkande
504 138 34 22 N:o
556 137 18 23 7.
789 139 12 20 9

70 201 30 21 Af
122 200 46 22 dem
188 201 60 21 torde
263 200 102 27 farhågan
381 199 32 22 för
427 200 54 21 brist
497 201 27 26 på
541 200 76 27 nödiga
633 200 150 23 lärarekrafter
797 201 33 21 för

70 241 42 20 nya
134 235 77 26 skolor,
234 234 81 21 hvilkas
337 234 122 21 inrättande
482 234 69 21 blefve
567 234 107 27 påbjudet,
691 235 46 22 icke
756 236 74 26 längre

70 269 62 21 hafva
155 269 68 26 någon
245 269 74 26 grund,
335 269 66 21 sedan
417 268 60 21 äfven
493 268 93 27 Kymölä
601 269 134 21 seminarium
751 270 79 27 begynt

71 303 107 22 dimittera
192 303 173 21 folkskolelärare
381 302 38 21 och
435 302 135 22 -lärarinnor.

139 338 42 21 Det
195 337 39 21 har
249 337 114 26 anmärkts,
379 339 32 18 att
427 337 41 20 den
478 336 120 27 föreslagna
608 336 143 27 förpligtelsen
764 337 65 26 ojämt

71 371 90 22 drabbar
186 371 78 21 mindre
288 371 38 21 och
349 373 68 19 större
437 371 133 21 kommuner.
600 371 45 20 Och
661 371 102 26 riktigare
779 377 50 15 vore

72 405 117 27 onekligen,
212 407 31 19 att
258 405 162 21 kommunernes
435 405 121 27 skyldighet
572 407 32 19 att
619 405 78 21 inrätta
712 405 117 21 folkskolor

69 439 68 22 blefve
153 439 95 22 bestämd
263 440 54 20 efter
333 439 60 22 deras
409 439 122 26 folkmängd
543 445 25 15 m.
586 446 19 14 a.
622 445 18 15 o.
663 439 55 21 efter
736 439 36 21 det
792 445 37 15 an-

69 474 30 20 tal
122 473 59 26 barn,
205 480 45 15 som
266 473 56 22 inom
339 474 24 21 de
379 473 105 22 särskilda
500 474 153 21 kommunerna
669 476 23 18 är
707 473 6 21 i
729 473 66 22 behof
807 473 22 21 af

69 507 258 27 folkskoleundervisning.
358 508 33 21 Då
406 514 28 15 nu
450 510 31 19 ett
496 507 66 22 första
578 510 46 24 steg
640 510 58 25 tages
714 511 57 19 emot
788 508 40 21 den

69 541 98 22 befrielse
190 542 211 22 landskommunerna
417 542 45 21 haft
476 542 47 22 från
540 542 146 28 skyldigheten
702 544 31 20 att
749 542 79 21 inrätta

70 576 112 27 folkskola,
197 576 39 22 har
246 577 105 21 utskottet
362 576 117 22 emellertid
490 576 6 21 i
508 576 68 21 likhet
586 576 48 21 med
649 576 140 27 petitionären
801 588 26 3 —

70 611 100 21 särskildt
193 611 48 21 med
257 611 79 27 hänsyn
352 610 32 22 till
400 611 25 21 de
441 611 77 26 inkast,
534 617 45 15 som
596 610 89 27 tidigare
700 611 66 27 gjorts
783 613 44 19 mot

70 645 36 21 det
120 645 142 27 föreliggande
277 645 106 27 förslaget,
399 657 28 3 —
443 647 70 19 ansett
523 648 33 18 att
572 645 68 21 denna
656 644 76 22 reform.
750 646 77 20 åtmin-

70 682 60 18 stone
145 680 31 20 till
192 686 24 15 en
229 680 80 26 början,
320 680 46 20 icke
377 679 66 21 borde
459 680 85 20 sträcka
560 680 31 26 sig
606 680 72 26 längre
689 682 26 18 än
726 680 33 20 till
770 680 57 20 stad-

68 714 68 26 gande
152 714 22 21 af
187 714 111 21 kommuns
313 714 119 27 skyldighet
448 716 32 19 att
495 714 79 20 inrätta
590 720 25 14 ex
632 714 63 26 högre
714 714 111 21 folkskola.

68 747 44 21 För
127 748 25 21 de
168 750 67 19 större
250 748 152 21 kommunerna
417 748 42 21 kan
475 754 25 15 en
513 748 65 21 sådan
590 748 118 27 skyldighet
719 748 45 21 icke
775 748 51 21 kän-

69 788 38 14 nas
129 782 138 27 betungande.
298 783 49 21 Man
371 782 38 21 har
424 782 124 28 ytterligare
563 782 93 23 invändt,
673 784 30 19 att
719 782 6 21 i
741 789 24 14 en
782 782 43 21 vid-

69 816 81 21 sträckt
164 816 99 21 kommun
279 817 75 21 endast
370 823 25 15 en
412 816 33 22 del
461 816 21 21 af
497 817 41 20 den
554 823 80 15 samma
650 816 83 22 komme
749 817 6 21 i
769 823 56 15 ome-

69 850 83 21 delbart
166 851 123 26 åtnjutande
300 851 22 21 af
331 851 130 21 folkskolans
471 850 100 27 fördelar,
583 851 89 21 oaktadt
683 851 142 21 kostnaderna

68 884 32 21 för
123 885 46 21 dess
192 885 118 21 inrättande
335 885 39 21 och
397 885 111 21 underhåll
528 885 85 21 komme
636 887 32 19 att
682 885 107 27 uppbäras
805 884 22 22 af

68 918 137 22 kommunens
220 920 96 26 samtliga
332 919 143 21 medlemmar.
507 920 97 26 Påpekas
620 920 40 24 må,
677 921 31 19 att
725 920 2 20 i
744 926 81 15 samma

68 954 48 20 mån
132 960 25 15 en
172 954 99 21 kommun
287 956 24 19 är
321 954 116 21 vidsträckt
453 954 38 21 och
508 954 83 24 folkrik,
608 954 3 20 i
623 960 80 15 samma
714 955 47 20 mån
773 954 51 21 min-

68 988 48 21 skas
132 988 38 21 ock
186 989 141 20 kostnaderna
343 988 32 21 för
391 989 24 20 de
431 988 101 21 enskilde.
565 989 37 20 Att
618 995 25 14 en
660 989 40 20 viss
717 988 107 27 ojämnhet

67 1021 74 22 härvid
166 1022 98 25 inträder,
281 1025 23 18 är
319 1025 31 18 ett
365 1022 44 21 lika
423 1022 111 27 ohjelpligt
549 1021 131 22 förhållande
696 1029 45 14 som
759 1024 63 23 «etta,

67 1057 31 20 att
122 1056 25 21 de
172 1059 91 18 närmast
286 1057 80 26 kyrkan
388 1057 82 20 boende
485 1056 63 21 hafva
564 1059 30 18 ett
610 1057 69 20 bättre
696 1057 80 20 tillfälle
792 1058 31 19 att

66 1089 80 22 besöka
161 1090 39 21 den
216 1097 79 14 samma
310 1093 26 18 än
353 1091 24 20 de
393 1091 74 26 längre
482 1091 50 20 bort
547 1091 6 20 i
569 1091 160 26 församlingens
744 1093 78 19 utmar-

66 1123 38 22 ker
119 1124 90 21 bosatta.
239 1125 38 20 Ett
292 1125 75 21 sådant
382 1125 132 21 förhållande
523 1125 66 21 borde
598 1125 74 21 endast
681 1125 71 21 kunna
761 1131 62 15 mana

66 1158 127 21 kommunen
216 1161 31 18 att
269 1159 71 21 skrida
364 1159 31 21 till
418 1159 122 21 inrättande
560 1159 22 21 af
595 1159 51 21 flere
661 1159 122 26 folkskolor,
799 1160 24 20 så

66 1192 58 27 långt
146 1192 99 22 behofvet
265 1193 34 21 det
314 1193 89 26 kräfver,
421 1200 48 14 men
485 1193 46 21 icke
547 1193 83 22 anföras
646 1195 69 20 såsom
731 1195 30 19 ett
776 1193 46 21 skäl

66 1228 32 19 att
112 1226 121 27 ytterligare
252 1227 92 27 fördröja
360 1227 131 22 inrättandet
506 1227 21 21 af
542 1227 105 22 folkskola
662 1229 27 25 på
705 1230 63 23 orter,
785 1227 37 21 der

66 1260 52 22 allas
141 1261 136 26 likställighet
299 1261 5 20 i
320 1261 87 22 berördt
423 1261 100 22 afseende
538 1261 76 22 hittills
630 1261 79 22 bestått
725 1261 49 26 deri,
791 1263 31 19 att

65 1295 62 26 ingen
143 1295 43 21 haft
201 1295 80 21 tillfälle
297 1298 31 19 att
344 1295 55 27 gifva
414 1296 46 21 sina
475 1296 52 21 barn
544 1296 205 27 folkskolebildning.

133 1329 61 21 Hvad
214 1330 24 21 de
254 1330 144 27 obetydligare
414 1331 154 20 kommunerna
584 1331 135 26 vidkommer,
736 1331 39 21 har
790 1333 31 18 ut-

64 1363 81 22 skottet
167 1364 60 20 tänkt
243 1364 31 26 sig
289 1364 135 26 möjligheten
441 1365 23 21 af
478 1371 25 15 en
521 1365 64 21 sådan
602 1365 122 27 anordning,
748 1367 32 19 att
796 1365 25 22 de

64 1398 49 20 med
128 1398 101 21 Senatens
245 1398 128 27 begifvande,
391 1400 23 20 så
430 1399 45 21 vidt
490 1399 74 26 lägligt
580 1401 29 24 är,
626 1399 54 27 finge
695 1400 73 20 förena
783 1400 37 26 sig,

64 1434 14 18 t.
91 1438 31 15 ex.
134 1432 34 21 två
185 1432 39 21 och
239 1433 41 25 två,
297 1439 34 15 om
346 1433 123 21 inrättande
485 1433 38 21 och
540 1433 111 22 underhäll
666 1433 22 22 af
701 1440 119 20 gemensam

63 1465 111 22 folkskola.
190 1466 58 21 Hvar
263 1467 118 26 fattigdom,
396 1473 138 21 ogynsamma
550 1468 208 21 naturförhållanden
769 1467 52 21 eller

132 1506 99 17 Allmänna
244 1507 175 17 Besvärsutskottets
431 1508 112 16 betänkande
555 1508 33 16 N:o
598 1507 16 17 5.
