1048 1731
238 97 14 21 4
447 97 211 23 Petitionsbetänkande
673 97 32 23 N:o
720 96 19 23 4.

278 161 42 21 Det
336 163 24 18 är
375 161 90 22 sålunda
488 160 153 27 obestridligen
664 167 25 15 en
711 161 62 26 högst
795 160 174 27 behjertansvärd

209 194 156 28 angelägenhet
379 195 151 27 petitionären,
547 195 48 22 med
610 195 81 28 hänsyn
707 197 94 20 närmast
811 195 32 21 till
851 195 118 27 Uleåborgs

208 229 43 26 län,
267 229 116 22 framhållit
398 229 7 22 i
421 229 38 22 sitt
473 229 80 28 förslag
575 236 35 15 om
632 229 121 22 inrättande
776 229 23 22 af
819 236 26 15 en
868 229 101 28 döfsturg-

210 263 61 22 skola
290 263 27 27 pä
339 263 88 28 lämplig
448 264 57 27 plats
527 264 57 22 inom
607 265 77 21 nämda
707 265 40 20 län.
785 263 124 22 Emellertid
931 264 38 21 har

207 297 108 22 utskottet
329 297 112 28 inhemtat,
467 300 32 19 att
514 298 74 27 frägan
604 305 35 15 om
655 305 25 15 en
700 298 123 27 fullständig
838 298 131 27 reorganisa-

207 332 52 27 tion,
283 338 55 21 resp.
363 333 125 26 utvidgning
510 332 24 22 af
554 332 102 23 Finlands
674 332 214 23 abnormskoleväsen
903 333 66 22 sedan

207 367 70 26 någon
294 367 31 21 tid
342 367 54 22 varit
411 367 68 22 under
494 367 130 27 behandling
639 367 56 22 inom
710 367 138 27 Regeringen.
879 367 43 22 För
937 369 32 19 att

209 401 64 22 vinna
289 401 40 22 och
345 401 81 22 utbilda
441 408 28 15 en
484 402 87 27 lämplig
586 408 77 21 person
685 402 32 21 till
741 403 32 20 att
795 401 112 28 planlägga
929 401 40 22 och

208 435 49 22 leda
273 436 41 21 den
332 435 7 22 i
362 435 60 28 fräga
444 437 94 21 varande
560 436 202 27 reorganisationen,
785 436 74 27 anslog
881 438 87 20 senaten

208 469 41 22 den
266 471 26 20 17
306 470 43 27 jan.
367 471 54 21 1885
437 472 32 20 ett
484 470 182 28 resestipendium,
682 472 55 21 stort
753 471 64 26 4,000
825 471 41 26 mk,
876 470 39 22 och
923 470 45 27 gafs

208 504 61 22 detta
284 505 41 21 den
341 505 27 21 26
385 505 43 21 okt.
444 512 16 14 s.
477 506 18 21 å.
513 506 23 21 åt
551 504 28 22 fil.
596 512 54 20 mag.
659 505 74 22 Valter
744 505 92 22 Forsius.
853 505 56 22 Herr
917 505 51 21 For-

206 539 44 21 sius
273 539 39 21 har
335 540 65 21 sedan
424 540 47 22 dess
494 540 98 22 studerat
614 540 191 22 abnormskolorna
827 540 45 21 dels
894 540 7 20 i
921 542 48 24 eget

207 573 58 27 land,
282 573 45 22 dels
342 574 7 21 i
365 574 92 27 Sverige,
474 574 78 27 Norge,
568 575 114 27 Danmark,
693 574 108 28 Tyskland
812 574 39 22 och
869 574 98 22 Schweiz.

208 603 64 26 Öfver
287 607 48 23 sina
349 608 89 27 studier,
454 615 46 15 som
516 610 79 21 varade
614 609 48 21 frän
681 609 85 27 januari
791 610 54 20 1886
868 608 32 22 till
923 615 45 20 sep-

208 642 83 22 tember
308 643 62 27 1887,
386 643 40 21 har
443 643 51 22 herr
517 644 87 21 Forsius
626 643 44 22 helt
686 650 55 21 nyss,
759 644 46 21 den.
825 644 12 20 3
853 643 59 27 febr.,
935 642 33 22 till

207 672 170 32 Öfverstyrelsen
392 677 33 22 för
439 678 151 22 skolväsendet
605 678 80 26 afgifvit
700 684 26 16 en
741 677 96 28 vidlyftig
860 677 39 22 och
921 677 47 22 sak-

206 711 33 21 rik
255 711 122 22 berättelse.
407 712 32 22 Pä
455 712 103 22 Senatens
581 713 95 27 uppdrag
691 712 112 22 utarbetar
817 712 50 21 herr
882 712 86 21 Forsius

206 745 33 22 för
262 746 132 22 närvarande
417 753 26 15 en
468 746 118 28 detaljerad
609 747 39 21 och
670 746 125 27 fullständig
817 746 50 28 plan
883 746 32 21 till
931 746 37 22 ab-

207 780 174 22 normskolornas
397 781 6 21 i
418 781 73 22 landet
507 781 182 27 omorganisering
705 781 40 21 och
762 780 134 22 dislokation.
927 781 41 21 Ge-

207 820 50 16 nom
272 815 145 27 Regeringens
432 816 76 27 ätgärd
524 816 61 22 torde
601 816 89 22 sälunda
705 816 58 21 inom
780 817 106 19 närmaste
906 814 61 23 fram-

206 848 31 22 tid
261 849 53 21 efter
337 856 110 20 noggrann
470 850 158 27 undersökning
651 850 21 22 af
692 850 173 22 förhällandenas
880 849 49 22 kraf
942 856 25 15 en

206 883 101 28 tidsenlig
330 884 164 28 omgestaltning
517 884 22 22 af
552 885 83 21 landets
651 884 214 22 abnormskoleväsen
883 884 85 22 komma

206 917 33 22 till
254 918 70 22 ständ.

275 953 38 22 Ett
335 953 96 28 yrkande
453 954 46 22 frän
519 954 131 22 Ständernas
672 955 45 22 sida
741 960 34 15 om
798 953 135 28 afhjelpande
948 953 22 21 af

206 993 27 16 en
252 987 78 28 partiel
344 988 55 21 brist
413 988 58 22 inom
487 989 36 21 det
538 995 81 16 samma
634 995 61 22 synes
718 989 107 21 utskottet
847 988 67 21 under
936 988 32 21 sä-

206 1021 53 22 dant
277 1021 133 23 förhällande
426 1029 51 16 vara
491 1023 50 27 föga
556 1025 32 20 att
602 1023 93 27 förorda,
711 1035 28 3 —
755 1023 56 22 helst
827 1024 31 20 ett
872 1022 96 21 ständer-

206 1055 111 22 utlätande
341 1057 110 26 angäende
473 1057 122 22 inrättande
618 1057 22 22 af
664 1057 156 22 döfstumskola
842 1057 13 21 &
877 1056 91 22 särskild

206 1092 34 19 ort
256 1090 107 22 måhända
377 1091 46 22 icke
439 1092 84 21 komme
538 1094 33 19 att
586 1092 189 21 öfverensstämma
797 1091 49 21 med
869 1091 40 21 den
931 1091 37 21 all-

205 1126 79 20 männa
298 1125 57 27 plan,
379 1132 45 15 som
447 1126 34 21 för
503 1126 132 22 närvarande
655 1128 24 19 är
694 1126 69 21 under
777 1125 147 27 utarbetande,
942 1137 24 3 —

206 1159 40 22 och
262 1159 33 22 fär
310 1159 106 23 utskottet
431 1160 70 22 derför
518 1161 108 22 vördsamt
641 1160 88 23 föreslä:

411 1261 32 18 att
466 1260 146 20 förevarande
624 1259 264 27 petitionsförslag
832 1255 57 35 icke
903 1259 65 19 mätte

343 1294 54 19 frän
413 1293 137 22 Ständernas
564 1295 47 20 sida
633 1295 37 19 till
692 1295 74 26 nägon
789 1293 82 27 ätgärd
892 1293 76 20 föran-

343 1328 56 21 leda.

273 1402 12 22 I
307 1402 72 28 slutlig
401 1402 131 28 behandling
555 1403 21 22 af
598 1404 59 21 detta
681 1402 81 23 ärende
782 1402 63 22 hafva
868 1402 99 26 deltagit:

207 1436 144 22 ordföranden
376 1437 25 21 A.
417 1438 98 27 Ramsay,
542 1438 143 22 ledamöterne
707 1437 110 26 Järvinen,
842 1436 125 27 Blomstedt,

275 1476 104 18 Allmänna
393 1477 179 19 Besvärsutskottets
585 1477 116 18 betänkande
715 1477 40 17 N:o
769 1477 16 17 3.
