1048 1731
265 128 273 24 Petitionsbetänkande
554 129 38 22 N:o
608 129 34 22 33.
667 147 3 6 .
785 130 28 21 43

445 439 38 22 IV.

158 503 147 21 Inrättandet
327 503 26 21 af
374 510 29 14 en
425 503 144 29 fullständig
586 502 112 22 'reallinie
714 502 40 22 vid
770 503 71 21 Wasa

94 537 195 29 svenskspräkiga
311 537 115 22 klassiska
449 538 93 28 lyceum
565 537 101 29 päyrkas
681 537 30 28 pä
726 536 77 30 grund
819 536 25 21 af

88 571 31 22 bl.
136 580 18 13 a.
170 574 84 18 tvenne
270 571 103 28 följande
390 572 105 22 orsaker:

158 608 40 20 1:o.
229 607 49 21 Har
296 606 91 21 inträde
406 606 37 22 till
461 606 118 22 klassiska
594 606 78 28 lyceet
687 606 64 21 sökts
767 606 27 21 af
807 607 35 19 ett

92 642 73 20 större
180 640 64 22 antal
259 641 77 21 elever
351 644 30 18 än
395 648 55 14 man
465 641 93 21 kunnat
573 642 128 26 emottaga;

156 676 40 22 2:0.
227 676 50 22 Har
292 676 111 21 behofvet
419 676 22 20 af
442 675 230 28 realundervisning
680 674 83 22 blifvit
770 675 72 21 känn-

92 709 54 22 bart
159 710 30 28 pä
204 712 71 19 orten.

157 744 154 28 Riktigheten
327 745 26 21 af
367 744 68 22 dessa
450 744 104 29 grunder
570 745 42 21 har
627 751 53 15 man
696 744 53 21 sökt
760 743 82 28 styrka

93 778 53 22 med
161 778 80 28 siffror,
258 786 52 14 men
326 779 94 22 dermed
435 779 43 22 har
493 786 55 14 man
564 779 60 21 dock
639 779 51 21 icke
702 779 91 21 kunnat
804 778 37 21 be-

90 812 51 22 visa
156 813 46 27 det,
217 820 49 15 som
281 814 89 28 föreläg
385 814 38 21 till
438 814 134 28 bevisning.
602 814 109 21 Tvärtom
726 813 64 21 leder
805 812 37 22 de-

93 854 37 14 ras
152 847 127 22 bevisande
301 849 64 21 kraft
384 848 9 21 i
407 856 30 14 en
453 848 49 22 helt
518 856 78 14 annan
611 848 113 28 riktning.
753 848 12 20 I
781 847 61 21 klas-

94 881 64 22 siska
178 882 77 28 lyceet
277 882 42 22 har
341 883 74 21 under
435 884 55 20 åren
507 884 142 21 1877.—1887
666 882 83 22 endast
769 882 74 21 under

94 918 34 19 tre
152 916 25 21 är
198 917 61 21 varit
282 919 35 19 ett
338 917 57 21 fullt
416 918 65 21 antal
504 917 78 21 elever
602 918 30 28 pä
652 917 74 21 första
741 916 100 22 klassen.

92 950 48 22 Det
154 951 159 28 förebärande,
330 955 35 18 att
379 952 211 22 inträdessökande
599 952 74 21 skulle
684 952 92 21 funnits
787 951 55 21 flere

91 988 30 18 än
144 992 54 15 man
217 986 90 21 kunnat
327 988 124 27 emottaga,
473 987 75 21 mäste
571 987 98 21 sälunda
684 986 95 22 förfalla
794 993 49 14 som

91 1020 148 28 temmeligen
253 1021 137 28 ogrundadt.
415 1021 46 22 Till
476 1021 108 28 exempel
599 1022 25 21 är
636 1021 139 22 1884—1885
786 1027 56 14 voro

97 1053 28 22 de
147 1055 204 22 inträdessökande
371 1057 27 20 48
421 1056 39 21 till
475 1056 97 27 antalet,
588 1063 54 14 men
658 1056 29 21 dä
702 1055 142 22 elevantalet

91 1088 31 28 pä
141 1089 73 22 första
230 1089 94 22 klassen
343 1097 87 15 samma
448 1091 26 21 år
494 1091 110 28 utgjorde
620 1090 82 21 endast
717 1091 34 25 33,
767 1090 26 21 sä
808 1097 35 13 ser

93 1129 54 15 man
162 1123 66 22 deraf
240 1124 113 29 tydligen,
369 1127 35 19 att
419 1125 100 21 orsaken
535 1125 38 21 till
588 1125 147 28 uteslutning
750 1124 51 21 icke
819 1127 24 18 är

92 1159 35 19 att
149 1158 57 21 söka
227 1159 8 21 i
250 1159 59 21 brist
329 1160 30 27 pä
374 1162 122 26 utrymme,
513 1162 58 19 utan
587 1159 100 28 troligen
702 1159 8 21 i
726 1159 28 21 de
769 1159 74 20 inträ-

96 1191 154 24 dessökandes
265 1194 119 21 bristande
399 1194 106 28 insigter.

158 1227 69 22 Hvad
250 1229 48 20 äter
321 1229 44 21 den
386 1236 82 14 senare
486 1229 26 21 af
526 1229 29 21 de
572 1229 72 21 ofvan
660 1227 100 22 nämnda
775 1234 70 21 grun-

95 1261 71 22 derna
188 1263 110 21 beträffar
320 1264 25 21 sä
360 1263 62 21 inser
440 1271 55 14 man
510 1263 51 26 lätt,
578 1265 34 19 att
628 1263 27 21 de
670 1270 27 14 ur
711 1261 134 22 realskolan

94 1296 106 21 hemtade
220 1297 107 22 siffrorna
351 1297 130 29 ingalunda
505 1301 39 18 äro
564 1297 88 29 egnade
668 1299 33 19 att
717 1297 62 28 tjena
795 1303 49 14 som

91 1331 67 21 bevis
181 1331 36 22 för
238 1332 113 21 behofvet
372 1332 26 21 af
411 1332 224 28 realundervisning
650 1333 29 27 pä
695 1333 72 20 orten.
799 1331 46 21 Det

91 1367 87 27 ytterst
199 1366 67 29 ringa
289 1367 88 21 antalet
401 1367 25 21 af
443 1368 26 20 de
488 1367 8 21 i
513 1367 83 21 skolan
612 1367 95 28 intagne
723 1366 44 22 och
782 1369 63 18 ännu

94 1408 63 14 mera
176 1402 27 20 af
223 1402 28 21 de
267 1402 104 21 derifrän
390 1402 150 21 dimitterade
555 1402 109 21 eleverna
678 1402 67 27 inger
759 1400 86 22 iaktta-

160 1442 99 20 Allmänna
271 1442 174 19 Besvärsutskottets
452 1443 110 18 betänkande
574 1443 36 18 N:o
623 1444 31 16 27.
