1048 1731
251 125 26 21 60
467 126 210 24 Petitionsbetänkande
693 124 35 25 N:o
744 126 12 23 1.

221 183 30 23 sig
273 182 58 19 äfven
355 184 25 23 pä
403 184 75 19 sädana
501 185 30 18 till
547 185 74 18 manta!
637 185 42 18 smä
692 184 171 24 jordlägenheter,
879 190 42 14 som
937 185 24 18 de
977 184 6 19 i

222 211 71 19 Vestra
315 211 79 24 Nyland
417 213 108 24 befintliga.
555 213 46 19 Men
620 219 26 13 nu
662 213 31 19 för
709 213 61 25 tiden,
786 213 26 18 dä
825 213 106 24 jernvägar
947 216 36 17 äro

221 241 75 22 dragna
319 241 29 18 till
372 241 23 19 de
418 242 50 25 inre,
490 242 110 23 aflägsnare
616 242 82 19 delarne
714 241 25 19 af.
749 241 75 26 landet,
841 242 35 19 der
891 242 92 24 lägenhe-

220 271 57 16 terna
292 274 36 18 per
344 270 73 19 mantal
433 271 66 24 uppgå
515 270 30 19 till
560 271 97 18 tusentals
673 271 98 18 tunnland
787 269 38 20 och
841 271 37 19 der
893 271 25 19 all
931 271 52 23 slags

220 297 68 24 odling
303 298 158 25 mångdubblats,
480 299 59 19 hafva
554 299 44 19 med
614 299 109 19 detsamma
739 299 92 24 priserna
846 299 6 18 i
868 299 114 19 hufvudsta-

220 326 37 19 den
281 326 102 20 oafbrutet
405 328 81 25 sjunkit,
510 328 22 19 så
548 331 29 16 att
593 328 37 19 den
647 333 42 14 som
705 328 36 19 har
757 330 29 16 att
801 328 44 18 med
861 328 44 19 häst
921 328 62 19 forsla

220 354 43 19 sina
279 361 59 13 varor
353 356 26 23 på
394 356 19 22 5,
427 357 22 23 ja
465 355 27 20 10
508 357 43 18 mils
567 357 83 23 distans,
666 357 44 19 icke
726 356 98 23 förtjenar
840 356 31 19 för
886 357 35 18 sitt
935 357 46 24 lass,

220 389 31 13 om
275 384 33 18 det
331 385 110 19 innehåller
463 385 91 23 billigare
574 385 229 26 jordbruksprodukter,
826 387 52 17 stort
901 391 40 13 mer
957 387 25 17 än

219 413 221 23 transportkostnaden.
457 414 28 19 Af
499 414 65 19 denna
580 414 60 19 orsak
656 414 58 19 torde
730 413 58 19 äfven
804 413 7 19 i
823 413 24 20 de
858 413 57 20 flesta
927 413 54 20 kom-

220 446 69 13 muner
311 442 6 18 i
341 442 37 19 den
401 443 100 23 domsaga,
516 443 80 18 hvartill
611 443 34 23 jag
661 443 42 22 hör,
720 442 34 19 det
770 442 147 23 önskningsmål
933 448 48 19 upp-

220 469 55 23 stått,
300 473 29 16 att
352 476 23 13 en
399 471 73 19 bibana
495 471 43 19 från
562 471 60 24 något
644 471 90 24 lämpligt
757 471 58 18 ställe
830 471 6 18 i
852 471 95 19 närheten
963 470 22 20 af

220 497 103 21 Nummela
346 499 72 20 station
441 500 26 24 pä
491 500 69 24 Hangö
573 511 8 1 -
591 500 90 24 Hyvinge
700 500 66 19 banan
783 499 64 20 skulle
862 500 71 23 dragas
949 505 33 19 ge-

220 532 45 14 nom
283 528 102 23 Kyrkslätt
401 529 36 19 och
455 529 53 19 Esbo
524 529 86 19 socknar
626 529 67 19 direkt
708 528 30 19 till
755 528 130 24 Helsingfors.
913 529 70 19 Denna

220 555 51 19 bana
295 556 64 19 blefve
382 557 89 24 omkring
487 557 27 19 40
530 560 54 16 verst
599 558 51 23 läng,
668 558 63 18 skulle
748 557 47 24 löpa
811 562 69 18 genom
895 557 88 19 folkrika

220 584 77 19 trakter
321 585 36 19 och
380 586 124 24 naturligtvis
528 586 75 19 erhålla
625 592 54 13 mera
698 586 60 19 trafik
774 588 24 16 än
815 586 37 18 den
869 586 113 19 nuvarande

220 612 64 20 banan
301 619 69 17 genom
387 614 96 26 Hyvinge,
500 615 78 18 hvilken
595 615 37 19 blir
649 615 55 19 öfver
721 614 41 19 100
779 616 54 17 verst
849 614 50 23 lång.

290 642 27 19 På
341 643 63 23 grund
428 644 21 18 af
471 644 50 18 hvad
543 644 33 22 jag
595 644 36 18 här
648 644 58 18 ofvan
723 643 106 23 framstält,
845 642 90 20 anhåller
949 643 33 23 jag

220 675 30 14 om
268 670 158 20 Bondeständets
443 672 89 23 benägna
547 672 109 19 understöd
672 673 31 18 för
720 678 23 12 en
761 672 83 24 petition
861 672 74 20 derom,

425 735 33 18 att
480 734 48 19 med
550 734 127 20 statsmedel
699 734 75 20 skulle
790 733 138 20 verkställas
942 740 39 13 un-

357 762 137 26 dersökning
515 762 38 20 för
575 769 26 13 en
624 763 77 19 bibana
724 762 54 20 från
796 762 67 26 något
877 762 104 26 lämpligt

357 791 66 19 ställe
438 791 9 19 i
461 791 107 19 närheten
584 792 28 18 af
622 792 118 19 Nummela
756 791 81 19 station
852 791 13 19 å
876 791 105 25 Hyvinge

360 830 19 4 —
385 819 79 27 Hangö
477 820 70 19 banan
563 820 75 20 direkt
652 820 38 20 till
705 819 150 26 Helsingfors.

290 882 121 24 Helsingfors
429 883 36 19 den
483 883 11 19 3
511 883 96 20 Februari
626 882 59 21 1888.

753 949 66 22 Kaarle
835 950 75 27 Ojanen.

579 1085 37 18 24.

287 1143 56 22 Frän
359 1144 182 27 Borgareständet
557 1151 25 14 en
598 1145 97 26 petition,
712 1145 94 26 ingifven
817 1143 22 22 af
849 1144 31 21 Hr
890 1144 23 21 F.
923 1145 57 20 Neo-

217 1177 46 21 vius
288 1178 80 25 derom,
387 1181 33 18 att
436 1184 25 15 en
477 1178 78 21 bibana
570 1179 78 20 mellan
664 1178 169 22 Fredrikshamn
849 1178 38 21 och
902 1178 77 21 Tavas-

217 1212 38 21 tila
272 1213 80 20 station
373 1212 12 21 &
401 1213 40 20 den
457 1213 106 21 blifvande
579 1213 73 21 Kotka
667 1213 73 21 banan
755 1212 74 26 mätte,
845 1213 48 20 med
909 1213 70 21 dertill

216 1245 23 22 af
262 1246 121 22 Ständerna
408 1247 100 21 anvisade
531 1247 69 22 medel
624 1247 39 21 och
683 1247 24 21 af
721 1247 77 21 staden
813 1247 166 21 Fredrikshamn

216 1281 102 26 erbjudet
341 1281 82 26 bidrag,
439 1281 83 21 utföras
538 1282 110 27 samtidigt
663 1281 50 22 med
726 1281 117 27 jernvägen
859 1281 46 21 frän
921 1281 58 21 Kou-

218 1315 49 20 vola
283 1315 32 20 till
331 1315 79 26 Kotka,
426 1315 85 21 hvilken
528 1316 89 26 petition
628 1318 24 19 är
663 1316 6 21 i
681 1315 156 28 originalskrift
847 1315 24 22 sä
881 1315 97 27 lydande:

369 1379 48 19 Till
435 1380 142 23 Vällofiiga
593 1379 230 24 Borgarestäudet,

285 1430 65 19 Sedan
374 1430 86 19 beslutet
476 1434 28 15 att
520 1430 74 20 föreslå
610 1437 25 12 nu
652 1430 121 20 församlade
791 1430 84 19 Ständer
891 1430 88 20 utföran-

216 1458 32 19 det
265 1458 21 19 af
301 1465 22 12 en
338 1460 83 22 jernväg
437 1459 42 19 från
496 1459 91 19 Kouvola
602 1460 73 18 station
692 1460 13 18 &
721 1459 30 19 S:t
767 1459 211 23 Petersburg
896 1454 12 33 —
913 1459 65 23 Riihi-

283 1497 192 23 Jernvägsutskottets
488 1497 116 18 betänkande
617 1500 37 16 N:o
666 1498 17 18 2.
