1048 1731
275 113 210 25 Petitionsbetänkande
500 114 34 23 N:o
550 114 34 24 60.
767 115 12 19 3

122 179 81 21 Genom
219 178 36 21 det
270 177 7 21 i
293 177 152 21 ofvanstäende
460 176 212 27 petitionsmemorial
690 176 121 27 åberopade

53 212 176 22 cirkulärbrefvet
243 211 24 21 af
281 211 40 21 den
337 212 28 21 26
380 211 51 21 Juni
447 211 54 20 1885
518 211 63 22 hafva
602 211 75 20 inalles
698 210 113 28 2,000,000

54 247 60 22 mark
129 247 23 21 af
166 247 107 20 allmänna
291 245 144 22 statsfondens
450 245 69 21 medel
535 245 102 27 anslagits
653 245 43 25 ,till
712 245 99 22 bildande

54 282 57 21 inom
130 281 218 22 landskommunerna
362 279 23 21 af
400 279 164 28 odlingsfonder,
580 279 47 22 frän
637 279 72 22 hvilka
717 280 96 21 enskilda

52 316 148 27 jordbrukare!
215 315 70 21 kunde
309 314 82 21 erhälla
413 314 82 21 mindre
517 314 36 22 län
576 314 32 21 till
630 313 139 28 företagande
791 313 24 21 af

54 350 127 27 nyodlingar
196 349 39 22 och
250 349 68 21 andra
333 348 155 27 förbättringar
502 349 7 20 i
521 348 146 27 jordbruket".
696 348 40 21 Om
752 349 62 20 dessa

54 385 36 21 län
113 385 74 26 gäller,
206 385 35 20 att
264 383 164 22 landskommun
447 383 43 20 kan
505 383 54 22 efter
577 383 94 21 ansökan
686 383 39 21 hos
740 383 74 21 veder-

55 419 95 21 börande
165 418 118 24 Guvernör,
299 418 7 21 i
321 417 49 22 män
385 417 24 21 af
429 417 34 21 för
485 417 123 22 ändamålet
630 417 119 26 disponibla
771 417 42 21 till-

55 453 87 28 gångar,
165 452 81 22 erhålla
268 453 32 20 ett
322 451 143 22 läneförskott
487 451 23 22 af
531 452 56 21 ända
605 451 32 21 till
654 451 75 27 15,000
745 451 68 22 mark,

56 487 40 23 och
118 488 7 21 i
147 486 158 28 undantagsfall
328 486 33 21 till
384 486 40 21 och
446 486 49 21 med
512 486 67 27 högre
595 485 82 27 belopp,
693 486 28 27 pä
736 486 27 21 20
779 485 34 22 ärs

55 522 32 21 tid
102 524 58 20 emot
174 522 140 21 kommunens
329 526 157 21 gemensamma
501 520 142 26 ansvarighet,
658 520 34 21 för
707 522 33 20 att
753 520 62 22 deraf

57 556 33 22 till
106 556 98 22 enskilda
217 555 142 28 jordbrukare
375 555 81 27 utgifva
471 554 34 22 län
521 555 33 21 till
569 554 77 27 belopp
662 554 23 22 af
694 555 63 27 högst
765 555 48 25 800,

57 590 40 22 och
112 591 7 21 i
134 590 158 27 undantagsfall
313 590 62 26 1,000
397 589 68 27 mark,
487 591 33 20 att
543 589 94 27 ätnjutas
652 589 7 21 i
674 589 63 27 högst
753 590 11 20 7
781 589 35 21 års

57 624 32 22 tid
104 625 56 21 samt
183 626 57 20 emot
255 624 30 26 3,e
300 623 28 28 %/,
351 625 69 20 ränta.
451 623 75 22 Såsom
548 624 239 26 Finansexpeditionens
809 623 8 21 i

57 658 121 28 Kejserliga
194 658 92 22 Senaten
301 658 69 21 första
385 658 118 26 afdelnings
518 658 116 21 berättelse
649 657 34 21 för
698 658 51 21 ären
761 658 55 20 1884

59 693 83 21 —1887
159 692 48 27 (sid.
223 692 36 28 28)
274 691 68 29 gifver
357 692 35 21 vid
415 692 85 22 handen
522 692 64 21 hafva
608 692 55 22 intill
685 692 132 21 sistnämnda

60 728 35 22 års
109 727 81 27 utgång
206 727 72 27 dylika
293 726 36 22 län
345 726 98 27 beviljats
458 726 75 22 inalles
549 727 42 21 300
605 726 125 22 kommuner
745 726 33 22 till
786 727 32 20 ett

59 761 157 27 sammanlagdt
230 761 77 27 belopp
323 760 24 21 af
361 761 114 26 1,946,400
489 761 68 21 mark.
588 760 110 22 Utskottet
715 761 40 21 har
770 760 47 22 icke

58 796 47 22 haft
119 795 89 28 tillgång
223 795 33 21 till
271 794 108 28 uppgifter
399 794 110 28 angående
532 795 56 21 huru
603 796 44 20 stor
662 795 34 21 del
711 795 24 21 af
749 795 69 21 denna

60 836 84 16 summa
158 830 69 22 blifvit
242 830 33 21 till
291 829 96 21 enskilda
399 829 145 27 jordbrukare
559 829 95 27 utlänad,
670 836 47 15 men
733 831 46 19 tror
787 830 32 26 sig

60 865 66 21 likväl
142 865 72 21 kunna
229 866 84 25 antaga,
330 865 32 19 att
377 863 129 22 åtminstone
521 865 81 20 största
611 864 61 21 delen
682 864 63 22 deraf
750 864 69 21 blifvit

59 899 85 22 använd
158 899 34 21 för
208 898 75 22 sådant
298 898 106 22 ändamål.
435 898 29 21 Af
478 898 41 22 den
533 898 33 21 till
589 898 35 22 lån
646 898 47 22 utaf
714 898 105 27 ifrågava-

60 934 66 22 rande
141 933 147 22 beskaffenhet
303 933 102 27 anslagna
421 939 96 15 summan
533 932 75 29 skulle]
622 932 89 22 sålunda
734 933 85 27 odispo-

60 968 80 22 nerade
156 968 81 21 äterstä
252 967 76 22 endast
343 967 86 26 vidpass
445 968 77 26 50,000
538 967 66 22 mark.

130 1002 73 22 Under
217 1001 154 22 framhällande
388 1001 23 22 af
424 1003 33 20 att
473 1001 121 22 ändamålet
602 1002 48 21 med
658 1001 161 28 ifrågavarande

60 1037 43 26 län,
120 1037 52 21 eller
188 1036 36 22 det
240 1037 57 27 ,lilla
303 1036 148 27 jordbrukets"
468 1036 117 25 förkofran,
604 1037 46 20 icke
657 1037 42 21 kan
707 1043 62 15 anses
778 1037 42 20 till-

60 1071 107 26 godosedt
182 1071 48 21 med
245 1071 62 21 dessa
322 1071 76 26 medel,
414 1070 79 22 föreslä
509 1070 172 27 petitionärerne,
697 1073 33 19 att
745 1071 24 21 af
782 1071 38 21 all-

60 1107 80 20 männa
155 1105 124 22 statsmedel
294 1105 53 21 eller
361 1105 69 21 andra
445 1105 121 26 disponibla
581 1105 114 27 tillgångar
709 1105 68 22 måtte
787 1105 34 21 till

60 1139 98 27 utlåning
174 1139 23 22 ät
212 1139 215 22 landskommunerna
443 1139 71 21 anslås
532 1139 112 26 1,500,000
658 1139 60 21 mark
730 1146 33 15 om
775 1139 47 22 året

61 1173 69 22 under
144 1175 34 20 tre
194 1173 34 22 ärs
243 1174 32 21 tid
290 1174 52 21 eller
357 1173 75 22 inalles
448 1174 114 26 4,500,000
577 1174 67 21 mark.

130 1207 137 22 Beträffande
283 1208 60 21 detta
358 1207 81 27 förslag
455 1207 91 22 utbeder
561 1208 32 26 sig
603 1207 110 22 Utskottet
721 1207 22 22 fä
751 1208 71 21 erinra

62 1242 81 27 derom,
159 1244 33 20 att
204 1242 84 27 jemlikt
303 1242 241 27 Finansexpeditionens
566 1242 49 21 bref
636 1242 23 21 af
679 1243 40 21 den
736 1243 26 21 24
779 1243 43 26 Maj

64 1277 62 26 1884,
140 1277 79 26 jemväl
235 1277 23 21 af
275 1277 74 26 fattig-
358 1276 40 21 och
407 1276 203 22 arbetshusfondens
626 1277 68 21 medel
709 1277 115 26 2,000,000

62 1311 62 21 mark
140 1311 103 27 anslagits
258 1311 44 27 ,till
317 1311 35 21 län
367 1311 34 21 för
417 1311 169 27 odlingsföretag
602 1311 38 22 och
652 1311 172 28 förbättringar
811 1307 15 36 i

62 1345 244 27 landthushällningen*.
322 1345 29 21 Af
361 1345 134 27 sistantydda
505 1345 76 27 medel,
598 1345 72 22 hvilka
677 1352 89 15 numera
774 1345 49 27 ingå

62 1380 7 21 i
85 1380 40 21 den
140 1386 77 21 genom
233 1380 78 26 nädiga
325 1380 144 26 kungörelsen
485 1380 41 21 den
543 1381 23 20 11
584 1380 44 21 Juli
645 1381 53 21 1887
715 1380 108 22 inrättade

63 1414 153 28 pStatsverkets
237 1414 178 27 utläningsfond*,
439 1414 55 22 hade
517 1414 55 22 intill
595 1415 65 22 slutet
681 1415 24 21 af
725 1415 24 21 är
771 1415 54 20 1887

133 1454 157 17 Statsutskottets
303 1453 121 19 betänkande
436 1453 36 19 N:o
487 1454 26 17 15.
