1048 1731
195 132 14 21 4
338 132 70 22 Ständ.
425 133 44 21 Pet.
485 145 27 3 —
528 133 141 22 Petitionsbet.
686 133 35 22 N:o
737 135 32 21 18.

165 194 62 21 öfver
249 197 86 19 vattnet
357 196 14 20 å
393 195 54 22 hans
471 196 78 27 grund,
574 202 34 15 om
626 196 80 21 allmän
723 197 42 22 far-
781 197 41 22 och
837 197 91 26 flottled,

168 241 36 14 om
227 235 135 27 anläggning
385 236 40 21 och
437 236 115 21 drifvande
568 237 24 20 af
606 237 133 26 vattenverk,
755 237 54 22 eller
825 239 49 20 med
889 245 37 14 an-

168 276 41 20 dra
231 275 40 21 ord
294 275 49 22 hela
367 277 41 20 den
431 283 17 14 s.
471 276 21 22 k.
508 276 110 22 lukrativa
632 279 157 24 vattenrätten,
807 278 34 21 stå
857 277 8 21 i
880 279 49 20 när-

170 317 69 20 maste
262 315 106 22 samband
391 317 49 20 med
455 316 167 28 lagstiftningen
639 324 34 14 om
689 317 133 28 kungsådra,
839 324 26 15 en
881 317 50 22 blif-

169 356 71 20 vande
255 355 95 22 revision
366 355 67 22 borde
449 357 93 20 omfatta
558 357 18 26 ej
594 357 93 22 allenast
702 358 109 27 sistsagda
826 358 102 26 stadgan-

168 397 50 26 den,
241 398 54 19 utan
319 398 149 21 vattenrätten
483 397 6 20 i
506 398 49 20 dess
570 397 81 22 helhet.
681 397 168 28 Behöfligheten
865 397 24 22 af
903 404 26 14 en

170 438 70 20 sädan
263 437 129 27 fullständig
415 437 93 22 revision
524 437 41 21 har
580 437 64 22 äfven
661 437 88 22 erkänts
765 438 7 20 i
789 439 40 20 den
847 437 35 21 till
897 437 34 21 in-

170 478 125 21 nevarande
311 477 106 28 landtdag
433 477 81 22 aflätna
530 477 80 28 nädiga
626 477 164 28 propositionen
807 484 35 14 om
853 477 75 28 tillägg

171 518 34 21 till
227 518 156 28 förordningen
399 519 113 26 angående
528 518 190 28 vattenledningar
733 518 40 22 och
795 518 136 24 vattenverk,

170 558 42 22 och
234 559 7 20 i
264 558 126 28 anslutning
413 559 32 21 till
469 559 56 21 hvad
549 559 124 21 Ständerna
695 559 7 21 i
726 559 37 21 sitt
779 558 151 27 underdäniga

169 606 52 14 svar
236 600 14 20 å
265 600 68 26 sagda
348 600 81 26 nådiga
444 599 136 27 proposition
596 599 77 26 anfört,
691 606 52 14 anse
759 598 124 22 Ständerna
898 600 34 19 att

170 640 43 20 den
237 639 130 28 ifrågasatta
389 640 120 21 revisionen
534 640 38 20 bör
595 639 82 21 erhålla
693 639 64 21 ofvan
774 639 97 27 antydda
886 645 45 14 om-

173 680 104 27 fattning.

246 750 56 21 Utan
320 752 32 19 att
368 749 53 28 vilja
436 750 100 20 närmare
551 748 51 28 ingå
618 749 29 26 på
663 748 84 27 frågan,
763 748 7 20 i
778 747 86 21 hvilken
876 747 55 21 rikt-

172 790 54 28 ning
251 797 26 14 en
294 790 151 27 omarbetning
462 790 24 20 af
499 796 29 14 nu
544 789 169 27 ifrågavarande
728 788 201 27 lagstiftningsgren

174 830 67 22 borde
263 832 34 26 gå,
321 831 64 21 hafva
401 830 122 22 Ständerna
539 829 55 21 dock
611 832 55 18 trott
681 829 32 26 sig
729 829 52 21 böra
797 829 86 27 antyda,
899 830 34 18 att

173 874 33 18 ett
228 870 166 28 fullständigare
417 870 168 28 genomförande
609 870 23 20 af
648 869 42 21 den
707 870 66 20 sedan
791 868 70 21 äldsta
877 868 56 20 tider

174 912 6 20 i
197 912 166 27 lagstiftningen
380 911 96 21 erkända
492 910 114 28 principen
624 916 34 14 om
671 909 128 27 jordegares
815 910 44 19 rätt
874 908 59 21 öfver

174 954 85 20 vattnet
282 953 13 20 å
318 953 55 20 hans
396 953 69 26 grund
481 951 67 21 borde
564 951 74 20 kunna
654 957 39 20 ega
709 957 56 20 rum,
781 952 53 18 utan
849 950 34 20 att
897 949 37 20 det

172 993 125 22 allmännas
314 994 43 20 rätt
372 993 29 27 på
417 993 66 26 något
497 993 44 20 sätt
556 991 127 27 härigenom
700 990 71 21 skulle
787 989 102 22 kränkas.

247 1074 32 21 På
301 1075 70 26 grund
394 1073 24 22 af
438 1073 92 22 sålunda
551 1073 97 28 antydda
663 1072 47 21 skäl
721 1071 22 22 få
759 1071 124 21 Ständerna
897 1077 38 14 un-

176 1115 127 26 derdånigst
318 1114 99 22 anhålla:

388 1221 31 18 att
440 1218 69 21 Eders
527 1217 124 27 Kejserliga
667 1216 104 27 Majestät
786 1214 77 21 täcktes
879 1214 56 20 inom

317 1267 98 19 snaraste
433 1264 96 28 framtid
550 1264 44 20 låta
614 1262 145 28 fullständigt
781 1260 95 29 granska
891 1259 46 28 gäl-

319 1312 63 21 lande
397 1311 139 28 lagstiftning
551 1309 111 28 angående
677 1309 140 20 vattenrätten
828 1308 55 19 samt
891 1306 46 20 der-

321 1359 56 27 efter
393 1358 116 28 förelägga
530 1356 122 22 Ständerna
664 1355 91 28 förslag
771 1354 33 21 till
818 1353 69 21 sådan
903 1353 35 27 lag

320 1405 9 20 i
357 1407 74 23 ämnet,
457 1404 141 27 hvarigenom,
621 1402 70 21 under
709 1400 148 29 forifarunde
879 1398 60 21 beak-
