1048 1731
310 138 239 23 Petitlonsbetänkande
566 138 36 23 N:o
620 138 12 23 I.
796 139 27 20 69

455 289 36 19 27.

164 362 56 22 Från
242 361 161 22 Bondeståndet
418 367 26 15 en
459 361 24 21 af
497 361 33 21 Hr
545 361 26 21 K.
587 361 27 21 H.
630 361 115 27 Hornborg
760 361 94 27 ingifven

95 397 91 26 petition
208 396 80 24 derom,
311 396 32 20 att
365 395 161 28 undersökning
548 395 68 22 måtte
638 395 125 22 verkställas
778 395 34 22 för
827 402 26 16 en

94 431 89 27 jernväg
204 430 48 22 från
274 430 101 21 Karttula
398 430 79 21 station
501 430 53 21 eller
570 436 70 15 annan
655 430 87 27 lämplig
757 430 69 27 punkt
841 430 13 21 &

96 465 102 23 Savolaks
208 465 71 21 banan
293 471 76 20 genom
379 465 108 26 Karttula,
499 464 111 27 Pielavesi,
622 464 113 27 Pyhäjärvi
746 465 39 21 och
796 465 58 21 Haa-

96 499 71 27 pavesi
190 499 91 22 socknar
300 499 33 21 till
348 498 74 22 Oulais
437 499 53 21 eller
505 499 88 27 Kangas
609 499 80 21 station
704 499 13 21 &
733 494 120 27 Österbott-

96 534 61 22 niska
179 534 76 25 banan,
273 534 85 22 hvilken
373 534 91 26 petition
479 535 24 20 är
519 534 7 20 i
542 533 155 27 öfversättning
711 533 25 22 så
751 534 102 27 lydande:

249 615 49 19 Till
313 615 165 19 Hedervärda
493 615 203 20 Bondeståndet.

164 678 31 19 Då
217 684 26 14 nu
266 678 95 20 Savolaks
375 678 83 24 jernväg
473 680 81 18 närmar
569 678 30 23 sig
614 678 30 19 sin
660 676 119 26 fullbordan,
795 678 58 20 torde

96 708 33 19 det
151 712 47 14 vara
219 707 83 24 passligt
324 708 29 18 att
375 706 57 25 börja
453 706 62 20 tänka
538 706 26 25 på
579 712 24 13 en
619 706 62 20 sådan
695 706 59 26 bana,
770 712 42 14 som
827 708 26 24 på

95 736 123 24 lämpligaste
233 738 40 17 sätt
289 736 62 28 skulle
367 734 70 21 förena
452 736 39 19 den
507 732 163 23 Österbottniska
685 735 37 20 och
737 736 38 19 den
791 736 61 20 Savo-

96 764 70 20 lakska
187 765 112 24 jernvägen.
330 764 105 24 Åtskilliga
459 764 139 24 sträckningar
615 764 59 19 hafva
689 764 62 20 redan
766 764 65 20 blifvit
846 766 7 18 i

95 793 115 25 frägasatta,
229 799 43 14 men
295 794 24 18 de
342 792 58 20 hafva
423 793 61 24 enligt
500 793 36 19 vär
551 793 52 23 äsigt
617 793 52 19 varit
683 798 42 14 mer
739 793 49 19 eller
803 794 49 19 min-

96 822 34 20 dre
147 822 106 25 olämpliga
268 822 37 20 och
320 822 111 24 föreslagna
447 827 71 19 genom
534 822 75 19 sädana
625 824 60 23 orter,
700 822 7 19 i
717 822 67 20 hvilka
795 822 57 20 äfven

95 853 47 18 utan
166 851 43 19 dem
232 851 65 24 nägon
319 853 51 17 sorts
389 850 125 20 förbättrade
531 850 244 20 kommunikationsmedel
790 852 62 19 redan

95 879 70 21 finnas.
194 880 31 19 En
247 880 62 19 sådan
332 880 59 25 trakt,
415 884 42 14 som
477 880 53 19 varit
546 880 6 18 i
568 879 97 20 afsaknad
681 879 21 19 af
715 879 66 20 bättre
796 880 55 20 kom-

95 908 203 26 munikationsmedel,
321 910 34 26 äro
379 910 80 18 orterna
474 909 7 19 i
497 908 92 24 nordliga
604 908 96 20 Savolaks
716 908 37 20 och
769 911 83 22 angrän-

95 938 60 19 sande
179 937 84 20 socknar
285 937 21 20 af
320 934 135 23 Österbotten.
487 936 31 21 En
532 938 90 23 jernväg,
638 943 41 14 som
695 937 97 24 utgäende
808 937 44 20 frän

94 967 60 24 något
170 967 56 19 ställe
242 967 26 24 pä
283 966 92 20 sträckan
391 965 240 26 Kuopio
483 961 10 35 —
504 965 127 26 Suonenjoki,
648 966 62 19 skulle
725 966 47 25 löpa
782 972 70 18 genom

94 995 101 24 Karttula,
217 995 103 25 Pielavesi,
344 995 105 24 Pyhäjärvi
473 995 37 20 och
534 995 112 24 Haapavesi
668 995 115 20 kommuner
802 997 51 18 samt

94 1024 33 19 vid
143 1024 67 19 Oulais
226 1024 48 19 eller
289 1023 80 25 Kangas
387 1024 98 19 stationer
501 1023 70 20 förena
586 1024 30 24 sig
631 1024 43 19 med
690 1021 163 22 Österbottniska

95 1053 71 25 banan,
191 1055 22 17 är
228 1053 61 24 enligt
305 1053 34 19 vär
354 1052 59 20 tanke
429 1053 38 19 den
484 1052 21 19 af
519 1052 95 20 behofvet
629 1055 49 17 mest
693 1053 106 24 päkallade
815 1053 37 19 och

94 1081 82 20 hvilken
199 1082 6 18 i
228 1083 99 18 närmaste
351 1081 79 20 framtid
448 1081 64 20 borde
528 1081 124 20 undersökas
668 1081 36 20 och
719 1081 133 20 underkastas

94 1109 98 25 pröfning.
228 1110 69 20 Redan
319 1111 33 18 vid
375 1111 28 18 ett
425 1109 65 20 första
513 1105 99 29 ögonkast
634 1111 53 18 inser
708 1115 51 19 man,
781 1115 71 19 genom

93 1138 68 20 hvilka
183 1138 83 25 bördiga
288 1139 37 20 och
348 1139 71 19 odlade
441 1139 79 19 trakter
544 1145 24 13 en
586 1139 62 20 sädan
664 1139 51 20 bana
730 1139 77 19 komme
823 1141 30 18 att

93 1167 54 25 löpa,
166 1167 37 20 och
218 1167 49 20 huru
282 1168 113 24 härigenom
411 1167 64 20 skulle
493 1167 85 20 erhällas
595 1173 23 14 en
634 1170 74 22 genväg
724 1167 44 20 frän
784 1164 67 24 Öster-

92 1196 71 20 botten
178 1196 87 20 söderut.

162 1230 43 20 Här
227 1231 46 24 vilja
295 1231 19 19 vi
337 1231 17 24 ej
377 1231 58 24 spilla
457 1231 72 24 många
552 1231 36 20 ord
604 1231 30 19 till
649 1231 76 19 förmån
741 1230 31 20 för
787 1230 66 20 denna

94 1259 58 25 bana,
175 1261 48 18 utan
245 1259 65 20 lemna
328 1260 33 19 det
376 1259 21 20 ät
412 1265 24 14 en
452 1259 102 20 blifvande
570 1259 154 24 undersökning.
754 1259 25 19 Vi
802 1259 51 24 väga

93 1288 52 19 blott
167 1288 83 25 hoppas,
273 1290 30 18 att
318 1289 33 19 det
366 1288 131 20 Hedervärda
512 1289 151 19 Bondeständet
677 1288 45 20 ville
738 1287 69 20 förena
823 1289 30 23 sig

92 1317 45 19 med
152 1317 25 19 de
193 1317 63 24 öfriga
271 1317 83 20 ständen
371 1323 30 14 om
417 1323 24 14 en
456 1317 126 24 underdänig
597 1317 84 25 petition
696 1317 74 24 derom,

298 1392 31 19 att
352 1391 61 21 Hans
434 1392 132 27 Kejserliga
588 1392 103 26 Majestät
705 1392 86 20 täcktes
805 1391 46 20 för-

230 1420 68 20 ordna
319 1420 57 20 Dess
397 1419 68 21 Senat
489 1421 37 20 för
549 1420 96 21 Finland
665 1422 32 19 att
715 1421 8 19 i
738 1421 113 19 närmaste

230 1449 93 20 framtid
343 1449 46 20 läta
411 1449 126 21 undersöka
560 1456 26 14 en
606 1449 247 27 jernvägssträckning

230 1478 52 20 frän
305 1477 102 21 Karttula
429 1478 82 20 station
534 1479 58 19 eller
613 1478 67 27 nägot
701 1479 68 19 annat
783 1478 67 26 lämp-

160 1517 183 21 Jernvägsutskottets
355 1516 112 18 betänkande
481 1519 35 15 N:o
529 1517 17 17 2.
