1048 1731
182 140 14 20 6
323 139 70 22 Ständ.
410 139 45 22 Mot.
472 152 27 3 —
515 141 128 21 Motionsbet.
660 141 34 21 N:o
709 140 27 21 11.

153 201 53 22 eller
222 201 93 21 domstol
330 201 70 22 blifvit
415 202 110 21 inkallade
541 203 33 21 för
589 203 142 27 upplysnings
747 203 142 21 meddelande
907 204 6 19 i

156 243 30 13 nu
200 235 167 28 ifrägavarande
383 237 108 21 brottmäl.

223 270 32 21 Pä
270 271 70 26 grund
355 271 25 21 af
393 272 36 20 det
445 271 93 22 anförda
553 272 64 21 hafva
633 271 123 22 Ständerna
771 271 32 22 för
826 271 33 22 sin
880 271 34 21 del

154 305 86 27 antagit
255 305 41 21 och
311 305 23 21 fä
349 305 32 22 till
397 306 68 21 Eders
481 306 124 27 Kejserliga
628 307 113 27 Majestäts
764 307 79 26 nädiga
865 306 49 27 god-

155 339 117 22 kännande
287 340 7 21 i
309 341 174 26 underdänighet
499 341 131 21 öfverlemna
646 341 97 27 följande

308 448 142 29 Förordning,
467 449 113 28 angående
599 449 129 28 ersättning
747 449 24 23 af
787 449 113 24 allmänna

423 483 70 23 medel
508 483 25 24 ät
548 483 90 24 vittnen
653 484 9 23 i
676 483 113 24 brottmål.

364 540 133 28 Härigenom
512 542 77 21 varder
604 542 101 27 stadgadt
728 542 37 21 och
783 542 132 27 förordnadt

295 582 46 14 som
351 575 82 27 följer:

578 640 16 26 $
608 640 20 20 1.

364 683 18 21 I
393 684 49 26 mål,
459 684 37 21 der
510 685 80 21 allmän
602 685 101 27 åklagare
720 685 14 19 &
749 684 103 27 tjenstens
867 685 48 26 väg-

295 725 42 14 nar
357 719 88 21 tillialat
466 720 70 26 någon
554 719 40 27 för
617 719 58 26 brott,
699 719 70 21 hvarä
791 718 122 28 dödsstraff,

294 753 52 21 eller
361 753 84 20 tukthus
457 754 33 26 pä
506 753 76 27 lifstid,
598 754 51 20 eller
666 754 7 20 i
687 753 62 27 högst
763 760 38 14 sex
817 754 31 23 år,
864 753 51 21 eller

295 786 104 28 deröfver,
416 787 41 21 kan
468 788 67 27 följa,
550 788 50 21 eller
616 788 36 20 ock
662 788 41 27 för
719 788 62 24 stöld,
804 788 51 20 eller
873 787 40 21 del-

295 821 93 28 aktighet
402 822 9 20 i
426 822 85 21 sådana
526 822 64 26 brott;
605 829 49 20 eger
669 822 46 24 den,
739 829 44 13 som
806 821 28 27 af
853 821 62 21 äkla-

293 863 68 19 garen
377 856 111 26 äberopats
503 857 70 20 såsom
588 857 65 21 vittne
668 856 37 22 och
722 856 82 21 inställt
824 856 33 27 sig
879 855 38 21 vid

295 890 94 26 domstol,
413 892 31 25 pä
469 892 70 20 derom
560 891 63 27 gjord
645 891 94 27 begäran
762 890 36 22 och
820 890 95 27 såframt

295 924 101 22 domaren
407 925 94 27 pröfvar
515 926 79 21 sådant
616 925 85 27 skäligt,
723 924 38 28 för
781 926 36 20 sin
840 924 77 22 instäl-

296 959 49 21 lelse
369 960 63 25 miuta
457 961 119 26 ersättning
598 960 28 27 af
646 961 111 20 allmänna
780 959 66 22 medel
869 958 49 21 med

295 993 62 27 högst
371 1001 26 14 en
412 995 61 20 mark
483 994 76 27 femtio
573 995 67 26 penni
656 995 33 20 till
704 995 86 20 vittnets
804 993 113 27 uppehälle

291 1027 40 27 för
346 1027 75 28 hvarje
436 1029 47 26 dag,
500 1035 44 14 som
555 1029 40 27 för
610 1036 64 14 resan
693 1029 38 20 och
752 1028 107 21 vistandet
881 1027 38 21 vid

296 1062 114 21 domstolen
425 1063 116 26 erfordras,
557 1063 37 21 och
609 1063 112 26 dessutom,
738 1063 69 21 derest
831 1063 86 20 vittnets

295 1096 89 21 hemvist
395 1099 26 18 är
431 1097 78 27 beläget
519 1099 34 25 pä
568 1099 65 20 minst
649 1098 28 20 tio
692 1097 120 21 kilometers
827 1095 92 28 afständ

291 1130 57 27 från
378 1131 34 21 det
435 1132 67 24 ställe,
528 1132 38 21 der
593 1132 115 21 domstolen
737 1131 178 24 sammanträder,

295 1165 194 29 skjutspenningar
498 1167 40 26 för
553 1174 27 14 en
594 1167 49 20 häst
654 1166 64 27 fram
734 1166 37 21 och
786 1167 53 24 åter,
858 1165 58 25 eller,

296 1200 37 21 der
345 1201 110 26 jernvägs-
471 1201 49 21 eller
536 1200 188 28 ångbåtsligenhet
741 1200 42 21 kun
795 1199 40 28 för
849 1207 67 14 resan

296 1235 50 21 eller
361 1236 71 25 någon
447 1235 33 21 del
495 1235 65 28 deraf
580 1235 113 27 begagnas,
717 1234 68 27 afgift
801 1234 40 27 för
862 1234 55 21 Villi

295 1271 59 25 gaste
368 1270 58 25 plats
448 1271 6 19 &
473 1270 78 26 buntåg
573 1270 51 21 eller
646 1269 85 28 ångbåt.
750 1281 23 2 —
791 1268 126 21 Enahanda

295 1305 44 19 rätt
354 1304 32 21 till
401 1305 118 26 ersättning
535 1304 125 21 tillkommer
675 1304 48 26 den,
745 1311 46 14 som
811 1304 8 20 i
834 1303 45 20 mål
893 1302 30 26 af

295 1339 96 20 nämnda
406 1339 140 26 beskaffenhet
556 1339 69 27 blifvit
636 1339 66 26 enligt
717 1338 99 21 domstols
827 1337 91 27 förord-

295 1373 70 21 nände
382 1373 97 21 inkallad
495 1374 70 20 såsom
588 1374 72 25 vittne,
676 1373 53 20 eller
751 1372 28 28 af
799 1372 120 25 åklagaren

295 1407 118 26 åberopats,
429 1408 50 20 eller
494 1408 65 26 enligt
570 1408 99 20 domstols
680 1406 152 28 förordnande
847 1404 71 23 inkal-

296 1441 42 21 lats
350 1442 41 26 för
405 1444 31 18 att
451 1442 174 27 upplysningsvis
642 1442 73 20 höras.
