1048 1731
300 115 208 24 Petitionsketänkande
525 116 34 22 N:o
576 115 33 24 60.
791 117 12 20 5

74 178 92 21 skottets
174 178 64 21 tanke
247 179 72 20 kunna
327 179 124 26 tillgodoses
460 185 76 20 genom
546 179 26 21 de
580 178 76 26 medel,
667 184 45 15 som
722 178 109 21 allaredan

74 212 68 22 blifvit
157 213 101 26 anslagna
273 213 32 21 till
321 213 35 21 län
371 212 34 21 för
421 213 173 26 odlingsföretag.
618 212 113 22 Utskottet
745 214 47 20 tror
800 213 32 26 sig

74 247 72 21 derför
161 246 53 22 böra
229 247 114 27 tillstyrka,
361 249 32 19 att
409 247 36 21 det
463 249 56 19 ännu
542 247 153 27 odisponerade
711 246 121 22 öfverskot-

73 282 32 21 tet
124 281 22 21 af
159 281 26 22 de
201 281 162 27 ursprungligen
378 288 25 14 ur
423 281 72 27 fattig-
511 281 40 22 och
569 280 203 23 arbetshusfondens
787 287 43 15 me-

74 315 34 22 del
123 315 33 22 till
172 315 117 27 odlingslän
305 315 101 28 anslagna
424 315 114 26 2,000,000
553 315 61 21 mark
635 315 52 22 eller
704 315 69 26 nägon
796 315 35 21 del

73 349 23 22 af
116 350 108 21 desamma
246 349 67 22 mätte
335 349 109 22 användas
467 349 31 22 till
514 349 35 22 län
572 349 24 22 af
608 349 88 27 ungefär
718 349 112 22 enahanda

72 384 147 21 beskaffenhet
241 391 44 14 som
308 384 32 25 de,
359 384 88 21 hvarom
463 384 87 27 stadgas
565 384 7 21 i
588 384 76 27 nädiga
680 383 149 22 cirkulärbref-

72 420 35 20 vet
129 418 24 22 af
173 419 41 21 den
236 419 26 22 26
289 419 50 21 Juni
364 419 60 25 1885,
447 418 102 22 ehuruväl
575 418 162 27 ifrägavarande
759 419 70 21 medel

72 453 47 22 icke
134 453 60 22 torde
210 453 6 21 i
232 453 58 22 detta
305 453 36 21 fall
365 453 54 21 böra
441 453 81 21 lemnas
544 453 33 20 till
600 453 154 21 kommunerna
777 455 52 19 utan

72 487 120 28 skyldighet
207 489 32 20 att
254 487 13 22 ä
282 487 47 22 dem
352 487 86 27 erlägga
453 488 68 20 ränta.

141 522 43 22 Det
198 522 39 21 har
251 522 122 26 visserligen
395 521 46 22 icke
465 521 91 27 undgätt
570 521 121 21 Utskottets
714 522 115 27 uppmärk-

73 556 91 26 samhet,
180 558 32 20 att
227 556 154 22 förberedande
396 556 100 27 ätgärder
515 556 24 21 af
552 556 92 21 Senaten
667 556 106 26 vidtagits,
796 556 34 21 för

74 591 32 21 att
121 592 52 24 göra
188 590 91 22 berörda
296 590 35 22 län
353 590 54 22 ifrän
427 590 140 22 statsverkets
590 589 158 27 utläningsfond
770 596 59 16 mera

73 624 125 28 eftersökta,
214 631 47 15 men
277 624 26 22 dä
318 624 74 27 frägan
407 630 34 15 om
464 624 129 22 förändrade
615 624 160 22 bestämmelser
796 624 34 21 för

72 659 63 21 dessa
149 658 35 22 län
200 660 56 20 ännu
271 658 46 22 icke
336 658 69 22 blifvit
427 658 88 28 afgjord,
540 658 32 22 får
588 658 110 22 Utskottet
721 658 108 22 vördsamt

72 692 88 23 föreslä:

277 769 32 19 att
332 767 125 21 Ständerna
482 767 50 21 ville
557 766 38 20 hos
618 766 63 21 Hans
704 766 125 28 Kejserliga

210 801 105 27 Majestät
339 802 8 20 i
371 801 174 27 underdänighet
575 800 97 27 anhålla,
703 803 32 19 att
764 800 65 22 Hans

210 835 109 27 Majestät,
329 838 54 19 enär
393 836 26 21 de
429 836 34 20 två
479 835 110 21 millioner
604 834 68 26 mark,
694 842 43 14 som
753 842 75 20 genom

209 870 268 28 Finans-Erpeditionens
500 869 53 28 bref
564 869 30 28 af
605 869 41 21 den
662 870 29 21 24
706 869 51 27 Maj
771 870 58 20 1884

209 905 106 27 anslagits
357 905 35 21 til
429 905 37 21 län
504 906 54 19 emot
593 903 235 28 inteckningssäkerhet

204 938 41 28 för
274 939 173 28 odlingsföretag
473 938 37 22 och
538 938 164 29 jörbättringar
723 939 10 20 i
755 938 73 22 landt-

208 973 175 29 hushållningen,
405 975 77 20 endast
504 975 9 20 i
534 975 66 26 ringa
623 974 49 21 män
695 973 72 28 blifvit
789 980 38 15 an-

208 1008 79 26 vända,
310 1009 49 21 ville
384 1009 8 20 i
419 1009 69 21 näder
515 1011 51 25 taga
593 1008 69 21 under
687 1008 140 27 ompröfning

208 1042 107 21 huruvida
326 1043 45 21 icke
381 1043 40 21 den
434 1043 158 28 odisponerade
600 1042 118 21 återstoden
730 1042 31 27 af
765 1042 62 21 dessa

208 1077 67 20 medel
297 1077 52 21 eller
371 1079 70 27 någon
466 1078 35 21 del
524 1077 70 28 deraf
608 1077 71 21 kunde
693 1079 53 18 emot
761 1078 66 19 ränta

208 1111 88 21 utlänas
311 1112 35 21 till
363 1112 162 25 kommunerna,
536 1111 42 28 för
594 1113 31 19 att
640 1111 30 27 af
679 1111 47 20 dem
744 1112 83 19 använ-

208 1145 41 21 das
263 1146 35 21 till
308 1147 127 27 utgifvande
444 1147 30 27 af
485 1147 37 20 län
536 1147 31 26 pä
583 1145 48 22 kort
646 1145 33 21 tid
689 1147 40 25 jör
743 1151 83 14 samma

208 1179 104 22 ändamål
328 1181 22 20 ät
365 1181 86 21 mindre
465 1180 152 28 jordbrukare.

137 1456 158 18 Statsutskottets
307 1456 120 19 betänkande
439 1457 36 18 N:o
489 1458 26 17 15.
