1048 1731
251 146 13 19 4
433 144 234 24 Petitionsbetänkande
683 146 36 22 N:o
735 145 40 23 44.

222 208 84 25 ändring
329 208 22 20 af
372 208 153 21 edsförbundets
541 208 228 27 bränvinslagstiftning,
785 209 7 19 i
807 215 74 14 samma
895 208 88 25 riktning

221 242 42 14 som
283 242 74 15 samma
372 237 124 24 lagstiftning
512 238 50 23 tagit
577 237 58 20 äfven
650 238 37 19 hos
703 243 40 15 oss.
773 237 47 20 Men
836 243 41 15 som
893 243 24 14 en
933 237 50 20 brist

220 265 7 19 i
243 265 39 19 den
298 265 123 20 schveiziska
437 265 95 24 öfversigt
546 265 22 20 af
582 266 260 25 rusdryckslagstiftningen
853 267 19 19 vi
883 268 100 18 omnämnt

220 293 104 20 förefaller
346 300 33 14 oss
402 295 40 25 det,
465 297 30 17 att
518 295 40 19 den
582 301 59 18 synes
666 301 47 14 vara
736 295 65 24 byggd
816 295 125 20 uteslutande
956 295 27 24 på

222 322 100 25 skriftliga
344 323 119 24 handlingar
485 323 43 20 dels
550 323 118 20 infordrade
691 324 26 24 pä
739 324 116 19 ministeriel
877 326 43 23 väg,
939 323 43 20 dels

220 351 124 24 tillgängliga
365 352 8 19 i
395 351 132 20 litteraturen,
557 352 31 19 En
607 358 66 13 annan
688 355 37 21 väg
739 352 66 24 inslog
820 351 87 24 Canada,
922 352 61 20 innan

222 379 103 20 derstädes
341 380 89 19 infördes
447 381 37 18 den
500 380 158 25 nykterhetslag,
674 386 41 14 som
731 381 36 19 der
782 380 43 20 från
841 381 22 19 år
879 379 55 21 1878
950 386 33 15 va-

221 408 26 19 rit
271 408 97 24 gällande.
400 409 76 19 Förrän
496 408 70 25 frågan
581 411 85 22 upptogs
682 409 31 20 till
729 409 68 24 slutlig
811 409 125 24 behandling,
952 410 30 19 ut-

222 437 71 19 sändes
309 442 98 19 personer
421 437 31 20 för
467 439 30 18 att
511 438 26 23 på
553 439 32 18 ort
600 437 36 20 och
653 437 58 20 ställe
727 440 50 22 göra
791 438 30 23 sig
835 437 88 20 bekanta
937 437 45 20 med

222 465 147 24 verkningarna
383 465 21 20 af
419 466 139 19 motsvarande
574 465 125 25 lagstiftning
713 467 7 18 i
735 467 88 19 Förenta
835 466 98 23 Staterna,
944 466 38 19 och

220 493 105 25 uppgifves
340 495 35 19 det
389 496 30 18 att
434 495 37 19 den
487 495 115 23 berättelse,
611 495 24 19 de
652 501 31 13 om
699 495 30 19 sin
744 501 46 13 resa
805 494 82 24 afgifvit,
895 494 42 20 haft
953 496 29 18 ett

221 522 70 24 vigtigt
313 522 108 25 inflytande
445 524 25 23 på
493 524 93 19 ärendets
604 524 81 24 slutliga
700 524 79 24 utgång.
810 523 24 19 Vi
850 524 47 23 vilja
911 523 71 19 endast

221 554 104 17 omnämna
347 552 62 24 detta,
426 552 129 24 öfvertygade
574 558 38 19 om,
628 555 30 17 att
673 558 31 14 om
719 558 24 14 en
759 552 52 24 gång
827 558 23 13 en
866 552 61 19 sådan
943 552 38 19 ko-

221 580 48 19 mité
291 581 19 18 vi
333 580 74 20 föreslå
429 580 88 20 kommer
532 583 30 17 att
577 581 102 23 tillsättas,
695 582 38 18 den
749 583 46 17 utan
811 579 68 21 tvifvel
894 580 89 19 kommer

221 611 30 17 att
273 609 84 19 beredas
381 608 78 20 tillfälle
482 608 34 26 att!
531 609 89 23 fullgöra
635 610 36 18 sitt
686 610 90 24 uppdrag
792 609 23 19 så
829 609 96 24 allsidigt,
940 614 42 14 som

221 637 73 20 sakens
309 641 56 16 stora
379 638 42 23 vigt
437 638 157 24 oundgängligen
610 638 88 19 kräfver.

291 671 104 20 Komiténs
418 671 63 20 första
503 672 78 24 uppgift
596 678 47 13 vore
660 672 59 20 alltså
734 670 119 26 attfTafgifva
869 677 24 13 en
909 671 73 20 kritisk

222 700 124 24 öfversigtlig
369 700 144 24 framställning
536 706 31 14 om
590 700 261 25 rusdryckslagstiftningen
867 700 61 19 sådan
944 700 38 19 den

220 730 97 22 gestaltar
340 729 30 23 sig
393 729 6 18 i
422 729 24 19 de
469 729 104 24 vigtigaste
589 729 120 24 europeiska
725 729 37 19 och
778 728 139 20 amerikanska
932 734 50 14 sam-

221 757 73 21 hällen,
324 757 52 19 Dess
397 758 62 18 andra
475 757 77 25 uppgift
567 763 47 13 vore
630 760 30 17 att
675 756 28 26 pä
718 757 101 25 grund”af
832 757 51 20 hvad
899 757 83 19 sålunda

221 785 73 27 blifvit;
310 786 110 19 inhemtadt
442 786 100 25 upprätta;
558 786 75 24 förslag
656 786 35 26 till
705 792 25 13 en
746 786 122 24 fullständig,
884 786 39 19 alla
938 791 43 14 rus-

221 814 92 26 drycker,
337 814 58 20 deras
417 814 89 25 införsel,
530 815 127 23 tillverkning
677 815 37 19 och
729 814 117 24 försäljning
861 814 120 19 omfattande

220 843 124 23 förordning,
360 843 32 19 för
407 845 30 17 att
452 844 100 18 eventuelt
567 842 112 25 föreläggas
695 845 88 17 närmast
797 842 184 20 sammanträdande

221 872 82 19 ständer
318 872 30 19 till
364 872 117 24 antagande.

291 900 44 20 Den
350 900 94 25 riktning,
453 900 56 20 hvari
524 900 98 20 komitens
639 900 76 24 förslag
730 900 63 19 skulle
809 900 78 19 komma
900 901 29 18 att
939 899 41 20 häl-

221 929 36 24 las,
274 929 59 20 beror
356 927 99 26 sjelffallet
478 929 25 24 pä
522 928 122 25 förarbeten,
660 928 67 20 hvilka
743 931 52 17 ännu
810 928 45 20 icke
871 930 35 18 äro
922 928 59 24 päbe-

220 960 67 22 gynta.
318 957 47 20 Men
389 958 22 19 sä
433 958 78 23 mycket
533 958 50 23 väga
605 958 19 19 vi
646 958 63 19 redan
732 963 26 14 nu
774 957 113 25 förutsätta,
904 959 29 17 att
948 957 34 19 det

221 986 51 19 skall
296 987 68 19 ställas
388 987 6 18 i
417 987 102 23 samklang
534 987 44 18 med
594 987 39 18 den
650 986 120 24 utveckling,
786 985 138 20 motsvarande
940 985 42 24 lag-

222 1015 91 24 stiftning
328 1015 36 20 hos
380 1021 32 13 oss
428 1015 98 19 härintills
542 1015 88 20 företett.
662 1015 39 19 Det
716 1021 35 13 var
766 1014 31 19 för
812 1016 30 17 att
857 1013 85 20 afvända
957 1019 24 14 en

220 1043 51 24 fara,
287 1049 42 14 som
344 1043 230 24 husbehofsbränningen
590 1043 127 21 afskaffades,
733 1043 40 19 Det
789 1048 35 14 var
839 1048 74 14 samma
927 1042 55 24 sjelf-

221 1072 195 25 bevarelscinstinkt,
440 1077 41 14 som
504 1071 102 20 förmädde
624 1072 22 19 sä
661 1073 48 23 godt
725 1077 42 14 som
782 1071 39 20 alla
836 1071 145 19 landskommu-

220 1106 36 13 ner
279 1102 7 18 i
308 1101 69 19 landet
399 1103 29 17 att
450 1101 43 19 icke
509 1101 65 19 tilläta
589 1101 142 24 utminutering
747 1100 20 19 af
781 1100 90 25 bränvin,
887 1099 22 20 sä
924 1100 57 23 länge

220 1129 24 19 de
267 1130 50 24 egde
341 1130 93 25 rättiatt
453 1129 53 24 välja
521 1130 73 19 mellan
610 1128 92 21 tillstånd
719 1129 49 19 eller
783 1128 78 20 förbud.
892 1128 39 19 Det
946 1134 35 13 var

221 1157 139 20 erfarenheten
384 1163 30 14 om
437 1158 172 23 ölförsäljningens
632 1157 143 26 förderflighet,
799 1162 41 14 som
863 1157 68 24 gjorde
951 1158 30 18 att

221 1186 87 20 flertalet
330 1187 21 19 af
373 1192 72 14 samma
467 1186 172 19 landskommuner
661 1186 93 19 afskaffat
769 1185 58 21 äfven
843 1186 71 23 denna,
931 1185 50 19 efter

220 1215 34 19 det
277 1216 37 19 den
333 1215 64 20 åratal
413 1215 50 20 varit
479 1215 79 19 tillåten
574 1215 7 19 i
597 1215 41 19 alla
654 1215 57 19 delar
726 1214 21 20 af
762 1215 43 19 vårt
820 1214 53 19 land.
904 1214 39 19 Det
959 1216 22 17 är

220 1243 32 20 för
268 1246 30 18 att
313 1244 76 23 skydda
404 1244 30 23 sig
449 1243 51 26 sjelf,
516 1244 43 19 sina
574 1244 56 23 barn,
648 1244 43 18 sina
707 1244 83 23 tjenare,
807 1248 41 14 som
864 1242 38 19 den
918 1241 64 20 finska

220 1272 87 24 bonden,
329 1273 22 19 sä
374 1273 54 23 längt
447 1272 91 24 gällande
554 1273 32 22 lag
601 1272 53 24 gjort
670 1272 33 19 det
719 1272 31 19 för
765 1271 72 20 honom
853 1271 82 24 möjligt,
951 1270 29 19 af-

221 1301 73 19 skaffat
309 1301 38 19 den
363 1301 92 20 frestelse
472 1301 28 18 till
517 1301 66 24 superi
599 1306 42 13 som
657 1300 111 25 bränvins-,
785 1300 28 19 öl-
822 1299 37 20 och
875 1299 106 19 vinhandel

220 1329 97 20 medföra.
348 1329 24 19 Vi
394 1329 67 20 kunna
482 1329 46 20 icke
551 1331 31 17 tro
598 1330 62 18 annat
675 1331 24 17 än
715 1331 30 17 att
760 1329 68 23 hvarje
843 1334 26 18 ny
885 1328 38 23 lag,
940 1333 41 14 som

218 1359 7 19 i
251 1359 55 19 detta
329 1358 73 20 ärende
421 1358 87 19 kommer
523 1358 31 20 att
569 1357 75 32 stiftas,
660 1357 62 20 mäste
739 1360 46 21 taga
800 1357 55 19 detta
871 1355 110 21 sakförhäl-

220 1387 60 19 lande
295 1388 8 18 i
318 1388 117 24 beräkning,
451 1387 36 19 och
503 1386 77 20 skänka
595 1385 95 21 Finlands
706 1385 174 24 landsbefolkning
891 1384 73 20 fullstär

222 1416 43 23 digt
287 1416 34 19 det
346 1415 71 25 skydd,
443 1416 37 18 den
503 1415 85 23 ihärdigt
604 1415 63 19 under
681 1414 106 20 årtionden
803 1414 80 24 kämpat
898 1412 32 20 för
945 1413 36 20 och

220 1444 97 24 utvidgat.

288 1482 201 18 Ekonomiutskottets
501 1482 122 18 betänkande
636 1482 35 17 N:o
686 1482 27 18 17.
