1048 1731
193 134 13 19 6
411 132 228 22 Petitionsbetänkande
656 132 35 22 N:o
706 133 37 21 47.

194 195 66 21 Hans
278 194 123 29 Majestäts
416 194 74 22 bifall.
521 195 34 20 På
570 201 88 15 samma
673 195 63 28 gång
753 194 101 22 Senaten
869 195 80 21 härom

193 229 179 22 underrättades
384 236 84 21 genom
478 229 340 22 ministerstatssekreterarens
827 229 122 22 skrifvelse

193 263 38 21 till
253 263 246 28 generalguvernören
520 263 26 21 af
562 263 46 22 den
634 264 37 27 *%/,6
691 263 95 28 augusti
804 264 60 27 1887,
881 263 68 22 anbe-

192 297 71 22 faltes
283 297 102 22 Senaten
403 298 8 21 i
427 298 73 21 näder
515 299 35 20 att
564 298 120 21 inkomma
699 297 53 22 med
767 298 123 21 utlätande
906 298 43 21 och

193 332 88 28 förslag
296 332 53 21 med
365 332 128 29 anledning
509 332 25 21 af
548 334 34 19 ett
598 332 26 21 af
636 332 190 28 krigsministern
837 333 8 20 i
855 332 94 29 Kejsar-

193 366 78 21 dömet
295 366 126 21 aflemnadt
437 366 86 29 förslag
538 366 39 21 till
592 366 116 21 särskilda
724 366 125 28 ändringar
865 367 26 20 af
905 367 43 21 och

193 400 85 29 tillägg
301 400 38 21 till
359 401 108 28 gällande
483 401 177 28 bestämningar
674 401 98 21 rörande
787 401 161 21 kadettkären.

193 435 11 21 I
220 435 66 21 detta
302 435 26 21 af
341 435 191 29 krigsministern
546 435 139 22 utarbetade
700 435 90 28 förslag
805 435 112 28 stadgade
936 437 13 26 S

195 470 13 21 8
224 469 145 22 beträffande
385 469 201 28 undervisningen
601 469 117 29 följande:

262 520 12 11 ,
276 503 209 29 Undervisningen
500 504 8 21 i
523 503 131 29 Rysslands
670 503 99 22 historia
784 503 44 22 och
838 503 109 29 geografi,

193 539 122 21 äfvensom
338 538 8 21 i
368 538 79 22 taktik
462 539 72 28 jemte
550 538 173 28 krigshistoria,
739 538 8 21 i
763 538 103 28 artilleri,
882 538 67 22 forti-

192 572 106 28 fikation,
305 572 88 22 militär
399 573 189 21 administration
596 575 60 19 samt
665 572 212 29 krigslagfarenhet
887 572 61 22 med-

194 607 64 21 delas
281 608 31 28 pä
334 608 71 28 ryska
425 608 102 28 språket,
543 608 8 21 i
567 608 116 28 topografi
699 607 43 22 och
757 607 103 22 militära
875 607 72 29 regle-

192 643 95 19 menten
310 642 113 22 deremot:
447 642 8 21 i
477 642 61 22 först
560 642 86 22 nämda
672 646 65 17 ämne
759 642 31 28 på
813 642 70 28 ryska
906 642 42 21 och

194 676 101 21 svenska
315 676 107 28 språken,
446 677 8 21 i
470 676 39 22 det
525 677 42 21 sist
582 676 87 22 nämda
683 677 31 28 på
728 676 71 28 ryska
815 676 43 22 och
873 676 76 21 finska

193 710 108 27 spräken.
331 711 206 28 Undervisningen
556 711 8 21 i
580 711 99 21 kursens
695 711 77 28 öfriga
787 714 84 18 ämnen
886 711 63 21 med-

193 744 64 22 delas
280 745 30 28 på
329 745 90 21 ettdera
434 746 26 20 af
472 745 91 22 landets
580 745 76 29 språk,
676 746 59 21 efter
754 744 131 22 direktorns
903 745 45 26 val,

193 786 49 14 som
257 779 190 29 krigsministern
463 780 149 21 fastställer''.

262 814 55 21 Med
333 814 128 29 anledning
477 814 26 22 af
515 822 56 20 nyss
582 814 86 22 nämda
678 814 67 23 Hans
756 814 133 28 Kejserliga
899 814 48 21 Ma-

190 848 85 28 jestäts
304 849 87 28 nådiga
419 849 129 28 betallning
573 848 43 22 har
642 848 102 22 Senaten
769 849 118 21 utarbetat
913 850 35 20 ett

194 882 179 30 »Underdånigt
390 884 87 28 förslag
492 884 38 21 till
540 883 147 29 Kungörelse
699 882 121 29 angående
829 882 100 29 ändring
939 883 8 21 i

192 917 117 21 särskilda
325 917 64 22 delar
405 918 25 21 af
443 918 153 29 reglementet
612 918 37 21 för
659 917 89 23 Finska
759 917 155 21 kadettkåren
924 917 26 21 af

192 951 45 21 den
253 953 28 20 22
296 959 61 15 mars
375 953 76 26 1865",
475 965 26 4 —
524 953 92 21 hvilket
638 952 89 29 förslag
750 952 46 21 den
813 953 9 20 1
840 951 106 22 sistlidne

192 993 62 14 mars
265 987 38 21 till
315 987 84 28 högsta
411 989 36 20 ort
458 987 80 28 afgått.
566 987 102 22 Senaten
678 986 113 28 förordar,
802 985 145 22 beträffande

192 1021 286 29 undervisningsspråket,
501 1022 83 21 endast
606 1022 46 21 den
667 1021 114 22 afvikelse
797 1021 50 22 från
863 1021 45 21 den
923 1021 27 21 af

192 1055 193 29 krigsministern
409 1056 127 21 omfattade
558 1056 93 29 planen,
675 1057 34 20 att
724 1055 223 28 undervisningen
936 1051 15 38 i

192 1090 150 22 lärokursens
365 1091 76 28 öfriga
463 1091 60 28 (icke
546 1091 113 21 särskildt
681 1090 161 29 uppräknade)
865 1094 82 17 ämnen

193 1124 119 22 meddelas
335 1126 13 20 å
367 1125 28 22 de
411 1125 121 22 inhemska
548 1125 101 29 språken
665 1125 76 28 enligt
756 1125 45 21 den
817 1124 130 29 anordning

192 1159 45 21 och
253 1159 134 29 fördelning
407 1159 104 22 direktor
527 1161 59 20 efter
601 1160 92 21 samråd
708 1159 53 22 med
776 1159 171 29 uppfostrings-

192 1193 106 22 komitén
319 1194 159 22 bestämmer".
503 1207 26 3 —
553 1195 71 20 Detta
648 1194 41 21 sitt
711 1193 89 29 förslag
822 1193 125 22 motiverar

193 1229 102 21 Senaten
310 1229 53 21 med
379 1229 102 28 följande
497 1229 53 21 ord:
566 1229 117 28 ,Emedan
699 1228 106 28 önskligt
819 1231 31 25 är,
861 1229 35 20 att
906 1235 41 14 un-

193 1263 168 28 dervisningen
377 1263 6 21 i
401 1263 117 22 allmänna
534 1261 93 28 ämnen,
641 1263 99 21 hvilken
755 1263 37 20 för
803 1262 144 21 närvarande

192 1297 119 21 meddelas
327 1298 30 27 på
373 1298 106 27 svenska,
494 1301 43 18 när
550 1297 231 28 omständigheterna
792 1296 84 25 sådant
886 1296 61 21 med-

192 1332 67 28 gifva
274 1332 78 21 kunde
367 1332 9 21 i
391 1332 55 21 flere
461 1332 56 21 eller
533 1332 61 21 färre
611 1335 83 18 ämnen
709 1331 106 28 försiggå
830 1331 31 28 på
871 1330 76 22 finska

192 1367 103 28 språket,
317 1373 54 15 men
388 1367 179 28 möjligheterna
582 1366 80 22 härför
677 1365 120 29 svårligen
812 1365 80 22 kunna
907 1365 41 21 be-

193 1401 81 21 dömas
298 1401 25 21 af
344 1401 72 21 andra
439 1405 29 17 än
493 1402 59 27 dem,
576 1408 49 14 som
648 1404 39 18 äro
703 1400 54 22 med
771 1400 177 22 förhållandena

262 1442 99 18 Allmänna
376 1442 174 18 Besvärsutskottets
561 1442 110 18 betänkande
683 1442 37 18 N:o
733 1443 30 17 38.
