1048 1731
255 121 12 21 2
452 119 208 25 Pelitionsbatänkande
675 119 34 24 N:o
725 119 40 23 43.

297 183 104 20 Storleken
416 183 21 20 af
451 184 58 19 dessa
524 183 26 20 fel
566 184 47 24 tyda
629 184 26 24 pä
670 189 23 14 en
710 183 109 24 ingalunda
829 186 40 17 stor
877 188 107 19 noggrann-

227 213 34 20 het
276 212 21 20 af
311 213 54 18 detta
381 212 42 20 värt
438 211 31 20 för
484 212 122 19 närvarande
621 213 63 24 bästa,
699 212 32 20 för
747 213 37 18 den
805 215 54 17 stora
880 211 104 21 allmänhe-

227 244 34 17 ten
283 241 121 24 tillgängliga
425 241 94 19 kartverk
542 241 55 19 öfver
619 241 67 20 landet
707 241 7 19 i
735 241 44 19 dess
794 241 78 23 helhet;
887 241 56 19 dessa
958 239 25 20 fel

227 270 116 19 konstatera
358 270 94 23 derjemte
468 275 25 14 en
508 269 116 24 oförklarlig
643 269 134 20 försummelse
793 272 29 17 att
837 269 32 20 vid
880 268 104 21 affattande

228 298 21 20 af
263 299 54 19 detta
332 298 93 19 kartverk
441 297 44 20 fullt
500 298 132 24 tillgodogöra
647 298 36 19 allt
705 298 34 19 det
761 298 74 25 arbete,
859 303 40 14 som
921 296 64 21 blifvit

228 327 94 24 nedlagdt
336 327 26 24 pä
377 332 23 14 en
416 327 6 18 i
438 327 193 24 gradmätningarnes
648 327 83 19 historia
747 327 22 19 sä
791 326 130 20 framstäende
936 327 48 18 mät-

228 356 53 25 ning,
297 361 41 14 som
353 355 38 20 den
406 355 76 19 nämda.
512 355 96 20 Enskilda
623 355 131 24 oriktigheter
769 355 6 19 i
786 355 70 20 kartan
867 355 57 19 hafva
932 354 52 20 dess-

229 386 54 18 utom
298 385 17 23 ej
333 384 21 19 sä
369 384 61 19 sällan
446 383 123 25 framhållits,
585 386 66 17 senast
666 383 21 20 af
708 384 38 19 den
769 383 81 26 komité,
873 389 40 14 som
936 383 49 19 varit

229 413 71 20 tillsatt
314 412 32 20 för
360 412 145 24 undersökning
521 411 21 20 af
556 413 37 18 den
608 412 97 20 Karelska
721 413 73 19 banans
803 412 97 19 blifvande
911 411 74 20 sträck-

229 442 53 23 ning.
312 441 69 19 Denna
395 441 74 19 komit6
485 440 112 21 framhåller
612 441 95 24 nämligen
723 441 7 19 i
745 442 36 18 sitt
796 441 121 19 betänkande
936 440 49 19 huru

231 475 68 19 genom
322 469 102 20 Vuoksens
443 469 82 24 fällning
540 469 22 19 är
578 469 53 20 1857
648 469 98 20 särskilda
761 470 114 23 vattendrag
890 469 41 19 dels
947 468 39 19 för-

231 499 85 25 svunnit,
339 498 42 20 dels
404 498 30 19 till
456 498 30 20 sin
508 498 75 20 storlek
606 498 21 20 sä
644 498 134 26 förminskats,
794 500 29 18 att
837 497 148 25 generalkartan

231 527 56 20 öfver
309 528 57 18 dessa
388 527 77 19 trakter
486 528 32 23 ,är
540 527 74 23 ganska
634 527 150 20 vilseledande".
799 538 30 3 —
842 527 46 19 Men
903 526 21 20 af
937 526 49 19 huru

231 558 42 18 stor
295 556 40 24 vigt
358 561 23 14 en
404 558 63 17 större
491 556 133 24 noggrannhet
639 556 7 18 i
661 556 38 19 den
714 556 121 19 horisontala
850 555 136 25 projektionen

231 587 25 17 än
271 584 31 20 mä
317 590 53 19 vara,
385 583 92 21 framstär
492 584 51 20 dock
558 584 63 20 säsom
636 584 81 20 kartans
733 586 74 18 största
825 584 49 20 brist
895 584 40 24 det,
957 585 29 17 att

231 614 39 19 alla
284 612 183 25 höjdförhällanden
482 612 21 20 af
521 613 109 19 densamma
644 613 83 19 lemnats
743 613 116 20 obeaktade.

300 641 29 20 Af
350 641 77 19 hvilken
449 641 101 24 betydelse
571 642 135 19 kännedomen
730 647 31 14 om
784 642 57 19 dessa
863 644 22 17 är
906 640 31 20 för
958 642 29 17 ett

231 670 57 20 lands
303 670 127 20 ekonomiska
444 670 112 24 utveckling
572 670 36 20 och
624 670 44 20 dess
683 670 68 19 kultur
765 672 23 18 är
803 670 22 20 sä
839 670 7 19 i
861 672 74 22 ögonen
950 668 36 20 fal-

231 699 65 25 lande,
319 701 30 17 att
371 698 59 24 nägot
453 699 86 19 ordande
561 699 67 19 härom
644 699 61 19 mäste
720 699 35 19 vid
770 699 55 19 detta
840 698 76 20 tillfälle
931 702 56 15 anses

232 727 130 24 öfverflödigt.
375 738 25 3 —
417 727 149 24 Otvifvelaktigt
580 728 82 24 erbjuda
677 728 24 19 de
717 727 131 24 mångfaldiga
855 727 131 22 nivellerings-

232 756 88 25 arbeten,
335 761 42 14 som
392 756 6 18 i
413 756 66 19 landet
494 755 102 25 företagits
612 756 31 19 för
656 757 109 25 jernvägs-,
781 756 156 24 kanaliserings-,
948 755 39 23 sjö-

232 784 108 24 fällnings-,
362 784 219 24 torrläggningsföretag
604 785 36 19 och
665 785 62 19 andra
751 785 87 25 arbeten,
864 787 28 17 ett
915 783 73 25 ganska

232 813 42 20 rikt
296 813 88 19 material
406 812 31 20 för
459 813 64 19 denna
544 813 116 20 kännedom.
690 814 59 19 Dock
771 813 99 20 erfordras
892 812 31 20 för
938 811 50 21 atti

232 842 67 19 nämdt
314 841 91 20 afseende
421 842 129 24 tillgodogöra
566 842 54 20 detta
635 842 89 20 material
747 844 30 18 att
799 841 143 21 sammanbinda
964 840 24 19 de

233 870 64 20 skilda
312 870 224 26 nivelleringsarbetena,
552 872 28 18 att
595 871 67 19 vidare
677 871 132 24 komplettera
823 871 57 19 dessa
895 870 59 23 enligt
965 874 24 14 en

232 899 27 24 pä
280 898 83 20 förhand
383 899 98 24 uppgjord
503 899 52 24 plan,
578 901 30 18 att
629 899 82 20 hänföra
726 899 179 24 nivelleringsnätet
919 898 30 20 till
965 903 23 14 en

233 927 159 24 medelhafsnivä,
414 933 41 14 som
477 933 69 19 genom
568 927 121 21 fortfarande
712 928 194 20 niväobservationer
929 927 60 24 enligt

233 962 80 14 numera
328 956 79 20 allmänt
422 959 83 22 antagen
519 957 66 19 metod
600 957 85 20 äterstär
700 960 30 17 att
745 963 51 18 noga
810 957 111 22 bestämma,
941 955 47 20 slut-

232 985 53 24 ligen
309 987 30 18 att
353 985 64 20 införa
433 985 24 20 de
472 991 63 14 vunna
549 986 108 19 resultaten
670 986 7 19 i
693 986 77 19 landets
785 985 99 20 kartverk.
914 984 75 19 Visser-

233 1014 52 24 ligen
300 1013 79 25 päkalla
394 1014 39 19 alla
447 1014 57 19 dessa
519 1015 125 23 operationer
663 1014 99 25 betydliga
784 1014 107 20 materiella
913 1012 76 26 uppoff-

233 1043 78 24 ringar;
325 1042 51 20 dock
390 1043 22 23 ja
427 1042 42 20 förr
484 1042 76 20 arbetet
574 1043 127 24 planmässigt
716 1043 105 25 begynner,
840 1043 55 19 desto
911 1047 78 15 snarare

232 1070 33 21 fär
279 1071 67 20 landet
361 1071 72 20 skörda
448 1071 37 20 den
500 1073 61 24 nytta,
577 1077 41 14 som
634 1071 40 20 stär
690 1073 30 18 att
735 1072 67 19 vinnas
821 1071 22 20 af
864 1073 29 18 ett
915 1071 74 24 dugligt

233 1100 102 19 kartverk.
365 1099 64 20 Också
443 1099 36 20 har
494 1105 50 21 man,
560 1099 45 20 fullt
620 1100 147 25 uppskattande
783 1101 63 18 denna
860 1101 62 23 nytta,
937 1099 7 20 i
954 1099 37 19 alla

234 1134 54 14 mera
303 1128 131 20 framskridna
453 1129 45 19 land
513 1129 44 20 icke
573 1129 54 24 skytt
642 1129 24 20 de
682 1131 75 18 största
772 1129 139 24 uppoffringar,
926 1128 66 19 hvilka

235 1157 58 20 äfven
315 1157 42 20 ledt
378 1157 30 19 till
431 1157 197 24 anmärkningsvärda
643 1158 90 19 resultat.
763 1157 40 20 Det
817 1160 22 17 är
854 1157 81 20 sälunda
949 1156 43 20 frän

234 1186 74 19 medlet
330 1185 21 20 af
365 1185 115 20 1860-talet
501 1186 25 19 de
549 1185 55 21 flesta
624 1187 68 19 länder
707 1187 6 18 i
729 1186 80 25 Europa
825 1185 89 21 omfattat
929 1185 63 25 präci-

237 1215 52 19 sions
311 1214 137 24 nivelleringar
469 1215 44 19 med
534 1221 23 13 en
572 1215 99 24 synnerlig
686 1215 102 20 förkärlek
803 1215 37 20 och
856 1215 60 19 delvis
931 1214 61 20 redan

235 1242 80 20 slutfört
330 1243 24 20 de
370 1243 77 24 mycket
462 1243 119 20 omfattande
596 1244 80 19 arbeten
692 1244 25 19 de
732 1243 84 25 förelagt
831 1243 35 24 sig.
909 1265 2 4 —.

304 1271 46 20 Men
373 1277 30 17 om
426 1277 23 14 ur
472 1272 33 19 det
528 1273 59 23 sagda
609 1273 57 19 torde
689 1272 80 24 framgä,
793 1272 66 19 hvilka
873 1271 119 20 omfattande

237 1300 82 19 arbeten
334 1300 73 19 förestä
423 1299 31 20 för
469 1306 23 14 en
507 1301 59 24 nödig
580 1301 86 19 revision
681 1300 22 20 af
716 1301 44 19 värt
775 1301 93 19 kartverk
890 1300 37 19 och
949 1299 44 20 dess

237 1329 152 24 komplettering
412 1329 43 19 med
479 1329 73 23 hänsyn
574 1329 31 20 till
620 1330 76 19 landets
713 1329 46 24 föga
773 1330 84 19 utredda
873 1327 120 26 höjäförhäl-

237 1357 79 25 landen,
331 1357 62 24 måste
408 1357 24 19 de
447 1357 98 25 åtgärder,
561 1363 41 15 som
616 1359 77 24 nyligen
709 1358 112 24 föreslagits
836 1358 31 20 för
877 1358 55 19 detta
939 1357 54 19 kart-

238 1387 57 19 verks
319 1385 144 22 fullkomnande
483 1386 22 20 af
525 1386 86 20 komitön
634 1387 31 19 för
687 1387 86 19 revision
795 1386 22 20 af
829 1385 164 22 landtmäteriför-

237 1414 140 26 fattningarna,
393 1421 56 13 anses
465 1414 117 26 fullkomligt
597 1416 138 24 otillräckliga.

306 1454 102 18 Allmänna
420 1454 188 19 Besvärsutskottets
620 1454 123 18 betänkande
755 1454 36 19 N:o
803 1455 29 18 34.
