1048 1731
214 131 12 20 8
397 130 230 22 Petitionsbetänkande
643 129 35 22 N:o
693 129 36 22 35.

184 193 36 21 lor
242 192 77 21 skulle
342 192 83 22 endast
449 192 72 21 omkr.
544 193 94 26 240,000
660 191 58 22 barn
741 192 26 21 af
785 191 52 22 hela
853 191 88 23 antalet

184 227 95 26 390,000
300 227 25 20 få
347 226 179 29 undervisning.
556 226 54 21 Med
634 225 87 22 sådana
743 226 34 21 tal
798 226 37 21 för
850 230 91 25 ögonen

184 261 74 22 måste
281 261 104 26 fordran,
402 263 35 19 att
459 261 82 28 hvarje
557 261 59 21 barn
630 261 32 28 på
676 260 135 22 landsorten
827 261 60 22 skall
901 261 39 21 be-

186 295 56 22 söka
265 295 72 28 högre
353 295 124 27 folkskola,
494 295 71 21 redan
581 295 27 21 af
621 294 122 22 finansiela
759 295 56 26 skäl,
831 295 110 22 förblifva

184 337 29 14 en
229 329 166 29 förhoppning,
411 337 49 14 som
477 329 39 22 det
531 329 142 21 tillkommer
689 336 29 14 en
733 329 104 28 aflägsen
846 329 95 22 framtid

184 366 35 19 att
239 363 117 22 realisera.
391 363 77 22 Under
484 363 88 22 sådana
587 363 164 22 förhållanden
766 363 113 29 förtjenar
893 363 45 22 den

185 397 134 27 barnskola,
342 404 49 15 som
414 397 210 22 folkskollärarena
645 397 76 28 enligt
735 398 150 21 föreskriften
901 397 8 21 i
925 399 12 25 $

187 433 41 21 124
243 431 289 29 folkskoleförordningen
548 435 39 18 äro
602 431 145 29 förpligtade
763 434 34 19 att
812 432 74 21 under
900 432 39 21 nä-

186 473 41 22 gra
244 466 73 28 dagar
332 467 26 20 af
372 466 50 21 året
437 466 64 21 hålla
516 466 7 21 i
539 465 147 22 folkskolans
702 466 69 27 lokal,
787 467 43 21 och
841 473 48 15 som
897 473 41 14 un-

186 500 41 22 der
250 500 101 22 läseäret
374 501 113 22 1985—86
510 500 110 22 besöktes
636 501 26 21 af
676 501 75 28 13,627
767 501 84 27 elever,
867 501 73 28 knapt

187 542 47 21 nog
250 537 35 19 att
301 538 134 18 omnämnas
451 536 72 21 bland
538 536 57 20 våra
611 535 241 29 bildningsanstalter.

257 570 131 22 Ständerna
410 570 71 22 hafva
497 570 39 21 vid
554 570 112 22 1877—78
683 571 36 21 års
735 570 112 28 landtdag
863 569 74 22 ansla-

188 604 35 28 git
241 604 65 26 2,000
325 604 66 22 mark
406 604 35 22 för
457 606 34 19 att
507 604 91 28 ärligen
614 604 119 22 användas
749 604 37 22 till
801 604 100 22 arvoden
917 604 24 20 ät

188 638 87 22 sädana
298 638 177 22 folkskollärare
498 639 44 21 och
565 639 137 26 lärarinnor,
726 646 48 14 som
796 646 84 21 genom
896 641 46 18 sär-

188 672 63 22 skild
281 673 172 29 undervisning
481 673 91 21 utbilda
594 673 75 22 lärare
691 674 44 21 och
758 673 129 22 lärarinnor
910 672 34 21 för

188 707 137 26 smäskolor,
342 708 43 21 och
408 708 71 21 hafva
503 708 99 21 sälunda
617 708 84 21 erkänt
715 708 67 21 dessa
797 707 89 21 skolors
902 707 38 21 be-

186 742 100 28 tydelse.
317 742 70 21 Detta
403 742 81 28 anslag
510 742 46 22 kan
572 742 53 21 icke
642 749 67 14 anses
725 749 56 15 vara
796 740 146 29 tillräckligt,

189 783 36 14 om
248 783 55 15 man
328 778 65 26 tager
411 776 8 22 i
435 776 155 22 betraktande
607 778 35 20 att
657 784 48 21 nya
720 776 128 22 smäskolor
862 775 79 29 hvarje

188 811 26 21 är
236 811 112 21 inrättats
371 811 44 21 och
429 812 118 28 framgent
562 811 99 21 inrättas
677 813 60 19 samt
752 813 34 19 att
801 811 45 21 den
861 810 83 22 lärare-

189 845 115 28 personal,
329 852 48 14 som
401 846 91 21 arbetar
515 846 8 20 i
539 845 67 22 dessa
622 845 84 27 skolor,
723 845 26 21 af
761 844 134 22 flerehanda
908 851 35 14 or-

188 879 69 21 saker
293 883 24 18 är
348 880 158 21 underkastad
536 882 50 19 täta
608 880 129 28 vexlingar.
768 880 46 21 Det
833 879 108 27 tillskott,

189 921 48 14 som
254 914 91 29 årligen
361 914 71 22 borde
447 914 112 28 utbildas,
576 914 46 22 kan
638 914 53 22 icke
706 914 114 22 beräknas
835 914 64 28 lägre
915 917 29 18 än

190 948 36 21 till
253 949 26 21 10
294 955 63 22 proc.
373 949 25 21 af
411 949 53 22 hela
479 949 53 21 hela
548 949 89 21 antalet
652 949 73 22 lärare
740 950 47 21 964.
819 949 12 22 I
846 948 95 22 hvilken

188 983 55 20 mån
267 983 65 22 detta
355 983 74 22 behof
452 983 80 22 blifvit
547 983 182 28 tillfredsstäldt,
745 984 102 27 framgår
863 983 23 21 af
899 983 42 21 föl-

187 1017 72 27 jande
276 1017 200 22 sakförhållandet
491 1017 129 28 belysande
636 1017 84 23 siffror:

261 1440 99 18 Allmänna
373 1441 171 18 Besvärsutskottets
556 1442 110 17 betänkande
678 1442 35 17 N:o
725 1442 30 16 29.
