1048 1731
291 126 273 23 Petitionsbetänkande
580 127 38 21 N:o
634 126 35 22 33.
803 127 26 20 27

104 190 8 20 i
128 189 167 22 Kristinestad.
326 189 133 22 Utskottets
475 188 119 29 majoritet
609 189 47 21 kan
672 189 77 21 derför
761 189 52 22 icke
823 196 36 14 an-

104 226 40 19 nat
160 228 29 17 än
204 223 91 22 förorda
311 223 40 21 det
367 223 26 21 af
405 223 100 22 rättvisa
521 223 43 21 och
578 223 111 28 billighet
704 223 155 22 förestafvade

104 259 118 28 förslaget.

176 293 46 21 Det
251 292 41 21 har
321 291 84 22 härvid
436 291 130 28 ingalunda
597 291 120 28 förglömts
741 294 34 19 att
798 292 61 21 skol-

105 327 124 28 budgeten,
253 326 70 21 äfven
345 326 57 29 eljes
427 326 69 21 stadd
511 326 9 21 i
535 325 101 28 tillväxt,
653 326 98 21 sålunda
767 326 91 21 komme

105 363 34 19 att
154 361 102 21 belastas
275 361 52 21 med
347 362 35 19 ett
397 363 54 25 nytt
467 360 60 21 kraf.
558 360 54 21 Men
629 360 29 21 då
673 361 66 20 detta
754 361 55 20 kraf
823 360 35 21 in-

104 395 103 28 galunda
229 398 25 18 är
277 395 26 21 af
315 395 63 21 lokal
393 397 70 19 natur
480 395 45 21 och
540 395 64 28 förty
620 395 52 21 icke
687 395 53 21 med
755 395 41 28 fog
811 394 47 21 kan

104 429 26 22 af
150 429 40 22 det
212 429 117 22 allmänna
351 429 93 27 afvisas,
460 429 74 21 måste
550 429 8 21 i
574 429 63 21 detta
652 429 44 21 fall
712 429 45 21 den
773 429 86 21 ekono-

104 464 76 21 miska
202 463 150 29 synpunkten
374 463 104 22 tilldelas
501 471 29 14 en
553 463 120 28 betydelse
688 464 59 21 först
763 463 8 21 i
787 463 72 21 andra

104 500 104 20 rummet.
238 498 122 22 Utskottet
375 498 38 22 får
428 498 80 22 derför
523 498 120 22 vördsamt
658 498 95 22 föreslå:

311 552 33 20 att
366 551 85 21 landets
473 551 115 28 höglofliga
603 550 94 22 Ständer
712 552 49 20 ville
775 552 38 20 hos
828 550 24 21 H

241 585 30 21 K.
295 585 44 21 M:t
359 586 9 20 i
390 585 177 28 underdänighet
581 586 97 26 anhålla,
691 588 33 19 att
738 586 120 26 4-klassiga

241 620 72 26 finska
328 620 196 22 elementarskolan
542 620 9 21 i
567 620 140 22 Nikolaistad
721 620 54 27 från
791 621 67 20 nästa

241 654 138 22 hösttermins
401 654 77 28 början
501 654 59 22 klass
583 654 35 28 för
632 654 59 22 klass
705 655 66 21 måtte
785 654 71 22 wtvid-

239 696 40 21 gas
295 689 32 21 till
342 691 29 19 ett
385 689 143 28 fullständigt
542 689 101 21 klassiskt
658 689 87 27 lycewm.

173 740 122 29 Förslaget
310 748 36 14 om
361 741 161 29 finskspråkig
537 741 220 28 parallelafdelning
772 740 41 22 vid
822 740 35 28 ly-

105 782 65 14 ceum
193 775 9 21 i
223 776 77 27 Borgå
323 775 135 22 framhåller
481 776 104 21 deremot
607 778 33 18 ett
663 774 129 28 skolbehof,
809 781 48 15 som

104 809 119 21 härintills
246 809 43 21 alls
311 810 52 21 icke
386 810 30 28 på
438 810 79 28 privat
540 814 46 24 väg
608 810 163 21 konstaterats.
802 808 55 22 Icke

103 843 75 22 heller
199 844 41 21 har
262 844 78 28 Borgå
363 844 52 21 stad
438 844 76 21 såsom
530 844 151 28 medelpunkt
695 844 36 21 för
747 845 34 19 ett
797 843 61 21 skol-

104 878 92 21 område
220 880 33 19 att
277 878 81 28 påvisa
380 886 41 13 ens
445 878 151 22 närmelsevis
613 878 44 22 den
672 878 75 21 finska
763 877 93 22 talande

103 912 163 26 folknumerär,
290 920 49 14 som
363 912 27 22 de
407 915 68 25 orter,
492 912 83 22 hvilka
590 912 152 22 härförinnan
757 912 45 21 och
817 912 40 21 vid

104 947 76 22 denna
200 947 113 28 landtdag
334 948 8 20 i
357 948 162 28 petitionsväg
535 947 53 22 sökt
603 947 88 22 erhålla
706 946 152 29 fullständigt

103 981 98 29 lyceum,
241 982 35 21 Då
307 981 118 22 dessutom
449 982 28 21 de
501 982 77 21 finska
599 982 142 25 kommuner,
765 981 93 21 hvilkas

104 1016 58 21 barn
184 1016 111 28 möjligen
321 1016 78 21 kunde
425 1016 88 22 besöka
536 1018 34 19 ett
591 1017 8 20 i
624 1016 77 28 Borgå
719 1015 138 29 upprättadt

103 1050 72 22 finskt
190 1051 97 28 lyceum,
307 1051 66 28 långt
389 1051 78 28 hellre,
484 1051 31 28 på
531 1051 52 21 skäl
598 1058 48 14 som
662 1049 145 22 beträffande
823 1049 34 22 fö-

103 1085 116 28 regående
235 1085 119 28 skolfråga
374 1085 149 27 framhållits,
540 1085 66 22 torde
620 1085 106 28 uppsöka
742 1084 49 22 dels
807 1091 50 14 nor-

103 1119 125 28 mallyceet
251 1119 8 21 i
284 1119 183 28 hufvudstaden,
492 1120 50 21 dels
563 1121 50 20 åter
628 1119 115 22 klassiska
757 1118 101 29 lyceet
848 1114 15 37 i

104 1153 151 26 Tavastehus,
279 1153 42 22 har
343 1154 124 22 Utskottet
483 1154 54 21 med
553 1154 171 28 öfvervägande
740 1153 118 28 majoritet

103 1187 81 22 funnit
199 1188 87 28 skäligt
301 1189 92 27 föreslå,

310 1259 32 20 att
357 1257 173 28 ifrågavarande
541 1257 186 28 petitionsförslag
742 1256 65 21 måtte
824 1255 32 21 till

241 1291 66 28 ingen
322 1292 78 27 åtgärd
415 1292 123 27 föranleda.

172 1365 38 22 Nu
226 1366 107 28 gällande
349 1366 160 29 lektionsplan
524 1367 36 21 för
576 1366 113 22 klassiskt
697 1366 97 28 lyceum,
803 1365 56 21 fast-

104 1400 62 22 stäld
188 1408 83 20 genom
294 1400 65 29 Kejs.
383 1401 103 22 Senaten
510 1401 52 21 bref
583 1401 25 21 af
629 1400 44 22 den
690 1402 25 20 13
731 1400 128 22 December

172 1440 98 18 Allmänna
288 1440 175 19 Besvärsutskottets
475 1441 110 18 betänkande
597 1440 35 18 N:o
644 1441 31 16 27.
