1048 1731
313 125 232 20 Petitionsbetänkande
560 125 37 20 N:o
613 125 33 20 26.
815 125 13 18 9

99 185 242 28 lossningsanstalterna
356 186 47 22 afse
423 185 183 28 hufvudsakligen
629 187 77 20 endast
723 189 32 18 att
771 186 87 28 betjena

100 220 99 22 enskilda
222 221 63 20 svåra
307 220 40 21 och
363 221 117 20 ömmande
503 220 38 21 fall
557 220 40 21 och
612 221 37 20 äro
665 220 33 21 för
714 221 60 21 detta
789 221 64 21 ända-

99 255 44 21 mål
159 255 167 27 oundgängliga.
356 255 42 21 Det
414 254 174 28 framgångsrika
603 254 84 21 arbetet
703 256 28 26 på
747 255 109 22 barnmor-

100 289 210 22 ske-institutionens
326 289 135 27 utbildande,
477 289 82 22 hvilket
569 289 39 21 hos
619 296 34 14 oss
664 290 67 26 pågår
742 290 40 21 och
794 290 63 21 hvars

101 323 90 22 resultat
214 323 65 21 bland
303 326 68 19 annat
386 323 59 22 visar
468 324 31 27 sig
521 323 77 25 deruti,
615 326 33 18 att
664 323 192 22 barnmorskornas

101 358 65 26 antal,
182 365 46 14 som
248 358 23 21 år
295 359 54 21 1882
365 365 39 14 var
424 359 49 24 306,
498 359 53 20 1887
568 357 60 28 stigit
643 357 32 22 till
690 359 49 23 453,
755 359 40 43 bör
810 359 46 21 der-

100 393 34 21 för
149 392 89 28 kraftigt
254 392 112 22 fortsättas
382 393 41 21 och
439 393 26 21 af
477 395 71 19 staten
564 399 89 21 gynnas.

168 427 49 21 Med
240 428 48 20 stöd
311 427 24 22 af
356 427 64 22 ofvan
444 427 93 22 anförda
552 427 47 21 skäl
614 427 33 21 får
662 427 72 21 derför
749 427 107 22 utskottet

102 463 110 20 vördsamt
227 461 86 27 föreslå,
329 464 32 19 att
376 462 87 21 landets
478 461 117 28 höglofliga
610 462 94 21 Ständer
720 462 49 21 ville
781 461 74 22 förena

102 496 32 29 sig
150 503 34 15 om
199 503 26 15 en
241 496 135 28 underdånig
392 496 93 28 petition
501 497 7 21 i
523 497 37 21 det
576 496 63 27 syfte,

307 567 34 19 att
355 565 8 21 i
379 565 79 21 länens
480 566 170 20 residensstäder
665 566 42 25 och,
731 566 38 21 der
783 566 76 28 nödigt

273 606 69 21 synes,
362 600 67 27 äfven
445 600 32 27 på
492 600 73 22 andra
581 601 63 25 orter,
660 600 87 21 hvarest
761 600 94 22 allmänt

273 634 90 28 sjukhus
385 634 78 27 finnes,
488 634 227 22 barnbördsanstalter
733 635 66 27 blefve
813 642 42 14 un-

274 669 115 21 derhållna
413 669 9 21 i
444 669 95 27 främsta
564 671 93 20 rummet
679 670 36 27 för
737 670 118 26 medellösa,

274 704 60 21 såväl
347 704 58 28 gifta
421 711 45 14 som
481 704 69 28 ogifta
566 704 166 27 barnföderskor
747 704 46 22 med
803 704 55 28 efter

275 738 95 28 behofvet
387 738 33 28 på
442 738 75 28 hvarje
540 740 35 20 ort
596 738 96 28 lämpadt
714 739 65 21 antal
797 739 59 28 sjuk-

275 774 88 26 sängar.

206 829 140 28 Helsingfors,
362 830 24 21 af
404 829 117 22 Allmänna
543 830 200 22 Besvärsutskottet
767 832 41 20 den
831 832 28 20 20

104 864 61 28 April
182 865 59 22 1888.

172 992 10 21 I
198 993 99 20 ärendets
320 992 178 27 slutbehandling
517 992 65 22 hafva
598 993 91 26 deltagit
705 993 154 26 ordföranden,

105 1026 48 21 frih.
176 1026 27 21 M.
220 1027 23 20 V.
267 1027 24 21 af
307 1027 112 26 Schultén,
443 1027 148 22 ledamöterne
614 1027 24 21 A.
654 1027 113 24 Norrmén,
791 1027 68 22 Juuso

106 1060 106 28 Hedberg,
228 1061 109 23 Järvinen,
353 1061 128 27 Blomstedt,
497 1061 130 28 Tojkander,
639 1061 91 28 Nyberg,
743 1061 116 28 Schyberg-

106 1101 46 19 son,
174 1095 23 20 V.
215 1090 76 33 Öberg,
315 1095 84 28 Ojanen
417 1095 41 22 och
473 1079 125 38 Päivärinta
620 1098 55 19 samt
691 1095 168 28 suppleanterne

106 1128 87 27 Schildt,
210 1137 18 14 v.
244 1129 120 26 Rehausen,
380 1130 113 21 Tervonen
509 1130 41 21 och
566 1130 137 21 Malkamäki.

210 1451 99 32 Helsingfors,
320 1467 14 13 J.
345 1467 60 13 Simelii
415 1452 88 32 arfvingars
512 1468 97 16 boktryckeri
619 1468 91 16 aktiebolag,
720 1468 40 12 1£88.
