1048 1731
212 132 14 21 2
346 132 71 21 Ständ.
433 132 43 21 Pet.
492 144 27 3 —
535 132 141 21 Petitionsbet.
693 132 35 21 N:o
743 131 38 22 50.

254 194 83 21 Genom
353 195 76 26 nådigt
445 194 144 21 cirkulärbref
602 194 26 21 af
640 195 41 20 den
699 195 26 20 26
742 194 51 21 Juni
810 194 55 22 1885
878 193 65 22 hafva

184 234 77 21 inalles
285 235 115 25 2,000,000
416 234 62 21 mark
493 235 24 20 af
530 234 112 21 allmänna
657 235 147 20 statsfondens
819 234 70 21 medel
905 241 36 14 an-

185 274 76 27 slagits
279 275 46 26 ,till
341 275 102 20 bildande
459 275 58 20 inom
532 275 223 20 landskommunerna
770 274 25 21 af
811 274 131 27 odlingsfon-

186 315 44 25 der,
247 315 48 20 från
311 315 74 21 hvilka
400 315 99 21 enskilda
511 315 146 27 jordbrukare
673 315 73 20 kunde
761 314 83 21 erhålla
859 314 85 21 mindre

184 354 38 21 län
239 355 34 20 till
288 355 142 26 företagande
447 355 24 20 af
484 355 129 27 nyodlingar
628 355 40 20 och
683 355 70 20 andra
768 354 155 27 förbättringar
936 354 7 21 i

182 394 151 28 jordbruket".
365 395 39 21 Om
421 396 62 20 dessa
498 395 36 21 lån
550 395 74 26 gäller,
640 395 67 27 enligt
718 396 67 25 sagda
795 394 148 27 cirkulärbref,

186 437 33 18 att
241 435 168 21 landskommun
427 436 50 25 kan,
493 435 55 22 efter
562 435 99 21 ansökan
676 435 39 21 hos
731 435 162 21 vederbörande
908 442 35 20 gu-

186 475 84 25 vernör,
293 475 8 20 i
322 476 52 20 mån
397 476 25 21 af
442 476 34 21 för
495 475 124 22 ändamålet
635 475 123 28 disponibla
773 475 122 30 tillgångar,
911 481 32 14 er-

186 514 59 22 hålla
261 517 32 19 ett
308 516 144 21 låneförskott
467 516 25 21 af
504 518 58 19 ända
577 516 33 20 till
627 517 77 23 15,000
715 516 67 25 mark,
796 516 37 21 och
844 516 7 20 i
860 516 83 20 undan-

187 555 89 27 tagsfall
292 556 33 20 till
341 557 40 20 och
397 558 49 19 med
461 556 66 27 högre
543 556 86 27 belopp,
646 557 29 26 på
690 557 27 21 20
733 557 35 20 års
779 556 31 20 tid
818 558 57 18 emot
884 556 59 20 kom-

187 603 92 13 munens
295 603 161 21 gemensamma
471 596 144 27 ansvarighet,
632 596 33 21 för
681 599 32 18 att
729 596 63 21 deraf
801 596 33 21 till
845 596 99 21 enskilda

182 636 148 28 jordbrukare
347 637 82 27 utgifva
444 637 36 21 lån
495 637 32 20 till
543 636 78 28 belopp
634 637 24 21 af
666 636 63 27 högst
737 637 48 25 800,
800 636 35 21 och
844 636 6 20 i
859 637 84 20 undan-

187 676 88 28 tagsfall
294 678 62 25 1,000
371 677 68 25 mark,
455 679 32 19 att
501 676 97 28 åtnjutas
614 677 6 20 i
636 677 64 27 högst
713 678 12 20 7
737 678 35 20 års
782 677 32 20 tid
822 679 56 18 samt
886 679 57 18 emot

187 717 33 25 3,6
231 718 28 26 %%
283 718 69 20 ränta.
383 717 60 21 Intill
466 718 53 20 1887
540 718 34 20 års
590 718 82 26 utgång
688 717 65 21 hafva
768 716 73 28 dylika
855 716 36 22 län
907 716 37 21 be-

187 756 74 28 viljats
277 756 78 22 inalles
371 758 42 21 300
428 759 125 19 kommuner
568 757 33 21 till
616 760 32 18 ett
664 757 158 27 sammanlagdt
833 756 78 28 belopp
922 756 27 22 af

189 797 114 26 1,946,400
319 797 68 21 mark.
417 798 29 20 Af
459 798 40 20 den
515 797 33 21 till
564 797 36 21 lån
616 798 50 20 utaf
677 797 166 27 ifrågavarande
859 796 84 22 beskaf-

187 836 76 22 fenhet
285 837 106 27 anslagna
407 844 97 15 summan
520 838 70 20 skulle
606 837 93 21 sålunda
714 838 158 26 odisponerade
887 837 58 21 åter-

187 878 35 20 stå
237 878 78 20 endast
330 878 87 27 vidpass
432 879 77 25 50,000
526 878 66 20 mark.

257 918 75 20 Under
354 918 157 21 framhållande
535 918 25 20 af
580 920 32 18 att
636 917 124 21 ändamålet
775 918 49 20 med
839 917 107 27 ifrågava-

186 958 69 21 rande
271 959 42 25 lån,
331 958 52 21 eller
398 959 36 20 det
451 958 57 26 ,lilla
521 953 144 36 jordbrukets"
673 957 118 26 förkofran,
801 957 47 21 icke
857 957 42 21 kan
908 964 38 14 an-

188 1005 34 14 ses
237 997 141 28 tillgodosedt
393 999 50 20 med
459 999 61 20 dessa
531 998 77 21 hittills
618 998 105 27 anslagna
732 997 77 27 medel,
817 997 88 21 föreslås
914 997 31 21 uti

188 1038 168 27 ifrågavarande
372 1039 222 27 petitionsmemorial,
610 1041 32 18 att
658 1039 23 20 af
695 1039 110 20 allmänna
821 1037 125 22 statsmedel

190 1078 53 21 eller
260 1079 70 20 andra
346 1079 123 27 disponibla
483 1079 117 26 tillgångar
615 1079 68 21 måtte
699 1078 125 28 ytterligare
840 1078 33 21 till
888 1077 56 21 utlå-

188 1119 53 26 ning
265 1119 22 21 åt
309 1118 220 22 landskommunerna
548 1119 72 21 anslås
638 1120 114 24 1,500,000
767 1118 60 21 mark
844 1125 33 14 om
893 1119 46 21 året

189 1159 72 21 under
277 1161 34 19 tre
328 1159 35 21 års
379 1159 32 21 tid
427 1159 51 21 eller
493 1159 77 21 inalles
585 1160 116 24 4,500,000
716 1159 68 20 mark.

260 1199 50 22 Med
326 1199 119 27 anledning
460 1199 24 21 af
497 1200 61 20 detta
573 1199 81 27 förslag
670 1199 91 28 utbedja
776 1199 32 27 sig
824 1199 123 22 Ständerna

188 1239 23 22 få
234 1240 73 21 erinra
330 1241 80 24 derom,
426 1241 33 20 att
471 1239 88 28 jemlikt
579 1239 264 27 Finans-Expeditionens
863 1239 49 21 bref
925 1239 26 21 af

190 1281 41 20 den
247 1281 29 20 24
292 1279 43 28 Maj
355 1281 60 25 1884,
429 1279 80 28 jemväl
523 1279 25 22 af
556 1279 74 28 fattig-
638 1279 40 22 och
687 1279 208 22 arbetshusfondens
904 1286 43 14 me-

190 1320 35 22 del
241 1320 117 26 2,000,000
373 1320 62 21 mark
450 1319 104 27 anslagits
570 1319 47 28 ,,till
632 1319 37 22 lån
684 1319 34 22 för
729 1319 170 27 odlingsföretag
907 1319 40 21 och

188 1360 160 28 förbättringar
370 1361 7 19 i
399 1360 247 27 landthushällningen*.
674 1360 27 21 Af
717 1360 137 27 sistantyddä
869 1359 78 26 medel,

189 1400 76 23 hvilka
281 1408 90 14 numera
385 1401 52 27 ingä
451 1401 7 21 i
473 1402 41 20 den
530 1408 78 20 genom
624 1401 79 27 nädiga
713 1400 146 28 kungörelsen
870 1400 41 21 den
921 1400 25 21 11

189 1441 46 21 Juli
253 1442 55 21 1887
325 1441 110 22 inrättade
449 1441 153 27 ,statsverkets
617 1440 186 28 utläningsfond*,
811 1440 66 22 hafva
891 1440 57 21 intill
