1048 1731
245 137 28 20 62
452 137 211 24 Petitionsbetänkande
679 137 34 23 N:o
729 136 11 23 1.

216 195 93 20 Kouvola
332 195 89 26 jernväg,
444 196 33 19 vid
499 197 126 18 närvarande
649 195 92 20 tidtabell
763 195 33 20 för
819 195 58 24 tågen
897 195 82 20 emellan

216 223 125 24 Helsingfors
362 225 37 19 och
414 225 128 24 Petersburg,
558 230 48 14 vara
621 225 94 19 förenadt
729 224 45 19 med
789 224 120 21 tidsförlust.
938 223 41 20 An-

216 252 79 20 märkas
311 253 37 18 bör
363 253 64 25 äfven,
443 256 30 17 att
489 253 22 20 sä
526 254 58 23 länge
600 259 23 14 en
640 253 74 20 bibana
729 253 18 24 ej
764 252 95 20 förenade
875 253 104 19 Fredriks-

217 281 58 19 hamn
292 281 43 19 med
351 281 87 20 Kotka—
449 277 88 35 Kouvola
554 283 90 25 jernväg,
660 282 28 19 all
703 283 165 22 tropptransport
883 281 43 20 från
943 281 37 19 Pe-

217 309 92 24 tersburg
329 310 30 19 till
375 311 155 19 Fredrikshamn
546 311 37 19 och
599 313 92 22 tvertom,
707 310 80 19 hvilken
804 310 61 23 enligt
881 309 99 25 uppgifter

217 338 22 20 af
252 339 239 24 kommendantstyrelsen
508 339 36 20 och
560 339 172 24 regementstaben
748 339 7 18 i
770 339 155 19 Fredrikshamn
940 338 39 19 kan

216 367 120 24 uppskattas
359 368 30 19 till
409 368 90 24 omkring
515 367 63 25 2,500
594 374 44 13 man
655 368 82 24 årligen,
753 367 65 19 skulle
834 367 64 20 såsom
913 366 66 19 härin-

217 396 41 19 tills
281 396 80 23 betjena
385 397 29 23 sig
439 397 22 19 af
480 397 108 24 jernvägen
612 397 71 18 endast
707 396 84 19 emellan
807 396 121 23 Petersburg
943 395 37 19 och

217 425 109 19 Daviestad
349 428 50 16 samt
418 425 32 20 för
465 428 127 21 transporten
609 425 83 20 emellan
709 425 66 19 denna
790 425 74 19 station
880 424 36 20 och
931 424 49 19 Fre-

217 453 115 19 drikshamn
355 454 6 19 i
384 454 88 24 betydlig
487 455 49 23 grad
552 457 46 21 taga
613 455 6 18 i
635 454 88 24 anspråk
739 453 152 24 befolkningens
907 453 73 24 skjuts-

217 482 178 24 ningsskyldighet.
426 483 95 23 Slutligen
541 483 38 19 kan
596 485 90 22 antagas,
702 485 29 16 att
747 481 22 20 af
784 483 38 18 den
838 482 44 19 icke
898 481 82 24 obetyd-

218 511 39 23 liga
280 514 102 21 transport
404 512 22 18 af
447 515 51 16 vatt-
521 512 37 19 och
580 512 128 22 handsägade
729 513 98 21 trävaror,
843 516 42 14 som
900 510 32 20 för
947 510 34 19 det

217 540 125 19 närvarande
365 546 46 17 eger
434 546 42 13 rum
496 540 44 20 frän
557 540 23 19 de
596 541 6 18 i
618 546 48 13 norr
682 546 31 13 om
729 540 71 19 staden
817 540 90 23 liggande
923 539 58 19 sock-

217 574 62 13 narne
302 568 28 19 till
346 568 161 26 Fredrikshamn,
525 575 23 13 en
564 571 43 17 stor
622 570 32 18 del
670 568 125 20 fortfarande
811 568 75 20 komme
903 570 29 17 att
946 568 35 18 be-

218 597 55 23 tjena
295 597 30 23 sig
348 596 21 20 af
391 598 38 18 den
452 598 90 19 kortaste
565 600 62 21 vägen
652 598 29 18 till
704 598 82 18 stadens
806 597 64 25 hamn,
886 596 23 20 sä
923 596 58 24 länge

218 626 65 19 denna
298 626 44 18 med
358 631 23 13 en
398 626 73 20 bibana
487 627 17 23 ej
521 632 47 14 vore
584 626 84 19 förenad
684 626 44 19 med
743 626 114 24 jernvägen.

288 660 37 19 Om
347 660 84 20 sälunda
450 666 24 14 en
490 661 72 23 mängd
578 661 169 23 omständigheter
762 660 77 19 komme
855 661 30 18 att
899 659 83 23 bidraga

218 688 31 20 till
272 694 24 14 en
319 689 75 23 ganska
413 689 113 24 betydande
541 690 107 18 reduktion
664 689 21 19 af
699 690 39 18 den
754 688 59 20 trafik
838 688 58 20 Kotka
911 683 70 35 —-Kou-

217 717 46 19 vola
277 718 83 23 jernväg
375 721 48 16 utan
441 718 123 19 förbindelse
580 718 44 19 med
639 718 156 19 Fredrikshamn
811 717 66 19 kunde
892 716 90 25 päräkna

217 746 27 24 pä
267 746 65 20 denna
355 746 51 25 stad,
429 746 66 20 blefve
511 746 135 20 förhällandet
662 749 29 17 ett
706 748 89 21 motsatt,
812 746 67 19 derest
894 745 38 19 den
949 750 32 14 en-

218 775 45 19 dast
286 774 27 20 10
336 778 53 16 verst
412 775 59 24 länga
492 775 87 19 bibanan
602 775 84 19 emellan
709 775 156 19 Fredrikshamn
889 773 38 20 och
943 774 38 18 Ta-

218 803 72 19 vastila
305 804 74 19 station
394 804 65 19 blefve
476 804 74 19 utförd.

287 837 28 20 Af
335 838 80 19 hvilken
438 838 103 24 betydelse
560 838 31 20 för
606 838 36 19 vär
655 837 162 26 jernvägstrafik,
833 837 88 19 särdeles
937 842 46 18 per-

218 866 129 26 sontrafiken,
371 866 58 20 äfven
445 872 24 14 en
485 867 76 19 mindre
578 868 44 18 stad
638 866 33 20 vid
684 867 152 24 jernvägsnätet
851 868 29 23 är,
896 864 86 25 framgär

217 894 73 25 tydligt
305 901 24 13 ur
342 896 203 24 jernvägsstyrelsens
562 896 126 19 berättelser.
705 906 28 4 —
750 895 26 19 Sä
789 894 63 20 finner
863 900 43 14 man
918 899 64 14 exem-

218 923 63 25 pelvis
297 930 24 13 ur
335 924 122 20 berättelsen
472 924 32 20 för
519 924 23 20 är
558 923 55 22 1886
629 926 29 18 att
674 924 78 20 antalet
767 923 31 20 till
813 922 122 21 Tavastehus
947 928 35 13 un-

218 953 35 18 der
269 953 44 18 äret
329 953 84 20 anlände
429 959 130 18 passagerare
576 953 37 20 och
628 953 45 20 frän
689 953 71 20 staden
776 952 105 25 afgängne,
896 951 86 20 förutom

217 983 84 22 trupper
324 982 37 19 och
384 981 77 24 fångar,
484 982 92 24 utgjorde
600 982 91 24 omkring
713 981 80 24 47,000
815 987 53 18 pers.
889 983 50 17 samt
953 982 30 17 att

218 1009 63 20 frakt-
293 1010 37 19 och
340 1010 72 24 ilgods,
427 1016 42 13 som
485 1011 83 19 anländt
583 1011 30 19 till
628 1011 71 19 staden
716 1011 50 18 eller
781 1009 88 20 derifrän
885 1009 96 24 afsändts,

217 1039 85 24 uppgått
317 1039 30 19 till
358 1038 93 26 497,000
461 1042 88 17 centner.
565 1040 41 19 För
616 1039 83 20 Ekenäs
709 1039 94 24 utgjorde
813 1044 53 18 resp.
877 1038 29 19 tal
916 1037 67 20 afrun-

218 1067 51 20 dade
293 1067 78 25 11,700
393 1073 97 19 personer
512 1068 38 19 och
568 1067 79 25 82,500
663 1070 94 21 centner;
773 1067 32 20 för
819 1066 164 21 Willmanstrand

218 1095 69 20 under
309 1096 62 20 ärets
392 1096 45 20 fem
452 1097 57 19 sista
523 1096 107 21 mänader
646 1096 78 26 14,800
740 1101 98 20 personer
852 1095 37 21 och
905 1093 78 25 92,200

218 1128 89 17 centner.
337 1125 29 20 Ur
388 1125 122 20 berättelsen
530 1125 32 20 för
577 1126 23 19 är
616 1125 56 20 1886
688 1125 65 19 finner
768 1130 52 20 man,
836 1127 29 17 att
881 1125 58 18 dessa
954 1123 29 19 tal

218 1154 111 19 afrundade
352 1156 44 17 äro:
416 1154 31 19 för
462 1155 124 19 Tavastehus
602 1153 78 25 53,200
696 1159 55 19 pers.
767 1155 36 18 och
820 1152 93 27 593,000
928 1154 55 17 cent-

218 1188 46 18 ner;
288 1183 32 19 för
343 1183 80 19 Ekenäs
448 1182 77 25 11,700
547 1189 53 18 pers.
624 1183 37 19 och
677 1182 80 24 55,000
773 1184 92 21 centner;
880 1181 32 20 för
927 1180 56 20 Will-

217 1212 117 19 manstrand
357 1211 78 24 29,000
458 1218 52 18 pers.
531 1212 37 19 och
584 1211 93 27 294,000
693 1213 84 18 centner
792 1213 51 18 samt
858 1210 32 20 för
905 1209 78 20 Gamla-

217 1240 89 25 Karleby
328 1241 63 18 under
415 1241 70 19 endast
499 1240 38 20 tvä
551 1240 107 20 mänader
673 1240 124 27 (November
813 1239 36 20 och
865 1238 119 24 December)

218 1268 64 26 3,360
297 1275 53 18 pers.
367 1269 37 20 och
420 1268 77 27 14,700
513 1272 88 17 centner.

288 1303 64 24 Tager
373 1309 45 14 man
439 1304 7 19 i
461 1303 132 20 betraktande
609 1305 30 18 att
654 1303 143 24 folkmängden
813 1302 62 23 enligt
890 1300 93 20 mantals-

218 1332 109 23 längderna
350 1332 31 19 för
404 1332 23 19 är
450 1332 54 20 1885
525 1332 87 25 uppgick
626 1333 8 18 i
649 1331 125 20 Tavastehus
790 1331 31 19 till
836 1329 64 27 4,262
915 1334 69 20 perso-

218 1366 42 20 ser,
275 1361 8 19 i
298 1361 80 19 Ekenäs
393 1361 30 19 till
441 1360 63 28 1,798
520 1367 60 19 pers.,
600 1362 3 18 i
618 1360 167 20 Willmanstrand
801 1359 32 20 till
849 1358 62 25 1,418
924 1363 59 21 pers.

218 1390 71 19 medan
312 1390 7 19 i
341 1390 156 19 Fredrikshamn
520 1390 76 19 antalet
618 1390 93 24 utgjorde
728 1389 64 25 3,329
807 1393 104 20 personer,
927 1387 58 20 torde

218 1424 45 14 man
285 1421 48 17 utan
357 1421 30 17 att
410 1418 124 20 öfverskatta
550 1419 37 19 den
603 1419 103 19 blifvande
722 1418 86 19 trafiken
824 1418 67 18 kunna
907 1418 77 22 antaga,

218 1450 29 16 att
269 1448 77 19 antalet
368 1448 45 18 med
436 1447 154 24 ifrägavarande
612 1448 75 18 bibana
712 1447 30 19 till
761 1446 70 20 staden
847 1445 86 20 anlände
949 1444 36 19 och

218 1476 89 19 derifrän
323 1476 97 24 afgängne
437 1482 137 18 passagerare,
590 1476 87 20 förutom
693 1478 91 22 trupper,
799 1474 66 20 blefve
876 1474 60 18 minst
946 1478 39 14 om-

287 1515 192 23 Jernväysuisnoioso
492 1514 116 19 iotänkande
620 1516 36 17 Nin
671 1514 14 15 2.
