1048 1731
306 83 209 24 Petitionsbetänkande
534 89 30 17 n:o
580 83 13 24 6
789 82 12 20 9

317 395 271 28 Reservation.

142 447 64 20 Emot
227 446 117 22 utskottets
366 446 137 21 betänkande
522 445 88 22 anhälla
625 445 20 21 vi
661 446 32 20 att
707 445 24 21 fä
745 445 86 26 inlägga

72 481 132 21 reservation
218 481 28 26 pä
261 480 94 28 följande
371 481 59 20 skäl:

144 534 38 20 1:0.

212 531 197 29 Hufvudprincipen
434 532 6 21 i
466 531 206 28 petitionsförslaget
693 533 34 19 att
749 531 82 21 antalet

208 566 97 22 frielever
321 567 55 21 skall
391 566 107 22 beräknas
514 566 55 21 efter
584 567 88 26 procent
687 565 24 21 af
718 566 49 20 hela
775 566 55 20 elev-

209 601 81 21 antalet
313 601 39 21 och
375 601 48 21 icke
447 601 55 21 efter
523 600 83 22 antalet
628 600 83 22 klasser
731 599 99 27 qvarstår

209 638 56 18 ännu
281 636 104 21 orubbad.

176 682 10 8 .
210 670 31 19 De
257 669 78 23 skolor,
352 670 37 20 der
405 669 82 21 antalet
502 669 99 21 frielever
616 668 82 28 uppnår
708 675 27 15 en
745 668 85 27 mycket

208 702 42 27 hög
265 703 53 26 grad
333 704 8 20 i
356 702 135 23 förhållande
507 704 33 20 till
556 704 49 20 hela
620 703 135 27 elevantalet,
771 703 58 27 tjena

208 743 44 15 som
268 737 59 21 bevis
343 738 72 26 derpå,
435 739 32 19 att
482 744 50 14 man
548 738 19 26 ej
582 738 82 26 lyckats
679 738 86 26 placera
780 738 49 20 dem

208 771 27 27 pä
250 773 45 19 rätt
309 772 70 21 ställe.
393 772 31 27 Ty
440 778 35 15 om
490 779 50 14 man
554 772 35 21 vid
605 772 129 21 dislokation
750 771 23 21 af
781 772 48 20 sko-

208 806 32 20 lor
262 807 61 26 tager
339 806 76 22 endast
430 807 86 21 arealen
532 807 8 21 i
555 806 149 26 betraktande,
721 806 23 22 sä
759 806 69 21 måste

208 846 47 15 man
273 840 150 28 oundvikligen
433 841 54 27 yrka
502 840 28 27 på
540 841 133 21 inrättandet
683 840 23 21 af
720 840 73 22 skolor
801 840 28 27 på

208 874 80 22 sådana
303 876 58 20 orter
377 881 45 15 som
438 875 166 21 Muonionniska
619 875 40 21 och
673 874 92 28 Utsjoki.
785 874 44 22 För

208 910 32 20 att
255 909 105 27 lyckligen
375 909 73 27 uppnå
464 910 37 21 sitt
515 910 62 26 syfte,
593 909 68 21 måste
677 916 26 14 en
719 909 52 24 elev,
783 915 45 15 som

208 944 100 21 anträder
323 944 41 21 den
379 944 62 21 lärda
456 944 78 25 banan,
551 944 130 27 nödvändigt
696 944 80 21 besitta
791 950 37 15 an-

208 978 71 27 tingen
301 979 83 26 andligt
403 979 52 21 eller
470 979 108 21 materielt
593 979 88 26 kapital.
711 978 117 22 Fördelak-

207 1013 65 26 tigast
295 1015 24 19 är
341 1013 137 27 naturligtvis
501 1020 34 15 om
555 1013 43 21 han
614 1015 24 19 är
653 1013 6 21 i
674 1013 117 26 besittning
807 1013 23 20 af

207 1047 62 21 dessa
290 1047 62 22 båda.
383 1047 115 22 Saknaden
520 1047 24 22 af
565 1049 84 20 ettdera
664 1047 82 22 medför
761 1047 66 21 redan

207 1081 105 22 oerhörda
327 1082 139 27 svärigheter,
482 1083 46 21 Den
544 1083 118 27 vanligaste
677 1082 80 27 följden
766 1081 63 22 häraf

207 1115 38 22 har
263 1116 6 21 i
285 1117 26 20 de
326 1116 63 21 flesta
404 1117 38 20 fall
457 1117 56 21 varit
528 1119 33 19 att
576 1117 73 21 eleven
664 1117 47 21 icke
727 1116 48 21 med
791 1116 36 21 he-

207 1149 37 22 der
259 1151 92 26 uppnätt
365 1151 38 21 sitt
417 1151 106 22 ändamäl.
545 1152 45 21 Der
605 1152 57 21 bäda
677 1151 94 26 saknats,
787 1151 40 20 har

207 1185 72 21 eleven
301 1185 46 22 helt
369 1185 40 22 och
431 1185 68 22 hället
520 1185 113 22 förlamats
653 1186 68 21 under
736 1185 90 21 bördan.

206 1219 60 21 Dock
281 1219 54 22 hade
351 1220 54 21 hans
420 1220 103 21 framtida
537 1221 103 26 bergning
656 1221 43 21 ofta
715 1226 42 21 nog
772 1219 55 21 varit

206 1253 121 22 säkerstäld
350 1255 39 20 och
405 1255 43 20 han
464 1255 54 21 hade
534 1255 82 21 kunnat
631 1254 66 22 blifva
713 1261 26 14 en
755 1254 72 27 duglig

206 1287 39 22 och
261 1289 65 21 aktad
341 1289 148 27 medborgare,
512 1289 45 22 ifall
576 1289 44 22 han
636 1289 18 27 ej
670 1289 69 21 blifvit
753 1289 74 21 alltför

206 1323 84 27 mycket
312 1323 82 22 frestad
416 1324 34 21 till
472 1324 74 21 försök
568 1323 28 28 pä
615 1324 41 21 den
671 1323 61 22 lärda
747 1323 78 21 banan.

206 1357 91 23 Hvarest
313 1359 82 21 antalet
409 1359 193 21 inträdessökande
617 1360 24 20 är
656 1358 88 22 alldeles
757 1358 68 26 ringa,

204 1392 61 22 faller
289 1393 36 21 det
345 1394 32 26 sig
391 1393 41 21 lätt
448 1393 63 21 äfven
526 1393 34 21 för
574 1400 27 14 en
616 1392 151 22 underordnad
782 1392 43 21 för-

205 1427 62 27 mäga
282 1429 33 20 att
330 1427 83 22 erhälla
427 1428 92 26 friplats,
544 1427 27 22 dä
586 1428 42 20 han
642 1428 23 26 ju
681 1427 109 26 dervidlag
805 1426 20 27 ej

136 1466 103 19 Allmänna
252 1468 178 18 Besvärsutskottets
443 1468 119 18 betänkande
575 1469 29 16 No
616 1467 17 17 2.
