1048 1731
245 96 13 20 2
442 94 237 24 Petitionsbetänkande
696 95 35 23 N:o
747 95 29 23 16.

218 159 99 20 svarande
333 159 58 24 afgift
406 159 67 20 blifvit
487 159 31 20 till
533 159 129 20 Lasarettens
678 159 105 20 underhäll
805 159 108 24 päbjuden.
943 159 41 20 En-

217 188 37 23 ligt
270 187 45 20 frän
331 188 209 24 Medicinalstyrelsen
555 188 117 20 meddelade
687 187 102 26 uppgifter
809 187 37 20 har
869 189 65 19 denna
949 193 35 19 ,en

217 216 103 20 ättondels
335 218 86 23 procent
436 216 22 20 af
472 217 222 24 bouppteckningarnes
709 216 136 25 behållning”,
866 222 41 14 som
922 217 62 20 lefve-

219 246 66 18 rerats
301 244 31 20 till
347 245 166 20 Länelasaretten
532 245 3 19 i
550 245 62 20 Wasa
628 245 37 20 och
680 245 108 25 Uleäborg,
804 246 77 23 utgjort
895 245 31 20 för
936 245 49 20 ären

222 272 115 21 1883—86
353 274 20 19 in
389 279 76 14 summa
479 273 51 20 Fmk
545 273 84 26 15,272:
646 273 33 25 59,
695 274 78 19 således
789 273 7 19 i
811 273 61 24 årligt
891 274 94 20 medeltal

219 301 32 20 för
267 302 59 19 dessa
342 302 44 25 fyra
401 302 23 19 är
439 303 50 19 Fmk
505 301 70 26 3,818:
592 301 34 21 15.
644 313 25 4 —
685 301 90 25 Afgiften
792 304 23 17 är
838 303 77 19 säledes
938 303 46 19 icke

221 330 91 25 betydlig
328 331 38 19 och
381 331 39 19 kan
435 332 22 23 ju
473 331 18 24 ej
508 336 58 15 anses
582 337 48 13 vara
644 331 32 19 för
700 331 44 19 dem
767 331 39 18 den
829 331 63 24 gäller
914 331 71 20 betun-

223 359 72 24 gande,
310 365 52 18 men,
379 359 25 20 dä
419 360 36 19 det
468 360 22 23 ju
505 360 7 19 i
528 359 40 20 alla
582 359 36 20 fall
633 361 23 18 är
670 359 79 24 obilligt
772 359 37 20 och
833 360 108 23 oegentligt
956 362 29 17 att

223 393 25 14 en
263 388 100 24 landsdel,
378 390 48 17 utan
442 389 30 18 att
487 388 77 24 ätnjuta
579 389 140 18 motsvarande
735 389 58 18 extra
816 387 95 25 fördelar,
934 387 51 21 skall

222 416 87 20 drabbas
325 415 22 20 af
359 399 86 45 skatter,
461 422 42 14 som
519 417 18 24 ej
552 416 123 20 förekomma
690 417 7 18 i
713 416 65 24 öfriga
794 416 56 20 delar
869 416 22 20 af
910 413 75 36 landet,

223 444 71 25 tyckes
309 445 40 23 mig
369 445 26 19 all
417 445 107 24 anledning
546 445 108 20 förefinnas
675 447 30 18 att
728 445 138 24 bebyggarene
889 445 6 19 i
918 441 68 24 Öster-

225 473 72 19 botten
311 473 64 20 borde
390 473 76 20 befrias
481 473 44 20 från
540 474 85 19 nämnda
640 473 64 24 afgift,
727 473 36 20 och
784 473 61 24 vågar
859 475 34 22 jag
908 473 79 20 derföre

225 501 82 21 anhålla
322 504 30 18 att
367 502 171 24 Borgareständet
553 503 46 19 ville
614 502 70 20 förena
700 503 29 23 sig
753 507 31 15 om
807 502 123 24 underdånig
951 507 35 20 pe-

224 530 59 20 tition
300 531 80 19 derom:

434 586 39 21 Att
489 586 41 28 den
545 586 67 28 enligt
627 586 80 28 Kongl.
719 585 118 28 Majestäts
848 586 51 27 bref
910 586 30 26 af
945 586 42 21 den

364 616 14 20 1
395 610 122 32 September
532 616 58 20 1774
602 614 117 28 påbjudna
735 614 50 28 (och
799 614 103 28 möjligen
911 621 76 21 genom

364 650 76 14 senare
455 643 103 21 utkomna
568 643 169 27 författningar
752 643 149 33 stadfästade)
917 642 71 28 afgift

365 672 31 27 af
407 672 42 27 »'/&
465 672 27 28 S/o
507 672 30 27 af
548 672 46 21 alla
610 671 212 28 bouppteckningars
833 672 8 20 i
855 671 132 21 Österbotten

367 700 144 28 behållning”,
527 700 79 26 afsedd
621 703 32 19 att
675 700 115 21 användas
813 700 35 20 till
871 699 117 22 understöd

367 728 30 28 af
408 712 109 49 Lasarett,
533 730 66 20 måtte
614 729 48 21 med
677 728 34 22 det
727 730 101 19 snaraste
844 728 98 28 aflyftas.

298 792 126 24 Helsingfors
441 792 38 20 den
495 792 12 19 3
522 792 97 20 Februari
636 792 61 20 1888.

703 850 28 19 A.
747 849 27 20 O.
791 849 126 20 Snellman.

301 905 36 20 Uti
353 905 128 20 förestående
495 905 172 25 petitionsförslag
682 905 81 20 förenar
784 904 37 28 sig]
837 904 57 20 äfven
917 905 72 20 under-

230 933 95 20 tecknad.

303 990 126 25 Helsingfors
445 996 41 14 som
502 990 66 20 ofvan.

717 1048 68 27 Josef
799 1048 122 21 Stenbäck.

349 1207 48 19 Till
421 1207 41 20 det
485 1208 163 20 Hedervärda
671 1207 201 27 Bondesltändet.

303 1253 76 19 Genom
394 1253 37 19 här
446 1253 7 19 i
469 1253 79 19 afskrift
562 1253 80 24 bilagda
656 1253 73 24 Kongl.
745 1253 46 20 bref
805 1253 21 20 af
845 1253 38 19 den
906 1253 11 19 1
941 1253 48 24 Sep-

228 1281 78 20 tember
321 1281 57 19 1774
394 1283 23 18 är
431 1281 134 20 innevänarne
580 1283 30 18 uti
625 1282 102 19 dävordne
744 1279 140 22 Österbottens
899 1281 40 26 län,
955 1282 34 19 de-

229 1309 32 19 lar
276 1309 23 20 af
312 1310 115 19 nuvarande
443 1310 62 19 Wasa
520 1310 37 20 och
573 1311 110 24 Uleåborgs
699 1311 41 23 län,
756 1311 31 18 till
803 1310 49 24 följd
876 1309 21 20 af
919 1312 28 17 ett
969 1310 22 20 af

228 1337 105 20 dävordne
348 1338 151 25 Landshöfding
514 1339 66 25 ,,efter
594 1339 68 24 plägat
677 1339 80 20 samråd
772 1339 45 19 med
832 1339 53 18 Läns
908 1339 81 24 depute-

227 1366 63 20 rade”
305 1367 54 23 gjort
375 1366 83 27 förslag,
474 1367 31 19 för
519 1367 185 25 upprätthållandet
727 1367 22 20 af
763 1368 35 19 det
821 1367 26 20 dä
868 1367 63 19 under
953 1373 35 14 an-

227 1395 96 24 iäggning
339 1396 89 19 varande
443 1396 151 20 läneiasarettet
608 1398 6 17 i
631 1398 66 22 Wasa,
712 1398 72 22 älagde
795 1398 36 22 att,
848 1397 69 18 ibland
926 1397 63 19 andra

227 1422 90 26 afgifter,
331 1425 73 23 jemväl
419 1425 80 23 erlägga
515 1430 24 14 en
555 1425 125 20 ättondedels
696 1426 86 24 procent
798 1424 22 20 af
834 1424 40 20 alla
892 1424 95 25 uppteck-

299 1462 150 18 Statsutskotteis
462 1463 114 17 betänkande
589 1465 34 16 N:o
636 1464 17 16 5.
