1048 1731
224 135 25 21 16
382 133 274 23 Petitionsbetänkande
672 134 39 21 N:o
727 134 33 21 27.

262 196 67 22 Inom
344 197 123 21 Utskottet
483 196 29 21 ha
528 195 163 29 föreliggande
708 195 128 29 petitioner
844 195 51 22 icke
904 195 49 22 häl-

194 231 34 21 ler
248 231 87 21 vunnit
350 230 139 28 obetingadt
504 230 136 21 understöd.
671 231 63 22 Utan
749 229 204 30 meningsskiljak-

193 265 78 28 tighet
295 264 72 22 hafva
389 265 120 27 förslagen
530 264 99 21 rörande
652 264 271 22 fruntimmersskolorna
945 263 8 22 i

193 299 109 22 Joensuu
318 298 44 21 och
377 299 157 21 Tammerfors
550 300 90 19 ansetts
656 298 80 21 kunna
751 298 92 21 förfalla
859 298 43 22 och
915 298 38 21 de-

194 333 35 21 lar
250 333 43 28 jag
315 333 8 20 i
349 333 66 21 detta
437 333 112 21 afseende
565 332 139 29 obetingadt
726 332 135 23 Utskottets
883 332 68 21 åsikt.

193 367 56 21 Men
273 367 29 21 då
325 367 76 28 enligt
423 367 54 21 mitt
499 366 153 21 förmenande
675 366 28 21 de
727 366 80 21 härför
822 366 131 29 framlagda

194 401 83 21 skälen
293 404 40 18 äro
348 401 57 21 fullt
420 401 144 28 tillämpliga
576 400 90 29 jämväl
683 400 29 22 då
727 400 40 21 det
781 400 74 29 gäller
870 401 82 21 skolan

194 435 8 21 i
218 424 59 42 Åbo,
293 435 70 20 hvars
379 435 118 21 elevantal
513 438 25 17 är
553 435 9 20 i
578 434 38 22 det
632 437 117 19 närmaste
765 434 128 22 detsamma
904 442 49 14 som

194 469 9 21 i
220 476 55 21 nyss
291 469 86 21 nämda
391 469 40 21 två
447 468 170 24 läroanstalter,
629 469 44 21 och
688 469 73 28 något
777 469 110 21 särskildt
901 469 52 21 bin-

194 503 77 22 dande
287 503 80 27 motiv,
384 510 49 14 som
449 503 127 28 betingade
591 505 35 19 ett
641 503 121 29 undantag
777 503 38 21 för
829 497 56 33 Åbo,
900 503 52 21 icke

194 538 8 20 i
218 538 161 20 betänkandet
402 537 148 27 framhållits,
572 550 26 3 —
619 539 28 26 ty
662 544 49 15 som
727 537 83 21 sådant
825 537 74 29 gäller
913 537 40 21 väl

194 571 49 22 lika
267 571 53 22 litet
343 573 35 20 ett
400 571 138 29 påpekande
562 571 26 21 af
608 565 65 27 Åbos
696 572 127 21 historiska
839 571 113 29 ställning

195 612 49 15 som
261 606 45 21 den
329 606 213 28 omständigheten,
566 607 34 19 att
624 605 45 22 den
692 605 120 22 därstädes
831 606 121 28 befintliga

196 640 101 21 svenska
319 640 247 21 fruntimmersskolan
588 640 8 20 i
620 640 69 21 dessa
711 640 73 28 dagar
806 640 95 21 erhållit
923 647 29 14 en

194 673 115 29 tidsenlig
323 674 71 27 lokal,
413 687 27 3 —
457 674 46 22 kan
516 674 42 28 jag
573 674 53 21 icke
642 681 45 14 ena
701 674 49 28 mig
765 681 37 14 om
817 674 134 22 Utskottets

194 708 80 21 beslut
291 708 9 21 i
316 708 78 22 saken.
425 708 47 22 Det
487 708 47 21 kan
548 708 40 21 väl
604 708 52 21 icke
672 708 74 21 häller
761 708 126 21 betecknas
902 715 49 15 som

195 744 74 19 annat
292 745 29 18 än
345 750 29 13 en
397 742 181 26 inkonsekvens,
600 744 41 25 att,
664 742 84 21 medan
771 744 86 20 tvänne
874 742 78 22 skolor

194 776 111 21 hänvisas
328 776 38 21 till
389 776 235 28 subventionslagens
648 776 182 28 bestämningar,
853 776 38 21 till
906 776 45 22 för-

194 810 55 21 mån
264 810 37 21 för
316 818 29 13 en
363 810 81 29 tredje,
462 818 49 13 som
526 810 8 21 i
548 810 46 22 allo
610 810 105 21 befinner
731 810 36 28 sig
778 810 8 21 i
797 818 87 14 samma
891 810 59 29 läge,

195 844 8 21 i
219 844 198 28 ständerpetition
436 844 94 22 anhålla
546 851 36 15 om
598 844 78 22 denna
691 844 51 28 lags
757 844 151 29 tillämpning
923 845 30 28 på

195 878 114 22 särskildt
325 880 53 20 sätt.

265 913 12 21 I
299 912 54 22 stöd
377 912 25 22 af
423 912 61 22 hvad
505 912 41 29 jag
570 912 99 22 sålunda
684 912 51 22 haft
751 916 56 18 äran
823 913 128 27 framhålla,

194 946 34 22 får
245 947 43 28 jag
303 947 119 21 vördsamt
438 947 92 26 föreslå,

404 995 34 19 att
459 993 84 21 landets
566 993 114 28 höglofliga
703 993 95 22 Ständer
813 993 49 21 ville
878 993 74 21 lämna

334 1027 100 28 samtliga
451 1027 60 22 dessa
523 1027 189 28 petitionsförslag
728 1029 57 20 utan
800 1027 105 27 afseende.

484 1079 76 27 August
577 1079 93 28 Ramsay.

267 1117 88 22 Härom
371 1118 79 21 förena
466 1118 36 28 sig

301 1152 59 22 Arvid
378 1153 84 33 Nyberg.
645 1153 42 22 Alb.
703 1153 146 27 Wasastjerna.

300 1187 67 21 Viktor
384 1187 86 27 Öhberg.
646 1187 67 22 Viktor
729 1193 37 16 von
783 1187 113 22 Rehausen.

303 1221 48 22 Emil
369 1221 147 27 Schybergson.
649 1221 21 22 C.
687 1222 18 21 F.
722 1221 119 27 Tojkander.

283 1464 73 22 H:fors,
370 1465 17 17 J.
402 1465 75 18 Simelii
491 1466 49 18 arfv.
554 1466 125 22 boktryckeri
693 1466 118 23 aktiebolag,
824 1466 50 17 1888.
