1048 1731
285 115 202 24 Motionsbetänkande
503 115 33 23 N:o
554 115 28 23 14.
768 116 27 21 29

64 178 28 21 då
106 184 49 15 man
170 177 150 28 ihägkommer,
336 179 33 20 att
384 177 149 28 befolkningen
548 177 7 22 i
571 177 61 22 dessa
647 177 84 22 trakter
745 178 23 22 af
779 177 44 22 lan-

64 212 37 21 det
121 212 40 21 bor
182 212 55 27 glest
259 212 39 21 och
321 214 32 19 att
373 211 73 22 landet
461 214 23 19 är
499 211 99 28 uppfyldt
613 211 22 22 af
649 213 59 20 stora
723 212 40 21 och
779 211 45 22 vid-

64 246 94 22 sträckta
180 246 154 27 skogsmarker.
364 245 25 27 FEj
413 245 66 22 heller
499 245 62 22 torde
576 245 54 22 talet
645 251 34 16 om
695 245 129 28 djurplågeri

64 280 52 22 böra
138 281 101 21 tillmätas
262 281 67 24 nägon
352 280 115 27 afgörande
482 279 117 28 betydelse,
615 281 52 20 enär
679 279 24 28 ju
718 279 48 22 fullt
781 280 44 21 lika

64 315 84 26 mycket
170 314 127 28 djurplägeri
312 314 43 21 kan
370 314 131 22 förekomma
517 314 35 21 vid
565 314 47 27 jagt
626 314 49 21 med
691 314 132 27 skjutvapen,

64 350 55 21 samt
134 349 140 22 dessförutom
289 349 169 26 fängstmannen,
473 355 46 15 som
536 348 78 21 drifver
626 347 47 28 jagt
687 348 49 21 med
749 354 76 15 snaror

64 382 40 22 och
126 383 62 22 fällor
210 384 70 20 säsom
303 383 80 26 näring,
399 382 67 22 sällan
482 383 63 21 torde
559 382 116 22 försumma
690 384 32 20 att
737 381 44 22 ofta
796 381 29 22 ef-

64 419 56 20 terse
135 417 39 22 och
189 417 50 26 vitja
254 417 46 21 sina
314 416 97 27 bragder.

132 451 32 21 Pä
186 451 61 22 dessa
269 451 46 21 skäl
337 451 40 21 och
396 451 27 21 dä
439 451 36 21 det
489 451 116 27 ingalunda
620 452 141 21 sammanstär
775 450 49 22 med

64 491 27 16 en
108 485 52 22 klok
175 485 228 27 nationalhushällning
419 487 32 20 att
466 485 98 28 förbjuda
579 485 148 22 användandet
742 485 22 22 af
777 491 48 15 sna-

64 526 36 15 ror
123 520 39 21 och
184 519 62 22 fällor
267 520 70 21 säsom
359 519 162 28 fängstredskap
544 520 8 21 i
570 520 26 21 de
611 520 83 22 trakter
709 519 22 22 af
744 519 79 27 landet,

65 554 37 22 der
124 554 115 27 tillgängen
261 554 28 26 pä
303 554 53 22 vildt
371 556 24 19 är
409 556 70 20 större
495 554 39 22 och
551 554 37 22 der
604 554 66 22 folket
685 554 66 22 sedan
766 560 58 20 gam-

65 588 52 22 malt
138 590 50 20 vant
203 588 32 27 sig
249 590 32 20 att
295 588 97 27 begagna
407 588 62 22 dessa
483 588 105 27 fängssätt
604 588 58 22 säväl
676 588 33 22 till
724 594 53 22 egen
792 590 33 19 ut-

64 623 70 21 komst
150 629 44 15 som
210 622 32 22 till
257 622 189 28 penningeförvärf,
463 624 54 26 väga
532 623 21 21 vi
568 623 110 21 vördsamt
693 622 84 27 föreslä,
793 624 32 20 att

65 663 62 15 mom.
144 658 12 20 3
172 657 7 21 i
194 658 10 26 $
220 658 13 20 8
248 658 66 20 mätte
329 656 80 22 erhälla
424 656 93 28 följande
532 657 90 28 lydelse:

272 726 84 21 Snaror
374 726 39 20 och
427 726 76 26 fällor
516 726 44 27 för
573 726 82 28 fångst
670 726 29 26 af
704 726 66 27 fågel
786 724 39 22 och

202 760 53 21 hare
277 761 35 20 mä
327 761 102 27 utläggas
445 760 77 22 endast
533 761 33 27 pä
576 760 82 27 frusen
673 760 37 22 och
726 759 99 23 snötäckt

202 795 69 27 mark,
287 794 101 28 förutom
411 795 9 20 i
445 794 126 29 Uleäborgs,
597 795 65 21 Wasa
683 795 38 21 och
736 794 89 28 Kuopio

204 830 43 26 län,
263 830 38 20 der
310 829 82 28 fångst
406 829 49 21 med
470 830 72 21 sådan
557 830 93 27 redskap
666 830 68 21 under
747 828 78 28 10f9if-

203 871 38 14 ven
257 864 32 21 tid
304 866 27 19 är
346 864 93 21 tilläten.

168 966 62 23 Alarik
245 967 122 23 Hasselblatt.
489 976 2 2 +
522 967 57 24 Wald,
595 966 69 24 Wallin.

168 1001 19 22 V.
204 1007 16 16 v.
235 1000 75 29 Wright.
523 1001 18 24 F.
558 1001 24 24 W.
598 1001 93 24 Sanfelin.

168 1035 20 22 A.
206 1035 119 23 Rantaniemi.
523 1036 18 23 F.
557 1036 25 23 W.
598 1036 118 29 Lagerstedt.

431 1202 28 22 IL

132 1246 142 23 Alldenstund
296 1247 225 22 Ekonomiutskottets
544 1247 110 28 pluralitet
675 1247 7 21 i
701 1247 37 22 sitt
753 1246 73 21 betän-

64 1279 68 22 kande
156 1281 92 22 rörande
266 1280 165 29 förordningen
451 1282 114 28 angående
576 1283 51 26 jagt
641 1281 38 21 och
695 1281 131 28 djurfångst

66 1315 6 20 i
88 1315 101 21 Finland
204 1315 64 28 enligt
283 1315 43 22 min
341 1317 55 26 åsigt
411 1316 92 22 kommit
517 1316 33 21 till
565 1316 80 22 sådana
660 1316 111 21 slutsatser
785 1314 40 22 och

64 1348 108 28 föreslagit
194 1349 79 22 sådana
281 1344 11 39 .
295 1350 138 28 stadganden,
455 1357 48 15 som
519 1351 37 27 jag
571 1351 18 27 ej
606 1350 32 22 till
653 1350 41 22 alla
710 1350 59 21 delar
783 1349 43 21 kan

64 1384 135 26 understöda,
222 1385 23 21 så
267 1384 96 22 anhåller
383 1385 38 27 jag
445 1387 33 20 att
493 1385 21 22 få
530 1384 77 28 afgifva
621 1384 129 23 reservation
765 1384 7 21 i
787 1383 38 22 föl-

62 1418 63 26 jande
140 1418 102 27 punkter:

131 1457 202 19 Ekonomiutskottets
346 1458 122 18 betänkande
481 1458 36 18 N:o
532 1460 27 17 16.
