1048 1731
227 135 12 19 4
437 133 211 24 Potitionsbetänkande
664 133 32 24 N:o
713 133 20 24 9.

265 195 29 17 Af
310 195 33 17 det
361 195 20 18 vi
393 195 36 18 här
441 195 66 18 anfört
518 194 88 24 framgär
617 195 51 18 huru
680 195 73 23 vigtigt
765 194 32 19 det
809 197 27 20 är,
849 196 28 17 att
889 196 28 17 ett
929 195 30 17 sä-

196 223 47 18 dant
260 223 47 22 folk,
327 229 42 12 som
381 224 49 22 värt,
447 223 35 18 har
494 223 38 18 den
544 225 72 16 största
628 229 79 18 omsorg
719 224 73 21 derom,
805 225 28 16 att
845 223 44 18 dess
901 223 57 18 skön-

197 253 96 16 litteratur
311 251 34 18 allt
363 258 41 13 mer
417 252 36 18 och
469 258 42 12 mer
522 252 98 18 förkofrar
633 253 37 17 och
681 252 102 18 utvecklar
795 252 35 23 sig.
855 252 38 17 Det
905 254 22 15 är
939 251 20 18 af

196 280 101 24 synnerlig
309 281 43 23 vigt
364 281 31 17 för
407 281 44 17 värt
462 281 51 22 land,
526 282 29 16 att
566 281 38 17 alla
617 281 24 18 de
652 280 80 23 krafter,
745 287 42 11 som
799 281 43 17 visa
854 281 65 23 nägon
928 280 31 17 bö-

194 309 50 24 jelse
257 309 30 18 för
299 311 29 16 att
340 309 53 24 plöja
405 309 181 18 skönlitteraturens
598 309 43 20 fält,
654 309 63 18 dertill
729 309 105 18 användas.

267 339 35 16 Att
314 338 73 17 sädana
399 338 74 18 krafter
484 338 37 17 hos
534 344 32 12 oss
578 338 60 18 redan
650 340 33 16 äro
696 338 7 17 i
715 337 129 22 verksamhet,
857 338 53 17 visar
917 337 42 23 tyd-

196 367 38 23 ligt
246 367 37 17 den
295 367 30 17 för
337 367 47 17 vära
397 367 136 17 förhällanden
545 368 53 16 stora
610 367 73 23 mängd
695 366 166 22 författarenamn,
873 372 42 12 som
924 366 35 17 hos

196 401 33 12 oss
242 395 75 24 årligen
329 395 98 24 uppdyka.
452 395 41 18 Och
506 397 29 15 att
546 396 20 17 vi
578 395 59 18 redan
650 395 60 18 hafva
722 395 45 18 fullt
778 401 73 17 mogna
862 395 98 22 förmågor

198 424 6 17 i
217 424 37 17 den
265 424 64 17 finska
341 424 132 18 litteraturens
484 424 66 22 tjenst,
563 424 53 17 visar
628 423 58 18 äfven
699 423 36 18 den
749 423 174 23 omständigheten,
932 424 29 16 att

198 458 45 12 man
259 452 84 23 skyndat
361 452 32 23 sig
410 454 29 16 att
454 452 57 18 äfven
525 452 29 17 till
567 452 60 17 andra
640 452 58 23 spräk
711 451 112 24 öfverflytta
835 452 46 17 flere
893 451 22 18 af
925 451 35 18 vär

198 486 53 18 unga
262 481 107 17 litteraturs
382 481 64 18 alster.

267 510 46 18 Men
325 516 24 12 en
362 516 63 12 annan
438 510 57 23 fräga
507 512 21 15 är
540 510 43 20 den,
596 510 95 17 huruvida
703 515 46 12 man
761 510 36 17 hos
810 515 31 12 oss
856 509 53 23 gjort
924 508 36 18 till-

198 538 84 23 räckligt
299 538 31 18 för
348 538 179 24 upprätthållandet
539 538 21 18 af
572 538 57 18 dessa
646 538 207 22 författareförmägor,
865 537 96 17 huruvida

198 572 46 12 man
263 566 64 23 dragit
344 566 77 24 försorg
441 572 36 16 om,
496 568 29 16 att
543 566 58 18 dessa
615 566 74 18 krafter
703 568 7 16 i
724 566 165 18 fäderneslandets
900 566 61 22 tjenst

199 594 61 19 hafva
272 595 75 17 kunnat
360 595 60 19 verka
432 596 33 17 allt
477 595 52 18 hvad
542 595 85 23 önskligt
639 601 52 12 vore.

268 623 65 23 Nägot
351 624 36 17 har
405 624 58 17 äfven
475 624 36 17 hos
524 630 32 11 oss
568 624 64 23 gjorts
644 623 30 18 för
686 623 144 24 betryggandet
842 622 21 18 af
873 622 88 18 författa-

198 658 57 12 renes
273 652 90 18 existens.
395 652 66 23 Några
477 652 99 23 tillfälliga
594 652 76 18 mindre
688 652 113 23 belöningar
819 652 30 17 för
867 651 94 18 särskilda

200 680 80 18 skrifter
298 680 59 18 hafva
375 681 26 17 dä
419 681 37 17 och
469 681 24 17 dä
505 680 69 24 gifvits
586 680 22 18 af
619 681 87 17 enskilda
719 680 84 24 sällskap
816 680 37 18 och
864 686 97 18 personer.

198 708 46 18 Men
263 709 38 22 det,
319 714 43 13 som
380 711 21 16 är
419 709 72 23 gjordt,
511 711 22 15 är
551 709 49 17 dock
619 714 24 13 en
662 709 135 23 obetydlighet
813 710 41 16 mot
871 708 32 18 det
917 714 44 12 man

200 738 75 17 kunnat
287 739 53 21 göra.

269 766 120 23 Visserligen
407 766 38 17 kan
463 772 45 11 man
526 766 61 23 fräga,
605 766 80 18 hvarför
704 765 186 23 öfverhufvudtaget
901 765 61 23 nägot

200 794 59 18 borde
271 796 58 21 göras
342 794 31 18 för
385 794 143 24 betryggandet
539 794 22 18 af
572 794 136 18 författarenes
721 795 85 17 existens
819 794 36 18 och
867 793 96 18 huruvida

200 822 43 18 icke
254 822 81 23 arbetet,
348 829 31 11 om
392 823 33 17 det
437 825 21 15 är
469 823 75 23 nyttigt
552 823 37 18 och
598 824 109 17 motsvarar
719 823 30 17 sin
762 822 139 22 bestämmelse,
914 822 49 17 skall

200 851 104 23 uppehälla
316 851 31 23 sig
359 851 59 23 sjelft.
443 852 77 22 Frågan
538 852 38 17 kan
593 852 90 18 besvaras
693 852 86 23 jakande
791 852 6 17 i
810 852 24 17 de
845 851 72 21 länder,
929 851 34 17 der

200 880 143 18 läsarekretsen
355 882 22 16 är
389 880 22 17 sä
423 882 45 20 stor,
481 882 29 16 att
523 880 106 18 böckernas
642 881 108 23 afsättning
758 880 7 18 i
773 880 59 23 riklig
843 880 49 22 grad
904 881 58 16 ersät-

201 910 30 15 ter
243 908 33 18 det
288 908 71 21 arbete,
372 914 42 12 som
427 908 88 24 nedlagts
527 909 25 23 pä
564 909 108 23 skapandet
684 909 21 18 af
719 909 174 18 litteraturalstren.
917 908 45 18 Men

200 936 8 18 i
220 936 73 23 länder,
305 937 73 18 sädana
390 943 41 12 som
449 938 48 21 värt,
517 938 38 17 kan
568 938 42 17 icke
623 944 34 12 ens
670 938 37 18 den
719 940 50 15 mest
782 936 130 19 framstäende
924 937 39 17 för-

200 965 71 18 fattare
290 966 83 18 existera
392 966 43 18 med
455 966 37 18 den
511 967 108 22 ersättning
632 967 39 17 han
683 966 31 18 för
726 967 43 17 sina
781 966 87 18 litterära
880 965 82 24 produk-

199 996 31 17 ter
249 994 82 19 erhäller
349 995 22 17 af
381 995 30 17 sin
427 995 118 23 förläggare.
569 995 10 18 I
591 995 107 24 synnerhet
710 997 22 16 är
744 996 72 17 antalet
828 994 22 18 af
860 994 49 22 dem,
921 1000 42 12 som

200 1023 107 18 intressera
326 1023 31 24 sig
375 1023 31 18 för
423 1023 37 18 den
478 1024 64 17 finska
559 1024 126 22 litteraturen,
705 1025 22 17 sä
745 1024 47 22 litet,
811 1025 29 16 att
855 1023 48 18 vära
913 1025 50 16 mest

203 1051 132 19 framstäende
348 1052 101 19 författare
461 1053 25 23 pä
498 1053 38 17 den
547 1053 64 18 finska
627 1053 181 18 skönlitteraturens
821 1053 78 17 omräde
907 1053 7 16 i
922 1052 41 18 bör-

200 1081 36 22 jan
248 1081 38 17 fätt
297 1081 47 23 nöja
355 1081 31 23 sig
398 1081 44 18 med
455 1087 23 12 en
497 1082 109 23 ersättning
618 1081 20 18 af
650 1082 69 17 30—40
731 1081 55 18 mark
803 1081 30 18 for
847 1081 116 23 tryckarket,

202 1109 79 18 hvilken
294 1109 109 24 ersättning
416 1109 109 18 sedermera
538 1110 61 18 under
612 1111 52 17 vissa
672 1112 13 16 t.
695 1116 16 12 0.
721 1115 24 12 m.
755 1109 79 24 mycket
841 1109 122 24 betungande

199 1137 64 18 vilkor
275 1138 56 23 stigit
343 1138 30 17 till
386 1139 81 18 80—100
479 1139 60 18 mark.

269 1166 30 17 En
318 1166 49 23 följd
385 1166 22 18 af
424 1167 56 18 dessa
498 1167 57 23 ringa
570 1167 188 18 författarehonorar
771 1167 35 17 har
817 1166 57 23 varit,
887 1168 28 16 att
927 1167 37 17 för-

200 1194 95 19 fattarene
314 1195 51 18 varit
384 1197 86 21 tvungna
488 1197 34 20 att,
536 1195 29 18 till
582 1197 51 16 stort
651 1201 44 12 men
714 1195 31 18 för
760 1195 31 23 sig
803 1195 70 23 sjelfva
885 1195 36 18 och
934 1195 30 17 till

200 1225 53 16 ännu
265 1225 62 16 större
339 1224 31 17 för
382 1224 174 22 skönlitteraturen,
567 1225 48 17 söka
627 1225 30 17 sin
669 1224 88 17 utkomst
769 1224 25 23 pä
806 1225 59 16 annat
877 1223 39 18 häll
928 1223 36 18 och

199 1251 70 18 endast
282 1257 42 13 som
337 1254 28 16 ett
378 1252 84 18 biarbete
475 1253 111 18 handhafva
600 1253 30 18 sin
642 1252 160 24 hufvuduppgift.

271 1285 34 18 Ett
317 1287 96 17 manande
430 1287 36 17 och
483 1286 179 24 efterföljansvärdt
673 1287 100 18 föredöme
785 1287 33 17 vid
831 1285 133 24 betryggande

200 1313 22 18 af
238 1313 149 20 skriftställares
405 1315 84 18 existens
502 1315 36 18 har
550 1315 68 22 gifvits
636 1321 32 12 oss
680 1315 20 18 af
712 1315 45 18 värt
769 1314 108 24 grannland
893 1314 70 23 Norge,

200 1342 35 18 der
253 1343 179 22 representationen
451 1343 78 18 beslutit
546 1344 78 23 utgifva
642 1344 62 23 ärliga
722 1343 172 24 författaregagen.
923 1342 41 19 Och

199 1371 50 17 dock
259 1371 86 19 skrifver
355 1372 37 18 den
401 1372 70 18 norske
483 1372 115 19 författaren
609 1373 32 18 för
654 1379 23 12 en
685 1372 132 24 mångfaldigt
825 1373 62 17 större
895 1371 69 19 läsare-

198 1399 56 19 krets
267 1401 26 16 än
305 1400 38 18 den
356 1401 67 18 finske,

273 1433 64 19 Under
357 1434 72 18 sädana
446 1434 135 19 förhällanden
594 1435 59 18 borde
665 1435 62 23 enligt
739 1435 36 17 vär
786 1434 53 24 äsigt
850 1434 75 18 landets
937 1439 27 12 re-

199 1462 135 22 presentation
352 1463 128 23 ovilkorligen
497 1464 81 23 vidtaga
594 1464 91 23 åtgärder
703 1463 32 19 för
746 1463 104 23 stödjande
863 1462 35 18 och
910 1464 55 22 tryg-

269 1496 104 19 Allmänna
386 1498 177 18 Besvärsutskottets
577 1498 116 18 betänkande
706 1498 37 18 N:o
759 1498 16 16 7.
