1048 1731
323 121 209 23 Petitionsbetänkande
548 121 32 23 N:o
597 121 19 23 8.
799 121 12 19 3

154 185 28 17 På
196 185 63 22 grund
271 184 19 17 af
303 184 55 17 dessa
371 184 6 17 i
391 184 77 17 korthet
479 183 81 18 anförda
573 183 41 18 skäl
627 183 36 18 och
675 183 166 23 omständigheter

85 214 34 17 har
134 214 36 22 jag
182 215 45 16 äran
239 213 36 17 hos
288 212 102 23 Vällofliga
401 212 165 23 Borgareståndet
578 212 97 18 vördsamt
689 212 70 17 föreslå
771 217 24 12 en
807 217 33 12 un-

84 242 94 23 derdånig
190 242 81 23 petition
284 241 21 18 af
316 241 107 18 Ständerna
435 241 65 18 derom

288 301 29 22 att
337 299 54 17 Hans
408 299 106 22 Kejserliga
528 299 88 22 Majestät
629 299 68 17 täcktes
713 299 4 16 i
729 298 57 17 nåder
798 299 42 21 för-

221 329 59 16 ordna
297 329 28 16 att
337 327 85 22 inloppet
434 327 29 18 till
475 327 118 18 Mariehamn
607 327 102 22 lämpligen
721 327 68 22 belyses
801 327 40 16 med

216 358 70 21 fyrar;
303 359 47 15 samt
363 358 28 16 att
404 356 112 23 lotspengar,
526 357 43 22 fyr-
582 357 32 17 och
628 357 97 22 båkafgift
736 357 48 17 samt
797 355 42 18 tull-

221 386 115 22 expeditions
348 386 63 23 afgift
423 386 94 22 afskaffas
526 386 34 22 för
573 386 21 17 de
603 386 69 22 fartyg
683 391 38 12 som
734 385 30 18 till
772 385 68 17 Marie-

220 415 54 17 hamn
292 414 65 23 inlöpa
371 415 28 21 på
411 414 75 18 kortare
499 415 52 17 besök
560 415 34 22 för
606 416 28 15 att
646 419 95 17 reparera,
751 414 89 22 provian-

221 445 40 16 tera
280 443 43 18 eller
340 443 73 18 erhålla
431 443 59 20 order,
507 449 40 12 men
565 443 38 18 icke
621 443 67 23 intaga
704 443 44 18 eller
760 443 80 22 aflemna

220 472 63 23 någon
296 472 37 17 last
345 472 44 17 eller
399 477 131 18 passagerare.

152 530 129 24 Helsingfors,
294 530 36 18 den
342 530 20 18 31
376 530 81 17 Januari
471 530 48 17 1888.

509 588 61 23 Oscar
584 587 80 24 Wilhelm
679 587 89 24 Andstön.

154 828 35 22 De
204 828 204 29 omständigheter,
424 835 49 15 som
489 828 8 21 i
511 827 161 29 föreliggande
682 828 157 28 petitionsme-

83 862 82 22 morial
180 862 140 28 framhällas,
337 866 38 18 äro
391 862 76 30 enligt
476 862 133 23 Utskottets
619 862 94 29 mening
724 862 8 21 i
742 862 97 21 främsta

82 899 100 19 rummet
196 897 26 21 af
234 897 62 21 loka]
312 899 74 19 natur.
410 897 144 29 Visserligen
570 897 46 21 kan
631 896 39 22 det
685 898 103 27 antagas,
804 898 35 19 att

82 932 151 27 Mariehamn,
257 939 37 14 om
317 931 141 29 anlöpandet
480 931 68 22 deraf
564 938 84 22 genom
664 931 27 22 de
707 930 132 29 föreslagna

82 966 139 29 åtgärderna
242 966 180 27 underlättades,
438 967 73 28 något
533 973 49 14 mer
604 970 29 17 än
648 966 83 21 hittills
747 966 92 21 komme

82 1003 36 19 att
136 1001 27 21 af
174 1001 135 22 vinddrifna
324 1001 43 21 och
382 1001 103 21 skadade
499 1001 80 28 fartyg
594 1001 82 21 anlitas
692 1001 74 21 såsom
781 1000 58 21 nöd-

81 1035 71 22 hamn
168 1035 55 22 eller
237 1036 212 28 reparationsplats.
472 1035 117 22 Måhända
603 1035 77 22 kunde
695 1035 143 22 Mariehamn

82 1069 70 22 äfven
174 1077 49 14 som
245 1071 225 28 provianteringsort
485 1069 96 29 tillföljd
596 1069 69 22 häraf
677 1069 74 22 blifva
766 1069 26 22 af
805 1069 33 21 åt-

82 1104 94 29 skilliga
190 1104 79 29 fartyg
283 1105 107 28 uppsökt,
407 1104 73 22 ehuru
496 1112 29 13 en
540 1104 72 21 täflan
628 1104 52 21 med
695 1104 142 29 närbelägna

80 1141 74 19 större
168 1139 125 28 lossnings-
309 1139 42 22 och
366 1139 214 28 lastningshamnar
596 1139 13 21 &
623 1139 74 21 finska
713 1139 42 22 och
771 1146 66 13 sven-

80 1173 42 21 ska
136 1173 86 21 kusten
237 1173 116 29 svärligen
369 1173 66 22 torde
450 1173 80 22 kunna
545 1173 173 29 ifrägakomma.
749 1173 88 22 Endast

80 1207 37 22 för
132 1207 28 22 de
176 1215 65 21 egna,
256 1201 120 28 Äländska
392 1207 110 29 fartygen
512 1208 78 21 kunde
600 1208 143 22 Mariehamn
753 1207 8 22 i
773 1207 64 22 detta

80 1241 108 22 afseende
202 1242 72 21 vinna
290 1249 29 14 en
334 1245 72 18 större
421 1242 127 29 betydelse.

150 1277 137 21 Emellertid
309 1277 115 28 anknyter
447 1277 36 28 sig
505 1277 38 21 till
565 1276 111 29 förslaget
691 1279 34 19 ett
740 1276 97 22 allmän-

79 1318 55 14 nare
158 1311 42 21 och
223 1311 116 28 vigtigare
361 1311 105 26 intresse,
490 1319 48 14 som
561 1311 154 29 petitionären
731 1311 82 22 endast
828 1311 9 21 i

80 1345 151 29 förbigäende
247 1348 126 25 omnämnt,
385 1353 52 14 men
448 1345 92 23 hvilket
550 1346 74 29 enligt
633 1345 131 23 Utskottets
776 1345 61 28 äsigt

79 1380 176 29 otvifvelaktigt
276 1380 114 29 förtjenar
411 1382 35 20 att
470 1381 102 27 beaktas,
595 1380 117 29 nämligen
734 1380 39 22 det
795 1380 41 22 all-

78 1418 86 18 männa
185 1414 73 22 behof
277 1415 144 21 Mariehamn
444 1415 79 22 kunde
545 1415 59 29 fylla
618 1416 74 20 såsom
708 1414 128 29 orderplats

78 1448 37 22 för
130 1456 30 14 en
176 1448 36 22 del
228 1448 27 22 af
267 1449 28 22 de
311 1444 119 34 Östersjön
441 1450 44 21 och
494 1450 124 21 Bottniska
629 1449 70 22 viken
709 1448 126 23 befarande

78 1483 126 29 seglarene.
229 1484 46 21 Det
289 1484 106 21 inträffar
409 1484 121 28 nämligen
545 1484 49 21 ofta
610 1486 34 19 att
659 1486 33 19 ett
707 1484 85 28 fartyg,
804 1483 32 21 ef-

146 1523 95 18 Almänna
254 1524 179 18 Besvärsutskottets
447 1524 116 18 betänkande
576 1523 37 19 N:o
626 1523 17 18 6.
