1048 1731
235 131 12 21 6
436 130 207 25 Petitionsbetänkande
659 131 32 24 N:o
707 131 19 24 3.

207 201 79 20 ogerna
306 195 57 20 velat
377 195 108 27 tillstyrka
501 197 31 19 ett
546 195 133 27 fullständigt
695 195 67 26 afslag
778 194 13 21 å
805 195 152 26 petitionärens

205 228 161 27 framställning.
397 229 66 22 Detta
486 230 48 21 med
558 229 99 22 afseende
680 229 13 22 å
708 229 41 22 den
771 229 186 22 erkännansvärda

206 263 160 26 angelägenhet,
383 264 78 27 skäligt
476 264 166 27 tillgodoseende
658 264 23 21 af
690 263 160 27 Lappmarkens
861 263 96 22 kommu-

206 297 178 27 nikationsbehof,
400 298 85 21 hvilken
500 299 142 26 petitionären
656 299 121 26 påtagligen
792 299 77 26 ytterst
880 297 78 28 åsyftat

208 331 39 21 och
261 331 28 27 på
304 331 85 22 hvilken
404 334 31 20 ett
451 333 129 21 Ständernas
598 333 109 21 uttalande
723 333 82 20 kunnat
819 332 57 21 rikta
890 332 68 26 Rege-

207 366 85 26 ringens
314 367 194 26 uppmärksamhet.
544 367 79 21 Härvid
646 367 39 21 har
707 366 112 21 Utskottet
841 365 117 22 emellertid

208 400 80 26 erfarit,
304 402 33 19 att
351 401 84 21 landets
450 401 104 27 Regering
569 401 108 21 allaredan
694 402 63 25 egnat
773 401 127 20 hithörande
915 401 43 20 för-

208 434 114 21 hållanden
344 435 88 27 behörig
456 436 100 21 omtanke
580 437 54 20 samt
652 435 90 26 vidtagit
757 435 81 21 sådana
853 435 105 26 åtgärder,

208 475 45 15 som
268 469 33 21 för
317 470 32 20 ett
364 470 105 27 sakenligt
485 470 39 21 och
540 470 78 26 skäligt
633 469 166 28 tillgodoseende
810 469 23 21 af
841 469 116 27 Lappmar-

208 503 53 21 kens
283 504 94 26 antydda
392 504 65 22 behof
470 504 108 22 befunnits
593 504 119 27 påkallade.
743 503 10 21 I
768 504 113 26 anledning
896 503 23 22 af
931 510 26 15 en

208 536 149 23 Guvernörens
379 538 6 21 i
407 538 118 28 Uleåborgs
550 539 35 20 län
610 538 155 26 framställning
790 538 39 21 har
853 538 105 26 nämligen

208 572 120 26 Kejserliga
352 572 91 22 Senaten
466 573 32 21 tiil
520 573 97 27 pröfning
639 572 92 22 förehaft
753 572 74 27 frågan
845 579 34 15 om
893 574 65 24 väga-

208 606 198 27 byggnadsarbeten
428 608 57 20 inom
508 607 159 27 Lappmarkens
687 607 68 21 härad
770 607 39 21 och
825 613 54 21 ,som
895 612 64 21 ange-

209 640 57 27 läget
289 647 61 21 synes
368 648 57 19 vara,
441 643 33 19 att
489 642 235 21 kommunikationerna
739 642 57 20 inom
811 641 148 27 Lappmarken

209 676 66 20 varda
290 675 133 22 förbättrade
439 676 39 21 och
493 677 32 20 att
535 676 7 21 i
552 676 60 21 detta
626 676 99 21 afseende
741 675 80 22 sådana
836 676 53 20 efter
905 677 54 19 orts-

209 709 161 22 förhällandena
385 710 98 26 lämpade
498 711 81 21 mindre
594 712 70 25 vägar,
681 710 123 27 gängstigar
819 710 39 21 och
869 709 91 27 spängar

210 744 132 26 smäningom
365 744 110 21 derstädes
500 745 97 26 inrättas,
620 751 45 15 som
687 744 34 22 för
749 744 150 21 samfärdselns
922 744 39 20 och

210 778 155 22 varutrafikens
381 778 127 28 behjelpliga
523 779 155 27 uppehällande
693 780 59 20 inom
767 778 91 21 nämnda
873 778 88 26 aflägset

210 812 92 27 belägna
327 812 38 22 och
388 813 55 26 glest
465 813 114 21 befolkade
598 814 34 20 del
648 813 22 21 af
683 813 74 21 landet
772 813 73 21 kunna
859 812 68 22 finnas
941 812 23 20 af

210 846 101 22 behofvet
333 847 168 27 oundgängligen
523 848 119 26 påkallade,
668 848 38 20 har
729 847 119 27 Kejserliga
871 846 91 22 Senaten

210 882 62 21 aktat
295 881 73 27 nödigt
391 882 63 21 hafva
471 882 138 21 Guvernören
624 881 110 22 anbefaldt
749 883 33 19 att
797 881 32 21 till
845 880 118 28 Kejserliga

212 916 92 21 Senaten
326 916 107 21 inkomma
456 916 48 21 med
526 916 79 27 förslag
627 917 91 20 rörande
741 916 134 26 lämpligaste
898 916 65 20 sättet

212 951 40 21 och
275 951 115 27 ordningen
411 951 34 21 för
467 951 112 21 utförande
602 951 22 21 af
640 951 47 21 dei
702 951 128 26 nyssänförd
846 950 67 21 måtto
929 955 33 15 er-

210 985 117 27 forderliga
351 985 94 25 arbeten,
471 985 31 21 till
528 985 82 22 hvilkas
634 985 134 22 bekostande
794 986 31 19 ett
849 985 74 26 anslag
943 983 22 21 af

212 1020 77 25 20,000
312 1020 61 21 mark
395 1019 81 27 årligen
491 1020 7 21 i
513 1020 62 27 högst
598 1021 26 20 10
647 1020 34 21 års
704 1019 30 22 tid
754 1021 24 19 är
793 1021 32 19 att
839 1018 123 27 päräknas*.

212 1054 49 22 Med
283 1054 100 22 afseende
405 1054 13 21 å
438 1055 59 21 detta
519 1054 132 22 omfattande
673 1054 129 27 tillgörande
825 1053 7 20 i
854 1053 65 21 saken
941 1051 22 22 af

211 1089 85 21 landets
311 1089 105 26 Regering
431 1089 112 26 föreligger
558 1089 104 26 klarligen
676 1089 63 26 ingen
755 1088 113 26 anledning
883 1087 32 21 till
933 1088 30 20 ett

213 1123 203 22 Ständeruttalande
431 1123 7 21 i
454 1123 137 27 ofvanantydt
606 1123 60 27 syfte.

281 1192 33 21 Då
336 1191 111 22 Utskottet
469 1191 89 22 sålunda
573 1193 95 21 hvarken
682 1192 83 21 kunnat
780 1191 85 22 biträda
879 1190 86 27 petitio-

212 1227 77 21 närens
312 1227 92 26 speciala
425 1227 156 27 framställning
603 1227 53 22 eller
677 1227 70 21 funnit
769 1227 47 20 skäl
833 1225 132 22 förekomma

212 1261 33 20 till
266 1263 31 19 ett
312 1261 111 22 uttalande
439 1262 7 20 i
461 1262 113 27 anledning
590 1262 61 21 deraf
664 1261 47 22 från
728 1261 129 22 Ständernas
873 1260 46 21 sida
933 1258 33 21 får

212 1295 107 22 utskottet
334 1297 52 20 äran
401 1296 84 25 föreslå,

419 1396 32 20 att
467 1394 84 22 landets
562 1394 116 28 höglofliga
691 1391 100 28 Ständer,
808 1392 9 22 i
829 1390 140 24 betraktande

363 1430 30 27 af
403 1430 26 20 de
445 1430 101 27 åtgärder
557 1430 43 27 för
610 1428 253 22 kommunikationernas
874 1428 8 19 i
893 1426 75 28 Lapp-

352 1464 88 20 marken
455 1464 161 26 förbättrande,
632 1463 73 22 hvilka
722 1461 30 29 af
763 1462 133 27 Regeringen
913 1461 56 21 alla-

283 1504 99 17 Allmänna
394 1505 174 17 Besvärsutskottets
580 1487 109 44 betänkande
701 1509 32 12 n:o
746 1503 17 17 1.
