1048 1731
273 170 13 19 4
465 169 240 24 Petitionsbetänkande
721 171 37 23 N:o
775 171 36 23 37.

243 230 82 24 förtidig
343 232 37 18 död
398 232 65 19 kunna
481 234 115 22 utestängas
610 233 45 18 från
668 233 36 18 den
717 233 80 24 fattiges
809 233 51 23 hem,
872 234 54 18 desto
939 233 66 18 krafti-

243 265 48 18 gare
298 260 37 17 och
341 261 108 24 lyckligare
461 263 22 16 är
495 262 92 17 nationen
600 262 37 18 och
650 262 54 18 desto
717 263 75 17 mindre
805 263 162 18 omkostnaderna
974 261 31 18 för

244 287 139 25 fattigvården.

313 323 45 18 Alla
375 325 127 18 sträfvanden
514 325 7 18 i
534 325 63 18 denna
614 325 89 23 riktning
716 325 36 18 hos
765 331 32 12 oss
810 325 60 18 hafva
881 325 69 18 hittills
962 325 43 22 gått

244 353 22 16 ut
278 352 25 23 på
315 354 29 15 att
363 353 45 18 bota
419 353 60 18 redan
491 353 112 24 uppkomna
616 354 117 23 sjukdomar.
757 354 11 18 I
780 354 53 18 detta
845 353 91 19 afseende
948 353 57 18 söker

244 380 115 25 visserligen
378 382 67 18 landet
462 382 52 18 hålla
529 383 67 23 jemna
613 385 44 21 steg
673 383 44 18 med
730 383 30 18 sin
774 383 112 23 utveckling
898 383 30 18 för
940 382 65 24 öfrigt.

244 409 47 18 Men
303 410 53 18 detta
369 413 22 15 är
403 411 69 18 endast
484 417 24 13 en
520 412 43 18 sida
574 411 22 18 af
606 412 66 21 saken,
685 412 37 17 och
734 412 7 17 i
754 411 71 24 sjelfva
837 412 68 17 verket
913 411 42 22 den,
963 417 42 12 som

243 438 54 17 intar
309 439 60 18 andra
381 441 89 17 rummet.
494 440 30 18 Då
536 440 33 18 det
580 446 28 12 nu
619 442 23 16 är
653 441 66 21 kändt,
732 442 29 16 att
773 446 24 13 en
809 441 72 23 mängd
894 440 111 23 sjukdomar

244 466 67 19 kunna
328 467 136 24 förekommas,
482 469 23 18 så
516 471 22 16 är
550 469 33 18 det
595 469 31 18 för
638 469 49 18 hvar
699 469 37 18 och
749 475 24 13 en
784 469 57 22 klart,
857 471 29 16 att
898 469 31 18 det
941 469 64 24 ligger

244 496 45 18 vida
302 497 62 18 större
376 497 42 23 vigt
431 498 57 24 uppå,
501 499 28 17 att
542 498 75 24 skydda
629 500 29 16 ett
670 498 93 19 samhälle
775 500 42 16 mot
829 498 94 23 sjukdom,
935 500 25 16 än
972 498 33 18 det

244 526 23 16 är
283 526 29 16 att
329 526 48 17 söka
396 526 62 18 lindra
471 527 36 17 och
520 527 66 23 hjelpa
598 527 68 23 hvarje
679 528 84 17 enskildt
775 527 43 21 fall;
839 527 116 18 åtminstone
966 527 38 17 kan

244 552 33 19 det
289 553 63 23 aldrig
363 554 60 18 blifva
434 557 39 16 rätt
485 556 37 18 och
534 556 114 18 välbetänkt
660 558 29 16 att
701 556 106 18 inskränka
819 556 30 23 sig
858 556 67 18 endast
933 555 30 18 till
971 555 32 18 det

243 582 126 19 sistnämnda.

314 617 24 18 Vi
350 618 61 18 sakna
423 619 115 23 visserligen
550 619 43 18 icke
605 619 140 24 författningar
756 619 100 23 angående
868 619 105 18 ordnandet
985 619 22 18 af

244 646 37 17 den
299 646 98 19 allmänna
415 647 136 24 helsovården;
569 648 59 18 redan
649 648 317 24 provincialläkareinstruktionen
983 648 22 18 af

246 674 45 18 1852
306 677 63 21 säger,
387 678 29 16 att
434 677 108 21 ,allmänna
558 677 129 18 helsovärden
699 677 53 17 inom
765 677 96 18 distriktet
873 677 49 17 skall
934 678 69 22 utgöra

243 702 179 20 hufvudföremålet
439 706 31 17 för
487 706 198 23 provincialläkarens
697 706 126 23 befattning';
843 705 37 18 och
892 711 70 17 genom
974 707 29 16 ut-

243 731 104 19 färdandet
359 734 45 17 1879
416 734 23 17 af
449 740 23 12 en
485 734 71 18 allmän
568 734 185 23 helsovårdsstadga
768 734 31 18 för
810 734 82 18 Finland
903 734 36 18 har
950 740 54 17 rege-

244 761 68 23 ringen
332 762 44 18 sökt
393 762 87 24 afhjelpa
497 764 200 18 missförhållandena.
726 764 45 17 Men
790 763 79 18 oaktadt
887 769 44 11 man
949 764 54 22 inga-

244 790 59 18 lunda
321 790 30 18 får
369 791 126 18 underkänna
513 792 67 23 vigten
598 792 23 18 af
636 792 57 18 dessa
705 792 144 23 förordningar,
867 794 21 15 är
900 792 32 18 det
943 791 60 18 likväl

245 818 103 23 sjelftallet,
367 820 64 21 att”de
443 821 43 17 icke
498 821 66 18 kunna
576 822 73 17 uträtta
661 821 32 18 det
706 827 45 11 man
763 821 44 18 med
819 820 44 19 dem
875 820 78 24 åsyftat,
971 826 32 12 om

245 848 24 18 de
281 848 42 18 icke
335 848 122 19 handhafvas
470 849 22 18 af
502 856 98 17 personer,
612 856 43 12 som
667 850 62 18 förstå
741 850 56 18 deras
809 849 98 24 betydelse
920 849 37 18 och
965 850 38 16 rätt

244 876 66 18 kunna
323 877 86 24 tillämpa
421 878 50 18 dem.

314 912 112 18 Emellertid
439 913 74 18 erhålla
525 913 43 18 icke
580 919 35 12 ens
627 914 47 17 våra
686 913 66 18 läkare
767 918 24 13 en
803 913 59 23 nödig
873 912 130 25 handledning

244 940 6 17 i
264 940 53 19 detta
329 943 62 20 ämne,
410 944 47 15 enär
475 942 107 23 högskolan
595 942 71 18 saknar
678 947 24 12 en
714 942 124 23 läraretjenst
849 942 31 17 för
892 942 111 22 detsamma,

244 969 76 18 hvilket
338 969 75 23 hittills,
431 971 64 18 såsom
513 971 142 18 sammanfördt
672 971 44 18 med
735 971 110 23 patologisk
863 971 84 17 anatomi
967 971 36 18 och

245 999 138 22 rättsmedicin,
395 999 121 24 nödtvunget
532 1000 131 18 försummats.
687 1000 24 23 Ej
724 999 61 18 heller
797 999 96 18 meddelas
905 999 99 18 undervis-

244 1027 49 23 ning
305 1027 6 18 i
324 1027 120 19 helsolärans
462 1029 85 23 grunder
565 1029 33 18 vid
613 1029 47 17 våra
672 1028 90 18 tekniska
774 1028 36 18 och
823 1028 60 17 andra
894 1027 61 24 högra
967 1028 37 18 och

244 1056 55 23 lägre
311 1056 141 19 läroanstalter.

313 1091 72 18 Finska
397 1091 188 24 Läkaresällskapet,
597 1091 60 18 hvars
669 1091 126 18 medlemmar
807 1091 80 17 framför
900 1091 59 17 andra
971 1093 32 16 äro

244 1119 129 19 intresserade
387 1120 21 18 af
419 1126 23 12 en
454 1120 118 23 förbättring
584 1120 22 18 af
616 1120 32 19 det
660 1120 87 23 antydda
756 1119 134 22 förhållandet,
902 1119 36 18 har
945 1120 59 18 redan

246 1148 44 18 1883
302 1148 35 18 hos
349 1149 141 18 Consistorinm
503 1149 81 18 anhållit
596 1155 32 12 om
640 1149 129 18 utverkandet
781 1149 22 17 af
813 1155 24 12 en
849 1148 90 18 lärostols
951 1149 6 17 i
970 1148 34 24 hy-

244 1177 46 23 gien
309 1177 109 18 inrättande
437 1177 33 18 vid
487 1177 114 24 högskolan.
626 1178 115 18 Consistorii
753 1177 68 18 härom
835 1177 68 23 gjorda
915 1177 90 18 hemstäl-

244 1205 33 18 lan
289 1205 36 18 har
338 1206 48 18 dock
399 1207 107 18 tillsvidare
519 1207 17 22 ej
549 1207 41 18 ledt
601 1207 30 17 till
644 1207 85 23 åsyftadt
741 1207 45 17 mål.
807 1202 64 21 Äfven
883 1205 34 18 vid
929 1207 76 17 senaste

243 1234 94 24 landtdag
356 1241 35 12 var
408 1235 70 24 frågan
495 1235 45 18 från
557 1235 106 18 läkarehåll
675 1235 7 18 i
693 1235 133 24 petitionsväg
843 1234 30 18 till
892 1235 113 17 ständernas

244 1262 127 24 behjertande
383 1263 105 24 framlagd;
507 1264 112 18 densamma
634 1265 55 17 rönte
703 1263 128 22 erkännande,
850 1263 92 18 ehuruväl
955 1265 51 16 stän-

245 1292 71 18 dernas
333 1293 100 22 pluralitet
452 1293 17 21 ,i
487 1292 137 24 förhoppning,
646 1294 27 16 att
692 1298 71 18 genom
785 1292 124 23 regeringens
929 1291 76 24 försorg

245 1320 94 24 lämpliga
351 1321 92 24 åtgärder
461 1321 61 18 skulle
535 1321 89 24 vidtagas
636 1321 32 18 för
679 1321 129 18 utbredandet
820 1320 21 18 af
852 1326 23 12 en
888 1321 117 17 allmännare

245 1349 90 24 kunskap
347 1350 7 17 i
367 1350 114 18 helsovärd*
500 1350 62 19 beslöt
574 1350 40 18 låta
626 1351 107 23 petitionen
745 1350 7 17 i
765 1350 60 17 saken
837 1349 81 18 förfalla.
943 1349 62 18 Sedan

245 1378 63 18 denna
321 1378 28 18 tid
361 1378 36 18 har
409 1379 79 23 frågans
500 1380 114 23 realisering
626 1380 17 22 ej
657 1379 66 18 vidare
736 1379 115 18 fortskridit.

313 1419 87 18 Emedan
418 1419 135 24 föreliggande
570 1420 57 23 fråga
645 1420 63 23 syftar
725 1420 30 17 till
774 1421 29 17 ett
820 1419 43 22 mäi,
883 1424 41 12 som
939 1417 22 19 ai
974 1418 32 18 det

245 1447 124 24 högvördiga
387 1448 77 18 ståndet
478 1448 22 23 ju
513 1449 25 23 på
550 1448 32 18 det
594 1450 98 16 varmaste
705 1448 98 23 behjertas
815 1458 23 3 —
850 1446 97 24 nemligen
959 1447 47 23 möj-

244 1476 125 24 liggörandet
387 1477 20 17 af
424 1478 122 17 verksamma
564 1478 92 22 åtgärder
671 1477 30 18 för
713 1476 110 19 lindrandet
835 1476 23 18 af
868 1476 88 23 sjukdom
970 1475 36 19 och

315 1512 104 18 Allmänna
432 1513 181 17 Besvärsutskottets
626 1513 117 17 betänkande
755 1514 36 16 N:o
804 1512 30 17 31.
