1048 1731
229 130 349 24 Petitionsbetänkande
598 131 50 20 N:o
668 133 50 22 24,

348 433 139 21 Allmänna
503 432 253 22 Besvärsutskottets
769 433 89 21 betän-

306 467 80 22 kande
403 468 33 21 N:o
453 467 27 22 19
496 467 108 27 angående
620 467 28 21 ett
663 467 29 21 till
703 467 153 26 presteståndet

306 503 37 21 och
366 503 73 21 tvänne
461 502 30 22 till
509 502 151 22 bondeståndet
675 502 115 22 inlemnade
807 503 49 27 peti-

305 537 132 27 tionsförslag
461 537 107 27 angående
591 536 126 22 afskaffande
733 537 20 21 af
769 538 86 26 postför-

306 572 89 21 valtares
411 572 74 21 arvode
500 571 32 21 för
548 571 264 27 tidningsprenumeration.

170 636 77 21 Jemte
269 634 215 28 protokollsutdrag
506 634 36 20 för
557 634 46 21 den
618 634 14 20 4
648 634 42 21 och
705 634 45 21 den
760 635 26 21 18
797 634 60 21 Feb-

102 670 63 21 ruari
188 669 70 21 hafva
280 668 145 28 högvördiga
447 668 179 22 Presteståndet
651 668 43 21 och
714 668 143 22 hedervärda

103 703 176 22 Bondeståndet
301 703 36 21 till
360 703 126 21 Allmänna
509 703 230 21 Besvärsutskottets
756 703 101 21 behand-

103 739 51 28 ling
168 738 133 28 hänskjutit
315 737 102 29 följande
435 740 82 19 trenne
533 737 208 29 petitionsförslag.

173 782 174 40 (Öfversättning.)

262 837 54 19 Till
331 837 154 26 högvördiga
500 837 199 19 Presteståndet.

173 888 95 20 Behofvet
290 889 19 19 af
330 889 167 25 tidningsläsning
520 890 34 18 har
577 890 6 18 i
598 890 102 24 glädjande
715 889 48 25 grad
778 891 22 17 år
815 890 43 18 från

105 920 21 17 år
148 918 99 19 oafbrutet
268 917 79 26 tilltagit
369 919 34 18 hos
427 920 43 17 vårt
486 918 46 19 folk.
563 918 35 18 Nu
614 918 103 18 förefinnes
733 918 52 19 detta
799 918 62 18 behof

105 947 42 19 icke
170 947 67 25 längre
260 951 76 15 ensamt
355 948 36 18 hos
406 947 38 19 den
460 947 48 25 högt
523 950 92 22 uppsatte
631 948 36 18 och
682 947 59 24 lärde,
757 951 49 15 utan
822 947 36 18 hos

106 977 85 24 mången
215 976 17 18 af
255 976 22 18 de
299 975 96 25 fattigaste
419 976 180 25 backstugusittare
618 976 36 18 och
670 977 94 18 arbetare.
794 972 65 23 Äfven

106 1006 39 17 han
161 1005 93 18 åstundar
277 1007 26 16 att
318 1005 41 18 lära
374 1005 67 18 känna
456 1004 37 19 och
509 1005 77 24 deltaga
601 1005 6 18 i
624 1005 163 18 fäderneslandets
803 1004 56 19 sträf-

106 1033 84 19 vanden.
221 1033 46 19 Men
290 1033 29 19 för
341 1033 38 19 den
395 1033 68 25 fattige
478 1033 80 26 betyder
574 1040 24 11 en
615 1033 54 19 mark
685 1040 40 11 mer
740 1035 26 17 än
781 1033 79 19 hundra

106 1063 29 18 för
158 1063 23 18 de
204 1062 108 25 förmögna,
343 1062 46 19 Han
412 1062 65 19 skulle
497 1068 61 19 gerna
574 1068 137 19 prenumerera
727 1063 24 24 på
767 1063 36 17 och
818 1062 42 19 läsa

106 1091 108 24 tidningar,
235 1097 45 12 men
295 1091 56 18 deras
366 1091 52 25 höga
433 1091 214 24 prenumerationspris
662 1092 35 23 gör
712 1091 52 18 detta
779 1090 30 19 för
825 1090 34 19 ho-

106 1126 48 12 nom
169 1121 58 23 svårt,
241 1119 22 25 ja
277 1123 12 15 t.
305 1126 18 12 o.
340 1126 24 12 m.
381 1119 95 26 omöjligt.
507 1119 39 19 Det
561 1121 21 17 är
598 1119 83 19 sålunda
696 1125 24 13 en
737 1119 48 25 pligt
800 1122 28 16 att
838 1121 22 16 så

106 1149 56 24 långt
177 1148 68 25 möjlig
260 1149 87 24 aflägsna
362 1149 89 18 hindren.
482 1148 39 19 Det
536 1149 64 18 finnes
616 1154 24 13 en
656 1147 205 26 postförvaltareafoift

107 1177 29 18 för
151 1177 134 25 tidningarnes
301 1177 161 25 prenumeration
477 1177 38 18 och
531 1177 110 24 utdelning,
656 1183 41 12 som
713 1176 96 26 betydligt
824 1177 36 18 för-

107 1206 55 25 höjer
184 1206 55 19 deras
262 1206 217 25 prenumerationspris.
510 1205 73 19 Denna
599 1205 55 25 afoift
669 1205 37 19 kan
721 1205 48 25 godt
783 1203 78 27 aflyftas

108 1235 44 18 frän
167 1235 285 24 tidningsprenumeranternes
461 1234 98 25 skuldror,
576 1238 19 21 ty
604 1234 130 19 dettavällade
743 1233 42 20 icke
794 1235 67 24 nägon

108 1263 90 19 kännbar
212 1263 113 25 minskning
341 1263 6 18 i
364 1266 73 16 statens
454 1263 115 23 inkomster,
579 1262 125 19 alldenstund
715 1263 146 24 postförvaltar-

107 1299 32 17 ne,
162 1298 42 13 som
226 1292 57 19 äfven
306 1295 49 16 utan
377 1292 65 19 denna
465 1291 54 26 afgift
542 1291 59 19 hafva
616 1297 24 13 en
656 1291 102 25 tillräcklig
773 1291 89 23 statslön,

108 1321 69 18 kunna
196 1323 48 16 utan
267 1321 82 18 särskild
365 1321 109 24 ersättning
489 1320 40 19 lika
546 1321 31 18 väl
593 1320 116 19 distribuera
724 1321 19 18 ät
759 1326 102 19 prenume-

108 1353 92 15 ranterne
215 1349 126 25 tidningarna
356 1355 42 13 som
415 1349 23 18 de
454 1349 89 19 enskilda
559 1349 86 18 brefven.

177 1378 39 25 Jag
238 1378 87 19 anhäller
348 1378 66 19 derför
433 1378 108 24 vördsamt,
558 1381 27 15 att
600 1378 101 24 högvörda
716 1377 147 19 Presteständet

109 1407 44 18 ville
168 1407 119 19 understöda
303 1407 42 19 mitt
359 1407 73 25 förslag

179 1446 97 17 Allmiinna
289 1445 173 18 Besvärsutskottets
475 1444 111 18 betänkande
598 1444 36 18 N:o
653 1444 27 17 19.
