1048 1731
208 108 380 25 Petitionsbetänkande
602 110 54 25 N:o
674 111 47 23 10.

359 481 128 21 Allmänna
510 481 236 22 Besvärsutskottets
763 482 82 21 betän-

290 515 75 21 kande
383 515 32 21 N:o
435 516 18 28 8,
471 516 6 20 i
492 516 100 27 anledning
608 516 21 21 af
642 517 27 20 ett
684 516 30 21 till
729 514 117 23 Prestestän-

291 549 30 21 det
333 549 79 27 ingifvet
429 550 169 27 petitionsförslag,
610 549 92 28 angående
719 550 127 22 förbättrande

291 583 21 21 af
337 583 118 28 kollegornas
479 584 30 22 vid
532 584 210 22 elementarläroverken
765 584 81 22 löneför-

290 616 69 23 mäner.

156 674 78 22 Jemte
249 674 215 30 protokollsutdrag
480 675 37 21 för
533 675 45 21 den
595 676 12 20 7
618 674 109 22 Februari
737 674 42 22 har
789 674 56 29 hög-

85 708 97 29 vördiga
198 708 174 22 Presteständet
387 709 37 21 till
440 709 120 22 allmänna
575 709 204 21 Besvärutskottet
788 708 57 22 hän-

85 743 83 28 skjutit
183 745 34 19 ett
232 742 127 29 sälydande
373 743 246 29 petitionsmemorial:

238 800 51 20 Till
304 801 163 24 Högvördiga
481 800 210 28 Presteständet!

157 841 78 23 Nädiga
250 841 140 23 förordningen
406 841 21 19 af
442 842 37 18 den
497 840 26 20 23
535 841 85 24 Augusti
632 840 61 24 1883,
705 840 139 20 innehällande

86 869 98 19 särskilda
204 869 119 19 förändrade
339 870 123 24 stadganden
486 870 102 24 angående
612 869 233 19 Elementarläroverken

85 898 7 18 i
108 898 92 23 Finland,
216 898 36 19 har
267 898 162 24 ovedersägligen
445 898 125 20 underlättat
586 898 88 19 lärarens
690 898 7 18 i
712 898 69 24 många
797 898 48 19 hän-

86 926 86 20 seenden
188 928 61 23 tunga
263 926 116 25 befattning,
395 932 71 19 genom
482 929 30 18 att
527 927 6 19 i
550 927 64 24 någon
629 926 44 20 mån
688 926 59 20 hafva
761 926 84 19 förbätt-

85 957 33 17 rat
135 955 90 19 lärarnes
244 955 137 20 dessförinnan
399 958 74 21 ytterst
489 956 67 23 dåliga
572 955 117 24 lönevilkor,
706 955 80 20 hvarför
801 961 44 13 man

86 984 45 19 icke
147 983 64 20 heller
226 984 21 19 så
262 984 80 24 mycket
357 990 40 13 som
413 984 56 19 förut
483 985 47 18 hört
544 984 99 23 klagomål
654 983 55 20 öfver
719 984 58 19 deras
788 984 58 19 svåra

88 1012 130 19 ekonomiska
236 1013 99 23 ställning.
365 1013 48 18 Men
433 1013 104 23 samtidigt
556 1018 41 14 som
613 1013 84 18 nämnda
712 1012 78 24 Nådiga
805 1011 40 20 för-

87 1041 85 23 ordning
190 1041 56 19 ställt
261 1041 146 19 öfverlärarnes
423 1041 37 20 och
477 1041 127 19 lektorernas
619 1041 146 19 löneförmåner
780 1041 26 24 på
821 1046 25 13 en

86 1069 62 24 något
163 1069 21 19 så
200 1072 35 16 när
251 1070 37 23 god
304 1069 35 26 fot,
355 1070 120 19 åtminstone
491 1070 7 19 i
515 1070 38 19 den
568 1070 52 23 mån,
636 1072 30 17 att
681 1069 24 19 de
720 1075 69 18 genom
801 1075 44 18 syn-

86 1097 66 24 nerlig
174 1103 77 18 omsorg
274 1098 37 19 och
331 1098 124 24 sparsamhet
473 1099 7 18 i
501 1098 127 19 ekonomiskt
646 1098 112 19 hänseende
781 1097 66 20 kunna

86 1126 78 19 komma
182 1126 31 19 till
232 1128 59 22 rätta,
310 1127 37 19 har
362 1127 37 18 den
415 1127 64 24 enligt
494 1127 36 19 vår
545 1127 61 19 tanke
621 1127 72 18 lemnat
709 1126 116 24 kollegorna
841 1126 7 19 i

86 1160 25 13 en
126 1155 77 23 ganska
218 1155 158 24 beklagansvärd
392 1155 103 24 ställning.
518 1155 49 19 Med
583 1157 43 17 sina
641 1155 113 19 nuvarande
769 1155 77 18 inkom-

86 1185 42 17 stor
144 1183 36 19 har
196 1189 24 13 en
235 1184 80 23 kollega
330 1184 34 19 det
379 1185 74 23 ytterst
464 1184 55 19 svårt
529 1186 31 17 att
570 1184 93 22 existera,
674 1184 34 18 det
718 1185 55 17 stora
783 1183 62 18 timm-

86 1211 78 20 antalet
178 1213 36 22 gör
229 1213 34 18 det
278 1212 31 19 för
324 1213 71 18 honom
411 1213 56 19 svårt
482 1214 30 17 att
522 1218 70 18 genom
604 1213 90 18 litterära
704 1212 82 19 arbeten
797 1211 50 19 eller

86 1245 70 19 genom
176 1241 63 18 andra
259 1240 30 19 för
307 1247 24 13 en
347 1241 65 19 lärare
428 1241 94 24 lämpade
538 1241 197 24 bisysselsättningar
750 1239 39 20 öka
805 1240 43 19 sina

86 1268 117 21 inkomster.
233 1269 194 24 Löneförhöjningen
448 1269 112 20 förbättrar
578 1269 45 20 icke
643 1269 64 19 heller
721 1269 7 18 i
744 1269 38 18 den
798 1269 49 22 grad

86 1303 42 14 som
151 1297 68 24 möjlig
242 1303 47 14 vore
312 1298 127 24 kollegornas
456 1298 131 19 ekonomiska
602 1298 101 23 ställning,
719 1297 29 24 ity
763 1298 30 18 att
809 1297 38 18 den

86 1325 62 25 gifves
172 1327 44 18 dem
237 1326 116 25 fullständig
375 1327 50 19 först
449 1327 52 19 efter
523 1326 28 19 20
572 1327 32 19 års
620 1326 137 24 tjenstgöring,
773 1325 26 19 då
815 1326 34 19 det

85 1354 132 20 ekonomiska
238 1355 105 25 betrycket
365 1355 62 20 redan
450 1355 38 20 har
504 1356 76 19 kunnat
596 1355 51 24 stiga
662 1355 22 18 så
699 1355 54 23 högt,
769 1356 30 17 att
814 1354 34 19 det

86 1383 45 19 icke
154 1389 54 14 mera
230 1384 39 19 kan
292 1384 104 24 afhjelpas.
427 1384 103 24 Derjemte
546 1386 23 17 är
584 1384 127 23 kollegornas
726 1382 121 24 löneförhöj-

86 1412 48 24 ning
148 1412 7 18 i
171 1412 58 20 ofvan
245 1413 85 19 nämnda
344 1412 118 25 förordning
473 1413 104 19 försvärad
588 1413 121 24 derigenom,
720 1414 29 17 att
761 1412 24 18 de
795 1411 52 23 icke,

88 1440 50 19 efter
161 1442 30 18 att
212 1440 59 20 hafva
285 1441 66 20 blifvit
366 1442 98 23 lektorer,
480 1442 20 19 fä
516 1442 32 19 vid
564 1440 161 24 löneförhöjning
740 1440 63 20 räkna
819 1440 29 23 sig

157 1478 102 18 Allmänna
272 1480 181 18 Besvärsutskottets
467 1478 118 19 betänkande
599 1480 36 16 N:uv
653 1478 17 17 8.
