1048 1731
264 108 13 21 6
458 106 237 24 Petitionsbetänkande
710 107 37 22 N:o
759 107 28 23 21.

519 445 208 28 Reservation.

301 509 54 22 Lika
370 509 47 21 litet
431 515 46 16 som
492 509 118 23 utskottets
620 509 107 27 majoritet
737 509 78 22 tilltror
823 510 36 27 jag
869 510 42 27 mig
921 510 71 21 kunna

234 543 108 27 tillstyrka
357 544 27 21 de
399 543 23 21 af
435 543 138 27 petitiorären
588 543 119 27 föreslagna
722 544 134 27 åtgärderna,
867 543 71 22 hvilka
949 544 42 20 må-

233 578 71 21 hända
326 578 73 21 kunna
421 578 70 27 lämpa
513 577 33 27 sig
567 578 7 20 i
597 578 153 26 petitionärens
772 578 83 22 hemort
871 578 39 22 och
925 579 66 25 några

233 612 92 21 socknar
347 612 77 24 dertill,
448 618 47 16 men
519 612 8 20 i
552 612 67 21 andra
642 612 58 21 delar
722 612 23 21 af
766 612 72 22 landet
860 612 47 21 icke
924 611 67 22 skulle

233 646 98 22 försvara
345 646 32 22 sin
393 646 62 27 plats.
486 646 49 21 Men
550 646 61 22 äfven
626 652 26 15 en
668 646 23 21 så
706 646 89 22 allmänt
809 646 71 22 hållen
895 646 95 27 petition,

233 686 46 16 som
303 680 41 21 den
359 680 23 22 af
395 680 105 22 utskottet
515 681 98 26 antagna,
630 686 61 22 synes
705 680 43 27 mig
763 680 117 22 motiverad
895 680 74 22 endast
984 680 7 21 i

233 714 42 22 den
290 714 101 22 händelse
412 716 32 20 att
459 714 103 28 styrelsen
577 714 104 22 åsidosatt
697 714 35 22 det
747 714 6 21 i
769 714 117 28 petitionen
901 714 90 22 berörda

233 748 106 22 intresset.
359 748 49 22 Men
423 749 28 27 på
466 750 43 20 sätt
524 748 60 22 äfven
595 748 7 22 i
612 748 115 22 utskottets
743 748 133 22 betänkande
891 748 100 22 framhål-

233 782 37 27 les,
291 785 24 19 är
338 783 59 21 detta
411 782 114 28 ingalunda
540 782 65 25 fallet,
621 784 51 20 utan
687 783 39 21 har
741 783 102 27 styrelsen
858 784 90 21 tvertom
963 784 28 26 på

232 823 76 15 senare
330 817 31 21 tid
384 819 63 25 egnat
469 816 209 28 postförhållandena
695 818 28 26 på
738 817 73 22 landet
826 817 107 28 synnerlig
947 823 44 16 om-

233 850 101 23 vårdnad.

302 886 49 21 Med
367 885 98 22 afseende
481 885 51 22 derå
547 885 32 22 får
592 885 36 27 jag
643 885 70 22 derför
728 884 86 23 föreslå:

439 950 32 19 att
487 948 125 21 Ständerna
627 948 48 21 med
690 948 101 27 afseende
806 949 14 20 å
835 948 40 21 den
891 948 98 21 omvård-

371 983 44 20 nad
437 983 104 27 styrelsen
564 985 63 25 egnat
639 982 208 27 postförhållanden
862 983 32 26 på
910 982 79 27 iandet,

372 1017 64 21 måtte
459 1017 71 21 lemna
545 1017 147 28 ifrågavande
704 1017 95 27 petition
813 1019 54 18 utan
882 1016 106 27 afseende.

698 1073 52 23 Emil
766 1073 157 29 Schybergson.

349 1480 131 23 Helsingtors,
492 1479 211 18 Hufvudstadsbladets
715 1479 91 23 tryckeri,
820 1480 48 18 1888.
