1048 1731
220 121 27 20 48
442 119 210 24 Petitionsbetänkande
668 119 33 24 N:o
717 119 12 22 1.

190 184 13 19 å
214 184 78 25 platsen
307 183 111 25 uppköpes,
434 183 22 20 sä
472 183 127 20 öfverträffar
611 186 97 21 exporten
722 183 43 19 från
777 183 76 20 Raumo
866 183 21 20 af
896 183 55 20 detta

190 213 53 23 slags
266 212 63 25 virke,
352 211 31 20 för
406 212 24 19 de
453 212 94 19 sednaste
563 217 35 14 sex
613 212 55 25 ären,
684 211 58 20 äfven
758 212 133 24 Björneborgs
907 212 44 19 med

191 240 44 20 från
258 240 13 19 2
294 241 31 18 till
348 240 63 24 3,000
435 240 91 20 standert
548 240 84 24 årligen.
666 241 29 18 De
720 240 83 19 sednare
826 239 125 26 uppgifterna

191 269 77 24 grunda
284 269 30 24 sig
329 269 12 19 &
357 269 62 24 ärliga
435 269 112 20 statistiska
563 269 65 19 siffror
644 268 44 20 frän
707 269 132 24 Björneborg,
863 268 36 20 och
917 269 34 19 det

192 299 23 18 är
229 297 25 20 de
269 297 12 19 &
297 297 24 20 de
338 297 64 20 skilda
418 300 82 17 orterna
522 297 104 24 uppköpta
644 303 93 18 varorna,
754 303 41 14 som
811 298 30 19 till
857 297 37 19 den
911 302 40 14 om-

191 325 92 25 gifvande
298 326 117 19 landsorten
431 325 76 20 tillföra
522 327 110 23 penningar
648 326 36 19 och
701 326 81 19 dermed
797 326 96 19 välständ.

259 361 47 18 Men
329 363 54 17 utom
399 361 24 18 de
439 366 66 17 varor,
521 366 41 14 som
578 363 117 22 exporteras
712 360 43 19 frän
771 361 76 18 Raumo
863 360 50 25 stad,
929 360 22 19 sä

191 389 86 19 utsända
292 389 152 19 Raumoboarne
459 389 77 24 ganska
550 389 102 24 betydliga
667 389 158 24 trävarupartier
840 389 57 19 äfven
907 387 44 20 frän

192 417 102 24 åtskilliga
317 418 63 19 andra
402 421 55 16 orter
473 418 6 19 i
495 418 74 25 landet,
585 417 65 20 såsom
666 417 106 23 Sastmola,
788 417 79 24 Sideby,
882 417 69 25 Luvia,

193 446 108 24 Pyhämaa,
317 446 87 23 Töfsala,
421 447 82 23 Pargas,
519 446 74 19 Kimito
609 447 44 18 med
669 445 56 24 flera,
741 446 75 19 hvilket
831 446 78 19 bevisar
923 448 30 17 ett

192 475 125 24 synnerligen
333 475 59 19 vaket
408 474 85 20 affärslif
507 475 111 22 derstädes,
634 475 37 19 och
687 475 70 18 säkert
770 475 63 18 skulle
843 475 107 23 jernvägeu

192 503 81 24 utvidga
288 503 59 20 fältet
361 503 32 19 för
408 503 180 24 företagsamheten
606 503 28 19 uti
650 503 87 19 nämnda
752 503 44 19 stad
812 505 24 17 än
853 509 59 13 mera.

261 542 128 20 Beträffande
405 544 80 18 stadens
501 543 147 23 handelsflotta,
665 543 22 19 sä
702 543 37 19 har
753 543 7 19 i
776 545 82 17 motsats
873 543 44 19 med
927 543 24 19 de

193 570 57 20 flesta
265 571 22 19 af
301 572 78 18 landets
395 572 62 19 andra
473 572 73 23 städer,
563 572 58 19 äfven
637 572 66 19 denna
718 577 47 18 gren
777 572 22 18 af
808 572 84 18 handeln
907 571 44 19 icke

193 600 85 18 allenast
294 600 103 19 bibehällit
413 601 29 23 sig
457 603 47 16 utan
520 600 91 20 förökats
626 600 105 24 betydligt.
754 600 76 19 Raumo
842 599 110 24 segelflotta

192 628 77 24 uppgär
285 634 26 13 nu
327 628 30 19 till
373 628 77 26 10,999
474 629 84 22 register
581 632 41 20 ton,
638 629 78 23 Nystad
733 634 46 18 eger
793 628 70 25 9.017,
880 628 72 19 Kristi-

192 657 72 19 nestad
279 656 64 24 5,654
359 658 36 18 och
411 658 125 23 Björneborg
551 657 63 24 3,525
630 658 86 23 register
731 660 41 16 ton.
795 657 28 19 Af
836 656 116 20 industriela

192 684 79 25 företag
287 685 98 25 förtjenar
399 688 30 16 att
445 688 113 17 omnämnas
574 688 29 16 ett
618 685 133 24 änggarfveri,
766 686 58 19 hvars
840 686 62 22 ärliga
912 684 39 20 till-

192 714 168 24 verkningsvärde
383 715 77 23 uppgär
482 715 30 18 till
536 720 30 14 c:a
582 713 92 25 320,000
690 714 63 25 mark,
769 714 37 19 och
822 716 28 17 ett
866 714 85 23 ängylle-

193 742 88 24 spinneri
297 742 16 19 &
329 742 74 20 väfveri
419 743 44 19 med
479 745 28 17 ett
522 743 59 23 ärligt
592 743 200 23 tillverkningsvärde
804 742 21 19 af
834 748 31 14 c:a
875 741 77 24 70,000

193 770 64 19 mark.

261 799 42 19 För
326 801 29 17 att
377 800 117 24 möjliggöra
517 805 23 13 en
562 800 157 24 bansträckning
738 799 44 19 frän
799 800 37 18 den
851 798 100 20 blifvande

193 827 112 19 Satakunta
321 828 64 19 banan
401 828 30 19 till
447 828 76 19 Raumo
539 828 55 19 stads
610 828 64 25 hamn,
691 828 60 19 hafva
766 828 109 19 förstärkta
888 827 64 19 stads-

193 855 123 25 fullmäktige
340 857 111 25 derstädes,
475 857 65 19 säsom
563 856 21 20 af
598 857 79 23 bilagda
693 856 184 24 protokollsutdrag
893 855 60 19 fram-

192 884 43 25 går,
250 884 45 20 icke
311 885 86 19 allenast
416 885 73 19 bifallit
508 885 29 19 till
553 887 29 17 att
598 887 47 17 utan
661 886 111 23 ersättning
788 884 51 20 afstä
854 884 31 19 för
898 884 55 24 jern-

192 914 71 24 vägen,
285 913 53 19 inom
361 914 81 18 stadens
466 914 86 25 omräde,
576 913 117 25 erforderlig
707 914 53 25 jord,
776 916 47 16 utan
837 913 72 24 jemväl
924 915 29 16 att

193 941 29 19 uti
238 940 28 20 40
282 942 33 19 ärs
331 943 35 22 tid,
382 943 87 18 räknadt
485 942 43 19 frän
545 943 37 19 och
598 943 44 18 med
658 943 34 19 det
707 943 97 18 kalender
819 942 28 25 är,
864 947 41 14 som
915 940 38 20 föl-

192 969 31 24 jer
247 969 51 20 efter
321 971 40 23 det,
385 971 25 18 dä
431 972 107 23 jernvägen
557 971 96 24 upplätits
669 971 32 19 för
716 970 60 20 trafik
791 971 38 19 och
844 972 29 17 att
888 970 65 19 denna

193 998 74 23 bygges
290 999 101 24 samtidigt
413 1000 45 19 med
480 999 110 20 Satakunta
612 999 73 24 banan,
710 1000 82 23 bidraga
811 999 29 19 till
856 998 98 23 företaget

193 1027 45 18 med
261 1026 78 25 15,000
362 1028 57 19 mark
439 1028 81 24 ärligen.
551 1028 105 19 Likaledes
671 1029 38 18 har
723 1028 77 19 Raumo
816 1027 55 20 stads
886 1027 66 19 lands-

193 1054 123 27 församling,
332 1056 65 19 såsom
411 1057 73 23 jemväl
500 1056 21 20 af
537 1057 81 24 bilagda
641 1057 185 24 protokollsntdrag
844 1061 65 19 synes,
924 1055 29 19 bi-

194 1083 53 20 fallit
262 1084 31 19 till
308 1087 30 16 att
357 1085 142 19 kostnadsfritt
521 1085 65 20 lemna
602 1086 26 19 all
644 1086 37 18 den
698 1085 63 26 mark,
777 1090 42 14 som
834 1084 20 19 af
868 1084 85 19 nämnda

194 1111 186 26 landsförsamlings
396 1119 48 18 egor
459 1114 77 19 komme
552 1114 31 19 för
597 1114 120 24 jernvägens
733 1113 62 20 behof
803 1115 30 17 att
845 1112 108 20 erfordras.

193 1140 45 19 Den
254 1141 85 19 sälunda
354 1141 81 20 bifallne
449 1143 151 22 jordsträckans
616 1143 59 23 längd
691 1144 59 21 utgör
761 1141 142 24 sammanlagdt
913 1146 40 14 om-

193 1169 59 24 kring
267 1168 13 21 8
297 1172 60 17 verst.

262 1203 49 20 Med
334 1204 81 24 ledning
437 1204 23 19 af
481 1205 36 18 allt
532 1205 34 19 det
580 1205 84 19 anförda
679 1205 62 24 vägar
755 1205 34 23 jag
805 1204 100 19 vördsamt
920 1209 34 14 an-

193 1231 54 20 hålla
271 1237 30 14 om
324 1232 101 25 vällofiiga
447 1233 179 24 Borgareständets
649 1233 92 24 benägna
759 1233 110 19 understöd
883 1232 32 19 för
930 1237 25 14 en

194 1260 124 25 underdänig
333 1261 85 24 petition
433 1262 7 19 i
456 1262 33 19 det
505 1261 58 26 syfte,

403 1331 33 18 att
453 1329 124 21 Ständerna
588 1330 40 26 jör
644 1329 35 21 sin
702 1328 35 21 del
753 1329 50 20 ville
819 1327 82 22 besluta
917 1327 38 20 och

333 1357 38 21 hos
389 1357 64 21 Hans
475 1357 126 27 Kejserliga
624 1357 111 27 Majestät,
755 1357 40 21 vär
811 1355 120 28 Storfurste
947 1355 9 21 i

333 1385 175 29 underdänighet
521 1386 122 24 hemställa,
654 1388 32 19 att
697 1386 37 20 vid
744 1384 149 22 innevarande
903 1384 54 21 eller

333 1414 200 21 nästinstundande
556 1414 107 28 landtdag
678 1421 27 14 en
720 1414 77 27 Nädig
816 1412 140 28 proposition

334 1442 67 28 Vlefve
412 1442 118 28 framlagd
543 1443 45 27 för
604 1443 126 21 Ständerna
746 1448 33 15 om
795 1440 120 30 byggandet
930 1440 31 27 af

263 1481 192 23 Jernvägsutskottets
468 1482 117 18 betänkande
598 1484 35 16 N:o
646 1482 17 17 2.
