1048 1731
303 129 229 22 Petitionsbetänkande
549 131 35 21 N:o
599 131 36 20 47.
843 132 12 17 3

100 196 79 17 stemets
194 193 64 20 skilda
273 193 53 19 delar
341 193 80 19 komma
436 196 27 16 att
479 194 59 19 verka
553 194 128 24 harmoniskt,
696 195 44 18 hela
751 194 104 23 militären,

100 223 44 18 från
163 223 38 18 den
220 221 69 26 högste
310 221 67 20 chefen
393 223 29 18 till
437 223 38 18 den
490 223 63 25 lägste
568 223 96 24 soldaten,
679 223 49 18 skall
744 225 70 23 utgöra
829 229 25 12 en

100 252 32 18 hel
154 251 107 25 organism,
284 251 80 18 hvilken
387 251 56 25 fyller
465 252 31 18 sin
519 251 79 26 uppgift
621 252 43 18 med
678 252 39 18 den
732 251 49 19 fulla
797 251 58 24 kraft,

101 287 42 12 som
158 280 22 19 af
192 286 25 13 en
232 279 61 18 sådan
308 279 39 19 kan
363 281 74 18 väntas.

169 308 34 19 Ett
218 308 122 25 nödvändigt
358 309 64 18 vilkor
437 309 32 18 för
484 309 158 24 krigsväsendets
658 309 119 25 utveckling,
792 309 29 18 för
831 309 24 18 de

100 337 99 19 derstädes
222 336 109 19 herskande
356 337 207 19 missförhällandenas
585 337 123 25 afhjelpande
730 339 22 17 är
773 337 82 24 således,

100 369 28 16 att
151 372 46 13 man
220 365 112 25 uppfostrar
354 372 25 12 en
401 366 118 24 officerskår,
542 366 80 19 hvilken
640 366 75 19 känner
731 367 29 24 sig
776 367 79 18 tillhöra

100 401 76 13 samma
194 394 41 19 folk
253 400 42 13 som
314 395 120 24 manskapet,
452 395 81 19 hvilken
548 395 31 18 till
595 395 62 24 sinne,
672 395 59 25 språk
747 396 36 18 och
798 395 56 18 sträf-

101 424 77 19 vanden
198 425 23 17 är
240 423 82 19 förenad
342 424 42 18 med
405 423 34 20 sitt
458 423 40 19 folk
514 423 38 20 och
568 423 6 19 i
590 423 58 20 hvars
663 424 52 19 leder
730 430 25 12 en
770 423 49 19 hvar
834 423 22 19 af

101 452 70 19 folkets
194 453 55 23 barn,
270 454 49 17 utan
339 455 27 16 att
388 453 79 24 språket
488 453 66 18 ställer
576 452 70 19 hinder
665 453 7 18 i
691 453 50 18 hans
756 454 44 23 väg,
815 452 39 19 kan

100 481 98 25 uppstiga.
229 481 31 18 En
275 481 62 18 sådan
356 481 113 19 officerskär
484 481 39 19 kan
539 481 43 18 icke
598 481 111 25 uppfostras
725 481 129 19 annorstädes

101 512 26 17 än
142 511 6 18 i
163 513 27 16 ett
204 510 147 25 finsktspråkigt
366 510 168 24 militärläroverk,
550 510 79 19 hvarför
644 510 19 19 vi
677 512 52 24 våga
744 510 87 24 anhålla,

307 568 30 18 att
351 566 101 26 Styrelsen,
471 567 96 20 särskildt
586 567 43 19 med
648 567 89 24 afseende
751 568 54 22 derå,
825 568 30 18 att

239 596 31 19 det
291 596 122 24 främmande
435 596 128 24 förhållande,
585 602 41 14 som
640 602 65 18 genom
719 596 37 19 vår
771 596 83 24 officers-

237 624 48 20 kärs
303 625 178 25 svenskspräkighet
500 625 61 19 under
578 625 123 19 närvarande
719 624 136 25 förhållanden

238 654 97 19 existerar
350 654 33 19 och
397 654 86 24 ständigt
498 654 86 24 tilltager
598 654 69 19 mellan
677 654 70 23 befälet
758 653 33 19 och
801 659 52 13 man-

241 682 72 25 skapet,
332 682 60 20 skulle
405 683 64 19 kunna
485 683 99 24 aflägsnas
600 683 32 19 och
648 682 105 24 derigenom
768 682 37 20 vår
819 682 36 19 mi-

239 711 46 19 litär
299 711 64 20 kunna
377 711 103 25 ordentligt
493 712 91 24 uppfylla
598 712 35 18 sitt
647 711 70 25 vigtiga
731 711 50 24 värf
793 711 8 19 i
815 710 38 20 Re-

237 741 77 23 gentens
334 740 33 19 och
384 740 137 24 fosterlandets
542 741 63 24 tjenst,
626 740 58 19 mätte
699 740 62 24 draga
775 740 79 24 försorg

239 775 36 17 om,
292 770 30 18 att
334 768 77 24 finskan
429 769 65 20 såsom
512 768 207 25 undervisningsspräk
733 768 33 20 vid
780 768 73 20 kadett-

239 798 59 18 kåren
312 798 9 19 i
335 798 22 19 de
372 799 73 22 ämnen,
462 799 8 19 i
483 798 65 19 hvilka
568 798 94 19 svenskan
675 796 69 21 hittills
759 797 95 19 användts

239 832 41 14 som
301 826 214 26 undervisningsspräk,
537 827 62 23 intoge
622 826 35 20 den
676 826 58 24 plats,
755 832 42 13 som
817 826 36 19 till-

237 855 84 19 kommer
339 855 31 19 det
388 856 65 19 säsom
472 856 35 19 den
526 855 142 25 öfvervägande
685 855 131 23 majoritetens
831 855 26 21 af

237 884 46 19 värt
296 884 42 24 folk
353 885 65 24 spräk.

169 981 44 20 Jon.
229 981 91 21 Castrén.
582 981 18 20 J.
618 980 111 21 Riihimäki.

170 1009 28 20 M.
214 1009 94 22 Heikura.
585 1009 53 21 Antti
655 1009 81 21 Mattila.

170 1037 45 22 Isak
231 1038 82 21 Hoikka.
584 1037 76 22 Kustaa
675 1037 83 26 Kiipula.

170 1067 17 19 J.
204 1066 64 21 Häkli.
584 1067 12 20 E
619 1066 107 22 Grönroos.

170 1095 45 20 Erik
231 1095 73 27 Pöysti.
582 1095 24 21 H.
623 1095 109 26 Landgren.

169 1123 49 22 Juho
234 1123 70 22 Klami.
579 1124 61 26 Aapel
658 1123 105 27 Häyrinen.

170 1152 20 21 E.
206 1152 127 22 Tensikkala.
580 1152 95 21 Zefanias
691 1151 100 22 Suutarla.

170 1181 53 20 Antti
239 1181 141 22 Tuomikoski.
580 1181 62 21 Juhan
658 1181 87 20 Wähälä.

169 1209 49 22 Juho
234 1210 130 21 Malkamäki.
578 1210 16 21 J.
610 1209 95 22 Alastalo.

170 1239 20 20 P.
207 1238 114 27 Leppänen.

170 1439 97 17 Allmänna
280 1439 173 17 Besvärsutskottets
464 1438 110 18 betänkande
586 1438 36 18 N:o
635 1438 29 17 38.
