1048 1731
279 87 210 24 Petitionsbetänkande
505 87 35 23 N:o
556 87 40 22 44.
765 88 25 21 11

128 150 103 21 Förutom
253 149 26 22 de
301 149 7 21 i
323 150 61 21 dessa
400 149 212 28 petitionsmemorial
628 149 139 22 omförmälda
782 156 39 21 pe-

59 184 136 22 titionslistor
210 183 39 22 och
264 183 324 28 kommunalstämmoprotokoll
603 185 55 20 samt
668 184 36 21 tvä
715 190 105 15 samman-

60 219 53 26 drag
135 218 23 21 af
179 218 70 21 dessas
264 217 99 26 innehäll,
379 217 39 22 har
433 218 107 21 utskottet
556 218 60 21 äfven
631 217 46 22 frän
692 218 127 22 Ridderska-

59 254 37 26 pet
118 252 39 22 och
181 251 74 25 Adeln,
278 252 102 27 Borgare-
404 252 39 21 och
467 252 165 21 Bondeständen
655 251 40 22 fätt
711 254 108 25 emottaga

58 287 79 27 utdrag
152 286 22 22 af
187 286 133 27 protokollen
336 286 57 21 öfver
409 286 41 21 den
466 287 127 25 diskussion,
610 293 45 15 som
670 286 53 22 förts
739 287 34 21 vid
784 293 35 20 pe-

59 321 191 26 titionsförslagens
265 320 148 27 föredragning
429 320 6 21 i
451 320 100 22 afseende
567 321 13 20 å
595 320 73 22 remiss
684 320 33 21 till
730 321 89 21 utskott.

128 355 34 22 Då
184 355 27 21 de
229 361 28 14 nu
275 354 98 27 gällande
388 355 177 26 förordningarne
580 361 35 15 om
630 355 135 26 tillverkning
780 355 40 21 och

60 389 124 27 försäljning
206 395 25 15 m.
255 395 27 15 m.
305 389 22 21 af
341 388 90 22 bränvin
447 389 40 21 och
504 389 66 21 andra
585 389 143 27 spritdrycker
743 388 23 22 af
779 389 41 21 den

60 425 27 21 16
109 423 44 22 Juli
176 423 55 22 1886
254 423 35 21 vid
311 423 54 21 1885
385 423 35 21 års
435 423 104 27 landtdag
554 423 22 21 af
590 423 118 22 Ständerna
723 425 96 24 antogos,

59 458 83 22 beslöto
165 457 118 23 Ständerna
305 458 26 26 på
353 457 127 22 hemställan
504 457 23 22 af
547 457 218 25 Ekonomiutskottet,
788 459 33 19 att

59 493 115 21 inskränka
196 492 57 22 tiden
275 491 33 22 för
331 491 62 22 dessa
415 491 161 28 författningars
599 491 102 29 gällande;
716 491 56 22 kraft
787 491 33 22 till

59 528 108 26 utgången
190 526 22 22 af
232 527 24 20 år
279 527 61 26 1892,
359 528 27 25 på
402 526 36 22 det
453 526 104 28 styrelsen
573 526 68 21 skulle
656 526 115 22 föranlåtas
787 526 33 21 till

61 562 52 20 1891
131 562 35 20 års
180 560 102 27 landtdag
296 560 106 22 inkomma
418 561 48 21 med
482 567 41 20 nya
538 560 120 27 lagförslag,
674 560 48 27 ,,vid
737 560 83 22 hvilkas

60 595 116 22 affattande
198 595 26 21 de
246 594 23 22 af
289 600 26 16 en
337 594 34 22 del
393 595 142 27 petitionärer
550 594 125 22 framhållna
690 594 130 26 önskningar

60 636 34 16 om
118 631 31 20 ett
170 628 122 29 ytterligare
315 628 157 22 förminskande
493 629 7 21 i
515 628 155 28 spritdryckers
685 628 135 27 användning

59 664 73 21 kunna
154 664 85 21 komma
253 663 67 21 under
335 663 116 27 pröfning.*
483 663 41 22 Till
540 663 52 27 följd
607 663 61 21 häraf
681 662 62 22 hafva
758 663 62 21 Stän-

61 698 65 21 derna
148 697 35 22 vid
202 697 173 22 nästkommande
390 698 102 26 landtdag
508 699 31 19 att
556 699 80 19 emotse
651 704 25 14 en
691 697 64 27 nädig
770 703 49 21 pro-

60 732 92 28 position
177 732 7 21 i
207 732 90 21 berörda
322 734 67 20 ämne.
424 732 97 22 Emedan
547 731 272 28 nykterhetssträfvandena

62 766 148 27 ogensägligen
226 766 66 22 under
307 766 26 22 de
349 768 83 20 senaste
447 767 52 21 ären
514 766 57 27 gjort
586 766 119 27 betydande
717 766 102 26 framsteg

61 800 7 21 i
83 800 107 22 allmänna
206 800 135 27 tänkesättet,
356 807 63 21 synas
435 800 46 22 skäl
496 807 52 15 vara
562 800 33 21 för
610 800 82 22 handen
707 802 33 19 att
755 800 6 20 i
776 800 43 26 lag-

62 834 123 27 stiftningen
206 835 28 26 pä
255 836 64 26 nägot
341 837 43 19 sätt
407 835 131 26 tillmötesgä
562 835 69 21 denna
646 834 73 22 starka
735 834 39 22 och
793 834 27 21 be

59 868 107 27 rättigade
190 868 85 25 rörelse,
297 868 62 22 hvars
382 875 105 21 ursprung
511 869 39 21 och
567 868 65 22 motiv
648 871 35 19 äro
700 868 65 22 värda
781 868 38 21 allt

60 902 142 22 erkännande.
232 902 31 22 På
285 903 55 21 hvad
362 905 43 19 sätt
425 903 60 21 detta
499 903 184 26 tillmötesgående
697 902 122 28 lämpligast

60 936 40 22 bör
123 938 40 25 äga
185 943 52 20 rum,
261 937 72 21 derom
349 944 50 15 vore
415 937 41 26 det,
473 937 67 27 enligt
556 936 115 23 utskottets
687 937 84 27 mening
787 936 32 22 för

59 971 64 26 tidigt
146 973 32 19 att
199 971 39 21 här
261 971 66 22 utlåta
342 971 37 27 sig.
410 971 171 22 Petitionärerna
597 971 78 27 begära
690 971 80 26 endast,
787 972 32 20 att

60 1005 104 27 styrelsen
187 1006 35 20 må
241 1011 75 21 genom
336 1012 25 15 en
377 1005 80 22 komité
471 1005 91 22 insamla
578 1006 76 26 nödiga
669 1005 150 28 upplysningar

59 1039 8 21 i
90 1039 53 28 syfte
166 1041 32 20 att
220 1040 27 27 på
269 1041 31 20 ett
315 1040 178 27 ändamålsenligt
508 1042 44 19 sätt
566 1040 122 27 ytterligare
704 1039 115 22 inskränka

60 1073 272 28 rusdryckshandteringen.
363 1074 39 21 Väl
428 1080 61 21 synes
515 1081 49 14 man
587 1074 71 21 kunna
680 1076 83 24 antaga,
787 1075 32 20 att

59 1107 105 27 styrelsen
186 1107 119 22 oberoende
325 1107 22 22 af
361 1114 25 15 en
402 1108 73 21 derom
491 1107 47 22 från
554 1108 128 21 Ständernas
697 1108 45 21 sida
757 1108 62 27 gjord

60 1141 106 26 anhållan,
189 1142 95 21 kommer
306 1144 32 19 att
360 1143 99 21 nedsätta
479 1149 26 15 en
521 1143 66 21 sådan
603 1143 84 26 komité,
703 1149 48 15 men
766 1144 52 20 utan

60 1175 72 22 tvifvel
154 1175 42 22 kan
220 1176 127 22 Ständernas
370 1177 90 26 petition
475 1177 7 20 i
499 1177 120 27 betydande
635 1177 109 26 mån;öfva
759 1176 59 27 infly-

59 1210 66 21 tande
147 1211 28 26 på
198 1210 151 27 omfattningen
372 1211 21 21 af
415 1211 40 21 den
479 1210 107 22 blifvande
608 1211 104 21 komiténs
727 1211 90 27 uppgift.

60 1243 50 22 Med
125 1243 154 28 godkännande
294 1244 22 22 af
329 1245 178 26 petitionärernas
521 1245 79 27 förslag
611 1245 6 20 i
629 1245 122 26 hufvudsak,
763 1245 54 22 före-

60 1277 44 22 slår
118 1278 105 21 utskottet
239 1278 81 22 derföre
335 1279 108 21 vördsamt

263 1349 33 18 att
320 1347 105 21 Finlands
450 1347 96 21 Ständer
568 1348 50 21 ville
633 1347 37 22 hos
685 1348 64 21 Hans
766 1348 51 27 Kej-

194 1381 80 27 serliga
299 1380 103 28 Majestät
427 1383 9 19 i
461 1382 175 28 underdänighet
661 1382 96 25 anhålla,
785 1384 33 19 att

127 1420 201 18 Ekonomiutskottets
341 1421 122 19 betänkande
475 1422 36 18 N:o
524 1423 28 17 17.
