1048 1731
315 163 212 25 Petitionsbetänkanda
543 165 36 22 N:o
595 164 33 23 37.
795 166 12 21 9

145 227 35 22 De
202 226 161 29 föreliggande
385 226 237 29 petitionsförslagen,
646 226 81 23 hvilka
743 227 36 22 till
795 227 40 21 sitt

78 261 108 29 syftemäl
208 265 57 17 nära
287 261 213 27 öfverensstämma,
516 261 86 22 betona
617 261 30 28 pä
662 261 39 22 väl
716 261 120 29 grundade

80 295 50 22 skäl
146 295 103 30 och'med
264 295 89 21 siffrors
364 295 146 22 vittnesbörd
526 295 45 22 den
586 295 119 22 allmänna
720 295 117 22 helsovär-

78 329 56 23 dens
149 329 196 28 utomordentliga
356 329 119 28 betydelse
486 329 37 22 för
533 332 34 19 ett
578 329 61 22 folks
650 329 185 27 välbefinnande,

78 364 43 22 och
143 364 28 22 de
189 363 145 30 djupgäende
350 364 143 28 verkningar
508 363 71 22 äfven
594 364 8 21 i
618 364 148 21 ekonomiskt
781 364 55 21 hän-

78 398 89 28 seende,
183 398 167 28 förbättringar
373 398 26 21 af
416 398 141 27 densamma,
573 398 164 29 möjliggjorda
753 398 27 22 af
792 398 44 22 den

78 433 137 28 hygieniske
225 432 171 29 vetenskapens
407 433 88 22 snabba
504 433 139 28 utveckling
652 433 31 28 pä
693 436 91 19 senaste
794 433 41 28 tid,

78 467 180 29 nödvändigtvis
281 467 112 22 medföra.
422 467 123 22 Utskottet
566 474 68 15 anser
652 467 36 29 sig
703 468 26 21 sä
744 467 93 29 mycket

78 501 88 22 mindre
182 501 99 23 behöfva
295 501 58 29 ingä
367 501 9 21 i
392 509 29 14 en
435 501 81 23 vidare
532 501 126 29 utredning
673 501 26 22 af
719 502 117 22 helsovär-

79 536 55 22 dens
149 537 51 28 vigt
215 536 35 22 för
265 536 130 27 samhället,
411 543 49 15 som
476 536 134 22 densamma
626 536 129 29 ingalunda
771 536 64 23 torde

78 570 162 22 underskattas
249 570 25 22 af
279 570 232 29 Representationen,
520 570 104 28 hvilken,
633 571 64 21 såväl
707 571 40 22 vid
759 571 75 22 denna

78 612 49 15 som
142 605 139 29 föregäende
295 604 148 29 landtdagar,
458 606 62 20 visat
535 605 42 21 sitt
592 605 99 21 intresse
707 605 36 22 för
754 605 83 29 spörjs-

78 640 52 26 mål,
153 646 49 15 som
224 639 80 21 beröra
319 638 92 22 landets
427 639 207 22 sanitetsväsendev.
663 640 122 22 Utskottet
803 647 33 14 er-

78 674 88 22 känner
181 674 68 21 äfven
265 674 38 21 det
318 673 145 29 berättigade
478 674 8 21 i
496 674 194 28 petitionärernas
700 674 77 28 yrkan
788 674 48 22 der-

78 716 44 20 om,
138 710 34 20 att
187 709 51 21 vårt
252 708 66 21 lands
334 708 283 28 sundhetsförhållanden,
635 708 80 22 hvilka
733 708 52 22 icke
797 712 38 18 äro

78 743 26 21 så
118 750 135 22 gynsamma
275 750 49 14 som
340 742 105 29 önskligt
467 750 62 18 vore,
545 743 57 21 böra
624 750 68 14 mana
711 743 36 22 till
770 743 66 22 verk-

78 785 86 14 samma
179 777 106 29 åtgärder
301 776 36 22 för
352 776 66 22 deras
433 776 169 23 förbättrande.

146 812 76 21 Bland
237 812 27 21 de
274 812 86 28 många
375 812 42 21 och
429 812 129 22 olikartade
570 812 206 28 omständigheter,
787 819 49 14 som

78 846 78 22 kunna
171 846 95 29 bidraga
281 846 37 21 till
333 846 112 28 höjandet
461 846 26 22 af
500 848 35 20 ett
550 846 61 22 folks
627 846 118 22 allmänna
767 846 70 22 sund-

76 880 165 25 hetstillständ,
257 884 24 18 är
296 883 57 19 utan
369 880 84 22 tvifvel
469 881 39 21 det
523 880 27 23 af
562 881 108 29 samtlige
684 881 153 29 petitiofärer

77 915 8 21 i
100 914 97 22 främsta
218 917 98 19 rummet
338 914 141 23 framhällna
502 915 181 29 önskningsmäl,
701 922 37 15 om
761 915 75 21 utbre-

78 949 86 22 dandet
179 949 26 22 af
217 957 28 14 en
261 952 72 19 större
349 949 44 22 och
409 949 144 22 allmännare
568 950 106 29 kunskap
690 950 8 21 i
720 949 116 22 helsovär-

77 991 56 22 pens
148 983 107 29 grunder,
269 984 151 28 synnerligen
435 983 210 30 behjertansvärdt.
675 984 47 21 Det
744 988 26 17 är
791 984 44 21 lätt

76 1017 78 22 insedt
168 1020 42 25 att,
225 1018 30 21 dä
263 1017 194 30 genomförandet
473 1018 26 21 af
511 1018 236 29 helsovärdstadgans
767 1017 69 23 otvif-

77 1052 114 29 velaktigt
206 1051 141 30 förträffliga
363 1052 145 22 föreskrifter
523 1052 147 22 beträffande
685 1052 150 29 boningshus,

77 1086 121 29 renlighet,
223 1087 108 27 brunnar,
361 1086 142 23 hindrandet
528 1087 27 22 af
577 1087 168 21 smittosamma
775 1087 62 28 sjuk-

77 1120 91 22 domars
178 1121 121 28 spridning
309 1121 71 22 äfven
391 1129 32 13 nu
435 1125 25 18 är
474 1121 164 29 väsendtligen
648 1121 115 22 beroende
775 1121 25 22 af
808 1121 28 21 de

77 1155 147 22 kommunala
239 1155 208 29 myndigheternas
464 1155 43 22 och
523 1155 28 22 de
566 1155 104 22 enskilde
689 1155 148 29 medborgar-

77 1197 40 14 nes
132 1189 73 29 insigt
220 1189 42 22 och
278 1189 71 30 derpå
364 1190 121 28 grundade
500 1189 62 30 goda
576 1190 64 29 vilja,
656 1190 117 21 desamma
790 1190 46 21 må-

76 1226 35 19 ste
126 1223 109 22 förblifva
252 1231 28 14 en
295 1223 46 22 död
357 1224 101 27 bokstaf,
475 1224 95 29 sålänge
582 1224 76 22 denna
669 1225 73 28 insigt
752 1224 84 21 saknas

77 1258 8 21 i
101 1257 77 22 vidare
200 1258 97 21 kretsar.
327 1258 112 22 Faktiskt
461 1258 42 22 har
518 1258 44 22 ock
585 1259 25 21 så
626 1259 110 28 gestaltat
759 1258 36 29 sig
812 1271 24 2 —

76 1292 78 21 derom
170 1296 25 18 är
210 1292 67 22 äfven
293 1293 117 21 utskottet
425 1300 61 20 ense,
502 1305 28 3 —
542 1295 36 19 att
587 1293 101 21 nämnda
698 1293 72 21 redan
783 1294 54 20 1879

76 1326 122 22 utfärdade
214 1327 81 29 stadga
310 1327 7 21 i
333 1327 95 28 mycket
441 1327 68 29 ringa
520 1327 66 28 grad,
603 1327 100 22 särdeles
718 1328 31 28 på
759 1327 78 22 lands-

76 1364 72 22 orten,
164 1361 79 33 blifvit
259 1361 129 30 tillämpad,
401 1362 26 29 ja
442 1362 80 22 rentaf
534 1362 68 22 råkat
618 1362 8 22 i
640 1362 113 29 glömska.

143 1395 78 23 Afven
236 1396 51 22 med
303 1396 110 22 afseende
429 1397 30 29 pä
475 1396 45 22 den
536 1396 116 22 enskildes
668 1396 57 22 vård
741 1404 38 14 om
801 1396 35 21 sin

75 1437 59 21 egen
150 1430 42 22 och
208 1430 115 29 familjens
346 1430 73 28 helsa,
435 1430 85 22 hvaraf
541 1432 8 20 i
564 1431 107 29 grunden
687 1430 70 22 äfven
780 1438 58 14 sam-

75 1464 83 22 hällets
182 1465 96 22 intresse
298 1466 99 26 beröres,
421 1465 42 22 har
485 1466 104 28 insigten
612 1466 8 21 i
638 1466 143 21 helsolärans
805 1465 32 21 la-

143 1505 101 18 Allmänna
258 1505 180 19 Brsvärsutsko!tets
452 1506 116 18 betänkande
581 1508 37 16 N:o
630 1507 29 17 31.
