1048 1731
271 154 237 23 Petitionsbetänkande
525 155 35 22 N:o
571 154 39 23 44.
779 155 14 22 5

130 217 47 20 Men
200 218 34 20 det
255 220 22 17 är
299 218 44 19 icke
366 218 85 19 allenast
466 218 207 24 landsbefolkningen,
689 224 43 14 som
747 219 76 20 önskar

62 246 37 20 och
122 246 96 20 behöfver
240 247 63 24 skydd
318 248 41 17 mot
374 247 260 24 rusdryckshandteringen.
665 247 76 19 Samma
757 248 65 19 öfver-

61 275 76 24 tygelse
154 281 30 14 om
200 277 29 17 att
244 275 65 20 denna
324 275 118 24 handtering
458 277 58 22 utgör
532 281 24 14 en
572 275 49 24 fara,
637 277 64 18 möter
715 281 32 14 oss
764 276 58 20 äfven

62 303 6 19 i
92 304 101 19 städerna.
223 303 44 20 Ifall
291 304 37 19 den
352 303 21 20 af
394 309 32 14 oss
449 303 114 25 föreslagna
579 303 87 20 komiten
681 304 26 24 pä
722 305 64 23 grund
802 304 23 20 af

61 332 45 19 sina
128 332 172 24 undersökningar
322 332 63 19 skulle
401 332 53 19 finna
469 332 67 19 denna
551 333 22 19 sä
588 333 72 24 tydligt
674 332 21 19 af
709 333 34 19 det
757 333 66 20 finska

60 360 66 20 folket
149 361 78 24 yttrade
250 361 69 19 känsla
337 361 31 19 väl
384 361 97 23 grundad,
497 361 38 19 och
552 361 37 19 den
606 361 97 20 allmänna
718 362 103 24 meningen

60 389 64 20 under
140 389 127 20 mellantiden
283 389 64 20 skulle
363 389 70 24 stadga
449 389 30 24 sig
494 389 31 19 till
541 389 77 20 förmän
628 389 32 20 för
670 389 152 20 utsträckandet

62 417 22 20 af
106 418 34 19 det
162 418 65 24 skydd
249 418 135 24 landsbygden
408 418 87 23 ätnjuter
518 417 58 20 äfven
591 419 30 18 till
637 418 99 26 städerna,
755 429 22 3 —
796 418 26 20 dä

60 451 48 14 vore
124 446 68 24 lagens
207 447 88 19 innehåll
311 446 60 24 gifvet
387 446 36 19 och
439 447 68 18 landet
521 447 8 18 i
545 447 30 18 sin
590 447 67 18 helhet
672 447 63 19 skulle
746 447 75 20 erhålla

62 479 24 14 en
110 474 108 25 skyddslag
241 478 40 16 mot
303 475 263 24 rusdryckshandteringens
589 475 62 20 vädor
667 475 48 20 eller
731 475 33 20 det
779 481 42 14 som

60 504 123 24 gemenligen
207 503 63 20 kallas
295 503 121 24 förbudslag.
447 503 67 20 Skulle
536 504 89 19 deremot
640 503 43 20 icke
699 510 24 14 en
738 504 83 20 utveck-

60 532 42 24 ling
117 532 7 19 i
139 532 75 24 antydd
229 532 88 24 riktning
332 533 42 23 ske,
384 532 37 20 och
438 532 37 19 den
492 532 99 20 allmänna
607 533 101 23 meningen
725 535 52 17 ännu
788 533 33 19 vid

61 562 58 18 nästa
141 561 95 23 landtdag
259 561 57 19 ställa
339 561 28 23 sig
390 561 26 24 pä
439 561 58 19 deras
521 561 49 23 sida,
594 566 42 14 som
651 567 46 13 anse
714 560 31 21 sin
760 561 62 19 frihet

61 588 87 25 bunden,
172 595 30 13 om
225 590 43 18 dem
291 590 43 18 icke
358 589 82 19 beredes
464 591 29 17 ett
516 590 38 18 lätt
572 590 78 19 tillfälle
666 591 29 18 att
711 590 62 18 skada
789 590 30 19 sin

60 618 56 19 helsä
138 618 44 19 med
205 618 90 24 njutning
317 618 21 19 af
351 618 175 24 alkoholdrycker,
543 618 31 19 mä
590 618 25 19 dä
631 624 23 13 en
670 618 31 24 lag
716 618 103 20 utarbetas

60 646 134 20 afhandlande
217 646 90 20 vilkoren
331 646 30 20 för
377 646 153 24 tillverkningen
546 647 36 19 och
598 647 85 19 handeln
699 647 44 19 med
759 647 60 19 dessa

60 680 60 14 varor
143 675 25 24 pä
192 675 73 19 sädana
287 677 60 21 orter,
372 675 35 19 der
423 675 37 19 den
477 675 98 24 framgent
590 675 87 19 kommer
693 678 29 16 att
736 675 84 25 tillätas,

61 709 43 13 men
127 704 31 19 mä
181 704 93 24 derjemte
295 704 6 18 i
317 704 56 23 lagen
389 704 46 23 ingä
450 704 94 24 lämpliga
560 704 152 24 bestämningar,
727 704 91 24 hvarige-

61 737 44 14 nom
121 732 26 24 pä
163 735 59 23 orter,
239 732 34 20 der
289 732 132 20 innevänarne
439 732 113 24 öfvertygat
568 733 29 23 sig
613 738 37 17 om,
667 734 29 18 att
711 732 108 20 afskaffan-

62 760 34 20 det
118 760 22 19 af
157 761 64 19 denna
236 760 117 24 handtering
369 766 46 14 vore
431 760 31 20 för
478 761 44 19 dem
539 761 160 23 fördelaktigare,
716 762 23 18 de
755 763 64 17 sättas

61 788 7 20 i
83 788 79 20 tillfälle
178 791 29 17 att
222 790 58 18 vinna
295 790 64 18 denna
374 789 83 19 förmån.
482 789 29 20 På
526 790 72 19 sådant
613 791 40 18 sätt
668 791 30 17 tro
714 790 19 19 vi
748 791 30 17 att
793 790 24 18 de

62 817 54 20 olika
130 818 99 19 intressen
245 818 36 19 och
297 818 126 23 önskningar,
440 823 41 13 som
497 818 7 18 i
520 818 66 19 denna
601 818 55 23 fråga
672 818 57 24 bryta
740 818 29 24 sig
777 819 42 18 mot

61 846 120 23 hvarandra,
204 846 68 20 lättast
292 846 67 20 kunna
373 846 80 20 förenas
469 846 37 20 och
522 847 57 23 lagen
595 846 60 20 blifva
671 848 28 18 ett
714 849 59 17 sannt
787 848 32 18 ut-

61 874 58 24 tryck
134 874 22 20 af
170 875 24 19 de
209 875 80 23 äsigter,
305 880 41 14 som
361 878 47 17 röra
424 875 29 24 sig
469 875 52 19 inom
537 875 44 19 värt
596 875 50 19 folk.

132 902 66 20 Jemte
220 904 33 19 det
273 904 18 18 vi
307 904 79 18 anhälla
402 905 29 17 att
446 904 81 22 bilagda
542 904 152 24 petitionslistor
709 903 37 20 och
761 903 55 19 kom-

60 931 222 24 munalstämmobeslut,
305 932 60 24 jemte
391 932 37 19 den
454 932 77 19 resumé
557 933 19 18 vi
602 932 54 19 öfver
670 932 43 19 dem
732 932 84 26 affattat,

60 960 61 19 mätte
144 960 127 20 tillsammans
295 961 44 19 med
355 961 54 19 detta
424 961 103 19 memorial
543 961 30 19 till
589 961 90 24 behörigt
694 961 77 19 utskott
786 966 31 13 re-

58 989 97 23 mitteras,
181 989 64 20 tillåta
262 989 19 19 vi
297 995 32 13 oss
348 989 101 19 vördsamt
464 989 80 20 anhålla
560 995 30 14 om
606 989 111 24 Höglofliga
731 989 86 19 Ridder-

58 1017 82 25 skapets
156 1017 37 20 och
208 1018 74 19 Adelns
298 1018 109 19 understöd
423 1017 31 20 för
469 1023 24 14 en
510 1018 85 23 petition
612 1023 31 14 om

261 1103 32 19 att
311 1101 89 28 frägan
418 1108 33 14 om
467 1101 142 28 tillverkning
624 1101 39 21 och
674 1101 143 28 försäljning

196 1130 30 27 af
244 1130 131 27 rusdrycker
395 1137 77 21 genom
487 1130 138 28 regeringens
637 1131 93 26 försorg
747 1129 70 28 blefve

195 1158 151 21 underkastad
361 1165 26 14 en
401 1159 106 27 grundlig
520 1159 113 27 pröfning
649 1158 38 21 och
702 1158 115 21 särskilda

194 1187 145 28 utredningar
360 1187 180 27 införskaffades
563 1194 33 14 om
614 1187 158 28 förhållandet
783 1187 34 27 pä

195 1217 57 19 orter
274 1216 9 20 i
305 1217 44 26 eget
371 1215 38 21 och
427 1216 143 27 fremmande
591 1216 61 25 land,
667 1215 84 21 hvarest
765 1221 52 14 rus-

195 1243 162 28 drycksförbud
364 1244 149 28 fullständigt
523 1245 53 20 eller
587 1244 67 21 delvis
665 1246 26 19 är
700 1244 117 27 gällande;

263 1275 31 18 att
317 1273 102 20 beroende
435 1273 31 27 af
477 1273 75 20 denna
566 1273 118 27 utredning
696 1273 44 27 för
755 1274 62 19 näst-

194 1300 127 22 kommande
344 1301 107 28 landtdag
474 1302 66 20 måtte
556 1301 143 28 framställas
712 1301 104 28 proposi-

194 1329 45 21 tion
262 1337 33 14 om
318 1330 130 27 införandet
463 1330 32 27 af
506 1337 27 14 en
544 1330 146 27 fullständig,
703 1330 43 27 för
761 1330 55 20 våra

190 1358 163 27 förhållanden
376 1359 98 27 affattad
493 1358 120 29 skyddslag
628 1361 43 18 mot
685 1358 131 27 rusdrycks-

194 1386 168 29 handteringens
384 1387 75 26 vådor,
482 1388 53 20 eller
550 1394 34 14 om
600 1388 79 20 sådant
694 1387 46 21 icke
753 1388 63 26 gent-

193 1418 54 18 emot
263 1416 218 21 stadskommunerna
497 1416 71 21 skulle
579 1423 63 14 anses
653 1416 46 20 låta
709 1416 33 28 sig
751 1417 64 26 göra,

193 1451 26 14 en
241 1444 72 21 sådan
335 1445 46 21 alla
402 1444 133 28 rusdrycker
558 1444 137 28 omfattande
716 1445 43 27 lag,
776 1444 39 20 der

124 1483 203 18 Ekonomiutskottets
340 1484 119 18 betänkande
472 1484 35 18 N:o
521 1486 28 16 17.
