1048 1731
53 241 11 28 s
81 243 33 20 20.

181 112 28 20 20
409 111 199 25 Motionsbetänkande
624 113 35 23 M:o
670 113 27 23 14.

152 175 24 20 är
198 173 108 22 beroende
328 175 28 26 pä
372 175 41 21 den
428 175 166 28 omständighet,
611 177 33 20 att
659 176 67 21 andra
742 175 84 21 vittnen
842 175 18 28 ej
875 175 40 22 fin-

152 214 39 15 nas
207 209 33 20 att
255 208 67 27 tillgå.

223 243 11 20 I
257 242 101 22 afseende
381 244 12 21 &
415 244 141 21 redaktionen
572 243 24 22 af
612 244 12 27 $
648 245 26 20 20
689 244 40 21 har
751 243 83 28 hänsyn
849 243 66 28 tagits

152 276 34 21 till
209 277 26 21 de
257 277 8 20 i
287 277 214 29 strafflagsförslaget
531 279 105 27 ingående
664 278 190 27 bestämningarne
879 284 35 15 om

152 311 69 21 böter.

222 345 10 21 I
255 345 222 23 öfverensstämmelse
495 347 49 21 med
559 347 57 21 hvad
630 347 109 22 utskottet
755 347 7 20 i
778 346 137 22 förestäende

152 379 68 22 mätto
235 379 48 22 haft
299 382 38 19 ära
351 381 76 21 anföra
442 381 33 22 fär
489 382 108 21 utskottet
612 382 109 21 vördsamt
739 381 80 22 föreslä

362 470 33 17 att
418 467 107 21 Finlands
551 467 100 25 Ständer,
677 467 51 21 med
750 467 52 20 stöd
823 467 30 27 af
873 467 41 20 den

291 500 124 22 Ständcrna
438 502 67 26 enligt
526 502 83 27 nådiga
630 502 127 28 manifestet
779 502 30 26 af
827 501 39 21 den
885 507 28 21 25

289 534 58 24 Juni
367 536 62 20 1886
451 536 160 21 tillkommande
634 536 143 24 motionsrätt,
803 536 49 20 ville
870 536 46 27 för

289 570 32 20 sin
345 570 36 20 del
398 574 83 24 antaga
504 571 38 21 och
564 571 36 20 till
619 571 67 20 Hans
701 570 126 28 Kejserliga
842 570 71 27 Maje-

289 605 54 19 stäts
362 605 161 26 godkännande
545 606 133 26 öfverlemna
694 604 105 28 följande

301 672 140 36 Förordning
461 680 35 21 om
514 674 50 33 jagt
583 673 43 28 och
646 672 107 35 djurfäng
773 673 7 27 i
800 672 102 28 Finland.

357 748 57 20 Med
431 748 154 28 upphäfvande
600 749 30 27 af
638 748 161 28 förordningen
814 754 34 14 om
855 747 57 27 jagt

289 782 37 20 och
341 782 112 28 ajurfäng
465 783 9 20 i
487 783 97 20 Finland
596 784 30 26 af
637 783 40 20 den
692 789 27 14 10
727 782 108 20 Februari
843 781 68 25 1868,

289 816 82 21 varder
393 817 94 21 härmed
507 817 106 27 stadgadt
640 817 38 21 och
700 816 138 28 förordnadt
865 822 46 14 som

282 851 85 27 Jöljer:

572 893 18 25 S
604 898 18 14 7.

357 931 55 22 Lika
426 932 49 21 med
489 932 145 22 motionärens
650 932 89 27 förslag.

604 1002 20 13 2.

359 1035 53 20 Alla
427 1035 60 20 vilda
503 1035 54 27 djur
570 1035 37 20 och
616 1035 136 27 fägelarter,
769 1040 45 14 som
836 1033 10 20 i
866 1033 45 20 lan-

287 1069 36 20 det
331 1069 144 27 förekomma,
491 1069 107 28 hänföras
613 1069 35 20 till
661 1072 32 17 tre
709 1069 55 26 slag,
780 1067 121 27 nämligen:

361 1105 24 22 a)
401 1104 80 26 nyttigt
494 1103 107 26 vildbräd,
617 1103 68 21 hvars
701 1102 149 21 bibehållande
872 1101 39 21 och

281 1138 126 27 Jörökande
422 1139 40 20 bör
477 1138 120 27 befrämjas
616 1145 79 20 genom
711 1136 141 29 jfridlysning
872 1136 37 21 och

286 1172 94 21 hvartill
393 1173 93 20 räknas:
501 1173 39 26 elg,
556 1173 82 27 bäfver,
658 1172 92 24 vildren,
766 1171 58 24 hare,
847 1177 61 18 svan,

287 1207 92 26 vildgås,
397 1207 77 28 tjäder,
487 1214 53 18 orre,
556 1207 79 27 hjerpe,
652 1206 115 27 rapphöns,
780 1205 53 27 ripa,
845 1208 63 21 stare,

283 1242 104 26 gräsand
407 1242 37 20 och
467 1241 73 28 öfriga
562 1245 63 17 arter
644 1242 31 27 af
689 1240 131 26 andslägtet,
839 1239 70 20 becka-

285 1275 40 26 sin,
341 1276 113 25 Brushane,
477 1276 95 20 honorna
594 1277 30 26 af
641 1275 74 28 cjder-,
747 1273 95 28 dykand-
872 1273 37 20 och

285 1310 152 27 skrakslägten
459 1313 57 18 samt
538 1310 72 20 andra
632 1311 30 19 än
679 1308 167 28 ofvannämnäa
861 1308 49 25 slag

286 1345 31 26 af
327 1344 119 27 hönsfägel,
462 1351 45 14 som
521 1345 101 26 möjligen
632 1343 125 28 framdeles
780 1342 73 21 kunna
867 1341 45 20 här

286 1380 9 20 i
316 1379 74 21 landet
405 1379 137 27 förekomma
564 1379 38 21 och
620 1379 33 21 uti
670 1378 57 21 vildt
741 1377 103 21 tillstånd
851 1377 58 27 fort-

281 1414 98 26 plantas.

218 1453 202 19 Ekonomiutskottets
433 1453 119 18 betänkande
564 1452 36 18 N:o
615 1453 25 17 16.
