1048 1731
214 127 26 21 14
373 125 273 23 Petitionsbetänkande
664 126 39 22 N:o
719 126 35 21 33.

252 188 43 18 Men
307 188 40 18 icke
361 193 35 18 nog
409 188 81 17 härmed.
515 188 27 17 Då
556 188 64 17 skolan
633 189 21 16 är
667 187 64 18 afsedd
739 187 115 18 uteslutande
863 187 29 18 för
900 193 40 18 gos-

183 223 30 12 sar
225 217 35 18 och
273 217 40 17 icke
325 219 30 15 tar
367 217 59 23 någon
445 217 104 22 befattning
565 217 41 17 med
624 217 34 17 den
671 216 58 18 andra
741 216 81 18 hälftens
835 216 20 18 af
866 217 74 20 barnen,

184 245 99 18 flickornas
296 245 130 23 undervisning
439 245 81 18 önskade
533 250 43 13 man
588 245 54 18 äfven
655 246 27 17 att
695 245 31 18 vid
741 245 74 18 skolans
833 245 108 23 utvidgning

184 275 20 17 få
216 274 106 18 densamma
335 273 100 18 förändrad
447 274 28 17 till
489 279 22 12 en
523 273 93 18 samskola
629 273 29 18 för
670 279 64 17 gossar
747 273 34 18 och
790 273 69 18 flickor.
877 273 32 18 Om
919 277 21 13 en

184 302 93 19 samskola
289 303 122 22 någonstädes
424 304 21 16 är
456 302 110 23 berättigad,
580 302 20 17 så
613 304 20 15 är
646 302 30 17 det
689 303 29 16 väl
731 302 10 17 å
755 301 68 18 sådana
835 302 69 17 mindre
913 307 28 12 or-

183 333 34 20 ter,
229 336 39 13 som
279 331 40 22 just
331 331 68 21 Kotka,
412 331 31 18 der
456 331 120 18 skolbarnens
589 331 51 18 antal
653 331 40 17 icke
703 333 22 16 är
737 333 59 16 större
805 333 22 15 än
835 332 27 17 att
869 331 20 18 de
897 332 44 16 utan

184 360 97 23 olägenhet
293 359 64 18 kunna
370 359 107 18 undervisas
490 360 5 17 i
508 361 27 16 ett
547 359 33 18 och
588 365 70 12 samma
670 359 90 18 läroverk.
779 359 96 18 Dessutom
884 359 57 18 mäste

184 388 115 18 samskolans
312 388 29 17 idé
354 393 53 12 anses
415 388 104 23 isynnerhet
531 388 98 23 tillämplig
638 388 28 17 för
673 388 70 18 sådana
750 388 140 22 primärskolor,
903 393 38 12 som

184 417 34 18 den
231 422 25 12 nu
269 417 116 22 ifrågasatta,
398 417 32 17 der
443 417 83 17 eleverna
539 418 48 16 ännu
599 416 74 18 befinna
689 417 28 22 sig
731 417 5 16 i
749 417 35 16 den
796 416 57 22 ålder,
866 416 23 18 dä
901 422 40 17 gos-

184 451 63 12 sarnas
255 445 34 18 och
296 445 99 18 flickornas
403 445 69 23 fysiska
479 445 33 18 och
520 445 84 23 andeliga
613 445 72 18 krafter
691 447 32 16 äro
729 445 120 23 jemnstarka.
862 445 79 18 Attäter

184 474 99 17 flickornas
297 473 129 24 undervisning
439 479 43 12 vore
495 474 70 17 mindre
578 474 104 23 nödvändig
695 476 23 15 än
725 479 103 18 gossarnas,
842 474 30 17 vill
880 474 28 17 väl
916 474 25 17 in-

185 507 34 18 gen
232 503 73 22 upplyst
317 507 66 17 person
395 507 75 13 numera
488 502 79 18 betvifla.
592 503 36 17 För
641 504 28 16 att
687 502 66 18 skolan
766 502 5 18 i
784 502 119 23 nyssnämndt
915 502 26 18 af-

185 531 66 17 seende
263 531 60 17 skulle
336 531 58 17 blifva
406 531 80 23 lämplig,
500 531 94 17 fordrades
608 531 69 21 endast,
691 531 79 18 förutom
778 530 83 18 tillständ
868 532 27 16 att
903 530 37 18 deri

185 560 48 22 finge
246 559 107 18 undervisas
366 559 54 17 äfven
433 559 107 21 flickebarn,
558 561 28 16 att
602 560 6 17 i
621 560 41 17 dess
678 560 84 22 läroplan
778 560 60 22 ingick
850 559 91 18 undervis-

185 588 43 22 ning
241 588 5 16 i
259 588 54 22 tyska
327 588 32 17 och
373 588 86 22 teckning
472 588 5 17 i
490 588 62 18 stället
564 588 29 17 för
606 588 51 21 latin,
671 588 60 18 säsom
749 588 54 17 äfven
816 588 55 17 ofvan
879 588 62 17 äbero-

185 616 46 22 pade
244 616 113 22 författning
369 616 109 18 förutsätter
491 616 32 18 och
536 616 106 23 medgifver.

254 644 54 18 Hvad
321 644 85 23 slutligen
419 644 215 24 undervisningsspräket
647 645 28 17 för
688 645 65 17 skolan
766 644 92 21 beträffar,
865 644 33 23 gär
910 644 32 17 all-

185 673 107 17 mänhetens
306 673 71 17 önskan
389 675 20 15 ut
421 673 62 23 derpä,
497 675 29 16 att
543 674 87 22 antingen
646 673 30 17 det
688 674 67 22 gamla,
769 673 68 17 dubbla
849 672 92 18 undervis-

186 701 131 23 ningsspräket
329 701 59 18 skulle
401 702 101 17 bibehällas
515 702 49 22 eller,
577 702 29 17 för
619 702 34 18 den
665 702 88 18 händelse
770 702 50 17 detta
833 701 20 18 af
864 701 77 23 pedago-

186 730 53 22 giska
252 730 40 17 skäl
305 730 67 23 ansägs
385 730 102 23 olämpligt,
499 730 218 23 undervisningsspräket
733 730 23 18 dä
769 730 60 22 byttes
841 730 27 18 till
880 729 62 22 finskt,

186 764 41 12 men
240 758 155 24 undervisningen
409 760 5 16 i
427 759 30 17 det
470 759 58 18 andra
540 759 129 17 modersmälet
682 760 20 16 sä
715 758 96 22 ordnades,
818 760 27 16 att
857 758 83 18 eleverna

186 787 30 17 vid
229 787 74 18 utträde
323 787 41 18 frän
381 788 63 18 skolan
463 788 44 22 egde
524 788 33 18 full
570 788 86 22 praktisk
670 788 93 22 färdighet
776 787 53 18 äfven
842 787 5 17 i
860 787 41 17 dess
913 787 29 17 be-

186 815 102 23 gagnande.

256 844 26 18 Pä
295 844 58 23 grund
366 844 21 18 af
398 844 131 18 ofvanstäende
548 844 57 23 vägar
615 844 33 23 jag
661 844 94 18 vördsamt
773 844 74 18 anhälla
859 844 32 18 hos
904 844 38 17 väl-

188 872 63 24 lofiiga
263 873 156 22 Borgareständet
431 878 29 12 om
473 873 63 17 remiss
549 874 28 16 till
590 873 124 23 vederbörligt
726 873 72 17 utskott
810 872 21 18 af
841 878 22 12 en
878 872 64 18 under-

188 901 55 23 dänig
256 902 78 21 petition
347 901 70 19 derom:

361 930 29 17 att
402 930 108 23 tväklassiga
521 930 158 18 elementarskolan
692 930 7 18 i
712 930 61 18 Kotka
779 930 41 18 stad
831 929 56 19 måtte
898 929 45 23 från

326 959 31 17 och
375 959 40 17 med
432 959 54 18 nästa
503 959 67 18 läseärs
586 959 62 22 början
660 959 97 18 successivt
768 959 83 23 utvidgas
864 958 29 18 till
903 958 40 23 fyr-

327 987 66 23 klassig
405 987 50 23 dylik
467 989 47 16 samt
519 987 83 18 tillstånd
616 987 59 18 tillika
687 987 89 18 meddelas
788 987 29 18 till
827 987 72 22 flickors
911 992 32 12 un-

325 1015 104 24 dervisning
438 1015 7 18 i
457 1015 107 18 densamma.

257 1043 122 24 Helsingfors,
392 1044 34 18 den
439 1045 22 17 28
473 1045 76 17 Januari
563 1045 49 18 1888.

725 1073 34 22 Th.
775 1073 101 27 Tallgvist.

189 1215 82 18 VIII.

259 1245 159 27 (Öfversättning).

339 1295 52 18 Till
409 1295 163 18 hedervärda
590 1295 212 18 Bondeständet!

260 1341 91 18 Behofvet
369 1341 20 18 af
405 1341 82 23 bildning
506 1341 33 18 hos
552 1341 40 18 värt
605 1341 39 18 folk
657 1341 33 18 har
703 1347 43 12 man
759 1341 42 18 sökt
814 1340 133 18 tillfredsställa

190 1375 66 17 genom
275 1369 44 19 fiere
337 1369 34 18 och
390 1369 125 24 mångfaldiga
533 1370 67 22 skolor,
613 1370 64 18 hvilka
689 1369 66 19 verkat
768 1370 5 17 i
787 1369 62 18 landet
862 1369 86 23 antingen

190 1398 30 17 för
238 1397 99 23 spridande
355 1398 18 18 at
391 1398 67 18 allmän
482 1398 134 23 medborgerlig
633 1398 84 23 bildning
736 1398 45 18 eller
799 1403 23 13 en
841 1402 49 14 mera
908 1398 41 18 iärä

260 1432 97 17 Allmänna
370 1432 172 18 Besvärsutskottets
554 1432 110 18 betänkande
675 1432 34 18 N:o
722 1432 32 18 27.
