1048 1731
222 155 13 21 2
359 155 72 22 Ständ.
447 155 42 22 Pet.
505 167 28 4 —
549 155 139 22 Petitionsbet.
705 156 35 22 N:o
756 156 35 21 39.

193 218 132 21 invånarene
347 218 32 21 uti
402 213 83 26 Ålands
508 218 110 27 domsaga,
640 225 45 14 som
707 219 88 26 utgöres
815 218 24 22 af
856 218 95 21 nämnda

192 259 44 24 öar,
252 258 7 21 i
276 259 79 26 många
374 258 37 21 fall
430 258 96 21 försuttit
544 258 136 28 fataljetiden
699 259 6 20 i
725 259 49 25 mål,
791 259 73 21 hvilka
879 258 72 21 skolat

192 299 7 20 i
217 298 98 22 besvärs-
335 299 52 21 eller
409 300 97 26 vadeväg
522 299 145 21 underställas
683 299 66 27 högre
773 301 54 19 rätts
842 299 108 28 pröfning.

191 339 9 21 I
216 339 120 28 anledning
354 339 65 22 häraf
434 339 40 22 har
491 339 59 22 inom
565 339 164 22 Bondeståndet
748 340 34 21 vid
803 339 146 22 innevarande

192 379 105 28 landtdag
317 379 119 22 framstälts
457 379 81 28 förslag
559 380 32 21 till
610 380 135 27 underdånig
762 379 91 28 petition
869 379 79 28 derom,

191 422 32 19 att
239 427 27 14 en
282 420 33 21 tid
329 420 25 21 af
367 420 122 27 fyratiofem
505 421 67 26 dagar
587 420 70 22 blefve
673 420 110 22 faststäld:

261 473 22 27 1)
299 472 33 21 för
347 472 97 21 sökande
460 472 24 21 af
497 472 92 27 ändring
605 472 6 21 i
627 472 44 21 alla
686 471 144 26 besvärsmål;

260 525 23 27 2)
299 525 35 21 för
350 524 136 28 fullföljande
502 524 24 21 af
542 524 39 22 vad
597 524 7 21 i
620 524 133 28 sjörättsmål
770 524 110 22 äfvensom
896 524 5 21 i
914 530 34 15 ve-

189 565 87 27 xelmål,
292 565 47 21 ifall
350 565 43 21 mål
403 565 24 21 af
436 565 135 21 sistnämnda
582 564 149 22 beskaffenhet
742 564 83 22 komme
839 566 31 20 att
881 564 68 22 hand-

190 606 75 27 läggas
281 606 25 21 af
319 606 147 20 domstolarne
481 606 29 26 på
525 600 80 31 Åland;

259 659 24 26 3)
298 658 33 21 för
351 658 136 21 insändande
510 658 32 20 till
562 657 149 28 Domkapitlet
727 657 25 21 af
765 656 136 28 protokollen
917 656 31 22 öf-

190 706 36 14 ver
242 698 156 22 vittnesförhör
420 698 32 21 uti
476 698 43 21 mål
540 699 113 26 angående
670 698 44 21 åtal
729 700 45 19 mot
790 700 65 25 prest,
871 697 76 21 liksom

190 739 40 21 ock
241 739 24 21 af
279 740 142 20 Häradsrätts
437 739 132 27 ransakning
585 739 31 21 uti
632 738 49 26 mål,
698 739 28 21 då
745 740 60 26 prest
821 738 44 21 står
880 738 67 21 under

189 779 66 21 tilltal
271 779 34 21 för
321 780 57 20 brott
395 779 60 21 såväl
474 779 3 21 i
493 786 46 14 som
555 781 59 19 utom
630 779 103 24 embetet;
750 778 111 22 äfvensom

257 826 23 27 4)
296 825 33 21 för
345 824 122 22 hemstälda
482 826 54 20 måls
551 825 136 21 insändande
703 825 34 21 till
753 824 93 22 Hofrätt.

257 872 42 21 Vid
314 872 145 21 bedömandet
475 871 24 22 af
512 871 143 22 förenämnda
671 871 184 27 petitionsförslag
881 870 64 22 hafva

188 912 125 22 Ständerna
331 914 18 25 ej
371 912 84 21 kunnat
470 912 72 21 lemna
562 912 124 26 obeaktadt,
706 914 33 19 att
759 918 26 14 en
801 912 8 20 i
824 912 121 27 möjligaste

188 953 68 21 måtto
277 953 50 21 kort
343 953 108 27 fataljetid
467 954 24 19 är
506 955 31 18 ett
552 953 131 27 väsendtligt
699 953 69 21 vilkor
783 952 34 21 för
832 959 27 14 en
875 953 70 21 snabb

188 993 164 28 rättsskipning.
383 993 35 21 En
435 993 137 27 förlängning
588 993 24 21 af
626 993 136 27 fataljetiden
779 999 62 21 synes
853 993 92 21 sålunda

187 1033 54 22 böra
260 1033 159 28 ifrågakomma
439 1034 77 20 endast
533 1034 37 20 der
586 1034 60 20 detta
662 1034 24 20 är
701 1033 175 28 oundgängligen
892 1034 52 21 nöd-

187 1074 91 27 vändigt
293 1074 29 27 på
338 1075 35 20 det
389 1073 99 22 enskilda
503 1073 61 21 skola
579 1073 67 22 blifva
660 1074 8 20 i
684 1073 85 22 tillfälle
785 1075 31 20 att
827 1073 117 28 behörigen

187 1113 86 22 bevaka
288 1114 33 21 sin
338 1115 49 20 rätt.
417 1114 41 21 Till
473 1114 53 27 följd
541 1113 65 22 häraf
620 1113 74 22 kunna
710 1114 123 21 Ständerna
849 1114 18 27 ej
885 1113 59 22 finna

187 1157 33 18 att
241 1155 67 27 något
324 1155 47 21 skäl
387 1154 70 22 skulle
473 1154 44 21 tala
534 1154 32 21 för
582 1155 157 27 petitionärens
755 1154 81 27 förslag
852 1161 35 15 om
902 1155 42 21 för-

186 1194 106 28 längning
308 1195 25 21 af
346 1195 41 21 den
403 1195 38 25 tid,
458 1195 57 21 inom
531 1195 87 21 hvilken
635 1195 103 21 domaren
755 1195 39 21 bör
809 1195 92 21 insända
912 1195 33 21 till

186 1235 151 27 Domkapitlet
355 1235 108 27 protokoll
482 1235 59 22 öfver
556 1235 154 22 vittnesförhör
726 1235 31 21 uti
774 1235 43 21 mål
832 1236 112 26 angående

186 1275 45 21 åtal
255 1278 45 19 mot
323 1277 58 26 prest
402 1275 40 22 och
460 1275 140 22 Häradsrätts
620 1275 134 28 ransakning
775 1276 6 20 i
803 1275 72 28 dylika
895 1276 49 27 mål,

186 1318 56 19 samt
265 1316 122 21 hemstälda
410 1316 43 21 mål
471 1315 32 22 till
523 1315 123 26 Hofrätten,
662 1319 23 25 ty
699 1317 8 20 i
723 1316 103 21 händelse
842 1317 101 20 domaren

185 1357 24 20 så
225 1356 64 21 tidigt
311 1356 102 22 aflemnat
429 1356 136 28 protokollen
582 1356 32 22 till
631 1357 124 27 postverket
771 1357 34 21 för
820 1357 72 21 vidare
907 1357 36 21 be-

227 1371 63 12 udigt

185 1396 97 26 fordran,
299 1400 32 18 att
346 1398 109 20 desamma
471 1397 48 21 bort
535 1398 68 20 uuder
619 1397 86 27 vanliga
721 1397 152 21 förhållanden
890 1398 7 20 i
907 1398 36 22 be-
