1048 1731
281 141 209 25 Petitionshetänkande
505 141 33 24 N:o
554 141 37 24 46.
788 144 13 18 7

72 206 88 21 farande
176 206 129 21 ätminstone
320 205 34 22 till
369 207 44 20 stor
428 206 34 21 del
478 207 33 20 att
526 205 24 22 af
562 206 94 21 nämnda
666 206 165 27 skogsvaktare-

72 241 62 22 skola
149 242 61 26 tagas
225 240 7 21 i
248 240 99 27 anspräk.

141 275 40 22 Att
196 281 27 15 en
238 275 91 26 gedigen
344 274 148 27 vetenskaplig
506 273 122 28 utbildning
639 273 33 22 för
683 269 147 27 forstmännen

72 316 51 15 vore
145 309 61 28 längt
224 309 71 22 bättre
311 309 119 21 säkerstäld
445 308 35 21 vid
496 308 84 21 landets
595 308 60 21 reala
670 308 105 28 högskola
789 309 40 22 och

72 344 8 21 i
94 343 165 27 hufvudstaden,
269 345 27 20 än
306 343 57 22 hvad
373 343 13 21 å
396 349 26 15 en
432 342 95 28 aflägsen
538 343 97 21 landsort
645 343 103 27 någonsin
758 343 72 22 blefve

73 378 68 26 fallet,
157 378 40 21 har
212 377 24 22 af
249 377 98 28 samtlige
363 377 26 22 de
404 377 66 21 hörde
486 379 127 25 experterna
627 377 130 28 medgifvits.
781 377 49 22 Sär-

73 413 66 21 skildt
158 412 34 21 fär
206 412 48 21 icke
269 411 90 22 förbises
375 412 41 21 den
430 413 68 26 nytta,
513 411 111 22 blifvande
639 411 104 22 forstmän
758 412 71 21 kunde

73 447 67 27 draga
155 447 24 20 af
192 447 159 21 universitetets
366 445 155 28 föreläsningar
536 445 41 22 och
591 445 147 22 institutioner
752 446 28 27 pä
794 453 35 15 ve-

73 481 155 27 tenskapernas
251 481 92 26 omräde,
366 480 138 27 hvarigenom
527 479 178 28 fruktbringande
720 481 109 21 väckelser

73 516 34 21 till
130 515 150 27 själfständiga
301 517 39 19 rön
355 515 40 21 och
410 514 164 28 hopsamlandet
590 514 24 21 af
626 514 116 22 värdefullt
756 517 73 20 veten-

74 550 94 26 skapligt
190 549 99 21 material
311 549 46 21 helt
371 549 53 21 visst
438 549 86 21 komme
540 550 32 20 att
586 549 111 21 resultera.
727 550 102 22 Deremot

73 584 65 21 hafva
160 584 59 21 olika
237 584 80 26 äsigter
332 584 89 21 uttalats
437 583 110 27 angäende
563 582 171 28 förflyttningens
749 584 80 21 verkan

73 618 28 27 pä
116 618 109 21 elevernas
240 618 113 27 praktiska
367 617 154 27 fackkunskap.
544 617 74 22 Under
633 618 37 21 det
685 618 13 21 &
712 624 41 15 ena
768 618 61 21 sidan

73 652 137 26 framhällits,
233 653 33 20 att
287 651 190 28 undervisningens
499 651 132 27 öfverföring
646 652 33 21 till
694 652 135 28 Helsingfors

74 686 48 22 icke
137 686 93 22 behöfde
245 686 97 21 medföra
356 686 69 27 nägon
441 686 129 27 försämring
585 686 135 26 härutinnan,
732 688 55 20 samt
797 688 33 20 att

73 721 99 27 lämpligt
187 720 86 22 tillfälle
288 720 7 21 i
311 720 167 22 hufvudstadens
493 720 110 27 omnejder
613 720 68 27 gifves
691 720 34 22 för
735 720 95 22 studium

74 755 7 21 i
96 755 81 27 skogen
193 754 39 22 och
248 754 37 21 det
299 754 88 28 bokliga
401 755 112 21 vetandets
528 754 112 27 belysning
654 754 49 21 med
718 755 112 26 praktiska

74 789 102 27 exempel,
193 789 129 21 åtminstone
340 788 3 21 i
359 794 82 16 samma
455 795 56 20 mon,
528 795 46 15 som
590 789 60 21 detta
664 788 35 22 vid
714 789 65 21 Evois
794 796 36 14 va-

73 824 29 21 rit
117 823 84 27 möjligt
216 823 39 21 och
271 823 100 27 brukligt,
387 823 40 21 har
443 823 76 21 sädant
534 823 13 21 &
562 823 67 21 andra
644 823 60 21 sidan
720 822 109 22 förnekats

74 857 40 22 och
129 857 77 21 härvid
220 857 105 26 betonats,
343 857 36 21 det
394 857 158 21 forstmannens
568 857 98 27 förmåga
680 859 32 19 att
721 863 34 21 ,se
766 857 7 21 i
781 858 49 20 sko-

74 892 52 27 gen*
142 891 34 21 för
192 892 69 20 denne
275 898 51 14 vore
341 890 24 22 af
379 891 128 27 oeftergiflig
521 891 52 27 vigt,
590 893 56 19 samt
660 893 32 19 att
708 892 69 20 denna
787 891 43 21 för-

75 926 64 27 mäga
153 926 72 21 kunde
240 925 121 22 förvärfvas
375 926 56 21 blott
446 932 76 21 genom
539 926 83 27 dagligt
636 925 85 22 tillfälle
737 927 32 20 att
776 926 54 27 jem-

76 961 56 20 sides
154 960 49 21 med
227 960 35 21 det
284 960 118 21 teoretiska
417 960 79 21 studiet
511 960 109 27 praktiskt
634 960 79 21 beakta
728 960 80 27 skogen
823 960 7 21 i

76 995 48 21 dess
145 994 58 21 olika
225 993 97 27 bestånd,
339 996 55 19 samt
409 994 73 21 dessas
497 994 60 21 olika
571 996 64 19 natur
650 994 39 21 och
704 994 126 27 egenheter;

75 1029 39 21 och
138 1035 45 15 som
208 1027 74 22 härför
303 1034 37 15 ens
355 1029 138 20 närmelsevis
508 1029 100 26 lämpade
623 1029 146 26 kronoskogar
784 1029 47 20 icke

74 1062 77 22 funnes
171 1063 8 20 i
201 1062 169 21 hufvudstadens
392 1063 82 26 närhet,
491 1063 40 21 och
553 1063 37 21 det
605 1062 111 27 praktiska
730 1063 101 20 vetandet

75 1097 90 21 sälunda
187 1097 88 21 komme
290 1098 32 19 att
337 1096 140 22 öfverhöfvan
492 1096 134 27 försummas,
642 1096 89 21 befanns
747 1097 41 20 den
803 1103 28 15 nu

75 1131 122 27 föreslagna
220 1131 111 27 lösningen
349 1131 24 20 af
390 1131 76 27 frägan
480 1137 35 16 om
531 1131 121 21 förbättrad
668 1131 163 22 forstundervis-

74 1165 52 27 ning
140 1165 48 21 icke
203 1165 72 21 kunna
290 1165 103 21 förordas.

148 1199 113 22 Utskottet
282 1199 40 21 har
340 1199 107 27 sjelffallet
462 1199 46 21 icke
523 1199 83 21 kunnat
622 1199 66 21 inläta
703 1200 33 27 sig
750 1200 28 26 pä
793 1199 37 22 nä-

74 1235 37 26 got
134 1233 116 28 afgörande
271 1234 78 21 mellan
371 1233 142 22 nästnämnda
528 1234 104 21 motsatta
647 1233 183 22 fackmannautta-

75 1268 83 21 landen.
190 1268 125 21 Emellertid
338 1274 62 15 anser
422 1268 113 21 Utskottet
557 1268 70 21 denna
645 1267 110 28 divergens
770 1268 59 27 inga-

75 1302 65 21 lunda
156 1301 22 22 fä
193 1301 112 22 föranleda
319 1302 34 21 till
368 1304 33 19 att
416 1301 103 28 förslaget
534 1301 56 28 finge
606 1301 86 22 förfalla
702 1304 51 19 utan
764 1304 66 25 ytter-

74 1336 68 27 ligare
157 1336 122 27 utredning.
302 1337 33 20 Dä
350 1336 138 27 möjligheten
504 1336 40 21 och
554 1336 172 21 önskvärdheten
737 1336 24 21 af
768 1336 61 21 forst-

74 1370 192 28 undervisningens
282 1370 133 28 förflyttning
431 1370 34 21 till
479 1370 152 28 polytekniska
645 1370 107 22 institutet
762 1371 7 20 i
779 1370 51 22 flere

74 1404 136 21 hänseenden
235 1404 136 28 enstämmigt
393 1404 130 28 medgifvits,
548 1410 62 21 synes
626 1405 36 21 det
676 1411 45 15 mer
737 1406 26 20 än
778 1405 52 21 nöd-

74 1439 94 27 vändigt,
185 1441 33 19 att
239 1439 60 21 detta
314 1438 221 28 förbättringsförslag
550 1439 137 27 grundligare
701 1438 86 28 pröfvas
803 1440 28 20 än

142 1478 102 18 Allmänna
256 1478 188 18 Besvärsutskottets
457 1478 121 18 betänkande
587 1478 35 17 N:o
634 1478 28 18 35.
