<?xml version="1.0" encoding="UTF-8"?>
<alto xmlns="http://www.loc.gov/standards/alto/ns-v3#" xmlns:xlink="http://www.w3.org/1999/xlink" xmlns:xsi="http://www.w3.org/2001/XMLSchema-instance" xsi:schemaLocation="http://www.loc.gov/standards/alto/ns-v3# http://www.loc.gov/alto/v3/alto-3-0.xsd">
	<Description>
		<MeasurementUnit>pixel</MeasurementUnit>
		<sourceImageInformation>
			<fileName>/tmp/tess_rl0zzdls_input.PNG</fileName>
		</sourceImageInformation>
		<OCRProcessing ID="OCR_0">
			<ocrProcessingStep>
				<processingSoftware>
					<softwareName>tesseract 5.3.4</softwareName>
				</processingSoftware>
			</ocrProcessingStep>
		</OCRProcessing>
	</Description>
	<Layout>
		<Page WIDTH="1048" HEIGHT="1731" PHYSICAL_IMG_NR="0" ID="page_0">
			<PrintSpace HPOS="0" VPOS="0" WIDTH="1048" HEIGHT="1731">
				<ComposedBlock ID="cblock_0" HPOS="311" VPOS="135" WIDTH="511" HEIGHT="22">
					<TextBlock ID="block_0" HPOS="311" VPOS="135" WIDTH="511" HEIGHT="22">
						<TextLine ID="line_0" HPOS="311" VPOS="135" WIDTH="511" HEIGHT="22">
							<String ID="string_0" HPOS="311" VPOS="135" WIDTH="227" HEIGHT="22" WC="0.90" CONTENT="Petitionsbetänkande"/><SP WIDTH="17" VPOS="135" HPOS="538"/>
							<String ID="string_1" HPOS="555" VPOS="135" WIDTH="34" HEIGHT="22" WC="0.96" CONTENT="N:o"/><SP WIDTH="15" VPOS="135" HPOS="589"/>
							<String ID="string_2" HPOS="604" VPOS="135" WIDTH="37" HEIGHT="22" WC="0.96" CONTENT="20."/><SP WIDTH="168" VPOS="135" HPOS="641"/>
							<String ID="string_3" HPOS="809" VPOS="135" WIDTH="13" HEIGHT="20" WC="0.96" CONTENT="5"/>
						</TextLine>
					</TextBlock>
				</ComposedBlock>
				<ComposedBlock ID="cblock_1" HPOS="96" VPOS="199" WIDTH="757" HEIGHT="684">
					<TextBlock ID="block_1" HPOS="96" VPOS="199" WIDTH="755" HEIGHT="339">
						<TextLine ID="line_1" HPOS="97" VPOS="199" WIDTH="754" HEIGHT="28">
							<String ID="string_4" HPOS="97" VPOS="199" WIDTH="145" HEIGHT="24" WC="0.91" CONTENT="förbållande,"/><SP WIDTH="16" VPOS="199" HPOS="242"/>
							<String ID="string_5" HPOS="258" VPOS="206" WIDTH="44" HEIGHT="14" WC="0.96" CONTENT="som"/><SP WIDTH="21" VPOS="206" HPOS="302"/>
							<String ID="string_6" HPOS="323" VPOS="199" WIDTH="113" HEIGHT="28" WC="0.94" CONTENT="onekligen"/><SP WIDTH="15" VPOS="199" HPOS="436"/>
							<String ID="string_7" HPOS="451" VPOS="199" WIDTH="135" HEIGHT="22" WC="0.96" CONTENT="fortfarande"/><SP WIDTH="16" VPOS="199" HPOS="586"/>
							<String ID="string_8" HPOS="602" VPOS="200" WIDTH="78" HEIGHT="20" WC="0.96" CONTENT="består."/><SP WIDTH="30" VPOS="200" HPOS="680"/>
							<String ID="string_9" HPOS="710" VPOS="199" WIDTH="43" HEIGHT="21" WC="0.96" CONTENT="Det"/><SP WIDTH="15" VPOS="199" HPOS="753"/>
							<String ID="string_10" HPOS="768" VPOS="205" WIDTH="83" HEIGHT="15" WC="0.96" CONTENT="samma"/>
						</TextLine>
						<TextLine ID="line_2" HPOS="99" VPOS="233" WIDTH="750" HEIGHT="28">
							<String ID="string_11" HPOS="99" VPOS="235" WIDTH="39" HEIGHT="20" WC="0.95" CONTENT="har"/><SP WIDTH="16" VPOS="235" HPOS="138"/>
							<String ID="string_12" HPOS="154" VPOS="233" WIDTH="56" HEIGHT="22" WC="0.96" CONTENT="dock"/><SP WIDTH="17" VPOS="233" HPOS="210"/>
							<String ID="string_13" HPOS="227" VPOS="233" WIDTH="42" HEIGHT="21" WC="0.96" CONTENT="lika"/><SP WIDTH="14" VPOS="233" HPOS="269"/>
							<String ID="string_14" HPOS="283" VPOS="233" WIDTH="48" HEIGHT="22" WC="0.96" CONTENT="litet"/><SP WIDTH="15" VPOS="233" HPOS="331"/>
							<String ID="string_15" HPOS="346" VPOS="234" WIDTH="23" HEIGHT="21" WC="0.96" CONTENT="af"/><SP WIDTH="14" VPOS="234" HPOS="369"/>
							<String ID="string_16" HPOS="383" VPOS="233" WIDTH="93" HEIGHT="28" WC="0.95" CONTENT="Styrelse"/><SP WIDTH="18" VPOS="233" HPOS="476"/>
							<String ID="string_17" HPOS="494" VPOS="241" WIDTH="46" HEIGHT="14" WC="0.93" CONTENT="som"/><SP WIDTH="16" VPOS="241" HPOS="540"/>
							<String ID="string_18" HPOS="556" VPOS="234" WIDTH="94" HEIGHT="21" WC="0.90" CONTENT="Ständer"/><SP WIDTH="14" VPOS="234" HPOS="650"/>
							<String ID="string_19" HPOS="664" VPOS="233" WIDTH="92" HEIGHT="22" WC="0.91" CONTENT="lemnats"/><SP WIDTH="15" VPOS="233" HPOS="756"/>
							<String ID="string_20" HPOS="771" VPOS="233" WIDTH="78" HEIGHT="22" WC="0.91" CONTENT="obeak-"/>
						</TextLine>
						<TextLine ID="line_3" HPOS="96" VPOS="268" WIDTH="755" HEIGHT="28">
							<String ID="string_21" HPOS="96" VPOS="270" WIDTH="55" HEIGHT="21" WC="0.91" CONTENT="tadt."/><SP WIDTH="23" VPOS="270" HPOS="151"/>
							<String ID="string_22" HPOS="174" VPOS="269" WIDTH="99" HEIGHT="21" WC="0.93" CONTENT="Tvärtom"/><SP WIDTH="12" VPOS="269" HPOS="273"/>
							<String ID="string_23" HPOS="285" VPOS="269" WIDTH="144" HEIGHT="26" WC="0.92" CONTENT="ådagalägger"/><SP WIDTH="10" VPOS="269" HPOS="429"/>
							<String ID="string_24" HPOS="439" VPOS="268" WIDTH="128" HEIGHT="22" WC="0.91" CONTENT="förenämda"/><SP WIDTH="14" VPOS="268" HPOS="567"/>
							<String ID="string_25" HPOS="581" VPOS="268" WIDTH="24" HEIGHT="21" WC="0.96" CONTENT="af"/><SP WIDTH="6" VPOS="268" HPOS="605"/>
							<String ID="string_26" HPOS="611" VPOS="268" WIDTH="108" HEIGHT="27" WC="0.96" CONTENT="Styrelsen"/><SP WIDTH="10" VPOS="268" HPOS="719"/>
							<String ID="string_27" HPOS="729" VPOS="268" WIDTH="122" HEIGHT="28" WC="0.96" CONTENT="uppgjorda"/>
						</TextLine>
						<TextLine ID="line_4" HPOS="98" VPOS="302" WIDTH="753" HEIGHT="29">
							<String ID="string_28" HPOS="98" VPOS="303" WIDTH="40" HEIGHT="22" WC="0.96" CONTENT="och"/><SP WIDTH="23" VPOS="303" HPOS="138"/>
							<String ID="string_29" HPOS="161" VPOS="304" WIDTH="23" HEIGHT="21" WC="0.93" CONTENT="af"/><SP WIDTH="22" VPOS="304" HPOS="184"/>
							<String ID="string_30" HPOS="206" VPOS="303" WIDTH="119" HEIGHT="21" WC="0.92" CONTENT="Ständerna"/><SP WIDTH="22" VPOS="303" HPOS="325"/>
							<String ID="string_31" HPOS="347" VPOS="303" WIDTH="116" HEIGHT="28" WC="0.96" CONTENT="godkända"/><SP WIDTH="22" VPOS="303" HPOS="463"/>
							<String ID="string_32" HPOS="485" VPOS="303" WIDTH="59" HEIGHT="28" WC="0.96" CONTENT="plan,"/><SP WIDTH="23" VPOS="303" HPOS="544"/>
							<String ID="string_33" HPOS="567" VPOS="305" WIDTH="33" HEIGHT="19" WC="0.96" CONTENT="att"/><SP WIDTH="22" VPOS="305" HPOS="600"/>
							<String ID="string_34" HPOS="622" VPOS="305" WIDTH="72" HEIGHT="18" WC="0.96" CONTENT="staten"/><SP WIDTH="23" VPOS="305" HPOS="694"/>
							<String ID="string_35" HPOS="717" VPOS="302" WIDTH="49" HEIGHT="21" WC="0.96" CONTENT="sökt"/><SP WIDTH="22" VPOS="302" HPOS="766"/>
							<String ID="string_36" HPOS="788" VPOS="305" WIDTH="33" HEIGHT="18" WC="0.96" CONTENT="att"/><SP WIDTH="23" VPOS="305" HPOS="821"/>
							<String ID="string_37" HPOS="844" VPOS="303" WIDTH="7" HEIGHT="20" WC="0.96" CONTENT="i"/>
						</TextLine>
						<TextLine ID="line_5" HPOS="98" VPOS="336" WIDTH="753" HEIGHT="29">
							<String ID="string_38" HPOS="98" VPOS="339" WIDTH="42" HEIGHT="20" WC="0.96" CONTENT="den"/><SP WIDTH="16" VPOS="339" HPOS="140"/>
							<String ID="string_39" HPOS="156" VPOS="338" WIDTH="50" HEIGHT="21" WC="0.96" CONTENT="mån"/><SP WIDTH="16" VPOS="338" HPOS="206"/>
							<String ID="string_40" HPOS="222" VPOS="337" WIDTH="47" HEIGHT="21" WC="0.96" CONTENT="dess"/><SP WIDTH="15" VPOS="337" HPOS="269"/>
							<String ID="string_41" HPOS="284" VPOS="337" WIDTH="68" HEIGHT="21" WC="0.95" CONTENT="medel"/><SP WIDTH="15" VPOS="337" HPOS="352"/>
							<String ID="string_42" HPOS="367" VPOS="337" WIDTH="73" HEIGHT="22" WC="0.95" CONTENT="tillåta"/><SP WIDTH="15" VPOS="337" HPOS="440"/>
							<String ID="string_43" HPOS="455" VPOS="339" WIDTH="29" HEIGHT="26" WC="0.96" CONTENT="på"/><SP WIDTH="14" VPOS="339" HPOS="484"/>
							<String ID="string_44" HPOS="498" VPOS="339" WIDTH="55" HEIGHT="20" WC="0.96" CONTENT="mest"/><SP WIDTH="16" VPOS="339" HPOS="553"/>
							<String ID="string_45" HPOS="569" VPOS="337" WIDTH="185" HEIGHT="27" WC="0.96" CONTENT="ändamålsenliga"/><SP WIDTH="15" VPOS="337" HPOS="754"/>
							<String ID="string_46" HPOS="769" VPOS="338" WIDTH="44" HEIGHT="20" WC="0.96" CONTENT="sätt"/><SP WIDTH="16" VPOS="338" HPOS="813"/>
							<String ID="string_47" HPOS="829" VPOS="336" WIDTH="22" HEIGHT="21" WC="0.96" CONTENT="få"/>
						</TextLine>
						<TextLine ID="line_6" HPOS="99" VPOS="371" WIDTH="752" HEIGHT="29">
							<String ID="string_48" HPOS="99" VPOS="374" WIDTH="61" HEIGHT="20" WC="0.93" CONTENT="detta"/><SP WIDTH="22" VPOS="374" HPOS="160"/>
							<String ID="string_49" HPOS="182" VPOS="371" WIDTH="185" HEIGHT="22" WC="0.91" CONTENT="missförhållande"/><SP WIDTH="23" VPOS="371" HPOS="367"/>
							<String ID="string_50" HPOS="390" VPOS="372" WIDTH="100" HEIGHT="28" WC="0.91" CONTENT="afhjelpt."/><SP WIDTH="30" VPOS="372" HPOS="490"/>
							<String ID="string_51" HPOS="520" VPOS="373" WIDTH="40" HEIGHT="26" WC="0.96" CONTENT="Då,"/><SP WIDTH="17" VPOS="373" HPOS="560"/>
							<String ID="string_52" HPOS="577" VPOS="373" WIDTH="70" HEIGHT="20" WC="0.96" CONTENT="såsom"/><SP WIDTH="17" VPOS="373" HPOS="647"/>
							<String ID="string_53" HPOS="664" VPOS="371" WIDTH="107" HEIGHT="22" WC="0.96" CONTENT="utskottet"/><SP WIDTH="16" VPOS="371" HPOS="771"/>
							<String ID="string_54" HPOS="787" VPOS="371" WIDTH="64" HEIGHT="22" WC="0.96" CONTENT="ofvan"/>
						</TextLine>
						<TextLine ID="line_7" HPOS="98" VPOS="406" WIDTH="753" HEIGHT="29">
							<String ID="string_55" HPOS="98" VPOS="407" WIDTH="90" HEIGHT="28" WC="0.94" CONTENT="påmint,"/><SP WIDTH="11" VPOS="407" HPOS="188"/>
							<String ID="string_56" HPOS="199" VPOS="406" WIDTH="108" HEIGHT="28" WC="0.96" CONTENT="Styrelsen"/><SP WIDTH="15" VPOS="406" HPOS="307"/>
							<String ID="string_57" HPOS="322" VPOS="407" WIDTH="109" HEIGHT="21" WC="0.96" CONTENT="verksamt"/><SP WIDTH="11" VPOS="407" HPOS="431"/>
							<String ID="string_58" HPOS="442" VPOS="407" WIDTH="103" HEIGHT="28" WC="0.93" CONTENT="fullföljer"/><SP WIDTH="14" VPOS="407" HPOS="545"/>
							<String ID="string_59" HPOS="559" VPOS="407" WIDTH="131" HEIGHT="21" WC="0.92" CONTENT="dårvårdens"/><SP WIDTH="10" VPOS="407" HPOS="690"/>
							<String ID="string_60" HPOS="700" VPOS="407" WIDTH="7" HEIGHT="20" WC="0.96" CONTENT="i"/><SP WIDTH="10" VPOS="407" HPOS="707"/>
							<String ID="string_61" HPOS="717" VPOS="406" WIDTH="75" HEIGHT="21" WC="0.93" CONTENT="landet"/><SP WIDTH="11" VPOS="406" HPOS="792"/>
							<String ID="string_62" HPOS="803" VPOS="407" WIDTH="48" HEIGHT="20" WC="0.92" CONTENT="ord-"/>
						</TextLine>
						<TextLine ID="line_8" HPOS="98" VPOS="441" WIDTH="753" HEIGHT="28">
							<String ID="string_63" HPOS="98" VPOS="442" WIDTH="72" HEIGHT="21" WC="0.95" CONTENT="nande"/><SP WIDTH="16" VPOS="442" HPOS="170"/>
							<String ID="string_64" HPOS="186" VPOS="441" WIDTH="65" HEIGHT="26" WC="0.96" CONTENT="enligt"/><SP WIDTH="16" VPOS="441" HPOS="251"/>
							<String ID="string_65" HPOS="267" VPOS="441" WIDTH="40" HEIGHT="21" WC="0.96" CONTENT="den"/><SP WIDTH="12" VPOS="441" HPOS="307"/>
							<String ID="string_66" HPOS="319" VPOS="441" WIDTH="24" HEIGHT="21" WC="0.93" CONTENT="af"/><SP WIDTH="8" VPOS="441" HPOS="343"/>
							<String ID="string_67" HPOS="351" VPOS="441" WIDTH="135" HEIGHT="28" WC="0.92" CONTENT="sakkunnige"/><SP WIDTH="10" VPOS="441" HPOS="486"/>
							<String ID="string_68" HPOS="496" VPOS="448" WIDTH="104" HEIGHT="21" WC="0.96" CONTENT="personer"/><SP WIDTH="9" VPOS="448" HPOS="600"/>
							<String ID="string_69" HPOS="609" VPOS="441" WIDTH="130" HEIGHT="28" WC="0.96" CONTENT="uppgjorda,"/><SP WIDTH="12" VPOS="441" HPOS="739"/>
							<String ID="string_70" HPOS="751" VPOS="441" WIDTH="23" HEIGHT="21" WC="0.93" CONTENT="af"/><SP WIDTH="11" VPOS="441" HPOS="774"/>
							<String ID="string_71" HPOS="785" VPOS="441" WIDTH="66" HEIGHT="21" WC="0.91" CONTENT="Stän-"/>
						</TextLine>
						<TextLine ID="line_9" HPOS="98" VPOS="475" WIDTH="751" HEIGHT="29">
							<String ID="string_72" HPOS="98" VPOS="477" WIDTH="68" HEIGHT="20" WC="0.96" CONTENT="derna"/><SP WIDTH="22" VPOS="477" HPOS="166"/>
							<String ID="string_73" HPOS="188" VPOS="475" WIDTH="115" HEIGHT="28" WC="0.96" CONTENT="godkända"/><SP WIDTH="19" VPOS="475" HPOS="303"/>
							<String ID="string_74" HPOS="322" VPOS="475" WIDTH="88" HEIGHT="28" WC="0.96" CONTENT="planen,"/><SP WIDTH="17" VPOS="475" HPOS="410"/>
							<String ID="string_75" HPOS="427" VPOS="483" WIDTH="63" HEIGHT="21" WC="0.96" CONTENT="synes"/><SP WIDTH="15" VPOS="483" HPOS="490"/>
							<String ID="string_76" HPOS="505" VPOS="476" WIDTH="107" HEIGHT="21" WC="0.96" CONTENT="utskottet"/><SP WIDTH="15" VPOS="476" HPOS="612"/>
							<String ID="string_77" HPOS="627" VPOS="477" WIDTH="31" HEIGHT="20" WC="0.96" CONTENT="ett"/><SP WIDTH="16" VPOS="477" HPOS="658"/>
							<String ID="string_78" HPOS="674" VPOS="477" WIDTH="47" HEIGHT="26" WC="0.96" CONTENT="nytt"/><SP WIDTH="15" VPOS="477" HPOS="721"/>
							<String ID="string_79" HPOS="736" VPOS="475" WIDTH="113" HEIGHT="22" WC="0.96" CONTENT="uttalande"/>
						</TextLine>
						<TextLine ID="line_10" HPOS="97" VPOS="510" WIDTH="532" HEIGHT="28">
							<String ID="string_80" HPOS="97" VPOS="511" WIDTH="8" HEIGHT="21" WC="0.96" CONTENT="i"/><SP WIDTH="15" VPOS="511" HPOS="105"/>
							<String ID="string_81" HPOS="120" VPOS="510" WIDTH="76" HEIGHT="28" WC="0.96" CONTENT="frågan"/><SP WIDTH="16" VPOS="510" HPOS="196"/>
							<String ID="string_82" HPOS="212" VPOS="510" WIDTH="46" HEIGHT="21" WC="0.93" CONTENT="från"/><SP WIDTH="16" VPOS="510" HPOS="258"/>
							<String ID="string_83" HPOS="274" VPOS="510" WIDTH="133" HEIGHT="22" WC="0.91" CONTENT="Ständernas"/><SP WIDTH="16" VPOS="510" HPOS="407"/>
							<String ID="string_84" HPOS="423" VPOS="511" WIDTH="47" HEIGHT="21" WC="0.93" CONTENT="sida"/><SP WIDTH="15" VPOS="511" HPOS="470"/>
							<String ID="string_85" HPOS="485" VPOS="510" WIDTH="144" HEIGHT="27" WC="0.92" CONTENT="öfverflödigt."/>
						</TextLine>
					</TextBlock>
					<TextBlock ID="block_2" HPOS="98" VPOS="544" WIDTH="755" HEIGHT="271">
						<TextLine ID="line_11" HPOS="166" VPOS="544" WIDTH="684" HEIGHT="28">
							<String ID="string_86" HPOS="166" VPOS="545" WIDTH="56" HEIGHT="21" WC="0.96" CONTENT="Lika"/><SP WIDTH="21" VPOS="545" HPOS="222"/>
							<String ID="string_87" HPOS="243" VPOS="544" WIDTH="47" HEIGHT="22" WC="0.96" CONTENT="litet"/><SP WIDTH="23" VPOS="544" HPOS="290"/>
							<String ID="string_88" HPOS="313" VPOS="552" WIDTH="64" HEIGHT="14" WC="0.96" CONTENT="anser"/><SP WIDTH="22" VPOS="552" HPOS="377"/>
							<String ID="string_89" HPOS="399" VPOS="545" WIDTH="33" HEIGHT="27" WC="0.96" CONTENT="sig"/><SP WIDTH="22" VPOS="545" HPOS="432"/>
							<String ID="string_90" HPOS="454" VPOS="545" WIDTH="106" HEIGHT="21" WC="0.95" CONTENT="utskottet"/><SP WIDTH="16" VPOS="545" HPOS="560"/>
							<String ID="string_91" HPOS="576" VPOS="545" WIDTH="74" HEIGHT="21" WC="0.80" CONTENT="kunna"/><SP WIDTH="15" VPOS="545" HPOS="650"/>
							<String ID="string_92" HPOS="665" VPOS="545" WIDTH="132" HEIGHT="21" WC="0.91" CONTENT="understöda"/><SP WIDTH="16" VPOS="545" HPOS="797"/>
							<String ID="string_93" HPOS="813" VPOS="545" WIDTH="37" HEIGHT="21" WC="0.96" CONTENT="det"/>
						</TextLine>
						<TextLine ID="line_12" HPOS="98" VPOS="579" WIDTH="753" HEIGHT="28">
							<String ID="string_94" HPOS="98" VPOS="580" WIDTH="146" HEIGHT="27" WC="0.93" CONTENT="föreliggande"/><SP WIDTH="15" VPOS="580" HPOS="244"/>
							<String ID="string_95" HPOS="259" VPOS="579" WIDTH="220" HEIGHT="28" WC="0.91" CONTENT="petitionsförslagets"/><SP WIDTH="18" VPOS="579" HPOS="479"/>
							<String ID="string_96" HPOS="497" VPOS="580" WIDTH="69" HEIGHT="21" WC="0.96" CONTENT="andra"/><SP WIDTH="10" VPOS="580" HPOS="566"/>
							<String ID="string_97" HPOS="576" VPOS="579" WIDTH="65" HEIGHT="26" WC="0.96" CONTENT="kläm,"/><SP WIDTH="11" VPOS="579" HPOS="641"/>
							<String ID="string_98" HPOS="652" VPOS="581" WIDTH="32" HEIGHT="19" WC="0.96" CONTENT="att"/><SP WIDTH="10" VPOS="581" HPOS="684"/>
							<String ID="string_99" HPOS="694" VPOS="580" WIDTH="36" HEIGHT="21" WC="0.96" CONTENT="vid"/><SP WIDTH="11" VPOS="580" HPOS="730"/>
							<String ID="string_100" HPOS="741" VPOS="579" WIDTH="110" HEIGHT="21" WC="0.96" CONTENT="allmänna"/>
						</TextLine>
						<TextLine ID="line_13" HPOS="99" VPOS="613" WIDTH="752" HEIGHT="29">
							<String ID="string_101" HPOS="99" VPOS="614" WIDTH="114" HEIGHT="28" WC="0.96" CONTENT="sjukhuset"/><SP WIDTH="17" VPOS="614" HPOS="213"/>
							<String ID="string_102" HPOS="230" VPOS="614" WIDTH="7" HEIGHT="20" WC="0.96" CONTENT="i"/><SP WIDTH="15" VPOS="614" HPOS="237"/>
							<String ID="string_103" HPOS="252" VPOS="613" WIDTH="133" HEIGHT="22" WC="0.56" CONTENT="Tavastehus"/><SP WIDTH="18" VPOS="613" HPOS="385"/>
							<String ID="string_104" HPOS="403" VPOS="614" WIDTH="37" HEIGHT="21" WC="0.96" CONTENT="län"/><SP WIDTH="16" VPOS="614" HPOS="440"/>
							<String ID="string_105" HPOS="456" VPOS="614" WIDTH="69" HEIGHT="22" WC="0.97" CONTENT="skulle"/><SP WIDTH="15" VPOS="614" HPOS="525"/>
							<String ID="string_106" HPOS="540" VPOS="614" WIDTH="93" HEIGHT="21" WC="0.97" CONTENT="inrättas"/><SP WIDTH="15" VPOS="614" HPOS="633"/>
							<String ID="string_107" HPOS="648" VPOS="620" WIDTH="26" HEIGHT="14" WC="0.93" CONTENT="en"/><SP WIDTH="17" VPOS="620" HPOS="674"/>
							<String ID="string_108" HPOS="691" VPOS="614" WIDTH="111" HEIGHT="26" WC="0.93" CONTENT="afdelning"/><SP WIDTH="16" VPOS="614" HPOS="802"/>
							<String ID="string_109" HPOS="818" VPOS="614" WIDTH="33" HEIGHT="20" WC="0.96" CONTENT="för"/>
						</TextLine>
						<TextLine ID="line_14" HPOS="98" VPOS="647" WIDTH="752" HEIGHT="29">
							<String ID="string_110" HPOS="98" VPOS="650" WIDTH="121" HEIGHT="20" WC="0.92" CONTENT="värdandet"/><SP WIDTH="15" VPOS="650" HPOS="219"/>
							<String ID="string_111" HPOS="234" VPOS="647" WIDTH="23" HEIGHT="22" WC="0.93" CONTENT="af"/><SP WIDTH="14" VPOS="647" HPOS="257"/>
							<String ID="string_112" HPOS="271" VPOS="648" WIDTH="141" HEIGHT="28" WC="0.92" CONTENT="sinnessjuke."/><SP WIDTH="27" VPOS="648" HPOS="412"/>
							<String ID="string_113" HPOS="439" VPOS="648" WIDTH="74" HEIGHT="28" WC="0.93" CONTENT="Enligt"/><SP WIDTH="19" VPOS="648" HPOS="513"/>
							<String ID="string_114" HPOS="532" VPOS="656" WIDTH="49" HEIGHT="20" WC="0.92" CONTENT="nyss"/><SP WIDTH="16" VPOS="656" HPOS="581"/>
							<String ID="string_115" HPOS="597" VPOS="649" WIDTH="79" HEIGHT="20" WC="0.92" CONTENT="nämda"/><SP WIDTH="14" VPOS="649" HPOS="676"/>
							<String ID="string_116" HPOS="690" VPOS="648" WIDTH="53" HEIGHT="28" WC="0.96" CONTENT="plan"/><SP WIDTH="10" VPOS="648" HPOS="743"/>
							<String ID="string_117" HPOS="753" VPOS="648" WIDTH="39" HEIGHT="21" WC="0.93" CONTENT="bör"/><SP WIDTH="10" VPOS="648" HPOS="792"/>
							<String ID="string_118" HPOS="802" VPOS="649" WIDTH="48" HEIGHT="20" WC="0.92" CONTENT="när-"/>
						</TextLine>
						<TextLine ID="line_15" HPOS="98" VPOS="682" WIDTH="753" HEIGHT="27">
							<String ID="string_119" HPOS="98" VPOS="684" WIDTH="58" HEIGHT="20" WC="0.88" CONTENT="mast"/><SP WIDTH="22" VPOS="684" HPOS="156"/>
							<String ID="string_120" HPOS="178" VPOS="682" WIDTH="82" HEIGHT="22" WC="0.93" CONTENT="arbetet"/><SP WIDTH="23" VPOS="682" HPOS="260"/>
							<String ID="string_121" HPOS="283" VPOS="684" WIDTH="13" HEIGHT="20" WC="0.92" CONTENT="&amp;"/><SP WIDTH="23" VPOS="684" HPOS="296"/>
							<String ID="string_122" HPOS="319" VPOS="684" WIDTH="41" HEIGHT="20" WC="0.96" CONTENT="den"/><SP WIDTH="19" VPOS="684" HPOS="360"/>
							<String ID="string_123" HPOS="379" VPOS="685" WIDTH="60" HEIGHT="19" WC="0.93" CONTENT="stora"/><SP WIDTH="20" VPOS="685" HPOS="439"/>
							<String ID="string_124" HPOS="459" VPOS="682" WIDTH="171" HEIGHT="27" WC="0.91" CONTENT="centralanstalt,"/><SP WIDTH="17" VPOS="682" HPOS="630"/>
							<String ID="string_125" HPOS="647" VPOS="690" WIDTH="45" HEIGHT="14" WC="0.97" CONTENT="som"/><SP WIDTH="15" VPOS="690" HPOS="692"/>
							<String ID="string_126" HPOS="707" VPOS="682" WIDTH="96" HEIGHT="22" WC="0.95" CONTENT="kommer"/><SP WIDTH="16" VPOS="682" HPOS="803"/>
							<String ID="string_127" HPOS="819" VPOS="684" WIDTH="32" HEIGHT="20" WC="0.96" CONTENT="att"/>
						</TextLine>
						<TextLine ID="line_16" HPOS="99" VPOS="717" WIDTH="752" HEIGHT="28">
							<String ID="string_128" HPOS="99" VPOS="718" WIDTH="110" HEIGHT="27" WC="0.92" CONTENT="förläggas"/><SP WIDTH="22" VPOS="718" HPOS="209"/>
							<String ID="string_129" HPOS="231" VPOS="718" WIDTH="7" HEIGHT="20" WC="0.92" CONTENT="i"/><SP WIDTH="22" VPOS="718" HPOS="238"/>
							<String ID="string_130" HPOS="260" VPOS="717" WIDTH="105" HEIGHT="22" WC="0.92" CONTENT="närheten"/><SP WIDTH="22" VPOS="717" HPOS="365"/>
							<String ID="string_131" HPOS="387" VPOS="718" WIDTH="25" HEIGHT="21" WC="0.96" CONTENT="af"/><SP WIDTH="13" VPOS="718" HPOS="412"/>
							<String ID="string_132" HPOS="425" VPOS="717" WIDTH="153" HEIGHT="26" WC="0.93" CONTENT="Tammerfors,"/><SP WIDTH="16" VPOS="717" HPOS="578"/>
							<String ID="string_133" HPOS="594" VPOS="717" WIDTH="93" HEIGHT="27" WC="0.91" CONTENT="vidtaga."/><SP WIDTH="30" VPOS="717" HPOS="687"/>
							<String ID="string_134" HPOS="717" VPOS="717" WIDTH="46" HEIGHT="21" WC="0.96" CONTENT="Och"/><SP WIDTH="16" VPOS="717" HPOS="763"/>
							<String ID="string_135" HPOS="779" VPOS="718" WIDTH="72" HEIGHT="20" WC="0.96" CONTENT="denna"/>
						</TextLine>
						<TextLine ID="line_17" HPOS="98" VPOS="752" WIDTH="755" HEIGHT="28">
							<String ID="string_136" HPOS="98" VPOS="753" WIDTH="121" HEIGHT="27" WC="0.92" CONTENT="inrättning"/><SP WIDTH="22" VPOS="753" HPOS="219"/>
							<String ID="string_137" HPOS="241" VPOS="752" WIDTH="94" HEIGHT="22" WC="0.93" CONTENT="kommer"/><SP WIDTH="21" VPOS="752" HPOS="335"/>
							<String ID="string_138" HPOS="356" VPOS="753" WIDTH="121" HEIGHT="27" WC="0.91" CONTENT="naturligen"/><SP WIDTH="25" VPOS="753" HPOS="477"/>
							<String ID="string_139" HPOS="502" VPOS="754" WIDTH="33" HEIGHT="20" WC="0.95" CONTENT="att"/><SP WIDTH="22" VPOS="754" HPOS="535"/>
							<String ID="string_140" HPOS="557" VPOS="752" WIDTH="7" HEIGHT="21" WC="0.93" CONTENT="i"/><SP WIDTH="23" VPOS="752" HPOS="564"/>
							<String ID="string_141" HPOS="587" VPOS="752" WIDTH="90" HEIGHT="21" WC="0.91" CONTENT="främsta"/><SP WIDTH="24" VPOS="752" HPOS="677"/>
							<String ID="string_142" HPOS="701" VPOS="754" WIDTH="92" HEIGHT="19" WC="0.91" CONTENT="rummet"/><SP WIDTH="15" VPOS="754" HPOS="793"/>
							<String ID="string_143" HPOS="808" VPOS="752" WIDTH="45" HEIGHT="21" WC="0.91" CONTENT="till-"/>
						</TextLine>
						<TextLine ID="line_18" HPOS="98" VPOS="786" WIDTH="516" HEIGHT="29">
							<String ID="string_144" HPOS="98" VPOS="788" WIDTH="80" HEIGHT="26" WC="0.93" CONTENT="godose"/><SP WIDTH="13" VPOS="788" HPOS="178"/>
							<String ID="string_145" HPOS="191" VPOS="787" WIDTH="46" HEIGHT="28" WC="0.96" CONTENT="just"/><SP WIDTH="14" VPOS="787" HPOS="237"/>
							<String ID="string_146" HPOS="251" VPOS="787" WIDTH="37" HEIGHT="21" WC="0.93" CONTENT="det"/><SP WIDTH="16" VPOS="787" HPOS="288"/>
							<String ID="string_147" HPOS="304" VPOS="788" WIDTH="137" HEIGHT="26" WC="0.92" CONTENT="omgifvande"/><SP WIDTH="16" VPOS="788" HPOS="441"/>
							<String ID="string_148" HPOS="457" VPOS="788" WIDTH="71" HEIGHT="20" WC="0.93" CONTENT="länets"/><SP WIDTH="15" VPOS="788" HPOS="528"/>
							<String ID="string_149" HPOS="543" VPOS="786" WIDTH="71" HEIGHT="22" WC="0.73" CONTENT="behof."/>
						</TextLine>
					</TextBlock>
					<TextBlock ID="block_3" HPOS="99" VPOS="820" WIDTH="752" HEIGHT="63">
						<TextLine ID="line_19" HPOS="167" VPOS="820" WIDTH="684" HEIGHT="29">
							<String ID="string_150" HPOS="167" VPOS="822" WIDTH="31" HEIGHT="20" WC="0.91" CONTENT="Pä"/><SP WIDTH="22" VPOS="822" HPOS="198"/>
							<String ID="string_151" HPOS="220" VPOS="822" WIDTH="68" HEIGHT="27" WC="0.95" CONTENT="grund"/><SP WIDTH="23" VPOS="822" HPOS="288"/>
							<String ID="string_152" HPOS="311" VPOS="821" WIDTH="23" HEIGHT="21" WC="0.96" CONTENT="af"/><SP WIDTH="22" VPOS="821" HPOS="334"/>
							<String ID="string_153" HPOS="356" VPOS="822" WIDTH="35" HEIGHT="20" WC="0.93" CONTENT="det"/><SP WIDTH="24" VPOS="822" HPOS="391"/>
							<String ID="string_154" HPOS="415" VPOS="821" WIDTH="65" HEIGHT="22" WC="0.92" CONTENT="ofvan"/><SP WIDTH="23" VPOS="821" HPOS="480"/>
							<String ID="string_155" HPOS="503" VPOS="821" WIDTH="93" HEIGHT="21" WC="0.92" CONTENT="anförda"/><SP WIDTH="14" VPOS="821" HPOS="596"/>
							<String ID="string_156" HPOS="610" VPOS="820" WIDTH="34" HEIGHT="22" WC="0.91" CONTENT="fär"/><SP WIDTH="15" VPOS="820" HPOS="644"/>
							<String ID="string_157" HPOS="659" VPOS="820" WIDTH="72" HEIGHT="22" WC="0.92" CONTENT="derför"/><SP WIDTH="14" VPOS="820" HPOS="731"/>
							<String ID="string_158" HPOS="745" VPOS="820" WIDTH="106" HEIGHT="22" WC="0.93" CONTENT="utskottet"/>
						</TextLine>
						<TextLine ID="line_20" HPOS="99" VPOS="855" WIDTH="208" HEIGHT="28">
							<String ID="string_159" HPOS="99" VPOS="857" WIDTH="109" HEIGHT="21" WC="0.51" CONTENT="vördsamt"/><SP WIDTH="15" VPOS="857" HPOS="208"/>
							<String ID="string_160" HPOS="223" VPOS="855" WIDTH="84" HEIGHT="28" WC="0.95" CONTENT="föreslå,"/>
						</TextLine>
					</TextBlock>
				</ComposedBlock>
				<ComposedBlock ID="cblock_2" HPOS="231" VPOS="913" WIDTH="621" HEIGHT="200">
					<TextBlock ID="block_4" HPOS="231" VPOS="913" WIDTH="621" HEIGHT="200">
						<TextLine ID="line_21" HPOS="303" VPOS="913" WIDTH="548" HEIGHT="29">
							<String ID="string_161" HPOS="303" VPOS="916" WIDTH="30" HEIGHT="19" WC="0.91" CONTENT="att"/><SP WIDTH="24" VPOS="916" HPOS="333"/>
							<String ID="string_162" HPOS="357" VPOS="914" WIDTH="83" HEIGHT="22" WC="0.93" CONTENT="landets"/><SP WIDTH="23" VPOS="914" HPOS="440"/>
							<String ID="string_163" HPOS="463" VPOS="914" WIDTH="114" HEIGHT="28" WC="0.70" CONTENT="höglofliga"/><SP WIDTH="24" VPOS="914" HPOS="577"/>
							<String ID="string_164" HPOS="601" VPOS="914" WIDTH="96" HEIGHT="26" WC="0.91" CONTENT="Ständer,"/><SP WIDTH="17" VPOS="914" HPOS="697"/>
							<String ID="string_165" HPOS="714" VPOS="913" WIDTH="137" HEIGHT="28" WC="0.91" CONTENT="öfvertygade"/>
						</TextLine>
						<TextLine ID="line_22" HPOS="234" VPOS="948" WIDTH="618" HEIGHT="29">
							<String ID="string_166" HPOS="234" VPOS="955" WIDTH="37" HEIGHT="19" WC="0.96" CONTENT="om,"/><SP WIDTH="24" VPOS="955" HPOS="271"/>
							<String ID="string_167" HPOS="295" VPOS="951" WIDTH="31" HEIGHT="19" WC="0.92" CONTENT="att"/><SP WIDTH="21" VPOS="951" HPOS="326"/>
							<String ID="string_168" HPOS="347" VPOS="949" WIDTH="111" HEIGHT="28" WC="0.92" CONTENT="Styrelsen"/><SP WIDTH="17" VPOS="949" HPOS="458"/>
							<String ID="string_169" HPOS="475" VPOS="949" WIDTH="190" HEIGHT="28" WC="0.91" CONTENT="fortsättningsvis"/><SP WIDTH="21" VPOS="949" HPOS="665"/>
							<String ID="string_170" HPOS="686" VPOS="948" WIDTH="56" HEIGHT="22" WC="0.96" CONTENT="skall"/><SP WIDTH="18" VPOS="948" HPOS="742"/>
							<String ID="string_171" HPOS="760" VPOS="948" WIDTH="92" HEIGHT="27" WC="0.96" CONTENT="kraftigt"/>
						</TextLine>
						<TextLine ID="line_23" HPOS="231" VPOS="982" WIDTH="620" HEIGHT="29">
							<String ID="string_172" HPOS="231" VPOS="982" WIDTH="100" HEIGHT="29" WC="0.95" CONTENT="fullfölja"/><SP WIDTH="22" VPOS="982" HPOS="331"/>
							<String ID="string_173" HPOS="353" VPOS="983" WIDTH="120" HEIGHT="22" WC="0.96" CONTENT="ordnandet"/><SP WIDTH="22" VPOS="983" HPOS="473"/>
							<String ID="string_174" HPOS="495" VPOS="983" WIDTH="28" HEIGHT="28" WC="0.93" CONTENT="af"/><SP WIDTH="14" VPOS="983" HPOS="523"/>
							<String ID="string_175" HPOS="537" VPOS="984" WIDTH="49" HEIGHT="21" WC="0.96" CONTENT="vårt"/><SP WIDTH="16" VPOS="984" HPOS="586"/>
							<String ID="string_176" HPOS="602" VPOS="983" WIDTH="62" HEIGHT="22" WC="0.93" CONTENT="lands"/><SP WIDTH="15" VPOS="983" HPOS="664"/>
							<String ID="string_177" HPOS="679" VPOS="983" WIDTH="172" HEIGHT="21" WC="0.90" CONTENT="därvärdsväsen"/>
						</TextLine>
						<TextLine ID="line_24" HPOS="235" VPOS="1017" WIDTH="617" HEIGHT="28">
							<String ID="string_178" HPOS="235" VPOS="1017" WIDTH="65" HEIGHT="28" WC="0.96" CONTENT="enligt"/><SP WIDTH="21" VPOS="1017" HPOS="300"/>
							<String ID="string_179" HPOS="321" VPOS="1017" WIDTH="42" HEIGHT="22" WC="0.96" CONTENT="den"/><SP WIDTH="19" VPOS="1017" HPOS="363"/>
							<String ID="string_180" HPOS="382" VPOS="1017" WIDTH="37" HEIGHT="22" WC="0.87" CONTENT="vid"/><SP WIDTH="16" VPOS="1017" HPOS="419"/>
							<String ID="string_181" HPOS="435" VPOS="1019" WIDTH="60" HEIGHT="20" WC="0.95" CONTENT="1877"/><SP WIDTH="15" VPOS="1019" HPOS="495"/>
							<String ID="string_182" HPOS="510" VPOS="1019" WIDTH="38" HEIGHT="20" WC="0.93" CONTENT="års"/><SP WIDTH="16" VPOS="1019" HPOS="548"/>
							<String ID="string_183" HPOS="564" VPOS="1017" WIDTH="100" HEIGHT="28" WC="0.92" CONTENT="landtdag"/><SP WIDTH="14" VPOS="1017" HPOS="664"/>
							<String ID="string_184" HPOS="678" VPOS="1017" WIDTH="113" HEIGHT="27" WC="0.92" CONTENT="godkända"/><SP WIDTH="11" VPOS="1017" HPOS="791"/>
							<String ID="string_185" HPOS="802" VPOS="1017" WIDTH="50" HEIGHT="26" WC="0.91" CONTENT="pla-"/>
						</TextLine>
						<TextLine ID="line_25" HPOS="234" VPOS="1051" WIDTH="618" HEIGHT="29">
							<String ID="string_186" HPOS="234" VPOS="1057" WIDTH="47" HEIGHT="21" WC="0.94" CONTENT="nen,"/><SP WIDTH="24" VPOS="1057" HPOS="281"/>
							<String ID="string_187" HPOS="305" VPOS="1051" WIDTH="48" HEIGHT="22" WC="0.86" CONTENT="ville"/><SP WIDTH="16" VPOS="1051" HPOS="353"/>
							<String ID="string_188" HPOS="369" VPOS="1053" WIDTH="71" HEIGHT="20" WC="0.95" CONTENT="lemna"/><SP WIDTH="15" VPOS="1053" HPOS="440"/>
							<String ID="string_189" HPOS="455" VPOS="1053" WIDTH="8" HEIGHT="20" WC="0.94" CONTENT="i"/><SP WIDTH="12" VPOS="1053" HPOS="463"/>
							<String ID="string_190" HPOS="475" VPOS="1052" WIDTH="70" HEIGHT="28" WC="0.96" CONTENT="fråga"/><SP WIDTH="15" VPOS="1052" HPOS="545"/>
							<String ID="string_191" HPOS="560" VPOS="1052" WIDTH="94" HEIGHT="21" WC="0.92" CONTENT="varande"/><SP WIDTH="11" VPOS="1052" HPOS="654"/>
							<String ID="string_192" HPOS="665" VPOS="1051" WIDTH="187" HEIGHT="27" WC="0.90" CONTENT="petitionsförslag"/>
						</TextLine>
						<TextLine ID="line_26" HPOS="234" VPOS="1085" WIDTH="175" HEIGHT="28">
							<String ID="string_193" HPOS="234" VPOS="1087" WIDTH="52" HEIGHT="20" WC="0.95" CONTENT="utan"/><SP WIDTH="15" VPOS="1087" HPOS="286"/>
							<String ID="string_194" HPOS="301" VPOS="1085" WIDTH="108" HEIGHT="28" WC="0.96" CONTENT="afseende."/>
						</TextLine>
					</TextBlock>
				</ComposedBlock>
				<ComposedBlock ID="cblock_3" HPOS="99" VPOS="1135" WIDTH="752" HEIGHT="58">
					<TextBlock ID="block_5" HPOS="99" VPOS="1135" WIDTH="752" HEIGHT="58">
						<TextLine ID="line_27" HPOS="166" VPOS="1135" WIDTH="685" HEIGHT="28">
							<String ID="string_195" HPOS="166" VPOS="1136" WIDTH="140" HEIGHT="27" WC="0.96" CONTENT="Helsingfors,"/><SP WIDTH="17" VPOS="1136" HPOS="306"/>
							<String ID="string_196" HPOS="323" VPOS="1137" WIDTH="24" HEIGHT="21" WC="0.96" CONTENT="af"/><SP WIDTH="15" VPOS="1137" HPOS="347"/>
							<String ID="string_197" HPOS="362" VPOS="1137" WIDTH="119" HEIGHT="22" WC="0.93" CONTENT="Allmänna"/><SP WIDTH="14" VPOS="1137" HPOS="481"/>
							<String ID="string_198" HPOS="495" VPOS="1137" WIDTH="198" HEIGHT="22" WC="0.92" CONTENT="Besvärsutskottet"/><SP WIDTH="16" VPOS="1137" HPOS="693"/>
							<String ID="string_199" HPOS="709" VPOS="1137" WIDTH="42" HEIGHT="21" WC="0.96" CONTENT="den"/><SP WIDTH="14" VPOS="1137" HPOS="751"/>
							<String ID="string_200" HPOS="765" VPOS="1137" WIDTH="14" HEIGHT="21" WC="0.96" CONTENT="9"/><SP WIDTH="10" VPOS="1137" HPOS="779"/>
							<String ID="string_201" HPOS="789" VPOS="1135" WIDTH="62" HEIGHT="28" WC="0.96" CONTENT="April"/>
						</TextLine>
						<TextLine ID="line_28" HPOS="99" VPOS="1172" WIDTH="62" HEIGHT="21">
							<String ID="string_202" HPOS="99" VPOS="1172" WIDTH="62" HEIGHT="21" WC="0.96" CONTENT="1888."/>
						</TextLine>
					</TextBlock>
				</ComposedBlock>
				<ComposedBlock ID="cblock_4" HPOS="96" VPOS="1267" WIDTH="757" HEIGHT="198">
					<TextBlock ID="block_6" HPOS="96" VPOS="1267" WIDTH="757" HEIGHT="168">
						<TextLine ID="line_29" HPOS="166" VPOS="1267" WIDTH="687" HEIGHT="29">
							<String ID="string_203" HPOS="166" VPOS="1269" WIDTH="10" HEIGHT="21" WC="0.96" CONTENT="I"/><SP WIDTH="16" VPOS="1269" HPOS="176"/>
							<String ID="string_204" HPOS="192" VPOS="1269" WIDTH="99" HEIGHT="21" WC="0.95" CONTENT="ärendets"/><SP WIDTH="23" VPOS="1269" HPOS="291"/>
							<String ID="string_205" HPOS="314" VPOS="1268" WIDTH="90" HEIGHT="28" WC="0.95" CONTENT="slutliga"/><SP WIDTH="24" VPOS="1268" HPOS="404"/>
							<String ID="string_206" HPOS="428" VPOS="1269" WIDTH="133" HEIGHT="27" WC="0.96" CONTENT="behandling"/><SP WIDTH="22" VPOS="1269" HPOS="561"/>
							<String ID="string_207" HPOS="583" VPOS="1268" WIDTH="65" HEIGHT="22" WC="0.96" CONTENT="hafva"/><SP WIDTH="15" VPOS="1268" HPOS="648"/>
							<String ID="string_208" HPOS="663" VPOS="1267" WIDTH="100" HEIGHT="28" WC="0.93" CONTENT="deltagit:"/><SP WIDTH="17" VPOS="1267" HPOS="763"/>
							<String ID="string_209" HPOS="780" VPOS="1267" WIDTH="73" HEIGHT="21" WC="0.91" CONTENT="ordfö-"/>
						</TextLine>
						<TextLine ID="line_30" HPOS="97" VPOS="1301" WIDTH="755" HEIGHT="29">
							<String ID="string_210" HPOS="97" VPOS="1304" WIDTH="89" HEIGHT="25" WC="0.95" CONTENT="randen,"/><SP WIDTH="16" VPOS="1304" HPOS="186"/>
							<String ID="string_211" HPOS="202" VPOS="1302" WIDTH="52" HEIGHT="28" WC="0.90" CONTENT="prof."/><SP WIDTH="21" VPOS="1302" HPOS="254"/>
							<String ID="string_212" HPOS="275" VPOS="1303" WIDTH="28" HEIGHT="20" WC="0.90" CONTENT="M."/><SP WIDTH="18" VPOS="1303" HPOS="303"/>
							<String ID="string_213" HPOS="321" VPOS="1302" WIDTH="32" HEIGHT="21" WC="0.91" CONTENT="W."/><SP WIDTH="17" VPOS="1302" HPOS="353"/>
							<String ID="string_214" HPOS="370" VPOS="1303" WIDTH="24" HEIGHT="21" WC="0.93" CONTENT="af"/><SP WIDTH="14" VPOS="1303" HPOS="394"/>
							<String ID="string_215" HPOS="408" VPOS="1303" WIDTH="113" HEIGHT="25" WC="0.91" CONTENT="Schultén,"/><SP WIDTH="16" VPOS="1303" HPOS="521"/>
							<String ID="string_216" HPOS="537" VPOS="1303" WIDTH="146" HEIGHT="22" WC="0.91" CONTENT="ledamöterne"/><SP WIDTH="15" VPOS="1303" HPOS="683"/>
							<String ID="string_217" HPOS="698" VPOS="1303" WIDTH="24" HEIGHT="21" WC="0.92" CONTENT="A."/><SP WIDTH="16" VPOS="1303" HPOS="722"/>
							<String ID="string_218" HPOS="738" VPOS="1301" WIDTH="114" HEIGHT="26" WC="0.91" CONTENT="Norrmén,"/>
						</TextLine>
						<TextLine ID="line_31" HPOS="96" VPOS="1336" WIDTH="755" HEIGHT="29">
							<String ID="string_219" HPOS="96" VPOS="1339" WIDTH="69" HEIGHT="20" WC="0.96" CONTENT="Juuso"/><SP WIDTH="23" VPOS="1339" HPOS="165"/>
							<String ID="string_220" HPOS="188" VPOS="1337" WIDTH="106" HEIGHT="28" WC="0.95" CONTENT="Hedberg,"/><SP WIDTH="23" VPOS="1337" HPOS="294"/>
							<String ID="string_221" HPOS="317" VPOS="1337" WIDTH="114" HEIGHT="27" WC="0.93" CONTENT="Järvinen,"/><SP WIDTH="23" VPOS="1337" HPOS="431"/>
							<String ID="string_222" HPOS="454" VPOS="1338" WIDTH="128" HEIGHT="26" WC="0.91" CONTENT="Blomstedt,"/><SP WIDTH="24" VPOS="1338" HPOS="582"/>
							<String ID="string_223" HPOS="606" VPOS="1337" WIDTH="129" HEIGHT="28" WC="0.91" CONTENT="Tojkander,"/><SP WIDTH="23" VPOS="1337" HPOS="735"/>
							<String ID="string_224" HPOS="758" VPOS="1336" WIDTH="93" HEIGHT="28" WC="0.96" CONTENT="Nyberg,"/>
						</TextLine>
						<TextLine ID="line_32" HPOS="98" VPOS="1367" WIDTH="753" HEIGHT="34">
							<String ID="string_225" HPOS="98" VPOS="1373" WIDTH="153" HEIGHT="27" WC="0.89" CONTENT="Schybergson,"/><SP WIDTH="22" VPOS="1373" HPOS="251"/>
							<String ID="string_226" HPOS="273" VPOS="1372" WIDTH="25" HEIGHT="21" WC="0.92" CONTENT="V."/><SP WIDTH="25" VPOS="1372" HPOS="298"/>
							<String ID="string_227" HPOS="323" VPOS="1367" WIDTH="94" HEIGHT="33" WC="0.93" CONTENT="Öhberg,"/><SP WIDTH="17" VPOS="1367" HPOS="417"/>
							<String ID="string_228" HPOS="434" VPOS="1373" WIDTH="86" HEIGHT="28" WC="0.92" CONTENT="Ojanen"/><SP WIDTH="16" VPOS="1373" HPOS="520"/>
							<String ID="string_229" HPOS="536" VPOS="1373" WIDTH="40" HEIGHT="21" WC="0.93" CONTENT="och"/><SP WIDTH="15" VPOS="1373" HPOS="576"/>
							<String ID="string_230" HPOS="591" VPOS="1372" WIDTH="124" HEIGHT="22" WC="0.89" CONTENT="Päivärinta"/><SP WIDTH="16" VPOS="1372" HPOS="715"/>
							<String ID="string_231" HPOS="731" VPOS="1373" WIDTH="55" HEIGHT="19" WC="0.92" CONTENT="samt"/><SP WIDTH="16" VPOS="1373" HPOS="786"/>
							<String ID="string_232" HPOS="802" VPOS="1377" WIDTH="49" HEIGHT="20" WC="0.92" CONTENT="sup-"/>
						</TextLine>
						<TextLine ID="line_33" HPOS="97" VPOS="1404" WIDTH="756" HEIGHT="31">
							<String ID="string_233" HPOS="97" VPOS="1408" WIDTH="128" HEIGHT="27" WC="0.92" CONTENT="pleanterne"/><SP WIDTH="21" VPOS="1408" HPOS="225"/>
							<String ID="string_234" HPOS="246" VPOS="1413" WIDTH="17" HEIGHT="14" WC="0.91" CONTENT="v."/><SP WIDTH="20" VPOS="1413" HPOS="263"/>
							<String ID="string_235" HPOS="283" VPOS="1406" WIDTH="123" HEIGHT="27" WC="0.92" CONTENT="Rehausen,"/><SP WIDTH="18" VPOS="1406" HPOS="406"/>
							<String ID="string_236" HPOS="424" VPOS="1408" WIDTH="91" HEIGHT="26" WC="0.93" CONTENT="Schildt,"/><SP WIDTH="17" VPOS="1408" HPOS="515"/>
							<String ID="string_237" HPOS="532" VPOS="1408" WIDTH="110" HEIGHT="21" WC="0.91" CONTENT="Tervonen"/><SP WIDTH="16" VPOS="1408" HPOS="642"/>
							<String ID="string_238" HPOS="658" VPOS="1406" WIDTH="39" HEIGHT="22" WC="0.93" CONTENT="och"/><SP WIDTH="15" VPOS="1406" HPOS="697"/>
							<String ID="string_239" HPOS="712" VPOS="1404" WIDTH="141" HEIGHT="24" WC="0.90" CONTENT="Malkamäki."/>
						</TextLine>
					</TextBlock>
					<TextBlock ID="block_7" HPOS="166" VPOS="1446" WIDTH="496" HEIGHT="19">
						<TextLine ID="line_34" HPOS="166" VPOS="1446" WIDTH="496" HEIGHT="19">
							<String ID="string_240" HPOS="166" VPOS="1446" WIDTH="97" HEIGHT="19" WC="0.93" CONTENT="Allmänna"/><SP WIDTH="12" VPOS="1446" HPOS="263"/>
							<String ID="string_241" HPOS="275" VPOS="1446" WIDTH="178" HEIGHT="19" WC="0.92" CONTENT="Besvärsutskottets"/><SP WIDTH="12" VPOS="1446" HPOS="453"/>
							<String ID="string_242" HPOS="465" VPOS="1447" WIDTH="111" HEIGHT="18" WC="0.96" CONTENT="betänkande"/><SP WIDTH="11" VPOS="1447" HPOS="576"/>
							<String ID="string_243" HPOS="587" VPOS="1447" WIDTH="35" HEIGHT="18" WC="0.97" CONTENT="N:o"/><SP WIDTH="12" VPOS="1447" HPOS="622"/>
							<String ID="string_244" HPOS="634" VPOS="1447" WIDTH="28" HEIGHT="17" WC="0.96" CONTENT="15."/>
						</TextLine>
					</TextBlock>
				</ComposedBlock>
			</PrintSpace>
		</Page>
	</Layout>
</alto>
