1048 1731
187 108 378 25 Petitionsbetänkande
580 107 55 24 N:o
650 110 49 22 13.

344 479 125 24 Allmänna
504 479 253 26 Besvärsutskottets
790 480 36 24 he-

275 514 119 24 tänkande
409 514 29 24 N:o
454 514 33 24 Ii
503 514 102 30 anledning
620 514 20 24 af
654 515 68 23 tvänne
737 514 32 24 till
784 514 40 24 Pre-

277 549 37 23 ste-
337 548 33 24 och
390 548 140 24 Bondeständen
544 549 74 29 ingifna
633 548 190 31 petitionsmemorial,

276 582 95 30 angående
393 582 120 30 statsanslag
536 583 32 24 till
590 583 97 24 kloekares
710 583 33 24 och
764 582 62 30 orgel-

275 617 70 24 nisters
362 617 132 29 undervisning
509 617 6 23 i
531 624 57 17 norra
604 617 83 24 Finland.

139 713 69 22 Jemte
223 714 195 26 protokollsutdrag
428 713 32 21 för
469 714 40 21 den
516 715 19 25 1,
544 720 54 21 resp.
609 714 26 20 16
651 714 102 21 Februari
761 714 63 21 hafva

70 747 83 21 Preste-
176 747 39 21 och
237 748 163 20 Bondeständen
422 748 118 26 hänskjutit
558 748 33 21 till
606 748 105 21 allmänna
727 748 100 21 Besvärs-

71 782 116 21 utskottets
201 782 157 26 handläggning
373 784 77 19 tvänne
465 782 115 27 sälydande
595 782 224 27 petitionsmemorial
807 778 16 35 :

142 847 171 29 (Öfversättning.)

224 947 48 19 Till
291 946 161 27 Högvöridiga
471 946 202 26 Presteständet.

136 1010 40 19 Det
198 1012 22 17 är
241 1010 42 19 helt
297 1010 68 19 säkert
379 1010 45 19 icke
439 1010 88 19 obekant
542 1009 32 20 för
589 1011 34 18 det
638 1010 120 24 högvördiga
773 1009 54 20 stän-

72 1038 40 25 det,
132 1040 30 17 att
184 1044 24 13 en
224 1039 72 19 vacker
318 1039 114 24 kyrkosäng
450 1039 106 23 väsentligt
570 1039 94 23 bidrager
678 1039 30 18 till
723 1038 102 20 väckande

72 1067 37 19 och
124 1067 155 19 underhållande
293 1067 22 19 af
329 1067 84 19 fromhet
435 1067 37 19 och
491 1066 77 20 andakt
583 1069 51 17 samt
649 1067 29 19 till
694 1067 74 19 sinuets
784 1066 41 19 för-

72 1095 91 19 ädlande.
193 1095 73 20 Likaså
281 1095 63 20 kändt
359 1098 22 17 är
396 1096 34 19 det
444 1095 131 25 förhållande,
592 1098 30 17 att
636 1095 138 24 kyrkosängen
789 1095 36 19 hos

71 1123 44 20 värt
123 1123 49 26 folk,
182 1124 61 19 ehuru
252 1124 107 19 detsamma
367 1124 80 19 afälder
455 1125 36 18 har
499 1123 95 20 fallenhet
602 1124 32 19 för
642 1124 47 23 säng
698 1124 37 19 och
745 1124 62 24 poesi,
820 1123 7 19 i

72 1152 106 24 synnerhet
193 1152 27 24 pä
233 1152 140 20 landsorterna
388 1153 41 18 stär
444 1153 26 24 pä
485 1153 22 19 sä
523 1153 53 23 dälig
592 1152 36 25 fot,
651 1155 28 17 att
697 1158 44 13 man
757 1152 70 19 svärli-

72 1186 38 18 gen
125 1180 39 19 kan
180 1181 61 19 ähöra
257 1181 37 19 den
309 1181 45 19 med
369 1181 82 26 andakt,
467 1183 24 18 än
507 1181 76 19 mindre
600 1181 78 24 deltaga
693 1181 48 19 deri.
757 1181 72 19 Denna

72 1209 51 19 brist
137 1209 37 19 har
189 1209 57 20 äfven
261 1209 66 20 blifvit
342 1209 75 20 erkänd
433 1210 22 19 sä
469 1210 84 25 tillvida,
577 1211 29 18 att
622 1211 29 18 tre
670 1209 103 20 klockare-
790 1208 39 19 och

72 1237 165 24 orgelnistskolor
256 1238 66 19 blifvit
337 1239 44 18 med
397 1237 115 20 statsmedel
528 1238 117 19 bekostade.
675 1237 86 20 Härmed
776 1236 52 19 hade

72 1266 61 19 ocksä
148 1266 75 19 bristen
239 1267 51 18 varit
305 1266 90 24 afhjelpt.

136 1295 47 19 Men
199 1295 25 19 dä
239 1297 65 17 staten
320 1301 25 13 nu
362 1297 69 22 vägrat
446 1295 130 24 understödja
591 1295 104 19 klockare-
711 1294 37 19 och
763 1293 66 24 orgel-

72 1323 110 19 nistskolan
205 1324 7 18 i
233 1323 108 26 Uleäborg,
364 1324 22 19 sä
408 1325 29 18 att
457 1323 64 19 denna
536 1323 7 19 i
559 1323 106 24 anledning
679 1322 58 20 häraf
751 1322 76 23 nödgas

72 1351 91 25 upphöra
177 1352 45 19 med
237 1352 30 19 sin
283 1352 131 23 verksamhet,
429 1352 38 19 och
482 1352 25 19 dä
523 1352 24 19 de
563 1352 34 19 tvä
612 1351 63 25 öfriga
690 1351 138 24 ifrägakomna

73 1380 94 20 skolorna
182 1383 36 17 äro
233 1380 90 24 förlagda
338 1382 7 18 i
361 1386 24 14 en
400 1381 41 19 helt
456 1386 65 14 annan
538 1380 32 20 del
586 1380 22 29 af
621 1380 68 20 landet
711 1383 50 16 samt
783 1380 45 19 der-

70 1409 60 23 jemte
146 1411 49 17 nära
210 1410 118 23 hvarandra,
351 1410 6 18 i
373 1409 124 23 Helsingfors
513 1409 38 19 och
566 1410 6 18 i
588 1409 52 23 Abo,
662 1409 36 19 har
713 1408 58 20 häraf
788 1408 43 19 för-

73 1437 77 19 anledts
166 1438 34 19 det
215 1437 178 25 missförhällande,
417 1439 29 18 att
468 1437 45 20 hela
528 1438 38 18 den
582 1437 123 20 vidsträckta
720 1442 61 14 norra
796 1437 35 19 de-

142 1474 103 20 Allmänna
258 1476 179 18 Besvärsutskottets
450 1476 118 18 betänkande
580 1476 37 17 N:o
632 1476 29 17 11.
