1048 1731
263 140 238 25 Petitionsbetänkande
518 141 34 23 N:o
569 141 27 23 I4.
775 143 12 20 7

58 203 78 26 derför,
152 206 33 19 att
200 204 79 21 hennes
294 204 176 27 kunskapsbegär
485 205 52 20 utan
552 203 77 22 hinder
641 203 174 26 tillfredsställes,

58 238 62 21 torde
135 239 126 26 näppeligen
275 239 72 20 kunna
363 238 80 27 påstås.

130 272 149 27 Ihägkommas
294 273 54 20 böra
363 273 7 20 i
386 273 61 20 detta
461 272 102 22 afseende
578 273 26 20 de
615 272 144 27 mångfaldiga
770 273 47 22 svä-

59 306 101 27 righeter,
176 307 72 20 hvilka
263 307 90 20 kvinnor
368 307 69 20 under
451 307 145 20 förberedelse
612 306 33 21 till
667 307 150 22 universitetet

58 340 64 21 hafva
138 342 32 19 att
186 341 127 25 öfvervinna,
329 341 7 20 i
352 341 114 26 synnerhet
481 341 24 20 så
520 341 62 26 länge
599 341 37 20 det
646 341 122 20 nuvarande
778 347 39 14 un-

59 374 233 27 dervisningsväsendet
307 377 51 24 äger
377 375 99 24 bestånd,
498 375 139 26 svårigheter,
660 375 73 20 hvilka
754 375 63 20 alltid

59 409 86 21 komma
167 411 33 18 att
223 415 25 15 ur
271 409 62 21 deras
356 409 59 20 antal
429 409 69 26 gallra
520 411 24 18 ut
560 409 25 21 de
601 409 81 21 mindre
698 408 119 27 begåfvade

60 443 40 21 och
116 443 82 21 mindre
213 443 101 26 uthålliga
330 443 119 22 elementen
464 443 40 21 och
520 443 91 21 sålunda
626 443 89 26 erbjuda
734 449 26 15 en
775 443 42 21 till-

59 477 82 26 räcklig
163 477 84 26 garanti
268 477 39 26 för,
331 479 32 20 att
386 477 26 21 de
427 477 97 26 kvinnor,
540 483 46 15 som
602 477 69 21 blifvit
685 477 84 26 färdiga
783 477 34 21 för

60 511 186 22 studentexamens
269 512 130 26 afläggande,
416 511 65 22 också
495 512 110 26 verkligen
627 511 92 27 förtjena
741 513 33 19 att
796 511 22 21 få

59 545 96 27 undergå
170 546 40 21 den
225 552 82 15 samma
321 549 52 18 utan
389 548 32 19 att
436 546 76 21 binder
528 546 72 21 derför
615 546 125 26 uppställas.

134 579 33 21 Då
190 580 105 22 utskottet
315 580 142 21 understöder
471 580 110 26 förslaget,
597 581 33 19 att
645 579 23 21 åt
677 580 90 21 kvinnor
782 580 36 21 må

60 614 88 26 beviljas
164 620 82 15 samma
261 616 50 23 rätt,
327 620 45 15 som
389 616 49 19 män
454 616 47 24 äga,
518 616 33 19 att
566 620 76 20 genom
663 614 154 21 absolverande

60 648 23 21 af
97 648 132 27 vederbörlig
245 649 176 21 studentexamen
436 648 65 21 vinna
515 648 85 20 inträde
616 648 35 20 vid
661 648 154 26 universitetet,

60 682 40 21 har
115 682 106 21 utskottet
235 682 86 22 dermed
337 682 76 21 endast
436 682 57 21 velat
517 682 96 27 aflägsna
636 682 41 21 den
699 682 118 26 obillighet,

60 722 46 15 som
121 716 113 22 förefinnes
250 717 51 25 deri,
319 719 32 19 att
366 718 59 19 emot
439 716 83 26 verklig
537 716 114 26 studiehåg
666 716 39 20 och
720 716 98 27 förmåga

60 750 75 26 finnas,
151 751 49 21 med
216 750 98 22 afseende
329 750 12 22 å
356 751 99 26 kvinnor,
471 750 104 26 stadgade
596 750 138 26 svårigheter,
756 750 23 27 ja
802 752 16 19 t.

63 790 19 16 0.
99 791 29 15 m.
144 785 107 21 eventuelt
267 787 30 19 ett
313 787 65 25 öppet
393 785 82 27 hinder,
491 784 81 22 sådana
588 791 49 15 man
652 784 56 22 hvad
727 786 91 20 männen

60 818 132 22 vidkommer
208 819 46 21 icke
269 821 36 19 vet
320 819 26 21 af.

132 853 32 21 De
181 854 126 24 storartade,
322 854 45 20 vidt
382 853 83 27 gående
480 853 129 26 verkningar
624 859 49 15 man
687 852 29 27 på
735 859 26 15 en
784 853 35 21 del

61 887 44 21 håll
121 888 97 26 hoppats,
234 887 28 27 på
277 888 66 21 andra
359 887 44 21 håll
421 887 84 21 fruktat
528 887 87 21 komma
638 889 32 19 att
691 886 83 28 framgå
797 887 24 21 af

61 922 41 21 den
117 928 29 15 nu
161 922 120 27 föreslagna
297 922 163 26 förändringens
475 921 167 28 genomförande
658 923 36 19 äro
709 921 66 27 enligt
785 922 34 20 ut-

61 957 92 20 skottets
169 956 139 27 öfvertygelse
324 956 33 21 till
372 962 25 15 en
413 956 43 27 god
472 956 34 21 del
521 955 136 22 öfverdrifna.
683 955 30 27 Ty
728 955 91 22 beaktas

60 990 48 27 bör,
123 992 33 19 att
171 991 69 20 denna
255 991 124 26 förändring
394 990 47 21 icke
457 990 69 21 skulle
541 989 98 22 medföra
653 989 34 21 för
701 989 118 22 kvinnorna

60 1024 71 27 någon
146 1024 129 27 fullkomligt
289 1031 34 20 ny,
339 1024 134 21 främmande
488 1024 110 26 rättighet,
615 1023 27 22 då
655 1024 24 26 ju
694 1025 48 20 dem
757 1024 62 21 äfven

60 1058 60 21 förut
134 1059 72 26 gifvits
221 1059 100 21 tillåtelse
337 1061 32 18 att
385 1058 84 27 aflägga
483 1058 185 21 studentexamen.
692 1057 127 27 Uppenbart

62 1094 24 19 är
102 1092 110 27 derjämte,
228 1095 32 19 att
276 1093 25 21 de
317 1093 96 25 kvinnor,
430 1098 47 15 som
493 1092 53 21 söka
568 1092 84 21 inträde
668 1092 34 21 vid
717 1092 102 21 universi-

61 1128 61 24 tetet,
138 1127 62 20 alltid
215 1127 86 21 komma
315 1129 32 19 att
363 1133 52 14 vara
431 1128 32 19 ett
481 1126 151 21 försvinnande
656 1127 59 26 ringa
737 1126 60 21 antal
811 1127 8 20 i

58 1160 124 27 jämförelse
198 1161 47 21 med
261 1161 49 21 hela
324 1162 129 19 numerären
468 1160 24 21 af
505 1160 163 22 flickskolornas
684 1161 75 20 elever.

132 1195 67 21 Detta
214 1195 90 21 oaktadt
319 1195 39 20 har
374 1195 107 21 utskottet
496 1195 66 20 likväl
578 1196 71 19 ansett
664 1195 36 20 det
719 1200 52 15 vara
786 1195 33 20 sin

60 1229 54 26 pligt
129 1231 33 18 att
177 1229 90 27 påpeka,
283 1231 38 24 att,
338 1235 34 15 om
388 1229 40 21 ock
443 1229 91 21 kvinnor
549 1228 117 27 medgifves
679 1235 81 14 samma
775 1230 44 19 rätt

60 1269 47 15 som
122 1265 49 19 män
187 1265 33 19 att
235 1263 64 21 vinna
313 1263 85 21 inträde
413 1263 36 21 vid
464 1263 149 21 universitetet
628 1263 33 20 för
680 1263 91 21 studiers
787 1262 32 21 id-

60 1297 76 26 kande,
154 1297 47 21 dem
218 1297 54 22 dock
285 1298 47 21 icke
348 1297 67 22 borde
431 1297 22 21 få
467 1297 69 27 gifvas
551 1297 117 26 stipendier
679 1297 51 21 eller
741 1297 77 21 under-

60 1331 56 26 stöd,
132 1331 72 21 hvilka
219 1331 143 27 uttryckligen
377 1333 38 19 äro
431 1331 92 27 manlige
537 1331 131 21 studerande
677 1330 140 22 förbehållna.

60 1361 63 25 Ännu
139 1366 81 20 rindre
235 1366 70 21 kunde
321 1372 26 15 ur
363 1365 36 22 det
415 1365 24 21 af
457 1365 107 22 utskottet
586 1365 122 27 föreslagna
730 1365 89 27 medgif-

60 1400 79 21 vandet
153 1400 58 26 följa,
228 1402 33 19 att
276 1400 23 21 af
311 1400 80 21 kvinna
405 1400 82 27 aflagdt
502 1400 145 26 lärdomsprof
656 1400 68 21 skulle
736 1400 83 21 skänka

60 1434 69 21 henne
144 1434 155 22 vidsträcktare
315 1436 44 20 rätt
382 1434 33 21 till
437 1434 91 27 tjenster
550 1436 28 20 än
600 1434 98 27 gällande
720 1434 35 27 lag
778 1434 40 21 och

60 1468 151 27 författningar
226 1469 110 27 tillstädja.

130 1507 104 19 Allmänna
246 1508 179 18 Besvärsutskottets
438 1508 117 18 betänkande
567 1509 35 17 N:o
616 1508 30 17 12.
