1048 1731
104 732 11 28 $
133 734 33 20 10.

201 121 25 21 18
426 119 200 26 Motionsbetänkande
642 121 33 24 N:o
686 121 27 24 14.

169 182 25 21 af
216 183 36 21 det
275 183 136 27 djurplägeri,
434 189 45 16 som
495 183 75 22 dervid
585 183 47 22 ofta
647 183 150 26 förekommer,
813 185 70 19 ansett
899 182 32 27 sig

170 217 48 21 icke
240 217 73 21 kunna
335 217 89 22 beröfva
443 217 166 28 fängstmännen
625 219 70 20 denna
711 219 62 20 deras
788 217 24 22 af
825 217 60 22 älder
899 217 32 21 ät-

170 251 75 27 njutna
267 251 110 28 rättighet,
402 252 60 21 hvari
486 252 66 21 likväl
576 253 41 20 den
640 252 155 27 inskränkning
817 252 58 21 skett
899 252 32 19 att

172 285 48 21 dess
238 285 119 22 utöfvande
366 286 48 21 icke
429 285 34 22 får
478 293 40 20 ega
533 293 47 14 rum
596 286 13 21 å
624 293 71 14 annan
710 287 32 21 tid
757 288 28 19 än
801 286 27 21 dä
842 285 89 22 marken

172 321 24 19 är
219 320 98 21 snötäckt
336 320 53 21 eller
404 320 79 21 frusen.
514 321 132 27 Härigenom
662 321 98 21 förfaller
775 319 156 28 befogenheten

171 353 25 21 af
210 354 40 21 den
265 354 138 27 invändning,
419 361 46 15 som
480 355 68 26 gjorts
562 357 46 19 mot
631 361 104 15 snarorna
757 354 71 21 såsom
850 353 81 27 fångst-

171 388 77 27 medel,
275 391 33 19 att
331 395 25 15 en
379 389 79 28 mängd
488 389 90 28 fängadt
606 389 99 22 vildbråd
735 388 92 22 förfares
855 394 77 22 genom

173 422 149 21 försummelse
349 425 32 20 att
407 423 109 28 punktligt
538 423 53 28 vitja
615 424 55 21 dem.
707 424 104 21 Deremot
835 423 39 21 har
898 424 33 19 ut-

173 457 82 21 skottet
280 457 48 21 icke
353 458 74 21 tvekat
452 459 33 20 att
509 458 46 21 helt
578 458 39 21 och
642 458 68 21 hället
735 457 99 27 förbjuda
853 457 78 28 begag-

173 491 80 21 nandet
269 491 24 21 af
307 491 70 27 fällor,
393 492 84 21 hvilkas
492 492 137 28 användning
644 493 8 20 i
668 492 61 28 fräga
744 492 97 22 kommer
855 491 76 21 endast

171 526 13 20 &
207 526 38 21 bar
267 526 62 21 mark
349 526 39 21 och
403 527 68 20 under
491 527 91 21 ärstider
598 527 27 21 dä
640 526 122 22 vildbrädet
777 527 40 20 lätt
833 526 97 25 förfares,

172 560 141 27 hvarigenom
336 560 227 28 vildbrädstillgängen
588 561 95 21 minskas
706 563 52 19 utan
782 560 149 22 motsvarande

174 594 69 21 fördel
266 594 33 22 för
322 594 171 28 fängstmännen.
523 595 82 21 Härvid
628 602 62 14 anser
710 596 33 26 sig
758 596 105 20 utskottet
877 594 54 22 böra

174 629 104 21 anmärka
300 631 33 19 att
355 629 101 21 förbudet
477 631 46 19 mot
539 629 63 22 fällor
615 630 80 26 jemväl
710 629 58 21 afser
783 625 148 31 begagnandet

172 663 24 21 af
210 669 16 15 s.
242 664 21 20 k.
280 664 107 26 orrburar,
403 664 74 20 hvilka
491 664 90 21 allmänt
596 664 107 21 vitsordas
718 664 71 21 säsom
799 665 78 25 ytterst
888 662 43 22 för-

174 698 101 21 störande
290 698 34 21 för
339 698 236 28 skogsfägelstammen.

244 732 10 21 I
269 732 12 27 $
299 734 26 19 10
340 732 39 22 har
394 733 106 21 utskottet
515 732 71 22 funnit
601 732 206 28 skottpenningarne
823 732 33 21 för
870 732 63 26 björn

174 766 73 21 kunna
269 766 46 21 helt
338 766 40 22 och
393 767 67 21 hållet
474 767 108 26 bortfalla,
603 769 52 19 enär
670 767 135 27 björnjagten
821 766 71 21 blifvit
907 772 26 14 en

175 800 106 22 eftersökt
300 804 60 24 sport
375 801 40 21 och
431 802 79 26 djurets
526 802 59 20 såväl
600 802 48 20 kött
664 808 45 14 som
725 801 63 21 skinn
804 800 62 22 äfven
881 802 53 25 göra

175 836 60 26 bytet
257 836 100 20 lönande.
388 836 208 27 Skottpenningarne
619 836 33 20 för
674 842 69 20 ungar
759 835 60 21 torde
835 835 47 21 icke
897 834 37 21 be-

175 869 65 22 höfva
255 870 120 20 fastställas
390 870 66 27 högre
471 872 27 19 än
513 870 33 21 till
562 870 83 21 hälften
661 871 58 20 emot
734 869 92 27 premier
842 869 33 21 för
885 868 49 22 full-

175 910 70 15 vuxna
260 904 89 27 rofdjur.
380 904 39 21 Att
435 904 76 28 ålägga
526 904 49 21 hela
589 904 92 22 häradet
695 906 34 19 att
751 904 87 27 deltaga
859 903 7 21 i
890 903 45 27 gäl-

176 938 79 22 dandet
271 938 24 21 af
309 938 40 21 den
366 938 67 22 andra
447 938 83 22 hälften
545 938 24 22 af
583 938 213 27 skottpenningarne,
820 943 62 22 synes
901 939 34 19 ut-

176 974 82 20 skottet
273 979 52 15 vara
340 973 100 22 förenadt
454 973 48 21 med
518 973 74 22 alltför
607 975 59 20 stora
687 973 124 27 omgångar,
835 971 100 22 hvarföre

174 1008 107 21 utskottet
303 1007 92 22 föreslår
412 1010 32 19 att
459 1008 91 21 nämnda
566 1008 64 21 andel
644 1008 35 21 må
694 1007 53 28 utgå
762 1007 24 21 af
799 1007 135 25 kommunen,

176 1042 38 21 der
229 1042 72 27 djuret
316 1042 83 21 dödats.

244 1077 37 26 IS
304 1078 23 19 11
344 1076 41 21 har
400 1077 128 26 ejderhanen
543 1076 71 21 blifvit
630 1077 109 21 utesluten
754 1075 7 21 i
777 1075 94 28 enlighet
886 1074 50 21 med

174 1111 57 22 hvad
253 1111 68 21 under
344 1111 11 27 &
379 1113 11 18 2
415 1111 127 27 föreslagits.
572 1110 210 28 Fridlysningstiden
798 1110 33 21 för
846 1109 91 27 sjöfågel

177 1146 40 21 har
238 1146 109 21 utskottet
369 1145 48 22 icke
439 1148 69 19 ansett
524 1145 92 22 behöfva
630 1145 124 22 utsträckas
769 1145 75 26 längre
859 1146 28 19 än
903 1143 33 22 till

177 1180 40 21 och
231 1180 50 21 med
301 1180 40 21 den
357 1181 26 20 25
399 1180 51 21 Juli.
480 1181 102 20 Deremot
597 1180 40 21 har
650 1180 109 21 utskottet
775 1179 72 21 funnit
863 1179 74 26 skogs-

175 1214 84 27 fågelns
283 1214 172 27 fridlysningstid
477 1215 53 20 böra
552 1214 129 27 framflyttas
705 1214 58 21 ända
782 1213 34 21 till
832 1212 40 22 och
888 1212 49 21 med

176 1249 41 20 den
241 1251 26 18 20
291 1249 98 27 Augusti,
413 1249 89 20 emedan
524 1249 97 21 honorna
644 1249 24 20 af
684 1247 119 28 matnyttig
819 1246 119 27 skofsfågel

176 1285 56 19 ännu
248 1283 68 20 under
332 1283 59 20 förra
405 1283 82 21 hälften
502 1282 24 21 af
539 1283 92 27 Augusti
642 1282 80 21 månad
733 1281 76 22 alltför
817 1281 40 21 lätt
865 1281 73 20 kunna

175 1317 141 27 bortskjutas,
332 1317 139 27 hvarigenom
486 1323 101 21 ungarna,
604 1323 45 15 som
664 1316 38 22 vid
719 1316 70 21 denna
804 1315 33 22 tid
851 1315 25 21 af
893 1315 46 20 året

176 1353 57 20 ännu
256 1353 37 20 äro
317 1351 34 21 för
373 1351 48 21 litet
444 1351 146 27 försigkomna
614 1351 34 21 för
670 1352 34 19 att
727 1350 53 21 reda
795 1349 32 28 sig
842 1349 28 27 på
886 1355 53 21 egen

176 1386 65 27 hand,
264 1386 116 27 vanligtvis
398 1386 67 21 blifva
480 1386 108 21 förstörda
603 1385 25 21 af
641 1385 118 27 skadedjur
775 1384 40 22 och
830 1383 108 27 roffåglar.

177 1421 116 21 Dessutom
316 1422 37 20 äro
377 1420 219 28 skogsfågelungarna
611 1419 46 22 ofta
672 1426 44 20 nog
731 1421 58 19 ännu
803 1418 7 21 i
825 1418 77 27 början
918 1416 24 22 af

246 1459 205 19 Ekonomiutskottets
463 1459 120 18 betänkande
596 1459 35 18 N:o
646 1460 26 16 16.
