1048 1731
316 139 227 22 Petitionsbetänkande
564 140 34 21 N:o
613 140 37 21 40.
819 140 13 20 3

178 203 91 27 Frågan
285 210 36 14 om
337 203 162 22 förbättrande
515 203 25 21 af
554 203 239 22 kronolänsmännens
805 202 55 21 eko-

107 237 108 22 nomiska
237 237 43 21 och
295 237 87 22 sociala
398 238 115 27 ställning
528 237 42 22 har
585 237 71 22 redan
672 237 69 28 länge
758 238 57 20 stått
830 238 31 27 på

108 271 176 28 dagordningen
300 271 7 21 i
323 272 52 21 vårt
391 272 61 21 land.
483 272 47 21 Vid
541 271 143 28 landtdagen
693 271 42 22 har
746 272 45 21 den
803 279 58 13 sam-

108 314 37 13 ma
160 309 85 18 tvenne
261 306 88 28 gånger
364 306 8 21 i
387 306 161 28 petitionsväg
564 305 88 29 dragits
669 306 73 21 under
753 305 108 22 Ständer-

108 348 41 13 nas
158 339 153 29 ompröfning,
328 340 119 29 nämligen
458 341 41 20 vid
512 342 70 21 1863-
597 341 54 21 1864
662 340 43 21 och
719 341 140 21 1877—1878

107 375 67 20 årens
190 374 178 28 ständermöten,
387 375 44 21 och
447 375 113 21 hvardera
576 375 93 28 gången
684 374 85 22 vunnit
784 381 75 21 repre-

107 409 157 21 sentationens
280 409 133 21 understöd.
443 409 47 21 Till
505 409 78 28 någon
599 409 112 26 definitiv,
728 409 132 28 genomgri-

107 443 75 28 pande
205 443 82 28 åtgärd
309 443 8 21 i
340 443 97 22 berörda
461 443 170 28 angelägenhet
654 444 52 21 från
727 443 132 28 Styrelsens

108 477 50 22 sida
186 477 69 22 hafva
283 478 96 21 anförda
402 478 221 29 ständerpetitioner
646 478 59 21 dock
728 478 52 21 icke
803 477 55 21 ledt.

106 512 37 22 Då
165 512 160 28 föreliggande
347 512 205 29 petitionsförslag
575 520 32 14 nu
622 513 36 21 för
674 512 75 30 tredje
765 513 94 28 gången

106 546 106 29 påkallar
235 547 140 21 Ständernas
399 547 208 29 uppmärksamhet
627 547 36 21 för
679 548 82 27 trägan
777 554 36 14 om
830 554 28 14 en

108 582 84 20 reform
208 581 25 21 af
245 581 109 28 gällande
365 582 175 28 bestämningar
551 582 97 21 rörande
658 581 203 21 kronolänsmans-

108 616 143 28 tjensterna
240 611 13 38 i
261 616 60 28 syfte
330 618 35 19 att
372 616 114 22 förbättra
502 616 179 22 innehafvarnes
693 616 108 28 rättsliga
817 615 43 21 och

106 650 151 22 ekonomiska
281 651 120 28 ställning,
425 659 42 21 ger
489 651 40 21 det
548 658 86 14 samma
650 651 98 21 sälunda
763 650 96 28 uttryck

107 686 24 20 ät
146 687 35 19 ett
195 685 68 29 länge
279 685 73 22 kändt
367 686 43 21 och
426 686 100 21 erkändt
541 686 77 21 behof.

176 720 74 26 Hvad,
274 728 49 14 som
345 720 86 22 hittills
453 721 75 21 vållat
550 721 104 28 uppskof
673 721 52 21 med
741 721 117 28 genomtö-

107 756 83 21 randet
204 756 26 21 af
242 755 85 21 nämda
342 757 91 25 reform,
450 756 65 21 torde
532 763 55 13 vara
602 755 49 21 dels
667 755 28 21 de
707 754 150 29 svärigheter,

108 798 48 14 som
179 790 40 22 vid
242 790 51 22 dess
317 791 122 28 praktiska
462 790 121 22 ordnande
605 794 74 26 yppat
694 792 43 28 sig,
753 791 50 21 dels
819 791 40 21 det

108 825 121 29 betydliga
251 826 91 28 belopp,
362 826 111 21 hvarmed
496 834 29 13 en
547 826 190 28 löneförhöjning
757 827 36 20 för
815 826 44 21 den

108 860 86 21 talrika
216 860 189 22 länsmanskären
426 861 91 21 komme
541 863 35 19 att
592 860 44 22 öka
650 862 88 20 statens
755 860 102 28 utgifter.

108 895 36 21 Då
159 895 113 21 utskottet
287 895 38 21 till
339 895 179 29 handläggning
534 896 109 28 mottagit
652 895 161 29 föreliggande
821 903 38 21 pe-

109 930 175 28 titionsförslag,
307 929 41 22 har
364 930 117 21 utskottet
496 930 79 21 derför
591 932 76 19 ansett
682 930 36 29 sig
734 930 57 22 böra
806 930 51 22 icke

108 965 25 20 så
156 964 93 29 mycket
271 965 146 28 ådagalägga
439 965 40 22 det
495 965 206 28 behjertansvärda
716 965 8 22 i
739 965 119 29 förslaget,

108 1012 26 3 —
144 999 79 21 skälen
238 999 77 22 härför
333 1000 72 21 hafva
419 999 73 22 redan
508 1000 49 21 ofta
572 1007 46 21 nog
632 1000 228 26 framstälts,
788 995 13 37 —
811 995 52 37 icke

107 1033 73 21 heller
194 1033 55 28 ingå
263 1034 7 20 i
293 1033 256 29 detaljbestämningar,
573 1034 81 21 hvilka
665 1034 81 22 kräfva
757 1035 100 20 särskild

107 1067 144 29 fackunskap
275 1068 43 21 och
341 1068 139 27 erfarenhet,
497 1070 57 19 utan
575 1069 45 20 fast
643 1076 47 13 mer
708 1069 96 28 angifva
819 1077 39 13 en-

108 1102 53 21 dast
190 1103 28 21 de
248 1103 245 28 hufvudsynpunkter,
518 1103 82 21 hvilka
624 1103 74 28 enligt
728 1103 128 22 utskottets

107 1137 95 29 mening
223 1137 70 22 borde
316 1137 97 22 beaktas
433 1137 41 22 vid
489 1137 192 28 genomförandet
696 1139 26 20 af
735 1138 46 21 den
797 1138 60 21 före-

106 1172 82 29 slagna
203 1173 119 21 reformen.

176 1207 69 21 Hvad
259 1207 83 20 främst
358 1207 73 28 angår
446 1206 46 22 den
507 1207 109 28 rättsliga
632 1207 65 21 sidan
709 1207 26 21 af
743 1207 116 21 länsmän-

106 1249 58 14 nens
187 1241 112 28 ställning
314 1241 42 21 bör
371 1241 88 21 erinras
475 1249 37 13 om
537 1241 53 21 nåd.
606 1241 155 28 kungörelsen
776 1242 26 20 af
815 1241 45 22 den

108 1277 26 20 15
157 1283 59 14 mars
237 1277 60 25 1881,
314 1283 49 14 som
378 1275 53 22 med
447 1275 128 29 anledning
591 1276 26 21 af
630 1276 226 29 ständerpetitionen

105 1310 40 21 vid
170 1311 109 21 1877—78
302 1311 37 20 års
361 1310 114 28 landtdag
498 1310 8 21 i
522 1311 84 27 någon,
622 1317 37 14 om
675 1314 29 17 än
720 1311 68 28 ringa
803 1311 54 20 män

106 1345 125 28 begränsar
254 1345 45 21 den
318 1345 115 28 rättighet
448 1348 178 25 guvernörerne,
642 1345 74 28 enligt
732 1345 51 22 nåd.
801 1345 58 20 kun-

106 1380 107 28 görelsen
234 1380 26 21 af
281 1380 44 21 den
348 1381 27 21 24
396 1380 94 28 januari
507 1381 61 27 1831,
584 1384 44 24 äga
643 1382 34 19 att
692 1380 51 21 från
759 1380 102 28 tjensten

106 1414 86 22 afsätta
220 1415 185 21 kronolänsmän.
437 1415 90 21 Genom
557 1415 141 21 förstnämda
723 1415 138 28 kungörelse

173 1458 96 17 Allmänna
282 1458 174 18 Besvärsutskottets
468 1456 110 19 betänkande
593 1458 35 18 N:o
646 1459 25 16 32
