1048 1731
219 141 11 18 2
411 139 219 22 Motionsbetänkande
646 139 35 22 N:o
699 139 32 22 11.

188 203 87 19 inträffar
293 203 34 19 det
341 204 74 23 ganska
427 203 41 19 ofta
479 205 30 17 att
521 204 129 18 domstolarne
663 203 50 19 finna
725 204 30 23 sig
767 203 107 19 föranlåtna
885 205 30 16 att
926 202 28 25 på

188 231 146 20 vederbörande
352 231 102 25 åklagares
471 231 89 20 anhållan
575 231 39 20 låta
630 233 30 18 till
672 233 75 18 vittnen
759 233 6 18 i
777 231 90 20 brottmål
879 232 74 18 inkalla

188 266 93 18 personer
292 261 77 18 bosatta
381 260 26 25 på
418 261 56 18 tiotal
486 261 44 18 mils
542 260 76 20 afstånd
631 261 37 18 och
679 261 62 18 under
753 260 72 19 sådana
835 261 116 23 omständig-

188 289 55 19 heter
260 290 75 18 medför
352 290 131 23 fullgörandet
499 290 22 18 af
532 290 62 18 denna
605 290 50 23 pligt
666 290 150 23 uppenbarligen
829 291 62 17 större
903 295 47 17 upp-

188 318 93 23 offringar
298 318 21 19 af
335 319 37 18 den
385 319 88 18 enskilde
485 319 25 18 än
523 320 61 17 staten
597 319 114 18 härutinnan
724 319 37 18 bör
773 324 56 13 anses
840 317 110 23 berättigad

188 349 28 16 att
233 345 78 25 påkalla
328 349 46 16 utan
392 349 30 16 att
440 347 67 18 derför
523 347 75 24 utgifva
615 347 64 24 skälig
698 348 112 23 ersättning.
828 348 41 18 Den
881 346 70 23 fattige

187 376 67 18 träffas
273 376 98 19 dessutom
386 377 22 17 af
418 376 54 19 detta
484 375 101 24 åliggande
601 381 52 14 mera
664 376 84 19 känbart
760 377 24 17 än
797 376 36 19 den
845 376 104 22 förmögne,

187 405 6 18 i
211 406 22 22 ty
251 406 30 17 att
299 405 37 18 den
354 405 51 18 förre
422 405 44 18 med
479 404 70 19 förlust
560 405 22 18 af
592 405 29 18 sin
633 405 111 24 personliga
755 405 58 18 frihet
825 404 29 19 får
865 404 86 23 umgälla

187 434 28 18 sin
228 432 99 25 oförmåga
339 435 29 16 att
380 433 57 19 ställa
449 433 30 24 sig
491 435 73 16 rättens
577 433 40 19 bud
630 434 30 17 till
673 434 135 19 efterrättelse.
829 433 82 18 Infinner
919 433 31 23 sig

186 462 96 23 nämligen
294 462 43 19 icke
350 463 43 22 den,
407 468 41 13 som
460 463 22 17 af
493 462 81 19 domstol
587 462 91 19 inkallats
691 463 28 18 till
728 463 67 23 vittne,
805 462 21 19 så
834 463 70 18 varder
911 462 37 18 han

187 490 25 25 på
229 491 30 19 sin
277 496 48 18 egen
343 491 109 19 bekostnad
468 491 76 23 instäld,
561 491 76 19 hvilket
649 491 46 19 sker
707 491 85 24 sålunda,
803 493 30 17 att
844 491 37 19 han
893 491 22 18 af
925 496 23 13 en

187 520 124 24 rättsbetjent
329 520 46 18 eller
392 519 108 24 fångknekt
517 520 44 18 med
579 519 111 25 fångskjuts
705 520 76 19 hemtas
793 520 29 18 till
835 520 114 22 domstolen,

187 549 98 19 hvarefter
303 549 108 19 kostnaden
430 549 30 18 för
472 548 134 24 fångskjutsen
616 550 60 22 jemte
689 549 166 23 dagtraktamente
867 547 20 19 åt
899 548 48 18 kon-

186 579 58 23 vojen
257 578 36 18 och
305 578 125 24 godtgörelse
442 577 21 19 åt
476 578 60 18 denne
544 578 31 18 för
583 576 98 20 återresan
689 579 78 22 uttagas
775 578 35 18 hos
819 578 36 18 den
864 577 83 18 instälde

186 608 66 18 derest
266 607 38 19 han
316 612 46 19 eger
373 606 104 24 tillgångar
488 608 29 16 att
528 607 59 23 gälda
598 607 58 18 dessa
668 607 111 18 kostnader.
803 606 9 18 I
823 607 79 17 motsatt
913 606 34 18 fall

186 635 34 25 får,
238 636 60 24 enligt
314 636 71 23 regeln,
404 636 37 18 den
457 641 41 13 som
511 634 25 24 på
548 636 93 22 tjenstens
653 636 73 23 vägnar
738 635 74 18 inställt
823 634 70 18 vittnet
905 634 42 18 vid-

186 664 74 19 kännas
273 664 130 19 kostnaderna
415 664 30 18 för
457 664 123 23 inställelsen,
594 665 21 22 ty
624 664 68 18 endast
700 663 140 23 undantagsvis
849 663 55 18 torde
913 663 33 18 de-

186 698 72 14 samma
269 694 107 23 godtgöras
389 693 62 18 denne
463 693 22 18 af
494 692 80 19 kronan.
592 693 56 19 Efter
660 694 32 18 det
701 692 37 19 den
746 692 82 18 instälde
837 692 50 18 inför
895 688 57 22 dom

186 723 62 19 stolen
264 722 77 24 afgifvit
357 722 34 18 sitt
406 721 117 23 vittnesmål,
536 722 66 18 ställes
614 722 38 18 han
665 722 114 23 visserligen
791 720 118 19 omedelbart
921 720 26 24 pä

186 752 24 17 fri
226 751 34 23 fot,
277 756 42 14 men
332 750 129 24 förständigas
473 750 64 18 tillika
548 752 29 17 att
589 750 158 19 fordersammast
759 749 105 19 ätervända
876 749 28 18 till
917 750 28 17 sin

185 780 80 22 hemort,
278 780 37 18 och
326 778 108 20 uraktläter
447 780 36 18 han
495 780 29 17 att
536 780 50 17 inom
598 780 40 18 viss
651 780 29 18 tid
692 780 57 18 ställa
757 779 30 23 sig
795 779 62 18 denna
865 778 80 18 förstän-

186 809 57 23 digan
260 809 30 18 till
309 808 136 22 efterrättelse,
463 807 21 19 sä
501 808 38 18 kan
552 808 37 18 han
602 808 61 18 varda
675 808 109 19 behandlad
796 806 63 20 såsom
871 806 74 19 lösdrif-

183 842 47 14 vare
249 837 36 19 och
305 836 24 24 pä
349 838 29 18 sin
398 837 144 18 hemkommuns
563 836 109 19 bekostnad
691 836 66 22 blifva,
773 836 72 23 jemväl
862 841 25 12 nu
903 835 43 19 med

184 865 115 25 fängskjuts,
315 866 29 18 till
357 866 108 18 densamma
477 864 96 20 ätersänd.

253 895 30 17 En
295 894 59 19 sädan
366 894 116 24 behandling
489 895 22 17 af
516 900 97 17 personer,
622 894 66 18 hvilka
696 894 6 18 i
712 894 33 18 det
753 894 104 18 allmännas
865 893 81 18 intresse

185 924 35 18 äro
231 923 82 24 pliktige
325 925 30 16 att
367 923 74 24 afgifva
453 922 115 23 vittnesmäl,
581 928 43 13 men
636 923 22 18 af
665 922 126 19 medellöshet
800 922 51 17 varit
859 920 86 19 urständ-

185 954 51 17 satta
253 954 29 16 att
299 952 112 19 derutinnan
424 951 67 24 ätlyda
502 952 87 22 kallelse,
602 953 22 16 är
636 951 6 18 i
654 952 39 23 hög
705 951 49 24 grad
766 950 131 24 upprörande;
910 949 36 19 och

184 981 74 24 följden
270 981 23 18 af
302 982 29 17 att
343 982 63 17 staten
418 981 44 18 icke
475 981 87 23 skäligen
574 981 83 18 ersätter
669 981 30 18 till
707 980 75 18 vittnen
790 980 6 17 i
805 977 89 20 brottmål
903 977 43 20 äbe-

184 1009 73 24 ropade
269 1015 103 18 personers
384 1009 150 19 resekostnader
545 1009 36 18 och
594 1009 98 23 tidspillan
704 1009 70 18 blifver
787 1009 45 17 utan
840 1007 69 18 tvifvel
917 1009 30 16 att

184 1037 87 24 mången,
289 1043 41 14 som
351 1038 66 19 kunde
437 1038 87 19 meddela
542 1038 143 23 upplysningar,
704 1037 68 18 hvilka
789 1037 30 18 för
835 1035 109 20 ästadkom-

183 1067 68 18 mande
268 1067 23 18 af
303 1067 102 22 bevisning
417 1067 6 18 i
436 1065 90 20 brottmål
538 1072 48 13 vore
598 1067 23 18 af
630 1068 73 17 största
715 1066 47 24 vigt,
774 1071 26 13 nu
812 1065 134 23 undandrager

184 1097 30 22 sig
231 1097 30 17 att
277 1096 67 18 derom
361 1095 151 24 tillkännagifva,
529 1095 71 18 hvaraf
610 1095 42 19 åter
664 1095 155 23 rättskipningen
831 1094 6 18 i
850 1094 95 23 väsentlig

182 1125 49 23 grad
243 1125 40 18 kan
295 1125 61 18 blifva
368 1124 83 19 lidande.

252 1154 43 18 Den
311 1153 22 18 af
343 1153 39 24 mig
394 1159 25 12 nu
431 1153 82 18 berörda
526 1152 67 25 frägan
605 1153 35 18 har
652 1153 60 19 redan
725 1153 30 18 för
767 1154 67 22 längre
846 1153 28 18 tid
886 1153 58 19 sedan

182 1182 37 19 hos
236 1187 32 14 oss
286 1183 52 17 varit
356 1181 80 20 föremäl
452 1181 31 19 för
494 1182 131 23 lagstiftarens
638 1182 175 23 uppmärksamhet,
826 1181 60 19 ehuru
899 1182 44 18 den-

183 1216 71 13 samma
267 1211 114 22 sedermera,
393 1212 47 17 utan
451 1212 30 16 att
493 1210 57 19 hafva
563 1210 77 19 erhällit
648 1211 29 18 sin
687 1211 82 23 lösning,
775 1209 37 20 fätt
820 1210 45 19 falla
873 1211 6 17 i
887 1211 58 22 glöm-

182 1240 41 18 ska.
247 1240 39 18 Vid
305 1241 42 17 1867
365 1239 31 19 års
413 1239 92 24 landtdag
521 1239 112 19 framstälde
645 1240 95 23 nämligen
754 1239 107 19 Ständerna
872 1239 28 18 uti
912 1245 33 12 un-

182 1267 94 24 derdänig
294 1269 81 22 petition
393 1267 88 19 anhällan
498 1273 30 13 om
546 1268 141 24 lagförklaring
703 1269 6 17 i
722 1268 33 19 det
768 1268 55 23 syfte,
836 1269 29 17 att
877 1269 68 17 ersätt-

181 1297 46 23 ning
245 1297 31 18 för
295 1297 133 23 mälsegandes
447 1297 36 18 och
495 1297 84 18 vittnens
592 1297 107 19 kostnader
711 1297 6 18 i
730 1297 37 18 och
779 1297 31 18 för
821 1296 124 24 rättegängar

181 1326 29 17 uti
230 1324 74 20 sådana
321 1325 70 24 grofva
409 1324 95 24 brottmål,
522 1325 6 18 i
547 1325 67 19 hvilka
630 1326 71 18 allmän
718 1325 91 24 åklagare
824 1325 52 19 förer
888 1326 57 23 talan,

181 1354 63 19 skulle
256 1353 25 19 då
291 1353 60 20 sådan
363 1354 124 24 godtgörelse
499 1354 81 23 fordras,
592 1354 23 19 af
620 1355 97 18 allmänna
724 1355 63 18 medel
795 1354 106 23 förskjutas
909 1355 36 18 och

181 1383 34 18 vid
236 1383 102 19 bristande
359 1382 80 25 tiligång
460 1383 35 19 hos
515 1383 37 19 den
573 1384 206 23 betalningeskyldige,
799 1383 58 19 äfven
877 1386 68 16 stanna

180 1412 75 18 kronan
268 1412 29 18 till
310 1412 43 18 last.

249 1440 45 19 Med
311 1441 103 23 anledning
432 1440 22 18 af
469 1440 62 19 denna
542 1441 81 23 petition
636 1441 55 24 afgaf
701 1441 53 19 Hans
767 1442 108 23 Kejserliga
887 1441 58 24 Maje-

249 1475 143 23 Lagutskotteis
405 1475 116 18 betänkande
533 1476 37 17 N:o
582 1476 28 18 19.
