1048 1731
243 119 16 20 4
423 117 241 24 Petitionsbetänkande
680 118 35 22 N:o
733 117 28 24 15.

424 183 33 19 att
473 180 80 29 början
569 181 31 28 af
610 181 16 28 $
640 182 30 20 77
685 181 9 20 i
707 181 106 28 gällande
829 180 148 29 Skolordning

355 216 66 21 mätte
437 215 86 21 erhälla
530 215 110 28 följande
647 215 146 28 förändrade
803 215 89 28 lydelse:
911 210 68 33 Öfver

355 250 81 21 ädömd
459 250 94 28 varning
574 250 113 28 äfvensom
702 250 9 20 i
726 250 26 21 de
769 249 76 29 öfriga
860 250 45 21 mål
920 250 15 27 $
949 251 29 20 76

355 285 146 27 omförmäler
515 285 37 20 mä
567 285 97 28 ändring
679 285 9 20 i
706 279 183 33 Öfverstyrelsens
904 284 73 27 utslag

355 319 64 21 sökas
434 319 39 21 hos
489 319 42 21 den
544 318 97 29 Hofrätt
656 326 17 14 o.
690 326 17 14 s.
723 326 18 14 v.

216 388 38 19 och
275 387 20 20 fä
317 389 19 18 vi
360 389 101 19 vördsamt
476 389 86 24 anhälla,
583 391 30 17 att
634 389 33 19 det
681 389 123 24 högvördiga
826 388 151 19 Prestaständet

216 417 60 18 måtte
300 417 77 20 skänka
401 418 55 19 detta
474 418 197 24 petitionsmemoria]
687 418 35 19 sitt
737 417 109 20 understöd
862 422 68 19 genom
946 419 30 17 att

215 445 103 20 remittera
334 446 108 19 detsamma
458 447 30 18 till
504 447 135 24 vederbörligt
654 447 83 18 utskott.

284 497 125 25 Helsingfors
426 499 38 19 den
481 497 12 20 2
509 498 97 20 Februari
623 497 62 22 1888.

287 558 52 24 Alfr.
357 559 100 23 Kihlman.
681 559 45 23 Joh.
743 558 64 24 Gabr.
825 558 80 23 Geitlin.

287 656 173 22 Ofvanstäende
475 655 201 29 petitionsförslag
691 656 103 28 påpekar
809 658 34 19 ett
853 655 122 29 egendom-

216 690 45 29 ligt
277 690 120 29 undantag
412 690 8 22 i
436 690 148 29 ätnjutandet
599 690 26 22 af
638 690 45 22 den
698 690 114 29 rättighet
829 692 35 19 att
878 689 42 23 hos
935 689 40 22 hö-

216 732 42 21 gre
280 725 91 21 instans
395 724 56 22 söka
474 724 100 29 ändring
589 724 9 22 i
610 724 97 29 judiciel
731 724 56 22 eller
805 724 171 22 administrativ

216 758 151 30 myndighets
390 758 61 27 dom,
474 758 96 22 hvilken
593 758 114 30 rättighet
722 758 26 22 af
761 758 64 22 älder
843 758 88 30 utgjort
946 766 29 14 en

217 793 26 22 af
256 793 174 29 grundvalarna
445 793 8 21 i
468 793 43 21 vär
525 793 166 29 rättsordning.

287 827 115 22 Gällande
425 827 153 39 skolordning
597 827 95 29 stadgar
707 828 118 33 nämligen
840 828 9 20 i
864 828 11 27 $
892 828 33 26 77,
941 829 34 19 att

216 862 74 29 nägot
311 862 84 22 besvär
418 861 66 22 öfver
503 862 107 29 varning,
634 869 49 15 som
699 862 27 22 af
739 840 186 54 Öfverstyrelsen
939 861 36 21 för

216 896 165 22 skolväsendet
404 896 93 22 ådömes
511 896 82 27 lärare,
616 896 52 22 icke
683 900 56 25 äger
753 904 57 20 rum,
826 896 84 21 medan
925 896 50 21 der-

215 933 63 20 emot
300 930 120 29 ändring
409 926 18 37 i
439 926 197 43 Öfverstyrelsens
656 931 78 29 utslag
748 930 37 23 får
799 930 74 28 sökas,
896 930 30 22 då
940 932 35 20 ut-

215 965 76 29 slaget
307 965 61 22 afser
391 965 137 29 suspension
550 965 54 22 med
619 966 84 21 förlust
719 965 27 22 af
757 966 79 28 någon
851 965 38 22 del
904 965 26 21 af
941 965 34 21 lö-

214 1007 47 14 nen
285 999 56 22 eller
363 999 130 29 afsättning
514 999 53 22 från
590 1000 102 29 tjensten
715 1000 43 22 och
780 999 84 22 förlust
886 999 26 22 af
929 999 46 22 alla

214 1033 96 22 dermed
325 1033 110 22 förenade
450 1033 177 23 löneförmoner.

285 1068 116 22 Frånsedt
417 1068 39 22 det
471 1069 187 22 inkonsekventa
668 1069 56 28 deri,
741 1071 35 20 att
787 1069 81 21 besvär
878 1068 51 22 icke
939 1068 36 21 får

214 1102 104 29 ingifvas
333 1105 63 20 emot
411 1103 78 29 utslag
503 1103 8 21 i
527 1105 35 20 ett
571 1103 49 28 fall,
636 1103 84 22 medan
731 1103 40 22 det
785 1103 8 21 i
808 1105 86 19 tvenne
903 1102 72 23 andra

216 1141 25 18 är
257 1137 93 27 tillåtet,
367 1137 112 29 förtjenar
501 1137 110 29 påpekas,
631 1140 35 19 att
680 1138 101 28 varning
797 1137 26 22 af
835 1137 90 29 antydd
940 1140 35 19 art

214 1171 53 22 icke
282 1172 47 21 kan
344 1171 118 23 betraktas
477 1172 76 21 såsom
568 1175 34 18 ett
618 1172 69 31 straff
699 1172 27 22 af
738 1173 26 21 så
778 1172 68 29 ringa
855 1171 120 29 betydelse

216 1208 35 19 att
273 1206 142 21 besvärsrätt
438 1206 40 21 vid
500 1206 51 22 dess
568 1207 129 21 ådömande
714 1206 26 22 af
753 1205 72 23 sådan
841 1206 67 21 orsak
923 1205 52 22 med

216 1239 52 22 skäl
283 1240 78 21 kunde
377 1239 116 22 förmenas
508 1240 82 22 lärare.
615 1241 35 21 Af
663 1236 186 33 Öfverstyrelsen
865 1240 36 22 för
915 1240 60 22 skol-

214 1274 115 21 väsendet
350 1273 82 30 gifven
455 1275 99 28 varning
576 1275 48 22 kan
646 1275 119 28 nämligen
788 1274 37 23 för
847 1275 45 21 den
911 1274 67 22 deraf

215 1307 98 22 träffade
336 1308 105 22 medföra
456 1316 29 13 en
500 1309 138 22 ekonomisk
659 1309 90 27 förlust,
773 1309 88 22 snarlik
876 1311 47 19 rätt
937 1309 38 21 be-

215 1341 93 30 tydliga
330 1342 72 23 böter.
432 1343 12 21 I
467 1343 59 29 följd
546 1343 26 22 af
585 1343 73 22 sådan
672 1344 102 29 varning
788 1344 43 29 går
845 1343 46 22 han
907 1351 68 14 even-

214 1376 61 22 tnelt,
289 1376 37 21 för
339 1377 82 29 längre
437 1378 56 21 eller
507 1378 93 22 kortare
620 1378 36 22 tid
671 1378 110 29 förlustig
797 1378 39 22 det
852 1378 73 28 ärliga
940 1385 35 15 ar-

214 1406 159 38 vodestillägg
380 1399 35 34 af
429 1413 40 21 600
485 1412 37 21 till
534 1413 10 20 1
548 1414 50 26 ,000
608 1412 72 28 mark,
696 1412 93 22 hvilket
799 1412 74 30 enligt
883 1412 92 29 Nädiga

213 1444 182 30 Förordningen
417 1446 27 21 af
463 1446 45 22 den
531 1448 28 20 23
582 1447 94 28 augusti
700 1448 55 21 1883
775 1446 102 22 tilldelas
893 1447 80 29 lärare,

283 1490 106 19 Allmänna
402 1492 180 18 Besvärsutskottets
596 1492 117 18 betänkande
727 1494 36 16 N:o
777 1492 30 18 13.
