<?xml version="1.0" encoding="UTF-8"?>
<alto xmlns="http://www.loc.gov/standards/alto/ns-v3#" xmlns:xlink="http://www.w3.org/1999/xlink" xmlns:xsi="http://www.w3.org/2001/XMLSchema-instance" xsi:schemaLocation="http://www.loc.gov/standards/alto/ns-v3# http://www.loc.gov/alto/v3/alto-3-0.xsd">
	<Description>
		<MeasurementUnit>pixel</MeasurementUnit>
		<sourceImageInformation>
			<fileName>/tmp/tess_clw50k5j_input.PNG</fileName>
		</sourceImageInformation>
		<OCRProcessing ID="OCR_0">
			<ocrProcessingStep>
				<processingSoftware>
					<softwareName>tesseract 5.3.4</softwareName>
				</processingSoftware>
			</ocrProcessingStep>
		</OCRProcessing>
	</Description>
	<Layout>
		<Page WIDTH="1048" HEIGHT="1731" PHYSICAL_IMG_NR="0" ID="page_0">
			<PrintSpace HPOS="0" VPOS="0" WIDTH="1048" HEIGHT="1731">
				<ComposedBlock ID="cblock_0" HPOS="206" VPOS="114" WIDTH="523" HEIGHT="24">
					<TextBlock ID="block_0" HPOS="206" VPOS="114" WIDTH="523" HEIGHT="24">
						<TextLine ID="line_0" HPOS="206" VPOS="114" WIDTH="523" HEIGHT="24">
							<String ID="string_0" HPOS="206" VPOS="117" WIDTH="27" HEIGHT="20" WC="0.96" CONTENT="34"/><SP WIDTH="168" VPOS="117" HPOS="233"/>
							<String ID="string_1" HPOS="401" VPOS="114" WIDTH="239" HEIGHT="24" WC="0.91" CONTENT="Petitionsbetänkande"/><SP WIDTH="16" VPOS="114" HPOS="640"/>
							<String ID="string_2" HPOS="656" VPOS="115" WIDTH="38" HEIGHT="23" WC="0.96" CONTENT="N:o"/><SP WIDTH="15" VPOS="115" HPOS="694"/>
							<String ID="string_3" HPOS="709" VPOS="114" WIDTH="20" HEIGHT="23" WC="0.96" CONTENT="2."/>
						</TextLine>
					</TextBlock>
				</ComposedBlock>
				<ComposedBlock ID="cblock_1" HPOS="178" VPOS="172" WIDTH="760" HEIGHT="61">
					<TextBlock ID="block_1" HPOS="178" VPOS="172" WIDTH="760" HEIGHT="61">
						<TextLine ID="line_1" HPOS="179" VPOS="172" WIDTH="759" HEIGHT="27">
							<String ID="string_4" HPOS="179" VPOS="173" WIDTH="66" HEIGHT="26" WC="0.96" CONTENT="sagda"/><SP WIDTH="22" VPOS="173" HPOS="245"/>
							<String ID="string_5" HPOS="267" VPOS="173" WIDTH="100" HEIGHT="26" WC="0.96" CONTENT="framgår,"/><SP WIDTH="16" VPOS="173" HPOS="367"/>
							<String ID="string_6" HPOS="383" VPOS="173" WIDTH="66" HEIGHT="21" WC="0.92" CONTENT="redan"/><SP WIDTH="15" VPOS="173" HPOS="449"/>
							<String ID="string_7" HPOS="464" VPOS="173" WIDTH="177" HEIGHT="26" WC="0.90" CONTENT="mellankommit,"/><SP WIDTH="17" VPOS="173" HPOS="641"/>
							<String ID="string_8" HPOS="658" VPOS="173" WIDTH="34" HEIGHT="21" WC="0.96" CONTENT="får"/><SP WIDTH="14" VPOS="173" HPOS="692"/>
							<String ID="string_9" HPOS="706" VPOS="172" WIDTH="107" HEIGHT="22" WC="0.93" CONTENT="utskottet"/><SP WIDTH="14" VPOS="172" HPOS="813"/>
							<String ID="string_10" HPOS="827" VPOS="172" WIDTH="111" HEIGHT="22" WC="0.91" CONTENT="vördsamt"/>
						</TextLine>
						<TextLine ID="line_2" HPOS="178" VPOS="206" WIDTH="85" HEIGHT="27">
							<String ID="string_11" HPOS="178" VPOS="206" WIDTH="85" HEIGHT="27" WC="0.95" CONTENT="föreslå,"/>
						</TextLine>
					</TextBlock>
				</ComposedBlock>
				<ComposedBlock ID="cblock_2" HPOS="316" VPOS="262" WIDTH="625" HEIGHT="89">
					<TextBlock ID="block_2" HPOS="316" VPOS="262" WIDTH="625" HEIGHT="89">
						<TextLine ID="line_3" HPOS="385" VPOS="262" WIDTH="556" HEIGHT="28">
							<String ID="string_12" HPOS="385" VPOS="266" WIDTH="33" HEIGHT="17" WC="0.96" CONTENT="att"/><SP WIDTH="21" VPOS="266" HPOS="418"/>
							<String ID="string_13" HPOS="439" VPOS="263" WIDTH="58" HEIGHT="20" WC="0.92" CONTENT="detta"/><SP WIDTH="18" VPOS="263" HPOS="497"/>
							<String ID="string_14" HPOS="515" VPOS="263" WIDTH="182" HEIGHT="27" WC="0.92" CONTENT="petitionsärende"/><SP WIDTH="23" VPOS="263" HPOS="697"/>
							<String ID="string_15" HPOS="720" VPOS="263" WIDTH="43" HEIGHT="20" WC="0.94" CONTENT="icke"/><SP WIDTH="16" VPOS="263" HPOS="763"/>
							<String ID="string_16" HPOS="779" VPOS="269" WIDTH="28" HEIGHT="14" WC="0.96" CONTENT="nu"/><SP WIDTH="15" VPOS="269" HPOS="807"/>
							<String ID="string_17" HPOS="822" VPOS="263" WIDTH="67" HEIGHT="20" WC="0.88" CONTENT="måtte"/><SP WIDTH="15" VPOS="263" HPOS="889"/>
							<String ID="string_18" HPOS="904" VPOS="262" WIDTH="37" HEIGHT="20" WC="0.95" CONTENT="till"/>
						</TextLine>
						<TextLine ID="line_4" HPOS="316" VPOS="297" WIDTH="621" HEIGHT="27">
							<String ID="string_19" HPOS="316" VPOS="297" WIDTH="71" HEIGHT="26" WC="0.94" CONTENT="någon"/><SP WIDTH="23" VPOS="297" HPOS="387"/>
							<String ID="string_20" HPOS="410" VPOS="297" WIDTH="75" HEIGHT="21" WC="0.92" CONTENT="vidare"/><SP WIDTH="23" VPOS="297" HPOS="485"/>
							<String ID="string_21" HPOS="508" VPOS="297" WIDTH="84" HEIGHT="26" WC="0.92" CONTENT="åtgärd"/><SP WIDTH="11" VPOS="297" HPOS="592"/>
							<String ID="string_22" HPOS="603" VPOS="297" WIDTH="60" HEIGHT="27" WC="0.93" CONTENT="från"/><SP WIDTH="17" VPOS="297" HPOS="663"/>
							<String ID="string_23" HPOS="680" VPOS="297" WIDTH="136" HEIGHT="20" WC="0.91" CONTENT="Ständernas"/><SP WIDTH="14" VPOS="297" HPOS="816"/>
							<String ID="string_24" HPOS="830" VPOS="297" WIDTH="49" HEIGHT="20" WC="0.93" CONTENT="sida"/><SP WIDTH="9" VPOS="297" HPOS="879"/>
							<String ID="string_25" HPOS="888" VPOS="297" WIDTH="49" HEIGHT="26" WC="0.91" CONTENT="för-"/>
						</TextLine>
						<TextLine ID="line_5" HPOS="316" VPOS="331" WIDTH="83" HEIGHT="20">
							<String ID="string_26" HPOS="316" VPOS="331" WIDTH="83" HEIGHT="20" WC="0.84" CONTENT="anleda."/>
						</TextLine>
					</TextBlock>
				</ComposedBlock>
				<ComposedBlock ID="cblock_3" HPOS="505" VPOS="501" WIDTH="106" HEIGHT="22">
					<TextBlock ID="block_3" HPOS="505" VPOS="501" WIDTH="106" HEIGHT="22">
						<TextLine ID="line_6" HPOS="505" VPOS="501" WIDTH="106" HEIGHT="22">
							<String ID="string_27" HPOS="505" VPOS="504" WIDTH="13" HEIGHT="18" WC="0.93" CONTENT="7"/><SP WIDTH="16" VPOS="504" HPOS="518"/>
							<String ID="string_28" HPOS="534" VPOS="501" WIDTH="39" HEIGHT="22" WC="0.96" CONTENT="och"/><SP WIDTH="17" VPOS="501" HPOS="573"/>
							<String ID="string_29" HPOS="590" VPOS="505" WIDTH="21" HEIGHT="17" WC="0.96" CONTENT="8."/>
						</TextLine>
					</TextBlock>
				</ComposedBlock>
				<ComposedBlock ID="cblock_4" HPOS="177" VPOS="563" WIDTH="763" HEIGHT="741">
					<TextBlock ID="block_4" HPOS="178" VPOS="563" WIDTH="761" HEIGHT="233">
						<TextLine ID="line_7" HPOS="248" VPOS="563" WIDTH="691" HEIGHT="29">
							<String ID="string_30" HPOS="248" VPOS="564" WIDTH="149" HEIGHT="21" WC="0.92" CONTENT="Förevarande"/><SP WIDTH="14" VPOS="564" HPOS="397"/>
							<String ID="string_31" HPOS="411" VPOS="563" WIDTH="185" HEIGHT="29" WC="0.92" CONTENT="petitionsförslag"/><SP WIDTH="15" VPOS="563" HPOS="596"/>
							<String ID="string_32" HPOS="611" VPOS="564" WIDTH="27" HEIGHT="27" WC="0.96" CONTENT="gå"/><SP WIDTH="15" VPOS="564" HPOS="638"/>
							<String ID="string_33" HPOS="653" VPOS="564" WIDTH="106" HEIGHT="22" WC="0.96" CONTENT="hvardera"/><SP WIDTH="14" VPOS="564" HPOS="759"/>
							<String ID="string_34" HPOS="773" VPOS="565" WIDTH="24" HEIGHT="20" WC="0.96" CONTENT="ut"/><SP WIDTH="14" VPOS="565" HPOS="797"/>
							<String ID="string_35" HPOS="811" VPOS="564" WIDTH="27" HEIGHT="27" WC="0.96" CONTENT="på"/><SP WIDTH="11" VPOS="564" HPOS="838"/>
							<String ID="string_36" HPOS="849" VPOS="566" WIDTH="32" HEIGHT="19" WC="0.93" CONTENT="att"/><SP WIDTH="10" VPOS="566" HPOS="881"/>
							<String ID="string_37" HPOS="891" VPOS="564" WIDTH="48" HEIGHT="21" WC="0.91" CONTENT="tek-"/>
						</TextLine>
						<TextLine ID="line_8" HPOS="178" VPOS="598" WIDTH="758" HEIGHT="28">
							<String ID="string_38" HPOS="178" VPOS="598" WIDTH="49" HEIGHT="20" WC="0.92" CONTENT="nisk"/><SP WIDTH="15" VPOS="598" HPOS="227"/>
							<String ID="string_39" HPOS="242" VPOS="598" WIDTH="160" HEIGHT="27" WC="0.96" CONTENT="undersökning"/><SP WIDTH="15" VPOS="598" HPOS="402"/>
							<String ID="string_40" HPOS="417" VPOS="598" WIDTH="68" HEIGHT="21" WC="0.96" CONTENT="måtte"/><SP WIDTH="15" VPOS="598" HPOS="485"/>
							<String ID="string_41" HPOS="500" VPOS="598" WIDTH="127" HEIGHT="21" WC="0.96" CONTENT="verkställas"/><SP WIDTH="16" VPOS="598" HPOS="627"/>
							<String ID="string_42" HPOS="643" VPOS="598" WIDTH="40" HEIGHT="22" WC="0.96" CONTENT="och"/><SP WIDTH="8" VPOS="598" HPOS="683"/>
							<String ID="string_43" HPOS="691" VPOS="598" WIDTH="184" HEIGHT="28" WC="0.93" CONTENT="kostnadsförslag"/><SP WIDTH="8" VPOS="598" HPOS="875"/>
							<String ID="string_44" HPOS="883" VPOS="604" WIDTH="53" HEIGHT="20" WC="0.92" CONTENT="upp-"/>
						</TextLine>
						<TextLine ID="line_9" HPOS="178" VPOS="631" WIDTH="760" HEIGHT="29">
							<String ID="string_45" HPOS="178" VPOS="634" WIDTH="63" HEIGHT="24" WC="0.96" CONTENT="göras"/><SP WIDTH="20" VPOS="634" HPOS="241"/>
							<String ID="string_46" HPOS="261" VPOS="631" WIDTH="34" HEIGHT="22" WC="0.93" CONTENT="för"/><SP WIDTH="15" VPOS="631" HPOS="295"/>
							<String ID="string_47" HPOS="310" VPOS="632" WIDTH="145" HEIGHT="28" WC="0.92" CONTENT="kanalisering"/><SP WIDTH="16" VPOS="632" HPOS="455"/>
							<String ID="string_48" HPOS="471" VPOS="632" WIDTH="24" HEIGHT="21" WC="0.96" CONTENT="af"/><SP WIDTH="12" VPOS="632" HPOS="495"/>
							<String ID="string_49" HPOS="507" VPOS="632" WIDTH="85" HEIGHT="27" WC="0.96" CONTENT="Kajana"/><SP WIDTH="14" VPOS="632" HPOS="592"/>
							<String ID="string_50" HPOS="606" VPOS="632" WIDTH="36" HEIGHT="27" WC="0.96" CONTENT="elf,"/><SP WIDTH="16" VPOS="632" HPOS="642"/>
							<String ID="string_51" HPOS="658" VPOS="632" WIDTH="139" HEIGHT="28" WC="0.95" CONTENT="hvarigenom"/><SP WIDTH="15" VPOS="632" HPOS="797"/>
							<String ID="string_52" HPOS="812" VPOS="632" WIDTH="66" HEIGHT="21" WC="0.93" CONTENT="sådan"/><SP WIDTH="15" VPOS="632" HPOS="878"/>
							<String ID="string_53" HPOS="893" VPOS="632" WIDTH="45" HEIGHT="21" WC="0.91" CONTENT="för-"/>
						</TextLine>
						<TextLine ID="line_10" HPOS="178" VPOS="666" WIDTH="757" HEIGHT="22">
							<String ID="string_54" HPOS="178" VPOS="666" WIDTH="98" HEIGHT="21" WC="0.79" CONTENT="bindelse"/><SP WIDTH="23" VPOS="666" HPOS="276"/>
							<String ID="string_55" HPOS="299" VPOS="667" WIDTH="79" HEIGHT="21" WC="0.93" CONTENT="mellan"/><SP WIDTH="15" VPOS="667" HPOS="378"/>
							<String ID="string_56" HPOS="393" VPOS="666" WIDTH="115" HEIGHT="22" WC="0.92" CONTENT="Uleäträsk"/><SP WIDTH="16" VPOS="666" HPOS="508"/>
							<String ID="string_57" HPOS="524" VPOS="667" WIDTH="13" HEIGHT="21" WC="0.93" CONTENT="&amp;"/><SP WIDTH="15" VPOS="667" HPOS="537"/>
							<String ID="string_58" HPOS="552" VPOS="673" WIDTH="40" HEIGHT="15" WC="0.96" CONTENT="ena"/><SP WIDTH="15" VPOS="673" HPOS="592"/>
							<String ID="string_59" HPOS="607" VPOS="668" WIDTH="56" HEIGHT="20" WC="0.96" CONTENT="samt"/><SP WIDTH="16" VPOS="668" HPOS="663"/>
							<String ID="string_60" HPOS="679" VPOS="667" WIDTH="102" HEIGHT="21" WC="0.96" CONTENT="Sotkamo"/><SP WIDTH="16" VPOS="667" HPOS="781"/>
							<String ID="string_61" HPOS="797" VPOS="666" WIDTH="39" HEIGHT="22" WC="0.95" CONTENT="och"/><SP WIDTH="15" VPOS="666" HPOS="836"/>
							<String ID="string_62" HPOS="851" VPOS="666" WIDTH="84" HEIGHT="22" WC="0.96" CONTENT="Kuhmo"/>
						</TextLine>
						<TextLine ID="line_11" HPOS="179" VPOS="700" WIDTH="760" HEIGHT="28">
							<String ID="string_63" HPOS="179" VPOS="700" WIDTH="56" HEIGHT="27" WC="0.89" CONTENT="sjöar"/><SP WIDTH="15" VPOS="700" HPOS="235"/>
							<String ID="string_64" HPOS="250" VPOS="700" WIDTH="13" HEIGHT="21" WC="0.91" CONTENT="&amp;"/><SP WIDTH="16" VPOS="700" HPOS="263"/>
							<String ID="string_65" HPOS="279" VPOS="701" WIDTH="67" HEIGHT="21" WC="0.96" CONTENT="andra"/><SP WIDTH="15" VPOS="701" HPOS="346"/>
							<String ID="string_66" HPOS="361" VPOS="701" WIDTH="61" HEIGHT="21" WC="0.96" CONTENT="sidan"/><SP WIDTH="16" VPOS="701" HPOS="422"/>
							<String ID="string_67" HPOS="438" VPOS="701" WIDTH="69" HEIGHT="21" WC="0.93" CONTENT="skulle"/><SP WIDTH="14" VPOS="701" HPOS="507"/>
							<String ID="string_68" HPOS="521" VPOS="701" WIDTH="97" HEIGHT="27" WC="0.92" CONTENT="beredas,"/><SP WIDTH="16" VPOS="701" HPOS="618"/>
							<String ID="string_69" HPOS="634" VPOS="703" WIDTH="32" HEIGHT="19" WC="0.96" CONTENT="att"/><SP WIDTH="16" VPOS="703" HPOS="666"/>
							<String ID="string_70" HPOS="682" VPOS="702" WIDTH="26" HEIGHT="20" WC="0.93" CONTENT="de"/><SP WIDTH="16" VPOS="702" HPOS="708"/>
							<String ID="string_71" HPOS="724" VPOS="701" WIDTH="105" HEIGHT="27" WC="0.93" CONTENT="ängbätar"/><SP WIDTH="8" VPOS="701" HPOS="829"/>
							<String ID="string_72" HPOS="837" VPOS="701" WIDTH="39" HEIGHT="21" WC="0.93" CONTENT="och"/><SP WIDTH="9" VPOS="701" HPOS="876"/>
							<String ID="string_73" HPOS="885" VPOS="701" WIDTH="54" HEIGHT="21" WC="0.91" CONTENT="last-"/>
						</TextLine>
						<TextLine ID="line_12" HPOS="178" VPOS="734" WIDTH="759" HEIGHT="28">
							<String ID="string_74" HPOS="178" VPOS="734" WIDTH="93" HEIGHT="27" WC="0.87" CONTENT="prämar,"/><SP WIDTH="18" VPOS="734" HPOS="271"/>
							<String ID="string_75" HPOS="289" VPOS="741" WIDTH="45" HEIGHT="15" WC="0.96" CONTENT="som"/><SP WIDTH="15" VPOS="741" HPOS="334"/>
							<String ID="string_76" HPOS="349" VPOS="735" WIDTH="67" HEIGHT="21" WC="0.96" CONTENT="redan"/><SP WIDTH="16" VPOS="735" HPOS="416"/>
							<String ID="string_77" HPOS="432" VPOS="742" WIDTH="29" HEIGHT="14" WC="0.93" CONTENT="nu"/><SP WIDTH="15" VPOS="742" HPOS="461"/>
							<String ID="string_78" HPOS="476" VPOS="734" WIDTH="102" HEIGHT="22" WC="0.92" CONTENT="trafikera"/><SP WIDTH="16" VPOS="734" HPOS="578"/>
							<String ID="string_79" HPOS="594" VPOS="736" WIDTH="62" HEIGHT="21" WC="0.93" CONTENT="dessa"/><SP WIDTH="16" VPOS="736" HPOS="656"/>
							<String ID="string_80" HPOS="672" VPOS="736" WIDTH="62" HEIGHT="26" WC="0.92" CONTENT="sjöar,"/><SP WIDTH="17" VPOS="736" HPOS="734"/>
							<String ID="string_81" HPOS="751" VPOS="735" WIDTH="70" HEIGHT="21" WC="0.93" CONTENT="kunde"/><SP WIDTH="11" VPOS="735" HPOS="821"/>
							<String ID="string_82" HPOS="832" VPOS="735" WIDTH="105" HEIGHT="21" WC="0.92" CONTENT="förmedla"/>
						</TextLine>
						<TextLine ID="line_13" HPOS="178" VPOS="769" WIDTH="458" HEIGHT="27">
							<String ID="string_83" HPOS="178" VPOS="774" WIDTH="26" HEIGHT="15" WC="0.93" CONTENT="en"/><SP WIDTH="15" VPOS="774" HPOS="204"/>
							<String ID="string_84" HPOS="219" VPOS="769" WIDTH="160" HEIGHT="27" WC="0.93" CONTENT="genomgäende"/><SP WIDTH="16" VPOS="769" HPOS="379"/>
							<String ID="string_85" HPOS="395" VPOS="769" WIDTH="63" HEIGHT="21" WC="0.92" CONTENT="trafik"/><SP WIDTH="16" VPOS="769" HPOS="458"/>
							<String ID="string_86" HPOS="474" VPOS="770" WIDTH="49" HEIGHT="20" WC="0.93" CONTENT="dem"/><SP WIDTH="15" VPOS="770" HPOS="523"/>
							<String ID="string_87" HPOS="538" VPOS="770" WIDTH="98" HEIGHT="21" WC="0.92" CONTENT="emellan."/>
						</TextLine>
					</TextBlock>
					<TextBlock ID="block_5" HPOS="179" VPOS="803" WIDTH="761" HEIGHT="61">
						<TextLine ID="line_14" HPOS="247" VPOS="803" WIDTH="693" HEIGHT="28">
							<String ID="string_88" HPOS="247" VPOS="803" WIDTH="11" HEIGHT="21" WC="0.96" CONTENT="I"/><SP WIDTH="23" VPOS="803" HPOS="258"/>
							<String ID="string_89" HPOS="281" VPOS="803" WIDTH="70" HEIGHT="21" WC="0.93" CONTENT="denna"/><SP WIDTH="22" VPOS="803" HPOS="351"/>
							<String ID="string_90" HPOS="373" VPOS="803" WIDTH="67" HEIGHT="27" WC="0.95" CONTENT="fråga,"/><SP WIDTH="24" VPOS="803" HPOS="440"/>
							<String ID="string_91" HPOS="464" VPOS="810" WIDTH="45" HEIGHT="15" WC="0.95" CONTENT="som"/><SP WIDTH="23" VPOS="810" HPOS="509"/>
							<String ID="string_92" HPOS="532" VPOS="806" WIDTH="24" HEIGHT="18" WC="0.94" CONTENT="är"/><SP WIDTH="19" VPOS="806" HPOS="556"/>
							<String ID="string_93" HPOS="575" VPOS="804" WIDTH="88" HEIGHT="21" WC="0.96" CONTENT="alldeles"/><SP WIDTH="16" VPOS="804" HPOS="663"/>
							<String ID="string_94" HPOS="679" VPOS="810" WIDTH="34" HEIGHT="21" WC="0.93" CONTENT="ny,"/><SP WIDTH="16" VPOS="810" HPOS="713"/>
							<String ID="string_95" HPOS="729" VPOS="803" WIDTH="66" HEIGHT="22" WC="0.96" CONTENT="hafva"/><SP WIDTH="14" VPOS="803" HPOS="795"/>
							<String ID="string_96" HPOS="809" VPOS="804" WIDTH="47" HEIGHT="21" WC="0.96" CONTENT="icke"/><SP WIDTH="15" VPOS="804" HPOS="856"/>
							<String ID="string_97" HPOS="871" VPOS="804" WIDTH="69" HEIGHT="26" WC="0.96" CONTENT="några"/>
						</TextLine>
						<TextLine ID="line_15" HPOS="179" VPOS="836" WIDTH="443" HEIGHT="28">
							<String ID="string_98" HPOS="179" VPOS="836" WIDTH="128" HEIGHT="28" WC="0.92" CONTENT="handlingar"/><SP WIDTH="16" VPOS="836" HPOS="307"/>
							<String ID="string_99" HPOS="323" VPOS="838" WIDTH="54" HEIGHT="20" WC="0.92" CONTENT="stätt"/><SP WIDTH="14" VPOS="838" HPOS="377"/>
							<String ID="string_100" HPOS="391" VPOS="838" WIDTH="106" HEIGHT="21" WC="0.93" CONTENT="utskottet"/><SP WIDTH="15" VPOS="838" HPOS="497"/>
							<String ID="string_101" HPOS="512" VPOS="838" WIDTH="34" HEIGHT="21" WC="0.93" CONTENT="till"/><SP WIDTH="15" VPOS="838" HPOS="546"/>
							<String ID="string_102" HPOS="561" VPOS="838" WIDTH="61" HEIGHT="21" WC="0.93" CONTENT="buds."/>
						</TextLine>
					</TextBlock>
					<TextBlock ID="block_6" HPOS="177" VPOS="871" WIDTH="763" HEIGHT="261">
						<TextLine ID="line_16" HPOS="248" VPOS="871" WIDTH="692" HEIGHT="27">
							<String ID="string_103" HPOS="248" VPOS="871" WIDTH="31" HEIGHT="21" WC="0.91" CONTENT="Pä"/><SP WIDTH="16" VPOS="871" HPOS="279"/>
							<String ID="string_104" HPOS="295" VPOS="872" WIDTH="26" HEIGHT="20" WC="0.96" CONTENT="de"/><SP WIDTH="15" VPOS="872" HPOS="321"/>
							<String ID="string_105" HPOS="336" VPOS="872" WIDTH="99" HEIGHT="26" WC="0.96" CONTENT="grunder,"/><SP WIDTH="17" VPOS="872" HPOS="435"/>
							<String ID="string_106" HPOS="452" VPOS="878" WIDTH="45" HEIGHT="15" WC="0.96" CONTENT="som"/><SP WIDTH="16" VPOS="878" HPOS="497"/>
							<String ID="string_107" HPOS="513" VPOS="872" WIDTH="7" HEIGHT="20" WC="0.93" CONTENT="i"/><SP WIDTH="15" VPOS="872" HPOS="520"/>
							<String ID="string_108" HPOS="535" VPOS="872" WIDTH="244" HEIGHT="26" WC="0.91" CONTENT="petitionsmemorialen"/><SP WIDTH="16" VPOS="872" HPOS="779"/>
							<String ID="string_109" HPOS="795" VPOS="872" WIDTH="92" HEIGHT="25" WC="0.92" CONTENT="anföras,"/><SP WIDTH="11" VPOS="872" HPOS="887"/>
							<String ID="string_110" HPOS="898" VPOS="872" WIDTH="42" HEIGHT="21" WC="0.94" CONTENT="har"/>
						</TextLine>
						<TextLine ID="line_17" HPOS="178" VPOS="906" WIDTH="758" HEIGHT="28">
							<String ID="string_111" HPOS="178" VPOS="906" WIDTH="107" HEIGHT="20" WC="0.89" CONTENT="utskottet"/><SP WIDTH="16" VPOS="906" HPOS="285"/>
							<String ID="string_112" HPOS="301" VPOS="906" WIDTH="54" HEIGHT="21" WC="0.96" CONTENT="dock"/><SP WIDTH="16" VPOS="906" HPOS="355"/>
							<String ID="string_113" HPOS="371" VPOS="908" WIDTH="51" HEIGHT="19" WC="0.93" CONTENT="utan"/><SP WIDTH="16" VPOS="908" HPOS="422"/>
							<String ID="string_114" HPOS="438" VPOS="906" WIDTH="247" HEIGHT="28" WC="0.92" CONTENT="meningsskiljaktighet"/><SP WIDTH="16" VPOS="906" HPOS="685"/>
							<String ID="string_115" HPOS="701" VPOS="906" WIDTH="85" HEIGHT="21" WC="0.96" CONTENT="förenat"/><SP WIDTH="15" VPOS="906" HPOS="786"/>
							<String ID="string_116" HPOS="801" VPOS="906" WIDTH="32" HEIGHT="27" WC="0.96" CONTENT="sig"/><SP WIDTH="15" VPOS="906" HPOS="833"/>
							<String ID="string_117" HPOS="848" VPOS="912" WIDTH="34" HEIGHT="15" WC="0.96" CONTENT="om"/><SP WIDTH="14" VPOS="912" HPOS="882"/>
							<String ID="string_118" HPOS="896" VPOS="906" WIDTH="40" HEIGHT="21" WC="0.96" CONTENT="den"/>
						</TextLine>
						<TextLine ID="line_18" HPOS="178" VPOS="939" WIDTH="761" HEIGHT="28">
							<String ID="string_119" HPOS="178" VPOS="939" WIDTH="91" HEIGHT="28" WC="0.92" CONTENT="äsigten,"/><SP WIDTH="21" VPOS="939" HPOS="269"/>
							<String ID="string_120" HPOS="290" VPOS="942" WIDTH="33" HEIGHT="19" WC="0.96" CONTENT="att"/><SP WIDTH="15" VPOS="942" HPOS="323"/>
							<String ID="string_121" HPOS="338" VPOS="947" WIDTH="27" HEIGHT="14" WC="0.96" CONTENT="en"/><SP WIDTH="15" VPOS="947" HPOS="365"/>
							<String ID="string_122" HPOS="380" VPOS="940" WIDTH="115" HEIGHT="27" WC="0.96" CONTENT="utredning"/><SP WIDTH="15" VPOS="940" HPOS="495"/>
							<String ID="string_123" HPOS="510" VPOS="947" WIDTH="34" HEIGHT="15" WC="0.93" CONTENT="om"/><SP WIDTH="16" VPOS="947" HPOS="544"/>
							<String ID="string_124" HPOS="560" VPOS="940" WIDTH="101" HEIGHT="22" WC="0.91" CONTENT="behofvet"/><SP WIDTH="15" VPOS="940" HPOS="661"/>
							<String ID="string_125" HPOS="676" VPOS="940" WIDTH="24" HEIGHT="22" WC="0.96" CONTENT="af"/><SP WIDTH="15" VPOS="940" HPOS="700"/>
							<String ID="string_126" HPOS="715" VPOS="947" WIDTH="25" HEIGHT="14" WC="0.93" CONTENT="en"/><SP WIDTH="16" VPOS="947" HPOS="740"/>
							<String ID="string_127" HPOS="756" VPOS="940" WIDTH="144" HEIGHT="27" WC="0.93" CONTENT="kanalisering"/><SP WIDTH="15" VPOS="940" HPOS="900"/>
							<String ID="string_128" HPOS="915" VPOS="940" WIDTH="24" HEIGHT="21" WC="0.96" CONTENT="af"/>
						</TextLine>
						<TextLine ID="line_19" HPOS="177" VPOS="973" WIDTH="760" HEIGHT="29">
							<String ID="string_129" HPOS="177" VPOS="973" WIDTH="85" HEIGHT="28" WC="0.96" CONTENT="Kajana"/><SP WIDTH="16" VPOS="973" HPOS="262"/>
							<String ID="string_130" HPOS="278" VPOS="974" WIDTH="31" HEIGHT="21" WC="0.96" CONTENT="elf"/><SP WIDTH="14" VPOS="974" HPOS="309"/>
							<String ID="string_131" HPOS="323" VPOS="974" WIDTH="34" HEIGHT="21" WC="0.97" CONTENT="för"/><SP WIDTH="15" VPOS="974" HPOS="357"/>
							<String ID="string_132" HPOS="372" VPOS="975" WIDTH="67" HEIGHT="21" WC="0.93" CONTENT="andra"/><SP WIDTH="15" VPOS="975" HPOS="439"/>
							<String ID="string_133" HPOS="454" VPOS="975" WIDTH="106" HEIGHT="21" WC="0.96" CONTENT="farkoster"/><SP WIDTH="16" VPOS="975" HPOS="560"/>
							<String ID="string_134" HPOS="576" VPOS="977" WIDTH="27" HEIGHT="19" WC="0.93" CONTENT="än"/><SP WIDTH="16" VPOS="977" HPOS="603"/>
							<String ID="string_135" HPOS="619" VPOS="975" WIDTH="104" HEIGHT="27" WC="0.45" CONTENT="tjärbätar"/><SP WIDTH="16" VPOS="975" HPOS="723"/>
							<String ID="string_136" HPOS="739" VPOS="981" WIDTH="51" HEIGHT="15" WC="0.93" CONTENT="vore"/><SP WIDTH="15" VPOS="981" HPOS="790"/>
							<String ID="string_137" HPOS="805" VPOS="975" WIDTH="84" HEIGHT="27" WC="0.92" CONTENT="önsklig"/><SP WIDTH="8" VPOS="975" HPOS="889"/>
							<String ID="string_138" HPOS="897" VPOS="975" WIDTH="40" HEIGHT="21" WC="0.97" CONTENT="och"/>
						</TextLine>
						<TextLine ID="line_20" HPOS="178" VPOS="1009" WIDTH="759" HEIGHT="28">
							<String ID="string_139" HPOS="178" VPOS="1010" WIDTH="33" HEIGHT="19" WC="0.94" CONTENT="att"/><SP WIDTH="22" VPOS="1010" HPOS="211"/>
							<String ID="string_140" HPOS="233" VPOS="1015" WIDTH="27" HEIGHT="14" WC="0.95" CONTENT="en"/><SP WIDTH="22" VPOS="1015" HPOS="260"/>
							<String ID="string_141" HPOS="282" VPOS="1009" WIDTH="28" HEIGHT="26" WC="0.96" CONTENT="pä"/><SP WIDTH="15" VPOS="1009" HPOS="310"/>
							<String ID="string_142" HPOS="325" VPOS="1009" WIDTH="87" HEIGHT="21" WC="0.96" CONTENT="teknisk"/><SP WIDTH="15" VPOS="1009" HPOS="412"/>
							<String ID="string_143" HPOS="427" VPOS="1009" WIDTH="160" HEIGHT="28" WC="0.96" CONTENT="undersökning"/><SP WIDTH="15" VPOS="1009" HPOS="587"/>
							<String ID="string_144" HPOS="602" VPOS="1009" WIDTH="97" HEIGHT="28" WC="0.93" CONTENT="grundad"/><SP WIDTH="16" VPOS="1009" HPOS="699"/>
							<String ID="string_145" HPOS="715" VPOS="1009" WIDTH="222" HEIGHT="27" WC="0.91" CONTENT="kostnadsberäkning"/>
						</TextLine>
						<TextLine ID="line_21" HPOS="178" VPOS="1042" WIDTH="760" HEIGHT="29">
							<String ID="string_146" HPOS="178" VPOS="1042" WIDTH="24" HEIGHT="21" WC="0.96" CONTENT="af"/><SP WIDTH="21" VPOS="1042" HPOS="202"/>
							<String ID="string_147" HPOS="223" VPOS="1043" WIDTH="60" HEIGHT="21" WC="0.93" CONTENT="detta"/><SP WIDTH="22" VPOS="1043" HPOS="283"/>
							<String ID="string_148" HPOS="305" VPOS="1043" WIDTH="239" HEIGHT="28" WC="0.24" CONTENT="kanaliseringsarbete,"/><SP WIDTH="18" VPOS="1043" HPOS="544"/>
							<String ID="string_149" HPOS="562" VPOS="1043" WIDTH="67" HEIGHT="22" WC="0.93" CONTENT="måtte"/><SP WIDTH="23" VPOS="1043" HPOS="629"/>
							<String ID="string_150" HPOS="652" VPOS="1045" WIDTH="114" HEIGHT="26" WC="0.89" CONTENT="uppgöras,"/><SP WIDTH="24" VPOS="1045" HPOS="766"/>
							<String ID="string_151" HPOS="790" VPOS="1043" WIDTH="23" HEIGHT="21" WC="0.96" CONTENT="sä"/><SP WIDTH="15" VPOS="1043" HPOS="813"/>
							<String ID="string_152" HPOS="828" VPOS="1045" WIDTH="32" HEIGHT="19" WC="0.93" CONTENT="att"/><SP WIDTH="15" VPOS="1045" HPOS="860"/>
							<String ID="string_153" HPOS="875" VPOS="1043" WIDTH="63" HEIGHT="22" WC="0.93" CONTENT="Stän-"/>
						</TextLine>
						<TextLine ID="line_22" HPOS="178" VPOS="1077" WIDTH="760" HEIGHT="22">
							<String ID="string_154" HPOS="178" VPOS="1077" WIDTH="67" HEIGHT="20" WC="0.88" CONTENT="derna"/><SP WIDTH="14" VPOS="1077" HPOS="245"/>
							<String ID="string_155" HPOS="259" VPOS="1077" WIDTH="73" HEIGHT="21" WC="0.93" CONTENT="kunde"/><SP WIDTH="16" VPOS="1077" HPOS="332"/>
							<String ID="string_156" HPOS="348" VPOS="1079" WIDTH="67" HEIGHT="20" WC="0.93" CONTENT="sättas"/><SP WIDTH="16" VPOS="1079" HPOS="415"/>
							<String ID="string_157" HPOS="431" VPOS="1077" WIDTH="7" HEIGHT="21" WC="0.92" CONTENT="i"/><SP WIDTH="15" VPOS="1077" HPOS="438"/>
							<String ID="string_158" HPOS="453" VPOS="1077" WIDTH="86" HEIGHT="22" WC="0.92" CONTENT="tillfälle"/><SP WIDTH="15" VPOS="1077" HPOS="539"/>
							<String ID="string_159" HPOS="554" VPOS="1079" WIDTH="33" HEIGHT="20" WC="0.96" CONTENT="att"/><SP WIDTH="15" VPOS="1079" HPOS="587"/>
							<String ID="string_160" HPOS="602" VPOS="1077" WIDTH="56" HEIGHT="22" WC="0.96" CONTENT="fatta"/><SP WIDTH="15" VPOS="1077" HPOS="658"/>
							<String ID="string_161" HPOS="673" VPOS="1077" WIDTH="72" HEIGHT="22" WC="0.96" CONTENT="beslut"/><SP WIDTH="15" VPOS="1077" HPOS="745"/>
							<String ID="string_162" HPOS="760" VPOS="1083" WIDTH="34" HEIGHT="16" WC="0.93" CONTENT="om"/><SP WIDTH="9" VPOS="1083" HPOS="794"/>
							<String ID="string_163" HPOS="803" VPOS="1077" WIDTH="93" HEIGHT="22" WC="0.92" CONTENT="arbetets"/><SP WIDTH="8" VPOS="1077" HPOS="896"/>
							<String ID="string_164" HPOS="904" VPOS="1079" WIDTH="34" HEIGHT="20" WC="0.93" CONTENT="ut-"/>
						</TextLine>
						<TextLine ID="line_23" HPOS="178" VPOS="1110" WIDTH="97" HEIGHT="22">
							<String ID="string_165" HPOS="178" VPOS="1110" WIDTH="97" HEIGHT="22" WC="0.92" CONTENT="förande."/>
						</TextLine>
					</TextBlock>
					<TextBlock ID="block_7" HPOS="177" VPOS="1145" WIDTH="762" HEIGHT="159">
						<TextLine ID="line_24" HPOS="248" VPOS="1145" WIDTH="690" HEIGHT="28">
							<String ID="string_166" HPOS="248" VPOS="1145" WIDTH="114" HEIGHT="22" WC="0.91" CONTENT="Utskottet"/><SP WIDTH="22" VPOS="1145" HPOS="362"/>
							<String ID="string_167" HPOS="384" VPOS="1145" WIDTH="39" HEIGHT="22" WC="0.95" CONTENT="har"/><SP WIDTH="23" VPOS="1145" HPOS="423"/>
							<String ID="string_168" HPOS="446" VPOS="1146" WIDTH="23" HEIGHT="21" WC="0.95" CONTENT="sä"/><SP WIDTH="22" VPOS="1146" HPOS="469"/>
							<String ID="string_169" HPOS="491" VPOS="1146" WIDTH="85" HEIGHT="27" WC="0.93" CONTENT="mycket"/><SP WIDTH="21" VPOS="1146" HPOS="576"/>
							<String ID="string_170" HPOS="597" VPOS="1146" WIDTH="68" HEIGHT="21" WC="0.92" CONTENT="hellre"/><SP WIDTH="22" VPOS="1146" HPOS="665"/>
							<String ID="string_171" HPOS="687" VPOS="1147" WIDTH="55" HEIGHT="20" WC="0.93" CONTENT="trott"/><SP WIDTH="23" VPOS="1147" HPOS="742"/>
							<String ID="string_172" HPOS="765" VPOS="1145" WIDTH="32" HEIGHT="28" WC="0.96" CONTENT="sig"/><SP WIDTH="14" VPOS="1145" HPOS="797"/>
							<String ID="string_173" HPOS="811" VPOS="1146" WIDTH="72" HEIGHT="21" WC="0.96" CONTENT="kunna"/><SP WIDTH="15" VPOS="1146" HPOS="883"/>
							<String ID="string_174" HPOS="898" VPOS="1146" WIDTH="40" HEIGHT="21" WC="0.96" CONTENT="hos"/>
						</TextLine>
						<TextLine ID="line_25" HPOS="178" VPOS="1179" WIDTH="760" HEIGHT="28">
							<String ID="string_175" HPOS="178" VPOS="1180" WIDTH="120" HEIGHT="21" WC="0.91" CONTENT="Ständerna"/><SP WIDTH="16" VPOS="1180" HPOS="298"/>
							<String ID="string_176" HPOS="314" VPOS="1180" WIDTH="88" HEIGHT="21" WC="0.92" CONTENT="förorda"/><SP WIDTH="15" VPOS="1180" HPOS="402"/>
							<String ID="string_177" HPOS="417" VPOS="1180" WIDTH="40" HEIGHT="21" WC="0.93" CONTENT="den"/><SP WIDTH="15" VPOS="1180" HPOS="457"/>
							<String ID="string_178" HPOS="472" VPOS="1180" WIDTH="165" HEIGHT="27" WC="0.92" CONTENT="hufvudsakliga"/><SP WIDTH="15" VPOS="1180" HPOS="637"/>
							<String ID="string_179" HPOS="652" VPOS="1180" WIDTH="102" HEIGHT="21" WC="0.92" CONTENT="anhällan"/><SP WIDTH="15" VPOS="1180" HPOS="754"/>
							<String ID="string_180" HPOS="769" VPOS="1179" WIDTH="8" HEIGHT="21" WC="0.93" CONTENT="i"/><SP WIDTH="15" VPOS="1179" HPOS="777"/>
							<String ID="string_181" HPOS="792" VPOS="1179" WIDTH="146" HEIGHT="28" WC="0.92" CONTENT="petitionsför-"/>
						</TextLine>
						<TextLine ID="line_26" HPOS="178" VPOS="1213" WIDTH="761" HEIGHT="28">
							<String ID="string_182" HPOS="178" VPOS="1215" WIDTH="80" HEIGHT="26" WC="0.96" CONTENT="slagen,"/><SP WIDTH="26" VPOS="1215" HPOS="258"/>
							<String ID="string_183" HPOS="284" VPOS="1221" WIDTH="45" HEIGHT="15" WC="0.96" CONTENT="som"/><SP WIDTH="24" VPOS="1221" HPOS="329"/>
							<String ID="string_184" HPOS="353" VPOS="1214" WIDTH="37" HEIGHT="21" WC="0.96" CONTENT="det"/><SP WIDTH="22" VPOS="1214" HPOS="390"/>
							<String ID="string_185" HPOS="412" VPOS="1214" WIDTH="7" HEIGHT="21" WC="0.96" CONTENT="i"/><SP WIDTH="22" VPOS="1214" HPOS="419"/>
							<String ID="string_186" HPOS="441" VPOS="1215" WIDTH="64" HEIGHT="26" WC="0.93" CONTENT="ingen"/><SP WIDTH="15" VPOS="1215" HPOS="505"/>
							<String ID="string_187" HPOS="520" VPOS="1214" WIDTH="102" HEIGHT="21" WC="0.96" CONTENT="händelse"/><SP WIDTH="15" VPOS="1214" HPOS="622"/>
							<String ID="string_188" HPOS="637" VPOS="1215" WIDTH="42" HEIGHT="21" WC="0.93" CONTENT="kan"/><SP WIDTH="16" VPOS="1215" HPOS="679"/>
							<String ID="string_189" HPOS="695" VPOS="1213" WIDTH="112" HEIGHT="22" WC="0.96" CONTENT="föranleda"/><SP WIDTH="15" VPOS="1213" HPOS="807"/>
							<String ID="string_190" HPOS="822" VPOS="1214" WIDTH="33" HEIGHT="21" WC="0.93" CONTENT="till"/><SP WIDTH="15" VPOS="1214" HPOS="855"/>
							<String ID="string_191" HPOS="870" VPOS="1214" WIDTH="69" HEIGHT="27" WC="0.96" CONTENT="några"/>
						</TextLine>
						<TextLine ID="line_27" HPOS="177" VPOS="1247" WIDTH="760" HEIGHT="28">
							<String ID="string_192" HPOS="177" VPOS="1249" WIDTH="134" HEIGHT="21" WC="0.92" CONTENT="nämnvärda"/><SP WIDTH="18" VPOS="1249" HPOS="311"/>
							<String ID="string_193" HPOS="329" VPOS="1249" WIDTH="124" HEIGHT="26" WC="0.96" CONTENT="kostnader,"/><SP WIDTH="17" VPOS="1249" HPOS="453"/>
							<String ID="string_194" HPOS="470" VPOS="1249" WIDTH="39" HEIGHT="21" WC="0.93" CONTENT="och"/><SP WIDTH="15" VPOS="1249" HPOS="509"/>
							<String ID="string_195" HPOS="524" VPOS="1249" WIDTH="34" HEIGHT="21" WC="0.92" CONTENT="fär"/><SP WIDTH="14" VPOS="1249" HPOS="558"/>
							<String ID="string_196" HPOS="572" VPOS="1249" WIDTH="106" HEIGHT="22" WC="0.93" CONTENT="utskottet"/><SP WIDTH="16" VPOS="1249" HPOS="678"/>
							<String ID="string_197" HPOS="694" VPOS="1248" WIDTH="86" HEIGHT="21" WC="0.93" CONTENT="derföre"/><SP WIDTH="8" VPOS="1248" HPOS="780"/>
							<String ID="string_198" HPOS="788" VPOS="1249" WIDTH="108" HEIGHT="21" WC="0.93" CONTENT="vördsamt"/><SP WIDTH="9" VPOS="1249" HPOS="896"/>
							<String ID="string_199" HPOS="905" VPOS="1247" WIDTH="32" HEIGHT="22" WC="0.92" CONTENT="fö-"/>
						</TextLine>
						<TextLine ID="line_28" HPOS="178" VPOS="1283" WIDTH="67" HEIGHT="21">
							<String ID="string_200" HPOS="178" VPOS="1283" WIDTH="67" HEIGHT="21" WC="0.91" CONTENT="reslä:"/>
						</TextLine>
					</TextBlock>
				</ComposedBlock>
				<ComposedBlock ID="cblock_5" HPOS="247" VPOS="1345" WIDTH="693" HEIGHT="131">
					<TextBlock ID="block_8" HPOS="386" VPOS="1345" WIDTH="551" HEIGHT="27">
						<TextLine ID="line_29" HPOS="386" VPOS="1345" WIDTH="551" HEIGHT="27">
							<String ID="string_201" HPOS="386" VPOS="1349" WIDTH="34" HEIGHT="17" WC="0.93" CONTENT="att"/><SP WIDTH="8" VPOS="1349" HPOS="420"/>
							<String ID="string_202" HPOS="428" VPOS="1346" WIDTH="124" HEIGHT="20" WC="0.92" CONTENT="Ständerna"/><SP WIDTH="8" VPOS="1346" HPOS="552"/>
							<String ID="string_203" HPOS="560" VPOS="1345" WIDTH="50" HEIGHT="21" WC="0.92" CONTENT="ville"/><SP WIDTH="6" VPOS="1345" HPOS="610"/>
							<String ID="string_204" HPOS="616" VPOS="1346" WIDTH="38" HEIGHT="20" WC="0.96" CONTENT="hos"/><SP WIDTH="8" VPOS="1346" HPOS="654"/>
							<String ID="string_205" HPOS="662" VPOS="1345" WIDTH="66" HEIGHT="21" WC="0.93" CONTENT="Hans"/><SP WIDTH="8" VPOS="1345" HPOS="728"/>
							<String ID="string_206" HPOS="736" VPOS="1345" WIDTH="124" HEIGHT="27" WC="0.90" CONTENT="Kejserliga"/><SP WIDTH="7" VPOS="1345" HPOS="860"/>
							<String ID="string_207" HPOS="867" VPOS="1345" WIDTH="70" HEIGHT="27" WC="0.92" CONTENT="Maje-"/>
						</TextLine>
					</TextBlock>
					<TextBlock ID="block_9" HPOS="316" VPOS="1379" WIDTH="624" HEIGHT="29">
						<TextLine ID="line_30" HPOS="316" VPOS="1379" WIDTH="624" HEIGHT="29">
							<String ID="string_208" HPOS="316" VPOS="1381" WIDTH="45" HEIGHT="19" WC="0.81" CONTENT="stät"/><SP WIDTH="7" VPOS="1381" HPOS="361"/>
							<String ID="string_209" HPOS="368" VPOS="1380" WIDTH="9" HEIGHT="21" WC="0.91" CONTENT="i"/><SP WIDTH="6" VPOS="1380" HPOS="377"/>
							<String ID="string_210" HPOS="383" VPOS="1380" WIDTH="171" HEIGHT="27" WC="0.88" CONTENT="underdänighei"/><SP WIDTH="7" VPOS="1380" HPOS="554"/>
							<String ID="string_211" HPOS="561" VPOS="1380" WIDTH="96" HEIGHT="25" WC="0.88" CONTENT="anhälla,"/><SP WIDTH="7" VPOS="1380" HPOS="657"/>
							<String ID="string_212" HPOS="664" VPOS="1380" WIDTH="21" HEIGHT="28" WC="0.72" CONTENT="ej"/><SP WIDTH="7" VPOS="1380" HPOS="685"/>
							<String ID="string_213" HPOS="692" VPOS="1380" WIDTH="85" HEIGHT="20" WC="0.95" CONTENT="mindre"/><SP WIDTH="8" VPOS="1380" HPOS="777"/>
							<String ID="string_214" HPOS="785" VPOS="1382" WIDTH="32" HEIGHT="18" WC="0.91" CONTENT="ätt"/><SP WIDTH="7" VPOS="1382" HPOS="817"/>
							<String ID="string_215" HPOS="824" VPOS="1379" WIDTH="116" HEIGHT="27" WC="0.83" CONTENT="utredning"/>
						</TextLine>
					</TextBlock>
					<TextBlock ID="block_10" HPOS="247" VPOS="1413" WIDTH="690" HEIGHT="63">
						<TextLine ID="line_31" HPOS="317" VPOS="1413" WIDTH="620" HEIGHT="30">
							<String ID="string_216" HPOS="317" VPOS="1415" WIDTH="66" HEIGHT="20" WC="0.87" CONTENT="måtte"/><SP WIDTH="23" VPOS="1415" HPOS="383"/>
							<String ID="string_217" HPOS="406" VPOS="1415" WIDTH="162" HEIGHT="27" WC="0.20" CONTENT="Gvägabringas"/><SP WIDTH="22" VPOS="1415" HPOS="568"/>
							<String ID="string_218" HPOS="590" VPOS="1422" WIDTH="33" HEIGHT="13" WC="0.93" CONTENT="om"/><SP WIDTH="19" VPOS="1422" HPOS="623"/>
							<String ID="string_219" HPOS="642" VPOS="1414" WIDTH="98" HEIGHT="29" WC="0.88" CONTENT="behofvet"/><SP WIDTH="15" VPOS="1414" HPOS="740"/>
							<String ID="string_220" HPOS="755" VPOS="1414" WIDTH="29" HEIGHT="27" WC="0.95" CONTENT="af"/><SP WIDTH="11" VPOS="1414" HPOS="784"/>
							<String ID="string_221" HPOS="795" VPOS="1420" WIDTH="24" HEIGHT="14" WC="0.93" CONTENT="en"/><SP WIDTH="14" VPOS="1420" HPOS="819"/>
							<String ID="string_222" HPOS="833" VPOS="1413" WIDTH="104" HEIGHT="21" WC="0.92" CONTENT="kanalise-"/>
						</TextLine>
						<TextLine ID="line_32" HPOS="247" VPOS="1453" WIDTH="400" HEIGHT="23">
							<String ID="string_223" HPOS="247" VPOS="1453" WIDTH="193" HEIGHT="23" WC="0.91" CONTENT="Jernvägsutskottets"/><SP WIDTH="14" VPOS="1453" HPOS="440"/>
							<String ID="string_224" HPOS="454" VPOS="1453" WIDTH="115" HEIGHT="19" WC="0.91" CONTENT="betänkande"/><SP WIDTH="13" VPOS="1453" HPOS="569"/>
							<String ID="string_225" HPOS="582" VPOS="1454" WIDTH="35" HEIGHT="18" WC="0.96" CONTENT="N:o"/><SP WIDTH="13" VPOS="1454" HPOS="617"/>
							<String ID="string_226" HPOS="630" VPOS="1454" WIDTH="17" HEIGHT="17" WC="0.96" CONTENT="3."/>
						</TextLine>
					</TextBlock>
				</ComposedBlock>
			</PrintSpace>
		</Page>
	</Layout>
</alto>
