1048 1731
273 131 273 23 Petitionsbetänkande
562 131 39 22 N:o
616 132 33 21 27.
779 133 26 21 13

143 190 80 27 Äfven
238 195 83 28 frågan
338 201 37 14 om
390 194 76 21 finska
481 193 275 22 fruntimmersskolans
748 186 11 42 i
767 195 67 21 Tam-

78 229 98 22 merfors
201 228 167 29 öfvertagande
391 228 27 21 af
438 230 77 19 staten
538 235 42 14 var
602 228 75 21 under
697 228 81 22 debatt
793 229 41 21 vid

75 263 141 30 föregående
235 263 162 22 ständermöte.
427 262 46 21 Det
488 262 212 29 petitionsförslag,
717 269 49 14 som
781 263 53 21 här-

75 305 38 16 om
135 298 78 28 ingafs
235 297 9 22 i
259 296 205 29 Borgareståndet,
481 296 173 21 understöddes
670 296 25 21 af
708 297 125 22 Allmänna

75 331 222 26 Besvärsutskottet,
317 338 53 14 men
391 330 82 21 förföll
488 337 85 22 genom
589 330 184 29 Ridderskapets
789 331 45 22 och

76 366 89 22 Adelns
188 368 59 19 samt
267 365 199 28 Borgareståndet
482 365 130 28 afböjande
627 365 82 21 beslut.
741 365 92 22 Samma

76 400 88 28 förslag
188 400 37 21 till
246 400 99 28 petition
362 399 41 21 har
419 406 32 14 nu
467 399 62 28 ånyo
544 399 118 28 ingifvits,
678 399 77 22 denna
769 400 64 27 gång

76 435 60 21 dock
151 434 52 21 med
218 434 39 21 det
272 433 84 28 tillägg
371 435 40 25 att,
428 440 37 14 om
481 433 78 21 denna
574 433 100 28 petition
689 433 52 22 icke
750 434 83 21 vinner

75 468 76 27 bifall,
182 468 81 21 skolan
286 468 72 21 måtte
383 467 99 28 beviljas
506 469 36 19 ett
564 467 72 28 årligt
658 468 127 21 understöd
807 468 27 21 af

77 504 13 21 9
106 503 13 21 å
136 503 76 25 10,000
227 502 45 22 mk.
303 502 36 21 Då
338 497 15 37 i
368 501 66 28 fråga
444 501 104 22 varande
559 501 93 29 privata
662 501 171 23 fruntimmers-

76 537 71 28 skola,
164 544 49 14 som
228 540 55 25 äger
299 538 34 19 ett
348 536 90 28 ganska
453 536 121 28 betydligt
589 536 122 28 elevantal,
727 537 54 21 från
796 537 36 21 in-

77 571 131 22 stundande
227 571 52 21 höst
294 570 104 22 kommer
413 573 35 18 att
463 570 111 28 utvidgas
590 570 38 21 till
643 572 34 20 ett
691 571 142 29 sexklassigt

76 606 112 27 läroverk,
212 606 46 20 kan
274 604 45 22 den
335 611 92 21 samma,
443 605 26 21 så
484 604 73 22 framt
572 604 83 22 sådant
669 605 96 28 pröfvas
781 605 51 21 skä-

77 640 50 28 ligt,
143 640 75 28 enligt
233 639 108 28 gällande
359 638 195 29 subventionslag
570 639 27 21 af
611 639 45 21 den
673 640 24 21 11
709 640 123 21 december

76 674 54 22 1884
146 674 91 21 komma
252 674 8 20 i
276 673 139 29 åtnjutande
431 673 28 21 af
471 673 50 29 just
537 673 41 21 det
595 674 89 28 belopp,
697 674 78 26 10,000
785 674 46 26 mk,

75 708 92 21 hvilket
182 708 182 28 petitionärerne
381 707 79 21 anfört
476 708 76 21 såsom
568 708 40 20 det
623 708 37 21 för
675 708 93 21 skolans
776 708 56 21 bud-

74 744 41 26 get
130 742 87 28 nödiga
232 741 173 29 statsbidraget.
435 741 82 22 Under
533 742 85 21 sådant
633 742 147 21 förhållande
789 742 43 22 har

76 776 116 22 utskottet
206 776 36 21 för
258 776 36 21 sin
310 776 37 21 del
363 778 80 19 ansett
459 776 40 21 det
515 776 141 21 framstälda
670 776 116 28 yrkandet
801 777 30 28 på

75 810 94 22 skolans
192 810 166 28 öfvertagande
382 810 26 21 af
429 812 78 19 staten
530 810 80 22 kunna
633 810 87 22 lemnas
743 810 88 22 derhän

75 844 44 22 och
141 844 80 28 likaså,
243 847 34 19 att
293 846 34 20 ett
343 844 111 22 särskildt
469 844 124 22 uttalande
609 844 8 22 i
632 845 160 28 petitionsväg
808 846 25 20 af

75 879 91 21 landets
183 879 100 21 Ständer
298 886 36 14 om
351 878 95 22 skolans
463 878 210 29 subventionering
688 886 55 14 vore
754 879 77 21 öfver-

74 913 90 28 flödigt.

144 953 91 22 Samma
251 953 50 21 skäl
317 953 41 21 har
366 953 117 21 utskottet
490 955 60 19 utan
557 953 274 29 meningsskiljaktighet

76 989 76 20 ansett
167 987 131 28 fullgiltiga
313 987 38 21 för
367 987 76 28 afslag
459 988 13 20 å
487 987 235 28 petitionsförslagen
737 995 37 14 om
789 988 42 21 Jo-

76 1029 74 14 ensuu
165 1021 92 29 privata
272 1021 241 22 fruntimmersskolas
529 1021 168 29 öfvertagande
713 1022 27 21 af
747 1024 83 19 staten.

142 1067 34 22 Pä
196 1067 77 29 grund
289 1067 26 22 af
328 1067 71 22 ofvan
415 1067 100 22 anförda
531 1067 52 22 skäl
598 1068 37 21 fär
650 1068 77 21 derför
742 1068 89 21 utskot-

74 1103 34 20 tet
123 1101 118 22 vördsamt
256 1101 96 22 föreslä:

280 1161 34 20 att
335 1159 84 22 landets
442 1160 114 28 Nhöglofliga
580 1160 95 22 Ständer
689 1161 49 21 ville
753 1161 76 26 förena

212 1199 31 28 sig
266 1206 33 15 om
323 1206 27 15 en
365 1200 141 28 underdänig
517 1201 95 26 petition
628 1201 89 26 derhän,
734 1203 33 20 att
781 1200 50 28 Sty-

210 1239 70 22 relsen
295 1239 50 22 ville
361 1239 128 29 tillräckligt
503 1240 167 22 subventionera
687 1241 41 21 den
740 1241 90 28 privata

211 1279 70 26 finska
305 1279 233 28 fruntimmersskolan
554 1281 8 20 i
577 1275 46 26 Åbo
638 1281 42 26 och,
697 1281 8 21 i
720 1282 43 21 den
778 1281 51 22 män

211 1320 41 21 den
275 1327 83 14 samma
378 1320 59 21 visar
452 1321 31 27 sig
499 1320 57 28 fylla
572 1322 30 20 ett
616 1321 148 28 välgrundadt
779 1321 52 21 bild-

211 1359 134 29 mingsbehof,
362 1361 51 27 taga
427 1361 74 21 under
506 1360 110 29 pröfming
624 1361 46 22 dess
678 1361 153 28 öfvertagande

213 1399 28 27 af
251 1401 78 24 staten,

142 1456 98 18 Allmänna
252 1456 175 18 Besvärsutskottets
439 1457 111 18 betänkande
563 1458 33 17 N:o
609 1458 31 17 22.
