1048 1731
267 129 208 24 Petitionsbetänkände
492 130 32 23 N:o
533 129 34 24 49.
777 131 12 21 3

61 195 119 20 åtminstone
196 194 107 24 någonting
319 193 90 24 tillgöras
424 193 31 20 för
471 195 30 18 att
518 194 64 19 rädda
604 194 24 19 de
651 193 68 20 fallna.
751 193 67 20 Straff-

61 224 75 24 pligten
152 226 23 17 är
190 223 70 19 endast
275 228 23 13 en
315 222 44 19 sida
374 221 21 20 af
409 222 113 19 samhällets
538 221 114 26 skyldighet
661 224 41 17 mot
713 223 43 19 sina
765 223 54 18 med-

62 253 93 22 lemmar;
179 252 37 19 den
239 251 63 20 andra
326 251 55 19 sidan
405 253 22 17 är
443 253 30 17 att
495 250 99 20 förbättra
616 251 37 19 och
671 253 95 22 upprätta
782 251 39 19 den

62 281 100 20 straffade.
193 279 42 20 Den
251 285 26 14 nu
299 280 75 19 inemot
395 279 128 24 genomförda
546 279 189 24 fängelsereformen
758 280 37 19 har
813 280 7 18 i

63 310 45 19 vida
123 309 61 24 högre
199 309 50 25 grad
265 311 24 16 än
304 307 43 20 förr
361 308 121 24 möjliggjort
497 308 65 19 denna
576 308 51 25 pligt
642 310 99 21 gentemot
752 310 67 22 egent-

63 339 40 24 liga
117 337 140 24 brottslingar;
272 343 43 13 men
332 339 52 17 ännu
399 337 36 19 har
450 337 101 24 ingenting
567 337 53 19 skett
635 336 31 20 för
676 339 31 17 att
716 337 105 20 återställa

64 367 108 19 drinkaren
188 366 20 19 åt
223 365 108 20 samhället.
363 365 30 20 Då
409 365 149 24 lagstiftningen
574 368 22 17 är
611 365 106 23 bristfällig
735 366 36 19 och
787 366 33 23 lag

64 395 119 25 skipningen
199 395 44 18 icke
258 396 33 17 vet
306 393 21 20 af
341 394 140 25 dryckenskap
491 394 65 19 såsom
572 396 30 17 ett
611 394 102 24 brottsligt
723 394 98 25 tillstånd,

64 424 30 19 får
109 429 45 14 man
169 423 44 20 icke
237 423 84 19 förvåna
341 423 30 24 sig
393 422 56 20 öfver
472 423 65 19 denna
559 423 66 24 lucka,
650 429 29 12 om
703 429 44 13 man
763 422 57 20 äfven

66 453 62 19 måste
144 452 57 24 djupt
216 451 85 24 beklaga
315 451 45 20 den.

133 481 41 19 För
188 483 29 16 att
231 480 138 20 åstadkomma
384 480 83 24 ändring
482 479 22 20 af
517 481 56 18 detta
588 479 178 24 missförhällande,
790 485 31 14 er-

65 510 78 20 fordras
159 511 30 18 att
204 510 82 24 angripa
302 510 33 18 det
351 509 52 19 ända
418 510 32 18 vid
466 511 64 18 roten.
561 509 43 19 Den
626 509 113 24 grundsats,
761 509 62 24 enligt

66 538 81 20 hvilken
163 540 29 17 ett
206 544 33 13 rus
255 538 94 24 stämplas
365 538 65 19 såsom
446 538 108 22 straffbart,
574 538 36 19 bör
625 538 44 19 icke
692 537 129 25 tillspillogif-

67 573 40 14 vas.
138 566 47 20 Men
201 569 52 17 ännu
268 567 46 19 vida
329 567 95 23 vigtigare
441 569 22 17 är
478 569 29 17 att
523 567 65 19 vända
604 567 43 19 sina
667 566 92 24 åtgärder
781 568 42 17 mot

66 596 35 19 det
116 596 89 18 tillstånd
220 595 35 19 hos
275 596 36 18 den
336 595 88 24 skyldige
451 596 36 19 och
511 596 49 19 söka
582 595 83 19 inverka
687 595 68 25 derpä
787 595 36 19 Ett

70 624 142 24 lagstadgande
227 624 126 24 hvarigenom
370 630 23 13 en
408 624 80 20 inrotad
504 624 94 20 drinkarc
614 624 111 19 oberoende
748 624 21 19 af
790 624 34 18 nä-

69 659 38 19 gon
123 652 96 20 särskildt
233 658 69 18 genom
317 652 71 20 honom
399 653 148 19 åstadkommen
557 652 109 24 förargelse
681 652 64 20 skulle
756 653 67 19 dömas

68 682 30 19 till
113 681 196 24 förbättringsansalt
331 682 64 18 skulle
418 681 146 25 otvifvelaktigt
579 682 61 18 redan
655 687 69 18 genom
741 682 34 18 det
789 681 35 19 hot

68 711 34 19 det
117 710 83 20 innebär
215 710 60 20 verka
290 710 79 24 mycket
384 710 113 26 helsosamt,
522 709 128 21 hvarförutan
673 710 38 19 den
733 710 90 19 fördelen

67 739 45 19 icke
128 739 39 19 kan
182 737 32 21 för
230 738 57 25 ringa
301 738 124 25 uppskattas,
434 742 29 16 att
479 739 69 19 säkert
563 745 24 13 en
603 739 87 24 betydlig
705 741 84 22 procent
804 738 21 20 af

69 768 23 18 de
109 768 6 18 i
131 773 24 14 en
171 768 61 19 sådan
248 768 75 19 anstalt
339 768 87 24 intagna,
443 774 30 13 om
492 768 74 19 vården
587 768 35 18 der
645 773 46 14 vore
714 767 111 20 ändamåls-

69 796 62 24 enligt
146 796 109 25 anordnad,
271 796 102 20 sannolikt
388 796 67 21 kunde
470 796 107 20 utskrifvas
593 796 64 20 såsom
672 796 81 20 botade.

137 824 41 20 För
193 825 106 19 vinnandet
313 824 22 20 af
349 825 34 19 det
398 825 38 19 mål
452 826 81 18 härmed
552 824 76 26 åsyftas
650 824 100 20 erfordras
773 824 51 20 såle-

70 854 35 18 des
121 858 66 15 annan
203 854 74 24 lydelse
293 853 21 20 af
327 854 119 19 hithörande
461 854 116 24 paragrafer
592 856 25 17 än
633 854 38 19 den
686 859 41 14 som
746 854 57 23 ingår
818 854 6 18 i

70 882 38 19 den
124 882 125 24 proposition
272 882 30 19 till
319 882 96 24 strafflag,
438 888 42 14 som
502 882 65 20 blifvit
583 883 65 19 denna
663 882 94 24 landtdag
773 882 52 19 före-

70 911 54 23 lagd,
139 913 90 17 närmare
245 911 146 24 bestämningar
407 917 30 13 om
453 912 56 19 hvem
526 917 40 14 som
582 912 37 18 bör
634 911 64 19 såsom
716 910 109 20 förhärdad

71 940 94 19 drinkare
181 945 64 18 anses,
261 942 50 17 samt
326 940 50 19 huru
391 940 38 19 mål
445 940 21 20 af
486 941 65 19 denna
573 943 31 17 art
626 940 49 19 böra
697 939 128 24 handläggas,

71 968 81 19 hvartill
166 968 116 24 ytterligare
298 969 88 19 kommer
402 971 39 17 stat
456 969 37 20 och
509 969 162 24 ordningsreglor
689 968 31 20 för
742 974 24 13 en
791 974 34 13 an-

72 997 54 26 stalt,
143 997 30 19 dit
188 997 129 24 brottslingar
332 997 89 20 hörande
436 998 32 19 till
484 998 65 19 denna
564 998 90 24 kategori
670 997 65 19 kunde
747 997 78 19 sändas.

141 1025 28 20 På
184 1026 6 18 i
207 1026 33 19 det
255 1025 120 25 föregående
390 1026 84 20 anförda
489 1027 87 24 grunder
591 1027 60 23 vågar
671 1026 33 24 jag
727 1026 100 19 vördsamt

72 1053 74 20 föreslå
161 1056 30 17 att
207 1054 110 24 Höglofliga
332 1055 149 24 Ridderskapet
496 1055 37 20 och
555 1055 65 19 Adeln
642 1055 46 19 ville
711 1054 69 19 förena
799 1054 29 23 sig

74 1082 46 19 med
134 1083 40 24 mig
189 1083 6 18 i
211 1089 24 13 en
250 1083 123 24 underdånig
388 1084 85 24 petition
489 1089 30 14 om
535 1086 30 17 att
580 1084 54 19 Hans
650 1083 112 24 Kejserliga
784 1082 43 20 Ma-

74 1111 62 24 jestät
151 1111 100 24 behagade
267 1111 40 20 låta
325 1112 92 19 utarbeta
438 1112 31 20 för
489 1115 30 18 att
541 1113 83 19 härnäst
646 1111 182 20 sammanträdande

75 1140 83 19 ständer
173 1140 110 24 föreläggas
298 1141 127 24 proposition
440 1141 31 19 till

279 1191 25 14 en
326 1185 139 28 fullständig
489 1186 36 27 lag
550 1187 43 18 mot
618 1184 156 28 dryckenskap,
800 1184 30 20 då

212 1213 41 20 den
269 1216 86 18 urartat
371 1214 35 21 till
421 1216 28 19 ett
461 1215 33 26 på
517 1213 139 22 menniskans
675 1213 92 28 fysiska
789 1219 41 14 na-

213 1244 36 18 tur
264 1241 103 22 beroende
381 1243 93 28 sjukligt
496 1243 108 25 tillstånd,
621 1242 39 21 och
682 1249 33 14 om
737 1243 94 26 upprät-

211 1271 65 20 tande
299 1271 31 28 af
349 1279 26 13 en
394 1271 237 28 förbättringsanstalt
650 1271 43 28 för
718 1271 112 25 drinkare,

212 1299 73 21 hvilka
301 1300 71 27 blifva
387 1301 80 20 dömda
483 1303 32 18 att
530 1301 74 27 någon
620 1300 32 21 tid
667 1301 14 19 å
703 1300 72 21 sådan
791 1306 40 14 an-

212 1329 51 20 stalt
281 1329 85 20 vårdas.
731 1328 3 3 |

149 1375 125 25 Helsingfors
289 1376 38 20 den
343 1376 27 20 28
386 1377 83 19 Januari
486 1376 62 21 1888.

597 1432 56 22 AAA.
671 1431 88 23 Branfelt.

146 1470 102 18 Allmänna
262 1471 189 19 Besvärsutskottets
464 1472 120 18 betänkande
596 1471 36 19 N;o
640 1471 28 18 37.
