1048 1731
292 152 209 23 Petitionsbetänkande
517 153 34 22 N:o
567 152 35 23 46.
783 155 13 20 5

66 215 57 22 blott
145 216 7 21 i
175 215 82 22 fackets
275 216 112 27 praktiska
402 216 65 26 delar,
484 218 52 19 utan
552 216 65 21 ocksä
632 216 7 21 i
655 217 26 20 de
696 217 128 26 vetenskap-

67 249 44 28 liga
130 250 120 27 grunderna
264 250 33 21 för
313 250 125 26 detsamma,
454 250 62 21 torde
532 250 7 21 i
554 250 118 21 allmänhet
687 251 48 20 icke
749 251 74 20 kunna

67 283 107 22 förnekas.
204 284 75 22 Sävidt
301 285 112 21 Utskottet
428 285 83 21 kunnat
525 285 97 21 inhemta
636 284 103 22 omfattar
754 285 69 21 öfver-

67 318 38 21 allt
128 318 7 21 i
157 319 96 21 utlandet
276 319 63 21 äfven
353 318 236 28 forstundervisningen
604 319 110 27 grundligt
729 319 95 21 studium

66 352 7 21 i
89 353 26 20 de
130 353 146 27 vetenskaper,
293 353 63 27 fysik,
371 353 64 27 kemi,
451 353 127 22 matematik
593 360 28 14 m.
636 353 28 26 fi.,
681 353 74 21 hvilka
764 353 59 21 inom

66 386 205 23 forstmannafacket
285 387 87 22 komma
387 387 34 22 till
436 387 143 28 tillämpning.
605 387 46 22 Hos
666 393 35 15 oss
717 389 24 19 är
756 387 65 21 emel-

66 421 65 21 lertid
150 421 59 22 detta
223 421 48 22 icke
285 421 122 27 händelsen,
424 423 53 20 utan
492 423 24 19 är
532 421 40 21 den
588 421 142 27 nyssberörda
744 421 78 27 princi-

66 461 41 20 pen
128 456 132 27 väsentligen
283 455 109 22 förbisedd
413 456 29 27 pä
464 455 247 28 forstundervisningens
726 455 94 22 omräde.

65 489 183 22 Forstinstitutets
263 490 149 28 ursprungliga
427 489 225 28 organisations-plan,
670 489 100 23 faststäld
777 495 45 15 me-

66 524 45 21 dels
126 524 127 27 kungörelse
268 524 24 21 af
305 525 40 21 den
362 525 25 21 15
403 524 62 28 April
481 525 56 21 1859
553 524 133 22 innefattade
696 524 126 27 visserligen

66 560 31 19 ett
118 558 156 22 vidsträcktare
290 558 92 22 studium
398 558 23 22 af
434 559 144 21 nästnämnda
593 559 147 26 vetenskaper.
771 558 50 21 Med

66 592 100 21 afseende
188 592 13 21 ä
223 592 118 22 institutets
356 593 33 21 för
404 593 60 21 tiden
479 593 63 27 ringa
558 593 105 21 elevanta]
679 593 40 21 och
734 592 24 21 af
771 593 51 21 eko-

65 626 99 22 nomiska
186 626 46 22 skäl
254 627 139 21 förändrades
415 628 127 26 emellertid,
565 634 77 21 genom
657 627 128 27 kungörelse
800 626 24 21 af

66 660 40 22 den
122 662 12 19 2
150 660 43 28 Maj
211 663 60 25 1874,
280 662 240 27 undervisningsplanen
536 662 88 26 derhän,
635 663 33 19 att
678 662 26 20 de
713 661 109 21 allmänna

64 695 162 27 vetenskapliga
248 696 109 21 studierna
379 696 95 21 derifrän
496 696 112 21 uteslötos.
638 696 92 21 Fackets
748 697 73 19 veten-

65 728 98 28 skapliga
178 729 59 21 delar
251 730 106 21 inhemtas
371 730 90 22 sälunda
476 736 90 15 numera
574 730 24 21 af
604 730 26 21 de
638 729 109 22 blifvande
755 729 65 21 forst-

64 765 92 19 männen
171 764 75 21 endast
260 764 7 20 i
283 764 134 28 synnerligen
432 764 141 28 kompendiös
589 764 55 21 form
655 764 40 21 och
705 764 7 20 i
721 764 41 21 den
770 770 50 14 mon

65 797 26 21 de
120 798 178 27 oundgängligast
323 799 49 21 med
399 798 221 22 forstmannaständet
646 798 174 27 sammanhänga.

64 831 40 22 Att
123 832 60 21 detta
201 832 134 22 förhällande
350 835 24 19 är
389 833 79 27 egnadt
483 835 32 19 att
531 832 83 28 ingifva
628 832 104 28 alvarliga
747 832 72 21 farhä-

64 872 39 20 gor
123 865 34 21 för
179 866 50 21 vära
251 866 114 22 forstmäns
388 867 183 27 fackkompetens,
588 867 61 21 torde
664 866 47 21 icke
727 866 93 21 behöfva

64 902 98 19 närmare
176 900 103 28 utläggas,
296 901 39 21 och
351 902 83 20 bevisas
450 902 109 20 dessutom
575 901 63 21 äfven
652 901 48 21 frän
710 900 111 22 fackman-

63 934 72 21 nahäll
157 940 76 21 genom
255 936 26 21 de
303 936 176 27 hemställningar
502 942 35 15 om
560 935 160 27 studieplanens
735 934 85 28 utvidg-

63 969 51 27 ning
128 969 7 20 i
151 969 156 28 vetenskapligt
322 970 61 27 syfte,
400 976 46 15 som
461 969 24 22 af
499 970 120 21 institutets
629 969 110 21 lärarekär
749 969 68 27 gjorts

63 1002 39 21 hos
117 1003 139 27 Regeringen,
272 1010 55 20 men,
343 1004 108 21 sannolikt
466 1004 28 27 på
509 1004 141 21 ekonomiska
660 1004 99 27 grunder,
770 1003 48 21 icke

64 1037 74 21 vunnit
152 1037 133 22 densammas
301 1039 163 26 godkännande.

131 1071 77 22 Kunde
227 1078 28 15 nu
269 1079 77 20 genom
359 1072 245 27 forstundervisningens
620 1071 149 22 öfverförande
784 1071 35 21 till

62 1105 150 27 polytekniska
226 1106 107 21 institutet
348 1113 26 14 en
389 1107 90 27 gedigen
494 1107 149 27 vetenskaplig
652 1105 168 28 underbyggnad

62 1139 34 21 för
117 1139 51 22 vära
187 1139 103 22 forstmän
306 1141 106 21 anordnas
428 1141 93 26 säkrare,
538 1143 27 19 än
580 1141 57 21 hvad
652 1141 36 21 vid
703 1141 36 21 det
753 1147 66 14 nuva-

62 1174 66 21 rande
142 1174 108 21 institutet
265 1175 114 27 lämpligen
395 1175 43 21 läte
454 1175 33 27 sig
501 1177 59 25 göra,
572 1176 49 21 med
632 1175 84 21 mindre
726 1175 92 21 kostnad

62 1210 27 19 än
112 1208 66 21 sädan
200 1209 118 27 anordning
333 1209 37 21 vid
385 1209 65 22 Evois
465 1209 87 22 institut
566 1210 86 21 komme
668 1211 31 20 att
714 1209 104 26 medföra,

62 1242 39 21 och
116 1244 52 19 utan
183 1249 47 14 men
246 1243 33 21 för
294 1243 157 22 forstmännens
466 1244 113 27 praktiska
589 1244 128 27 utbildning,
726 1249 46 16 som
782 1243 36 22 vid

60 1277 66 20 Evois
140 1277 7 20 i
164 1276 154 29 öfvervägande
333 1278 53 27 grad
401 1278 107 27 beaktats,
526 1279 28 20 dä
568 1285 52 15 vore
634 1278 125 27 pätagligen
775 1277 44 22 för-

60 1311 69 27 slaget
144 1317 34 15 om
194 1311 69 22 denna
277 1311 134 28 förflyttning
422 1312 87 27 förtjent
520 1312 25 21 af
554 1313 127 27 obetingadt
692 1312 124 21 understöd.

129 1345 42 22 För
194 1346 112 27 utredning
325 1346 25 21 af
368 1347 62 21 dessa
450 1347 71 27 fräger
541 1347 39 21 har
596 1347 112 21 Utskottet
723 1347 49 20 sökt
787 1346 31 21 in-

59 1380 73 21 hemta
154 1380 99 27 yttrande
276 1381 23 21 af
321 1380 110 28 fackmän;
447 1382 39 21 och
502 1381 40 21 har
556 1388 78 20 genom
650 1382 61 20 deras
727 1381 92 27 benäget

60 1414 98 21 lemnade
173 1414 125 22 utlåtanden
314 1414 115 28 framgått:

129 1448 254 28 Forstundervisningens
405 1449 151 22 öfverförande
571 1450 34 21 till
620 1450 151 27 polytekniska
785 1449 32 21 in-

128 1487 103 18 Allmänna
242 1488 189 18 Besvärsutskottets
444 1488 121 18 betänkande
574 1489 36 17 N:o
623 1489 27 17 35.
