<?xml version="1.0" encoding="UTF-8"?>
<alto xmlns="http://www.loc.gov/standards/alto/ns-v3#" xmlns:xlink="http://www.w3.org/1999/xlink" xmlns:xsi="http://www.w3.org/2001/XMLSchema-instance" xsi:schemaLocation="http://www.loc.gov/standards/alto/ns-v3# http://www.loc.gov/alto/v3/alto-3-0.xsd">
	<Description>
		<MeasurementUnit>pixel</MeasurementUnit>
		<sourceImageInformation>
			<fileName>/tmp/tess_ufswgsbt_input.PNG</fileName>
		</sourceImageInformation>
		<OCRProcessing ID="OCR_0">
			<ocrProcessingStep>
				<processingSoftware>
					<softwareName>tesseract 5.3.4</softwareName>
				</processingSoftware>
			</ocrProcessingStep>
		</OCRProcessing>
	</Description>
	<Layout>
		<Page WIDTH="1048" HEIGHT="1731" PHYSICAL_IMG_NR="0" ID="page_0">
			<PrintSpace HPOS="0" VPOS="0" WIDTH="1048" HEIGHT="1731">
				<ComposedBlock ID="cblock_0" HPOS="317" VPOS="136" WIDTH="506" HEIGHT="23">
					<TextBlock ID="block_0" HPOS="317" VPOS="136" WIDTH="506" HEIGHT="23">
						<TextLine ID="line_0" HPOS="317" VPOS="136" WIDTH="506" HEIGHT="23">
							<String ID="string_0" HPOS="317" VPOS="136" WIDTH="227" HEIGHT="22" WC="0.91" CONTENT="Petitionsbetänkande"/><SP WIDTH="17" VPOS="136" HPOS="544"/>
							<String ID="string_1" HPOS="561" VPOS="137" WIDTH="35" HEIGHT="22" WC="0.95" CONTENT="N:o"/><SP WIDTH="11" VPOS="137" HPOS="596"/>
							<String ID="string_2" HPOS="607" VPOS="137" WIDTH="35" HEIGHT="21" WC="0.96" CONTENT="24."/><SP WIDTH="169" VPOS="137" HPOS="642"/>
							<String ID="string_3" HPOS="811" VPOS="137" WIDTH="12" HEIGHT="19" WC="0.96" CONTENT="5"/>
						</TextLine>
					</TextBlock>
				</ComposedBlock>
				<ComposedBlock ID="cblock_1" HPOS="96" VPOS="198" WIDTH="765" HEIGHT="1265">
					<TextBlock ID="block_1" HPOS="96" VPOS="198" WIDTH="758" HEIGHT="476">
						<TextLine ID="line_1" HPOS="165" VPOS="198" WIDTH="687" HEIGHT="22">
							<String ID="string_4" HPOS="165" VPOS="199" WIDTH="70" HEIGHT="21" WC="0.92" CONTENT="Detta"/><SP WIDTH="24" VPOS="199" HPOS="235"/>
							<String ID="string_5" HPOS="259" VPOS="198" WIDTH="142" HEIGHT="22" WC="0.91" CONTENT="Ständernas"/><SP WIDTH="24" VPOS="198" HPOS="401"/>
							<String ID="string_6" HPOS="425" VPOS="199" WIDTH="121" HEIGHT="21" WC="0.96" CONTENT="uttalande"/><SP WIDTH="24" VPOS="199" HPOS="546"/>
							<String ID="string_7" HPOS="570" VPOS="206" WIDTH="59" HEIGHT="13" WC="0.96" CONTENT="vann"/><SP WIDTH="17" VPOS="206" HPOS="629"/>
							<String ID="string_8" HPOS="646" VPOS="198" WIDTH="130" HEIGHT="21" WC="0.95" CONTENT="emellertid"/><SP WIDTH="24" VPOS="198" HPOS="776"/>
							<String ID="string_9" HPOS="800" VPOS="198" WIDTH="52" HEIGHT="21" WC="0.95" CONTENT="icke"/>
						</TextLine>
						<TextLine ID="line_2" HPOS="96" VPOS="232" WIDTH="755" HEIGHT="30">
							<String ID="string_10" HPOS="96" VPOS="233" WIDTH="159" HEIGHT="29" WC="0.96" CONTENT="Regeringens"/><SP WIDTH="17" VPOS="233" HPOS="255"/>
							<String ID="string_11" HPOS="272" VPOS="232" WIDTH="138" HEIGHT="23" WC="0.89" CONTENT="beaktande,"/><SP WIDTH="31" VPOS="232" HPOS="410"/>
							<String ID="string_12" HPOS="441" VPOS="233" WIDTH="11" HEIGHT="21" WC="0.90" CONTENT="I"/><SP WIDTH="11" VPOS="233" HPOS="452"/>
							<String ID="string_13" HPOS="463" VPOS="233" WIDTH="93" HEIGHT="28" WC="0.91" CONTENT="Nådiga"/><SP WIDTH="16" VPOS="233" HPOS="556"/>
							<String ID="string_14" HPOS="572" VPOS="233" WIDTH="92" HEIGHT="21" WC="0.90" CONTENT="brefvet"/><SP WIDTH="15" VPOS="233" HPOS="664"/>
							<String ID="string_15" HPOS="679" VPOS="233" WIDTH="24" HEIGHT="20" WC="0.93" CONTENT="af"/><SP WIDTH="7" VPOS="233" HPOS="703"/>
							<String ID="string_16" HPOS="710" VPOS="232" WIDTH="45" HEIGHT="21" WC="0.93" CONTENT="den"/><SP WIDTH="10" VPOS="232" HPOS="755"/>
							<String ID="string_17" HPOS="765" VPOS="233" WIDTH="26" HEIGHT="22" WC="0.93" CONTENT="10"/><SP WIDTH="8" VPOS="233" HPOS="791"/>
							<String ID="string_18" HPOS="799" VPOS="239" WIDTH="52" HEIGHT="14" WC="0.96" CONTENT="nov."/>
						</TextLine>
						<TextLine ID="line_3" HPOS="99" VPOS="265" WIDTH="753" HEIGHT="30">
							<String ID="string_19" HPOS="99" VPOS="269" WIDTH="54" HEIGHT="21" WC="0.95" CONTENT="1874"/><SP WIDTH="15" VPOS="269" HPOS="153"/>
							<String ID="string_20" HPOS="168" VPOS="267" WIDTH="38" HEIGHT="22" WC="0.93" CONTENT="till"/><SP WIDTH="18" VPOS="267" HPOS="206"/>
							<String ID="string_21" HPOS="224" VPOS="267" WIDTH="188" HEIGHT="28" WC="0.91" CONTENT="postdirektören"/><SP WIDTH="16" VPOS="267" HPOS="412"/>
							<String ID="string_22" HPOS="428" VPOS="267" WIDTH="142" HEIGHT="28" WC="0.91" CONTENT="framhålles,"/><SP WIDTH="17" VPOS="267" HPOS="570"/>
							<String ID="string_23" HPOS="587" VPOS="269" WIDTH="35" HEIGHT="19" WC="0.93" CONTENT="att"/><SP WIDTH="16" VPOS="269" HPOS="622"/>
							<String ID="string_24" HPOS="638" VPOS="267" WIDTH="141" HEIGHT="22" WC="0.91" CONTENT="Ständernas"/><SP WIDTH="15" VPOS="267" HPOS="779"/>
							<String ID="string_25" HPOS="794" VPOS="265" WIDTH="58" HEIGHT="30" WC="0.88" CONTENT="peti-"/>
						</TextLine>
						<TextLine ID="line_4" HPOS="98" VPOS="301" WIDTH="755" HEIGHT="29">
							<String ID="string_26" HPOS="98" VPOS="302" WIDTH="49" HEIGHT="21" WC="0.96" CONTENT="tion"/><SP WIDTH="19" VPOS="302" HPOS="147"/>
							<String ID="string_27" HPOS="166" VPOS="302" WIDTH="52" HEIGHT="21" WC="0.96" CONTENT="icke"/><SP WIDTH="15" VPOS="302" HPOS="218"/>
							<String ID="string_28" HPOS="233" VPOS="301" WIDTH="92" HEIGHT="22" WC="0.93" CONTENT="kunnat"/><SP WIDTH="14" VPOS="301" HPOS="325"/>
							<String ID="string_29" HPOS="339" VPOS="301" WIDTH="102" HEIGHT="29" WC="0.91" CONTENT="bifallas,"/><SP WIDTH="16" VPOS="301" HPOS="441"/>
							<String ID="string_30" HPOS="457" VPOS="301" WIDTH="99" HEIGHT="22" WC="0.96" CONTENT="emedan"/><SP WIDTH="15" VPOS="301" HPOS="556"/>
							<String ID="string_31" HPOS="571" VPOS="301" WIDTH="84" HEIGHT="22" WC="0.96" CONTENT="sådant"/><SP WIDTH="15" VPOS="301" HPOS="655"/>
							<String ID="string_32" HPOS="670" VPOS="301" WIDTH="59" HEIGHT="22" WC="0.91" CONTENT="hade"/><SP WIDTH="16" VPOS="301" HPOS="729"/>
							<String ID="string_33" HPOS="745" VPOS="301" WIDTH="108" HEIGHT="28" WC="0.91" CONTENT="tillskyn-"/>
						</TextLine>
						<TextLine ID="line_5" HPOS="98" VPOS="335" WIDTH="755" HEIGHT="30">
							<String ID="string_34" HPOS="98" VPOS="337" WIDTH="40" HEIGHT="21" WC="0.93" CONTENT="dat"/><SP WIDTH="23" VPOS="337" HPOS="138"/>
							<String ID="string_35" HPOS="161" VPOS="336" WIDTH="142" HEIGHT="21" WC="0.90" CONTENT="statsverket"/><SP WIDTH="23" VPOS="336" HPOS="303"/>
							<String ID="string_36" HPOS="326" VPOS="335" WIDTH="21" HEIGHT="29" WC="0.96" CONTENT="ej"/><SP WIDTH="20" VPOS="335" HPOS="347"/>
							<String ID="string_37" HPOS="367" VPOS="336" WIDTH="138" HEIGHT="29" WC="0.96" CONTENT="obetydliga"/><SP WIDTH="15" VPOS="336" HPOS="505"/>
							<String ID="string_38" HPOS="520" VPOS="336" WIDTH="133" HEIGHT="21" WC="0.96" CONTENT="kostnader."/><SP WIDTH="30" VPOS="336" HPOS="653"/>
							<String ID="string_39" HPOS="683" VPOS="335" WIDTH="67" HEIGHT="22" WC="0.93" CONTENT="Dock"/><SP WIDTH="16" VPOS="335" HPOS="750"/>
							<String ID="string_40" HPOS="766" VPOS="335" WIDTH="87" HEIGHT="22" WC="0.91" CONTENT="stäldes"/>
						</TextLine>
						<TextLine ID="line_6" HPOS="97" VPOS="369" WIDTH="756" HEIGHT="30">
							<String ID="string_41" HPOS="97" VPOS="371" WIDTH="110" HEIGHT="28" WC="0.96" CONTENT="beloppet"/><SP WIDTH="22" VPOS="371" HPOS="207"/>
							<String ID="string_42" HPOS="229" VPOS="371" WIDTH="26" HEIGHT="20" WC="0.96" CONTENT="af"/><SP WIDTH="21" VPOS="371" HPOS="255"/>
							<String ID="string_43" HPOS="276" VPOS="370" WIDTH="65" HEIGHT="21" WC="0.96" CONTENT="detta"/><SP WIDTH="22" VPOS="370" HPOS="341"/>
							<String ID="string_44" HPOS="363" VPOS="371" WIDTH="86" HEIGHT="21" WC="0.96" CONTENT="arvode"/><SP WIDTH="21" VPOS="371" HPOS="449"/>
							<String ID="string_45" HPOS="470" VPOS="371" WIDTH="8" HEIGHT="20" WC="0.96" CONTENT="i"/><SP WIDTH="16" VPOS="371" HPOS="478"/>
							<String ID="string_46" HPOS="494" VPOS="374" WIDTH="106" HEIGHT="18" WC="0.92" CONTENT="närmare"/><SP WIDTH="15" VPOS="374" HPOS="600"/>
							<String ID="string_47" HPOS="615" VPOS="369" WIDTH="238" HEIGHT="22" WC="0.91" CONTENT="öfverensstämmelse"/>
						</TextLine>
						<TextLine ID="line_7" HPOS="98" VPOS="404" WIDTH="754" HEIGHT="29">
							<String ID="string_48" HPOS="98" VPOS="405" WIDTH="52" HEIGHT="21" WC="0.93" CONTENT="med"/><SP WIDTH="21" VPOS="405" HPOS="150"/>
							<String ID="string_49" HPOS="171" VPOS="405" WIDTH="162" HEIGHT="28" WC="0.93" CONTENT="tidningarnas"/><SP WIDTH="23" VPOS="405" HPOS="333"/>
							<String ID="string_50" HPOS="356" VPOS="405" WIDTH="170" HEIGHT="22" WC="0.91" CONTENT="nummerantal"/><SP WIDTH="22" VPOS="405" HPOS="526"/>
							<String ID="string_51" HPOS="548" VPOS="412" WIDTH="84" HEIGHT="21" WC="0.91" CONTENT="genom"/><SP WIDTH="22" VPOS="412" HPOS="632"/>
							<String ID="string_52" HPOS="654" VPOS="404" WIDTH="147" HEIGHT="29" WC="0.91" CONTENT="stadgandet,"/><SP WIDTH="20" VPOS="404" HPOS="801"/>
							<String ID="string_53" HPOS="821" VPOS="405" WIDTH="31" HEIGHT="19" WC="0.96" CONTENT="att"/>
						</TextLine>
						<TextLine ID="line_8" HPOS="98" VPOS="438" WIDTH="755" HEIGHT="29">
							<String ID="string_54" HPOS="98" VPOS="440" WIDTH="38" HEIGHT="21" WC="0.95" CONTENT="för"/><SP WIDTH="21" VPOS="440" HPOS="136"/>
							<String ID="string_55" HPOS="157" VPOS="439" WIDTH="52" HEIGHT="28" WC="0.94" CONTENT="alla,"/><SP WIDTH="22" VPOS="439" HPOS="209"/>
							<String ID="string_56" HPOS="231" VPOS="439" WIDTH="122" HEIGHT="22" WC="0.95" CONTENT="inhemska"/><SP WIDTH="22" VPOS="439" HPOS="353"/>
							<String ID="string_57" HPOS="375" VPOS="439" WIDTH="57" HEIGHT="22" WC="0.96" CONTENT="eller"/><SP WIDTH="22" VPOS="439" HPOS="432"/>
							<String ID="string_58" HPOS="454" VPOS="439" WIDTH="128" HEIGHT="22" WC="0.96" CONTENT="utländska"/><SP WIDTH="23" VPOS="439" HPOS="582"/>
							<String ID="string_59" HPOS="605" VPOS="439" WIDTH="121" HEIGHT="28" WC="0.95" CONTENT="tidningar"/><SP WIDTH="23" VPOS="439" HPOS="726"/>
							<String ID="string_60" HPOS="749" VPOS="439" WIDTH="43" HEIGHT="21" WC="0.92" CONTENT="och"/><SP WIDTH="16" VPOS="439" HPOS="792"/>
							<String ID="string_61" HPOS="808" VPOS="438" WIDTH="45" HEIGHT="21" WC="0.92" CONTENT="tid-"/>
						</TextLine>
						<TextLine ID="line_9" HPOS="99" VPOS="472" WIDTH="754" HEIGHT="31">
							<String ID="string_62" HPOS="99" VPOS="474" WIDTH="100" HEIGHT="27" WC="0.96" CONTENT="skrifter,"/><SP WIDTH="23" VPOS="474" HPOS="199"/>
							<String ID="string_63" HPOS="222" VPOS="473" WIDTH="80" HEIGHT="22" WC="0.96" CONTENT="hvilka"/><SP WIDTH="21" VPOS="473" HPOS="302"/>
							<String ID="string_64" HPOS="323" VPOS="481" WIDTH="85" HEIGHT="21" WC="0.95" CONTENT="genom"/><SP WIDTH="22" VPOS="481" HPOS="408"/>
							<String ID="string_65" HPOS="430" VPOS="474" WIDTH="137" HEIGHT="29" WC="0.92" CONTENT="postverket"/><SP WIDTH="21" VPOS="474" HPOS="567"/>
							<String ID="string_66" HPOS="588" VPOS="473" WIDTH="167" HEIGHT="28" WC="0.91" CONTENT="rekvirerades,"/><SP WIDTH="23" VPOS="473" HPOS="755"/>
							<String ID="string_67" HPOS="778" VPOS="472" WIDTH="75" HEIGHT="22" WC="0.96" CONTENT="skulle"/>
						</TextLine>
						<TextLine ID="line_10" HPOS="99" VPOS="508" WIDTH="754" HEIGHT="29">
							<String ID="string_68" HPOS="99" VPOS="508" WIDTH="8" HEIGHT="21" WC="0.92" CONTENT="i"/><SP WIDTH="22" VPOS="508" HPOS="107"/>
							<String ID="string_69" HPOS="129" VPOS="508" WIDTH="264" HEIGHT="28" WC="0.87" CONTENT="postförvaltarearvode"/><SP WIDTH="23" VPOS="508" HPOS="393"/>
							<String ID="string_70" HPOS="416" VPOS="509" WIDTH="107" HEIGHT="28" WC="0.96" CONTENT="erläggas"/><SP WIDTH="31" VPOS="509" HPOS="523"/>
							<String ID="string_71" HPOS="554" VPOS="516" WIDTH="29" HEIGHT="14" WC="0.96" CONTENT="en"/><SP WIDTH="21" VPOS="516" HPOS="583"/>
							<String ID="string_72" HPOS="604" VPOS="508" WIDTH="71" HEIGHT="29" WC="0.96" CONTENT="penni"/><SP WIDTH="16" VPOS="508" HPOS="675"/>
							<String ID="string_73" HPOS="691" VPOS="509" WIDTH="36" HEIGHT="21" WC="0.96" CONTENT="för"/><SP WIDTH="14" VPOS="509" HPOS="727"/>
							<String ID="string_74" HPOS="741" VPOS="514" WIDTH="112" HEIGHT="16" WC="0.96" CONTENT="nummer."/>
						</TextLine>
						<TextLine ID="line_11" HPOS="100" VPOS="542" WIDTH="754" HEIGHT="29">
							<String ID="string_75" HPOS="100" VPOS="542" WIDTH="80" HEIGHT="22" WC="0.95" CONTENT="Såsom"/><SP WIDTH="22" VPOS="542" HPOS="180"/>
							<String ID="string_76" HPOS="202" VPOS="542" WIDTH="75" HEIGHT="29" WC="0.93" CONTENT="lägsta"/><SP WIDTH="22" VPOS="542" HPOS="277"/>
							<String ID="string_77" HPOS="299" VPOS="543" WIDTH="110" HEIGHT="28" WC="0.84" CONTENT="ärsafgift"/><SP WIDTH="22" VPOS="543" HPOS="409"/>
							<String ID="string_78" HPOS="431" VPOS="543" WIDTH="136" HEIGHT="21" WC="0.92" CONTENT="faststäldes"/><SP WIDTH="25" VPOS="543" HPOS="567"/>
							<String ID="string_79" HPOS="592" VPOS="544" WIDTH="26" HEIGHT="21" WC="0.96" CONTENT="12"/><SP WIDTH="16" VPOS="544" HPOS="618"/>
							<String ID="string_80" HPOS="634" VPOS="543" WIDTH="76" HEIGHT="28" WC="0.95" CONTENT="penni."/><SP WIDTH="31" VPOS="543" HPOS="710"/>
							<String ID="string_81" HPOS="741" VPOS="543" WIDTH="52" HEIGHT="22" WC="0.93" CONTENT="Den"/><SP WIDTH="16" VPOS="543" HPOS="793"/>
							<String ID="string_82" HPOS="809" VPOS="542" WIDTH="45" HEIGHT="21" WC="0.93" CONTENT="för-"/>
						</TextLine>
						<TextLine ID="line_12" HPOS="100" VPOS="576" WIDTH="754" HEIGHT="30">
							<String ID="string_83" HPOS="100" VPOS="577" WIDTH="203" HEIGHT="29" WC="0.92" CONTENT="sändningsafgift,"/><SP WIDTH="16" VPOS="577" HPOS="303"/>
							<String ID="string_84" HPOS="319" VPOS="577" WIDTH="97" HEIGHT="22" WC="0.96" CONTENT="hvilken"/><SP WIDTH="16" VPOS="577" HPOS="416"/>
							<String ID="string_85" HPOS="432" VPOS="578" WIDTH="72" HEIGHT="21" WC="0.96" CONTENT="sedan"/><SP WIDTH="15" VPOS="578" HPOS="504"/>
							<String ID="string_86" HPOS="519" VPOS="578" WIDTH="26" HEIGHT="21" WC="0.94" CONTENT="är"/><SP WIDTH="18" VPOS="578" HPOS="545"/>
							<String ID="string_87" HPOS="563" VPOS="579" WIDTH="52" HEIGHT="21" WC="0.96" CONTENT="1817"/><SP WIDTH="18" VPOS="579" HPOS="615"/>
							<String ID="string_88" HPOS="633" VPOS="578" WIDTH="61" HEIGHT="21" WC="0.89" CONTENT="varit"/><SP WIDTH="8" VPOS="578" HPOS="694"/>
							<String ID="string_89" HPOS="702" VPOS="577" WIDTH="100" HEIGHT="29" WC="0.74" CONTENT="stadgad"/><SP WIDTH="9" VPOS="577" HPOS="802"/>
							<String ID="string_90" HPOS="811" VPOS="576" WIDTH="43" HEIGHT="22" WC="0.96" CONTENT="och"/>
						</TextLine>
						<TextLine ID="line_13" HPOS="100" VPOS="612" WIDTH="754" HEIGHT="29">
							<String ID="string_91" HPOS="100" VPOS="612" WIDTH="78" HEIGHT="27" WC="0.92" CONTENT="utgätt"/><SP WIDTH="22" VPOS="612" HPOS="178"/>
							<String ID="string_92" HPOS="200" VPOS="612" WIDTH="51" HEIGHT="21" WC="0.97" CONTENT="med"/><SP WIDTH="17" VPOS="612" HPOS="251"/>
							<String ID="string_93" HPOS="268" VPOS="612" WIDTH="26" HEIGHT="22" WC="0.96" CONTENT="15"/><SP WIDTH="15" VPOS="612" HPOS="294"/>
							<String ID="string_94" HPOS="309" VPOS="615" WIDTH="97" HEIGHT="25" WC="0.96" CONTENT="procent"/><SP WIDTH="15" VPOS="615" HPOS="406"/>
							<String ID="string_95" HPOS="421" VPOS="612" WIDTH="26" HEIGHT="22" WC="0.93" CONTENT="af"/><SP WIDTH="20" VPOS="612" HPOS="447"/>
							<String ID="string_96" HPOS="467" VPOS="612" WIDTH="277" HEIGHT="29" WC="0.92" CONTENT="prenumerationspriset"/><SP WIDTH="22" VPOS="612" HPOS="744"/>
							<String ID="string_97" HPOS="766" VPOS="612" WIDTH="30" HEIGHT="28" WC="0.91" CONTENT="pä"/><SP WIDTH="23" VPOS="612" HPOS="796"/>
							<String ID="string_98" HPOS="819" VPOS="612" WIDTH="35" HEIGHT="20" WC="0.91" CONTENT="ut-"/>
						</TextLine>
						<TextLine ID="line_14" HPOS="100" VPOS="646" WIDTH="318" HEIGHT="28">
							<String ID="string_99" HPOS="100" VPOS="646" WIDTH="179" HEIGHT="28" WC="0.92" CONTENT="gifningsorten,"/><SP WIDTH="16" VPOS="646" HPOS="279"/>
							<String ID="string_100" HPOS="295" VPOS="646" WIDTH="123" HEIGHT="22" WC="0.91" CONTENT="bibehölls."/>
						</TextLine>
					</TextBlock>
					<TextBlock ID="block_2" HPOS="100" VPOS="680" WIDTH="755" HEIGHT="299">
						<TextLine ID="line_15" HPOS="168" VPOS="680" WIDTH="686" HEIGHT="30">
							<String ID="string_101" HPOS="168" VPOS="681" WIDTH="105" HEIGHT="21" WC="0.92" CONTENT="Anförda"/><SP WIDTH="23" VPOS="681" HPOS="273"/>
							<String ID="string_102" HPOS="296" VPOS="681" WIDTH="175" HEIGHT="29" WC="0.96" CONTENT="bestämningar"/><SP WIDTH="15" VPOS="681" HPOS="471"/>
							<String ID="string_103" HPOS="486" VPOS="681" WIDTH="99" HEIGHT="22" WC="0.96" CONTENT="rörande"/><SP WIDTH="15" VPOS="681" HPOS="585"/>
							<String ID="string_104" HPOS="600" VPOS="681" WIDTH="131" HEIGHT="29" WC="0.92" CONTENT="periodiska"/><SP WIDTH="16" VPOS="681" HPOS="731"/>
							<String ID="string_105" HPOS="747" VPOS="680" WIDTH="107" HEIGHT="22" WC="0.88" CONTENT="skrifters"/>
						</TextLine>
						<TextLine ID="line_16" HPOS="100" VPOS="714" WIDTH="755" HEIGHT="30">
							<String ID="string_106" HPOS="100" VPOS="716" WIDTH="188" HEIGHT="28" WC="0.96" CONTENT="prenumeration"/><SP WIDTH="16" VPOS="716" HPOS="288"/>
							<String ID="string_107" HPOS="304" VPOS="716" WIDTH="42" HEIGHT="20" WC="0.96" CONTENT="och"/><SP WIDTH="11" VPOS="716" HPOS="346"/>
							<String ID="string_108" HPOS="357" VPOS="716" WIDTH="125" HEIGHT="21" WC="0.96" CONTENT="befordran"/><SP WIDTH="10" VPOS="716" HPOS="482"/>
							<String ID="string_109" HPOS="492" VPOS="724" WIDTH="84" HEIGHT="20" WC="0.96" CONTENT="genom"/><SP WIDTH="12" VPOS="724" HPOS="576"/>
							<String ID="string_110" HPOS="588" VPOS="717" WIDTH="83" HEIGHT="27" WC="0.96" CONTENT="posten"/><SP WIDTH="8" VPOS="717" HPOS="671"/>
							<String ID="string_111" HPOS="679" VPOS="723" WIDTH="56" HEIGHT="14" WC="0.96" CONTENT="voro"/><SP WIDTH="11" VPOS="723" HPOS="735"/>
							<String ID="string_112" HPOS="746" VPOS="714" WIDTH="109" HEIGHT="29" WC="0.96" CONTENT="gällande"/>
						</TextLine>
						<TextLine ID="line_17" HPOS="101" VPOS="749" WIDTH="754" HEIGHT="23">
							<String ID="string_113" HPOS="101" VPOS="750" WIDTH="73" HEIGHT="22" WC="0.95" CONTENT="under"/><SP WIDTH="25" VPOS="750" HPOS="174"/>
							<String ID="string_114" HPOS="199" VPOS="751" WIDTH="55" HEIGHT="20" WC="0.92" CONTENT="åren"/><SP WIDTH="27" VPOS="751" HPOS="254"/>
							<String ID="string_115" HPOS="281" VPOS="751" WIDTH="147" HEIGHT="21" WC="0.92" CONTENT="1875—1881."/><SP WIDTH="31" VPOS="751" HPOS="428"/>
							<String ID="string_116" HPOS="459" VPOS="751" WIDTH="52" HEIGHT="21" WC="0.96" CONTENT="Den"/><SP WIDTH="27" VPOS="751" HPOS="511"/>
							<String ID="string_117" HPOS="538" VPOS="751" WIDTH="26" HEIGHT="21" WC="0.96" CONTENT="15"/><SP WIDTH="25" VPOS="751" HPOS="564"/>
							<String ID="string_118" HPOS="589" VPOS="758" WIDTH="61" HEIGHT="14" WC="0.95" CONTENT="mars"/><SP WIDTH="22" VPOS="758" HPOS="650"/>
							<String ID="string_119" HPOS="672" VPOS="750" WIDTH="43" HEIGHT="22" WC="0.96" CONTENT="sist"/><SP WIDTH="15" VPOS="750" HPOS="715"/>
							<String ID="string_120" HPOS="730" VPOS="750" WIDTH="85" HEIGHT="21" WC="0.96" CONTENT="nämda"/><SP WIDTH="15" VPOS="750" HPOS="815"/>
							<String ID="string_121" HPOS="830" VPOS="749" WIDTH="25" HEIGHT="21" WC="0.96" CONTENT="år"/>
						</TextLine>
						<TextLine ID="line_18" HPOS="101" VPOS="784" WIDTH="754" HEIGHT="29">
							<String ID="string_122" HPOS="101" VPOS="785" WIDTH="134" HEIGHT="21" WC="0.92" CONTENT="emanerade"/><SP WIDTH="16" VPOS="785" HPOS="235"/>
							<String ID="string_123" HPOS="251" VPOS="784" WIDTH="44" HEIGHT="22" WC="0.96" CONTENT="den"/><SP WIDTH="16" VPOS="784" HPOS="295"/>
							<String ID="string_124" HPOS="311" VPOS="792" WIDTH="32" HEIGHT="14" WC="0.96" CONTENT="nu"/><SP WIDTH="16" VPOS="792" HPOS="343"/>
							<String ID="string_125" HPOS="359" VPOS="785" WIDTH="109" HEIGHT="28" WC="0.93" CONTENT="gällande"/><SP WIDTH="15" VPOS="785" HPOS="468"/>
							<String ID="string_126" HPOS="483" VPOS="785" WIDTH="196" HEIGHT="28" WC="0.92" CONTENT="Postordningen."/><SP WIDTH="16" VPOS="785" HPOS="679"/>
							<String ID="string_127" HPOS="695" VPOS="784" WIDTH="52" HEIGHT="28" WC="0.93" CONTENT="Nya"/><SP WIDTH="8" VPOS="784" HPOS="747"/>
							<String ID="string_128" HPOS="755" VPOS="784" WIDTH="100" HEIGHT="22" WC="0.92" CONTENT="bestäm-"/>
						</TextLine>
						<TextLine ID="line_19" HPOS="101" VPOS="818" WIDTH="754" HEIGHT="30">
							<String ID="string_129" HPOS="101" VPOS="819" WIDTH="82" HEIGHT="21" WC="0.91" CONTENT="melser"/><SP WIDTH="22" VPOS="819" HPOS="183"/>
							<String ID="string_130" HPOS="205" VPOS="820" WIDTH="102" HEIGHT="21" WC="0.96" CONTENT="infördes"/><SP WIDTH="23" VPOS="820" HPOS="307"/>
							<String ID="string_131" HPOS="330" VPOS="820" WIDTH="60" HEIGHT="28" WC="0.96" CONTENT="ånyo"/><SP WIDTH="23" VPOS="820" HPOS="390"/>
							<String ID="string_132" HPOS="413" VPOS="820" WIDTH="146" HEIGHT="21" WC="0.92" CONTENT="beträffande"/><SP WIDTH="24" VPOS="820" HPOS="559"/>
							<String ID="string_133" HPOS="583" VPOS="820" WIDTH="65" HEIGHT="21" WC="0.96" CONTENT="såväl"/><SP WIDTH="22" VPOS="820" HPOS="648"/>
							<String ID="string_134" HPOS="670" VPOS="819" WIDTH="28" HEIGHT="21" WC="0.92" CONTENT="de"/><SP WIDTH="23" VPOS="819" HPOS="698"/>
							<String ID="string_135" HPOS="721" VPOS="818" WIDTH="134" HEIGHT="30" WC="0.95" CONTENT="periodiska"/>
						</TextLine>
						<TextLine ID="line_20" HPOS="101" VPOS="852" WIDTH="754" HEIGHT="30">
							<String ID="string_136" HPOS="101" VPOS="854" WIDTH="137" HEIGHT="21" WC="0.92" CONTENT="skrifternas"/><SP WIDTH="20" VPOS="854" HPOS="238"/>
							<String ID="string_137" HPOS="258" VPOS="856" WIDTH="67" HEIGHT="26" WC="0.96" CONTENT="porto"/><SP WIDTH="16" VPOS="856" HPOS="325"/>
							<String ID="string_138" HPOS="341" VPOS="862" WIDTH="48" HEIGHT="14" WC="0.96" CONTENT="som"/><SP WIDTH="16" VPOS="862" HPOS="389"/>
							<String ID="string_139" HPOS="405" VPOS="855" WIDTH="48" HEIGHT="21" WC="0.96" CONTENT="ofta"/><SP WIDTH="16" VPOS="855" HPOS="453"/>
							<String ID="string_140" HPOS="469" VPOS="854" WIDTH="99" HEIGHT="22" WC="0.93" CONTENT="berörda"/><SP WIDTH="14" VPOS="854" HPOS="568"/>
							<String ID="string_141" HPOS="582" VPOS="852" WIDTH="273" HEIGHT="30" WC="0.90" CONTENT="postförvaltarearvode,"/>
						</TextLine>
						<TextLine ID="line_21" HPOS="101" VPOS="888" WIDTH="754" HEIGHT="29">
							<String ID="string_142" HPOS="101" VPOS="888" WIDTH="181" HEIGHT="29" WC="0.96" CONTENT="bestämningar,"/><SP WIDTH="16" VPOS="888" HPOS="282"/>
							<String ID="string_143" HPOS="298" VPOS="896" WIDTH="49" HEIGHT="14" WC="0.96" CONTENT="som"/><SP WIDTH="16" VPOS="896" HPOS="347"/>
							<String ID="string_144" HPOS="363" VPOS="889" WIDTH="8" HEIGHT="21" WC="0.96" CONTENT="i"/><SP WIDTH="15" VPOS="889" HPOS="371"/>
							<String ID="string_145" HPOS="386" VPOS="890" WIDTH="78" HEIGHT="27" WC="0.96" CONTENT="någon"/><SP WIDTH="16" VPOS="890" HPOS="464"/>
							<String ID="string_146" HPOS="480" VPOS="896" WIDTH="37" HEIGHT="14" WC="0.96" CONTENT="om"/><SP WIDTH="16" VPOS="896" HPOS="517"/>
							<String ID="string_147" HPOS="533" VPOS="892" WIDTH="29" HEIGHT="18" WC="0.96" CONTENT="än"/><SP WIDTH="16" VPOS="892" HPOS="562"/>
							<String ID="string_148" HPOS="578" VPOS="888" WIDTH="62" HEIGHT="22" WC="0.95" CONTENT="blott"/><SP WIDTH="15" VPOS="888" HPOS="640"/>
							<String ID="string_149" HPOS="655" VPOS="888" WIDTH="48" HEIGHT="22" WC="0.96" CONTENT="helt"/><SP WIDTH="15" VPOS="888" HPOS="703"/>
							<String ID="string_150" HPOS="718" VPOS="888" WIDTH="69" HEIGHT="28" WC="0.95" CONTENT="ringa"/><SP WIDTH="14" VPOS="888" HPOS="787"/>
							<String ID="string_151" HPOS="801" VPOS="894" WIDTH="54" HEIGHT="14" WC="0.96" CONTENT="mon"/>
						</TextLine>
						<TextLine ID="line_22" HPOS="101" VPOS="921" WIDTH="754" HEIGHT="31">
							<String ID="string_152" HPOS="101" VPOS="922" WIDTH="110" HEIGHT="22" WC="0.95" CONTENT="närmade"/><SP WIDTH="22" VPOS="922" HPOS="211"/>
							<String ID="string_153" HPOS="233" VPOS="923" WIDTH="36" HEIGHT="28" WC="0.95" CONTENT="sig"/><SP WIDTH="23" VPOS="923" HPOS="269"/>
							<String ID="string_154" HPOS="292" VPOS="922" WIDTH="28" HEIGHT="22" WC="0.93" CONTENT="de"/><SP WIDTH="23" VPOS="922" HPOS="320"/>
							<String ID="string_155" HPOS="343" VPOS="923" WIDTH="185" HEIGHT="29" WC="0.92" CONTENT="önskningsmål,"/><SP WIDTH="24" VPOS="923" HPOS="528"/>
							<String ID="string_156" HPOS="552" VPOS="930" WIDTH="48" HEIGHT="15" WC="0.96" CONTENT="som"/><SP WIDTH="26" VPOS="930" HPOS="600"/>
							<String ID="string_157" HPOS="626" VPOS="924" WIDTH="53" HEIGHT="21" WC="0.96" CONTENT="1872"/><SP WIDTH="20" VPOS="924" HPOS="679"/>
							<String ID="string_158" HPOS="699" VPOS="923" WIDTH="37" HEIGHT="21" WC="0.93" CONTENT="års"/><SP WIDTH="16" VPOS="923" HPOS="736"/>
							<String ID="string_159" HPOS="752" VPOS="921" WIDTH="103" HEIGHT="23" WC="0.91" CONTENT="ständer-"/>
						</TextLine>
						<TextLine ID="line_23" HPOS="100" VPOS="958" WIDTH="169" HEIGHT="21">
							<String ID="string_160" HPOS="100" VPOS="961" WIDTH="61" HEIGHT="18" WC="0.95" CONTENT="möte"/><SP WIDTH="16" VPOS="961" HPOS="161"/>
							<String ID="string_161" HPOS="177" VPOS="958" WIDTH="92" HEIGHT="21" WC="0.95" CONTENT="uttalat."/>
						</TextLine>
					</TextBlock>
					<TextBlock ID="block_3" HPOS="101" VPOS="992" WIDTH="756" HEIGHT="167">
						<TextLine ID="line_24" HPOS="169" VPOS="992" WIDTH="687" HEIGHT="28">
							<String ID="string_162" HPOS="169" VPOS="992" WIDTH="35" HEIGHT="21" WC="0.92" CONTENT="De"/><SP WIDTH="22" VPOS="992" HPOS="204"/>
							<String ID="string_163" HPOS="226" VPOS="992" WIDTH="102" HEIGHT="28" WC="0.92" CONTENT="afgifter,"/><SP WIDTH="23" VPOS="992" HPOS="328"/>
							<String ID="string_164" HPOS="351" VPOS="999" WIDTH="48" HEIGHT="15" WC="0.96" CONTENT="som"/><SP WIDTH="15" VPOS="999" HPOS="399"/>
							<String ID="string_165" HPOS="414" VPOS="993" WIDTH="38" HEIGHT="20" WC="0.96" CONTENT="för"/><SP WIDTH="15" VPOS="993" HPOS="452"/>
							<String ID="string_166" HPOS="467" VPOS="992" WIDTH="145" HEIGHT="22" WC="0.93" CONTENT="närvarande"/><SP WIDTH="16" VPOS="992" HPOS="612"/>
							<String ID="string_167" HPOS="628" VPOS="992" WIDTH="93" HEIGHT="21" WC="0.91" CONTENT="utöfver"/><SP WIDTH="14" VPOS="992" HPOS="721"/>
							<String ID="string_168" HPOS="735" VPOS="998" WIDTH="121" HEIGHT="21" WC="0.89" CONTENT="prenume-"/>
						</TextLine>
						<TextLine ID="line_25" HPOS="101" VPOS="1025" WIDTH="754" HEIGHT="30">
							<String ID="string_169" HPOS="101" VPOS="1027" WIDTH="161" HEIGHT="28" WC="0.90" CONTENT="rationspriset"/><SP WIDTH="23" VPOS="1027" HPOS="262"/>
							<String ID="string_170" HPOS="285" VPOS="1027" WIDTH="38" HEIGHT="20" WC="0.96" CONTENT="till"/><SP WIDTH="22" VPOS="1027" HPOS="323"/>
							<String ID="string_171" HPOS="345" VPOS="1027" WIDTH="135" HEIGHT="28" WC="0.95" CONTENT="postverket"/><SP WIDTH="23" VPOS="1027" HPOS="480"/>
							<String ID="string_172" HPOS="503" VPOS="1027" WIDTH="113" HEIGHT="28" WC="0.96" CONTENT="erläggas,"/><SP WIDTH="18" VPOS="1027" HPOS="616"/>
							<String ID="string_173" HPOS="634" VPOS="1029" WIDTH="41" HEIGHT="18" WC="0.96" CONTENT="när"/><SP WIDTH="15" VPOS="1029" HPOS="675"/>
							<String ID="string_174" HPOS="690" VPOS="1026" WIDTH="53" HEIGHT="21" WC="0.93" CONTENT="dess"/><SP WIDTH="15" VPOS="1026" HPOS="743"/>
							<String ID="string_175" HPOS="758" VPOS="1025" WIDTH="97" HEIGHT="22" WC="0.91" CONTENT="förmed-"/>
						</TextLine>
						<TextLine ID="line_26" HPOS="101" VPOS="1059" WIDTH="754" HEIGHT="30">
							<String ID="string_176" HPOS="101" VPOS="1061" WIDTH="52" HEIGHT="28" WC="0.95" CONTENT="ling"/><SP WIDTH="15" VPOS="1061" HPOS="153"/>
							<String ID="string_177" HPOS="168" VPOS="1061" WIDTH="84" HEIGHT="22" WC="0.96" CONTENT="anlitas"/><SP WIDTH="16" VPOS="1061" HPOS="252"/>
							<String ID="string_178" HPOS="268" VPOS="1061" WIDTH="36" HEIGHT="21" WC="0.96" CONTENT="för"/><SP WIDTH="14" VPOS="1061" HPOS="304"/>
							<String ID="string_179" HPOS="318" VPOS="1061" WIDTH="192" HEIGHT="28" WC="0.96" CONTENT="prenumeration"/><SP WIDTH="16" VPOS="1061" HPOS="510"/>
							<String ID="string_180" HPOS="526" VPOS="1061" WIDTH="30" HEIGHT="28" WC="0.96" CONTENT="på"/><SP WIDTH="11" VPOS="1061" HPOS="556"/>
							<String ID="string_181" HPOS="567" VPOS="1061" WIDTH="120" HEIGHT="28" WC="0.96" CONTENT="tidningar"/><SP WIDTH="10" VPOS="1061" HPOS="687"/>
							<String ID="string_182" HPOS="697" VPOS="1059" WIDTH="44" HEIGHT="22" WC="0.93" CONTENT="och"/><SP WIDTH="9" VPOS="1059" HPOS="741"/>
							<String ID="string_183" HPOS="750" VPOS="1059" WIDTH="105" HEIGHT="22" WC="0.91" CONTENT="tidskrif-"/>
						</TextLine>
						<TextLine ID="line_27" HPOS="102" VPOS="1094" WIDTH="755" HEIGHT="30">
							<String ID="string_184" HPOS="102" VPOS="1097" WIDTH="41" HEIGHT="26" WC="0.96" CONTENT="ter,"/><SP WIDTH="17" VPOS="1097" HPOS="143"/>
							<String ID="string_185" HPOS="160" VPOS="1099" WIDTH="38" HEIGHT="18" WC="0.96" CONTENT="äro"/><SP WIDTH="16" VPOS="1099" HPOS="198"/>
							<String ID="string_186" HPOS="214" VPOS="1095" WIDTH="117" HEIGHT="28" WC="0.96" CONTENT="nämligen"/><SP WIDTH="15" VPOS="1095" HPOS="331"/>
							<String ID="string_187" HPOS="346" VPOS="1095" WIDTH="75" HEIGHT="28" WC="0.93" CONTENT="enligt"/><SP WIDTH="16" VPOS="1095" HPOS="421"/>
							<String ID="string_188" HPOS="437" VPOS="1095" WIDTH="142" HEIGHT="29" WC="0.92" CONTENT="stadgandet"/><SP WIDTH="15" VPOS="1095" HPOS="579"/>
							<String ID="string_189" HPOS="594" VPOS="1095" WIDTH="8" HEIGHT="21" WC="0.75" CONTENT="i"/><SP WIDTH="9" VPOS="1095" HPOS="602"/>
							<String ID="string_190" HPOS="611" VPOS="1096" WIDTH="49" HEIGHT="26" WC="0.75" CONTENT="869"/><SP WIDTH="10" VPOS="1096" HPOS="660"/>
							<String ID="string_191" HPOS="670" VPOS="1095" WIDTH="25" HEIGHT="21" WC="0.96" CONTENT="af"/><SP WIDTH="6" VPOS="1095" HPOS="695"/>
							<String ID="string_192" HPOS="701" VPOS="1094" WIDTH="85" HEIGHT="22" WC="0.93" CONTENT="nämda"/><SP WIDTH="8" VPOS="1094" HPOS="786"/>
							<String ID="string_193" HPOS="794" VPOS="1095" WIDTH="63" HEIGHT="27" WC="0.92" CONTENT="post-"/>
						</TextLine>
						<TextLine ID="line_28" HPOS="102" VPOS="1129" WIDTH="227" HEIGHT="30">
							<String ID="string_194" HPOS="102" VPOS="1129" WIDTH="100" HEIGHT="29" WC="0.96" CONTENT="ordning"/><SP WIDTH="15" VPOS="1129" HPOS="202"/>
							<String ID="string_195" HPOS="217" VPOS="1130" WIDTH="112" HEIGHT="29" WC="0.96" CONTENT="följande:"/>
						</TextLine>
					</TextBlock>
					<TextBlock ID="block_4" HPOS="102" VPOS="1163" WIDTH="757" HEIGHT="167">
						<TextLine ID="line_29" HPOS="172" VPOS="1163" WIDTH="687" HEIGHT="30">
							<String ID="string_196" HPOS="172" VPOS="1165" WIDTH="24" HEIGHT="27" WC="0.93" CONTENT="a)"/><SP WIDTH="15" VPOS="1165" HPOS="196"/>
							<String ID="string_197" HPOS="211" VPOS="1165" WIDTH="226" HEIGHT="28" WC="0.91" CONTENT="befordringsafgift,"/><SP WIDTH="16" VPOS="1165" HPOS="437"/>
							<String ID="string_198" HPOS="453" VPOS="1164" WIDTH="130" HEIGHT="29" WC="0.96" CONTENT="utgörande"/><SP WIDTH="14" VPOS="1164" HPOS="583"/>
							<String ID="string_199" HPOS="597" VPOS="1165" WIDTH="25" HEIGHT="21" WC="0.96" CONTENT="12"/><SP WIDTH="10" VPOS="1165" HPOS="622"/>
							<String ID="string_200" HPOS="632" VPOS="1166" WIDTH="97" HEIGHT="27" WC="0.96" CONTENT="procent"/><SP WIDTH="10" VPOS="1166" HPOS="729"/>
							<String ID="string_201" HPOS="739" VPOS="1164" WIDTH="26" HEIGHT="21" WC="0.92" CONTENT="af"/><SP WIDTH="6" VPOS="1164" HPOS="765"/>
							<String ID="string_202" HPOS="771" VPOS="1163" WIDTH="88" HEIGHT="22" WC="0.92" CONTENT="tidnin-"/>
						</TextLine>
						<TextLine ID="line_30" HPOS="102" VPOS="1197" WIDTH="756" HEIGHT="30">
							<String ID="string_203" HPOS="102" VPOS="1207" WIDTH="58" HEIGHT="20" WC="0.96" CONTENT="gens"/><SP WIDTH="23" VPOS="1207" HPOS="160"/>
							<String ID="string_204" HPOS="183" VPOS="1199" WIDTH="56" HEIGHT="21" WC="0.96" CONTENT="eller"/><SP WIDTH="23" VPOS="1199" HPOS="239"/>
							<String ID="string_205" HPOS="262" VPOS="1199" WIDTH="149" HEIGHT="22" WC="0.93" CONTENT="tidskriftens"/><SP WIDTH="24" VPOS="1199" HPOS="411"/>
							<String ID="string_206" HPOS="435" VPOS="1199" WIDTH="261" HEIGHT="28" WC="0.90" CONTENT="prenumerationspris;"/><SP WIDTH="17" VPOS="1199" HPOS="696"/>
							<String ID="string_207" HPOS="713" VPOS="1199" WIDTH="34" HEIGHT="21" WC="0.96" CONTENT="för"/><SP WIDTH="16" VPOS="1199" HPOS="747"/>
							<String ID="string_208" HPOS="763" VPOS="1197" WIDTH="95" HEIGHT="28" WC="0.96" CONTENT="tidning"/>
						</TextLine>
						<TextLine ID="line_31" HPOS="104" VPOS="1232" WIDTH="755" HEIGHT="29">
							<String ID="string_209" HPOS="104" VPOS="1233" WIDTH="56" HEIGHT="22" WC="0.96" CONTENT="eller"/><SP WIDTH="15" VPOS="1233" HPOS="160"/>
							<String ID="string_210" HPOS="175" VPOS="1233" WIDTH="111" HEIGHT="28" WC="0.96" CONTENT="tidskrift,"/><SP WIDTH="23" VPOS="1233" HPOS="286"/>
							<String ID="string_211" HPOS="309" VPOS="1241" WIDTH="49" HEIGHT="14" WC="0.93" CONTENT="som"/><SP WIDTH="21" VPOS="1241" HPOS="358"/>
							<String ID="string_212" HPOS="379" VPOS="1233" WIDTH="121" HEIGHT="22" WC="0.92" CONTENT="befordras"/><SP WIDTH="15" VPOS="1233" HPOS="500"/>
							<String ID="string_213" HPOS="515" VPOS="1233" WIDTH="8" HEIGHT="22" WC="0.93" CONTENT="i"/><SP WIDTH="16" VPOS="1233" HPOS="523"/>
							<String ID="string_214" HPOS="539" VPOS="1233" WIDTH="109" HEIGHT="22" WC="0.92" CONTENT="lösväska"/><SP WIDTH="14" VPOS="1233" HPOS="648"/>
							<String ID="string_215" HPOS="662" VPOS="1233" WIDTH="90" HEIGHT="22" WC="0.95" CONTENT="direkte"/><SP WIDTH="11" VPOS="1233" HPOS="752"/>
							<String ID="string_216" HPOS="763" VPOS="1232" WIDTH="52" HEIGHT="21" WC="0.92" CONTENT="från"/><SP WIDTH="11" VPOS="1232" HPOS="815"/>
							<String ID="string_217" HPOS="826" VPOS="1233" WIDTH="33" HEIGHT="20" WC="0.92" CONTENT="ut-"/>
						</TextLine>
						<TextLine ID="line_32" HPOS="103" VPOS="1267" WIDTH="755" HEIGHT="29">
							<String ID="string_218" HPOS="103" VPOS="1267" WIDTH="178" HEIGHT="29" WC="0.90" CONTENT="gifningsorten,"/><SP WIDTH="16" VPOS="1267" HPOS="281"/>
							<String ID="string_219" HPOS="297" VPOS="1270" WIDTH="70" HEIGHT="26" WC="0.96" CONTENT="utgör"/><SP WIDTH="15" VPOS="1270" HPOS="367"/>
							<String ID="string_220" HPOS="382" VPOS="1268" WIDTH="8" HEIGHT="21" WC="0.96" CONTENT="i"/><SP WIDTH="15" VPOS="1268" HPOS="390"/>
							<String ID="string_221" HPOS="405" VPOS="1268" WIDTH="68" HEIGHT="28" WC="0.96" CONTENT="fråga"/><SP WIDTH="15" VPOS="1268" HPOS="473"/>
							<String ID="string_222" HPOS="488" VPOS="1267" WIDTH="102" HEIGHT="22" WC="0.93" CONTENT="varande"/><SP WIDTH="16" VPOS="1267" HPOS="590"/>
							<String ID="string_223" HPOS="606" VPOS="1267" WIDTH="71" HEIGHT="28" WC="0.91" CONTENT="afgift"/><SP WIDTH="14" VPOS="1267" HPOS="677"/>
							<String ID="string_224" HPOS="691" VPOS="1268" WIDTH="84" HEIGHT="21" WC="0.96" CONTENT="endast"/><SP WIDTH="10" VPOS="1268" HPOS="775"/>
							<String ID="string_225" HPOS="785" VPOS="1267" WIDTH="13" HEIGHT="21" WC="0.93" CONTENT="6"/><SP WIDTH="9" VPOS="1267" HPOS="798"/>
							<String ID="string_226" HPOS="807" VPOS="1273" WIDTH="51" HEIGHT="22" WC="0.91" CONTENT="pro-"/>
						</TextLine>
						<TextLine ID="line_33" HPOS="104" VPOS="1302" WIDTH="266" HEIGHT="28">
							<String ID="string_227" HPOS="104" VPOS="1304" WIDTH="54" HEIGHT="19" WC="0.96" CONTENT="cent"/><SP WIDTH="15" VPOS="1304" HPOS="158"/>
							<String ID="string_228" HPOS="173" VPOS="1302" WIDTH="26" HEIGHT="21" WC="0.96" CONTENT="af"/><SP WIDTH="12" VPOS="1302" HPOS="199"/>
							<String ID="string_229" HPOS="211" VPOS="1309" WIDTH="85" HEIGHT="14" WC="0.95" CONTENT="samma"/><SP WIDTH="15" VPOS="1309" HPOS="296"/>
							<String ID="string_230" HPOS="311" VPOS="1302" WIDTH="59" HEIGHT="28" WC="0.96" CONTENT="pris;"/>
						</TextLine>
					</TextBlock>
					<TextBlock ID="block_5" HPOS="104" VPOS="1334" WIDTH="757" HEIGHT="99">
						<TextLine ID="line_34" HPOS="173" VPOS="1334" WIDTH="686" HEIGHT="31">
							<String ID="string_231" HPOS="173" VPOS="1336" WIDTH="22" HEIGHT="27" WC="0.56" CONTENT="db)"/><SP WIDTH="14" VPOS="1336" HPOS="195"/>
							<String ID="string_232" HPOS="209" VPOS="1336" WIDTH="273" HEIGHT="28" WC="0.92" CONTENT="postförvaltarearvode,"/><SP WIDTH="16" VPOS="1336" HPOS="482"/>
							<String ID="string_233" HPOS="498" VPOS="1336" WIDTH="118" HEIGHT="29" WC="0.96" CONTENT="utgående"/><SP WIDTH="16" VPOS="1336" HPOS="616"/>
							<String ID="string_234" HPOS="632" VPOS="1335" WIDTH="52" HEIGHT="22" WC="0.91" CONTENT="med"/><SP WIDTH="15" VPOS="1335" HPOS="684"/>
							<String ID="string_235" HPOS="699" VPOS="1336" WIDTH="27" HEIGHT="26" WC="0.62" CONTENT="*/;"/><SP WIDTH="15" VPOS="1336" HPOS="726"/>
							<String ID="string_236" HPOS="741" VPOS="1334" WIDTH="72" HEIGHT="30" WC="0.96" CONTENT="penni"/><SP WIDTH="10" VPOS="1334" HPOS="813"/>
							<String ID="string_237" HPOS="823" VPOS="1334" WIDTH="36" HEIGHT="21" WC="0.96" CONTENT="för"/>
						</TextLine>
						<TextLine ID="line_35" HPOS="104" VPOS="1369" WIDTH="757" HEIGHT="30">
							<String ID="string_238" HPOS="104" VPOS="1378" WIDTH="112" HEIGHT="20" WC="0.95" CONTENT="nummer,"/><SP WIDTH="23" VPOS="1378" HPOS="216"/>
							<String ID="string_239" HPOS="239" VPOS="1370" WIDTH="60" HEIGHT="22" WC="0.93" CONTENT="dock"/><SP WIDTH="21" VPOS="1370" HPOS="299"/>
							<String ID="string_240" HPOS="320" VPOS="1370" WIDTH="53" HEIGHT="21" WC="0.96" CONTENT="icke"/><SP WIDTH="22" VPOS="1370" HPOS="373"/>
							<String ID="string_241" HPOS="395" VPOS="1370" WIDTH="75" HEIGHT="22" WC="0.95" CONTENT="under"/><SP WIDTH="27" VPOS="1370" HPOS="470"/>
							<String ID="string_242" HPOS="497" VPOS="1371" WIDTH="26" HEIGHT="21" WC="0.95" CONTENT="10"/><SP WIDTH="17" VPOS="1371" HPOS="523"/>
							<String ID="string_243" HPOS="540" VPOS="1370" WIDTH="72" HEIGHT="29" WC="0.96" CONTENT="penni"/><SP WIDTH="16" VPOS="1370" HPOS="612"/>
							<String ID="string_244" HPOS="628" VPOS="1371" WIDTH="36" HEIGHT="21" WC="0.96" CONTENT="för"/><SP WIDTH="14" VPOS="1371" HPOS="664"/>
							<String ID="string_245" HPOS="678" VPOS="1370" WIDTH="37" HEIGHT="21" WC="0.93" CONTENT="hel"/><SP WIDTH="15" VPOS="1370" HPOS="715"/>
							<String ID="string_246" HPOS="730" VPOS="1369" WIDTH="89" HEIGHT="29" WC="0.96" CONTENT="årgång"/><SP WIDTH="16" VPOS="1369" HPOS="819"/>
							<String ID="string_247" HPOS="835" VPOS="1369" WIDTH="26" HEIGHT="21" WC="0.95" CONTENT="af"/>
						</TextLine>
						<TextLine ID="line_36" HPOS="104" VPOS="1404" WIDTH="295" HEIGHT="29">
							<String ID="string_248" HPOS="104" VPOS="1404" WIDTH="95" HEIGHT="29" WC="0.96" CONTENT="tidning"/><SP WIDTH="15" VPOS="1404" HPOS="199"/>
							<String ID="string_249" HPOS="214" VPOS="1405" WIDTH="56" HEIGHT="21" WC="0.93" CONTENT="eller"/><SP WIDTH="15" VPOS="1405" HPOS="270"/>
							<String ID="string_250" HPOS="285" VPOS="1405" WIDTH="114" HEIGHT="27" WC="0.92" CONTENT="tidskrift;"/>
						</TextLine>
					</TextBlock>
					<TextBlock ID="block_6" HPOS="173" VPOS="1444" WIDTH="478" HEIGHT="19">
						<TextLine ID="line_37" HPOS="173" VPOS="1444" WIDTH="478" HEIGHT="19">
							<String ID="string_251" HPOS="173" VPOS="1444" WIDTH="98" HEIGHT="18" WC="0.93" CONTENT="Allmänna"/><SP WIDTH="12" VPOS="1444" HPOS="271"/>
							<String ID="string_252" HPOS="283" VPOS="1445" WIDTH="174" HEIGHT="18" WC="0.91" CONTENT="Besvärsutskottets"/><SP WIDTH="7" VPOS="1445" HPOS="457"/>
							<String ID="string_253" HPOS="464" VPOS="1445" WIDTH="110" HEIGHT="18" WC="0.93" CONTENT="betänkande"/><SP WIDTH="4" VPOS="1445" HPOS="574"/>
							<String ID="string_254" HPOS="578" VPOS="1445" WIDTH="36" HEIGHT="18" WC="0.96" CONTENT="N:o"/><SP WIDTH="9" VPOS="1445" HPOS="614"/>
							<String ID="string_255" HPOS="623" VPOS="1445" WIDTH="28" HEIGHT="18" WC="0.96" CONTENT="19."/>
						</TextLine>
					</TextBlock>
				</ComposedBlock>
			</PrintSpace>
		</Page>
	</Layout>
</alto>
