<?xml version="1.0" encoding="UTF-8"?>
<alto xmlns="http://www.loc.gov/standards/alto/ns-v3#" xmlns:xlink="http://www.w3.org/1999/xlink" xmlns:xsi="http://www.w3.org/2001/XMLSchema-instance" xsi:schemaLocation="http://www.loc.gov/standards/alto/ns-v3# http://www.loc.gov/alto/v3/alto-3-0.xsd">
	<Description>
		<MeasurementUnit>pixel</MeasurementUnit>
		<sourceImageInformation>
			<fileName>/tmp/tess_y6c_ffkm_input.PNG</fileName>
		</sourceImageInformation>
		<OCRProcessing ID="OCR_0">
			<ocrProcessingStep>
				<processingSoftware>
					<softwareName>tesseract 5.3.4</softwareName>
				</processingSoftware>
			</ocrProcessingStep>
		</OCRProcessing>
	</Description>
	<Layout>
		<Page WIDTH="1048" HEIGHT="1731" PHYSICAL_IMG_NR="0" ID="page_0">
			<PrintSpace HPOS="0" VPOS="0" WIDTH="1048" HEIGHT="1731">
				<ComposedBlock ID="cblock_0" HPOS="210" VPOS="125" WIDTH="491" HEIGHT="24">
					<TextBlock ID="block_0" HPOS="210" VPOS="125" WIDTH="491" HEIGHT="24">
						<TextLine ID="line_0" HPOS="210" VPOS="125" WIDTH="491" HEIGHT="24">
							<String ID="string_0" HPOS="210" VPOS="128" WIDTH="12" HEIGHT="19" WC="0.96" CONTENT="8"/><SP WIDTH="193" VPOS="128" HPOS="222"/>
							<String ID="string_1" HPOS="415" VPOS="125" WIDTH="209" HEIGHT="24" WC="0.62" CONTENT="Petitionshetänkande"/><SP WIDTH="16" VPOS="125" HPOS="624"/>
							<String ID="string_2" HPOS="640" VPOS="125" WIDTH="34" HEIGHT="24" WC="0.86" CONTENT="N:o"/><SP WIDTH="17" VPOS="125" HPOS="674"/>
							<String ID="string_3" HPOS="691" VPOS="125" WIDTH="10" HEIGHT="24" WC="0.90" CONTENT="1."/>
						</TextLine>
					</TextBlock>
				</ComposedBlock>
				<ComposedBlock ID="cblock_1" HPOS="178" VPOS="179" WIDTH="766" HEIGHT="770">
					<TextBlock ID="block_1" HPOS="180" VPOS="179" WIDTH="762" HEIGHT="86">
						<TextLine ID="line_1" HPOS="249" VPOS="179" WIDTH="693" HEIGHT="29">
							<String ID="string_4" HPOS="249" VPOS="179" WIDTH="65" HEIGHT="24" WC="0.96" CONTENT="Äfven"/><SP WIDTH="23" VPOS="179" HPOS="314"/>
							<String ID="string_5" HPOS="337" VPOS="184" WIDTH="32" HEIGHT="19" WC="0.96" CONTENT="för"/><SP WIDTH="18" VPOS="184" HPOS="369"/>
							<String ID="string_6" HPOS="387" VPOS="185" WIDTH="34" HEIGHT="19" WC="0.93" CONTENT="det"/><SP WIDTH="14" VPOS="185" HPOS="421"/>
							<String ID="string_7" HPOS="435" VPOS="185" WIDTH="44" HEIGHT="18" WC="0.96" CONTENT="inre"/><SP WIDTH="15" VPOS="185" HPOS="479"/>
							<String ID="string_8" HPOS="494" VPOS="184" WIDTH="69" HEIGHT="19" WC="0.93" CONTENT="landet"/><SP WIDTH="15" VPOS="184" HPOS="563"/>
							<String ID="string_9" HPOS="578" VPOS="189" WIDTH="47" HEIGHT="14" WC="0.96" CONTENT="vore"/><SP WIDTH="16" VPOS="189" HPOS="625"/>
							<String ID="string_10" HPOS="641" VPOS="185" WIDTH="35" HEIGHT="18" WC="0.93" CONTENT="det"/><SP WIDTH="15" VPOS="185" HPOS="676"/>
							<String ID="string_11" HPOS="691" VPOS="184" WIDTH="126" HEIGHT="24" WC="0.96" CONTENT="naturligtvis"/><SP WIDTH="16" VPOS="184" HPOS="817"/>
							<String ID="string_12" HPOS="833" VPOS="184" WIDTH="22" HEIGHT="20" WC="0.96" CONTENT="af"/><SP WIDTH="14" VPOS="184" HPOS="855"/>
							<String ID="string_13" HPOS="869" VPOS="186" WIDTH="73" HEIGHT="18" WC="0.96" CONTENT="största"/>
						</TextLine>
						<TextLine ID="line_2" HPOS="180" VPOS="212" WIDTH="762" HEIGHT="25">
							<String ID="string_14" HPOS="180" VPOS="212" WIDTH="47" HEIGHT="23" WC="0.92" CONTENT="vigt,"/><SP WIDTH="16" VPOS="212" HPOS="227"/>
							<String ID="string_15" HPOS="243" VPOS="214" WIDTH="30" HEIGHT="17" WC="0.93" CONTENT="att"/><SP WIDTH="20" VPOS="214" HPOS="273"/>
							<String ID="string_16" HPOS="293" VPOS="213" WIDTH="150" HEIGHT="24" WC="0.92" CONTENT="jernvägsnätet"/><SP WIDTH="24" VPOS="213" HPOS="443"/>
							<String ID="string_17" HPOS="467" VPOS="213" WIDTH="84" HEIGHT="19" WC="0.92" CONTENT="berörde"/><SP WIDTH="23" VPOS="213" HPOS="551"/>
							<String ID="string_18" HPOS="574" VPOS="213" WIDTH="67" HEIGHT="19" WC="0.92" CONTENT="hafvet"/><SP WIDTH="19" VPOS="213" HPOS="641"/>
							<String ID="string_19" HPOS="660" VPOS="213" WIDTH="25" HEIGHT="24" WC="0.93" CONTENT="pä"/><SP WIDTH="15" VPOS="213" HPOS="685"/>
							<String ID="string_20" HPOS="700" VPOS="213" WIDTH="65" HEIGHT="23" WC="0.92" CONTENT="nägon"/><SP WIDTH="16" VPOS="213" HPOS="765"/>
							<String ID="string_21" HPOS="781" VPOS="213" WIDTH="134" HEIGHT="24" WC="0.92" CONTENT="mellanpunkt"/><SP WIDTH="15" VPOS="213" HPOS="915"/>
							<String ID="string_22" HPOS="930" VPOS="213" WIDTH="12" HEIGHT="19" WC="0.93" CONTENT="&amp;"/>
						</TextLine>
						<TextLine ID="line_3" HPOS="181" VPOS="240" WIDTH="697" HEIGHT="25">
							<String ID="string_23" HPOS="181" VPOS="240" WIDTH="38" HEIGHT="19" WC="0.93" CONTENT="den"/><SP WIDTH="15" VPOS="240" HPOS="219"/>
							<String ID="string_24" HPOS="234" VPOS="240" WIDTH="61" HEIGHT="20" WC="0.92" CONTENT="lända"/><SP WIDTH="15" VPOS="240" HPOS="295"/>
							<String ID="string_25" HPOS="310" VPOS="241" WIDTH="141" HEIGHT="20" WC="0.96" CONTENT="kuststräckan"/><SP WIDTH="16" VPOS="241" HPOS="451"/>
							<String ID="string_26" HPOS="467" VPOS="241" WIDTH="71" HEIGHT="19" WC="0.93" CONTENT="mellan"/><SP WIDTH="16" VPOS="241" HPOS="538"/>
							<String ID="string_27" HPOS="554" VPOS="241" WIDTH="102" HEIGHT="24" WC="0.96" CONTENT="Uleåborg"/><SP WIDTH="15" VPOS="241" HPOS="656"/>
							<String ID="string_28" HPOS="671" VPOS="241" WIDTH="36" HEIGHT="20" WC="0.93" CONTENT="och"/><SP WIDTH="17" VPOS="241" HPOS="707"/>
							<String ID="string_29" HPOS="724" VPOS="241" WIDTH="45" HEIGHT="19" WC="0.91" CONTENT="G:la"/><SP WIDTH="15" VPOS="241" HPOS="769"/>
							<String ID="string_30" HPOS="784" VPOS="241" WIDTH="94" HEIGHT="24" WC="0.96" CONTENT="Karleby."/>
						</TextLine>
					</TextBlock>
					<TextBlock ID="block_2" HPOS="178" VPOS="269" WIDTH="765" HEIGHT="281">
						<TextLine ID="line_4" HPOS="250" VPOS="269" WIDTH="691" HEIGHT="24">
							<String ID="string_31" HPOS="250" VPOS="269" WIDTH="132" HEIGHT="24" WC="0.91" CONTENT="Ritningarna"/><SP WIDTH="15" VPOS="269" HPOS="382"/>
							<String ID="string_32" HPOS="397" VPOS="270" WIDTH="37" HEIGHT="19" WC="0.93" CONTENT="och"/><SP WIDTH="15" VPOS="270" HPOS="434"/>
							<String ID="string_33" HPOS="449" VPOS="269" WIDTH="200" HEIGHT="24" WC="0.92" CONTENT="kostnadsförslagen"/><SP WIDTH="16" VPOS="269" HPOS="649"/>
							<String ID="string_34" HPOS="665" VPOS="269" WIDTH="31" HEIGHT="20" WC="0.93" CONTENT="för"/><SP WIDTH="15" VPOS="269" HPOS="696"/>
							<String ID="string_35" HPOS="711" VPOS="269" WIDTH="94" HEIGHT="24" WC="0.90" CONTENT="bibanan,"/><SP WIDTH="10" VPOS="269" HPOS="805"/>
							<String ID="string_36" HPOS="815" VPOS="269" WIDTH="68" HEIGHT="20" WC="0.93" CONTENT="hvilka"/><SP WIDTH="10" VPOS="269" HPOS="883"/>
							<String ID="string_37" HPOS="893" VPOS="275" WIDTH="48" HEIGHT="18" WC="0.91" CONTENT="upp-"/>
						</TextLine>
						<TextLine ID="line_5" HPOS="180" VPOS="297" WIDTH="763" HEIGHT="24">
							<String ID="string_38" HPOS="180" VPOS="297" WIDTH="63" HEIGHT="24" WC="0.88" CONTENT="gjorts"/><SP WIDTH="23" VPOS="297" HPOS="243"/>
							<String ID="string_39" HPOS="266" VPOS="297" WIDTH="26" HEIGHT="24" WC="0.96" CONTENT="pä"/><SP WIDTH="22" VPOS="297" HPOS="292"/>
							<String ID="string_40" HPOS="314" VPOS="299" WIDTH="64" HEIGHT="22" WC="0.96" CONTENT="grund"/><SP WIDTH="23" VPOS="299" HPOS="378"/>
							<String ID="string_41" HPOS="401" VPOS="298" WIDTH="21" HEIGHT="19" WC="0.96" CONTENT="af"/><SP WIDTH="21" VPOS="298" HPOS="422"/>
							<String ID="string_42" HPOS="443" VPOS="303" WIDTH="25" HEIGHT="14" WC="0.95" CONTENT="en"/><SP WIDTH="23" VPOS="303" HPOS="468"/>
							<String ID="string_43" HPOS="491" VPOS="298" WIDTH="63" HEIGHT="19" WC="0.93" CONTENT="under"/><SP WIDTH="22" VPOS="298" HPOS="554"/>
							<String ID="string_44" HPOS="576" VPOS="298" WIDTH="95" HEIGHT="19" WC="0.92" CONTENT="inseende"/><SP WIDTH="16" VPOS="298" HPOS="671"/>
							<String ID="string_45" HPOS="687" VPOS="298" WIDTH="22" HEIGHT="19" WC="0.93" CONTENT="af"/><SP WIDTH="14" VPOS="298" HPOS="709"/>
							<String ID="string_46" HPOS="723" VPOS="297" WIDTH="171" HEIGHT="24" WC="0.91" CONTENT="öfveringeniören"/><SP WIDTH="15" VPOS="297" HPOS="894"/>
							<String ID="string_47" HPOS="909" VPOS="297" WIDTH="34" HEIGHT="20" WC="0.96" CONTENT="vid"/>
						</TextLine>
						<TextLine ID="line_6" HPOS="180" VPOS="325" WIDTH="762" HEIGHT="25">
							<String ID="string_48" HPOS="180" VPOS="325" WIDTH="112" HEIGHT="24" WC="0.93" CONTENT="Uleåborgs"/><SP WIDTH="19" VPOS="325" HPOS="292"/>
							<String ID="string_49" HPOS="311" VPOS="326" WIDTH="272" HEIGHT="24" WC="0.86" CONTENT="jernvägsbyggnadskomit6"/><SP WIDTH="15" VPOS="326" HPOS="583"/>
							<String ID="string_50" HPOS="598" VPOS="326" WIDTH="103" HEIGHT="19" WC="0.92" CONTENT="verkstäld"/><SP WIDTH="16" VPOS="326" HPOS="701"/>
							<String ID="string_51" HPOS="717" VPOS="327" WIDTH="139" HEIGHT="18" WC="0.81" CONTENT="instrumental"/><SP WIDTH="14" VPOS="327" HPOS="856"/>
							<String ID="string_52" HPOS="870" VPOS="326" WIDTH="72" HEIGHT="19" WC="0.91" CONTENT="under-"/>
						</TextLine>
						<TextLine ID="line_7" HPOS="181" VPOS="354" WIDTH="761" HEIGHT="25">
							<String ID="string_53" HPOS="181" VPOS="354" WIDTH="91" HEIGHT="25" WC="0.93" CONTENT="sökning,"/><SP WIDTH="19" VPOS="354" HPOS="272"/>
							<String ID="string_54" HPOS="291" VPOS="355" WIDTH="71" HEIGHT="23" WC="0.93" CONTENT="utvisa,"/><SP WIDTH="17" VPOS="355" HPOS="362"/>
							<String ID="string_55" HPOS="379" VPOS="357" WIDTH="29" HEIGHT="17" WC="0.93" CONTENT="att"/><SP WIDTH="15" VPOS="357" HPOS="408"/>
							<String ID="string_56" HPOS="423" VPOS="355" WIDTH="74" HEIGHT="19" WC="0.92" CONTENT="banans"/><SP WIDTH="16" VPOS="355" HPOS="497"/>
							<String ID="string_57" HPOS="513" VPOS="355" WIDTH="60" HEIGHT="23" WC="0.92" CONTENT="längd"/><SP WIDTH="16" VPOS="355" HPOS="573"/>
							<String ID="string_58" HPOS="589" VPOS="354" WIDTH="52" HEIGHT="20" WC="0.92" CONTENT="ifrän"/><SP WIDTH="16" VPOS="354" HPOS="641"/>
							<String ID="string_59" HPOS="657" VPOS="355" WIDTH="64" HEIGHT="24" WC="0.96" CONTENT="Lappi"/><SP WIDTH="16" VPOS="355" HPOS="721"/>
							<String ID="string_60" HPOS="737" VPOS="355" WIDTH="74" HEIGHT="19" WC="0.97" CONTENT="station"/><SP WIDTH="16" VPOS="355" HPOS="811"/>
							<String ID="string_61" HPOS="827" VPOS="355" WIDTH="30" HEIGHT="19" WC="0.96" CONTENT="till"/><SP WIDTH="16" VPOS="355" HPOS="857"/>
							<String ID="string_62" HPOS="873" VPOS="354" WIDTH="69" HEIGHT="19" WC="0.96" CONTENT="staden"/>
						</TextLine>
						<TextLine ID="line_8" HPOS="178" VPOS="381" WIDTH="765" HEIGHT="28">
							<String ID="string_63" HPOS="178" VPOS="384" WIDTH="32" HEIGHT="17" WC="0.92" CONTENT="är"/><SP WIDTH="24" VPOS="384" HPOS="210"/>
							<String ID="string_64" HPOS="234" VPOS="381" WIDTH="65" HEIGHT="28" WC="0.58" CONTENT="261/,"/><SP WIDTH="17" VPOS="381" HPOS="299"/>
							<String ID="string_65" HPOS="316" VPOS="385" WIDTH="55" HEIGHT="17" WC="0.93" CONTENT="verst"/><SP WIDTH="14" VPOS="385" HPOS="371"/>
							<String ID="string_66" HPOS="385" VPOS="383" WIDTH="37" HEIGHT="19" WC="0.93" CONTENT="och"/><SP WIDTH="15" VPOS="383" HPOS="422"/>
							<String ID="string_67" HPOS="437" VPOS="383" WIDTH="88" HEIGHT="20" WC="0.93" CONTENT="derifrän"/><SP WIDTH="15" VPOS="383" HPOS="525"/>
							<String ID="string_68" HPOS="540" VPOS="383" WIDTH="30" HEIGHT="19" WC="0.93" CONTENT="till"/><SP WIDTH="16" VPOS="383" HPOS="570"/>
							<String ID="string_69" HPOS="586" VPOS="383" WIDTH="179" HEIGHT="24" WC="0.92" CONTENT="Tjärhofsbryggan"/><SP WIDTH="17" VPOS="383" HPOS="765"/>
							<String ID="string_70" HPOS="782" VPOS="382" WIDTH="30" HEIGHT="27" WC="0.93" CONTENT="1,4"/><SP WIDTH="14" VPOS="382" HPOS="812"/>
							<String ID="string_71" HPOS="826" VPOS="385" WIDTH="54" HEIGHT="18" WC="0.93" CONTENT="verst"/><SP WIDTH="14" VPOS="385" HPOS="880"/>
							<String ID="string_72" HPOS="894" VPOS="382" WIDTH="49" HEIGHT="19" WC="0.96" CONTENT="eller"/>
						</TextLine>
						<TextLine ID="line_9" HPOS="179" VPOS="411" WIDTH="764" HEIGHT="25">
							<String ID="string_73" HPOS="179" VPOS="411" WIDTH="124" HEIGHT="23" WC="0.92" CONTENT="alternativt"/><SP WIDTH="14" VPOS="411" HPOS="303"/>
							<String ID="string_74" HPOS="317" VPOS="411" WIDTH="30" HEIGHT="19" WC="0.93" CONTENT="till"/><SP WIDTH="15" VPOS="411" HPOS="347"/>
							<String ID="string_75" HPOS="362" VPOS="411" WIDTH="116" HEIGHT="25" WC="0.91" CONTENT="Maivaperä"/><SP WIDTH="15" VPOS="411" HPOS="478"/>
							<String ID="string_76" HPOS="493" VPOS="411" WIDTH="36" HEIGHT="20" WC="0.96" CONTENT="bro"/><SP WIDTH="16" VPOS="411" HPOS="529"/>
							<String ID="string_77" HPOS="545" VPOS="411" WIDTH="29" HEIGHT="24" WC="0.93" CONTENT="3,2"/><SP WIDTH="14" VPOS="411" HPOS="574"/>
							<String ID="string_78" HPOS="588" VPOS="413" WIDTH="60" HEIGHT="18" WC="0.88" CONTENT="verst."/><SP WIDTH="30" VPOS="413" HPOS="648"/>
							<String ID="string_79" HPOS="678" VPOS="411" WIDTH="116" HEIGHT="20" WC="0.96" CONTENT="Kostnaden"/><SP WIDTH="16" VPOS="411" HPOS="794"/>
							<String ID="string_80" HPOS="810" VPOS="411" WIDTH="32" HEIGHT="20" WC="0.96" CONTENT="för"/><SP WIDTH="15" VPOS="411" HPOS="842"/>
							<String ID="string_81" HPOS="857" VPOS="417" WIDTH="24" HEIGHT="14" WC="0.93" CONTENT="en"/><SP WIDTH="14" VPOS="417" HPOS="881"/>
							<String ID="string_82" HPOS="895" VPOS="411" WIDTH="48" HEIGHT="19" WC="0.92" CONTENT="linie"/>
						</TextLine>
						<TextLine ID="line_10" HPOS="183" VPOS="436" WIDTH="760" HEIGHT="27">
							<String ID="string_83" HPOS="183" VPOS="436" WIDTH="27" HEIGHT="21" WC="0.40" CONTENT="t!1"/><SP WIDTH="16" VPOS="436" HPOS="210"/>
							<String ID="string_84" HPOS="226" VPOS="439" WIDTH="71" HEIGHT="20" WC="0.96" CONTENT="staden"/><SP WIDTH="18" VPOS="439" HPOS="297"/>
							<String ID="string_85" HPOS="315" VPOS="440" WIDTH="36" HEIGHT="19" WC="0.91" CONTENT="och"/><SP WIDTH="23" VPOS="440" HPOS="351"/>
							<String ID="string_86" HPOS="374" VPOS="440" WIDTH="143" HEIGHT="23" WC="0.91" CONTENT="Tjärhofsbron"/><SP WIDTH="16" VPOS="440" HPOS="517"/>
							<String ID="string_87" HPOS="533" VPOS="443" WIDTH="23" HEIGHT="16" WC="0.93" CONTENT="är"/><SP WIDTH="14" VPOS="443" HPOS="556"/>
							<String ID="string_88" HPOS="570" VPOS="440" WIDTH="103" HEIGHT="19" WC="0.96" CONTENT="beräknad"/><SP WIDTH="15" VPOS="440" HPOS="673"/>
							<String ID="string_89" HPOS="688" VPOS="440" WIDTH="31" HEIGHT="19" WC="0.93" CONTENT="till"/><SP WIDTH="16" VPOS="440" HPOS="719"/>
							<String ID="string_90" HPOS="735" VPOS="439" WIDTH="114" HEIGHT="24" WC="0.92" CONTENT="1,020,000"/><SP WIDTH="15" VPOS="439" HPOS="849"/>
							<String ID="string_91" HPOS="864" VPOS="439" WIDTH="32" HEIGHT="20" WC="0.96" CONTENT="mk"/><SP WIDTH="15" VPOS="439" HPOS="896"/>
							<String ID="string_92" HPOS="911" VPOS="439" WIDTH="32" HEIGHT="19" WC="0.96" CONTENT="för"/>
						</TextLine>
						<TextLine ID="line_11" HPOS="182" VPOS="467" WIDTH="760" HEIGHT="27">
							<String ID="string_93" HPOS="182" VPOS="467" WIDTH="58" HEIGHT="19" WC="0.89" CONTENT="smalt"/><SP WIDTH="19" VPOS="467" HPOS="240"/>
							<String ID="string_94" HPOS="259" VPOS="468" WIDTH="46" HEIGHT="23" WC="0.89" CONTENT="spär"/><SP WIDTH="16" VPOS="468" HPOS="305"/>
							<String ID="string_95" HPOS="321" VPOS="468" WIDTH="36" HEIGHT="19" WC="0.93" CONTENT="och"/><SP WIDTH="17" VPOS="468" HPOS="357"/>
							<String ID="string_96" HPOS="374" VPOS="467" WIDTH="113" HEIGHT="27" WC="0.92" CONTENT="1,188,000"/><SP WIDTH="16" VPOS="467" HPOS="487"/>
							<String ID="string_97" HPOS="503" VPOS="469" WIDTH="32" HEIGHT="18" WC="0.96" CONTENT="mk"/><SP WIDTH="16" VPOS="469" HPOS="535"/>
							<String ID="string_98" HPOS="551" VPOS="468" WIDTH="31" HEIGHT="19" WC="0.96" CONTENT="för"/><SP WIDTH="15" VPOS="468" HPOS="582"/>
							<String ID="string_99" HPOS="597" VPOS="469" WIDTH="87" HEIGHT="18" WC="0.93" CONTENT="normalt"/><SP WIDTH="15" VPOS="469" HPOS="684"/>
							<String ID="string_100" HPOS="699" VPOS="469" WIDTH="57" HEIGHT="23" WC="0.92" CONTENT="spär;"/><SP WIDTH="16" VPOS="469" HPOS="756"/>
							<String ID="string_101" HPOS="772" VPOS="468" WIDTH="79" HEIGHT="19" WC="0.92" CONTENT="hvartill"/><SP WIDTH="16" VPOS="468" HPOS="851"/>
							<String ID="string_102" HPOS="867" VPOS="467" WIDTH="31" HEIGHT="20" WC="0.93" CONTENT="för"/><SP WIDTH="16" VPOS="467" HPOS="898"/>
							<String ID="string_103" HPOS="914" VPOS="467" WIDTH="28" HEIGHT="20" WC="0.93" CONTENT="al-"/>
						</TextLine>
						<TextLine ID="line_12" HPOS="182" VPOS="495" WIDTH="760" HEIGHT="26">
							<String ID="string_104" HPOS="182" VPOS="495" WIDTH="107" HEIGHT="21" WC="0.89" CONTENT="ternativet"/><SP WIDTH="21" VPOS="495" HPOS="289"/>
							<String ID="string_105" HPOS="310" VPOS="497" WIDTH="116" HEIGHT="24" WC="0.91" CONTENT="Maivaperä"/><SP WIDTH="19" VPOS="497" HPOS="426"/>
							<String ID="string_106" HPOS="445" VPOS="497" WIDTH="36" HEIGHT="19" WC="0.96" CONTENT="bro"/><SP WIDTH="16" VPOS="497" HPOS="481"/>
							<String ID="string_107" HPOS="497" VPOS="497" WIDTH="26" HEIGHT="19" WC="0.95" CONTENT="dä"/><SP WIDTH="15" VPOS="497" HPOS="523"/>
							<String ID="string_108" HPOS="538" VPOS="497" WIDTH="64" HEIGHT="19" WC="0.93" CONTENT="skulle"/><SP WIDTH="16" VPOS="497" HPOS="602"/>
							<String ID="string_109" HPOS="618" VPOS="497" WIDTH="111" HEIGHT="19" WC="0.91" CONTENT="tillkomma"/><SP WIDTH="15" VPOS="497" HPOS="729"/>
							<String ID="string_110" HPOS="744" VPOS="497" WIDTH="113" HEIGHT="19" WC="0.92" CONTENT="kostnaden"/><SP WIDTH="15" VPOS="497" HPOS="857"/>
							<String ID="string_111" HPOS="872" VPOS="496" WIDTH="31" HEIGHT="20" WC="0.96" CONTENT="för"/><SP WIDTH="14" VPOS="496" HPOS="903"/>
							<String ID="string_112" HPOS="917" VPOS="501" WIDTH="25" HEIGHT="15" WC="0.97" CONTENT="en"/>
						</TextLine>
						<TextLine ID="line_13" HPOS="181" VPOS="524" WIDTH="290" HEIGHT="26">
							<String ID="string_113" HPOS="181" VPOS="524" WIDTH="47" HEIGHT="20" WC="0.93" CONTENT="linie"/><SP WIDTH="16" VPOS="524" HPOS="228"/>
							<String ID="string_114" HPOS="244" VPOS="524" WIDTH="22" HEIGHT="20" WC="0.96" CONTENT="af"/><SP WIDTH="15" VPOS="524" HPOS="266"/>
							<String ID="string_115" HPOS="281" VPOS="524" WIDTH="28" HEIGHT="24" WC="0.93" CONTENT="1,8"/><SP WIDTH="18" VPOS="524" HPOS="309"/>
							<String ID="string_116" HPOS="327" VPOS="528" WIDTH="63" HEIGHT="16" WC="0.93" CONTENT="versts"/><SP WIDTH="16" VPOS="528" HPOS="390"/>
							<String ID="string_117" HPOS="406" VPOS="526" WIDTH="65" HEIGHT="24" WC="0.92" CONTENT="längd."/>
						</TextLine>
					</TextBlock>
					<TextBlock ID="block_3" HPOS="180" VPOS="552" WIDTH="764" HEIGHT="304">
						<TextLine ID="line_14" HPOS="251" VPOS="552" WIDTH="691" HEIGHT="26">
							<String ID="string_118" HPOS="251" VPOS="552" WIDTH="28" HEIGHT="20" WC="0.92" CONTENT="Af"/><SP WIDTH="14" VPOS="552" HPOS="279"/>
							<String ID="string_119" HPOS="293" VPOS="554" WIDTH="132" HEIGHT="24" WC="0.92" CONTENT="petitionären"/><SP WIDTH="16" VPOS="554" HPOS="425"/>
							<String ID="string_120" HPOS="441" VPOS="554" WIDTH="33" HEIGHT="19" WC="0.93" CONTENT="vid"/><SP WIDTH="15" VPOS="554" HPOS="474"/>
							<String ID="string_121" HPOS="489" VPOS="556" WIDTH="79" HEIGHT="17" WC="0.92" CONTENT="senaste"/><SP WIDTH="16" VPOS="556" HPOS="568"/>
							<String ID="string_122" HPOS="584" VPOS="554" WIDTH="101" HEIGHT="24" WC="0.93" CONTENT="landtdag,"/><SP WIDTH="11" VPOS="554" HPOS="685"/>
							<String ID="string_123" HPOS="696" VPOS="554" WIDTH="27" HEIGHT="24" WC="0.96" CONTENT="pä"/><SP WIDTH="15" VPOS="554" HPOS="723"/>
							<String ID="string_124" HPOS="738" VPOS="554" WIDTH="63" HEIGHT="23" WC="0.96" CONTENT="grund"/><SP WIDTH="16" VPOS="554" HPOS="801"/>
							<String ID="string_125" HPOS="817" VPOS="554" WIDTH="22" HEIGHT="19" WC="0.95" CONTENT="af"/><SP WIDTH="13" VPOS="554" HPOS="839"/>
							<String ID="string_126" HPOS="852" VPOS="554" WIDTH="7" HEIGHT="18" WC="0.93" CONTENT="i"/><SP WIDTH="16" VPOS="554" HPOS="859"/>
							<String ID="string_127" HPOS="875" VPOS="552" WIDTH="67" HEIGHT="20" WC="0.92" CONTENT="ofvan-"/>
						</TextLine>
						<TextLine ID="line_15" HPOS="182" VPOS="580" WIDTH="762" HEIGHT="26">
							<String ID="string_128" HPOS="182" VPOS="581" WIDTH="86" HEIGHT="19" WC="0.88" CONTENT="nämnda"/><SP WIDTH="21" VPOS="581" HPOS="268"/>
							<String ID="string_129" HPOS="289" VPOS="582" WIDTH="198" HEIGHT="24" WC="0.68" CONTENT="petitionsmemorial"/><SP WIDTH="22" VPOS="582" HPOS="487"/>
							<String ID="string_130" HPOS="509" VPOS="582" WIDTH="85" HEIGHT="20" WC="0.96" CONTENT="anförda"/><SP WIDTH="25" VPOS="582" HPOS="594"/>
							<String ID="string_131" HPOS="619" VPOS="582" WIDTH="75" HEIGHT="24" WC="0.96" CONTENT="kalkyl,"/><SP WIDTH="26" VPOS="582" HPOS="694"/>
							<String ID="string_132" HPOS="720" VPOS="582" WIDTH="114" HEIGHT="19" WC="0.96" CONTENT="beräknade"/><SP WIDTH="26" VPOS="582" HPOS="834"/>
							<String ID="string_133" HPOS="860" VPOS="581" WIDTH="37" HEIGHT="20" WC="0.95" CONTENT="och"/><SP WIDTH="26" VPOS="581" HPOS="897"/>
							<String ID="string_134" HPOS="923" VPOS="580" WIDTH="21" HEIGHT="20" WC="0.95" CONTENT="af"/>
						</TextLine>
						<TextLine ID="line_16" HPOS="180" VPOS="608" WIDTH="763" HEIGHT="28">
							<String ID="string_135" HPOS="180" VPOS="610" WIDTH="194" HEIGHT="23" WC="0.92" CONTENT="jernvägsutskottet"/><SP WIDTH="24" VPOS="610" HPOS="374"/>
							<String ID="string_136" HPOS="398" VPOS="610" WIDTH="51" HEIGHT="20" WC="0.93" CONTENT="efter"/><SP WIDTH="22" VPOS="610" HPOS="449"/>
							<String ID="string_137" HPOS="471" VPOS="611" WIDTH="122" HEIGHT="23" WC="0.88" CONTENT="granskning"/><SP WIDTH="24" VPOS="611" HPOS="593"/>
							<String ID="string_138" HPOS="617" VPOS="611" WIDTH="123" HEIGHT="19" WC="0.88" CONTENT="reducerade"/><SP WIDTH="17" VPOS="611" HPOS="740"/>
							<String ID="string_139" HPOS="757" VPOS="608" WIDTH="186" HEIGHT="28" WC="0.90" CONTENT="trafikinkomsten"/>
						</TextLine>
						<TextLine ID="line_17" HPOS="183" VPOS="638" WIDTH="759" HEIGHT="24">
							<String ID="string_140" HPOS="183" VPOS="638" WIDTH="64" HEIGHT="19" WC="0.96" CONTENT="skulle"/><SP WIDTH="21" VPOS="638" HPOS="247"/>
							<String ID="string_141" HPOS="268" VPOS="639" WIDTH="65" HEIGHT="19" WC="0.96" CONTENT="under"/><SP WIDTH="22" VPOS="639" HPOS="333"/>
							<String ID="string_142" HPOS="355" VPOS="639" WIDTH="24" HEIGHT="19" WC="0.96" CONTENT="de"/><SP WIDTH="23" VPOS="639" HPOS="379"/>
							<String ID="string_143" HPOS="402" VPOS="639" WIDTH="63" HEIGHT="19" WC="0.93" CONTENT="första"/><SP WIDTH="20" VPOS="639" HPOS="465"/>
							<String ID="string_144" HPOS="485" VPOS="639" WIDTH="79" HEIGHT="19" WC="0.92" CONTENT="tiderna"/><SP WIDTH="14" VPOS="639" HPOS="564"/>
							<String ID="string_145" HPOS="578" VPOS="641" WIDTH="72" HEIGHT="21" WC="0.93" CONTENT="utgöra"/><SP WIDTH="15" VPOS="641" HPOS="650"/>
							<String ID="string_146" HPOS="665" VPOS="639" WIDTH="40" HEIGHT="19" WC="0.92" CONTENT="fmk"/><SP WIDTH="16" VPOS="639" HPOS="705"/>
							<String ID="string_147" HPOS="721" VPOS="638" WIDTH="80" HEIGHT="24" WC="0.93" CONTENT="41,500"/><SP WIDTH="15" VPOS="638" HPOS="801"/>
							<String ID="string_148" HPOS="816" VPOS="645" WIDTH="23" HEIGHT="17" WC="0.96" CONTENT="pr"/><SP WIDTH="15" VPOS="645" HPOS="839"/>
							<String ID="string_149" HPOS="854" VPOS="639" WIDTH="29" HEIGHT="19" WC="0.95" CONTENT="är."/><SP WIDTH="29" VPOS="639" HPOS="883"/>
							<String ID="string_150" HPOS="912" VPOS="638" WIDTH="30" HEIGHT="18" WC="0.96" CONTENT="De"/>
						</TextLine>
						<TextLine ID="line_18" HPOS="182" VPOS="665" WIDTH="761" HEIGHT="26">
							<String ID="string_151" HPOS="182" VPOS="666" WIDTH="64" HEIGHT="24" WC="0.96" CONTENT="årliga"/><SP WIDTH="22" VPOS="666" HPOS="246"/>
							<String ID="string_152" HPOS="268" VPOS="667" WIDTH="108" HEIGHT="23" WC="0.95" CONTENT="utgifterna"/><SP WIDTH="22" VPOS="667" HPOS="376"/>
							<String ID="string_153" HPOS="398" VPOS="670" WIDTH="35" HEIGHT="16" WC="0.96" CONTENT="äro"/><SP WIDTH="23" VPOS="670" HPOS="433"/>
							<String ID="string_154" HPOS="456" VPOS="667" WIDTH="21" HEIGHT="20" WC="0.92" CONTENT="af"/><SP WIDTH="20" VPOS="667" HPOS="477"/>
							<String ID="string_155" HPOS="497" VPOS="667" WIDTH="192" HEIGHT="24" WC="0.92" CONTENT="jernvägsutskottet"/><SP WIDTH="22" VPOS="667" HPOS="689"/>
							<String ID="string_156" HPOS="711" VPOS="667" WIDTH="115" HEIGHT="19" WC="0.95" CONTENT="beräknade"/><SP WIDTH="23" VPOS="667" HPOS="826"/>
							<String ID="string_157" HPOS="849" VPOS="666" WIDTH="31" HEIGHT="20" WC="0.93" CONTENT="till"/><SP WIDTH="22" VPOS="666" HPOS="880"/>
							<String ID="string_158" HPOS="902" VPOS="665" WIDTH="41" HEIGHT="19" WC="0.92" CONTENT="fmk"/>
						</TextLine>
						<TextLine ID="line_19" HPOS="182" VPOS="694" WIDTH="760" HEIGHT="27">
							<String ID="string_159" HPOS="182" VPOS="694" WIDTH="85" HEIGHT="27" WC="0.88" CONTENT="54,000,"/><SP WIDTH="26" VPOS="694" HPOS="267"/>
							<String ID="string_160" HPOS="293" VPOS="696" WIDTH="77" HEIGHT="19" WC="0.88" CONTENT="hvadan"/><SP WIDTH="27" VPOS="696" HPOS="370"/>
							<String ID="string_161" HPOS="397" VPOS="702" WIDTH="24" HEIGHT="13" WC="0.90" CONTENT="en"/><SP WIDTH="23" VPOS="702" HPOS="421"/>
							<String ID="string_162" HPOS="444" VPOS="696" WIDTH="50" HEIGHT="23" WC="0.90" CONTENT="ärlig"/><SP WIDTH="22" VPOS="696" HPOS="494"/>
							<String ID="string_163" HPOS="516" VPOS="696" WIDTH="50" HEIGHT="19" WC="0.92" CONTENT="brist"/><SP WIDTH="24" VPOS="696" HPOS="566"/>
							<String ID="string_164" HPOS="590" VPOS="695" WIDTH="22" HEIGHT="20" WC="0.93" CONTENT="af"/><SP WIDTH="20" VPOS="695" HPOS="612"/>
							<String ID="string_165" HPOS="632" VPOS="695" WIDTH="41" HEIGHT="19" WC="0.93" CONTENT="fmk"/><SP WIDTH="19" VPOS="695" HPOS="673"/>
							<String ID="string_166" HPOS="692" VPOS="694" WIDTH="77" HEIGHT="25" WC="0.91" CONTENT="12,500"/><SP WIDTH="16" VPOS="694" HPOS="769"/>
							<String ID="string_167" HPOS="785" VPOS="695" WIDTH="63" HEIGHT="19" WC="0.93" CONTENT="skulle"/><SP WIDTH="16" VPOS="695" HPOS="848"/>
							<String ID="string_168" HPOS="864" VPOS="694" WIDTH="78" HEIGHT="24" WC="0.92" CONTENT="uppstä."/>
						</TextLine>
						<TextLine ID="line_20" HPOS="182" VPOS="722" WIDTH="761" HEIGHT="22">
							<String ID="string_169" HPOS="182" VPOS="722" WIDTH="72" HEIGHT="20" WC="0.91" CONTENT="Denna"/><SP WIDTH="22" VPOS="722" HPOS="254"/>
							<String ID="string_170" HPOS="276" VPOS="724" WIDTH="51" HEIGHT="19" WC="0.91" CONTENT="brist"/><SP WIDTH="21" VPOS="724" HPOS="327"/>
							<String ID="string_171" HPOS="348" VPOS="724" WIDTH="95" HEIGHT="20" WC="0.92" CONTENT="betäckes"/><SP WIDTH="23" VPOS="724" HPOS="443"/>
							<String ID="string_172" HPOS="466" VPOS="724" WIDTH="30" HEIGHT="19" WC="0.96" CONTENT="till"/><SP WIDTH="16" VPOS="724" HPOS="496"/>
							<String ID="string_173" HPOS="512" VPOS="726" WIDTH="75" HEIGHT="17" WC="0.96" CONTENT="största"/><SP WIDTH="15" VPOS="726" HPOS="587"/>
							<String ID="string_174" HPOS="602" VPOS="724" WIDTH="58" HEIGHT="19" WC="0.96" CONTENT="delen"/><SP WIDTH="16" VPOS="724" HPOS="660"/>
							<String ID="string_175" HPOS="676" VPOS="724" WIDTH="21" HEIGHT="19" WC="0.97" CONTENT="af"/><SP WIDTH="15" VPOS="724" HPOS="697"/>
							<String ID="string_176" HPOS="712" VPOS="724" WIDTH="34" HEIGHT="19" WC="0.96" CONTENT="det"/><SP WIDTH="15" VPOS="724" HPOS="746"/>
							<String ID="string_177" HPOS="761" VPOS="724" WIDTH="21" HEIGHT="19" WC="0.97" CONTENT="af"/><SP WIDTH="15" VPOS="724" HPOS="782"/>
							<String ID="string_178" HPOS="797" VPOS="724" WIDTH="69" HEIGHT="19" WC="0.93" CONTENT="staden"/><SP WIDTH="16" VPOS="724" HPOS="866"/>
							<String ID="string_179" HPOS="882" VPOS="722" WIDTH="61" HEIGHT="20" WC="0.93" CONTENT="utlof-"/>
						</TextLine>
						<TextLine ID="line_21" HPOS="183" VPOS="746" WIDTH="760" HEIGHT="30">
							<String ID="string_180" HPOS="183" VPOS="752" WIDTH="50" HEIGHT="19" WC="0.93" CONTENT="vade"/><SP WIDTH="25" VPOS="752" HPOS="233"/>
							<String ID="string_181" HPOS="258" VPOS="752" WIDTH="64" HEIGHT="24" WC="0.93" CONTENT="ärliga"/><SP WIDTH="21" VPOS="752" HPOS="322"/>
							<String ID="string_182" HPOS="343" VPOS="752" WIDTH="91" HEIGHT="24" WC="0.96" CONTENT="bidraget"/><SP WIDTH="22" VPOS="752" HPOS="434"/>
							<String ID="string_183" HPOS="456" VPOS="752" WIDTH="22" HEIGHT="20" WC="0.93" CONTENT="af"/><SP WIDTH="14" VPOS="752" HPOS="478"/>
							<String ID="string_184" HPOS="492" VPOS="752" WIDTH="40" HEIGHT="19" WC="0.91" CONTENT="fmk"/><SP WIDTH="16" VPOS="752" HPOS="532"/>
							<String ID="string_185" HPOS="548" VPOS="752" WIDTH="78" HEIGHT="24" WC="0.91" CONTENT="10,000"/><SP WIDTH="16" VPOS="752" HPOS="626"/>
							<String ID="string_186" HPOS="642" VPOS="752" WIDTH="6" HEIGHT="19" WC="0.96" CONTENT="i"/><SP WIDTH="16" VPOS="752" HPOS="648"/>
							<String ID="string_187" HPOS="664" VPOS="752" WIDTH="27" HEIGHT="19" WC="0.93" CONTENT="30"/><SP WIDTH="16" VPOS="752" HPOS="691"/>
							<String ID="string_188" HPOS="707" VPOS="752" WIDTH="33" HEIGHT="20" WC="0.95" CONTENT="års"/><SP WIDTH="17" VPOS="752" HPOS="740"/>
							<String ID="string_189" HPOS="757" VPOS="752" WIDTH="34" HEIGHT="19" WC="0.86" CONTENT="tid."/><SP WIDTH="30" VPOS="752" HPOS="791"/>
							<String ID="string_190" HPOS="821" VPOS="746" WIDTH="122" HEIGHT="25" WC="0.96" CONTENT="Återstoden"/>
						</TextLine>
						<TextLine ID="line_22" HPOS="182" VPOS="778" WIDTH="762" HEIGHT="26">
							<String ID="string_191" HPOS="182" VPOS="779" WIDTH="41" HEIGHT="20" WC="0.92" CONTENT="fmk"/><SP WIDTH="23" VPOS="779" HPOS="223"/>
							<String ID="string_192" HPOS="246" VPOS="780" WIDTH="64" HEIGHT="23" WC="0.93" CONTENT="2,500"/><SP WIDTH="23" VPOS="780" HPOS="310"/>
							<String ID="string_193" HPOS="333" VPOS="781" WIDTH="61" HEIGHT="19" WC="0.91" CONTENT="mäste"/><SP WIDTH="23" VPOS="781" HPOS="394"/>
							<String ID="string_194" HPOS="417" VPOS="782" WIDTH="31" HEIGHT="18" WC="0.96" CONTENT="väl"/><SP WIDTH="22" VPOS="782" HPOS="448"/>
							<String ID="string_195" HPOS="470" VPOS="786" WIDTH="58" HEIGHT="14" WC="0.96" CONTENT="anses"/><SP WIDTH="21" VPOS="786" HPOS="528"/>
							<String ID="string_196" HPOS="549" VPOS="781" WIDTH="78" HEIGHT="19" WC="0.96" CONTENT="komma"/><SP WIDTH="16" VPOS="781" HPOS="627"/>
							<String ID="string_197" HPOS="643" VPOS="783" WIDTH="30" HEIGHT="17" WC="0.93" CONTENT="att"/><SP WIDTH="15" VPOS="783" HPOS="673"/>
							<String ID="string_198" HPOS="688" VPOS="780" WIDTH="109" HEIGHT="24" WC="0.92" CONTENT="mängfaldt"/><SP WIDTH="15" VPOS="780" HPOS="797"/>
							<String ID="string_199" HPOS="812" VPOS="780" WIDTH="95" HEIGHT="19" WC="0.91" CONTENT="betäckas"/><SP WIDTH="16" VPOS="780" HPOS="907"/>
							<String ID="string_200" HPOS="923" VPOS="778" WIDTH="21" HEIGHT="20" WC="0.97" CONTENT="af"/>
						</TextLine>
						<TextLine ID="line_23" HPOS="182" VPOS="808" WIDTH="761" HEIGHT="21">
							<String ID="string_201" HPOS="182" VPOS="808" WIDTH="25" HEIGHT="20" WC="0.90" CONTENT="de"/><SP WIDTH="23" VPOS="808" HPOS="207"/>
							<String ID="string_202" HPOS="230" VPOS="808" WIDTH="65" HEIGHT="20" WC="0.88" CONTENT="ökade"/><SP WIDTH="22" VPOS="808" HPOS="295"/>
							<String ID="string_203" HPOS="317" VPOS="809" WIDTH="108" HEIGHT="20" WC="0.93" CONTENT="inkomster"/><SP WIDTH="15" VPOS="809" HPOS="425"/>
							<String ID="string_204" HPOS="440" VPOS="810" WIDTH="86" HEIGHT="19" WC="0.93" CONTENT="bibanan"/><SP WIDTH="15" VPOS="810" HPOS="526"/>
							<String ID="string_205" HPOS="541" VPOS="809" WIDTH="89" HEIGHT="20" WC="0.96" CONTENT="kommer"/><SP WIDTH="15" VPOS="809" HPOS="630"/>
							<String ID="string_206" HPOS="645" VPOS="811" WIDTH="30" HEIGHT="17" WC="0.93" CONTENT="att"/><SP WIDTH="14" VPOS="811" HPOS="675"/>
							<String ID="string_207" HPOS="689" VPOS="808" WIDTH="76" HEIGHT="20" WC="0.92" CONTENT="tillföra"/><SP WIDTH="14" VPOS="808" HPOS="765"/>
							<String ID="string_208" HPOS="779" VPOS="808" WIDTH="164" HEIGHT="20" WC="0.92" CONTENT="hufvudbanorna"/>
						</TextLine>
						<TextLine ID="line_24" HPOS="182" VPOS="837" WIDTH="97" HEIGHT="19">
							<String ID="string_209" HPOS="182" VPOS="837" WIDTH="7" HEIGHT="18" WC="0.96" CONTENT="i"/><SP WIDTH="16" VPOS="837" HPOS="189"/>
							<String ID="string_210" HPOS="205" VPOS="837" WIDTH="74" HEIGHT="19" WC="0.96" CONTENT="landet."/>
						</TextLine>
					</TextBlock>
					<TextBlock ID="block_4" HPOS="182" VPOS="864" WIDTH="761" HEIGHT="85">
						<TextLine ID="line_25" HPOS="252" VPOS="864" WIDTH="691" HEIGHT="27">
							<String ID="string_211" HPOS="252" VPOS="864" WIDTH="30" HEIGHT="21" WC="0.90" CONTENT="Pä"/><SP WIDTH="22" VPOS="864" HPOS="282"/>
							<String ID="string_212" HPOS="304" VPOS="866" WIDTH="63" HEIGHT="23" WC="0.96" CONTENT="grund"/><SP WIDTH="23" VPOS="866" HPOS="367"/>
							<String ID="string_213" HPOS="390" VPOS="866" WIDTH="22" HEIGHT="20" WC="0.93" CONTENT="af"/><SP WIDTH="13" VPOS="866" HPOS="412"/>
							<String ID="string_214" HPOS="425" VPOS="866" WIDTH="52" HEIGHT="19" WC="0.92" CONTENT="hvad"/><SP WIDTH="17" VPOS="866" HPOS="477"/>
							<String ID="string_215" HPOS="494" VPOS="866" WIDTH="34" HEIGHT="24" WC="0.93" CONTENT="jag"/><SP WIDTH="15" VPOS="866" HPOS="528"/>
							<String ID="string_216" HPOS="543" VPOS="865" WIDTH="92" HEIGHT="20" WC="0.92" CONTENT="ofvanför"/><SP WIDTH="15" VPOS="865" HPOS="635"/>
							<String ID="string_217" HPOS="650" VPOS="865" WIDTH="43" HEIGHT="20" WC="0.91" CONTENT="haft"/><SP WIDTH="16" VPOS="865" HPOS="693"/>
							<String ID="string_218" HPOS="709" VPOS="868" WIDTH="47" HEIGHT="16" WC="0.93" CONTENT="äran"/><SP WIDTH="17" VPOS="868" HPOS="756"/>
							<String ID="string_219" HPOS="773" VPOS="864" WIDTH="76" HEIGHT="27" WC="0.93" CONTENT="anföra,"/><SP WIDTH="16" VPOS="864" HPOS="849"/>
							<String ID="string_220" HPOS="865" VPOS="864" WIDTH="31" HEIGHT="20" WC="0.90" CONTENT="fär"/><SP WIDTH="13" VPOS="864" HPOS="896"/>
							<String ID="string_221" HPOS="909" VPOS="864" WIDTH="34" HEIGHT="24" WC="0.96" CONTENT="jag"/>
						</TextLine>
						<TextLine ID="line_26" HPOS="182" VPOS="893" WIDTH="760" HEIGHT="25">
							<String ID="string_222" HPOS="182" VPOS="894" WIDTH="103" HEIGHT="19" WC="0.90" CONTENT="vördsamt"/><SP WIDTH="22" VPOS="894" HPOS="285"/>
							<String ID="string_223" HPOS="307" VPOS="894" WIDTH="79" HEIGHT="20" WC="0.96" CONTENT="anhålla"/><SP WIDTH="22" VPOS="894" HPOS="386"/>
							<String ID="string_224" HPOS="408" VPOS="900" WIDTH="31" HEIGHT="14" WC="0.93" CONTENT="om"/><SP WIDTH="15" VPOS="900" HPOS="439"/>
							<String ID="string_225" HPOS="454" VPOS="894" WIDTH="179" HEIGHT="24" WC="0.92" CONTENT="Borgareständets"/><SP WIDTH="15" VPOS="894" HPOS="633"/>
							<String ID="string_226" HPOS="648" VPOS="894" WIDTH="121" HEIGHT="19" WC="0.96" CONTENT="medverkan"/><SP WIDTH="16" VPOS="894" HPOS="769"/>
							<String ID="string_227" HPOS="785" VPOS="894" WIDTH="30" HEIGHT="18" WC="0.96" CONTENT="till"/><SP WIDTH="16" VPOS="894" HPOS="815"/>
							<String ID="string_228" HPOS="831" VPOS="899" WIDTH="24" HEIGHT="13" WC="0.93" CONTENT="en"/><SP WIDTH="16" VPOS="899" HPOS="855"/>
							<String ID="string_229" HPOS="871" VPOS="893" WIDTH="71" HEIGHT="19" WC="0.46" CONTENT="uuder-"/>
						</TextLine>
						<TextLine ID="line_27" HPOS="184" VPOS="922" WIDTH="167" HEIGHT="27">
							<String ID="string_230" HPOS="184" VPOS="922" WIDTH="59" HEIGHT="24" WC="0.91" CONTENT="dänig"/><SP WIDTH="15" VPOS="922" HPOS="243"/>
							<String ID="string_231" HPOS="258" VPOS="923" WIDTH="93" HEIGHT="26" WC="0.93" CONTENT="petition,"/>
						</TextLine>
					</TextBlock>
				</ComposedBlock>
				<ComposedBlock ID="cblock_2" HPOS="327" VPOS="981" WIDTH="616" HEIGHT="88">
					<TextBlock ID="block_5" HPOS="327" VPOS="981" WIDTH="616" HEIGHT="88">
						<TextLine ID="line_28" HPOS="391" VPOS="981" WIDTH="552" HEIGHT="33">
							<String ID="string_232" HPOS="391" VPOS="986" WIDTH="32" HEIGHT="19" WC="0.93" CONTENT="att"/><SP WIDTH="22" VPOS="986" HPOS="423"/>
							<String ID="string_233" HPOS="445" VPOS="991" WIDTH="26" HEIGHT="14" WC="0.93" CONTENT="en"/><SP WIDTH="26" VPOS="991" HPOS="471"/>
							<String ID="string_234" HPOS="497" VPOS="984" WIDTH="79" HEIGHT="21" WC="0.96" CONTENT="bibana"/><SP WIDTH="22" VPOS="984" HPOS="576"/>
							<String ID="string_235" HPOS="598" VPOS="986" WIDTH="89" HEIGHT="19" WC="0.95" CONTENT="snarast"/><SP WIDTH="23" VPOS="986" HPOS="687"/>
							<String ID="string_236" HPOS="710" VPOS="983" WIDTH="86" HEIGHT="28" WC="0.91" CONTENT="möjligt"/><SP WIDTH="19" VPOS="983" HPOS="796"/>
							<String ID="string_237" HPOS="815" VPOS="983" WIDTH="65" HEIGHT="20" WC="0.96" CONTENT="måtte"/><SP WIDTH="14" VPOS="983" HPOS="880"/>
							<String ID="string_238" HPOS="894" VPOS="981" WIDTH="49" HEIGHT="33" WC="0.96" CONTENT="med"/>
						</TextLine>
						<TextLine ID="line_29" HPOS="327" VPOS="1009" WIDTH="616" HEIGHT="31">
							<String ID="string_239" HPOS="327" VPOS="1013" WIDTH="114" HEIGHT="20" WC="0.96" CONTENT="allmänna"/><SP WIDTH="18" VPOS="1013" HPOS="441"/>
							<String ID="string_240" HPOS="459" VPOS="1013" WIDTH="68" HEIGHT="20" WC="0.93" CONTENT="medel"/><SP WIDTH="19" VPOS="1013" HPOS="527"/>
							<String ID="string_241" HPOS="546" VPOS="1012" WIDTH="80" HEIGHT="28" WC="0.91" CONTENT="byggas"/><SP WIDTH="15" VPOS="1012" HPOS="626"/>
							<String ID="string_242" HPOS="641" VPOS="1013" WIDTH="63" HEIGHT="26" WC="0.89" CONTENT="ifrän"/><SP WIDTH="15" VPOS="1013" HPOS="704"/>
							<String ID="string_243" HPOS="719" VPOS="1011" WIDTH="76" HEIGHT="27" WC="0.96" CONTENT="Lappi"/><SP WIDTH="15" VPOS="1011" HPOS="795"/>
							<String ID="string_244" HPOS="810" VPOS="1011" WIDTH="81" HEIGHT="21" WC="0.96" CONTENT="station"/><SP WIDTH="15" VPOS="1011" HPOS="891"/>
							<String ID="string_245" HPOS="906" VPOS="1009" WIDTH="37" HEIGHT="22" WC="0.96" CONTENT="vid"/>
						</TextLine>
						<TextLine ID="line_30" HPOS="327" VPOS="1039" WIDTH="528" HEIGHT="30">
							<String ID="string_246" HPOS="327" VPOS="1039" WIDTH="145" HEIGHT="30" WC="0.62" CONTENT="Uleäborgska"/><SP WIDTH="11" VPOS="1039" HPOS="472"/>
							<String ID="string_247" HPOS="483" VPOS="1041" WIDTH="175" HEIGHT="28" WC="0.89" CONTENT="jernvägslinien"/><SP WIDTH="15" VPOS="1041" HPOS="658"/>
							<String ID="string_248" HPOS="673" VPOS="1040" WIDTH="35" HEIGHT="21" WC="0.93" CONTENT="till"/><SP WIDTH="15" VPOS="1040" HPOS="708"/>
							<String ID="string_249" HPOS="723" VPOS="1039" WIDTH="132" HEIGHT="22" WC="0.95" CONTENT="Brahestad."/>
						</TextLine>
					</TextBlock>
				</ComposedBlock>
				<ComposedBlock ID="cblock_3" HPOS="183" VPOS="1103" WIDTH="760" HEIGHT="54">
					<TextBlock ID="block_6" HPOS="183" VPOS="1103" WIDTH="760" HEIGHT="54">
						<TextLine ID="line_31" HPOS="253" VPOS="1103" WIDTH="690" HEIGHT="25">
							<String ID="string_250" HPOS="253" VPOS="1103" WIDTH="78" HEIGHT="25" WC="0.96" CONTENT="Utdrag"/><SP WIDTH="22" VPOS="1103" HPOS="331"/>
							<String ID="string_251" HPOS="353" VPOS="1104" WIDTH="22" HEIGHT="19" WC="0.93" CONTENT="af"/><SP WIDTH="20" VPOS="1104" HPOS="375"/>
							<String ID="string_252" HPOS="395" VPOS="1104" WIDTH="108" HEIGHT="20" WC="0.93" CONTENT="förstärkte"/><SP WIDTH="16" VPOS="1104" HPOS="503"/>
							<String ID="string_253" HPOS="519" VPOS="1104" WIDTH="190" HEIGHT="23" WC="0.92" CONTENT="stadsfullmäktiges"/><SP WIDTH="16" VPOS="1104" HPOS="709"/>
							<String ID="string_254" HPOS="725" VPOS="1103" WIDTH="22" HEIGHT="21" WC="0.91" CONTENT="i-"/><SP WIDTH="0" VPOS="1103" HPOS="747"/>
							<String ID="string_255" HPOS="747" VPOS="1103" WIDTH="111" HEIGHT="19" WC="0.93" CONTENT="Brahestad"/><SP WIDTH="16" VPOS="1103" HPOS="858"/>
							<String ID="string_256" HPOS="874" VPOS="1104" WIDTH="69" HEIGHT="22" WC="0.91" CONTENT="proto-"/>
						</TextLine>
						<TextLine ID="line_32" HPOS="183" VPOS="1129" WIDTH="706" HEIGHT="28">
							<String ID="string_257" HPOS="183" VPOS="1132" WIDTH="43" HEIGHT="19" WC="0.93" CONTENT="koll"/><SP WIDTH="14" VPOS="1132" HPOS="226"/>
							<String ID="string_258" HPOS="240" VPOS="1132" WIDTH="90" HEIGHT="25" WC="0.91" CONTENT="bilägges"/><SP WIDTH="16" VPOS="1132" HPOS="330"/>
							<String ID="string_259" HPOS="346" VPOS="1133" WIDTH="107" HEIGHT="20" WC="0.89" CONTENT="vördsamt."/><SP WIDTH="30" VPOS="1133" HPOS="453"/>
							<String ID="string_260" HPOS="483" VPOS="1133" WIDTH="131" HEIGHT="23" WC="0.95" CONTENT="Helsingfors,"/><SP WIDTH="16" VPOS="1133" HPOS="614"/>
							<String ID="string_261" HPOS="630" VPOS="1133" WIDTH="38" HEIGHT="18" WC="0.96" CONTENT="den"/><SP WIDTH="15" VPOS="1133" HPOS="668"/>
							<String ID="string_262" HPOS="683" VPOS="1131" WIDTH="14" HEIGHT="20" WC="0.96" CONTENT="3"/><SP WIDTH="15" VPOS="1131" HPOS="697"/>
							<String ID="string_263" HPOS="712" VPOS="1131" WIDTH="99" HEIGHT="20" WC="0.96" CONTENT="Februari"/><SP WIDTH="16" VPOS="1131" HPOS="811"/>
							<String ID="string_264" HPOS="827" VPOS="1129" WIDTH="62" HEIGHT="21" WC="0.96" CONTENT="1888."/>
						</TextLine>
					</TextBlock>
				</ComposedBlock>
				<ComposedBlock ID="cblock_4" HPOS="701" VPOS="1186" WIDTH="173" HEIGHT="22">
					<TextBlock ID="block_7" HPOS="701" VPOS="1186" WIDTH="173" HEIGHT="22">
						<TextLine ID="line_33" HPOS="701" VPOS="1186" WIDTH="173" HEIGHT="22">
							<String ID="string_265" HPOS="701" VPOS="1187" WIDTH="22" HEIGHT="21" WC="0.91" CONTENT="€."/><SP WIDTH="15" VPOS="1187" HPOS="723"/>
							<String ID="string_266" HPOS="738" VPOS="1187" WIDTH="21" HEIGHT="21" WC="0.90" CONTENT="F."/><SP WIDTH="17" VPOS="1187" HPOS="759"/>
							<String ID="string_267" HPOS="776" VPOS="1186" WIDTH="98" HEIGHT="21" WC="0.96" CONTENT="Snellman."/>
						</TextLine>
					</TextBlock>
				</ComposedBlock>
				<ComposedBlock ID="cblock_5" HPOS="549" VPOS="1322" WIDTH="21" HEIGHT="19">
					<TextBlock ID="block_8" HPOS="549" VPOS="1322" WIDTH="21" HEIGHT="19">
						<TextLine ID="line_34" HPOS="549" VPOS="1322" WIDTH="21" HEIGHT="19">
							<String ID="string_268" HPOS="549" VPOS="1322" WIDTH="21" HEIGHT="19" WC="0.92" CONTENT="4,"/>
						</TextLine>
					</TextBlock>
				</ComposedBlock>
				<ComposedBlock ID="cblock_6" HPOS="182" VPOS="1377" WIDTH="766" HEIGHT="133">
					<TextBlock ID="block_9" HPOS="182" VPOS="1377" WIDTH="766" HEIGHT="133">
						<TextLine ID="line_35" HPOS="251" VPOS="1377" WIDTH="697" HEIGHT="31">
							<String ID="string_269" HPOS="251" VPOS="1380" WIDTH="60" HEIGHT="22" WC="0.93" CONTENT="Från"/><SP WIDTH="21" VPOS="1380" HPOS="311"/>
							<String ID="string_270" HPOS="332" VPOS="1380" WIDTH="185" HEIGHT="28" WC="0.90" CONTENT="Borgareståndet"/><SP WIDTH="20" VPOS="1380" HPOS="517"/>
							<String ID="string_271" HPOS="537" VPOS="1382" WIDTH="32" HEIGHT="20" WC="0.93" CONTENT="ett"/><SP WIDTH="14" VPOS="1382" HPOS="569"/>
							<String ID="string_272" HPOS="583" VPOS="1379" WIDTH="221" HEIGHT="29" WC="0.90" CONTENT="petitionsmemorial,"/><SP WIDTH="17" VPOS="1379" HPOS="804"/>
							<String ID="string_273" HPOS="821" VPOS="1377" WIDTH="88" HEIGHT="29" WC="0.92" CONTENT="ingifvet"/><SP WIDTH="15" VPOS="1377" HPOS="909"/>
							<String ID="string_274" HPOS="924" VPOS="1377" WIDTH="24" HEIGHT="21" WC="0.96" CONTENT="af"/>
						</TextLine>
						<TextLine ID="line_36" HPOS="182" VPOS="1412" WIDTH="765" HEIGHT="28">
							<String ID="string_275" HPOS="182" VPOS="1414" WIDTH="45" HEIGHT="22" WC="0.90" CONTENT="Hrr"/><SP WIDTH="22" VPOS="1414" HPOS="227"/>
							<String ID="string_276" HPOS="249" VPOS="1414" WIDTH="20" HEIGHT="22" WC="0.95" CONTENT="J."/><SP WIDTH="24" VPOS="1414" HPOS="269"/>
							<String ID="string_277" HPOS="293" VPOS="1414" WIDTH="108" HEIGHT="22" WC="0.96" CONTENT="Stenbäck"/><SP WIDTH="23" VPOS="1414" HPOS="401"/>
							<String ID="string_278" HPOS="424" VPOS="1415" WIDTH="40" HEIGHT="21" WC="0.95" CONTENT="och"/><SP WIDTH="22" VPOS="1415" HPOS="464"/>
							<String ID="string_279" HPOS="486" VPOS="1414" WIDTH="27" HEIGHT="22" WC="0.96" CONTENT="H."/><SP WIDTH="23" VPOS="1414" HPOS="513"/>
							<String ID="string_280" HPOS="536" VPOS="1415" WIDTH="26" HEIGHT="21" WC="0.96" CONTENT="E."/><SP WIDTH="22" VPOS="1415" HPOS="562"/>
							<String ID="string_281" HPOS="584" VPOS="1414" WIDTH="136" HEIGHT="26" WC="0.96" CONTENT="Gummerus,"/><SP WIDTH="24" VPOS="1414" HPOS="720"/>
							<String ID="string_282" HPOS="744" VPOS="1413" WIDTH="49" HEIGHT="21" WC="0.96" CONTENT="med"/><SP WIDTH="22" VPOS="1413" HPOS="793"/>
							<String ID="string_283" HPOS="815" VPOS="1412" WIDTH="81" HEIGHT="26" WC="0.96" CONTENT="förslag"/><SP WIDTH="17" VPOS="1412" HPOS="896"/>
							<String ID="string_284" HPOS="913" VPOS="1412" WIDTH="34" HEIGHT="21" WC="0.96" CONTENT="att"/>
						</TextLine>
						<TextLine ID="line_37" HPOS="183" VPOS="1446" WIDTH="764" HEIGHT="30">
							<String ID="string_285" HPOS="183" VPOS="1448" WIDTH="122" HEIGHT="22" WC="0.90" CONTENT="Ständerna"/><SP WIDTH="22" VPOS="1448" HPOS="305"/>
							<String ID="string_286" HPOS="327" VPOS="1448" WIDTH="84" HEIGHT="27" WC="0.89" CONTENT="inginge"/><SP WIDTH="16" VPOS="1448" HPOS="411"/>
							<String ID="string_287" HPOS="427" VPOS="1448" WIDTH="33" HEIGHT="22" WC="0.97" CONTENT="till"/><SP WIDTH="14" VPOS="1448" HPOS="460"/>
							<String ID="string_288" HPOS="474" VPOS="1449" WIDTH="60" HEIGHT="21" WC="0.93" CONTENT="Hans"/><SP WIDTH="14" VPOS="1449" HPOS="534"/>
							<String ID="string_289" HPOS="548" VPOS="1449" WIDTH="122" HEIGHT="27" WC="0.93" CONTENT="Kejserliga"/><SP WIDTH="14" VPOS="1449" HPOS="670"/>
							<String ID="string_290" HPOS="684" VPOS="1447" WIDTH="103" HEIGHT="27" WC="0.93" CONTENT="Majestät"/><SP WIDTH="14" VPOS="1447" HPOS="787"/>
							<String ID="string_291" HPOS="801" VPOS="1446" WIDTH="50" HEIGHT="22" WC="0.96" CONTENT="med"/><SP WIDTH="16" VPOS="1446" HPOS="851"/>
							<String ID="string_292" HPOS="867" VPOS="1451" WIDTH="27" HEIGHT="16" WC="0.93" CONTENT="en"/><SP WIDTH="14" VPOS="1451" HPOS="894"/>
							<String ID="string_293" HPOS="908" VPOS="1451" WIDTH="39" HEIGHT="15" WC="0.92" CONTENT="un-"/>
						</TextLine>
						<TextLine ID="line_38" HPOS="250" VPOS="1487" WIDTH="402" HEIGHT="23">
							<String ID="string_294" HPOS="250" VPOS="1487" WIDTH="193" HEIGHT="23" WC="0.80" CONTENT="Jernvägsutskottets"/><SP WIDTH="13" VPOS="1487" HPOS="443"/>
							<String ID="string_295" HPOS="456" VPOS="1488" WIDTH="116" HEIGHT="18" WC="0.95" CONTENT="betänkande"/><SP WIDTH="12" VPOS="1488" HPOS="572"/>
							<String ID="string_296" HPOS="584" VPOS="1488" WIDTH="37" HEIGHT="18" WC="0.95" CONTENT="N:o"/><SP WIDTH="12" VPOS="1488" HPOS="621"/>
							<String ID="string_297" HPOS="633" VPOS="1487" WIDTH="19" HEIGHT="18" WC="0.96" CONTENT="2."/>
						</TextLine>
					</TextBlock>
				</ComposedBlock>
			</PrintSpace>
		</Page>
	</Layout>
</alto>
