1048 1731
213 135 11 18 6
399 134 230 20 Petitionsbetänkande
644 133 37 20 N:o
697 133 32 20 26.

184 198 37 24 gad
238 201 24 14 att
281 199 18 16 få
314 197 59 25 hjelp,
397 204 41 12 som
460 199 67 23 någon
543 203 66 13 annan
626 197 79 24 patient,
728 197 21 17 så
765 197 48 23 våga
829 194 17 19 vi
864 193 74 24 ödmju-

185 227 42 18 kast
243 226 86 24 anhälla,
345 230 27 15 att
387 226 128 19 Hedervärda
531 225 83 20 Ständet
629 225 45 19 ville
689 224 128 25 understödja
832 229 24 12 en
867 222 71 19 under-

184 255 59 25 dånig
261 255 82 25 petition
358 255 67 19 derom

393 343 28 17 att
435 341 8 19 i
458 341 145 24 länesjukhusen
626 341 42 18 med
683 340 98 19 allmänna
805 339 59 19 medel
879 339 60 19 skulle

359 370 124 19 underhållas
498 376 21 13 en
536 369 212 24 barnbördsafdelning,
759 368 8 19 i
776 368 73 19 hvilken
859 368 9 19 i
877 368 62 24 främ-

358 401 31 17 sta
411 401 82 17 rummet
514 399 103 18 medellösa
640 397 157 25 barnföderskor,
823 397 48 19 både
889 397 50 24 gifta

358 428 33 19 och
407 427 67 25 ogifta,
491 427 59 20 skulle
565 429 95 22 mottagas
676 429 51 17 samt

392 457 154 23 sjukbäddarnes
570 456 54 19 antal
638 456 9 18 i
661 455 56 20 dessu
741 455 60 19 skulle
824 455 116 18 bestämmas

358 485 49 23 efter
430 486 85 24 behofvet
534 485 12 19 å
564 485 67 24 hvarje
654 486 36 23 ort,
713 491 42 12 men
777 483 114 20 åtminstone
911 483 30 19 till

358 520 34 14 sex
407 514 12 20 å
435 515 45 20 åtta.

258 572 130 25 Helsingfors,
403 572 38 19 den
458 572 9 19 1
485 572 95 19 Februari
598 571 59 19 1888.

291 646 19 20 K.
327 647 26 20 W.
370 646 101 22 Hollmén.
635 658 4 4 +
660 641 9 35 —
679 646 72 21 Kaarlo
767 645 69 21 Wärri.

459 703 94 21 Zefanias
569 703 102 21 Suutarla.

255 886 75 22 Säsom
354 888 65 20 redan
436 888 62 20 deras
517 887 131 27 benämning
664 894 37 20 ger
716 888 35 20 vid
768 887 93 25 handen,
878 886 64 22 hafva

186 922 27 19 de
236 921 152 27 provisionella
415 922 277 28 förlossningsanstalterna
715 922 36 22 vid
775 922 166 21 länelasaretten

185 956 166 27 ursprungligen
373 957 102 21 inrättats
491 957 6 20 i
513 957 55 28 syfte
591 959 32 19 att
646 959 41 26 äga
707 957 92 21 bestånd
820 957 77 20 endast
915 957 28 20 ad

188 991 91 20 interim.
310 991 46 21 Den
381 991 86 28 uppgift
485 993 48 20 dem
552 993 94 20 närmast
670 991 104 22 tilldelats
793 999 39 13 var
850 992 41 19 den
912 993 32 19 att

186 1032 79 21 genom
281 1027 139 26 motiagande
437 1026 24 21 af
474 1027 76 21 endast
566 1027 66 26 ogifta
648 1026 169 22 barnföderskor
833 1025 111 22 motverka

187 1060 147 21 förekomsten
350 1060 24 21 af
388 1061 122 21 barnmord.

256 1094 69 22 Ofvan
349 1095 90 21 stående
463 1095 183 28 petitionsförslag
670 1096 44 21 afsc
735 1097 33 19 att
789 1095 24 21 af
831 1095 63 20 dessa
909 1102 34 13 ur-

187 1129 139 27 sprungligen
350 1129 152 27 provisionella
525 1130 40 21 och
585 1130 33 21 för
634 1132 31 19 ett
679 1129 158 28 jämförelsevis
853 1129 90 27 begrän-

187 1165 49 20 sadt
259 1164 101 21 ändamäl
383 1164 108 21 inrättade
510 1165 106 21 anstalter
632 1165 69 27 skapa
716 1165 118 21 bestäende
851 1164 40 21 och
907 1165 36 20 nä-

187 1201 37 24 got
240 1205 59 15 mera
315 1199 116 27 utvidgade
454 1199 152 28 inrättningar,
621 1199 73 22 hvilka
711 1200 53 21 hvar
780 1199 59 21 inom
855 1199 37 20 sitt
908 1199 34 21 län

188 1234 7 20 i
210 1233 116 28 tillräcklig
342 1241 50 14 mon
408 1234 88 28 erbjöde
511 1234 202 28 förlossningshjelp
730 1235 23 20 ät
768 1233 55 28 gifta
833 1233 47 22 icke
892 1233 52 21 min-

189 1269 37 20 dre
242 1269 28 20 än
287 1269 22 20 ät
325 1268 68 27 ogifta
408 1269 98 22 kvinnor.

257 1303 65 21 Emot
345 1304 62 20 dessa
430 1303 79 28 förslag
530 1303 72 22 kunde
618 1305 42 20 den
675 1303 136 26 invändning
826 1303 70 26 göras,
913 1305 32 18 att

189 1339 36 20 det
240 1337 68 22 behof
321 1338 24 21 af
358 1338 201 28 förlossningshjelp
570 1339 171 26 petitionärerne
752 1337 69 22 önska
832 1337 113 28 tillgodose

188 1373 110 21 måhända
320 1373 43 21 läte
379 1373 32 27 sig
430 1373 166 21 tillfredsställas
620 1374 66 20 redan
707 1373 133 27 derigenom,
861 1374 32 20 att
912 1372 33 22 he-

190 1407 137 27 stämningen
349 1414 34 14 om
401 1407 55 27 gifta
471 1408 102 21 kvinnors
589 1408 137 21 uteslutande
743 1407 48 22 frän
807 1408 26 20 de
849 1406 95 22 förefint-

190 1442 43 28 liga
251 1442 277 28 förlossningsanstalterna
551 1443 122 27 upphäfdes.
710 1443 47 20 Den
775 1442 115 26 utredning
907 1441 38 22 frä-

259 1482 98 18 Allmänna
364 1482 178 23 Besvärsutskottets
554 1483 110 17 betänkande
678 1485 34 15 N:o
725 1483 28 16 21.
