1048 1731
247 141 25 20 12
452 139 239 25 Petitionsbetänkande
708 138 40 27 N:o
760 141 39 22 30.

355 203 29 26 af
403 203 164 27 lägenheternas
583 204 8 20 i
605 203 119 28 Egentliga
745 203 108 22 Finlands
867 203 108 28 skärgärd

355 231 38 21 och
409 231 132 22 kusttrakter
556 232 96 28 orimligt
666 235 60 18 stora
741 232 155 21 skattebördor.

284 283 133 25 Helsingfors,
433 285 38 18 den
487 283 26 20 28
529 285 83 19 Januari
629 284 61 20 1888.

707 339 89 24 Zefanias
811 339 94 24 Suutarla.

320 404 49 19 Häri
385 403 70 20 förena
470 405 38 22 sig:

279 448 50 23 John
346 447 91 30 Hedberg.
500 447 67 24 Gustaf
580 447 111 24 Tervoinen.
756 448 19 23 K.
791 448 24 23 W.
831 447 86 24 Hollmön.

287 608 33 20 Dä
335 614 26 14 en
377 608 126 28 fullständig
518 608 114 28 utredning
648 608 24 21 af
686 608 26 21 de
727 608 33 22 uti
776 608 151 21 ofvanstäende
939 614 36 21 pe-

217 642 189 22 titionsmemoria]
431 643 92 21 berörda
545 642 148 22 förhållanden
717 642 164 28 nödvändigtvis
907 642 68 22 skulle

218 676 98 22 erfordra
331 676 50 22 vida
403 683 60 15 mera
486 677 31 21 tid
536 677 40 21 och
591 677 99 21 material
705 679 28 19 än
748 677 113 21 Utskottet
876 677 42 21 kan
933 676 42 22 för-

217 710 51 28 foga
284 710 65 27 öfver,
365 710 40 22 har
420 711 114 21 Utskottet
548 712 91 26 nödgats
655 712 76 21 endast
746 711 51 21 med
812 711 85 27 ledning
913 710 24 22 af
949 711 26 21 de

216 744 116 28 uppgifter,
349 751 45 15 som
409 752 29 14 nu
454 746 53 20 stätt
523 746 32 20 till
570 746 60 26 buds,
647 745 78 27 pröfva
735 745 107 22 huruvida
849 746 46 20 skäl
903 746 72 20 kunna

216 778 116 22 förefinnas
347 781 33 19 att
395 779 39 21 hos
450 780 104 26 styrelsen
569 780 114 21 hemställa
699 786 34 15 om
755 779 129 27 vidtagande
907 779 23 21 af
943 780 32 21 ät-

217 814 78 27 gärder
309 813 7 21 i
333 814 36 20 det
385 813 61 28 syfte,
462 814 168 27 petitionärerne
645 814 78 22 afsedt.
754 814 33 20 De
803 813 172 28 sifferuppgifter,

216 854 46 15 som
275 848 8 21 i
298 848 242 27 petitionsmemorialen
556 848 68 22 finnas
646 848 90 28 intagna
751 848 41 22 och
807 848 83 21 hvilkas
900 848 75 28 riktig-

216 882 37 22 het
269 882 113 22 Utskottet
396 882 48 21 icke
459 882 47 22 haft
522 883 47 21 skäl
584 885 32 19 att
632 882 135 28 ifrägasätta,
790 888 62 22 synas
867 882 58 28 gifva
940 882 35 22 vid

202 916 99 25 handen
323 918 33 20 att
378 916 126 22 hemmanen
527 917 28 27 pä
577 911 77 33 Äland,
671 917 7 21 i
691 916 126 28 jemföselse
838 917 49 21 med
909 917 66 21 andra

216 951 61 21 delar
299 951 24 21 af
336 951 80 27 landet,
433 951 71 22 blifvit
519 952 85 27 mycket
618 952 54 27 högt
687 952 132 27 skattlagda.
842 951 78 22 Medan
933 951 42 22 sä--

217 985 66 21 lunda
299 985 208 28 kronoutskyldernä
530 986 6 21 i
552 981 81 26 Ålands
648 986 69 21 härad
736 986 73 27 uppgå
824 986 33 21 till
874 987 25 20 10
914 986 62 21 mark

217 1019 34 22 för
265 1019 74 28 hvarje
354 1020 129 21 innevänare
499 1021 52 20 eller
566 1023 12 18 6
594 1021 61 20 mark
670 1027 39 20 per
719 1020 91 21 tunland
820 1020 52 21 äker
879 1020 40 21 och
927 1022 47 25 äng,

218 1054 56 27 stiga
290 1055 25 20 de
330 1054 33 22 uti
379 1054 235 28 öfriga
454 1050 8 37 i
470 1054 142 28 förstintagna
622 1055 217 27 petitionsmemorial
849 1055 127 21 omnämnda

217 1088 68 22 härad
304 1095 58 21 mom
377 1083 48 27 Åbo
442 1089 39 22 och
496 1089 143 28 Björneborgs
654 1089 35 21 län
705 1089 34 21 till
755 1089 48 21 icke
818 1095 59 15 mera
891 1091 27 19 än
929 1089 47 21 från

218 1123 11 20 3
245 1123 65 21 mark
325 1123 34 21 till
375 1124 12 20 5
403 1123 62 21 mark
481 1124 26 21 50
522 1123 64 27 penni
602 1123 33 22 för
650 1130 77 20 person
743 1123 41 22 och
796 1123 47 22 från
853 1125 9 19 1
872 1123 61 21 mark
948 1124 27 20 43

216 1157 64 26 penni
292 1157 33 22 till
342 1159 4 19 2
363 1157 62 22 mark
441 1158 26 21 50
486 1158 63 27 penni
565 1157 73 28 hvarje
646 1157 33 22 för
694 1158 93 21 tunland
801 1157 110 22 bebrukad
921 1157 54 27 jord.

216 1191 42 21 Till
273 1193 119 26 yttermera
407 1192 129 27 upplysning
544 1192 96 21 anhåller
655 1192 116 22 Utskottet
785 1194 34 19 att
833 1192 22 21 få
872 1191 105 28 exempel-

215 1225 33 22 vis
256 1226 99 21 meddela
370 1226 68 27 några
448 1226 114 27 uppgifter,
578 1226 101 22 hemtade
693 1233 26 14 ur
735 1226 114 24 särskilda,
864 1226 112 27 petitions-

215 1261 140 20 memorialen
377 1261 88 27 bilagda
489 1261 210 27 skifteshandlingar.
730 1261 131 20 Hemmanet
884 1260 41 21 N:o
943 1259 34 22 1i

215 1294 62 21 Boda
299 1295 28 26 by
351 1294 39 21 och
405 1295 166 21 Hammarlands
587 1295 84 26 socken,
690 1295 136 21 omfattande
840 1301 26 14 en
881 1294 58 21 areal
955 1293 23 22 af

215 1330 54 25 44,13
295 1329 96 26 tunland,
419 1329 62 21 deraf
509 1331 39 24 8,32
574 1329 89 21 tunland
685 1329 53 22 åker
761 1329 41 21 och
827 1331 38 24 9,22
888 1328 88 21 tunland

216 1364 48 26 äng,
282 1365 23 19 är
320 1363 141 27 uppskattadt
477 1363 30 19 till
525 1363 46 28 17/,,
586 1363 87 27 mantal,
690 1363 85 21 hvilket
789 1365 119 20 motsvarar
923 1364 53 23 83,06

215 1397 97 27 tunland,
335 1397 79 22 hvaraf
435 1399 53 25 33,02
511 1398 89 22 tunland
620 1398 111 21 bebrukad
745 1398 57 27 jord,
818 1398 28 26 pä
863 1399 9 19 1
889 1397 87 22 mantal.

214 1432 217 27 Kronoutskylderna
446 1432 24 21 är
487 1432 53 21 1885
556 1431 47 22 frän
619 1432 59 21 detta
696 1432 103 21 hemman
821 1432 98 27 utgjorde
937 1433 39 19 174

285 1470 158 18 Statsutskottets
456 1470 120 18 betänkande
588 1471 36 18 N:o
638 1472 26 17 12.
