1048 1731
315 124 238 23 Petitionsbstänkande
570 124 37 23 N:o
624 124 13 23 I.
801 126 27 19 29

458 252 39 19 13.

167 311 58 22 Från
246 311 160 22 Bondeståndet
428 317 26 16 en
471 311 23 21 af
507 311 33 21 Hr
556 311 25 21 A.
598 311 85 21 Mattila
697 311 94 27 ingifven
806 311 54 27 peti-

98 345 46 22 tion
170 346 79 26 derom,
273 347 32 20 att
327 351 26 16 en
368 345 79 21 bibana
462 345 68 21 måtte
545 345 81 27 byggas
641 345 45 21 från
704 345 97 22 Orihvesi
817 347 42 19 sta-

99 380 46 21 tion
160 380 28 27 på
202 379 65 22 Wasa
281 379 69 22 banan
368 379 33 21 till
417 379 173 27 Längelmevesis
606 379 79 25 strand,
702 379 86 22 hvilken
804 379 8 21 i
829 379 30 21 öf-

98 413 134 27 versättning
247 415 24 19 är
285 413 24 21 så
324 413 99 27 lydande:

259 487 47 19 Till
322 487 160 19 Hedervärda
497 487 198 20 Bondeständet,

170 538 64 20 Sedan
258 537 54 20 1877
336 538 36 19 och
397 537 54 21 1878
475 538 33 19 ärs
533 538 86 19 Ständer
635 538 29 19 till
679 540 44 18 stor
737 539 75 19 bätnad
828 538 31 20 för

100 567 69 19 landet
191 566 108 24 föreslagit,
321 567 36 19 och
373 566 55 19 Hans
444 566 114 24 Kejserliga
573 567 95 23 Majestät
682 567 27 24 pä
723 568 64 23 grund
802 567 59 19 häraf

100 595 73 20 bifallit
196 595 111 24 byggandet
329 594 20 20 af
373 600 23 14 en
417 596 84 22 jernväg
524 596 71 18 mellan
619 596 93 18 städerna
727 595 133 20 Tammerfors

101 624 37 19 och
161 624 67 22 Wasa,
251 625 54 17 öster
328 629 31 13 om
381 624 101 23 Näsijärvi
502 624 37 23 sjö,
555 624 80 18 hvilken
651 624 57 23 bana,
725 625 43 18 med
784 624 76 24 hänsyn

100 652 31 20 till
153 652 148 24 Längelmävesi
324 652 29 23 sjö
377 652 70 23 ansägs
471 652 50 19 böra
537 654 49 22 göra
602 658 24 13 en
643 652 98 24 krökning
757 652 42 19 frän
817 652 43 20 Sui-

100 681 46 19 nula
169 681 74 19 station
259 680 29 19 till
304 680 89 19 Orihvesi
410 680 81 24 socken,
508 680 32 20 för
555 683 30 17 att
600 681 6 18 i
622 681 95 19 närheten
733 680 21 20 af
769 681 90 19 Orihvesi

101 710 74 18 station
196 709 71 19 beröra
283 709 147 23 Längelmävesi
446 710 126 24 vattendrag,
590 710 101 23 öppnades
707 710 86 18 nämnda
806 710 54 23 jern-

100 740 38 21 väg
161 737 31 19 för
215 738 84 23 regulier
321 736 58 20 trafik
402 738 23 18 är
449 736 63 25 1883,
528 738 52 19 efter
594 740 31 17 att
640 738 58 18 hafva
713 738 64 19 blifvit
793 738 67 19 utförd

100 766 45 19 med
167 768 75 17 största
265 771 77 18 omsorg
358 766 37 19 och
411 766 131 24 sparsamhet.
573 766 76 19 Härvid
664 766 100 20 lemnades
780 766 81 19 outförd

100 800 25 14 en
140 794 61 20 redan
218 794 25 19 dä
253 794 60 24 nödig
322 794 100 19 befunnen
433 794 82 20 kortare
527 794 73 20 bibana
611 794 43 20 frän
665 795 95 19 närheten
772 794 21 20 af
803 794 57 20 Orih-

100 823 41 19 vesi
167 823 73 19 station
263 823 30 19 till
315 823 160 23 Längelmävesis
499 824 77 22 strand,
597 824 61 23 jemte
680 829 23 13 en
727 823 133 24 hamnbrygga

100 851 110 20 derstädes.
241 851 93 23 Längden
353 851 22 19 af
389 854 28 16 ett
433 852 72 18 sådant
520 851 68 24 bispär
604 851 64 19 blefve
684 852 71 19 endast
770 852 90 23 omkring

101 879 63 26 1,500
186 879 36 25 fot,
247 880 36 18 och
305 882 23 16 är
351 880 37 19 den
404 880 63 23 mark,
491 885 43 14 som
552 880 45 19 dess
614 880 121 24 anläggande
751 880 108 24 erfordrar,

100 908 62 20 redan
177 908 61 18 inlöst
253 908 21 19 af
288 908 90 19 Orihvesi
396 908 85 19 sockens
497 908 169 26 prestgärdsjord,
682 908 37 20 och
734 908 63 19 finnes
811 909 49 23 jem-

100 937 32 20 väl
147 936 73 24 nödiga
235 936 96 24 ritningar
345 936 32 20 för
392 937 45 19 dess
452 936 112 25 byggande.

169 965 152 24 Ifrägavarande
344 965 74 20 bibana
437 966 65 19 skulle
519 965 146 20 tillfredsställa
680 967 29 18 ett
723 966 58 22 länge
797 965 64 19 kändt

100 993 66 25 behof,
190 993 26 20 dä
237 994 48 19 våra
307 994 129 19 ekonomiska
458 994 140 19 förhållanden
621 994 22 19 sä
658 994 113 19 utvecklats
788 993 37 20 och
841 993 20 20 af

100 1022 79 19 landets
202 1021 167 24 hufvudnäringar
389 1022 122 24 jordbruket
531 1023 61 24 jemte
610 1023 46 18 dess
672 1022 133 24 följeslagare,
822 1022 38 19 den

100 1050 27 24 pä
149 1055 70 14 senare
239 1051 52 19 tider
305 1051 90 19 alltmera
409 1051 180 24 uppblomstrande
605 1051 177 24 boskapsskötseln
799 1052 22 17 är
836 1056 25 13 en

100 1077 91 25 lifsfräga
209 1078 31 20 för
258 1081 64 17 större
337 1079 58 19 delen
410 1079 21 19 af
445 1079 46 20 värt
506 1079 49 20 folk.
586 1079 36 20 Att
636 1079 67 20 kunna
718 1079 73 19 afsätta
805 1079 56 24 jord-

100 1106 199 25 bruksprodukterna
321 1108 44 19 med
387 1108 73 19 minsta
479 1108 82 23 möjliga
575 1108 214 24 transportkostnader
803 1109 23 17 är
841 1106 21 20 af

100 1137 76 18 största
199 1135 109 24 betydelse,
331 1136 96 19 särskildt
449 1135 33 20 för
496 1136 154 24 ifrägavarande
665 1136 54 19 trakt
733 1136 45 19 med
793 1135 23 20 sä
831 1137 31 17 ut-

100 1163 82 24 vidgadt
204 1164 100 19 åkerbruk
327 1165 36 19 och
379 1165 114 24 betydande
509 1165 172 24 boskapsskötsel.
711 1165 40 19 Det
766 1163 95 20 behöfver

100 1192 72 19 endast
186 1192 89 24 påpekas
289 1193 78 19 hvilken
383 1193 114 24 betydande
513 1193 107 24 tillökning
635 1193 7 19 i
657 1193 58 24 gods-
731 1193 37 19 och
778 1197 84 19 person-

100 1219 85 20 trafiken
201 1221 64 20 skulle
281 1221 84 20 tillföras
382 1221 61 20 Wasa
453 1222 74 25 banan,
544 1222 95 19 särskildt
653 1222 52 19 hvad
715 1220 96 21 beträffar
821 1223 40 16 tra-

100 1248 54 19 fiken
178 1249 30 19 till
231 1250 37 19 och
291 1249 44 20 från
357 1250 36 19 vår
415 1252 76 17 största
507 1250 131 26 fabriksstad,
654 1251 43 18 vårt
712 1249 149 23 framåtgående

99 1277 140 26 Tammerfors,
263 1283 41 14 som
327 1279 44 19 med
385 1279 87 19 nämnda
487 1279 93 19 landsdel
595 1279 75 19 drifver
685 1284 24 14 en
725 1277 89 24 ansenlig
829 1283 33 14 ex-

99 1307 56 23 port-
178 1306 38 19 och
237 1307 152 26 importhandel,
406 1313 31 14 om
452 1308 25 19 de
493 1307 59 24 kring
566 1307 150 24 Längelmävesi
732 1307 29 24 sjö
777 1305 85 24 belägna

100 1336 56 17 stora
172 1335 38 19 ock
225 1334 87 21 folkrika
327 1335 113 20 socknarna
455 1336 6 19 i
478 1336 57 19 detta
545 1336 158 19 Tavastländska
713 1335 68 20 inland
792 1339 70 19 genom

99 1363 56 19 detta
178 1363 68 25 bispär
269 1364 63 20 skulle
350 1364 80 24 bringas
445 1365 7 19 i
468 1365 103 19 direktare
587 1365 93 23 beröring
695 1364 45 20 med
753 1364 109 24 jernvägen

98 1392 34 19 vid
155 1392 90 20 Orihvesi
269 1393 80 19 station.
379 1393 39 19 Till
440 1395 111 22 yttermera
568 1394 104 24 belysning
687 1393 34 19 vill
735 1393 34 23 jag
783 1391 80 24 päpeka

98 1421 30 18 att
142 1420 151 24 Längelmävesi
311 1422 38 23 sjö,
365 1426 42 15 som
423 1422 63 19 sedan
502 1422 102 24 åtskilliga
619 1422 23 19 år
657 1421 84 20 tillbaka
756 1420 107 20 förmedlat

98 1453 24 15 en
134 1448 35 20 allt
179 1449 117 24 tilltagande
307 1450 152 26 ängbätstrafik,
467 1450 94 20 sträcker
568 1451 31 23 sig
607 1450 45 20 frän
661 1450 90 20 Orihvesi
760 1450 30 18 tre
798 1448 33 19 mil
843 1448 20 20 ät

166 1487 182 23 Jernvägsutskottets
361 1489 114 17 betänkande
488 1490 37 16 N:o
538 1489 18 17 2.
