1048 1731
281 97 210 24 Petitionsbetänkande
507 97 33 24 N:o
556 97 26 23 36
769 97 12 21 3

54 161 70 20 ibland
146 160 64 21 folket
229 161 90 19 delarnas
335 161 116 24 proportion
467 161 30 20 till
512 161 113 20 hvarandra
641 161 72 20 lättare
729 161 79 25 uppfat-

52 193 32 17 tas
100 190 37 20 och
152 190 67 19 kunna
237 189 102 24 uttryckas
359 195 30 14 om
404 190 95 19 mantalet
515 190 55 19 delas
586 190 6 19 i
607 190 152 19 underordnade
775 190 33 19 de-

52 220 36 25 lar,
110 219 30 20 ett
162 220 40 18 sätt
220 223 41 14 som
280 218 31 19 vid
325 218 85 24 räkning
425 218 22 20 af
460 224 76 19 pengar
551 219 62 19 redan
628 219 57 24 länge
701 219 52 19 varit
767 219 41 24 gäl-

52 248 60 19 lande
128 248 48 19 eller
192 247 22 19 så
228 247 57 24 länge
301 252 40 14 som
357 247 83 24 räkning
455 247 45 19 med
515 247 57 19 rubel
588 247 36 20 och
640 247 55 19 mark
706 247 101 20 existerat.

52 276 41 20 Det
107 277 57 19 torde
180 275 51 20 dock
246 275 46 24 föga
307 281 48 14 vara
369 276 128 25 nödvändigt,
514 277 30 18 att
552 275 86 20 förutom
645 276 95 19 mantalet
751 275 56 20 äfven

52 306 8 19 i
74 305 107 20 decimaler
196 304 91 25 uttrycka
297 304 91 19 delarnes
396 305 119 24 proportion
523 304 31 19 till
562 304 45 19 hela
616 310 107 17 nummern,
739 304 70 19 hvaraf

53 334 77 24 följden
145 339 47 14 vore
212 335 28 16 ett
258 332 103 24 tväfaldigt
376 333 34 19 tal.
441 333 28 24 Ty
485 333 65 19 denna
565 333 118 24 proportion
699 333 63 19 skulle
778 339 29 13 re-

53 363 39 19 dan
108 362 82 19 alldeles
206 361 71 24 tydligt
295 361 74 24 framgå
389 361 22 20 af
424 362 174 20 mantalsdelarne.
629 362 35 19 Om
679 362 62 23 något
755 361 53 19 hem-

52 396 46 14 man
113 391 101 24 utgjordes
229 389 21 20 af
264 388 27 28 3/,
306 391 73 18 mantal
395 391 54 23 eller,
472 390 33 19 för
519 392 30 17 att
564 390 88 25 begagna
668 391 23 19 de
707 390 22 19 af
743 390 64 19 landt-

52 419 160 20 mäterikomitén
227 418 111 24 föreslagna
357 419 169 24 benämningarna
544 419 26 24 på
585 419 152 20 underordnade
753 419 54 19 delar

53 447 104 28 (öresland
179 447 36 20 och
237 447 112 25 kornland),
373 447 26 20 75
423 448 93 19 öresland
540 447 37 20 och
600 448 32 19 det
654 453 47 14 vore
725 447 82 20 sålunda

54 476 84 20 skiftadt
153 479 29 17 att
196 476 26 24 på
237 476 24 19 de
277 476 63 19 skilda
355 477 82 18 delarna
453 477 64 19 skulle
537 477 78 19 komma
631 476 33 26 10,
680 477 33 24 12,
731 476 32 24 15,
780 475 27 20 18

52 505 39 20 och
105 504 28 21 20
148 505 98 23 öresland,
269 505 22 19 så
313 505 62 19 skulle
395 505 58 19 dessa
469 505 67 19 siffror
550 511 40 18 nog
604 505 71 25 tydligt
689 505 64 20 utvisa
769 505 37 19 den

50 534 119 25 proportion
184 539 41 14 som
240 533 62 19 skulle
318 534 102 24 uttryckas
436 534 37 20 och
489 534 65 20 skulle
570 534 32 20 väl
616 534 59 24 ingen
691 534 62 20 sakna
773 534 33 19 det

51 564 65 23 gamla
138 565 61 17 sättet
220 564 29 17 att
271 562 30 19 för
321 562 24 20 de
365 562 64 20 skilda
444 563 116 19 hemmanen
576 565 24 17 än
616 564 44 18 med
675 569 30 20 en,
722 565 24 17 än
762 562 44 20 med

53 598 23 13 en
93 597 65 14 annan
174 590 53 20 siffra
241 590 97 20 beteckna
353 592 75 18 antalet
443 592 63 20 delar.

120 631 160 20 Understundom
303 630 38 20 kan
364 631 101 19 storleken
487 631 22 19 af
531 632 166 19 mantalsdelarne
720 637 47 14 vara
785 631 22 19 af

52 660 62 20 sådan
137 659 140 26 beskaffenhet,
300 662 29 16 att
351 665 45 14 man
419 660 17 24 ej
460 665 34 14 ens
514 660 45 19 med
575 666 23 13 en
614 660 70 24 mängd
700 660 105 20 decimaler

50 689 40 19 kan
106 689 81 19 alldeles
209 691 96 21 noggrant
326 688 93 25 uttrycka
441 689 120 25 densamma,
584 689 30 19 till
634 689 87 24 exempel
737 689 25 19 dä
777 687 28 27 1/,

50 718 74 19 mantal
148 717 50 19 skall
214 717 53 19 delas
282 717 7 19 i
304 719 36 21 tre,
356 718 37 23 sju,
416 717 52 19 elfva
493 718 56 18 delar
574 723 18 13 o.
618 723 15 15 s.
660 724 17 14 v.
713 718 48 18 Men
776 719 29 17 ett

50 746 99 20 kornland
164 748 22 17 är
200 746 21 24 ju
235 746 62 19 redan
312 746 21 18 sä
349 746 82 19 alldeles
447 746 117 24 obetydligt,
588 748 29 18 att
632 746 33 19 det
679 747 18 23 ej
713 746 39 20 kan
769 751 35 18 ega

50 775 65 23 nägon
130 774 108 25 betydelse,
254 780 31 13 om
293 780 43 13 man
344 774 99 20 beräknar
452 780 24 14 en
485 774 33 20 del
527 774 57 20 deraf
594 775 64 19 säsom
668 777 29 17 ett
704 774 41 20 helt
756 774 48 20 eller

50 804 60 19 totalt
132 804 96 19 utesluter
251 803 44 19 den.
325 802 28 26 1/3
371 804 74 18 mantal
461 803 63 19 skulle
540 806 100 17 motsvara
655 802 26 21 33
697 806 54 17 öres-
767 803 37 19 och

50 831 28 20 34
92 832 110 23 kornland;
225 831 26 26 1/,
272 831 57 20 deraf
349 832 63 19 skulle
435 835 101 17 motsvara
556 832 13 19 4
585 834 54 17 öres-
655 832 36 20 och
714 831 25 20 77
757 832 48 19 eller

51 860 27 21 76
93 860 98 20 kornland
207 866 17 14 o.
241 866 15 14 s.
272 866 17 14 v.

119 901 29 19 Pä
171 900 57 20 ofvan
251 900 82 20 anförda
355 901 43 20 skäl
421 902 60 23 vägar
498 902 34 23 jag
551 901 76 25 hoppas
642 901 26 25 pä
682 901 123 19 hedervärda

52 929 156 20 bondeständets
230 930 89 23 benägna
341 930 55 19 bifall
419 930 30 20 till
472 930 70 19 remiss
563 930 30 19 till
608 930 77 19 utskott
699 930 7 19 i
721 930 37 19 och
773 929 32 20 för

50 959 122 23 granskning
194 959 36 19 och
252 957 126 26 formulering
397 959 22 20 af
433 959 34 20 det
482 959 76 24 förslag
572 959 34 24 jag
620 959 37 19 här
672 959 59 24 vägar
746 958 59 20 fram-

51 987 64 26 lägga,
130 987 96 24 nemligen
241 989 30 18 att

256 1065 110 21 Finlands
391 1065 96 22 Ständer
501 1066 51 20 ville
563 1065 130 28 framställa
709 1071 33 14 om
753 1064 52 28 för-

190 1094 92 27 ordning
311 1094 112 27 angäende
441 1094 139 27 underdänig
598 1094 92 27 petition
705 1093 31 28 af
746 1100 59 14 man-

189 1122 115 21 talsdelars
320 1122 142 21 betecknande
477 1123 81 20 medels
573 1122 122 21 decimaler.

470 1205 51 26 $1

257 1255 63 21 Enär
335 1255 151 29 uttryckandet
516 1256 9 20 i
555 1255 83 26 vanligt
668 1253 84 22 bråktal
781 1253 30 27 af

190 1284 197 21 mantalsdelarnas
409 1284 80 21 storlek
504 1285 9 20 i
528 1283 114 28 ätskilliga
655 1283 48 27 fall
717 1281 89 27 medför

189 1312 84 28 ganska
287 1313 80 27 många
389 1313 139 27 svårigheter,
544 1312 121 26 förordnas
679 1311 126 24 härmedels,

191 1343 32 19 att
232 1341 44 27 för
295 1341 116 21 ernåendet
426 1342 30 27 af
470 1343 28 19 ett
514 1341 68 20 bättre
598 1340 39 21 och
652 1340 154 27 lättfattligare

190 1369 183 29 beteckningssätt,
396 1370 97 28 härefter
515 1372 29 18 ett
569 1369 43 21 helt
637 1368 82 22 mantal
742 1367 63 27 skall,

185 1398 87 27 Jjemlikt
308 1398 191 28 decimalsystemet
533 1400 108 19 motsvara
676 1398 41 20 100
750 1398 57 19 öres-

121 1436 102 20 Allmänna
235 1438 176 18 Besvärsutskottets
423 1438 118 18 betänkande
554 1438 37 17 N:o
605 1437 29 17 30.
