1048 1731
283 104 239 25 Petitionsbetänkande
539 105 35 21 N:e
591 103 29 23 15.
790 103 12 21 5

72 177 50 16 som
143 170 74 22 under
238 170 63 22 vissa
323 169 25 22 &r
367 167 108 22 innehaft
490 174 29 14 en
535 165 44 23 och
594 173 87 14 samma
697 165 135 29 befattning

72 204 44 23 och
138 205 64 21 skött
223 204 45 22 den
291 210 88 15 samma
401 201 159 28 oförvitligen.
590 200 36 28 Ty
650 199 101 30 varning
776 199 26 22 af
824 200 8 21 i

71 238 68 30 fräga
153 238 101 22 varande
269 240 37 19 art
320 237 42 22 har
377 237 89 20 ansetts
489 234 120 28 innebära,
632 236 36 19 att
681 234 152 29 tjenstgörin-

72 280 46 21 gen
133 273 51 21 icke
199 272 62 22 varit
276 271 126 28 oförvitlig.

140 318 44 21 Att
205 318 74 21 lärare
293 317 9 21 i
316 316 59 29 följd
399 315 27 22 af
447 314 85 23 ädömd
555 315 101 28 varning
677 314 47 21 kan
745 315 30 28 gå
791 315 42 21 sitt

73 352 183 29 arvodestillägg
270 351 115 28 förlustig,
402 353 26 18 är
442 349 52 22 icke
509 349 83 22 endast
602 348 97 29 möjligt.
722 349 111 21 Faktiskt

72 387 43 22 har
136 386 111 27 inträffat,
271 387 34 20 att
321 384 126 29 Styrelsen,
471 384 77 21 säsom
563 383 182 29 petitionärerne
761 383 71 21 äfven

72 421 109 30 päpekat,
196 420 52 22 med
263 419 128 28 anledning
407 418 26 21 af
446 418 73 22 sädan
534 418 101 28 varning
650 417 36 22 för
701 419 35 20 ett
751 418 36 21 ärs
798 417 35 22 tid

72 456 73 21 nekat
167 455 73 21 lärare
262 454 85 28 tillägg
361 453 8 21 i
386 452 102 27 arvodet,
511 451 97 22 hvartill
624 451 29 22 de
672 459 84 14 annars
771 451 62 22 varit

73 488 152 30 berättigade.

142 534 52 22 Den
208 533 170 29 inskränkning
393 533 8 21 i
416 532 87 22 lärares
519 532 149 27 besvärsrätt,
685 532 97 22 hvilken
797 532 36 22 för

74 568 144 23 närvarande
233 572 26 18 är
273 567 104 29 stadgad,
393 566 43 22 har
451 566 60 22 först
525 574 85 21 genom
626 566 45 22 den
681 574 32 14 nu
723 566 110 30 gällande

74 602 180 29 skolordningen
269 602 89 22 införts.
390 602 58 22 Dess
464 601 161 28 föregängare,
642 600 132 29 Gymnasii-
789 601 44 22 och

74 636 189 30 Skolordningen
278 636 25 22 af
317 636 24 21 är
358 637 61 25 1856,
435 635 157 22 tillförsäkrar
607 635 159 29 uttryckligen
777 636 8 21 i
796 636 37 21 sin

75 674 12 25 8
103 673 27 20 25
152 671 74 22 lärare
247 670 164 29 undantagsfri
433 672 49 19 rätt
500 669 38 22 till
556 669 83 22 besvär
654 672 63 19 emot
731 670 102 21 Domka-

74 706 70 29 pitels
159 706 83 28 utslag.
266 705 93 21 Samma
373 706 47 20 rätt
434 704 76 21 finnes
525 704 87 22 honom
625 703 144 23 förbehällen
780 704 53 21 med

75 739 108 23 afseende
203 740 14 21 &
236 738 249 28 Skolöfverstyrelsens
507 738 79 29 utslag
600 738 9 21 i
624 740 12 25 $
654 739 24 21 13
694 738 27 22 af
733 738 40 22 det
787 738 47 22 för-

75 774 51 28 slag
141 774 37 21 till
193 773 157 29 skolordning,
367 780 48 14 som
431 772 46 22 den
493 774 12 20 6
521 780 53 14 nov.
592 774 54 21 1865
663 772 75 29 afgafs
754 773 27 21 af
788 773 45 21 den

75 816 17 14 s.
115 808 22 21 k.
161 808 161 21 skolkomitön.
352 807 53 21 Den
427 814 48 21 nya
498 806 44 22 och
564 806 145 22 främmande
734 807 99 29 princip,

76 849 49 15 som
140 842 8 22 i
164 842 70 21 ofvan
249 841 93 23 berördt
357 841 109 22 afseende
485 840 92 26 införts,
600 841 121 29 uppdyker
737 841 98 29 tidigast

75 876 9 22 i
99 876 40 22 det
154 876 87 29 förslag
255 876 37 21 till
307 875 160 29 skolordning,
482 875 92 22 hvilket
594 875 46 22 den
654 876 53 22 kort
721 876 64 22 förut
799 876 36 21 in-

74 910 92 22 rättade
182 905 185 33 Öfverstyrelsen
381 910 37 21 för
433 909 166 22 skolväsendet
614 909 43 22 den
674 912 12 20 9
702 917 61 14 mars
779 911 53 21 1871

76 945 71 29 afgaf.
182 945 53 21 Den
256 947 101 27 upptogs
379 943 131 22 sedermera
532 944 9 21 i
563 944 132 29 Kejserliga
721 944 114 22 Senatens

76 979 45 22 den
137 980 26 21 22
180 979 58 28 april
253 986 16 14 s.
286 979 19 21 å.
321 978 91 29 afgifna
427 978 124 22 enahanda
566 978 94 29 förslag.
687 979 84 28 Någon
786 986 48 15 mo-

75 1013 103 29 tivering
200 1013 26 21 af
245 1013 117 29 förslagen
385 1020 37 14 om
445 1013 40 21 det
507 1020 48 21 nya
572 1012 140 29 stadgandet
726 1013 43 22 har
783 1013 52 22 icke

76 1047 89 30 gifvits.

122 1118 1 3 .
144 1093 147 29 Näppeligen
313 1092 66 23 torde
401 1092 74 22 heller
498 1100 30 14 en
550 1092 92 22 hållbar
659 1093 76 28 grund
749 1093 37 22 för
801 1095 35 20 ett

76 1126 84 23 sädant
181 1127 128 28 stadgande
331 1127 91 21 kunnat
443 1126 101 23 anföras.
568 1127 36 28 Ty
624 1135 53 14 man
692 1127 66 22 torde
773 1127 63 22 svär-

75 1161 65 29 ligen
163 1161 79 22 kunna
256 1161 64 22 finna
334 1161 73 29 nägra
422 1161 59 26 skäl,
503 1161 32 29 pä
549 1161 77 29 grund
640 1161 28 22 af
679 1161 81 22 hvilka
775 1161 61 22 skol-

76 1195 75 22 lärare
174 1195 70 21 borde
266 1189 109 28 försättas
391 1195 8 21 i
414 1203 29 13 en
460 1195 253 29 undantagsställning,
737 1202 49 15 som
802 1195 34 22 öf-

75 1229 133 22 verhufvud
223 1232 24 18 är
262 1229 37 22 för
313 1229 182 29 lagstiftningen
510 1229 152 22 främmande.

144 1274 13 21 I
172 1274 52 22 stöd
239 1274 26 22 af
278 1274 71 22 ofvan
364 1275 98 29 angifna
477 1275 147 28 synpunkter
640 1275 42 22 och
698 1275 138 22 anslutande

76 1308 36 29 sig
127 1308 37 21 till
180 1308 28 21 de
223 1309 51 21 skäl
289 1309 183 28 petitionärerne
488 1309 37 22 för
540 1309 42 22 sitt
596 1309 89 29 förslag
699 1309 137 28 framhållit,

75 1341 37 22 får
135 1342 77 21 derför
233 1343 120 24 utskottet.
370 1343 121 22 vördsamt
506 1343 93 28 föreslå,
623 1345 35 20 att
672 1343 92 22 landets
779 1344 58 29 hög-

76 1376 82 29 lofliga
181 1376 99 24 Ständer
297 1378 56 21 ville
369 1378 82 21 förena
467 1378 38 29 sig
520 1385 36 15 om
573 1386 30 14 en
618 1378 146 30 underdånig
778 1378 59 30 peti-

76 1410 50 22 tion
140 1411 9 21 i
160 1410 39 22 det
214 1411 69 29 syfte,

146 1452 99 16 Allmänna
257 1452 171 18 Besvärsutskottets
441 1453 113 17 betänkande
565 1453 35 17 N:o
613 1453 29 17 13.
