1048 1731
230 135 28 22 28
439 135 201 24 Motionsbetänkande
656 136 31 24 N:o
699 136 24 23 14-

435 457 291 29 Reservationer.

572 527 17 21 1

269 571 34 21 Då
317 571 21 21 vi
352 571 47 22 icke
414 572 82 22 kunnat
511 572 73 22 förena
600 578 34 16 oss
648 578 33 16 om
691 572 222 22 Ekonomiutskottets
923 571 37 22 be-

198 604 44 22 slut
257 604 6 22 i
279 606 13 26 &
308 606 20 26 8,
351 607 33 20 att
398 606 71 22 tillåta
484 606 138 27 begagnande
638 606 22 22 af
673 612 76 16 snaror
763 607 70 21 såsom
848 606 112 27 fängstme-

199 638 35 22 del
257 638 91 23 allenast
371 656 9 9 ,
384 640 28 27 pä
433 640 72 22 frusen
528 640 39 22 och
586 641 100 21 snötäckt
701 640 74 22 mark"
791 642 54 20 samt
861 640 38 22 alls
913 640 47 22 icke

199 672 76 26 »fällor
291 673 32 22 för
338 673 147 29 fägelfängst',
501 674 63 22 hafva
578 674 20 22 vi
613 676 55 20 trott
683 680 34 16 oss
727 674 53 22 böra
788 674 171 22 reservationsvis

198 706 113 23 framhälla
325 708 39 22 vär
379 708 112 22 afvikande
505 709 91 27 mening.

268 742 43 21 Det
323 742 61 22 torde
398 749 51 15 vara
464 742 72 27 kändt,
552 745 32 19 att
599 743 71 27 fängst
684 742 22 22 af
719 742 52 22 hare
787 742 39 22 och
841 742 56 28 fägel
911 742 49 22 med

198 781 77 16 snaror
297 776 40 22 och
352 776 63 22 fällor
429 776 7 22 i
451 783 64 15 norra
530 777 40 21 och
586 779 58 20 östra
659 777 88 22 delarna
761 776 23 22 af
798 778 47 20 värt
861 776 49 23 land
925 776 35 22 be-

199 809 78 23 drifves
297 811 71 21 såsom
383 813 32 19 ett
430 811 75 27 vigtigt
519 811 142 27 näringsfäng.
691 811 44 21 För
750 817 26 15 en
790 811 46 22 icke
850 811 61 27 ringa
926 811 34 22 del

198 843 23 22 af
235 844 149 28 befolkningen
404 846 63 26 utgör
482 845 31 21 till
530 845 39 22 och
584 846 50 22 med
646 846 80 27 jagten,
742 845 89 22 sälunda
845 845 116 28 bedrifven,

198 880 33 20 ett
246 878 129 28 väsendtligt
389 879 92 22 tillskott
496 880 7 21 i
519 880 47 21 dess
582 880 138 22 ekonomiska
735 879 98 27 existens,
843 880 28 27 pä
881 886 80 15 samma

198 912 56 27 gäng
269 918 46 16 som
332 913 123 27 derigenom
470 914 90 22 tillföres
575 914 84 22 landets
673 913 143 29 innebyggare
827 914 61 21 deras
898 913 65 22 behof

198 947 22 22 af
235 947 59 27 vildt,
310 947 146 22 hvarförutom
473 954 80 16 samma
565 948 47 27 jagt
628 948 6 21 i
650 948 149 27 hufvudsaklig
813 947 34 23 del
863 947 98 28 bidrager

198 981 32 22 till
254 981 41 22 den
318 984 75 25 export
412 982 33 21 till
465 982 97 22 utlandet
576 983 24 21 af
612 982 101 22 särskildt
727 982 57 27 fägel
800 982 39 22 och
853 982 108 25 harskinn,

198 1022 46 15 som
269 1016 29 27 pä
320 1016 90 22 sednare
432 1017 57 21 tider
510 1019 36 25 egt
568 1023 54 16 rum.
652 1017 47 21 Den
717 1016 74 27 fattige
806 1018 100 26 torparen
922 1016 39 22 och

198 1050 132 27 inhysingen,
353 1057 46 15 som
421 1051 65 22 lifnär
500 1051 32 27 sig
547 1051 49 22 med
608 1051 53 28 jagt,
677 1051 40 22 har
731 1051 48 21 icke
793 1051 39 21 räd
847 1053 33 19 att
895 1050 66 22 skaffa

198 1084 32 27 sig
245 1084 70 27 bössa,
331 1084 51 22 krut
397 1085 40 22 och
453 1085 62 27 hagel
532 1085 39 22 och
586 1087 27 20 än
628 1085 83 22 mindre
727 1085 32 22 tid
774 1087 33 20 att
816 1085 67 22 under
893 1087 68 20 större

199 1119 62 21 delen
284 1119 23 21 af
329 1119 68 26 dagen
419 1119 58 28 ligga
495 1119 7 22 i
517 1119 80 28 skogen
612 1120 34 21 för
660 1121 32 20 att
707 1119 84 28 förfölja
806 1120 37 21 sitt
859 1119 102 27 viläbräd,

197 1155 53 19 utan
273 1152 42 23 han
337 1153 74 28 lägger
432 1155 25 20 ut
478 1160 76 15 snaror
575 1154 40 21 och
630 1154 63 22 fällor
707 1153 33 22 för
755 1155 33 20 att
802 1153 108 22 ätkomma
925 1153 37 22 sitt

198 1186 57 28 byte.
285 1187 110 22 Förnekas
419 1187 80 22 honom
524 1194 29 15 nu
575 1188 129 27 rättigheten
727 1189 34 20 att
783 1187 96 28 begagna
901 1187 60 22 dessa

198 1220 170 29 fängstredskap,
392 1222 24 21 sä
437 1221 98 23 beröfvas
558 1221 78 23 honom
659 1221 123 28 derigenom
797 1223 32 20 ett
843 1221 23 22 af
879 1221 27 22 de
921 1221 41 22 för-

197 1257 86 20 nämsta
298 1255 96 23 vilkoren
409 1257 33 20 för
457 1256 53 22 hans
525 1256 98 28 existens,
640 1256 38 22 och
695 1255 42 22 han
752 1255 41 22 blir
808 1255 76 22 försatt
899 1256 7 21 i
921 1256 41 22 den

198 1290 62 21 svära
282 1289 156 28 belägenheten
460 1293 32 19 att
514 1291 100 26 antingen
636 1290 63 28 bryta
717 1291 46 20 mot
777 1289 62 28 lagen
855 1290 53 21 eller
922 1290 39 22 ock

198 1323 73 28 afsäga
286 1324 33 27 sig
333 1330 26 16 en
374 1324 154 28 förvärfskälla,
554 1331 45 16 som
614 1325 43 22 han
672 1331 63 16 anser
750 1324 44 21 lika
809 1324 92 27 naturlig
916 1330 45 16 som

198 1357 130 29 obestridlig.

267 1393 40 21 Att
330 1392 116 28 tillgången
461 1394 28 27 pä
503 1393 103 27 naturligt
620 1393 53 23 vildt
688 1393 70 22 skulle
773 1399 77 21 genom
865 1392 96 28 fångsten

198 1426 49 22 med
263 1433 76 16 snaror
353 1427 41 22 och
408 1427 63 22 fällor
486 1428 145 26 väsendtligen
647 1427 77 27 aftaga,
740 1429 25 19 är
779 1427 46 21 icke
841 1428 32 20 att
889 1426 73 22 befara

267 1466 203 18 Ekonomiutskottets
483 1466 120 18 betänkande
615 1466 36 19 N:o
665 1468 26 17 16.
