1048 1731
219 129 12 17 8
401 129 230 19 Petitionsbetänkande
646 129 37 19 N:o
698 128 33 20 26.

190 189 101 27 reslagna
316 190 106 21 reformen
445 191 87 20 komme
548 192 31 19 att
595 192 52 25 taga
662 191 6 19 i
684 189 97 28 anspråk
796 189 80 26 afgifva
892 189 54 20 blott

192 230 26 14 en
234 223 123 28 ungefärlig
371 224 126 27 beräkning.

259 258 104 27 Anslaget
386 258 33 22 för
438 260 27 20 de
481 266 29 14 nu
526 259 137 22 existerande
685 257 154 29 provisionella
860 257 86 22 förloss-

191 293 200 26 ningsanstalterna
410 294 84 27 uppgår
509 295 33 19 för
558 294 135 21 närvarande
710 293 31 21 till
758 293 63 26 8,000
837 292 61 21 mark
913 293 33 20 år-

192 327 65 28 ligen,
280 328 40 21 och
339 328 40 21 har
394 329 41 20 den
452 328 96 21 faktiska
564 328 123 21 kostnaden
704 328 33 21 för
753 329 63 20 dessa
831 327 115 21 inrättnin-

190 369 39 20 gar
244 363 69 21 under
329 365 85 19 senaste
429 363 24 21 år
469 363 7 20 i
491 362 102 22 medeltal
604 363 81 27 utgjort
696 363 64 25 7,595
771 362 62 21 mark
844 363 27 20 79
881 361 66 28 penni

191 397 52 21 eller
258 397 33 21 för
307 397 74 28 hvarje
397 398 104 27 sjuksäng
516 398 6 20 i
538 398 66 20 rundt
615 397 30 22 tal
661 398 42 21 536
714 397 69 21 mark.
806 396 74 22 Blefve
891 396 54 27 sjuk-

191 432 113 27 platserna
326 432 35 21 vid
384 432 75 27 hvarje
475 432 24 21 af
511 432 165 27 ifrågavarande
699 431 248 27 förlossningsanstalter

192 467 69 20 ökade
277 466 33 21 till
325 467 21 25 6,
362 466 69 21 skulle
446 467 90 26 således,
553 474 34 13 om
603 467 135 21 anstalterna
753 466 7 21 i
777 466 64 27 öfrigt
852 465 95 22 bibehöl-

191 501 31 21 les
245 501 28 27 på
294 508 82 15 samma
394 501 31 21 fot
441 508 46 14 som
503 509 35 18 nu,
562 501 122 22 kostnaden
700 501 33 21 för
749 502 49 20 dem
813 501 88 21 komma
915 503 32 19 att

191 536 79 27 belöpa
285 536 32 27 sig
333 536 33 20 till
382 536 78 26 22,500
476 536 60 21 mark
552 536 90 27 årligen.
673 536 128 21 Emellertid
816 536 61 20 torde
885 536 62 20 dessa

191 571 153 27 inrättningar,
361 578 34 14 om
411 572 26 20 de
448 578 83 14 samma
546 571 107 27 utvidgas,
670 570 47 22 icke
728 570 55 22 böra
793 571 108 20 anordnas
911 576 36 15 en-

192 606 48 21 dast
261 606 146 27 provisoriskt,
431 606 70 21 såsom
516 606 110 20 härintills
642 606 55 21 varit
713 605 68 25 fallet,
798 608 52 18 utan
866 604 82 22 erhålla

192 648 26 14 en
234 642 49 20 med
299 640 96 22 kronans
410 641 90 27 sjukhus
516 641 7 20 i
538 640 119 22 allmänhet
668 640 237 22 öfverensstämmande
915 646 32 14 or-

191 676 123 26 ganisation
331 675 40 21 och
385 676 8 20 i
408 676 78 21 sådant
501 675 38 21 fall
554 675 86 21 komme
650 676 120 26 utgifterna
785 674 33 22 för
833 674 114 22 inrättnin-

191 717 69 20 garna
283 713 32 18 att
339 710 56 27 stiga
410 710 47 21 icke
474 710 54 21 blott
544 710 86 22 relativt
645 710 34 21 till
694 711 37 20 det
746 710 105 20 förökade
867 709 82 21 antalet

192 744 139 28 sjukplatser.
361 744 42 22 Det
425 745 40 21 har
488 745 124 26 beräknats,
628 748 33 18 att
683 744 124 22 kostnaden
822 744 34 21 för
871 744 76 20 under-

191 779 68 21 hållet
275 779 24 21 af
313 786 26 14 en
355 779 233 27 barnbördsafdelning
603 786 35 15 om
654 781 13 20 6
683 780 130 27 sjuksängar
829 779 35 21 vid
875 778 74 28 hvarje

191 814 142 28 länesjukhus
349 815 7 20 i
371 814 74 22 landet
467 816 59 26 (med
544 816 112 26 undantag
672 815 25 21 af
709 814 112 22 allmäuna
836 814 113 28 sjukhuset

192 849 6 21 i
214 848 82 28 H:fors)
311 848 86 22 komme
412 853 32 18 att
460 849 97 28 medföra
573 856 26 14 en
610 849 55 28 årlig
675 849 66 27 utgift
752 849 25 21 af
785 848 77 22 inalles
873 849 78 26 32,000

192 884 62 21 mark
270 884 52 21 eller
339 884 98 27 omkring
460 885 78 25 24,000
553 884 61 21 mark
632 884 84 21 utöfver
731 884 59 21 hvad
807 884 25 20 de
848 883 100 27 provisio-

192 918 58 22 nella
272 918 280 28 förlossningsanstalterna
567 918 33 22 för
619 920 137 20 närvarande
772 918 69 21 kosta.
873 917 77 22 Likväl

192 953 39 21 bör
241 953 134 27 framhållas,
386 955 32 19 att
428 953 50 22 hela
489 954 61 21 detta
563 953 61 22 antal
632 953 131 28 sjuksängar
771 953 48 21 icke
825 953 36 22 vid
869 953 44 21 alla
921 952 30 21 lä-

194 988 118 21 nelasarett
320 987 118 22 tillsvidare
449 988 92 21 behöfde
550 989 98 20 inrättas.
665 989 9 20 I
683 989 62 20 detta
750 988 124 21 hänseende
884 987 66 21 borde

192 1023 36 20 det
244 1022 73 22 lokala
333 1022 100 22 behofvet
448 1023 67 22 blifva
530 1023 45 21 helt
591 1023 40 21 och
647 1023 66 21 hället
729 1023 171 21 bestämmande.

259 1057 48 22 Den
323 1058 96 27 stegring
434 1058 6 21 i
456 1058 84 21 landets
556 1058 204 27 medicinalbudget,
776 1057 87 22 hvilken
882 1057 70 22 blefve

192 1099 27 14 en
235 1092 55 28 följd
305 1093 24 20 af
343 1093 26 21 de
385 1093 153 27 provisionella
560 1093 289 28 förlossningsanstalternas
867 1092 85 27 utvidg-

193 1127 52 27 ning
269 1127 40 21 och
333 1127 110 22 mähända
465 1127 24 22 af
510 1127 135 22 inrättandet
660 1127 24 22 af
703 1135 42 20 nya
761 1127 84 21 sädana
859 1127 14 21 ä
888 1129 65 21 orter,

194 1163 37 20 der
255 1161 101 23 behofvet
380 1163 78 20 sädant
479 1162 105 27 päkallar,
600 1163 24 20 är
640 1163 68 26 enligt
723 1162 120 21 utskottets
858 1161 56 28 äsigt
931 1161 24 20 af

194 1196 87 22 relativt
297 1197 61 27 ringa
373 1196 116 28 betydelse,
511 1197 93 26 jemförd
620 1198 48 20 med
684 1198 41 20 den
743 1197 87 27 nyttiga
845 1195 85 28 uppgift
945 1196 7 20 i

194 1231 61 27 fråga
278 1232 95 21 varande
397 1231 105 22 anstalter
524 1231 84 22 komme
627 1234 33 19 att
677 1232 65 21 hafva
758 1231 35 21 för
808 1231 102 21 särskildt
927 1231 26 20 de

194 1265 78 28 fattiga
288 1265 169 22 folkklassernas
472 1266 97 21 kvinnor.

262 1300 33 21 Då
311 1301 105 21 utskottet
431 1301 29 27 på
475 1301 92 21 anförda
584 1301 46 21 skäl
646 1300 80 22 skänkt
737 1299 214 29 petitionsförslagen

196 1335 37 20 sitt
248 1336 126 25 understöd,
391 1335 38 21 har
445 1335 107 22 utskottet
568 1335 121 22 emellertid
704 1336 29 27 på
750 1342 83 15 samma
848 1335 57 27 gång
921 1341 31 14 ve-

196 1370 30 21 lat
241 1369 122 27 framhålla,
387 1373 33 18 att
435 1371 42 21 den
493 1370 33 21 för

550 1373 62 19 imsta
636 1371 93 27 utvägen
747 1372 33 20 att
795 1369 80 22 hereda
890 1369 63 20 harn-

194 1404 113 22 föderskor
323 1406 28 26 på
366 1404 127 22 landsorten
509 1412 27 14 en
553 1406 120 21 förbättrad
696 1404 205 28 förlossningshjelp
917 1403 35 22 be-

194 1440 45 20 står
258 1440 7 19 i
285 1440 68 20 större
376 1440 90 26 tillgång
490 1441 27 26 på
540 1440 34 21 väl
597 1440 88 21 skolade
708 1439 161 22 barnmorskor.
902 1438 47 21 För:

264 1480 99 18 Allmänna
376 1480 173 17 Besrirsutskottets
561 1480 109 17 betänkande
683 1481 36 16 N:o
733 1480 29 17 21.
