1048 1731
206 136 14 21 6

175 201 55 20 utan
245 198 94 27 ändring
353 197 107 28 godkänt;
476 198 42 21 och
534 198 40 21 har
588 198 135 27 underdånig
742 199 102 20 anmälan
861 198 77 22 derom

179 235 68 26 gjorts
263 233 7 20 i
285 232 174 22 svarsskrifvelse
475 232 24 21 af
511 232 43 22 den
570 233 11 20 1
597 232 148 22 innevarande
761 232 48 28 Maj.

528 295 12 27 8
559 296 30 20 16.

249 341 8 21 I
267 341 152 26 hufvudsaklig
434 340 227 22 öfverensstämmelse
676 341 49 21 med
740 341 57 21 hvad
813 341 59 21 Hans
887 340 51 27 Kej-

179 376 80 27 serliga
274 375 100 28 Majestät
390 375 6 21 i
412 375 80 21 aflåten
507 375 66 26 nådig
592 375 141 27 proposition,
757 375 112 27 angående
893 381 46 15 om-

179 411 98 26 sättning
292 409 23 22 af
329 410 26 21 de
371 409 33 22 för
419 409 84 21 inlösen
519 409 23 21 af
555 409 244 27 donationslägenheter
813 410 7 20 i
835 409 103 26 Wiborgs

180 445 43 22 och
238 445 30 20 St.
279 444 90 21 Michels
384 444 36 21 län
435 445 112 26 upptagna
562 443 98 27 statslån,
683 443 116 28 föreslagit,
822 443 65 22 hafva
909 443 30 23 Vi

179 479 142 28 bemyndigat
337 478 110 27 Styrelsen
462 480 38 27 att,
515 477 35 22 för
566 478 115 21 inlösande
703 478 24 21 af
746 479 125 20 återstoden
893 477 49 22 utaf

180 515 27 21 de
218 515 13 20 4
241 514 28 26 1/3
277 514 28 26 9/,
316 513 149 27 obligationer,
482 519 48 15 som
540 512 107 22 utfärdats
662 512 33 22 för
709 513 66 27 inköp
783 512 24 22 af
813 513 126 21 donations-

179 548 62 28 gods,
257 548 60 20 inom
332 547 73 21 landet
421 548 13 20 å
446 547 103 27 lämpliga
563 547 56 21 tider
634 549 95 25 upptaga
745 549 30 19 ett
790 548 7 20 i
813 547 66 21 serier
895 546 43 22 för-

181 582 73 22 deladt
268 582 38 21 lån
320 582 31 20 till
362 581 133 27 erforderligt
509 581 85 27 belopp,
612 582 49 20 med
676 588 27 14 en
720 582 109 20 räntesats
844 581 47 22 icke
907 580 32 22 öf-

182 616 140 27 verstigande
337 616 56 27 49/,,
409 616 80 20 hvilket
504 615 36 21 lån
555 615 88 22 komme
658 617 31 19 att
704 616 7 20 i
727 616 51 20 män
797 616 23 20 af
836 618 103 19 statsver-

180 652 49 21 kets
243 651 117 27 tillgångar
375 650 53 21 efter
438 650 137 27 uppsägning
590 650 89 21 serievis
694 650 81 21 inlösas
791 652 74 20 senast
879 650 60 21 inom

181 685 74 22 trettio
271 685 25 21 är
311 684 54 22 efter
379 684 70 21 länets
464 684 145 27 upptagande,
625 684 93 22 hvarom
733 684 30 22 Vi
777 684 32 21 uti
828 684 112 22 skrifvelse

180 720 24 22 af
218 720 42 21 den
276 720 12 20 7
305 719 147 21 innevarande
467 718 42 28 Maj
525 719 41 21 hos
581 719 61 21 Hans
656 718 102 28 Majestät
773 719 7 20 i
795 719 145 27 underdänig-

181 754 37 22 het
229 754 90 26 anmält,
327 754 68 26 jemte
411 753 36 21 det
461 753 30 22 Vi
505 753 67 21 tillika
588 754 74 20 såsom
677 753 164 27 önskningsmäl
855 753 84 26 uttalat,

182 790 32 20 att
229 788 112 27 Styrelsen
356 788 67 20 måtte
439 787 70 21 såvidt
525 788 83 26 möjligt
623 788 68 20 under
707 788 42 20 den
766 787 31 21 tid
819 787 58 21 lånet
899 787 41 21 bör

182 824 123 20 amorteras
321 822 140 27 regelbundet
476 822 116 21 verkställa
607 822 159 26 afbetalningar
781 822 14 21 å
813 822 128 21 detsamma.

533 890 12 27 S
562 890 32 21 17.

253 936 61 21 Hans
324 936 118 27 Kejserliga
452 935 112 28 Majestäts
576 936 80 27 nådiga
671 935 140 28 proposition,
828 935 113 28 angående

184 972 187 26 metersystemets
385 971 136 26 tillämpning
540 971 36 20 vid
596 970 136 27 tillverkning
753 971 41 20 och
815 970 127 27 försäljning

184 1005 24 22 af
220 1005 94 21 bränvin
330 1005 42 20 och
387 1005 69 20 andra
475 1005 152 27 spritdrycker,
650 1004 65 22 hafva
735 1004 29 23 Vi
787 1005 82 26 antagit
891 1004 51 21 med

184 1039 85 22 sådana
284 1039 84 21 mindre
384 1039 123 27 ändringar,
523 1039 47 22 Vår
585 1039 7 20 i
608 1041 74 20 ämnet
697 1039 81 21 aflätna
793 1039 148 26 underdåniga

184 1073 113 22 skrifvelse
313 1073 23 21 af
349 1073 42 22 den
408 1073 25 21 17
449 1073 147 22 innevarande
612 1073 41 28 Maj
670 1073 123 22 innehåller.

534 1136 12 27 g
563 1137 32 21 18.

254 1182 36 22 Uti
305 1182 134 27 underdånig
455 1181 110 22 skrifvelse
581 1181 23 22 af
620 1182 42 21 den
681 1182 25 22 17
729 1181 148 22 innevarande
899 1180 45 27 Maj

184 1216 67 21 hafva
265 1217 31 22 Vi
311 1216 34 21 för
364 1217 60 21 Hans
446 1217 119 26 Kejserliga
586 1215 103 29 Majestät
711 1216 107 21 framstält
840 1215 27 22 de
889 1215 53 26 skäl,

184 1250 105 22 hvarföre
305 1251 60 20 Hans
380 1250 113 28 Majestäts
508 1251 80 26 nådiga
603 1251 142 26 proposition,
764 1249 113 28 angående
892 1251 52 19 när-

184 1290 62 16 mare
264 1284 165 28 bestämningar
448 1291 36 15 om
503 1284 177 22 handhafvandet
698 1284 23 21 af
741 1284 203 21 landskommuner-

184 1325 42 15 nas
243 1319 291 27 ordningsangelägenheter,
550 1319 49 22 icke
614 1318 67 22 blifvit
698 1318 23 22 af
735 1317 41 23 Oss
793 1320 100 25 antagen.

534 1388 12 21 8
564 1382 33 21 19.

255 1428 36 21 Ett
306 1427 24 22 af
343 1428 60 21 Hans
418 1427 120 29 Kejserliga
552 1427 102 28 Majestät
668 1427 31 21 uti
721 1426 66 28 nädig
809 1425 137 29 proposition
