1048 1731
319 139 219 24 Motionsbetänkande
553 139 35 22 N:o
606 139 32 21 11.

378 580 196 28 Lagutskottets
590 580 155 22 betänkande
761 580 36 22 N:o
815 580 26 22 19
857 580 5 21 i

309 614 106 28 anledning
439 615 22 21 af
483 614 30 22 ett
537 614 53 22 inom
614 614 173 28 Borgareståndet
803 614 60 22 väckt

309 649 168 27 motionsförslag
493 655 33 16 om
542 648 114 28 ersättning
672 649 21 21 af
707 648 104 23 allmänna
821 654 41 17 me-

309 684 31 22 del
357 683 21 23 åt
393 684 77 21 vittnen
487 684 5 21 i
509 683 103 22 brottmål.

173 746 81 23 Genom
266 746 199 28 protokollsutdrag
476 746 41 22 har
529 746 156 28 Lagutskottet
695 745 50 23 från
753 745 109 29 Borgare-

103 781 89 23 ståndet
214 781 44 22 fått
279 782 116 27 emottaga,
416 781 68 28 jemte
499 780 142 22 meddelande
656 780 25 22 af
694 780 42 22 den
750 780 39 22 vid
803 782 61 20 ären-

104 815 48 23 dets
173 816 74 22 remiss
270 815 158 29 försiggångna
451 814 157 29 diskussionen,
624 816 33 21 ett
671 815 25 22 så
711 814 96 30 lydande
822 820 43 16 mo-

103 850 148 28 tionsförslag:

258 947 51 18 Till
326 946 141 24 Vällofliga
484 945 225 25 Borgareständet.

172 992 33 19 Uti
223 993 10 17 5
246 993 10 21 $
274 993 20 16 17
307 992 48 23 Kap.
367 992 6 18 i
385 991 193 25 Rättegängsbalken
591 992 83 24 stadgas,
686 994 29 17 att
727 992 38 19 den
777 997 42 14 som
831 992 34 18 vid

103 1019 102 25 rättegäng
222 1019 86 25 päkallar
326 1026 61 13 annan
405 1022 30 17 att
455 1021 63 18 vittna
536 1022 22 17 är
575 1021 79 24 skyldig
668 1022 29 17 att
707 1021 66 18 betala
785 1021 80 18 vittnets

104 1049 136 23 ,resekostnad
259 1049 35 19 och
312 1049 69 24 täring,
399 1049 49 19 efter
467 1049 46 19 dess
530 1049 119 24 värdighet",
667 1051 48 17 samt
727 1051 29 16 att
768 1049 97 23 domaren,

104 1078 66 18 derest
187 1078 70 19 vittnet
269 1078 36 18 och
318 1078 36 19 den
366 1078 70 19 honom
448 1077 87 24 päkallat
546 1078 43 19 icke
602 1079 69 22 sämjas
683 1083 30 13 om
725 1078 140 23 ersättningens

103 1107 77 22 belopp,
197 1107 35 18 bör
247 1107 57 23 lägga
316 1107 43 18 dem
371 1107 87 23 emellan,
472 1113 53 17 ,,som
538 1107 73 24 skäligt
622 1107 96 23 pröfvas''.
742 1107 59 18 Detta
813 1106 52 19 stad-

103 1135 63 23 gande
178 1140 46 18 eger
235 1135 60 18 likväl
307 1135 43 19 icke
363 1135 135 24 tillämplighet
511 1136 33 18 vid
553 1135 97 24 brottmål,
659 1141 39 13 som
707 1135 22 19 af
735 1136 70 18 allmän
814 1135 53 19 äkla-

103 1168 47 19 gare
168 1162 12 19 å
200 1164 92 23 tjenstens
309 1165 74 22 vägnar
399 1165 81 22 utföras,
497 1166 47 17 utan
556 1165 36 18 har
603 1165 34 18 vid
649 1163 70 20 sådana
731 1163 38 19 mål
781 1164 21 18 af
812 1163 55 20 ålder

104 1192 73 18 enhvar
196 1192 171 19 samhällsmedlem
379 1193 51 18 varit
442 1193 80 24 skyldig
534 1195 34 21 att,
582 1192 26 19 då
620 1193 88 19 domaren
720 1194 65 17 ansett
797 1191 70 20 sådant

103 1220 73 24 nödigt,
195 1221 70 18 infinna
283 1221 29 24 sig
329 1221 51 19 inför
395 1222 109 18 domstolen
521 1222 31 19 för
566 1223 30 17 att
607 1221 73 24 afgifva
691 1220 115 24 vittnesmål,
819 1223 47 16 utan

103 1251 30 16 att
151 1249 66 18 derför
234 1255 47 13 vara
299 1250 109 23 berättigad
426 1251 29 18 till
471 1249 63 25 någon
547 1251 107 24 ersättning
666 1251 20 18 af
696 1251 94 18 allmänna
802 1250 64 19 medel

103 1278 31 19 för
146 1278 126 19 resekostnad
285 1279 35 18 och
333 1279 102 23 tidspillan.

174 1307 9 18 I
202 1307 53 19 äldre
273 1307 55 23 tider,
347 1307 25 19 då
383 1307 197 20 rättsförhållandena
592 1313 48 14 voro
653 1308 77 19 enklare
743 1307 36 20 och
791 1307 76 19 medlen

104 1337 31 17 för
148 1336 125 19 samfärdseln
285 1337 46 17 vida
342 1337 73 18 mindre
428 1337 118 19 utvecklade
559 1338 24 17 än
595 1337 31 19 för
636 1337 125 23 närvarande,
771 1337 96 18 erfordra-

105 1365 34 18 des
156 1365 108 23 antagligen
282 1365 58 24 högst
357 1365 60 19 sällan
433 1367 30 17 att
481 1366 76 19 vittnen
569 1366 6 18 i
588 1366 90 19 brottmål
689 1365 84 20 behöfde
785 1365 82 19 inkallas

104 1392 43 20 från
164 1395 53 17 orter
235 1394 80 23 belägna
333 1393 25 25 på
376 1395 66 23 längre
454 1394 78 20 afstånd
545 1394 42 20 från
600 1395 33 19 det
645 1395 54 19 ställe
712 1395 35 19 der
759 1394 108 18 domstolen

104 1423 159 23 sammanträdde,
282 1423 36 19 och
334 1424 30 18 till
379 1423 50 24 följd
441 1424 58 18 deraf
508 1424 66 19 kunde
586 1422 145 25 ifrågavarande
742 1423 125 23 medborger-

104 1452 39 23 liga
160 1452 50 23 pligt
227 1452 24 18 då
263 1453 46 17 utan
321 1452 34 18 allt
367 1452 30 18 för
410 1454 54 17 stora
476 1452 127 24 olägenheter
615 1452 97 24 fullgöras.
737 1452 30 19 Nu
780 1452 87 18 deremot

173 1486 140 24 Lagutskottets
325 1487 118 19 betänkande
455 1488 38 18 N:o
506 1489 28 18 19.
