1048 1731
200 103 381 24 Petitionsbetänkande
598 103 55 24 N:o
669 105 52 22 29.

354 373 123 21 Allmänna
496 373 243 22 Besvärsutskottets
761 373 82 22 hetän-

286 407 72 22 kande
373 407 32 21 N:o
417 407 24 21 24
453 408 6 20 i
470 408 101 27 anledning
586 407 22 22 af
621 409 26 20 ett
663 407 29 22 till
707 407 136 22 Bondeständet

286 441 78 28 ingifvet
380 442 162 27 petitionsförslag
566 441 92 28 angående
673 442 62 21 finska
757 441 86 30 språkets

286 476 116 27 användning
417 476 30 21 vid
463 476 87 21 Mustiala
567 477 193 21 landthruksinstitut.

137 534 84 27 ilJemte
237 534 197 26 protokollsutdrag
449 534 35 21 för
500 534 41 22 den
564 535 27 20 14
606 534 103 22 Februari
731 535 40 21 har
785 534 58 22 Bon-

80 568 113 22 deständet
208 568 32 22 till
256 568 113 21 Allmänna
384 568 213 22 Besvärsutskottets
614 568 157 28 handläggning
789 569 53 21 hän-

81 602 75 28 skjutit
171 604 32 20 ett
219 602 22 22 sä
257 602 89 27 lydande
362 602 221 27 petitionsmemorial:
813 622 28 8 m

154 657 170 29 (Öfversättning.)

217 700 66 27 STill
308 698 378 29 HedervärdajiBondeständet.

154 746 104 24 Samtidigt
273 751 42 14 som
329 746 68 23 hvarje
413 745 163 20 fosterlandsvän
587 746 69 23 gläder
664 746 29 23 sig
702 746 55 20 öfver
765 748 30 18 att
806 746 36 20 vär

80 774 151 24 hufvudnäring,
245 774 127 24 äkerbruket,
386 780 31 13 om
430 776 25 18 än
468 774 106 26 längsamt,
592 774 50 20 dock
651 775 74 23 stadigt
737 775 104 19 utvecklar

82 804 35 23 sig,
134 803 101 24 samtidigt
249 803 31 19 fär
295 804 37 18 han
349 803 27 19 alt
391 805 159 17 smärtsammare
574 803 72 23 erfara,
669 806 29 16 att
720 804 19 19 vi
761 804 6 18 i
790 804 51 19 kon-

81 832 109 19 kurrensen
214 832 43 19 med
273 832 61 19 andra
349 832 70 19 länder
434 832 42 19 lida
491 832 36 19 allt
543 834 64 17 större
626 832 101 23 förluster,
751 832 36 20 och
811 835 30 17 att

79 861 156 23 jordbrukarnes
258 861 7 18 i
287 861 68 19 landet
377 860 102 24 ställning,
503 860 84 20 oaktadt
612 860 47 20 flere
681 861 52 23 goda
755 861 86 20 skördar

80 889 52 19 dock
148 890 43 18 icke
207 892 22 16 är
244 889 191 23 tillfredsställande,
454 892 48 16 utan
526 892 84 16 tvertom
634 889 75 24 ganska
731 890 109 24 betänklig.

80 917 31 20 En
128 918 90 19 alltmera
234 918 75 19 erkänd
319 918 82 24 sanning
417 920 29 23 är,
458 920 29 17 att
498 918 70 19 arbete
579 918 44 19 med
636 918 63 19 blotta
709 918 132 25 kroppskraf-

79 949 31 17 ter
126 947 37 19 oeh
178 947 110 19 vidsträckt
303 947 67 24 odling
385 947 45 19 icke
447 947 84 24 erbjuda
547 953 33 13 oss
596 947 93 20 framtida
699 947 95 19 säkerhet
809 947 32 20 för

77 975 130 24 jordbrukets
232 975 155 20 fortskridande.
429 975 46 20 Den
498 975 65 20 finska
588 976 80 19 talande
689 976 152 24 jordbrukande

78 1003 141 25 befolkningen
235 1005 36 18 har
285 1004 36 19 allt
336 1005 98 23 tydligare
450 1004 38 19 fätt
504 1004 73 26 erfara,
594 1006 29 17 att
637 1005 38 19 hon
692 1005 73 18 saknar
780 1005 61 24 insigt

79 1033 37 19 och
132 1033 119 24 skicklighet
265 1033 6 18 i
287 1033 35 20 sitt
337 1033 56 24 yrke,
420 1033 66 19 denna
509 1032 117 25 befolkning
648 1033 35 19 har
705 1033 36 19 allt
759 1033 81 24 ifrigare

78 1061 66 24 börjat
166 1061 63 20 önska
256 1062 29 23 sig
311 1061 35 20 och
372 1061 93 24 slutligen
491 1062 37 19 allt
555 1062 126 19 bestämdare
711 1062 78 19 fordrat
811 1064 30 17 ett

78 1089 60 24 högre
154 1089 60 20 finskt
227 1090 195 24 jordbruksinstitut.

149 1119 132 19 Jordbrukets
296 1119 115 23 utveckling
426 1121 23 17 är
465 1124 32 14 oss
516 1119 63 24 vigtig
594 1119 44 20 icke
662 1119 70 20 endast
754 1125 23 13 ur
801 1119 38 19 den

78 1147 106 26 synpunkt,
200 1150 29 16 att
245 1148 33 19 det
292 1150 59 21 utgör
367 1148 50 19 enda
428 1147 157 20 inkomstkällan
601 1147 32 20 för
644 1147 119 24 ojemförligt
773 1149 66 18 större

77 1176 58 19 delen
151 1175 21 20 af
186 1176 45 19 värt
245 1176 48 24 folk,
317 1177 35 19 och
368 1179 29 16 att
411 1177 143 23 jordbrukare,
578 1182 41 13 som
635 1176 62 19 sakna
718 1176 61 23 insigt
803 1176 37 19 och

77 1204 120 25 skicklighet
211 1205 7 18 i
233 1205 35 19 sitt
282 1207 56 22 yrke,
355 1205 75 24 ärligen
445 1205 43 19 lida
507 1205 97 24 ofantliga
619 1205 99 25 förluster,
742 1210 43 13 men
809 1204 30 19 äf-

76 1239 37 14 ven
128 1233 26 24 pä
174 1233 37 20 den
235 1234 63 23 grund
321 1235 30 18 att
374 1233 129 20 ekonomiskt
525 1234 92 19 välständ
640 1234 60 19 ocksä
722 1233 117 20 framkallar

77 1267 23 14 en
116 1262 84 23 lifligare
216 1263 66 23 andlig
297 1263 120 23 utveckling,
433 1263 68 19 hvilka
521 1263 129 19 tillsammans
672 1264 71 22 utgöra
765 1262 73 23 grund-

77 1291 57 19 valen
149 1291 31 19 för
196 1291 34 20 vär
245 1291 95 24 politiska
355 1292 95 19 existens.
476 1291 36 19 Ett
527 1291 115 20 välmäende
652 1291 36 19 och
698 1291 77 19 bildadt
783 1291 56 24 jord-

75 1319 134 20 brukarständ
225 1320 36 19 har
276 1320 57 19 alltid
349 1321 75 23 utgjort
440 1320 25 19 de
481 1320 98 19 nordiska
594 1320 78 19 folkens
695 1320 56 19 bästa
774 1319 65 24 skydd

74 1350 42 17 mot
131 1348 73 20 inifrån
221 1349 36 19 och
272 1349 75 19 utifrån
361 1349 88 19 hotande
471 1348 61 21 faror,
564 1348 143 25 Uppfyllandet
731 1348 21 19 af
773 1349 66 18 denna

75 1377 44 19 värt
135 1377 53 20 folks
203 1377 91 25 lifligaste
311 1378 75 19 önskan
403 1380 22 17 är
441 1377 32 20 för
489 1378 38 19 den
544 1378 52 19 skull
620 1377 53 20 säväl
696 1377 31 20 för
749 1376 89 25 regerin-

74 1412 38 18 gen
128 1412 41 13 som
185 1407 107 19 ständerna
307 1412 24 14 en
347 1406 110 20 hederssak
473 1406 37 20 och
527 1412 24 14 en
566 1406 53 24 helig
634 1406 55 24 pligt.

144 1444 103 18 Allmänna
260 1445 189 18 Besvärsutskottetes
463 1444 106 18 betänkand
583 1446 34 16 N:o
630 1444 30 17 24.
