1048 1731
316 124 216 23 Motionsbetänkande
548 124 35 23 N:o
600 125 34 21 11.
803 126 25 20 11

166 189 11 22 I
196 189 38 22 fall
255 189 157 23 ofvanstående
432 189 227 28 författningsförslag
673 191 100 26 antages,
788 190 70 22 skulle

98 224 37 22 det
156 223 69 23 blifva
246 223 77 28 nödigt
346 225 34 20 att
402 225 57 20 emot
480 223 279 28 redovisningsskyldighet
781 224 76 22 anvisa

97 258 115 28 magistrat
227 258 52 22 eller
295 257 152 28 ordningsman
461 258 8 21 i
484 258 104 22 städerna
602 259 57 20 samt
673 257 135 28 kronofogde
818 259 40 21 och

96 292 99 22 länsman
212 292 29 28 på
261 292 75 22 landet
354 292 81 28 nödiga
449 292 69 22 medel
533 292 35 22 för
582 292 140 22 bestridande
737 292 25 21 af
775 291 82 28 ifråga-

97 327 96 22 varande
215 327 94 22 förskott
331 327 40 21 och
393 327 153 28 ersättningar.
577 327 111 28 Derjemte
707 327 70 22 skulle
792 327 65 22 äfven

97 361 69 22 andra
180 361 146 28 anordningar
341 361 68 22 blifva
424 361 140 28 nödvändiga
574 361 34 22 för
618 361 121 28 bringande
749 361 34 22 till
793 361 64 22 verk-

97 395 113 28 ställighet
225 395 24 22 af
262 395 167 28 förordningens
444 396 171 28 bestämningar.
638 396 35 21 Då
690 395 37 22 det
737 395 120 22 emellertid

97 436 63 21 synes
182 429 125 28 lämpligast
329 431 34 20 att
381 430 63 22 dessa
462 430 144 23 öfverlemnas
622 430 24 22 åt
660 430 145 27 Regeringen,
821 429 36 22 får

97 463 114 23 Utskottet
226 464 111 22 vördsamt
352 464 89 28 föreslå,

373 543 29 18 att
425 542 119 20 Ständerna
568 542 44 20 ville
634 541 87 21 anhälla
735 542 33 19 det
783 542 73 19 täcktes

304 576 61 20 Hans
380 576 115 25 Kejserliga
510 576 98 26 Majestät
619 576 84 25 vidtaga
714 576 25 19 de
751 574 104 27 ätgärder,

305 610 75 26 hvilka,
392 611 35 24 för
442 610 114 26 bringande
572 611 29 19 till
616 610 151 24 verkställighet
781 610 25 24 af
814 610 42 24 för-

306 645 125 25 ordningens
439 645 161 25 bestämningar,
610 645 73 20 kunna
691 645 71 25 finnas
772 644 82 24 nödiga.

166 818 35 22 En
217 818 74 29 tabell,
307 818 114 24 utvisande
436 819 83 22 antalet
534 819 84 22 mindre
633 820 64 26 brott,
709 818 85 28 bifogas
804 825 52 21 upp-

98 847 137 38 lysningsvis.
732 850 4 2 |

168 990 11 22 I
197 990 101 22 ärendets
318 990 90 28 slutliga
427 991 132 28 behandling
577 991 67 22 hafva
659 990 93 28 deltagit
765 990 92 22 ledamö-

97 1027 61 20 terne
173 1024 91 23 friherre
280 1025 26 22 G.
321 1025 26 21 A.
363 1025 169 28 Langenskiöld,
548 1026 74 27 Prytz,
638 1025 95 22 Herman
745 1025 110 32 Råbergh,

97 1059 170 28 Schwartzberg,
293 1059 109 28 Tallgrön,
428 1059 118 28 Stenbäck,
573 1060 126 27 Rönnbäck,
724 1059 25 22 A.
776 1059 79 28 Öberg,

98 1093 144 28 Tuomikoski,
259 1093 108 28 Vuolijoki
383 1094 39 22 och
436 1094 101 22 Hollm&n
551 1096 57 21 samt
622 1094 143 28 suppleanten
779 1093 77 28 Jäger-

96 1127 77 22 skiöld.

165 1195 136 29 Helsingfors
317 1197 41 22 den
373 1199 12 19 9
401 1197 45 28 Maj
465 1199 62 20 1888.

164 1470 140 23 Lagutskottets
317 1470 116 18 betänkande
445 1470 38 18 N:o
495 1471 27 17 19.
