1048 1731
289 143 208 24 Petitionsbetänkande
513 143 33 24 N:o
563 143 27 24 19.
779 146 12 19 3

133 213 31 19 Då
179 213 19 19 få
214 213 69 19 länder
298 213 67 19 kunna
380 213 83 24 uppvisa
479 219 23 13 en
519 213 21 20 så
556 213 52 24 lång,
617 213 105 20 oafbruten
738 213 83 24 årsföljd

64 241 22 20 af
99 242 124 23 magnetiska
237 242 150 19 observationer
403 247 41 14 som
458 242 96 19 Finlands
570 241 92 24 43:äriga
676 242 59 23 serie,
750 243 71 18 medan

64 270 90 19 hvarken
170 270 6 19 i
193 270 86 24 Sverige,
295 270 100 19 Danmark
411 271 49 18 eller
476 271 66 23 Norge
558 273 52 16 ännu
633 271 150 19 åstadkommits
799 271 23 19 så

65 299 144 24 continuerliga
237 299 80 25 sådana,
343 299 82 20 oaktadt
455 299 173 19 observatorierna
655 299 103 19 derstädes
786 302 35 16 äro

65 328 45 19 vida
124 327 94 24 rikligare
234 328 95 19 doterade
345 330 24 17 än
385 328 55 23 vårt;
456 327 37 20 och
509 328 26 19 dä
550 327 61 24 ryska
629 327 124 25 Vetenskaps
769 327 51 20 Aca-

64 356 65 19 demin
145 356 6 19 i
167 355 30 20 S:t
211 356 125 24 Petersburg,
352 355 31 20 för
399 359 29 16 att
443 356 133 24 åvägabringa
592 358 28 17 ett
636 356 71 19 snabbt
723 356 37 19 och
775 355 46 20 full-

64 385 89 24 ständigt
168 384 113 24 utgifvande
298 385 20 19 af
331 385 24 19 de
367 385 110 19 värdefulla
494 385 155 19 Nervanderska
663 385 62 24 knapt
743 384 78 24 4:åriga

63 413 124 24 magnetiska
202 413 37 20 och
253 413 166 24 meteorologiska
434 413 182 25 observationerna,
632 413 81 19 hvartill
730 413 35 20 vår
773 413 47 19 Fin-

64 442 36 19 ska
122 442 125 24 Vetenskaps
270 442 87 19 Societet
379 442 26 19 då
427 442 87 24 bidragit
537 442 45 19 med
607 441 62 25 6,000
692 441 58 26 Rub.,
775 441 44 20 icke

64 470 77 25 skydde
157 472 30 17 att
202 471 21 18 så
245 470 102 24 frikostigt
370 471 68 19 dertill
460 471 56 19 anslå
538 469 116 26 ytterligare
676 469 63 24 5,000
762 470 58 25 Rub.

67 510 25 4 —
107 499 77 19 hvilket
200 499 126 19 tillsammans
348 501 36 22 gör
407 499 76 24 11,000
500 499 62 20 Rubel
586 499 48 19 eller
657 498 76 26 44,000
757 499 65 19 finska

66 528 55 19 mark
136 527 32 20 för
183 527 13 19 4
211 528 32 19 års
263 528 156 25 observationer,
441 539 25 3 —
482 528 22 19 så
527 528 57 20 torde
607 528 73 19 enhvar
702 528 53 20 klart
777 528 43 19 inse

65 557 65 23 vigten
147 556 37 20 och
200 557 69 19 värdet
284 556 21 20 af
319 560 28 16 ett
363 560 55 16 snart
440 557 37 19 och
495 556 126 23 fullständigt
643 556 141 24 publicerande
801 556 22 19 af

65 586 24 18 de
106 584 70 25 öfriga,
186 584 26 20 39
227 586 58 18 årens
301 585 155 24 observationer,
472 586 37 19 och
525 586 34 18 det
574 584 31 20 för
620 585 39 24 mig
674 591 47 13 vara
736 585 83 19 alldeles

69 613 126 25 öfverflödigt
210 616 28 17 att
254 614 67 19 vidare
337 614 84 19 utbreda
436 614 39 24 mig
491 613 55 20 öfver
562 614 56 19 detta
633 616 62 17 ämne.

133 642 39 24 Jag
188 642 34 19 vill
237 642 68 20 derför
326 642 80 24 föreslå,
423 644 29 18 att
474 642 126 24 Vetenskaps
623 642 112 20 Societeten
758 642 63 19 under

66 671 60 23 några
142 671 22 19 år
179 671 75 19 erhölle
271 672 24 18 de
311 672 72 23 nödiga
397 672 76 18 medlen
490 671 31 19 för
536 673 30 17 att
582 672 66 18 kunna
663 671 111 23 ombesörja
790 670 30 20 så-

65 700 32 19 väl
113 700 59 19 dessa
187 700 158 19 observationers
361 700 142 23 bearbetande,
526 706 40 13 som
582 700 115 24 isynnerhet
712 700 59 24 deras
789 701 30 17 ut-

65 728 98 24 gifvande;
180 728 36 20 och
232 734 58 14 anser
303 729 34 23 jag
353 730 60 18 saken
429 728 46 20 bäst
489 728 77 20 utföras
582 728 90 23 sålunda,
688 730 29 17 att
736 734 24 13 en
775 728 45 18 der-

66 756 30 20 till
112 757 81 24 lämplig
208 762 79 20 person,
303 758 44 18 med
362 757 62 24 några
439 757 157 19 räknebiträden
612 756 148 27 (fruntimmer),
783 762 36 13 un-

66 786 36 18 der
116 786 124 24 Vetenskaps
256 785 123 20 Societetens
395 785 146 20 öfvervakande
556 786 51 24 finge
624 786 28 23 sig
675 786 55 18 detta
752 784 68 20 arbete

66 814 119 20 anförtrodt.
215 814 40 20 Och
271 814 61 20 borde
352 815 58 19 dessa
424 815 64 19 medel
511 814 31 19 till
565 820 24 13 en
612 814 69 24 början
705 814 65 19 anslås
786 818 34 14 en-

66 843 46 19 dast
126 842 32 20 för
179 845 58 17 nästa
259 843 144 24 treärsperiod;
428 842 100 20 hvarefter
551 842 87 24 följande
661 842 110 24 Landtdag,
795 842 26 18 dä

66 872 102 19 sannolikt
183 872 44 19 icke
242 872 78 24 mycket
335 872 86 19 äterstär
436 871 22 20 af
471 872 79 19 arbetet
565 872 38 19 och
619 877 49 17 man,
691 871 21 19 af
733 871 34 19 det
789 876 31 13 re-

66 900 38 20 dan
120 900 116 24 medhunna,
252 906 73 18 nogare
341 902 38 18 kan
394 900 90 20 beräkna
506 901 38 18 den
567 902 52 17 ännu
642 899 131 24 erforderliga
795 899 36 19 ti--

66 929 45 23 den,
128 928 63 20 skulle
206 934 35 19 cga
257 931 30 18 att
301 929 78 20 besluta
395 935 30 14 om
441 929 67 20 vidare
525 929 99 24 ätgärder.

134 957 40 20 För
190 958 54 19 detta
259 958 90 19 ändamäl
366 958 49 19 eller
431 959 36 18 den
479 957 101 24 tillfälliga
590 957 230 24 magnetiska-meteoro-

66 986 78 24 logiska
159 986 126 25 räknebyrän
301 992 57 19 synes
374 987 38 24 mig
428 986 102 20 erfordras
545 987 85 23 ärligen:

68 1065 79 20 Arvode
163 1065 31 20 för
209 1065 143 24 föreständare,
368 1065 13 20 6
397 1067 77 18 timmar
489 1072 31 13 om
536 1066 64 24 dagen
616 1065 62 20 under

135 1093 13 20 9
164 1094 92 19 mänader
315 1109 40 6 sr
385 1110 5 5 re
422 1110 5 5 mo
459 1109 40 4 sos
531 1109 39 5 aa
602 1108 41 5 sw
674 1109 4 4 x
708 1092 68 24 4,000:
796 1103 25 4 —

67 1122 12 20 5
95 1123 161 23 räknebiträden,
272 1123 128 24 fruntimmer,
422 1124 6 19 &
443 1123 28 20 80
486 1123 56 19 mark
561 1129 24 18 pr
607 1122 70 20 månad

135 1151 31 20 för
181 1150 13 20 9
209 1151 94 20 månader
349 1167 5 4 .
385 1167 5 4 .
421 1167 4 4 os
458 1167 3 4 ss
495 1145 26 36 so
529 1167 5 5 so
565 1166 5 5 so
707 1149 69 24 3,600:
794 1161 26 2 —

66 1180 62 19 Local
144 1185 30 14 om
190 1179 13 20 2
218 1186 41 13 rum
313 1195 76 5 rr
421 1194 77 5 rr
564 1195 76 5 rv
672 1194 5 5 +
728 1177 47 20 700:
791 1189 30 3 —

66 1208 94 25 Eldning,
175 1209 45 26 ljus,
235 1208 171 24 skrifmaterialer,
421 1209 121 23 blanketter,
558 1210 38 18 ete.
636 1223 5 5 .
673 1223 4 4 .
730 1205 47 20 700:
793 1217 28 3 —

708 1251 69 26 9,000:
793 1263 28 3 —

136 1333 36 20 Om
194 1335 62 18 rum
245 1328 15 34 i
276 1334 125 24 Vetenskaps
424 1333 124 20 Societetens
571 1333 52 20 local
639 1333 65 19 kunde
727 1332 94 23 erhållas,

68 1362 96 20 bortfalla
179 1362 57 20 ofvan
253 1363 81 19 stående
351 1362 40 20 700
407 1363 56 19 mark
486 1362 31 20 för
532 1362 84 26 localen,
634 1361 98 20 äfvensom
756 1361 6 19 i
785 1360 36 20 föl-

67 1392 60 24 jande
142 1394 46 22 post
204 1391 106 25 utgifterna
325 1391 31 20 för
371 1392 87 23 eldning.

136 1420 38 18 Till
189 1420 105 24 tryckning
309 1420 36 20 och
361 1420 183 23 correcturläsning
558 1420 62 18 borde
637 1419 60 19 redan
712 1418 63 19 under
791 1424 30 13 ar-

67 1449 55 19 betet
152 1449 23 19 de
205 1448 63 20 första
297 1451 30 17 tre
357 1449 47 19 ären
434 1448 76 24 ärligen
538 1447 62 26 3,000
623 1448 55 19 mark
700 1447 73 22 ansläs,
796 1446 26 24 pä

68 1478 34 19 det
117 1479 30 17 att
161 1477 152 24 publicerandet
328 1478 44 18 med
387 1478 34 18 det
444 1478 90 18 snaraste
550 1476 66 20 kunde
632 1476 132 24 päbegynnas.

135 1514 102 20 Allmänna
250 1516 177 18 Besvärsutskottets
440 1515 116 19 betänkande
569 1516 34 16 N:o
616 1515 30 17 14.
