1048 1731
327 112 228 23 Motionsbetänkande
572 113 36 21 N:o
624 113 22 21 5.
825 113 13 21 3

103 176 104 27 genheten
223 175 23 22 af
260 175 79 21 sådana
354 175 113 27 klagomål,
483 181 45 15 som
546 175 23 21 af
582 175 133 22 motionären
725 175 142 26 omförmälas,

103 216 48 15 men
173 209 97 27 grundad
291 209 114 28 anledning
430 209 33 22 till
479 215 24 15 en
520 209 159 28 lagförändring
695 210 7 21 i
718 210 83 26 åsyftad
815 210 54 22 rikt-

103 243 51 28 ning
176 244 39 21 har
237 243 106 22 utskottet
366 244 30 20 uti
420 244 68 25 dessa,
504 243 102 27 temligen
629 244 102 27 sällsynta
751 244 37 21 fall
803 245 65 21 likväl

103 278 47 21 icke
164 278 83 21 kunnat
261 277 63 26 finna,
340 277 56 22 helst
411 278 41 21 den
468 277 117 22 bestående
600 278 131 27 rättigheten
747 278 33 21 för
796 279 25 20 de
833 285 36 15 en-

104 312 68 21 skilde
194 312 289 21 kommunalmedlemmarne
506 313 33 20 att
564 312 33 21 till
612 312 69 27 någon
697 319 70 14 annan
783 319 86 20 person,

104 347 33 21 för
158 347 86 21 hvilken
270 347 26 20 de
319 346 63 21 hafva
397 347 129 24 förtroende,
543 346 104 21 öfverlåta
662 347 33 21 sin
710 349 96 24 rösträtt,
823 347 46 22 står

104 382 7 20 i
127 381 124 27 fullständig
269 381 109 25 samklang
393 381 48 21 med
457 381 41 21 den
513 387 76 20 genom
606 381 120 27 åberopade
742 381 127 28 författning

104 416 114 27 godkända
240 415 109 27 principen
372 421 34 15 om
429 416 140 20 kommunens
595 415 64 22 frihet
677 417 32 20 att
726 416 22 21 åt
763 416 106 22 särskilda

104 450 133 27 fullmäktige
260 450 110 26 uppdraga
386 451 32 20 att
433 450 49 21 med
497 450 227 21 kommunalstämmas
741 452 42 19 rätt
803 451 65 20 hand-

104 485 63 26 lägga
182 484 39 21 och
237 483 73 28 afgöra
325 484 33 21 till
373 484 48 21 dess
437 484 130 26 behandling
583 484 93 21 hörande
695 485 98 21 ärenden.
825 485 44 21 För

105 519 148 21 bibehållande
269 518 22 22 af
305 519 40 21 den
361 520 50 25 rätt,
427 519 63 21 hvars
502 519 155 27 inskränkning
667 520 133 20 motionären
814 520 54 26 åsyf-

105 555 41 23 tar,
169 553 55 21 talar
247 553 107 21 dessutom
381 553 40 21 den
436 553 115 26 svårighet,
568 559 44 15 som
630 554 47 20 med
693 553 85 27 hänsiet
794 554 33 20 till
843 554 26 21 de

106 588 45 20 ofta
165 594 42 20 nog
223 587 108 27 betydliga
345 587 112 21 afständen
472 587 39 21 och
528 587 128 27 bristfälliga
666 588 205 21 kommunikations-

106 622 83 21 medlen
211 622 27 26 pä
261 621 144 27 landsbygden
425 621 119 26 förefinnes,
566 622 27 20 dä
618 622 35 20 det
668 622 32 21 för
717 622 40 22 den
773 623 96 21 enskilde

106 656 66 27 gäller
188 658 32 19 att
234 656 87 20 inställa
335 656 32 26 sig
381 656 35 20 vid
432 656 216 21 kommunalstämma
663 656 32 21 för
711 658 32 20 att
753 656 73 22 utöfva
836 657 33 21 sin

106 692 95 20 rösträtt.
232 690 70 22 Också
317 690 39 21 har
370 690 57 21 inom
443 690 107 21 utskottet
565 690 103 27 upplysts,
677 692 32 19 att
722 692 78 20 tvänne
811 692 57 20 inom

107 725 159 21 Bondeständet
289 725 32 20 uti
343 724 111 22 enahanda
469 724 55 28 syfte
540 724 35 21 vid
592 725 68 21 denna
675 725 102 27 landtdag
793 726 77 21 väckta

107 760 79 26 förslag
208 760 22 20 af
250 759 85 21 ständet
350 758 70 21 blifvit
435 759 124 21 förkastade
574 761 52 19 utan
642 760 73 20 remiss
731 760 33 20 till
779 760 90 21 utskott.

176 800 49 21 Men
240 799 60 21 äfven
316 806 25 14 ur
357 799 75 21 formel
448 799 108 27 synpunkt
572 800 39 20 har
626 800 105 21 utskottet
742 800 70 21 funnit
823 800 47 20 skäl

107 835 33 21 till
156 834 163 26 anmärkningar
334 835 45 19 mot
394 834 36 20 det
446 834 145 26 föreliggande
604 834 141 27 lagförslaget.
777 835 31 26 Ty
819 834 50 21 oak-

107 869 47 21 tadt
162 869 7 20 i
178 868 117 27 Kejserliga
303 867 122 22 Manifestet
433 868 22 20 af
463 868 40 20 den
512 869 27 20 25
549 868 46 27 (13)
604 868 50 21 Juni
665 869 52 21 1886
724 868 144 26 föreskrifves,

108 905 32 19 att
154 903 80 21 motion
251 903 52 25 ,bör
319 902 84 26 åtföljas
414 902 23 20 af
449 902 7 20 i
467 902 90 26 lagform
569 902 99 22 affattadt
683 902 78 28 förslag
772 903 33 21 till
816 902 55 27 åsyf-

107 938 49 21 tade
172 937 130 27 stadganden
317 937 8 21 i
340 938 89 25 ämnet”,
446 939 23 19 är
485 937 147 21 motionärens
648 937 79 27 förslag
742 938 46 21 icke
797 937 73 22 blott
859 933 14 35 i

108 973 81 21 saknad
204 972 23 21 af
240 971 73 22 rubrik
329 971 39 21 och
379 971 88 27 ingress,
480 974 52 18 utan
544 971 62 22 äfven
614 971 33 21 till
656 971 32 21 sin
699 971 138 27 formulering
847 971 24 22 sä

108 1007 96 27 otydligt,
216 1008 31 19 att
255 1006 73 21 tvifvel
339 1012 34 15 om
384 1005 146 22 motionärens
541 1006 95 26 verkliga
646 1006 83 27 mening
738 1006 73 21 kunna
818 1012 53 20 upp-

108 1042 39 21 stä.
178 1041 42 21 För
243 1041 64 26 öfrigt
328 1046 62 21 synas
405 1040 133 27 stadganden
554 1040 7 20 i
576 1040 140 21 förevarande
731 1040 60 27 fråga
806 1041 66 20 rätte-

108 1077 55 26 ligen
186 1076 58 25 höra,
268 1075 46 21 icke
335 1075 33 20 till
384 1075 10 25 $
411 1075 27 20 23
454 1075 7 20 i
477 1074 153 27 förordningen
646 1074 23 21 af
683 1075 39 20 den
739 1075 12 20 6
767 1074 105 21 Februari

111 1111 60 25 1865,
188 1111 51 20 utan
254 1109 33 21 till
303 1110 10 25 $
332 1109 25 20 12
373 1109 98 20 isamma
480 1109 132 26 förordning,
621 1109 84 21 hvilken
715 1111 10 22 $
736 1109 137 24 bestämmer,

108 1145 114 20 huruledes
241 1143 140 27 ,röstegande
397 1143 34 20 mä
447 1143 33 20 sin
496 1143 59 21 talan
571 1143 40 21 och
626 1144 90 20 rösträtt
731 1143 12 21 ä
752 1150 69 15 annan
830 1143 43 21 väl-

108 1179 84 27 frejdad
207 1184 77 21 person
301 1177 123 21 öfverläta*.

177 1213 31 20 Pä
223 1212 69 27 grund
308 1211 23 21 af
345 1211 36 21 det
397 1211 90 21 anförda
503 1211 33 21 fär
552 1211 106 21 utskottet
668 1212 108 21 vördsamt
787 1211 87 26 föreslä,

315 1282 32 18 att
371 1279 125 20 Ständerna
521 1280 64 20 måtte
601 1279 109 28 förklara
723 1279 151 28 förevarande

246 1314 182 27 motionsförslag
444 1313 53 21 böra
509 1314 111 27 förfalla.

176 1378 39 21 Uti
229 1378 116 20 utskottets
359 1376 132 27 behandling
507 1376 23 22 af
544 1378 90 20 ärendet
650 1377 63 21 hafva
728 1377 87 27 deltagit
827 1377 49 21 ord-

108 1413 103 21 föranden
233 1412 24 21 L.
281 1412 23 21 L.
324 1411 109 27 Lindelöf,
454 1411 148 22 ledamöterne
617 1412 24 21 T.
658 1412 18 21 J.
693 1411 98 27 Aminoff,
808 1412 25 20 A.
850 1411 25 21 L.

108 1454 41 15 von
164 1447 114 27 Knorring,
294 1446 18 22 J.
329 1446 126 23 Johansson,
472 1445 25 21 G.
515 1446 25 21 G.
557 1446 111 27 Forsman,
684 1446 24 22 F.
720 1446 31 22 W.
767 1446 107 26 Sandelin,

178 1486 188 18 Ekonomiutskottets
381 1485 117 17 betänkande
512 1487 34 16 N:o
562 1486 29 17 12.
