1048 1731
233 135 356 18 Petitionsbetänkande
602 138 47 13 n:o
662 134 47 16 12.

268 500 133 21 Allmänna
412 498 259 23 Besvärsutskottets
682 499 166 23 betänkande

201 535 35 21 N:o
258 535 25 21 10
307 535 4 21 i
327 534 110 27 anledning
460 534 21 21 af
503 534 29 21 ett
551 534 30 21 till
598 534 153 22 Presteståndet
767 534 82 28 ingifvet

200 569 173 28 petitionsförslag
389 568 108 28 angående
512 568 76 22 arvode
604 568 4 21 i
624 568 53 22 vissa
693 569 36 21 fall
740 569 21 22 åt
772 569 76 21 vikarie

200 604 31 21 för
246 603 103 22 ordinarie
366 604 73 20 lärare.

166 700 68 22 Jemte
249 700 197 28 protokollsutdrag
461 700 33 22 för
503 700 19 21 d.
540 701 11 21 7
561 700 106 22 Februari
675 701 39 21 har
722 701 133 27 högvördiga

98 735 160 21 Presteståndet
280 735 30 21 till
333 734 116 22 Allmänna
469 735 198 21 Besvärsutskottet
687 736 119 27 hänskjutit
821 737 30 19 ett

99 771 24 21 så
138 770 90 28 lydande
243 770 226 27 petitionsmemorial:

170 829 177 30 (Öfversättning.)

183 898 61 20 Till
259 899 46 19 det
320 898 196 26 Högvördiga
531 898 241 20 Presteståndet.

168 957 30 18 De
218 957 55 19 flesta
294 956 129 25 familjefäder
445 956 60 20 hafva
520 956 130 21 tvifvelsutan
664 958 68 24 nägon
749 957 56 25 gäng
820 955 36 20 fätt

101 985 68 25 erfara,
192 985 51 19 huru
263 988 59 23 tungt
345 985 31 19 det
398 987 28 22 är,
442 986 25 18 dä
483 992 25 12 en
523 987 116 23 smittosam,
656 985 91 20 dödande
763 985 92 24 sjukdom

99 1015 73 18 vunnit
194 1015 63 24 insteg
279 1015 7 18 i
307 1015 56 18 deras
385 1014 67 25 familj.
491 1015 81 25 Tyngre
595 1016 25 17 än
644 1014 30 19 för
689 1014 62 19 andra
766 1015 22 17 är
803 1013 53 19 detta

100 1043 45 19 kors
159 1043 61 20 likväl
235 1042 31 20 för
280 1043 127 24 skolläraren,
422 1045 21 23 ty
459 1043 89 19 fränsedt
563 1043 39 19 den
610 1043 135 19 oroväckande
753 1042 44 19 fara
807 1043 49 18 hans

100 1078 50 19 egna
165 1071 202 26 familjemedlemmar
381 1072 26 18 dä
422 1074 35 16 äro
466 1072 151 24 underkastade,
624 1073 61 18 mäste
694 1073 41 17 han
743 1071 50 25 hysa
802 1070 53 19 fruk-

100 1104 32 15 tan
155 1103 28 16 att
204 1101 65 24 sprida
285 1101 80 18 smittan
382 1100 30 19 till
428 1101 46 18 sina
490 1101 64 19 elever
570 1100 38 19 och
622 1100 114 25 derigenom
752 1099 59 19 äfven
826 1099 30 18 till

100 1129 63 19 andra
177 1128 91 25 familjer,
283 1136 33 12 om
331 1129 39 19 han
385 1129 65 19 under
466 1130 128 25 sjukdomens
602 1129 77 25 förlopp
689 1129 46 19 eller
744 1128 44 19 kort
796 1128 60 24 derpä

100 1157 92 20 förrättar
214 1158 31 19 sin
267 1158 66 25 tjenst.
371 1157 42 20 Och
439 1160 29 17 att
484 1159 66 18 denna
566 1157 84 20 fruktan
665 1158 16 24 ej
697 1157 73 19 saknar
785 1156 72 25 grund,

99 1186 88 26 framgår
209 1187 60 18 bland
291 1189 62 17 annat
365 1187 76 24 jemväl
457 1187 60 24 deraf,
532 1190 28 16 att
575 1186 77 19 Finska
666 1185 191 25 Läkaresällskapet,

100 1222 41 13 som
157 1217 60 17 vären
234 1215 54 20 1886
305 1218 76 23 upptog
396 1215 30 20 till
442 1216 118 19 diskussion
575 1215 70 25 frägan
660 1222 32 12 om
708 1214 67 19 hvilka
793 1215 64 23 ätgär-

100 1244 33 19 der
149 1251 46 12 vore
210 1243 23 20 af
245 1245 72 24 nöden,
334 1244 31 19 för
381 1246 28 17 att
424 1245 145 19 smittosamma
584 1244 113 25 sjukdomar
706 1243 63 19 skulle
775 1241 82 20 hindras

99 1276 29 16 att
149 1273 65 25 sprida
237 1273 29 25 sig
283 1279 72 19 genom
370 1273 108 20 skolornas
494 1273 70 25 elever,
581 1273 7 18 i
603 1275 27 17 ett
644 1273 31 18 till
689 1271 168 20 skolförestända-

99 1308 47 13 rene
168 1302 71 19 riktadt
261 1301 87 20 cirkulär
369 1302 116 19 meddelade
501 1303 23 18 de
540 1301 71 25 beslut,
625 1308 43 13 som
683 1301 33 19 vid
732 1303 27 16 ett
773 1299 23 20 af
809 1299 49 20 Säll-

99 1330 78 25 skapets
199 1332 67 17 möten
290 1331 95 24 enhälligt
405 1329 75 21 fattats.
511 1331 11 18 I
537 1331 53 18 detta
605 1330 87 19 cirkulär
707 1328 107 27 förbjudes
829 1328 28 19 lä-

98 1365 59 13 raren
180 1360 29 19 att
230 1359 55 20 sköta
305 1360 31 19 sin
351 1359 63 25 tjenst,
431 1359 67 20 derest
511 1359 64 25 någon
590 1359 79 19 medlem
687 1358 26 25 af
725 1358 50 20 hans
791 1357 69 25 familj

98 1388 98 24 insjuknat
210 1388 8 19 i
232 1388 109 20 smittosam
356 1388 95 24 sjukdom.
483 1388 113 26 Onekligen
606 1390 22 17 är
642 1388 59 19 också
717 1388 38 18 den
770 1386 88 20 fordran

98 1416 45 20 från
165 1417 142 19 allmänhetens
327 1417 49 24 sida,
391 1420 29 16 att
434 1418 81 18 läraren
530 1418 7 18 i
552 1417 70 19 sådant
636 1416 36 20 fall
685 1418 38 18 bör
739 1416 75 19 afhälla
828 1414 31 25 sig

98 1446 44 18 från
166 1448 28 16 att
216 1446 73 19 besöka
311 1446 116 24 läroverket,
449 1446 42 19 lika
506 1446 156 25 ändamålsenlig
677 1452 43 13 som
737 1443 122 25 nödvändig,

167 1484 98 18 Allmänna
278 1483 177 19 Besvärsutskottets
467 1484 113 18 betänkande
592 1484 36 18 N:o
640 1484 28 18 10.
