1048 1731
319 135 29 23 Mc
444 135 76 24 inkande
536 135 36 23 N:o
586 134 28 24 14.
821 137 13 20 9

243 198 66 28 ejder,
324 198 93 28 vildgås,
428 198 78 27 tjäder,
517 205 55 18 orre,
584 197 80 28 hjerpe,
675 198 119 27 rapphöns,
804 199 59 28 ripa,

243 229 64 24 stare,
328 227 101 28 gräsand
452 226 38 21 och
513 227 78 27 öfriga
613 229 59 18 arter
689 227 32 27 af
732 227 131 28 andslägtet,

243 255 100 22 beckasin
365 255 39 21 och
426 255 115 26 brushane,
556 254 98 22 honorna
669 255 31 28 af
711 255 97 28 dykand-
824 256 39 21 och

243 284 151 28 skrakslägten
416 287 56 18 samt
495 284 73 21 andra
588 286 30 18 än
633 284 166 27 ofvannämnda
814 285 49 28 slag

243 313 32 28 af
285 313 120 28 hönsfogel,
420 319 46 14 som
480 313 106 28 möjligen
596 312 124 28 framdeles
733 313 75 21 kunna
821 313 42 21 här

243 343 8 20 i
266 341 74 22 landet
357 341 140 28 jörekomma
517 348 24 14 och
572 341 33 21 uti
620 341 53 22 vildt
689 341 101 22 tillstånd
801 341 62 28 fort-

239 371 98 27 plantas.

311 398 22 28 b)
347 398 125 28 Skadedjur
483 398 39 21 och
532 398 119 28 rojfäylar:
660 399 51 20 eller
721 398 70 28 björn,
802 406 60 21 varg,

243 428 28 25 lo,
289 427 54 28 jerf
361 427 51 21 eller
427 427 90 28 filfras,
537 427 48 28 räf,
600 427 71 26 mård,
685 429 64 24 utter,
764 429 47 24 örn,
826 428 35 27 uf,

243 455 48 27 hök,
307 455 112 28 fiskljuse,
437 456 62 28 falk,
523 455 61 26 vråk,
608 455 61 28 korp,
691 455 78 27 kråka,
790 456 71 27 skata,

243 485 119 25 törnskata,
386 485 47 27 laf-
452 485 38 20 och
506 484 122 26 nötskrika,
643 484 85 22 hvilkas
746 485 116 21 utrotande

244 514 93 28 åsyftas.

311 543 22 26 e)
366 542 81 28 Ofriga
462 542 9 20 i
485 542 56 22 vildt
560 542 102 21 tillstånd
679 542 183 28 förekommande

244 571 52 27 djur
311 570 38 22 och
362 571 131 28 fågelarter.

528 617 16 27 $
558 618 21 20 3.

311 656 138 29 RBättigheten
464 659 33 19 att
511 656 49 22 med
576 656 25 22 de
610 656 197 29 inskränkningar,
816 664 46 14 som

243 685 41 21 här
306 686 71 20 nedan
400 686 97 28 stadgas,
513 685 54 21 idka
578 686 51 27 jagt
652 684 38 22 och
715 686 110 28 djurfång
848 686 15 20 å

243 714 148 28 kronoparker
406 714 39 21 och
460 721 78 15 annan
553 714 86 21 kronan
657 714 97 28 tillhörig
775 714 87 28 odispo-

242 743 69 21 nerad
333 743 69 25 mark,
421 742 139 28 förbehålles
582 743 36 21 till
648 742 63 22 Hans
736 743 125 28 Kejserliga

242 772 115 27 Majestäts
377 772 142 28 förfogande
541 771 40 21 och
603 772 36 20 må
657 772 9 20 i
679 771 106 22 särskildt
796 771 66 28 före-

242 800 99 28 skrifven
357 800 95 28 ordning
467 800 90 28 utöfvas
573 800 31 28 af
615 800 128 28 tjenstemän
765 800 39 21 och
827 800 34 21 be-

243 829 65 27 tjente
323 829 36 21 vid
371 829 133 28 forststaten
519 829 9 21 i
542 829 86 25 landet;
642 836 48 14 men
705 829 9 20 i
729 828 70 29 öfrigt
814 829 47 21 till-

242 858 94 20 kommer
358 858 55 21 hvar
435 858 39 20 och
496 865 26 13 en
545 858 43 20 slik
606 860 45 18 rätt
666 858 13 20 å
695 857 41 21 den
747 858 55 27 jord
816 857 45 21 han

242 893 53 21 eger.

311 914 126 22 Enahanda
457 915 98 28 förmån
578 915 96 27 åtnjuter
696 915 67 28 äfven
781 914 80 22 krono-

242 943 120 22 hemmans-
377 943 38 22 och
431 943 237 28 boställsinnehajvare
689 944 14 20 &
724 943 137 28 lägenhetens

242 979 57 22 egor,
326 973 98 28 delegare
446 973 9 20 i
477 973 102 27 samjäld
606 972 63 21 mark
692 973 13 20 å
728 972 132 25 densamma,

242 1002 83 20 allmän
340 1001 123 28 inrättning
480 1002 14 21 &
505 1001 62 28 jord,
588 1008 45 14 som
648 1001 69 21 under
733 1001 40 20 den
791 1001 68 27 lyder,

241 1029 80 22 landbo
344 1031 52 20 eller
418 1030 132 21 arrendator
568 1030 14 21 &
597 1030 35 21 till
646 1029 55 21 hans
717 1029 142 26 bebrukande,

241 1059 57 27 efter
323 1059 71 20 denna
415 1059 151 28 Fförordnings
590 1058 143 28 utfärdande,
756 1058 105 27 upplåten

241 1087 70 26 mark,
327 1087 38 21 der
379 1087 47 21 icke
441 1094 79 21 egaren
536 1087 145 28 uttryckligen
692 1087 122 28 jagträtten
827 1087 33 27 sig

237 1115 138 28 förbehällit,
395 1119 57 18 samt
467 1116 51 21 stad
534 1117 13 20 &
566 1116 47 21 dess
636 1115 107 28 afrösade
760 1115 101 28 jordom-

241 1145 58 20 räde.

311 1173 79 21 Ställes
405 1173 70 26 mark,
490 1173 90 21 hvarom
596 1173 82 25 tvistas,
691 1173 70 20 under
773 1172 88 27 förbud

241 1201 31 28 af
294 1201 113 22 Guvernör
429 1203 53 20 eller
503 1202 105 25 Domare,
626 1201 36 21 mä
677 1201 21 28 ej
713 1201 25 21 de
753 1201 108 20 tvistande

240 1231 110 20 derstädes
365 1231 70 20 under
450 1231 60 20 tiden
525 1237 77 15 annan
612 1230 96 28 jagträtt
723 1229 97 28 begagna
830 1231 30 19 än

239 1259 57 28 efter
310 1259 128 28 skadedjur,
450 1260 34 27 pä
499 1261 45 19 sätt
558 1259 31 28 i$
604 1259 14 20 5
628 1258 125 29 medgifves,
762 1258 99 27 säframt

238 1288 47 21 icke
298 1288 106 28 godvillig
419 1288 215 27 öfverenskommelse
650 1287 71 21 derom
735 1287 46 21 dem
797 1287 64 20 emel-

239 1317 38 20 lan
293 1316 87 28 träffas.

307 1345 17 21 I
336 1345 117 28 skärgärd,
468 1345 31 28 pä
514 1345 88 28 klippor
618 1344 38 21 och
671 1345 58 24 skär,
745 1351 45 14 som
808 1344 52 20 visst

238 1373 99 22 hemman
352 1374 22 28 ej
388 1374 87 28 tillyda,
494 1376 57 19 samt
574 1376 34 18 ute
628 1373 32 28 pä
682 1375 73 26 öppna
777 1372 81 28 hafvet,

239 1410 50 14 vare
304 1403 61 27 eljest
380 1403 111 27 lofgifven
502 1403 52 27 jagt
569 1402 122 22 tillsvidare
705 1409 26 14 en
755 1401 54 21 hvar
831 1401 32 27 af

238 1431 112 22 Finlands
365 1432 107 20 invänare
487 1432 93 21 tilläten.

169 1470 200 19 Ekonomiutskottets
382 1470 121 18 betänkande
515 1470 37 18 N:o
566 1471 26 17 16.
