1048 1731
224 165 350 23 Petitionsbetänkande
591 166 51 20 N:o
659 165 50 22 28.

293 503 135 21 Allmänna
459 501 263 23 Besvärsutskottets
749 501 93 23 betän-

261 538 78 21 kande
356 538 35 20 N:o
407 537 28 21 23
452 537 5 21 i
473 536 110 28 anledning
599 536 21 22 af
634 537 73 21 tvenne
722 536 29 22 till
763 536 80 22 Preste-

261 573 36 21 och
322 571 177 28 Borgareständen
523 571 77 27 ingifna
616 571 175 27 petitionsförslag
810 576 32 16 om

261 607 127 26 nedsättning
409 606 21 21 af
451 606 131 26 elevafgiften
600 606 5 20 i
621 606 79 21 statens
717 606 125 21 flickskolor.

159 681 76 22 Jemte
258 680 217 30 protokollsutdrag
498 681 33 22 för
546 680 46 22 den
609 682 11 20 7
637 680 113 22 Februari
772 680 72 22 hafva

90 716 91 22 Preste-
204 716 43 22 och
270 715 204 28 Borgareständen
486 715 38 22 till
541 714 132 22 Utskottets
695 714 148 28 behandling

90 750 134 29 hänskjutit
239 751 88 21 tvänne
342 750 26 22 sä
384 749 105 29 lydande
505 749 240 29 petitionsmemorial.

160 826 175 30 (Öfversättning.)

237 883 49 18 Till
303 883 172 25 Högvördiga
491 882 207 19 Presteständet.

160 929 31 19 Då
210 929 44 19 från
277 930 72 24 många
371 928 40 19 håll
430 929 38 19 den
486 929 78 19 önskan
587 929 65 19 blifvit
670 929 79 24 uttalad,
765 932 28 16 att
808 932 36 16 ter-

90 958 155 25 minsafgifterna
265 958 6 18 i
290 961 73 16 statens
386 958 113 19 flickskolor
521 958 61 19 borde
605 959 117 18 bestämmas
741 958 39 19 lika
800 959 45 24 låga

90 993 42 12 som
147 987 7 18 i
169 990 72 15 statens
260 987 69 25 lyceer,
345 986 36 19 och
397 987 25 18 då
437 987 96 24 naturligt
549 988 61 17 måste
626 993 62 19 anses,
705 990 27 15 att
747 987 42 18 icke
805 987 39 18 flic-

90 1016 48 19 kans
160 1015 96 25 skolgång
278 1017 58 23 göres
355 1016 69 25 dyrare
445 1018 25 16 än
489 1022 91 18 gossens,
596 1017 22 17 så
632 1019 41 16 tror
686 1015 34 26 jag
735 1016 40 25 mig
795 1022 48 18 upp-

90 1045 47 18 bära
158 1051 24 12 en
202 1044 76 25 mycket
300 1045 83 18 utbredd
405 1045 58 25 åsigt,
478 1045 25 18 då
523 1045 35 24 jag
581 1044 95 25 anhåller,
697 1048 28 15 att
747 1045 32 18 det
798 1045 45 24 hög-

90 1073 81 24 vördiga
186 1073 77 18 ståndet
278 1073 45 19 ville
338 1073 67 19 förena
421 1073 30 25 sig
467 1080 32 11 om
515 1077 28 15 ett
558 1073 168 26 petitionsförslag
742 1073 28 18 till
787 1073 57 18 Hans

90 1101 110 25 Kejserliga
215 1102 92 25 Majestät
323 1101 74 20 derhän

297 1189 29 18 att
349 1188 189 25 terminsafgifterna
552 1188 8 19 i
575 1189 74 18 statens
670 1188 109 24 flickskolor
801 1188 44 19 ned-

256 1218 60 18 sattes
332 1217 29 19 till
375 1223 76 14 samma
467 1217 66 24 belopp
549 1223 41 13 som
606 1217 8 19 i
628 1218 72 18 statens
716 1217 65 24 lyceer.

162 1274 128 25 Helsingfors,
305 1275 38 18 den
359 1275 14 18 4
388 1275 96 18 Februari
501 1274 60 19 1888.

554 1343 44 21 Joh.
614 1343 160 26 Schwartzberg.

160 1484 97 18 Allmänna
271 1485 164 17 Besvärsutskottes
447 1485 109 17 betänkande
570 1487 37 15 N:o
620 1486 30 16 23.
