<?xml version="1.0" encoding="UTF-8"?>
<alto xmlns="http://www.loc.gov/standards/alto/ns-v3#" xmlns:xlink="http://www.w3.org/1999/xlink" xmlns:xsi="http://www.w3.org/2001/XMLSchema-instance" xsi:schemaLocation="http://www.loc.gov/standards/alto/ns-v3# http://www.loc.gov/alto/v3/alto-3-0.xsd">
	<Description>
		<MeasurementUnit>pixel</MeasurementUnit>
		<sourceImageInformation>
			<fileName>/tmp/tess_gwhlb9s8_input.PNG</fileName>
		</sourceImageInformation>
		<OCRProcessing ID="OCR_0">
			<ocrProcessingStep>
				<processingSoftware>
					<softwareName>tesseract 5.3.4</softwareName>
				</processingSoftware>
			</ocrProcessingStep>
		</OCRProcessing>
	</Description>
	<Layout>
		<Page WIDTH="1048" HEIGHT="1731" PHYSICAL_IMG_NR="0" ID="page_0">
			<PrintSpace HPOS="0" VPOS="0" WIDTH="1048" HEIGHT="1731">
				<ComposedBlock ID="cblock_0" HPOS="219" VPOS="113" WIDTH="510" HEIGHT="24">
					<TextBlock ID="block_0" HPOS="219" VPOS="113" WIDTH="510" HEIGHT="24">
						<TextLine ID="line_0" HPOS="219" VPOS="113" WIDTH="510" HEIGHT="24">
							<String ID="string_0" HPOS="219" VPOS="114" WIDTH="27" HEIGHT="19" WC="0.96" CONTENT="16"/><SP WIDTH="161" VPOS="114" HPOS="246"/>
							<String ID="string_1" HPOS="407" VPOS="113" WIDTH="243" HEIGHT="24" WC="0.91" CONTENT="Petitionsbetänkande"/><SP WIDTH="16" VPOS="113" HPOS="650"/>
							<String ID="string_2" HPOS="666" VPOS="114" WIDTH="35" HEIGHT="23" WC="0.96" CONTENT="N:o"/><SP WIDTH="16" VPOS="114" HPOS="701"/>
							<String ID="string_3" HPOS="717" VPOS="113" WIDTH="12" HEIGHT="23" WC="0.82" CONTENT="1."/>
						</TextLine>
					</TextBlock>
				</ComposedBlock>
				<ComposedBlock ID="cblock_1" HPOS="190" VPOS="177" WIDTH="770" HEIGHT="1279">
					<TextBlock ID="block_1" HPOS="190" VPOS="177" WIDTH="760" HEIGHT="419">
						<TextLine ID="line_1" HPOS="190" VPOS="177" WIDTH="757" HEIGHT="27">
							<String ID="string_4" HPOS="190" VPOS="177" WIDTH="72" HEIGHT="23" WC="0.96" CONTENT="utdrag"/><SP WIDTH="15" VPOS="177" HPOS="262"/>
							<String ID="string_5" HPOS="277" VPOS="177" WIDTH="6" HEIGHT="19" WC="0.96" CONTENT="i"/><SP WIDTH="16" VPOS="177" HPOS="283"/>
							<String ID="string_6" HPOS="299" VPOS="183" WIDTH="73" HEIGHT="14" WC="0.96" CONTENT="samma"/><SP WIDTH="16" VPOS="183" HPOS="372"/>
							<String ID="string_7" HPOS="388" VPOS="179" WIDTH="97" HEIGHT="19" WC="0.93" CONTENT="ansökan:"/><SP WIDTH="24" VPOS="179" HPOS="485"/>
							<String ID="string_8" HPOS="509" VPOS="179" WIDTH="161" HEIGHT="24" WC="0.91" CONTENT="Gamlakarleby,"/><SP WIDTH="23" VPOS="179" HPOS="670"/>
							<String ID="string_9" HPOS="693" VPOS="178" WIDTH="121" HEIGHT="25" WC="0.96" CONTENT="Nykarleby,"/><SP WIDTH="16" VPOS="178" HPOS="814"/>
							<String ID="string_10" HPOS="830" VPOS="179" WIDTH="117" HEIGHT="25" WC="0.96" CONTENT="Brahestad,"/>
						</TextLine>
						<TextLine ID="line_2" HPOS="191" VPOS="205" WIDTH="756" HEIGHT="27">
							<String ID="string_11" HPOS="191" VPOS="205" WIDTH="30" HEIGHT="20" WC="0.96" CONTENT="S:t"/><SP WIDTH="16" VPOS="205" HPOS="221"/>
							<String ID="string_12" HPOS="237" VPOS="206" WIDTH="73" HEIGHT="19" WC="0.96" CONTENT="Michel"/><SP WIDTH="17" VPOS="206" HPOS="310"/>
							<String ID="string_13" HPOS="327" VPOS="207" WIDTH="36" HEIGHT="18" WC="0.96" CONTENT="och"/><SP WIDTH="16" VPOS="207" HPOS="363"/>
							<String ID="string_14" HPOS="379" VPOS="207" WIDTH="132" HEIGHT="19" WC="0.95" CONTENT="Tammerfors"/><SP WIDTH="24" VPOS="207" HPOS="511"/>
							<String ID="string_15" HPOS="535" VPOS="207" WIDTH="69" HEIGHT="19" WC="0.96" CONTENT="städer"/><SP WIDTH="21" VPOS="207" HPOS="604"/>
							<String ID="string_16" HPOS="625" VPOS="210" WIDTH="50" HEIGHT="16" WC="0.93" CONTENT="samt"/><SP WIDTH="14" VPOS="210" HPOS="675"/>
							<String ID="string_17" HPOS="689" VPOS="207" WIDTH="103" HEIGHT="25" WC="0.91" CONTENT="Storkyro,"/><SP WIDTH="16" VPOS="207" HPOS="792"/>
							<String ID="string_18" HPOS="808" VPOS="207" WIDTH="98" HEIGHT="24" WC="0.93" CONTENT="Munsala,"/><SP WIDTH="17" VPOS="207" HPOS="906"/>
							<String ID="string_19" HPOS="923" VPOS="207" WIDTH="24" HEIGHT="19" WC="0.89" CONTENT="Il-"/>
						</TextLine>
						<TextLine ID="line_3" HPOS="191" VPOS="232" WIDTH="756" HEIGHT="29">
							<String ID="string_20" HPOS="191" VPOS="234" WIDTH="58" HEIGHT="21" WC="0.91" CONTENT="mola,"/><SP WIDTH="25" VPOS="234" HPOS="249"/>
							<String ID="string_21" HPOS="274" VPOS="234" WIDTH="67" HEIGHT="24" WC="0.91" CONTENT="Wörå,"/><SP WIDTH="24" VPOS="234" HPOS="341"/>
							<String ID="string_22" HPOS="365" VPOS="235" WIDTH="88" HEIGHT="26" WC="0.89" CONTENT="Laihela,"/><SP WIDTH="24" VPOS="235" HPOS="453"/>
							<String ID="string_23" HPOS="477" VPOS="236" WIDTH="103" HEIGHT="24" WC="0.96" CONTENT="Kronoby,"/><SP WIDTH="24" VPOS="236" HPOS="580"/>
							<String ID="string_24" HPOS="604" VPOS="235" WIDTH="113" HEIGHT="25" WC="0.93" CONTENT="Pedersöre,"/><SP WIDTH="17" VPOS="235" HPOS="717"/>
							<String ID="string_25" HPOS="734" VPOS="235" WIDTH="76" HEIGHT="19" WC="0.93" CONTENT="Neder-"/><SP WIDTH="16" VPOS="235" HPOS="810"/>
							<String ID="string_26" HPOS="826" VPOS="235" WIDTH="37" HEIGHT="20" WC="0.93" CONTENT="och"/><SP WIDTH="16" VPOS="235" HPOS="863"/>
							<String ID="string_27" HPOS="879" VPOS="232" WIDTH="68" HEIGHT="23" WC="0.92" CONTENT="Öfver-"/>
						</TextLine>
						<TextLine ID="line_4" HPOS="191" VPOS="262" WIDTH="756" HEIGHT="27">
							<String ID="string_28" HPOS="191" VPOS="262" WIDTH="81" HEIGHT="25" WC="0.92" CONTENT="Härmä,"/><SP WIDTH="16" VPOS="262" HPOS="272"/>
							<String ID="string_29" HPOS="288" VPOS="262" WIDTH="102" HEIGHT="25" WC="0.93" CONTENT="Kauhava,"/><SP WIDTH="16" VPOS="262" HPOS="390"/>
							<String ID="string_30" HPOS="406" VPOS="264" WIDTH="116" HEIGHT="24" WC="0.92" CONTENT="Teerijärvi,"/><SP WIDTH="24" VPOS="264" HPOS="522"/>
							<String ID="string_31" HPOS="546" VPOS="263" WIDTH="77" HEIGHT="26" WC="0.88" CONTENT="Kelviå,"/><SP WIDTH="19" VPOS="263" HPOS="623"/>
							<String ID="string_32" HPOS="642" VPOS="263" WIDTH="95" HEIGHT="26" WC="0.93" CONTENT="Kaustby,"/><SP WIDTH="17" VPOS="263" HPOS="737"/>
							<String ID="string_33" HPOS="754" VPOS="263" WIDTH="116" HEIGHT="24" WC="0.91" CONTENT="Lehtimäki,"/><SP WIDTH="17" VPOS="263" HPOS="870"/>
							<String ID="string_34" HPOS="887" VPOS="264" WIDTH="60" HEIGHT="22" WC="0.92" CONTENT="Soini,"/>
						</TextLine>
						<TextLine ID="line_5" HPOS="192" VPOS="291" WIDTH="757" HEIGHT="26">
							<String ID="string_35" HPOS="192" VPOS="291" WIDTH="49" HEIGHT="24" WC="0.95" CONTENT="Solf,"/><SP WIDTH="23" VPOS="291" HPOS="241"/>
							<String ID="string_36" HPOS="264" VPOS="291" WIDTH="108" HEIGHT="24" WC="0.93" CONTENT="Merijärvi,"/><SP WIDTH="24" VPOS="291" HPOS="372"/>
							<String ID="string_37" HPOS="396" VPOS="292" WIDTH="115" HEIGHT="23" WC="0.92" CONTENT="Ylikannus,"/><SP WIDTH="18" VPOS="292" HPOS="511"/>
							<String ID="string_38" HPOS="529" VPOS="292" WIDTH="105" HEIGHT="25" WC="0.91" CONTENT="Siikajoki,"/><SP WIDTH="15" VPOS="292" HPOS="634"/>
							<String ID="string_39" HPOS="649" VPOS="292" WIDTH="105" HEIGHT="23" WC="0.90" CONTENT="Revolaks,"/><SP WIDTH="21" VPOS="292" HPOS="754"/>
							<String ID="string_40" HPOS="775" VPOS="292" WIDTH="94" HEIGHT="23" WC="0.90" CONTENT="Wihanti,"/><SP WIDTH="15" VPOS="292" HPOS="869"/>
							<String ID="string_41" HPOS="884" VPOS="292" WIDTH="65" HEIGHT="21" WC="0.91" CONTENT="Lumi-"/>
						</TextLine>
						<TextLine ID="line_6" HPOS="191" VPOS="319" WIDTH="757" HEIGHT="28">
							<String ID="string_42" HPOS="191" VPOS="319" WIDTH="50" HEIGHT="24" WC="0.92" CONTENT="joki,"/><SP WIDTH="16" VPOS="319" HPOS="241"/>
							<String ID="string_43" HPOS="257" VPOS="319" WIDTH="72" HEIGHT="24" WC="0.91" CONTENT="Etseri,"/><SP WIDTH="16" VPOS="319" HPOS="329"/>
							<String ID="string_44" HPOS="345" VPOS="320" WIDTH="78" HEIGHT="24" WC="0.90" CONTENT="Joutsa,"/><SP WIDTH="15" VPOS="320" HPOS="423"/>
							<String ID="string_45" HPOS="438" VPOS="321" WIDTH="149" HEIGHT="23" WC="0.92" CONTENT="Kangasniemi,"/><SP WIDTH="23" VPOS="321" HPOS="587"/>
							<String ID="string_46" HPOS="610" VPOS="321" WIDTH="135" HEIGHT="24" WC="0.91" CONTENT="Hirvensalmi,"/><SP WIDTH="15" VPOS="321" HPOS="745"/>
							<String ID="string_47" HPOS="760" VPOS="320" WIDTH="91" HEIGHT="27" WC="0.91" CONTENT="Hartola,"/><SP WIDTH="16" VPOS="320" HPOS="851"/>
							<String ID="string_48" HPOS="867" VPOS="321" WIDTH="81" HEIGHT="18" WC="0.92" CONTENT="Pieksä-"/>
						</TextLine>
						<TextLine ID="line_7" HPOS="192" VPOS="348" WIDTH="756" HEIGHT="26">
							<String ID="string_49" HPOS="192" VPOS="348" WIDTH="60" HEIGHT="23" WC="0.90" CONTENT="mäki,"/><SP WIDTH="15" VPOS="348" HPOS="252"/>
							<String ID="string_50" HPOS="267" VPOS="348" WIDTH="74" HEIGHT="24" WC="0.89" CONTENT="Keuru,"/><SP WIDTH="16" VPOS="348" HPOS="341"/>
							<String ID="string_51" HPOS="357" VPOS="349" WIDTH="118" HEIGHT="24" WC="0.92" CONTENT="Petäjävesi,"/><SP WIDTH="23" VPOS="349" HPOS="475"/>
							<String ID="string_52" HPOS="498" VPOS="349" WIDTH="77" HEIGHT="23" WC="0.90" CONTENT="Jämsä,"/><SP WIDTH="16" VPOS="349" HPOS="575"/>
							<String ID="string_53" HPOS="591" VPOS="348" WIDTH="112" HEIGHT="26" WC="0.92" CONTENT="Korpilaks,"/><SP WIDTH="24" VPOS="348" HPOS="703"/>
							<String ID="string_54" HPOS="727" VPOS="349" WIDTH="108" HEIGHT="24" WC="0.93" CONTENT="Jyväskylä"/><SP WIDTH="15" VPOS="349" HPOS="835"/>
							<String ID="string_55" HPOS="850" VPOS="348" WIDTH="98" HEIGHT="20" WC="0.91" CONTENT="landsför-"/>
						</TextLine>
						<TextLine ID="line_8" HPOS="193" VPOS="377" WIDTH="756" HEIGHT="26">
							<String ID="string_56" HPOS="193" VPOS="377" WIDTH="89" HEIGHT="22" WC="0.93" CONTENT="samling,"/><SP WIDTH="17" VPOS="377" HPOS="282"/>
							<String ID="string_57" HPOS="299" VPOS="377" WIDTH="125" HEIGHT="26" WC="0.90" CONTENT="Pihlajavesi,"/><SP WIDTH="15" VPOS="377" HPOS="424"/>
							<String ID="string_58" HPOS="439" VPOS="377" WIDTH="138" HEIGHT="24" WC="0.90" CONTENT="Leivonmäki,"/><SP WIDTH="17" VPOS="377" HPOS="577"/>
							<String ID="string_59" HPOS="594" VPOS="377" WIDTH="87" HEIGHT="23" WC="0.91" CONTENT="Sumiais,"/><SP WIDTH="15" VPOS="377" HPOS="681"/>
							<String ID="string_60" HPOS="696" VPOS="377" WIDTH="87" HEIGHT="23" WC="0.92" CONTENT="Laukas,"/><SP WIDTH="11" VPOS="377" HPOS="783"/>
							<String ID="string_61" HPOS="794" VPOS="377" WIDTH="100" HEIGHT="24" WC="0.89" CONTENT="Luhango,"/><SP WIDTH="8" VPOS="377" HPOS="894"/>
							<String ID="string_62" HPOS="902" VPOS="377" WIDTH="47" HEIGHT="19" WC="0.91" CONTENT="We-"/>
						</TextLine>
						<TextLine ID="line_9" HPOS="193" VPOS="405" WIDTH="752" HEIGHT="24">
							<String ID="string_63" HPOS="193" VPOS="407" WIDTH="64" HEIGHT="21" WC="0.89" CONTENT="santo,"/><SP WIDTH="24" VPOS="407" HPOS="257"/>
							<String ID="string_64" HPOS="281" VPOS="405" WIDTH="135" HEIGHT="24" WC="0.91" CONTENT="Kaukosalmi,"/><SP WIDTH="23" VPOS="405" HPOS="416"/>
							<String ID="string_65" HPOS="439" VPOS="406" WIDTH="78" HEIGHT="19" WC="0.92" CONTENT="Muldia"/><SP WIDTH="23" VPOS="406" HPOS="517"/>
							<String ID="string_66" HPOS="540" VPOS="406" WIDTH="38" HEIGHT="19" WC="0.93" CONTENT="och"/><SP WIDTH="23" VPOS="406" HPOS="578"/>
							<String ID="string_67" HPOS="601" VPOS="406" WIDTH="119" HEIGHT="19" WC="0.91" CONTENT="Haukivuori"/><SP WIDTH="24" VPOS="406" HPOS="720"/>
							<String ID="string_68" HPOS="744" VPOS="406" WIDTH="201" HEIGHT="23" WC="0.91" CONTENT="landsförsamlingar."/>
						</TextLine>
						<TextLine ID="line_10" HPOS="193" VPOS="433" WIDTH="756" HEIGHT="25">
							<String ID="string_69" HPOS="193" VPOS="433" WIDTH="182" HEIGHT="24" WC="0.96" CONTENT="Stadsfullmäktige"/><SP WIDTH="16" VPOS="433" HPOS="375"/>
							<String ID="string_70" HPOS="391" VPOS="435" WIDTH="6" HEIGHT="18" WC="0.96" CONTENT="i"/><SP WIDTH="16" VPOS="435" HPOS="397"/>
							<String ID="string_71" HPOS="413" VPOS="434" WIDTH="61" HEIGHT="19" WC="0.93" CONTENT="Wasa"/><SP WIDTH="15" VPOS="434" HPOS="474"/>
							<String ID="string_72" HPOS="489" VPOS="435" WIDTH="80" HEIGHT="18" WC="0.91" CONTENT="beslöto"/><SP WIDTH="18" VPOS="435" HPOS="569"/>
							<String ID="string_73" HPOS="587" VPOS="435" WIDTH="97" HEIGHT="18" WC="0.96" CONTENT="dessutom"/><SP WIDTH="15" VPOS="435" HPOS="684"/>
							<String ID="string_74" HPOS="699" VPOS="436" WIDTH="30" HEIGHT="17" WC="0.96" CONTENT="att"/><SP WIDTH="16" VPOS="436" HPOS="729"/>
							<String ID="string_75" HPOS="745" VPOS="434" WIDTH="29" HEIGHT="19" WC="0.96" CONTENT="till"/><SP WIDTH="15" VPOS="434" HPOS="774"/>
							<String ID="string_76" HPOS="789" VPOS="435" WIDTH="116" HEIGHT="23" WC="0.93" CONTENT="regeringen"/><SP WIDTH="15" VPOS="435" HPOS="905"/>
							<String ID="string_77" HPOS="920" VPOS="434" WIDTH="29" HEIGHT="19" WC="0.92" CONTENT="in-"/>
						</TextLine>
						<TextLine ID="line_11" HPOS="192" VPOS="461" WIDTH="758" HEIGHT="21">
							<String ID="string_78" HPOS="192" VPOS="461" WIDTH="65" HEIGHT="20" WC="0.96" CONTENT="lemna"/><SP WIDTH="16" VPOS="461" HPOS="257"/>
							<String ID="string_79" HPOS="273" VPOS="467" WIDTH="23" HEIGHT="14" WC="0.96" CONTENT="en"/><SP WIDTH="17" VPOS="467" HPOS="296"/>
							<String ID="string_80" HPOS="313" VPOS="462" WIDTH="51" HEIGHT="19" WC="0.96" CONTENT="skild"/><SP WIDTH="16" VPOS="462" HPOS="364"/>
							<String ID="string_81" HPOS="380" VPOS="463" WIDTH="89" HEIGHT="19" WC="0.96" CONTENT="ansökan"/><SP WIDTH="16" VPOS="463" HPOS="469"/>
							<String ID="string_82" HPOS="485" VPOS="463" WIDTH="6" HEIGHT="18" WC="0.96" CONTENT="i"/><SP WIDTH="16" VPOS="463" HPOS="491"/>
							<String ID="string_83" HPOS="507" VPOS="469" WIDTH="75" HEIGHT="13" WC="0.96" CONTENT="samma"/><SP WIDTH="12" VPOS="469" HPOS="582"/>
							<String ID="string_84" HPOS="594" VPOS="463" WIDTH="79" HEIGHT="19" WC="0.96" CONTENT="ärende."/><SP WIDTH="29" VPOS="463" HPOS="673"/>
							<String ID="string_85" HPOS="702" VPOS="463" WIDTH="90" HEIGHT="18" WC="0.96" CONTENT="Nämnda"/><SP WIDTH="15" VPOS="463" HPOS="792"/>
							<String ID="string_86" HPOS="807" VPOS="462" WIDTH="22" HEIGHT="19" WC="0.96" CONTENT="af"/><SP WIDTH="13" VPOS="462" HPOS="829"/>
							<String ID="string_87" HPOS="842" VPOS="463" WIDTH="108" HEIGHT="19" WC="0.96" CONTENT="ständerna"/>
						</TextLine>
						<TextLine ID="line_12" HPOS="192" VPOS="490" WIDTH="758" HEIGHT="25">
							<String ID="string_88" HPOS="192" VPOS="490" WIDTH="145" HEIGHT="24" WC="0.91" CONTENT="petitionerade"/><SP WIDTH="16" VPOS="490" HPOS="337"/>
							<String ID="string_89" HPOS="353" VPOS="491" WIDTH="154" HEIGHT="24" WC="0.96" CONTENT="undersökning,"/><SP WIDTH="16" VPOS="491" HPOS="507"/>
							<String ID="string_90" HPOS="523" VPOS="497" WIDTH="44" HEIGHT="13" WC="0.96" CONTENT="som"/><SP WIDTH="15" VPOS="497" HPOS="567"/>
							<String ID="string_91" HPOS="582" VPOS="491" WIDTH="109" HEIGHT="24" WC="0.96" CONTENT="Kejserliga"/><SP WIDTH="10" VPOS="491" HPOS="691"/>
							<String ID="string_92" HPOS="701" VPOS="491" WIDTH="86" HEIGHT="19" WC="0.96" CONTENT="Senaten"/><SP WIDTH="18" VPOS="491" HPOS="787"/>
							<String ID="string_93" HPOS="805" VPOS="491" WIDTH="90" HEIGHT="20" WC="0.95" CONTENT="förordat"/><SP WIDTH="18" VPOS="491" HPOS="895"/>
							<String ID="string_94" HPOS="913" VPOS="491" WIDTH="37" HEIGHT="19" WC="0.96" CONTENT="och"/>
						</TextLine>
						<TextLine ID="line_13" HPOS="193" VPOS="519" WIDTH="756" HEIGHT="25">
							<String ID="string_95" HPOS="193" VPOS="524" WIDTH="42" HEIGHT="14" WC="0.93" CONTENT="som"/><SP WIDTH="16" VPOS="524" HPOS="235"/>
							<String ID="string_96" HPOS="251" VPOS="519" WIDTH="11" HEIGHT="19" WC="0.90" CONTENT="å"/><SP WIDTH="16" VPOS="519" HPOS="262"/>
							<String ID="string_97" HPOS="278" VPOS="519" WIDTH="60" HEIGHT="23" WC="0.96" CONTENT="högre"/><SP WIDTH="17" VPOS="519" HPOS="338"/>
							<String ID="string_98" HPOS="355" VPOS="522" WIDTH="31" HEIGHT="16" WC="0.96" CONTENT="ort"/><SP WIDTH="15" VPOS="522" HPOS="386"/>
							<String ID="string_99" HPOS="401" VPOS="520" WIDTH="30" HEIGHT="18" WC="0.95" CONTENT="till"/><SP WIDTH="16" VPOS="520" HPOS="431"/>
							<String ID="string_100" HPOS="447" VPOS="520" WIDTH="150" HEIGHT="19" WC="0.93" CONTENT="verkställande"/><SP WIDTH="15" VPOS="520" HPOS="597"/>
							<String ID="string_101" HPOS="612" VPOS="520" WIDTH="71" HEIGHT="24" WC="0.92" CONTENT="gillats,"/><SP WIDTH="11" VPOS="520" HPOS="683"/>
							<String ID="string_102" HPOS="694" VPOS="520" WIDTH="37" HEIGHT="18" WC="0.96" CONTENT="har"/><SP WIDTH="16" VPOS="520" HPOS="731"/>
							<String ID="string_103" HPOS="747" VPOS="520" WIDTH="50" HEIGHT="19" WC="0.96" CONTENT="dock"/><SP WIDTH="12" VPOS="520" HPOS="797"/>
							<String ID="string_104" HPOS="809" VPOS="522" WIDTH="52" HEIGHT="17" WC="0.96" CONTENT="ännu"/><SP WIDTH="10" VPOS="522" HPOS="861"/>
							<String ID="string_105" HPOS="871" VPOS="520" WIDTH="18" HEIGHT="24" WC="0.93" CONTENT="ej"/><SP WIDTH="11" VPOS="520" HPOS="889"/>
							<String ID="string_106" HPOS="900" VPOS="520" WIDTH="49" HEIGHT="19" WC="0.92" CONTENT="kun-"/>
						</TextLine>
						<TextLine ID="line_14" HPOS="192" VPOS="548" WIDTH="757" HEIGHT="24">
							<String ID="string_107" HPOS="192" VPOS="550" WIDTH="34" HEIGHT="16" WC="0.96" CONTENT="nat"/><SP WIDTH="23" VPOS="550" HPOS="226"/>
							<String ID="string_108" HPOS="249" VPOS="548" WIDTH="106" HEIGHT="18" WC="0.95" CONTENT="realiseras"/><SP WIDTH="17" VPOS="548" HPOS="355"/>
							<String ID="string_109" HPOS="372" VPOS="548" WIDTH="29" HEIGHT="19" WC="0.95" CONTENT="till"/><SP WIDTH="16" VPOS="548" HPOS="401"/>
							<String ID="string_110" HPOS="417" VPOS="548" WIDTH="49" HEIGHT="24" WC="0.96" CONTENT="följd"/><SP WIDTH="15" VPOS="548" HPOS="466"/>
							<String ID="string_111" HPOS="481" VPOS="549" WIDTH="22" HEIGHT="19" WC="0.96" CONTENT="af"/><SP WIDTH="14" VPOS="549" HPOS="503"/>
							<String ID="string_112" HPOS="517" VPOS="549" WIDTH="25" HEIGHT="19" WC="0.96" CONTENT="de"/><SP WIDTH="18" VPOS="549" HPOS="542"/>
							<String ID="string_113" HPOS="560" VPOS="548" WIDTH="123" HEIGHT="20" WC="0.93" CONTENT="brådskande"/><SP WIDTH="18" VPOS="548" HPOS="683"/>
							<String ID="string_114" HPOS="701" VPOS="548" WIDTH="248" HEIGHT="24" WC="0.91" CONTENT="undersökningsarbeten,"/>
						</TextLine>
						<TextLine ID="line_15" HPOS="192" VPOS="576" WIDTH="681" HEIGHT="20">
							<String ID="string_115" HPOS="192" VPOS="576" WIDTH="68" HEIGHT="19" WC="0.96" CONTENT="hvilka"/><SP WIDTH="16" VPOS="576" HPOS="260"/>
							<String ID="string_116" HPOS="276" VPOS="576" WIDTH="51" HEIGHT="18" WC="0.96" CONTENT="varit"/><SP WIDTH="16" VPOS="576" HPOS="327"/>
							<String ID="string_117" HPOS="343" VPOS="576" WIDTH="21" HEIGHT="19" WC="0.96" CONTENT="af"/><SP WIDTH="14" VPOS="576" HPOS="364"/>
							<String ID="string_118" HPOS="378" VPOS="577" WIDTH="64" HEIGHT="19" WC="0.96" CONTENT="nöden"/><SP WIDTH="16" VPOS="577" HPOS="442"/>
							<String ID="string_119" HPOS="458" VPOS="577" WIDTH="31" HEIGHT="19" WC="0.96" CONTENT="för"/><SP WIDTH="16" VPOS="577" HPOS="489"/>
							<String ID="string_120" HPOS="505" VPOS="578" WIDTH="39" HEIGHT="18" WC="0.93" CONTENT="den"/><SP WIDTH="18" VPOS="578" HPOS="544"/>
							<String ID="string_121" HPOS="562" VPOS="577" WIDTH="111" HEIGHT="19" WC="0.92" CONTENT="tillämnade"/><SP WIDTH="16" VPOS="577" HPOS="673"/>
							<String ID="string_122" HPOS="689" VPOS="576" WIDTH="98" HEIGHT="20" WC="0.96" CONTENT="Karelska"/><SP WIDTH="15" VPOS="576" HPOS="787"/>
							<String ID="string_123" HPOS="802" VPOS="577" WIDTH="71" HEIGHT="19" WC="0.96" CONTENT="banan."/>
						</TextLine>
					</TextBlock>
					<TextBlock ID="block_2" HPOS="192" VPOS="604" WIDTH="758" HEIGHT="82">
						<TextLine ID="line_16" HPOS="262" VPOS="604" WIDTH="688" HEIGHT="24">
							<String ID="string_124" HPOS="262" VPOS="604" WIDTH="126" HEIGHT="20" WC="0.95" CONTENT="Beträffande"/><SP WIDTH="16" VPOS="604" HPOS="388"/>
							<String ID="string_125" HPOS="404" VPOS="605" WIDTH="79" HEIGHT="19" WC="0.96" CONTENT="hvilken"/><SP WIDTH="16" VPOS="605" HPOS="483"/>
							<String ID="string_126" HPOS="499" VPOS="606" WIDTH="32" HEIGHT="18" WC="0.96" CONTENT="del"/><SP WIDTH="13" VPOS="606" HPOS="531"/>
							<String ID="string_127" HPOS="544" VPOS="605" WIDTH="22" HEIGHT="19" WC="0.93" CONTENT="af"/><SP WIDTH="9" VPOS="605" HPOS="566"/>
							<String ID="string_128" HPOS="575" VPOS="605" WIDTH="201" HEIGHT="23" WC="0.91" CONTENT="förbindningsbanan"/><SP WIDTH="11" VPOS="605" HPOS="776"/>
							<String ID="string_129" HPOS="787" VPOS="605" WIDTH="30" HEIGHT="19" WC="0.96" CONTENT="till"/><SP WIDTH="11" VPOS="605" HPOS="817"/>
							<String ID="string_130" HPOS="828" VPOS="605" WIDTH="50" HEIGHT="19" WC="0.96" CONTENT="först"/><SP WIDTH="10" VPOS="605" HPOS="878"/>
							<String ID="string_131" HPOS="888" VPOS="605" WIDTH="62" HEIGHT="19" WC="0.96" CONTENT="borde"/>
						</TextLine>
						<TextLine ID="line_17" HPOS="192" VPOS="632" WIDTH="758" HEIGHT="26">
							<String ID="string_132" HPOS="192" VPOS="632" WIDTH="125" HEIGHT="20" WC="0.95" CONTENT="undersökas"/><SP WIDTH="22" VPOS="632" HPOS="317"/>
							<String ID="string_133" HPOS="339" VPOS="634" WIDTH="37" HEIGHT="18" WC="0.96" CONTENT="och"/><SP WIDTH="24" VPOS="634" HPOS="376"/>
							<String ID="string_134" HPOS="400" VPOS="634" WIDTH="80" HEIGHT="24" WC="0.96" CONTENT="byggas,"/><SP WIDTH="15" VPOS="634" HPOS="480"/>
							<String ID="string_135" HPOS="495" VPOS="634" WIDTH="61" HEIGHT="19" WC="0.96" CONTENT="hafva"/><SP WIDTH="17" VPOS="634" HPOS="556"/>
							<String ID="string_136" HPOS="573" VPOS="634" WIDTH="18" HEIGHT="19" WC="0.96" CONTENT="vi"/><SP WIDTH="15" VPOS="634" HPOS="591"/>
							<String ID="string_137" HPOS="606" VPOS="633" WIDTH="44" HEIGHT="25" WC="0.96" CONTENT="följt"/><SP WIDTH="16" VPOS="633" HPOS="650"/>
							<String ID="string_138" HPOS="666" VPOS="634" WIDTH="21" HEIGHT="19" WC="0.96" CONTENT="de"/><SP WIDTH="16" VPOS="634" HPOS="687"/>
							<String ID="string_139" HPOS="703" VPOS="634" WIDTH="98" HEIGHT="18" WC="0.95" CONTENT="allmänna"/><SP WIDTH="15" VPOS="634" HPOS="801"/>
							<String ID="string_140" HPOS="816" VPOS="634" WIDTH="134" HEIGHT="24" WC="0.96" CONTENT="grundsatser,"/>
						</TextLine>
						<TextLine ID="line_18" HPOS="193" VPOS="660" WIDTH="757" HEIGHT="26">
							<String ID="string_141" HPOS="193" VPOS="661" WIDTH="68" HEIGHT="19" WC="0.93" CONTENT="hvilka"/><SP WIDTH="16" VPOS="661" HPOS="261"/>
							<String ID="string_142" HPOS="277" VPOS="660" WIDTH="63" HEIGHT="26" WC="0.93" CONTENT="tjenat"/><SP WIDTH="15" VPOS="660" HPOS="340"/>
							<String ID="string_143" HPOS="355" VPOS="662" WIDTH="28" HEIGHT="18" WC="0.95" CONTENT="till"/><SP WIDTH="17" VPOS="662" HPOS="383"/>
							<String ID="string_144" HPOS="400" VPOS="662" WIDTH="79" HEIGHT="24" WC="0.95" CONTENT="ledning"/><SP WIDTH="16" VPOS="662" HPOS="479"/>
							<String ID="string_145" HPOS="495" VPOS="663" WIDTH="33" HEIGHT="18" WC="0.93" CONTENT="vid"/><SP WIDTH="17" VPOS="663" HPOS="528"/>
							<String ID="string_146" HPOS="545" VPOS="662" WIDTH="127" HEIGHT="24" WC="0.92" CONTENT="uppgörande"/><SP WIDTH="15" VPOS="662" HPOS="672"/>
							<String ID="string_147" HPOS="687" VPOS="662" WIDTH="22" HEIGHT="19" WC="0.96" CONTENT="af"/><SP WIDTH="13" VPOS="662" HPOS="709"/>
							<String ID="string_148" HPOS="722" VPOS="662" WIDTH="78" HEIGHT="19" WC="0.92" CONTENT="landets"/><SP WIDTH="15" VPOS="662" HPOS="800"/>
							<String ID="string_149" HPOS="815" VPOS="663" WIDTH="135" HEIGHT="23" WC="0.91" CONTENT="jernvägsnät."/>
						</TextLine>
					</TextBlock>
					<TextBlock ID="block_3" HPOS="261" VPOS="690" WIDTH="578" HEIGHT="24">
						<TextLine ID="line_19" HPOS="261" VPOS="690" WIDTH="578" HEIGHT="24">
							<String ID="string_150" HPOS="261" VPOS="690" WIDTH="64" HEIGHT="18" WC="0.96" CONTENT="Bland"/><SP WIDTH="16" VPOS="690" HPOS="325"/>
							<String ID="string_151" HPOS="341" VPOS="690" WIDTH="58" HEIGHT="19" WC="0.95" CONTENT="dessa"/><SP WIDTH="15" VPOS="690" HPOS="399"/>
							<String ID="string_152" HPOS="414" VPOS="690" WIDTH="53" HEIGHT="20" WC="0.95" CONTENT="finna"/><SP WIDTH="15" VPOS="690" HPOS="467"/>
							<String ID="string_153" HPOS="482" VPOS="691" WIDTH="18" HEIGHT="19" WC="0.96" CONTENT="vi"/><SP WIDTH="17" VPOS="691" HPOS="500"/>
							<String ID="string_154" HPOS="517" VPOS="691" WIDTH="89" HEIGHT="23" WC="0.96" CONTENT="följande"/><SP WIDTH="16" VPOS="691" HPOS="606"/>
							<String ID="string_155" HPOS="622" VPOS="696" WIDTH="47" HEIGHT="14" WC="0.96" CONTENT="vara"/><SP WIDTH="14" VPOS="696" HPOS="669"/>
							<String ID="string_156" HPOS="683" VPOS="691" WIDTH="24" HEIGHT="19" WC="0.93" CONTENT="de"/><SP WIDTH="16" VPOS="691" HPOS="707"/>
							<String ID="string_157" HPOS="723" VPOS="690" WIDTH="116" HEIGHT="24" WC="0.92" CONTENT="vigtigaste:"/>
						</TextLine>
					</TextBlock>
					<TextBlock ID="block_4" HPOS="193" VPOS="718" WIDTH="758" HEIGHT="79">
						<TextLine ID="line_20" HPOS="261" VPOS="718" WIDTH="690" HEIGHT="25">
							<String ID="string_158" HPOS="261" VPOS="720" WIDTH="30" HEIGHT="16" WC="0.95" CONTENT="att"/><SP WIDTH="22" VPOS="720" HPOS="291"/>
							<String ID="string_159" HPOS="313" VPOS="718" WIDTH="24" HEIGHT="19" WC="0.95" CONTENT="de"/><SP WIDTH="23" VPOS="718" HPOS="337"/>
							<String ID="string_160" HPOS="360" VPOS="718" WIDTH="113" HEIGHT="24" WC="0.93" CONTENT="föreslagna"/><SP WIDTH="21" VPOS="718" HPOS="473"/>
							<String ID="string_161" HPOS="494" VPOS="720" WIDTH="136" HEIGHT="23" WC="0.92" CONTENT="jernvägarna"/><SP WIDTH="22" VPOS="720" HPOS="630"/>
							<String ID="string_162" HPOS="652" VPOS="719" WIDTH="24" HEIGHT="24" WC="0.96" CONTENT="på"/><SP WIDTH="22" VPOS="719" HPOS="676"/>
							<String ID="string_163" HPOS="698" VPOS="718" WIDTH="32" HEIGHT="20" WC="0.96" CONTENT="för"/><SP WIDTH="21" VPOS="718" HPOS="730"/>
							<String ID="string_164" HPOS="751" VPOS="718" WIDTH="84" HEIGHT="20" WC="0.96" CONTENT="trafiken"/><SP WIDTH="24" VPOS="718" HPOS="835"/>
							<String ID="string_165" HPOS="859" VPOS="718" WIDTH="92" HEIGHT="24" WC="0.96" CONTENT="lämpliga"/>
						</TextLine>
						<TextLine ID="line_21" HPOS="193" VPOS="746" WIDTH="758" HEIGHT="26">
							<String ID="string_166" HPOS="193" VPOS="746" WIDTH="87" HEIGHT="23" WC="0.94" CONTENT="punkter"/><SP WIDTH="15" VPOS="746" HPOS="280"/>
							<String ID="string_167" HPOS="295" VPOS="746" WIDTH="70" HEIGHT="20" WC="0.96" CONTENT="förena"/><SP WIDTH="15" VPOS="746" HPOS="365"/>
							<String ID="string_168" HPOS="380" VPOS="747" WIDTH="23" HEIGHT="19" WC="0.96" CONTENT="de"/><SP WIDTH="16" VPOS="747" HPOS="403"/>
							<String ID="string_169" HPOS="419" VPOS="750" WIDTH="55" HEIGHT="17" WC="0.80" CONTENT="stara"/><SP WIDTH="15" VPOS="750" HPOS="474"/>
							<String ID="string_170" HPOS="489" VPOS="749" WIDTH="169" HEIGHT="23" WC="0.92" CONTENT="vattensystemen"/><SP WIDTH="14" VPOS="749" HPOS="658"/>
							<String ID="string_171" HPOS="672" VPOS="748" WIDTH="6" HEIGHT="18" WC="0.96" CONTENT="i"/><SP WIDTH="15" VPOS="748" HPOS="678"/>
							<String ID="string_172" HPOS="693" VPOS="748" WIDTH="35" HEIGHT="18" WC="0.96" CONTENT="det"/><SP WIDTH="14" VPOS="748" HPOS="728"/>
							<String ID="string_173" HPOS="742" VPOS="747" WIDTH="42" HEIGHT="19" WC="0.96" CONTENT="inre"/><SP WIDTH="17" VPOS="747" HPOS="784"/>
							<String ID="string_174" HPOS="801" VPOS="747" WIDTH="21" HEIGHT="19" WC="0.96" CONTENT="af"/><SP WIDTH="8" VPOS="747" HPOS="822"/>
							<String ID="string_175" HPOS="830" VPOS="747" WIDTH="67" HEIGHT="19" WC="0.96" CONTENT="landet"/><SP WIDTH="10" VPOS="747" HPOS="897"/>
							<String ID="string_176" HPOS="907" VPOS="746" WIDTH="44" HEIGHT="19" WC="0.96" CONTENT="med"/>
						</TextLine>
						<TextLine ID="line_22" HPOS="193" VPOS="774" WIDTH="78" HEIGHT="23">
							<String ID="string_177" HPOS="193" VPOS="774" WIDTH="78" HEIGHT="23" WC="0.90" CONTENT="hafvet;"/>
						</TextLine>
					</TextBlock>
					<TextBlock ID="block_5" HPOS="193" VPOS="802" WIDTH="758" HEIGHT="56">
						<TextLine ID="line_23" HPOS="263" VPOS="802" WIDTH="688" HEIGHT="26">
							<String ID="string_178" HPOS="263" VPOS="805" WIDTH="30" HEIGHT="17" WC="0.96" CONTENT="att"/><SP WIDTH="22" VPOS="805" HPOS="293"/>
							<String ID="string_179" HPOS="315" VPOS="804" WIDTH="24" HEIGHT="18" WC="0.96" CONTENT="de"/><SP WIDTH="23" VPOS="804" HPOS="339"/>
							<String ID="string_180" HPOS="362" VPOS="804" WIDTH="49" HEIGHT="19" WC="0.96" CONTENT="böra"/><SP WIDTH="15" VPOS="804" HPOS="411"/>
							<String ID="string_181" HPOS="426" VPOS="805" WIDTH="5" HEIGHT="18" WC="0.93" CONTENT="i"/><SP WIDTH="17" VPOS="805" HPOS="431"/>
							<String ID="string_182" HPOS="448" VPOS="805" WIDTH="101" HEIGHT="23" WC="0.92" CONTENT="möjligast"/><SP WIDTH="16" VPOS="805" HPOS="549"/>
							<String ID="string_183" HPOS="565" VPOS="804" WIDTH="39" HEIGHT="23" WC="0.96" CONTENT="hög"/><SP WIDTH="14" VPOS="804" HPOS="604"/>
							<String ID="string_184" HPOS="618" VPOS="804" WIDTH="47" HEIGHT="23" WC="0.96" CONTENT="grad"/><SP WIDTH="15" VPOS="804" HPOS="665"/>
							<String ID="string_185" HPOS="680" VPOS="804" WIDTH="71" HEIGHT="23" WC="0.96" CONTENT="bringa"/><SP WIDTH="15" VPOS="804" HPOS="751"/>
							<String ID="string_186" HPOS="766" VPOS="804" WIDTH="23" HEIGHT="19" WC="0.96" CONTENT="de"/><SP WIDTH="16" VPOS="804" HPOS="789"/>
							<String ID="string_187" HPOS="805" VPOS="804" WIDTH="62" HEIGHT="19" WC="0.93" CONTENT="redan"/><SP WIDTH="15" VPOS="804" HPOS="867"/>
							<String ID="string_188" HPOS="882" VPOS="802" WIDTH="69" HEIGHT="20" WC="0.89" CONTENT="befint-"/>
						</TextLine>
						<TextLine ID="line_24" HPOS="193" VPOS="830" WIDTH="467" HEIGHT="28">
							<String ID="string_189" HPOS="193" VPOS="830" WIDTH="40" HEIGHT="24" WC="0.93" CONTENT="liga"/><SP WIDTH="13" VPOS="830" HPOS="233"/>
							<String ID="string_190" HPOS="246" VPOS="831" WIDTH="133" HEIGHT="23" WC="0.91" CONTENT="jernvägarna"/><SP WIDTH="16" VPOS="831" HPOS="379"/>
							<String ID="string_191" HPOS="395" VPOS="838" WIDTH="23" HEIGHT="14" WC="0.96" CONTENT="en"/><SP WIDTH="17" VPOS="838" HPOS="418"/>
							<String ID="string_192" HPOS="435" VPOS="833" WIDTH="84" HEIGHT="19" WC="0.96" CONTENT="lönande"/><SP WIDTH="18" VPOS="833" HPOS="519"/>
							<String ID="string_193" HPOS="537" VPOS="832" WIDTH="71" HEIGHT="26" WC="0.96" CONTENT="trafik;"/><SP WIDTH="16" VPOS="832" HPOS="608"/>
							<String ID="string_194" HPOS="624" VPOS="832" WIDTH="36" HEIGHT="20" WC="0.96" CONTENT="och"/>
						</TextLine>
					</TextBlock>
					<TextBlock ID="block_6" HPOS="192" VPOS="860" WIDTH="761" HEIGHT="105">
						<TextLine ID="line_25" HPOS="261" VPOS="860" WIDTH="692" HEIGHT="24">
							<String ID="string_195" HPOS="261" VPOS="863" WIDTH="30" HEIGHT="15" WC="0.96" CONTENT="att"/><SP WIDTH="22" VPOS="863" HPOS="291"/>
							<String ID="string_196" HPOS="313" VPOS="860" WIDTH="24" HEIGHT="19" WC="0.96" CONTENT="de"/><SP WIDTH="24" VPOS="860" HPOS="337"/>
							<String ID="string_197" HPOS="361" VPOS="860" WIDTH="55" HEIGHT="24" WC="0.93" CONTENT="böra,"/><SP WIDTH="24" VPOS="860" HPOS="416"/>
							<String ID="string_198" HPOS="440" VPOS="862" WIDTH="64" HEIGHT="18" WC="0.91" CONTENT="såvidt"/><SP WIDTH="24" VPOS="862" HPOS="504"/>
							<String ID="string_199" HPOS="528" VPOS="862" WIDTH="58" HEIGHT="18" WC="0.96" CONTENT="detta"/><SP WIDTH="22" VPOS="862" HPOS="586"/>
							<String ID="string_200" HPOS="608" VPOS="863" WIDTH="46" HEIGHT="17" WC="0.96" CONTENT="utan"/><SP WIDTH="16" VPOS="863" HPOS="654"/>
							<String ID="string_201" HPOS="670" VPOS="863" WIDTH="63" HEIGHT="17" WC="0.96" CONTENT="större"/><SP WIDTH="17" VPOS="863" HPOS="733"/>
							<String ID="string_202" HPOS="750" VPOS="863" WIDTH="92" HEIGHT="21" WC="0.96" CONTENT="omvägar"/><SP WIDTH="15" VPOS="863" HPOS="842"/>
							<String ID="string_203" HPOS="857" VPOS="860" WIDTH="51" HEIGHT="19" WC="0.96" CONTENT="låter"/><SP WIDTH="15" VPOS="860" HPOS="908"/>
							<String ID="string_204" HPOS="923" VPOS="860" WIDTH="30" HEIGHT="22" WC="0.96" CONTENT="sig"/>
						</TextLine>
						<TextLine ID="line_26" HPOS="193" VPOS="888" WIDTH="760" HEIGHT="24">
							<String ID="string_205" HPOS="193" VPOS="889" WIDTH="54" HEIGHT="22" WC="0.95" CONTENT="göra,"/><SP WIDTH="17" VPOS="889" HPOS="247"/>
							<String ID="string_206" HPOS="264" VPOS="888" WIDTH="62" HEIGHT="24" WC="0.95" CONTENT="draga"/><SP WIDTH="15" VPOS="888" HPOS="326"/>
							<String ID="string_207" HPOS="341" VPOS="889" WIDTH="108" HEIGHT="19" WC="0.96" CONTENT="bestående"/><SP WIDTH="15" VPOS="889" HPOS="449"/>
							<String ID="string_208" HPOS="464" VPOS="890" WIDTH="92" HEIGHT="19" WC="0.96" CONTENT="fabriker"/><SP WIDTH="16" VPOS="890" HPOS="556"/>
							<String ID="string_209" HPOS="572" VPOS="890" WIDTH="36" HEIGHT="18" WC="0.93" CONTENT="och"/><SP WIDTH="15" VPOS="890" HPOS="608"/>
							<String ID="string_210" HPOS="623" VPOS="889" WIDTH="116" HEIGHT="19" WC="0.91" CONTENT="industriela"/><SP WIDTH="15" VPOS="889" HPOS="739"/>
							<String ID="string_211" HPOS="754" VPOS="889" WIDTH="131" HEIGHT="23" WC="0.95" CONTENT="inrättningar"/><SP WIDTH="15" VPOS="889" HPOS="885"/>
							<String ID="string_212" HPOS="900" VPOS="888" WIDTH="53" HEIGHT="19" WC="0.96" CONTENT="inom"/>
						</TextLine>
						<TextLine ID="line_27" HPOS="193" VPOS="916" WIDTH="760" HEIGHT="26">
							<String ID="string_213" HPOS="193" VPOS="916" WIDTH="35" HEIGHT="19" WC="0.93" CONTENT="sitt"/><SP WIDTH="15" VPOS="916" HPOS="228"/>
							<String ID="string_214" HPOS="243" VPOS="916" WIDTH="140" HEIGHT="20" WC="0.91" CONTENT="trafikområde"/><SP WIDTH="17" VPOS="916" HPOS="383"/>
							<String ID="string_215" HPOS="400" VPOS="918" WIDTH="37" HEIGHT="19" WC="0.97" CONTENT="och"/><SP WIDTH="22" VPOS="918" HPOS="437"/>
							<String ID="string_216" HPOS="459" VPOS="920" WIDTH="69" HEIGHT="17" WC="0.87" CONTENT="närma"/><SP WIDTH="16" VPOS="920" HPOS="528"/>
							<String ID="string_217" HPOS="544" VPOS="918" WIDTH="31" HEIGHT="24" WC="0.96" CONTENT="sig"/><SP WIDTH="16" VPOS="918" HPOS="575"/>
							<String ID="string_218" HPOS="591" VPOS="918" WIDTH="75" HEIGHT="19" WC="0.96" CONTENT="trakter"/><SP WIDTH="13" VPOS="918" HPOS="666"/>
							<String ID="string_219" HPOS="679" VPOS="918" WIDTH="45" HEIGHT="19" WC="0.95" CONTENT="med"/><SP WIDTH="15" VPOS="918" HPOS="724"/>
							<String ID="string_220" HPOS="739" VPOS="918" WIDTH="82" HEIGHT="23" WC="0.95" CONTENT="tillgång"/><SP WIDTH="14" VPOS="918" HPOS="821"/>
							<String ID="string_221" HPOS="835" VPOS="918" WIDTH="27" HEIGHT="24" WC="0.93" CONTENT="på"/><SP WIDTH="15" VPOS="918" HPOS="862"/>
							<String ID="string_222" HPOS="877" VPOS="918" WIDTH="76" HEIGHT="18" WC="0.91" CONTENT="vatten-"/>
						</TextLine>
						<TextLine ID="line_28" HPOS="192" VPOS="944" WIDTH="241" HEIGHT="21">
							<String ID="string_223" HPOS="192" VPOS="944" WIDTH="54" HEIGHT="20" WC="0.96" CONTENT="kraft"/><SP WIDTH="16" VPOS="944" HPOS="246"/>
							<String ID="string_224" HPOS="262" VPOS="946" WIDTH="37" HEIGHT="19" WC="0.96" CONTENT="och"/><SP WIDTH="16" VPOS="946" HPOS="299"/>
							<String ID="string_225" HPOS="315" VPOS="946" WIDTH="118" HEIGHT="19" WC="0.95" CONTENT="råmaterial."/>
						</TextLine>
					</TextBlock>
					<TextBlock ID="block_7" HPOS="191" VPOS="973" WIDTH="769" HEIGHT="483">
						<TextLine ID="line_29" HPOS="260" VPOS="973" WIDTH="693" HEIGHT="26">
							<String ID="string_226" HPOS="260" VPOS="973" WIDTH="76" HEIGHT="20" WC="0.95" CONTENT="Genom"/><SP WIDTH="15" VPOS="973" HPOS="336"/>
							<String ID="string_227" HPOS="351" VPOS="977" WIDTH="30" HEIGHT="16" WC="0.96" CONTENT="att"/><SP WIDTH="20" VPOS="977" HPOS="381"/>
							<String ID="string_228" HPOS="401" VPOS="975" WIDTH="87" HEIGHT="24" WC="0.91" CONTENT="tillämpa"/><SP WIDTH="24" VPOS="975" HPOS="488"/>
							<String ID="string_229" HPOS="512" VPOS="975" WIDTH="144" HEIGHT="19" WC="0.91" CONTENT="ofvanstående"/><SP WIDTH="15" VPOS="975" HPOS="656"/>
							<String ID="string_230" HPOS="671" VPOS="975" WIDTH="130" HEIGHT="24" WC="0.96" CONTENT="grundsatser"/><SP WIDTH="14" VPOS="975" HPOS="801"/>
							<String ID="string_231" HPOS="815" VPOS="975" WIDTH="26" HEIGHT="23" WC="0.93" CONTENT="på"/><SP WIDTH="15" VPOS="975" HPOS="841"/>
							<String ID="string_232" HPOS="856" VPOS="973" WIDTH="97" HEIGHT="25" WC="0.90" CONTENT="ifrågava-"/>
						</TextLine>
						<TextLine ID="line_30" HPOS="192" VPOS="1002" WIDTH="762" HEIGHT="26">
							<String ID="string_233" HPOS="192" VPOS="1002" WIDTH="62" HEIGHT="19" WC="0.93" CONTENT="rande"/><SP WIDTH="16" VPOS="1002" HPOS="254"/>
							<String ID="string_234" HPOS="270" VPOS="1002" WIDTH="198" HEIGHT="25" WC="0.92" CONTENT="förbindningsbana,"/><SP WIDTH="15" VPOS="1002" HPOS="468"/>
							<String ID="string_235" HPOS="483" VPOS="1004" WIDTH="65" HEIGHT="19" WC="0.96" CONTENT="måste"/><SP WIDTH="17" VPOS="1004" HPOS="548"/>
							<String ID="string_236" HPOS="565" VPOS="1009" WIDTH="44" HEIGHT="14" WC="0.97" CONTENT="man"/><SP WIDTH="16" VPOS="1009" HPOS="609"/>
							<String ID="string_237" HPOS="625" VPOS="1003" WIDTH="31" HEIGHT="20" WC="0.96" CONTENT="vid"/><SP WIDTH="14" VPOS="1003" HPOS="656"/>
							<String ID="string_238" HPOS="670" VPOS="1003" WIDTH="90" HEIGHT="25" WC="0.96" CONTENT="opartisk"/><SP WIDTH="10" VPOS="1003" HPOS="760"/>
							<String ID="string_239" HPOS="770" VPOS="1003" WIDTH="120" HEIGHT="23" WC="0.93" CONTENT="granskning"/><SP WIDTH="11" VPOS="1003" HPOS="890"/>
							<String ID="string_240" HPOS="901" VPOS="1002" WIDTH="53" HEIGHT="19" WC="0.92" CONTENT="med-"/>
						</TextLine>
						<TextLine ID="line_31" HPOS="192" VPOS="1030" WIDTH="763" HEIGHT="26">
							<String ID="string_241" HPOS="192" VPOS="1030" WIDTH="60" HEIGHT="23" WC="0.96" CONTENT="gifva,"/><SP WIDTH="16" VPOS="1030" HPOS="252"/>
							<String ID="string_242" HPOS="268" VPOS="1033" WIDTH="30" HEIGHT="16" WC="0.96" CONTENT="att"/><SP WIDTH="15" VPOS="1033" HPOS="298"/>
							<String ID="string_243" HPOS="313" VPOS="1032" WIDTH="93" HEIGHT="19" WC="0.96" CONTENT="sträckan"/><SP WIDTH="17" VPOS="1032" HPOS="406"/>
							<String ID="string_244" HPOS="423" VPOS="1033" WIDTH="70" HEIGHT="18" WC="0.93" CONTENT="mellan"/><SP WIDTH="17" VPOS="1033" HPOS="493"/>
							<String ID="string_245" HPOS="510" VPOS="1032" WIDTH="123" HEIGHT="24" WC="0.92" CONTENT="Pihlajavesi"/><SP WIDTH="16" VPOS="1032" HPOS="633"/>
							<String ID="string_246" HPOS="649" VPOS="1032" WIDTH="34" HEIGHT="19" WC="0.96" CONTENT="och"/><SP WIDTH="16" VPOS="1032" HPOS="683"/>
							<String ID="string_247" HPOS="699" VPOS="1031" WIDTH="109" HEIGHT="24" WC="0.92" CONTENT="Jyväskylä"/><SP WIDTH="11" VPOS="1031" HPOS="808"/>
							<String ID="string_248" HPOS="819" VPOS="1031" WIDTH="97" HEIGHT="24" WC="0.92" CONTENT="förtjenar"/><SP WIDTH="10" VPOS="1031" HPOS="916"/>
							<String ID="string_249" HPOS="926" VPOS="1031" WIDTH="29" HEIGHT="18" WC="0.95" CONTENT="ett"/>
						</TextLine>
						<TextLine ID="line_32" HPOS="192" VPOS="1058" WIDTH="763" HEIGHT="26">
							<String ID="string_250" HPOS="192" VPOS="1058" WIDTH="134" HEIGHT="21" WC="0.96" CONTENT="framstående"/><SP WIDTH="23" VPOS="1058" HPOS="326"/>
							<String ID="string_251" HPOS="349" VPOS="1065" WIDTH="48" HEIGHT="15" WC="0.95" CONTENT="rum."/><SP WIDTH="31" VPOS="1065" HPOS="397"/>
							<String ID="string_252" HPOS="428" VPOS="1061" WIDTH="43" HEIGHT="18" WC="0.96" CONTENT="Den"/><SP WIDTH="24" VPOS="1061" HPOS="471"/>
							<String ID="string_253" HPOS="495" VPOS="1061" WIDTH="67" HEIGHT="19" WC="0.93" CONTENT="skulle"/><SP WIDTH="23" VPOS="1061" HPOS="562"/>
							<String ID="string_254" HPOS="585" VPOS="1061" WIDTH="94" HEIGHT="23" WC="0.92" CONTENT="nemligen"/><SP WIDTH="24" VPOS="1061" HPOS="679"/>
							<String ID="string_255" HPOS="703" VPOS="1060" WIDTH="68" HEIGHT="19" WC="0.96" CONTENT="direkt"/><SP WIDTH="18" VPOS="1060" HPOS="771"/>
							<String ID="string_256" HPOS="789" VPOS="1059" WIDTH="70" HEIGHT="20" WC="0.93" CONTENT="förena"/><SP WIDTH="14" VPOS="1059" HPOS="859"/>
							<String ID="string_257" HPOS="873" VPOS="1059" WIDTH="82" HEIGHT="24" WC="0.92" CONTENT="Päijäne"/>
						</TextLine>
						<TextLine ID="line_33" HPOS="192" VPOS="1088" WIDTH="763" HEIGHT="24">
							<String ID="string_258" HPOS="192" VPOS="1092" WIDTH="61" HEIGHT="15" WC="0.96" CONTENT="norra"/><SP WIDTH="23" VPOS="1092" HPOS="253"/>
							<String ID="string_259" HPOS="276" VPOS="1089" WIDTH="118" HEIGHT="23" WC="0.95" CONTENT="vattendrag"/><SP WIDTH="24" VPOS="1089" HPOS="394"/>
							<String ID="string_260" HPOS="418" VPOS="1089" WIDTH="37" HEIGHT="19" WC="0.94" CONTENT="och"/><SP WIDTH="22" VPOS="1089" HPOS="455"/>
							<String ID="string_261" HPOS="477" VPOS="1089" WIDTH="105" HEIGHT="19" WC="0.94" CONTENT="mellersta"/><SP WIDTH="22" VPOS="1089" HPOS="582"/>
							<String ID="string_262" HPOS="604" VPOS="1089" WIDTH="93" HEIGHT="19" WC="0.95" CONTENT="Finlands"/><SP WIDTH="22" VPOS="1089" HPOS="697"/>
							<String ID="string_263" HPOS="719" VPOS="1088" WIDTH="124" HEIGHT="19" WC="0.94" CONTENT="vidsträckta"/><SP WIDTH="14" VPOS="1088" HPOS="843"/>
							<String ID="string_264" HPOS="857" VPOS="1088" WIDTH="98" HEIGHT="23" WC="0.95" CONTENT="landskap"/>
						</TextLine>
						<TextLine ID="line_34" HPOS="192" VPOS="1116" WIDTH="764" HEIGHT="25">
							<String ID="string_265" HPOS="192" VPOS="1116" WIDTH="45" HEIGHT="19" WC="0.95" CONTENT="med"/><SP WIDTH="15" VPOS="1116" HPOS="237"/>
							<String ID="string_266" HPOS="252" VPOS="1116" WIDTH="62" HEIGHT="19" WC="0.95" CONTENT="Wasa"/><SP WIDTH="14" VPOS="1116" HPOS="314"/>
							<String ID="string_267" HPOS="328" VPOS="1117" WIDTH="65" HEIGHT="19" WC="0.95" CONTENT="hamn."/><SP WIDTH="31" VPOS="1117" HPOS="393"/>
							<String ID="string_268" HPOS="424" VPOS="1117" WIDTH="61" HEIGHT="20" WC="0.94" CONTENT="Wasa"/><SP WIDTH="18" VPOS="1117" HPOS="485"/>
							<String ID="string_269" HPOS="503" VPOS="1118" WIDTH="80" HEIGHT="19" WC="0.95" CONTENT="banans"/><SP WIDTH="23" VPOS="1118" HPOS="583"/>
							<String ID="string_270" HPOS="606" VPOS="1117" WIDTH="64" HEIGHT="24" WC="0.95" CONTENT="trafik,"/><SP WIDTH="14" VPOS="1117" HPOS="670"/>
							<String ID="string_271" HPOS="684" VPOS="1117" WIDTH="82" HEIGHT="19" WC="0.96" CONTENT="hvilken"/><SP WIDTH="16" VPOS="1117" HPOS="766"/>
							<String ID="string_272" HPOS="782" VPOS="1119" WIDTH="22" HEIGHT="16" WC="0.97" CONTENT="är"/><SP WIDTH="14" VPOS="1119" HPOS="804"/>
							<String ID="string_273" HPOS="818" VPOS="1116" WIDTH="47" HEIGHT="24" WC="0.93" CONTENT="föga"/><SP WIDTH="14" VPOS="1116" HPOS="865"/>
							<String ID="string_274" HPOS="879" VPOS="1117" WIDTH="77" HEIGHT="19" WC="0.92" CONTENT="inbrin-"/>
						</TextLine>
						<TextLine ID="line_35" HPOS="192" VPOS="1145" WIDTH="763" HEIGHT="25">
							<String ID="string_275" HPOS="192" VPOS="1145" WIDTH="71" HEIGHT="23" WC="0.95" CONTENT="gande,"/><SP WIDTH="24" VPOS="1145" HPOS="263"/>
							<String ID="string_276" HPOS="287" VPOS="1145" WIDTH="64" HEIGHT="20" WC="0.96" CONTENT="skulle"/><SP WIDTH="16" VPOS="1145" HPOS="351"/>
							<String ID="string_277" HPOS="367" VPOS="1146" WIDTH="6" HEIGHT="18" WC="0.96" CONTENT="i"/><SP WIDTH="16" VPOS="1146" HPOS="373"/>
							<String ID="string_278" HPOS="389" VPOS="1145" WIDTH="88" HEIGHT="25" WC="0.96" CONTENT="betydlig"/><SP WIDTH="23" VPOS="1145" HPOS="477"/>
							<String ID="string_279" HPOS="500" VPOS="1147" WIDTH="47" HEIGHT="18" WC="0.93" CONTENT="mån"/><SP WIDTH="25" VPOS="1147" HPOS="547"/>
							<String ID="string_280" HPOS="572" VPOS="1146" WIDTH="86" HEIGHT="19" WC="0.87" CONTENT="tillväxa."/><SP WIDTH="28" VPOS="1146" HPOS="658"/>
							<String ID="string_281" HPOS="686" VPOS="1145" WIDTH="67" HEIGHT="20" WC="0.93" CONTENT="Bland"/><SP WIDTH="20" VPOS="1145" HPOS="753"/>
							<String ID="string_282" HPOS="773" VPOS="1145" WIDTH="85" HEIGHT="19" WC="0.91" CONTENT="fabriks-"/><SP WIDTH="16" VPOS="1145" HPOS="858"/>
							<String ID="string_283" HPOS="874" VPOS="1145" WIDTH="37" HEIGHT="20" WC="0.93" CONTENT="och"/><SP WIDTH="15" VPOS="1145" HPOS="911"/>
							<String ID="string_284" HPOS="926" VPOS="1145" WIDTH="29" HEIGHT="18" WC="0.92" CONTENT="in-"/>
						</TextLine>
						<TextLine ID="line_36" HPOS="192" VPOS="1173" WIDTH="764" HEIGHT="27">
							<String ID="string_285" HPOS="192" VPOS="1173" WIDTH="201" HEIGHT="24" WC="0.91" CONTENT="dustriinrättningar"/><SP WIDTH="14" VPOS="1173" HPOS="393"/>
							<String ID="string_286" HPOS="407" VPOS="1175" WIDTH="7" HEIGHT="18" WC="0.96" CONTENT="i"/><SP WIDTH="16" VPOS="1175" HPOS="414"/>
							<String ID="string_287" HPOS="430" VPOS="1175" WIDTH="24" HEIGHT="18" WC="0.96" CONTENT="de"/><SP WIDTH="17" VPOS="1175" HPOS="454"/>
							<String ID="string_288" HPOS="471" VPOS="1177" WIDTH="61" HEIGHT="23" WC="0.95" CONTENT="orter,"/><SP WIDTH="26" VPOS="1177" HPOS="532"/>
							<String ID="string_289" HPOS="558" VPOS="1179" WIDTH="69" HEIGHT="19" WC="0.95" CONTENT="genom"/><SP WIDTH="21" VPOS="1179" HPOS="627"/>
							<String ID="string_290" HPOS="648" VPOS="1174" WIDTH="67" HEIGHT="19" WC="0.96" CONTENT="hvilka"/><SP WIDTH="22" VPOS="1174" HPOS="715"/>
							<String ID="string_291" HPOS="737" VPOS="1174" WIDTH="65" HEIGHT="19" WC="0.96" CONTENT="denna"/><SP WIDTH="24" VPOS="1174" HPOS="802"/>
							<String ID="string_292" HPOS="826" VPOS="1174" WIDTH="32" HEIGHT="19" WC="0.96" CONTENT="del"/><SP WIDTH="22" VPOS="1174" HPOS="858"/>
							<String ID="string_293" HPOS="880" VPOS="1173" WIDTH="21" HEIGHT="20" WC="0.93" CONTENT="af"/><SP WIDTH="15" VPOS="1173" HPOS="901"/>
							<String ID="string_294" HPOS="916" VPOS="1173" WIDTH="40" HEIGHT="20" WC="0.92" CONTENT="för-"/>
						</TextLine>
						<TextLine ID="line_37" HPOS="192" VPOS="1201" WIDTH="765" HEIGHT="26">
							<String ID="string_295" HPOS="192" VPOS="1201" WIDTH="174" HEIGHT="24" WC="0.91" CONTENT="bindningsbanan"/><SP WIDTH="24" VPOS="1201" HPOS="366"/>
							<String ID="string_296" HPOS="390" VPOS="1203" WIDTH="77" HEIGHT="19" WC="0.96" CONTENT="komme"/><SP WIDTH="16" VPOS="1203" HPOS="467"/>
							<String ID="string_297" HPOS="483" VPOS="1206" WIDTH="30" HEIGHT="17" WC="0.96" CONTENT="att"/><SP WIDTH="15" VPOS="1206" HPOS="513"/>
							<String ID="string_298" HPOS="528" VPOS="1204" WIDTH="56" HEIGHT="23" WC="0.96" CONTENT="löpa,"/><SP WIDTH="16" VPOS="1204" HPOS="584"/>
							<String ID="string_299" HPOS="600" VPOS="1203" WIDTH="31" HEIGHT="18" WC="0.96" CONTENT="må"/><SP WIDTH="15" VPOS="1203" HPOS="631"/>
							<String ID="string_300" HPOS="646" VPOS="1205" WIDTH="91" HEIGHT="16" WC="0.93" CONTENT="nämnas:"/><SP WIDTH="16" VPOS="1205" HPOS="737"/>
							<String ID="string_301" HPOS="753" VPOS="1202" WIDTH="135" HEIGHT="19" WC="0.91" CONTENT="Koskensaari"/><SP WIDTH="15" VPOS="1202" HPOS="888"/>
							<String ID="string_302" HPOS="903" VPOS="1202" WIDTH="54" HEIGHT="24" WC="0.93" CONTENT="jern-"/>
						</TextLine>
						<TextLine ID="line_38" HPOS="193" VPOS="1229" WIDTH="764" HEIGHT="28">
							<String ID="string_303" HPOS="193" VPOS="1229" WIDTH="52" HEIGHT="20" WC="0.96" CONTENT="bruk"/><SP WIDTH="23" VPOS="1229" HPOS="245"/>
							<String ID="string_304" HPOS="268" VPOS="1231" WIDTH="37" HEIGHT="19" WC="0.92" CONTENT="och"/><SP WIDTH="23" VPOS="1231" HPOS="305"/>
							<String ID="string_305" HPOS="328" VPOS="1231" WIDTH="151" HEIGHT="20" WC="0.92" CONTENT="Karikkokoski"/><SP WIDTH="23" VPOS="1231" HPOS="479"/>
							<String ID="string_306" HPOS="502" VPOS="1232" WIDTH="38" HEIGHT="23" WC="0.96" CONTENT="såg"/><SP WIDTH="16" VPOS="1232" HPOS="540"/>
							<String ID="string_307" HPOS="556" VPOS="1232" WIDTH="7" HEIGHT="18" WC="0.92" CONTENT="i"/><SP WIDTH="15" VPOS="1232" HPOS="563"/>
							<String ID="string_308" HPOS="578" VPOS="1230" WIDTH="117" HEIGHT="27" WC="0.92" CONTENT="Petäjävesi,"/><SP WIDTH="17" VPOS="1230" HPOS="695"/>
							<String ID="string_309" HPOS="712" VPOS="1230" WIDTH="149" HEIGHT="26" WC="0.92" CONTENT="Korkeakoski,"/><SP WIDTH="16" VPOS="1230" HPOS="861"/>
							<String ID="string_310" HPOS="877" VPOS="1231" WIDTH="80" HEIGHT="24" WC="0.88" CONTENT="Haapa-"/>
						</TextLine>
						<TextLine ID="line_39" HPOS="191" VPOS="1258" WIDTH="767" HEIGHT="26">
							<String ID="string_311" HPOS="191" VPOS="1258" WIDTH="60" HEIGHT="19" WC="0.96" CONTENT="koski"/><SP WIDTH="16" VPOS="1258" HPOS="251"/>
							<String ID="string_312" HPOS="267" VPOS="1260" WIDTH="38" HEIGHT="19" WC="0.96" CONTENT="och"/><SP WIDTH="15" VPOS="1260" HPOS="305"/>
							<String ID="string_313" HPOS="320" VPOS="1260" WIDTH="107" HEIGHT="19" WC="0.93" CONTENT="Kuokkala"/><SP WIDTH="15" VPOS="1260" HPOS="427"/>
							<String ID="string_314" HPOS="442" VPOS="1261" WIDTH="64" HEIGHT="23" WC="0.93" CONTENT="sågar,"/><SP WIDTH="16" VPOS="1261" HPOS="506"/>
							<String ID="string_315" HPOS="522" VPOS="1259" WIDTH="113" HEIGHT="24" WC="0.92" CONTENT="Tourujoki"/><SP WIDTH="22" VPOS="1259" HPOS="635"/>
							<String ID="string_316" HPOS="657" VPOS="1259" WIDTH="123" HEIGHT="20" WC="0.91" CONTENT="läderfabrik"/><SP WIDTH="16" VPOS="1259" HPOS="780"/>
							<String ID="string_317" HPOS="796" VPOS="1259" WIDTH="36" HEIGHT="20" WC="0.96" CONTENT="och"/><SP WIDTH="15" VPOS="1259" HPOS="832"/>
							<String ID="string_318" HPOS="847" VPOS="1259" WIDTH="111" HEIGHT="20" WC="0.96" CONTENT="Lohikoski"/>
						</TextLine>
						<TextLine ID="line_40" HPOS="191" VPOS="1287" WIDTH="766" HEIGHT="26">
							<String ID="string_319" HPOS="191" VPOS="1288" WIDTH="142" HEIGHT="23" WC="0.89" CONTENT="pappersbruk"/><SP WIDTH="14" VPOS="1288" HPOS="333"/>
							<String ID="string_320" HPOS="347" VPOS="1288" WIDTH="7" HEIGHT="19" WC="0.96" CONTENT="i"/><SP WIDTH="15" VPOS="1288" HPOS="354"/>
							<String ID="string_321" HPOS="369" VPOS="1289" WIDTH="109" HEIGHT="24" WC="0.96" CONTENT="Jyväskylä"/><SP WIDTH="18" VPOS="1289" HPOS="478"/>
							<String ID="string_322" HPOS="496" VPOS="1289" WIDTH="127" HEIGHT="22" WC="0.93" CONTENT="församling,"/><SP WIDTH="15" VPOS="1289" HPOS="623"/>
							<String ID="string_323" HPOS="638" VPOS="1288" WIDTH="77" HEIGHT="19" WC="0.92" CONTENT="hvilkas"/><SP WIDTH="16" VPOS="1288" HPOS="715"/>
							<String ID="string_324" HPOS="731" VPOS="1287" WIDTH="115" HEIGHT="24" WC="0.91" CONTENT="afkastning"/><SP WIDTH="15" VPOS="1287" HPOS="846"/>
							<String ID="string_325" HPOS="861" VPOS="1293" WIDTH="96" HEIGHT="14" WC="0.90" CONTENT="samman-"/>
						</TextLine>
						<TextLine ID="line_41" HPOS="191" VPOS="1315" WIDTH="767" HEIGHT="26">
							<String ID="string_326" HPOS="191" VPOS="1315" WIDTH="56" HEIGHT="24" WC="0.91" CONTENT="lagdt"/><SP WIDTH="22" VPOS="1315" HPOS="247"/>
							<String ID="string_327" HPOS="269" VPOS="1317" WIDTH="62" HEIGHT="23" WC="0.95" CONTENT="stiger"/><SP WIDTH="23" VPOS="1317" HPOS="331"/>
							<String ID="string_328" HPOS="354" VPOS="1317" WIDTH="31" HEIGHT="18" WC="0.95" CONTENT="till"/><SP WIDTH="24" VPOS="1317" HPOS="385"/>
							<String ID="string_329" HPOS="409" VPOS="1317" WIDTH="84" HEIGHT="24" WC="0.96" CONTENT="ungefär"/><SP WIDTH="16" VPOS="1317" HPOS="493"/>
							<String ID="string_330" HPOS="509" VPOS="1316" WIDTH="13" HEIGHT="20" WC="0.96" CONTENT="2"/><SP WIDTH="17" VPOS="1316" HPOS="522"/>
							<String ID="string_331" HPOS="539" VPOS="1317" WIDTH="93" HEIGHT="24" WC="0.96" CONTENT="miljoner"/><SP WIDTH="15" VPOS="1317" HPOS="632"/>
							<String ID="string_332" HPOS="647" VPOS="1316" WIDTH="64" HEIGHT="20" WC="0.96" CONTENT="finska"/><SP WIDTH="15" VPOS="1316" HPOS="711"/>
							<String ID="string_333" HPOS="726" VPOS="1316" WIDTH="57" HEIGHT="19" WC="0.93" CONTENT="mark"/><SP WIDTH="16" VPOS="1316" HPOS="783"/>
							<String ID="string_334" HPOS="799" VPOS="1316" WIDTH="80" HEIGHT="24" WC="0.88" CONTENT="ärligen."/><SP WIDTH="32" VPOS="1316" HPOS="879"/>
							<String ID="string_335" HPOS="911" VPOS="1315" WIDTH="47" HEIGHT="20" WC="0.88" CONTENT="Till-"/>
						</TextLine>
						<TextLine ID="line_42" HPOS="191" VPOS="1343" WIDTH="768" HEIGHT="26">
							<String ID="string_336" HPOS="191" VPOS="1343" WIDTH="48" HEIGHT="20" WC="0.90" CONTENT="fälle"/><SP WIDTH="17" VPOS="1343" HPOS="239"/>
							<String ID="string_337" HPOS="256" VPOS="1344" WIDTH="31" HEIGHT="19" WC="0.96" CONTENT="till"/><SP WIDTH="15" VPOS="1344" HPOS="287"/>
							<String ID="string_338" HPOS="302" VPOS="1345" WIDTH="161" HEIGHT="24" WC="0.96" CONTENT="grundläggande"/><SP WIDTH="16" VPOS="1345" HPOS="463"/>
							<String ID="string_339" HPOS="479" VPOS="1346" WIDTH="22" HEIGHT="19" WC="0.93" CONTENT="af"/><SP WIDTH="14" VPOS="1346" HPOS="501"/>
							<String ID="string_340" HPOS="515" VPOS="1346" WIDTH="105" HEIGHT="23" WC="0.92" CONTENT="ätskilliga"/><SP WIDTH="14" VPOS="1346" HPOS="620"/>
							<String ID="string_341" HPOS="634" VPOS="1351" WIDTH="37" HEIGHT="18" WC="0.93" CONTENT="nya"/><SP WIDTH="14" VPOS="1351" HPOS="671"/>
							<String ID="string_342" HPOS="685" VPOS="1345" WIDTH="128" HEIGHT="19" WC="0.92" CONTENT="industriella"/><SP WIDTH="12" VPOS="1345" HPOS="813"/>
							<String ID="string_343" HPOS="825" VPOS="1345" WIDTH="134" HEIGHT="23" WC="0.92" CONTENT="inrättningar"/>
						</TextLine>
						<TextLine ID="line_43" HPOS="193" VPOS="1373" WIDTH="766" HEIGHT="25">
							<String ID="string_344" HPOS="193" VPOS="1373" WIDTH="85" HEIGHT="23" WC="0.93" CONTENT="erbjuda"/><SP WIDTH="15" VPOS="1373" HPOS="278"/>
							<String ID="string_345" HPOS="293" VPOS="1374" WIDTH="76" HEIGHT="19" WC="0.93" CONTENT="talrika"/><SP WIDTH="14" VPOS="1374" HPOS="369"/>
							<String ID="string_346" HPOS="383" VPOS="1375" WIDTH="74" HEIGHT="23" WC="0.92" CONTENT="forsar,"/><SP WIDTH="15" VPOS="1375" HPOS="457"/>
							<String ID="string_347" HPOS="472" VPOS="1376" WIDTH="70" HEIGHT="18" WC="0.91" CONTENT="hvilka"/><SP WIDTH="17" VPOS="1376" HPOS="542"/>
							<String ID="string_348" HPOS="559" VPOS="1377" WIDTH="35" HEIGHT="17" WC="0.92" CONTENT="äro"/><SP WIDTH="16" VPOS="1377" HPOS="594"/>
							<String ID="string_349" HPOS="610" VPOS="1377" WIDTH="64" HEIGHT="21" WC="0.91" CONTENT="öppna"/><SP WIDTH="15" VPOS="1377" HPOS="674"/>
							<String ID="string_350" HPOS="689" VPOS="1373" WIDTH="46" HEIGHT="20" WC="0.92" CONTENT="äret"/><SP WIDTH="15" VPOS="1373" HPOS="735"/>
							<String ID="string_351" HPOS="750" VPOS="1379" WIDTH="31" HEIGHT="13" WC="0.96" CONTENT="om"/><SP WIDTH="12" VPOS="1379" HPOS="781"/>
							<String ID="string_352" HPOS="793" VPOS="1373" WIDTH="36" HEIGHT="20" WC="0.93" CONTENT="och"/><SP WIDTH="10" VPOS="1373" HPOS="829"/>
							<String ID="string_353" HPOS="839" VPOS="1373" WIDTH="78" HEIGHT="20" WC="0.88" CONTENT="hvilkas"/><SP WIDTH="11" VPOS="1373" HPOS="917"/>
							<String ID="string_354" HPOS="928" VPOS="1374" WIDTH="31" HEIGHT="18" WC="0.92" CONTENT="tu-"/>
						</TextLine>
						<TextLine ID="line_44" HPOS="193" VPOS="1402" WIDTH="767" HEIGHT="24">
							<String ID="string_355" HPOS="193" VPOS="1402" WIDTH="68" HEIGHT="23" WC="0.91" CONTENT="sende,"/><SP WIDTH="16" VPOS="1402" HPOS="261"/>
							<String ID="string_356" HPOS="277" VPOS="1402" WIDTH="72" HEIGHT="19" WC="0.91" CONTENT="hittills"/><SP WIDTH="24" VPOS="1402" HPOS="349"/>
							<String ID="string_357" HPOS="373" VPOS="1402" WIDTH="126" HEIGHT="24" WC="0.92" CONTENT="obegagnade"/><SP WIDTH="24" VPOS="1402" HPOS="499"/>
							<String ID="string_358" HPOS="523" VPOS="1403" WIDTH="126" HEIGHT="19" WC="0.92" CONTENT="hästkrafter"/><SP WIDTH="17" VPOS="1403" HPOS="649"/>
							<String ID="string_359" HPOS="666" VPOS="1402" WIDTH="45" HEIGHT="19" WC="0.93" CONTENT="med"/><SP WIDTH="17" VPOS="1402" HPOS="711"/>
							<String ID="string_360" HPOS="728" VPOS="1402" WIDTH="94" HEIGHT="19" WC="0.92" CONTENT="säkerhet"/><SP WIDTH="14" VPOS="1402" HPOS="822"/>
							<String ID="string_361" HPOS="836" VPOS="1402" WIDTH="79" HEIGHT="19" WC="0.96" CONTENT="komma"/><SP WIDTH="15" VPOS="1402" HPOS="915"/>
							<String ID="string_362" HPOS="930" VPOS="1402" WIDTH="30" HEIGHT="18" WC="0.96" CONTENT="att"/>
						</TextLine>
						<TextLine ID="line_45" HPOS="193" VPOS="1430" WIDTH="766" HEIGHT="26">
							<String ID="string_363" HPOS="193" VPOS="1430" WIDTH="102" HEIGHT="20" WC="0.96" CONTENT="användas"/><SP WIDTH="16" VPOS="1430" HPOS="295"/>
							<String ID="string_364" HPOS="311" VPOS="1431" WIDTH="6" HEIGHT="18" WC="0.93" CONTENT="i"/><SP WIDTH="16" VPOS="1431" HPOS="317"/>
							<String ID="string_365" HPOS="333" VPOS="1431" WIDTH="110" HEIGHT="19" WC="0.93" CONTENT="industrins"/><SP WIDTH="17" VPOS="1431" HPOS="443"/>
							<String ID="string_366" HPOS="460" VPOS="1432" WIDTH="67" HEIGHT="24" WC="0.92" CONTENT="tjenst,"/><SP WIDTH="18" VPOS="1432" HPOS="527"/>
							<String ID="string_367" HPOS="545" VPOS="1432" WIDTH="23" HEIGHT="18" WC="0.96" CONTENT="sä"/><SP WIDTH="17" VPOS="1432" HPOS="568"/>
							<String ID="string_368" HPOS="585" VPOS="1434" WIDTH="55" HEIGHT="16" WC="0.96" CONTENT="snart"/><SP WIDTH="14" VPOS="1434" HPOS="640"/>
							<String ID="string_369" HPOS="654" VPOS="1436" WIDTH="71" HEIGHT="18" WC="0.93" CONTENT="genom"/><SP WIDTH="16" VPOS="1436" HPOS="725"/>
							<String ID="string_370" HPOS="741" VPOS="1430" WIDTH="120" HEIGHT="24" WC="0.92" CONTENT="förbättring"/><SP WIDTH="12" VPOS="1430" HPOS="861"/>
							<String ID="string_371" HPOS="873" VPOS="1430" WIDTH="21" HEIGHT="20" WC="0.93" CONTENT="af"/><SP WIDTH="10" VPOS="1430" HPOS="894"/>
							<String ID="string_372" HPOS="904" VPOS="1430" WIDTH="55" HEIGHT="19" WC="0.91" CONTENT="kom-"/>
						</TextLine>
					</TextBlock>
				</ComposedBlock>
				<ComposedBlock ID="cblock_2" HPOS="261" VPOS="1468" WIDTH="390" HEIGHT="23">
					<TextBlock ID="block_8" HPOS="261" VPOS="1468" WIDTH="390" HEIGHT="23">
						<TextLine ID="line_46" HPOS="261" VPOS="1468" WIDTH="390" HEIGHT="23">
							<String ID="string_373" HPOS="261" VPOS="1468" WIDTH="185" HEIGHT="23" WC="0.88" CONTENT="Jernvägsutskottets"/><SP WIDTH="13" VPOS="1468" HPOS="446"/>
							<String ID="string_374" HPOS="459" VPOS="1471" WIDTH="114" HEIGHT="17" WC="0.89" CONTENT="betänkande"/><SP WIDTH="14" VPOS="1471" HPOS="573"/>
							<String ID="string_375" HPOS="587" VPOS="1470" WIDTH="35" HEIGHT="16" WC="0.95" CONTENT="N:o"/><SP WIDTH="12" VPOS="1470" HPOS="622"/>
							<String ID="string_376" HPOS="634" VPOS="1469" WIDTH="17" HEIGHT="17" WC="0.96" CONTENT="2."/>
						</TextLine>
					</TextBlock>
				</ComposedBlock>
			</PrintSpace>
		</Page>
	</Layout>
</alto>
