1048 1731
292 145 240 24 Petitionsbetänkande
548 147 36 21 N:o
600 145 27 23 14.
782 147 26 30 11

145 209 34 20 Då
194 209 37 26 jag
253 209 46 21 icke
321 209 82 20 kunnat
425 208 76 21 förena
524 209 43 26 mig
590 215 35 14 om
648 209 32 25 de,
704 209 67 27 enligt
793 209 43 21 min

76 243 72 24 tanke,
164 243 46 21 lösa
226 243 39 21 och
280 242 69 21 falska
363 243 101 26 grunder,
480 242 83 27 hvarpå
578 242 51 21 herr
644 243 54 20 Lille
714 243 40 21 och
769 243 67 22 delvis

77 276 65 22 också
157 277 49 20 herr
222 277 88 21 Avellan
325 277 40 20 har
387 276 59 21 stödt
468 277 38 20 sitt
529 276 183 27 petitionsförslag
736 283 34 16 om
792 279 45 19 rätt

76 311 35 21 för
126 311 92 21 kvinnan
241 313 32 18 att
288 312 52 20 utan
355 310 102 21 särskildt
473 310 98 22 tillstånd
590 310 22 21 få
634 310 83 27 aflägga
741 312 96 21 student-

76 351 96 20 examen,
188 345 44 21 lika
247 345 47 21 litet
309 351 45 15 som
370 351 35 15 om
420 345 118 21 utskottets
555 345 65 21 delvis
637 345 27 26 på
687 345 62 21 dessa
771 351 66 20 grun-

77 379 39 22 der
131 379 70 27 bygda
216 378 86 27 förslag,
319 379 94 21 anhåller
427 379 38 27 jag
480 385 35 15 om
531 381 33 19 att
578 379 22 21 få
619 379 99 21 utveckla
741 379 25 21 de
789 385 48 20 syn-

76 413 100 27 punkter,
192 413 71 21 hvilka
278 413 93 21 bestämt
386 413 43 21 min
445 413 133 26 ståndpunkt
593 413 36 21 vid
652 409 184 53 handläggningen

76 447 42 22 af
112 443 14 34 i
137 447 59 26 fråga
211 447 92 21 varande
319 447 85 21 ärende.

147 477 128 26 Ändamålet
289 482 48 20 med
355 481 212 28 petitionsförslagen
589 481 40 21 har
650 481 37 27 jag
708 481 129 22 understödt

78 516 40 21 och
144 516 140 21 understöder
309 516 36 21 det
369 516 140 26 fortfarande,
533 516 50 22 ledd
606 516 23 21 af
649 516 41 21 den
714 516 27 26 pä
763 518 74 19 natur-

77 550 30 26 lig
122 550 131 21 rättskänsla
268 550 103 21 baserade
394 550 116 27 principen,
536 552 32 20 att
584 550 36 22 det
634 550 47 21 icke
697 552 24 19 är
744 550 91 25 rättvist,

77 586 33 18 att
126 584 55 21 neka
196 584 75 27 någon,
292 591 45 15 som
353 584 72 22 dertill
440 584 40 21 har
495 584 104 21 fallenhet
615 584 40 21 och
670 584 102 27 förmåga,
795 584 42 21 till-

76 618 51 22 fälle
143 618 33 21 till
192 618 149 22 förvärfvande
357 618 22 22 af
392 619 125 26 kunskaper
533 618 40 22 och
593 619 137 21 verksamhet
753 618 26 27 på
802 624 34 15 ve-

76 652 130 26 tenskapens
229 652 92 22 område.
362 652 80 27 Hvarje
467 652 134 22 förvärfvadt
626 652 164 27 kunskapsmått
812 654 24 18 är

77 686 104 27 derjemte
196 688 32 20 ett
241 687 88 27 kapital,
352 693 46 15 som
420 694 78 20 egaren
521 688 43 20 kan
584 687 97 21 använda
696 687 33 21 till
745 686 91 22 samhäl-

77 721 41 21 lets
144 721 68 26 bästa,
242 721 84 21 hvadan
351 722 124 21 samhällets
503 722 69 20 fördel
597 722 40 20 och
660 722 39 20 den
730 721 107 21 enskildes

78 755 104 26 rättighet
197 756 7 20 i
220 756 69 20 denna
303 756 69 26 punkt
392 756 33 21 stå
448 756 7 20 i
478 756 41 21 den
542 758 109 19 närmaste
674 756 163 20 öfverensstäm-

77 789 66 21 melse
160 790 42 21 sins
218 790 95 21 emellan.

150 824 42 20 Det
197 824 66 21 finnes
269 824 110 22 dessutom
387 824 110 27 offentliga
504 824 54 26 värf,
566 824 34 21 för
607 824 74 22 hvilka
688 824 93 21 kvinnan
787 824 50 20 med

78 858 83 27 hänsyn
172 858 32 21 till
214 858 79 22 hennes
303 860 64 20 natur
382 860 24 19 är
422 858 95 22 särdeles
533 858 88 27 lämplig
637 858 39 21 och
687 858 22 21 af
723 858 72 21 hvilka
805 863 32 15 re-

79 892 43 21 dan
138 892 159 27 lagstiftningen
307 892 40 21 har
357 892 199 28 uppmärksammat
566 892 128 22 åtminstone
703 894 38 25 ett,
750 892 38 21 der
796 892 41 20 den

78 926 70 21 finska
167 926 93 22 kvinnan
275 926 156 27 otvifvelaktigt
444 928 25 20 är
483 928 7 20 i
505 926 85 22 tillfälle
606 929 33 19 att
653 926 66 22 verka
733 926 49 22 med
805 926 32 21 rik

78 960 117 27 framgång,
212 967 26 15 en
257 961 163 28 omständighet,
436 961 87 22 hvilken
543 968 61 21 synes
622 962 44 26 mig
680 961 92 26 förtjena
786 966 52 21 nog-

77 1001 106 20 grannare
199 995 127 22 beaktande.

150 1029 50 21 Som
225 1029 85 27 bekant,
341 1030 39 21 har
404 1030 61 21 Hans
490 1030 120 27 Kejserliga
635 1029 100 27 Majestät
760 1035 77 20 genom

80 1063 125 22 skrifvelsen
223 1063 22 22 af
266 1064 40 21 den
323 1065 10 20 1
350 1064 43 27 Maj
417 1065 54 20 1871
496 1064 32 21 till
551 1064 158 21 universitetets
731 1063 106 21 konsisto-

79 1097 56 21 rium
149 1097 118 27 förordnat,
290 1100 32 19 att
341 1098 96 26 kvinnor,
461 1098 73 21 hvilka
555 1099 51 26 vilja
630 1099 87 20 studera
739 1097 97 25 medicin,

79 1133 37 19 äro
132 1131 141 28 berättigade,
288 1134 33 19 att
336 1132 33 21 för
384 1133 61 20 detta
461 1132 100 22 ändamål
581 1133 96 26 begagna
699 1133 32 26 sig
753 1131 23 22 af
797 1131 40 21 den

78 1165 157 28 undervisning,
251 1173 45 14 som
319 1167 100 26 erbjudes
433 1167 8 20 i
457 1167 121 27 Kejserliga
600 1167 130 21 Alexanders
748 1165 89 22 Univer-

81 1199 83 22 sitetets
188 1201 130 21 medicinska
339 1201 98 21 fakultet.
477 1201 43 22 Det
545 1201 61 21 torde
632 1201 46 21 icke
700 1201 67 20 finnas
792 1205 46 14 mer

78 1235 27 20 än
131 1239 27 16 en
183 1234 56 27 åsigt
266 1242 33 14 om
327 1235 149 27 önskligheten
500 1235 23 21 af
547 1236 37 21 det
611 1235 55 27 syfte
694 1234 79 22 nämda
795 1233 43 21 Nå-

78 1268 50 26 diga
154 1268 111 22 skrifvelse
290 1269 62 22 afser.
391 1270 96 21 Allmänt
510 1269 92 22 erkändt
625 1271 25 20 är
671 1269 111 26 nemligen,
806 1269 32 19 att

78 1301 100 28 kvinnan,
194 1303 8 20 i
217 1304 114 26 synnerhet
346 1304 35 21 vid
396 1304 59 21 vissa
469 1304 131 27 sjukdomar,
624 1304 82 21 känner
721 1303 36 21 det
779 1302 60 21 svårt

78 1338 33 19 att
133 1337 70 21 vända
225 1338 32 26 sig
279 1338 33 21 till
327 1344 27 15 en
372 1338 81 27 manlig
474 1338 74 21 läkare
572 1338 40 21 och
635 1339 33 20 att
690 1337 43 22 hon
755 1336 52 24 ofta,
831 1337 7 20 i

78 1371 55 21 brist
148 1370 28 28 på
194 1371 95 27 kvinliga
303 1372 81 25 läkare,
407 1372 122 22 uraktlåter
552 1374 32 20 att
608 1374 44 20 rätt
674 1371 106 22 behandla
807 1371 32 21 sin

78 1405 106 27 sjukdom.
199 1405 40 22 Om
246 1412 49 15 man
307 1406 83 22 således
397 1412 64 16 anser
469 1407 99 26 önskligt,
580 1409 34 19 att
623 1407 93 21 kvinnan
731 1406 32 21 får
774 1405 65 21 blifva

77 1440 84 24 läkare,
181 1440 7 20 i
204 1440 114 27 synnerhet
339 1440 28 28 på
389 1441 58 21 vissa
468 1441 154 21 läkekonstens
645 1440 108 26 områden,
777 1446 62 20 synes

78 1474 38 21 det
132 1474 109 27 naturligt,
257 1477 33 19 att
305 1474 80 22 hennes
400 1475 121 27 utbildning
537 1475 73 21 dertill
624 1476 62 26 göres
702 1474 24 22 så
741 1474 99 27 grundlig

146 1513 105 19 Allmänna
263 1514 178 19 Besvärsutskottets
454 1514 116 19 betänkande
583 1516 35 16 N:o
632 1514 29 18 12.
