1048 1731
270 145 237 27 Petitionsbetänkade
523 147 39 25 N:o
578 147 30 26 51.
781 150 14 22 3

64 215 104 23 mentering
180 225 23 3 —
215 215 110 18 åtminstone
338 215 6 17 i
357 215 43 18 dess
417 215 107 18 nuvarande
540 215 48 18 form
600 225 22 3 —
635 217 27 16 ett
677 215 80 18 alldeles
775 215 48 18 otill-

64 243 82 23 räckligt
157 243 95 18 korrektiv
264 246 38 15 mot
315 243 22 18 de
350 243 114 23 sjukdomar,
476 243 74 18 hvilkas
563 243 97 23 spridning
672 244 35 17 och
716 243 107 24 härjningar

64 277 42 13 man
124 277 66 18 genom
205 271 142 24 ifrågavarande
365 271 104 24 anordning
484 272 51 18 velat
551 272 105 23 motverka;
675 272 58 23 enligt
747 272 76 19 läkares

64 303 67 20 utsago
144 301 36 18 kan
194 301 118 22 sjukdomens
329 300 84 23 förmåga
425 302 28 17 att
466 301 62 18 smitta
540 301 102 18 förefinnas
654 303 44 16 utan
711 303 28 16 att
751 301 72 24 tydliga

64 332 92 21 symptom
172 330 40 17 visa
227 329 33 23 sig,
273 329 126 18 hvarförutom
413 329 109 23 sjukdomen
535 329 37 18 kan
584 330 76 23 utbryta
672 330 43 18 vida
726 330 96 23 hastigare

64 360 24 16 än
101 361 28 16 att
140 358 105 23 besigtning
262 363 22 12 en
302 358 49 23 gång
363 358 64 23 hvarje
441 358 62 22 vecka,
516 358 25 23 på
554 360 38 16 sätt
604 364 24 12 nu
641 363 44 18 eger
697 364 45 17 rum,
754 358 70 19 förmår

63 386 65 19 utöfva
146 389 26 16 ett
188 386 116 23 tillförlitligt
320 386 69 23 skydd;
408 387 29 18 till
455 386 46 23 följd
513 387 57 18 häraf
580 387 38 18 kan
631 387 32 18 det
675 387 148 22 sundhetsbevis,

67 421 39 12 som
120 415 20 18 af
153 415 195 23 besigtningsläkaren
366 415 92 22 utfärdas,
476 415 58 18 blifva
552 416 72 22 ganska
640 415 69 24 farligt,
724 418 45 16 enär
785 415 38 19 dets

64 450 70 13 samma
146 445 6 18 i
165 445 88 18 säkerhet
264 444 83 19 insöfver
359 445 52 18 såväl
423 445 80 22 qvinnan
516 450 40 12 som
568 450 88 17 mannen;
675 445 79 18 sålunda
766 444 57 19 blifva

64 473 56 19 dessa
133 474 82 23 qvinnor,
233 474 64 17 hvilka
316 478 66 19 genom
399 474 183 23 reglementeringen
599 473 87 18 hänvisas
699 475 33 20 att,
745 473 21 18 så
777 473 46 23 godt

64 507 40 14 som
119 503 125 21 uteslutande,
260 502 50 19 lefva
322 503 20 18 af
352 503 68 22 lasten,
437 507 24 13 en
476 502 73 23 verklig
566 502 104 23 pestsmitta
682 502 29 18 för
723 502 100 18 samhället

64 531 54 19 äfven
130 532 6 17 i
150 532 77 18 sanitärt
239 532 114 21 hänseende,
365 531 78 18 emedan
456 531 265 23 reglementeringssystemet,
731 531 28 18 för
767 531 56 18 hvars

63 560 97 18 införande
180 560 132 18 sundhetsskäl
330 560 52 23 legat
398 560 29 18 till
444 560 65 23 grund,
526 560 42 18 icke
585 560 69 18 förmär
666 560 51 18 hålla
729 560 48 18 hvad
790 560 33 17 det

64 590 66 18 lofvar.
142 600 23 2 —
178 590 67 17 Härtill
263 589 86 18 kommer
367 591 55 20 ännu,
440 592 28 16 att
484 589 111 18 samhällets
612 589 83 18 tolerans
710 591 39 15 mot
760 589 63 17 lasten

63 619 66 18 lockar
148 624 22 12 en
188 618 52 23 långt
258 620 60 16 större
333 618 68 23 mängd
421 618 83 23 gvinnor,
517 620 23 16 än
554 618 22 18 de
589 618 96 22 inskrifna,
698 619 29 17 att
738 616 85 19 bedrifva

64 648 53 18 detta
130 647 20 19 af
160 648 123 22 reglementet
295 647 117 23 berättigade
426 647 35 18 och
473 647 25 23 på
514 647 47 18 visst
570 648 38 17 sätt
621 647 30 17 till
665 647 45 22 yrke
725 645 97 24 upphöjda

64 676 99 23 skändliga
180 676 125 23 näringsfång,
322 679 43 15 utan
385 678 28 16 att
429 676 64 18 kunna
505 675 33 19 nås
552 676 20 17 af
582 676 78 22 polisen,
673 676 48 17 huru
733 675 54 23 sjuka
798 674 23 18 de

64 708 23 16 än
99 706 30 18 må
141 711 54 17 vara;
208 705 33 17 och
255 705 23 17 då
291 704 55 18 dessa
358 710 91 17 personer
462 704 93 23 svårligen
568 705 64 17 kunna
638 704 75 18 hindras
722 706 29 16 att
758 702 64 24 sprida

64 735 80 21 smittan,
157 734 77 22 uppstår
246 733 56 18 häraf
313 738 22 13 en
347 734 52 22 långt
412 735 61 16 större
488 733 60 18 skada
561 735 23 15 än
597 733 32 18 det
641 738 66 18 genom
719 732 103 24 reglemen-

63 764 85 22 teringen
164 768 61 12 vunna
242 768 55 17 gagn,
313 762 77 22 hvilket,
407 762 62 18 såsom
480 762 32 22 jag
525 768 25 12 nu
562 762 41 18 haft
616 764 45 16 äran
673 762 80 23 påpeka,
765 762 6 17 i
783 760 38 19 alla

63 792 101 17 händelser
180 791 53 18 torde
245 796 46 12 vara
308 791 71 23 ganska
392 790 132 23 tvifvelaktigt,
543 790 49 18 helst
604 792 78 16 männen
693 791 21 22 ju
727 792 32 16 äro
772 790 49 18 oför-

62 820 92 18 hindrade
167 822 27 16 att
206 820 79 18 utbreda
298 819 115 23 sjukdomen.

132 854 38 18 För
182 854 133 18 bedömmande
329 854 20 18 af
359 854 269 23 reglementeringssystemets
640 854 111 22 verkningar
763 854 6 16 i
782 853 41 18 vårt

63 883 45 18 land
124 883 70 18 saknas
210 882 101 18 statistiskt
326 882 95 23 material;
439 887 43 13 men
499 882 23 17 de
534 882 35 18 hos
582 888 31 12 oss
626 882 29 18 för
666 882 115 18 närvarande
793 882 29 17 rä-

64 912 60 18 dande
138 910 247 24 sedlighetsförhällandena
403 912 32 16 äro
449 910 48 18 dock
510 912 62 21 tyvärr
588 910 20 18 af
620 910 35 18 den
667 910 108 23 betänkliga
787 911 35 21 art,

64 943 27 16 att
104 940 22 18 de
139 940 41 18 icke
198 940 38 18 tala
253 940 28 17 till
299 939 71 18 förmän
390 939 29 18 för
439 942 93 21 systemet.
558 939 38 18 Det
608 945 55 17 synes
675 940 79 17 tvärtom
766 939 57 22 högst

64 969 100 22 sannolikt,
181 971 27 16 att
223 969 182 22 reglementeringen
421 969 41 17 icke
479 968 81 18 medfört
576 968 63 18 bättre
652 968 80 18 resultat
743 968 35 17 hos
791 973 30 13 oss

64 999 23 16 än
100 998 5 17 i
119 998 22 17 de
154 997 71 22 länder,
244 997 33 18 der
294 997 106 18 statistiska
417 997 95 23 uppgifter
529 997 98 23 föreligga.
651 997 61 18 Dessa
728 996 95 23 uppgifter

63 1027 50 22 gifva
124 1027 30 17 vid
167 1027 79 21 handen,
260 1029 27 15 att
299 1026 24 17 de
335 1026 69 22 städer,
412 1026 34 18 der
454 1027 145 22 prostitutionen
608 1026 61 18 blifvit
677 1025 70 19 ordnad
755 1030 67 18 genom

63 1055 133 22 reglementen,
208 1055 7 17 i
227 1055 90 18 afseende
329 1055 12 17 &
353 1055 96 22 sedlighet
463 1055 35 18 och
511 1054 226 23 sjukdomsförhällanden
750 1054 29 18 stä
791 1054 32 17 be-

63 1083 68 24 tydligt
144 1083 48 19 efter
204 1084 22 17 de
240 1087 55 19 orter,
311 1084 34 17 der
362 1084 52 17 detta
426 1083 43 18 icke
483 1086 20 15 är
515 1083 59 18 fallet.
600 1084 44 17 Man
656 1083 35 18 har
702 1083 6 18 i
720 1083 103 18 allmänhet

62 1112 94 23 iakttagit,
170 1114 27 16 att
208 1113 145 22 prostitutionen
361 1122 22 3 —
393 1113 51 17 såväl
457 1113 36 17 den
506 1113 82 22 hemliga
601 1118 39 12 som
651 1112 35 17 den
695 1112 97 23 offentliga
800 1121 23 3 —

62 1141 6 17 i
81 1141 65 18 stället
158 1141 30 18 för
200 1143 27 16 att
238 1141 87 22 minskas,
338 1143 80 16 tvärtom
430 1141 7 18 i
449 1141 99 22 betänklig
560 1141 47 22 grad
618 1141 81 22 tilltagit,
709 1141 34 17 och
752 1139 69 19 beträf-

62 1169 57 18 fande
132 1169 36 18 den
181 1169 98 23 syfilitiska
294 1170 87 17 smittans
397 1169 98 23 spridning
510 1170 36 17 har
562 1175 43 12 man
618 1169 75 18 kommit
705 1169 28 18 till
746 1169 35 18 den
793 1173 29 13 er-

62 1198 93 22 farenhet,
168 1201 28 16 att
208 1199 20 18 af
239 1199 23 17 de
275 1199 82 22 manliga
369 1199 98 20 individer,
483 1199 64 17 hvilka
560 1199 43 18 sökt
615 1199 32 18 bot
658 1198 29 18 för
700 1198 60 17 denna
773 1197 50 23 sjuk-

63 1227 47 22 dom,
124 1229 27 16 ett
165 1227 77 18 dubbelt
255 1230 60 15 större
330 1228 51 17 antal
395 1227 76 18 erhållit
484 1228 74 17 smittan
572 1227 20 18 af
600 1227 81 23 gvinnor,
690 1227 63 17 hvilka
761 1225 61 19 blifvit

61 1256 119 23 besigtigade
194 1257 34 17 och
241 1256 78 18 sälunda
332 1256 73 18 tillhört
418 1256 23 18 de
455 1256 101 18 inskrifnas
569 1256 58 22 klass,
640 1259 49 15 emot
701 1256 46 21 dem,
758 1255 65 18 hvilka

61 1284 63 18 blifvit
135 1285 110 18 besmittade
258 1285 21 18 af
289 1285 6 17 i
307 1285 104 21 hemlighet
423 1285 146 22 prostituerade,
579 1285 79 18 oaktadt
666 1285 22 17 de
697 1283 124 20 sistnämndas

62 1313 56 22 antal,
131 1313 7 18 i
150 1316 47 15 trots
210 1313 21 18 af
240 1313 217 24 polismyndigheternas
469 1314 33 22 nit,
517 1313 48 18 dock
578 1314 48 17 varit
638 1313 32 18 det
681 1313 102 22 mängfaldt
796 1312 27 18 öf-

60 1342 124 22 vervägande.
208 1342 45 17 Man
269 1342 34 17 har
316 1342 64 18 derför
392 1342 59 18 redan
463 1342 25 23 pä
499 1342 68 23 mänga
579 1342 39 18 häll
630 1343 42 17 lätit
684 1342 60 17 denna
757 1341 65 18 odiösa

62 1370 158 24 reglementering
236 1371 95 18 bortfalla.
355 1371 9 17 I
376 1371 80 18 London
473 1371 105 23 upphäfdes
597 1371 35 18 den
645 1376 66 18 genom
724 1376 23 12 en
759 1369 62 24 parla-

61 1400 103 17 ments-akt
177 1400 35 17 den
221 1401 26 18 20
259 1400 53 22 April
325 1400 52 22 1883,
393 1401 1 16 i
407 1400 119 18 Amsterdam
539 1400 60 18 finnes
613 1400 36 18 den
662 1400 21 23 ej,
692 1400 6 17 i
706 1400 57 22 några
771 1399 50 17 fran-

62 1428 34 18 ska
114 1428 64 18 städer
195 1428 34 18 har
247 1428 35 18 den
299 1428 60 18 blifvit
376 1429 91 23 upphäfd,
480 1429 6 17 i
498 1429 103 18 Kristiania
618 1429 72 23 upphör
702 1428 36 18 den
751 1428 35 18 den
799 1429 22 16 15

60 1457 91 18 Februari
164 1457 52 18 detta
228 1458 25 22 är,
267 1458 34 18 och
317 1458 3 17 i
332 1458 125 22 Köpenhamn
469 1458 116 18 inlemnades
598 1458 21 18 af
630 1460 26 16 ett
665 1460 48 16 stort
721 1457 51 18 antal
779 1457 40 17 akt-

129 1504 138 22 Laguiskottets
279 1504 118 18 betänkande
409 1509 32 13 n:o
453 1505 30 17 24.
