1048 1731
235 157 12 19 6
439 153 209 24 Potitionsbetänkande
666 153 33 23 N:o
715 153 36 23 46.

208 217 86 21 stitutet
316 210 86 28 komme
425 217 48 20 icke
496 218 34 19 att
552 217 56 20 stöta
631 217 27 26 pä
681 216 76 21 hinder
773 216 47 21 frän
836 217 70 21 dettas
922 214 46 21 sida

209 251 53 21 eller
284 250 111 22 föranleda
417 251 68 27 några
507 250 134 27 störingarji
656 251 49 21 dess
719 250 174 22 hittillsvarande
907 249 62 22 verk-

210 284 90 22 samhet.
317 285 32 21 De
365 285 165 27 vetenskapliga
544 287 83 24 ämnen,
643 285 85 21 hvilkas
742 285 170 27 tillgodoseende
921 283 48 22 här-

211 319 50 21 med
283 319 102 22 särskildt
409 319 92 27 afsåges,
525 319 104 21 föreläsas
652 319 33 21 för
705 319 133 22 närvarande
853 319 66 22 redan
934 317 36 22 vid

212 353 114 26 institutet,
347 353 37 21 der
403 353 80 21 allmän
503 353 51 21 kurs
569 353 8 21 i
592 353 109 21 desamma
716 353 34 22 till
766 359 27 16 en
807 353 75 28 början
898 354 23 20 är
936 357 35 22 ge-

213 393 96 15 mensam
332 387 34 21 för
389 387 26 21 de
438 388 59 21 olika
518 387 219 28 fackafdelningarna.
768 388 32 21 De
819 387 34 22 för
868 387 104 22 forstmän

214 421 122 21 sedermera
359 421 199 27 ifrågakommande
581 421 156 27 specialkurser
756 420 73 23 kunde
841 420 132 27 väsentligen

216 455 74 27 samgå
304 455 50 21 med
369 455 104 22 kurserna
489 455 34 22 för
538 456 159 27 närgränsande
712 456 55 21 fack.
784 456 9 21 I
805 462 26 15 en
841 456 52 21 eller
904 459 70 16 annan

216 490 106 26 lärogren,
331 490 130 27 exempelvis
469 490 222 28 ingeniörvetenskap,
700 491 67 21 borde
774 490 101 28 möjligen
883 488 92 22 särskild

217 524 84 20 mindre
323 524 51 20 kurs
397 524 34 21 för
451 524 155 22 forsteleverna
620 525 113 26 anordnas,
749 525 82 21 hvilket
847 524 62 21 äfven
923 524 52 20 utan

218 559 69 20 större
302 558 94 21 kostnad
411 558 40 21 och
467 558 115 28 olägenhet
596 559 72 21 kunde
683 560 44 20 ske.
757 560 33 20 En
805 559 70 21 lärare
890 558 7 20 i
913 556 63 22 forst-

220 592 117 26 vetenskap
363 592 40 21 och
428 599 26 15 en
477 599 70 15 annan
569 593 7 21 i
598 593 91 27 zoologi,
713 593 89 21 botanik
825 592 40 22 och
885 591 92 28 jagtlära

220 626 86 21 komme
329 626 96 22 deremot
447 627 107 27 sjelffallet
576 629 32 20 att
631 628 35 20 vid
688 628 109 21 institutet
819 626 103 22 anställas
945 624 33 22 för

221 659 134 23 forstfacket.

292 717 136 22 Beträffande
443 718 145 22 kostnaderna
602 718 34 22 för
651 725 26 15 en
692 718 164 27 forstafdelning
871 717 35 21 vid
921 716 59 27 poly-

223 751 106 21 tecnicum
363 752 61 21 torde
459 753 36 21 det
524 753 72 21 kunna
624 753 79 27 påstås,
733 755 33 19 att
795 754 108 19 desamma
935 750 46 21 icke

224 785 87 21 komme
334 788 32 18 att
389 786 117 27 öfverstiga
528 787 116 27 utgifterna
667 787 33 21 för
723 787 36 21 det
781 786 121 22 nuvarande
921 784 60 21 insti-

225 821 57 19 tutet
304 820 36 20 vid
363 820 70 22 Evois.
468 821 105 21 Frånsedt
595 821 118 27 utgifterna
735 821 34 21 för
791 818 191 30 skogvaktaresko-

227 854 42 26 lan,
294 854 7 20 i
323 854 65 21 rundt
410 855 31 21 tal
459 857 76 24 10,000
550 856 62 20 mark
627 858 56 18 samt
697 855 145 21 kostnaderna
857 854 34 20 för
906 853 27 21 de
948 858 35 23 ex-

227 888 114 21 kursioner
364 889 33 21 till
421 888 118 28 aflägsnare
559 890 129 26 forstrevier,
705 890 73 21 hvilka
793 889 34 21 för
842 888 142 21 forstmanna-

229 922 111 21 elevernas
356 923 152 28 undervisning
522 924 7 21 i
546 924 200 27 skogsindelningar
761 930 28 15 m.
805 930 27 14 m.
849 922 68 27 dylikt
935 920 49 22 årli-

229 963 41 20 gen
293 957 122 27 anordnats,
439 959 82 26 uppgår
544 960 81 19 statens
647 958 112 21 underhåll
777 957 34 22 för
826 955 160 23 Evois-institut

230 991 35 21 för
287 992 132 21 närvarande
442 993 34 20 till
499 993 65 27 något
579 993 60 21 öfver
656 994 75 25 18,000
747 992 67 21 mark.
845 989 142 27 Afdelningen

230 1025 38 21 vid
283 1026 152 27 polytekniska
449 1027 114 26 institutet,
580 1033 46 15 som
641 1027 124 21 erfordrade
781 1033 26 14 en
822 1025 59 22 äldre
896 1025 69 20 lärare
981 1023 6 20 i

232 1059 173 29 forstvetenskap
420 1062 49 21 med
484 1062 36 21 lön
536 1061 23 22 af
573 1064 63 24 7,000
651 1063 68 25 mark,
731 1063 60 20 extra
802 1061 68 20 lärare
881 1059 7 21 i
898 1057 89 28 zoologi.

232 1094 97 27 botanik,
351 1095 94 28 jagtlära
460 1103 27 14 m.
504 1103 34 20 m.,
555 1096 85 21 aflönad
655 1096 49 21 med
720 1097 63 25 3,000
797 1094 68 26 mark,
882 1095 59 19 extra
957 1098 32 15 er-

233 1129 122 28 sättningar
371 1129 33 21 för
419 1130 94 27 behöflig
529 1131 56 20 skild
600 1131 87 20 kortare
703 1129 183 22 forstmannakurs
902 1127 6 20 i
924 1133 27 15 en
961 1126 28 21 el-

234 1163 32 20 ler
282 1169 70 15 annan
368 1164 181 27 vetenskapsgren
564 1165 99 26 omkring
679 1165 62 26 2,000
757 1163 67 26 mark,
841 1163 55 20 samt
911 1163 32 19 ett
953 1166 38 21 par

235 1199 62 19 tusen
317 1198 62 21 mark
395 1198 32 21 för
443 1199 82 21 lokaler
540 1199 39 20 och
595 1199 84 21 diverse
693 1197 90 28 utgifter
797 1197 85 22 komme
897 1195 47 21 icke
961 1196 31 19 att

235 1232 78 21 kräfva
332 1232 50 22 fullt
401 1233 60 21 detta
475 1233 84 27 belopp.
590 1227 18 27 Å
625 1233 67 21 andra
707 1233 61 20 sidan
783 1232 84 21 komme
883 1229 54 22 dock
953 1229 40 20 den

237 1266 91 21 sålunda
349 1267 75 27 gjorda
446 1267 142 28 besparingen
610 1269 32 20 att
665 1267 130 21 åtminstone
817 1265 34 22 till
870 1270 27 15 en
920 1263 74 26 början

237 1301 52 26 åtgå
311 1301 34 21 för
372 1301 112 22 aflönande
507 1301 24 22 af
552 1302 26 21 de
600 1302 65 21 bland
689 1301 35 21 det
739 1299 123 22 nuvarande
877 1297 118 22 institutets

238 1335 160 27 lärarekrafter,
422 1342 46 15 som
486 1336 47 21 icke
549 1336 71 21 kunde
635 1336 36 21 vid
686 1336 41 20 den
742 1341 42 21 nya
799 1333 145 26 inrättningen
959 1336 36 15 an-

239 1369 82 27 ställas,
345 1373 56 19 samt
423 1370 33 21 till
479 1371 105 21 täckande
600 1370 23 21 af
637 1370 144 21 kostnaderna
796 1368 33 21 för
845 1366 151 28 skogvaktare-

239 1404 76 21 skolan
339 1404 13 21 å
373 1405 71 27 Evois,
467 1405 94 26 hvilken,
584 1404 169 26 ensamstående,
776 1402 109 22 sannolikt
905 1401 8 21 i
927 1400 70 26 någon

240 1445 51 15 mon
306 1440 85 22 komme
407 1441 32 20 att
455 1439 103 28 fördyras.
584 1439 155 27 Byggnaderna
755 1438 12 21 å
775 1437 65 22 Evois
850 1436 85 21 komme
946 1434 52 21 fort-

311 1487 102 17 Allmänna
426 1486 189 20 Besvärsutskottets
629 1484 120 20 betänkande
761 1483 36 18 N:o
809 1484 28 17 35.
