1048 1731
241 139 13 19 8
437 135 210 24 Petitionsbetänkande
664 134 32 23 N:o
712 134 40 23 48.

211 199 67 28 nägra
300 205 42 21 nya
364 198 153 27 befattningar.
548 198 44 21 Det
614 198 68 27 gäller
698 197 85 22 säledes
797 197 136 22 uteslutande
949 197 26 21 de

212 233 27 22 dä
263 233 135 22 existerande
421 233 125 26 tjensterna,
562 232 85 21 hvilkas
662 231 151 22 innehafvares
829 232 72 21 arbete
917 231 58 27 förty

211 267 48 21 icke
275 267 78 27 ansägs
368 273 53 14 vara
435 266 34 21 för
485 267 69 26 drygt.
570 266 76 21 Säsom
662 266 66 21 redan
744 266 94 27 antydts,
850 266 50 27 ingä
909 265 66 22 bland

211 301 228 27 löneförhöjningarna
461 301 63 20 äfven
547 300 33 21 till
600 307 26 14 en
642 300 55 21 dock
713 300 48 21 icke
776 300 96 27 betydlig
887 300 35 21 del
937 305 37 15 an-

212 335 53 27 slag,
288 335 75 21 hvilka
385 335 93 27 tidigare
501 334 99 27 ätnjutits
625 334 70 21 säsom
721 335 99 26 arvoden,
846 334 40 21 och
909 333 66 22 bland

212 369 123 27 föreslagna
358 369 93 21 arvoden
476 369 80 27 anslag,
579 368 75 21 hvilka
668 369 56 20 varit
739 369 20 20 h.
776 375 19 15 o.
811 369 21 20 h.
848 367 127 28 personella.

213 403 117 21 Skilnaden
353 403 92 21 emellan
468 409 83 15 summa
573 402 99 27 ätnjutna
694 402 158 21 löneförmäner
874 402 46 21 före
935 401 40 22 och

214 437 55 21 efter
292 437 184 27 löneregleringen
491 436 98 27 angifver
604 436 90 21 sälunda
708 437 49 20 icke
773 437 88 20 alldeles
877 436 99 21 fullstän-

214 471 47 27 digt
276 471 41 21 den
333 471 86 27 ökning,
436 477 46 15 som
498 471 33 21 för
546 471 117 21 framtiden
679 470 106 22 definitivt
798 471 59 21 lades
868 471 33 21 till
913 472 64 19 stats-

214 505 87 21 verkets
325 504 194 28 aflöningsutgifter
542 505 40 21 och
606 511 75 15 senare
703 505 34 21 till
753 505 48 21 dess
817 504 160 28 pensionskost-

215 540 72 20 nader.

283 573 285 27 Löneregleringskomitens
577 573 81 27 förslag
665 580 62 20 vann,
733 575 71 19 säsom
809 574 65 20 redan
883 572 92 28 antydts,

215 608 60 20 Hans
287 607 113 27 Majestäts
411 608 155 26 godkännande
576 609 60 19 utom
647 608 34 20 för
691 608 24 20 sä
725 608 46 21 vidt
781 608 36 20 det
827 608 62 26 gälde
899 607 78 21 krono-

215 642 140 20 länsmännen
377 643 55 19 samt
447 642 191 26 länestyrelsernas
654 642 135 26 tjenstemän,
807 648 34 15 om
856 641 73 21 hvilka
945 647 32 15 se-

215 682 62 15 nares
301 675 94 28 aflöning
417 678 48 24 nytt
487 676 81 26 förslag
590 676 70 21 skulle
682 678 113 25 uppgöras,
813 676 65 21 sedan
894 676 40 20 den
950 675 27 21 dä

215 710 68 21 under
305 710 138 27 utarbetning
462 710 92 21 varande
570 710 39 20 och
626 710 121 21 sedermera
763 710 40 21 den
821 711 24 20 15
860 710 44 26 jan.
922 710 54 21 1883

215 744 85 27 utgifna
315 744 153 27 förordningen
483 750 35 15 om
533 750 27 20 ny
576 744 187 26 expeditionstaxa
778 744 76 21 hunnit
864 744 112 21 utkomma

216 778 39 21 och
275 778 123 21 erfarenhet
413 778 81 21 ernätts
509 778 134 21 beträffande
660 778 25 21 de
700 778 85 27 belopp,
802 778 34 22 till
851 778 74 21 hvilka
940 778 37 21 be-

215 812 72 21 mälde
302 812 140 27 tjenstemäns
458 812 200 27 sportelinkomster
674 814 67 26 stego.

285 846 65 21 Emot
365 846 64 21 ofvan
444 846 91 22 berörda
550 846 157 27 lönereglering
723 846 52 21 eller
789 848 82 20 rättare
881 846 97 27 uttryckt

215 880 174 28 löneförhöjning
403 881 73 21 kunna
493 880 103 22 särskildt
611 880 94 28 följande
721 880 167 28 anmärkningar
903 882 74 26 göras:

287 914 21 27 1)
324 914 27 22 dä
366 915 49 21 med
433 915 53 21 1879
502 915 34 21 ärs
552 915 80 27 ingäng
648 915 40 21 den
705 917 58 19 stora
778 914 200 28 löneförhöjningen

216 949 106 26 inträdde,
341 955 38 15 var
394 949 66 21 redan
476 949 39 21 den
532 950 66 26 ,,dyra
614 949 46 21 tid'
677 950 7 20 i
699 949 150 27 öfvergäende,
865 949 33 21 för
914 949 64 21 hvars

217 982 56 21 skull
297 983 124 20 densamma
437 983 74 27 angafs
527 989 51 15 vara
593 983 25 21 af
630 983 102 22 behofvet
747 983 113 27 påkallad;
877 983 102 21 särskildt

216 1017 39 20 bör
271 1016 7 21 i
295 1017 60 21 detta
370 1017 101 21 afseende
485 1023 62 15 anses
562 1017 145 22 omotiveradt
722 1019 32 20 att
769 1017 125 27 aflöningar,
905 1017 74 21 hvilka

217 1050 73 21 blifvit
305 1051 116 21 faststälda
437 1051 54 21 efter
506 1051 24 22 är
547 1053 53 20 1875
616 1051 85 27 höjdes;

288 1085 22 26 2)
327 1085 37 21 det
379 1085 61 21 torde
455 1085 46 22 icke
517 1085 6 21 i
540 1085 70 28 nägon
625 1085 102 22 händelse
787 1085 40 22 och
843 1085 60 22 aldra
913 1086 66 21 minst

219 1118 66 21 sedan
307 1119 50 21 med
379 1119 183 27 guldmyntfotens
584 1119 113 22 införande
713 1127 27 14 en
755 1122 64 25 gräns
834 1127 39 14 var
888 1122 43 19 satt
946 1120 33 21 för

219 1153 195 26 penningevärdets
425 1153 123 28 sjunkande,
566 1166 24 3 —
608 1154 72 21 kunna
695 1160 62 15 anses
773 1154 112 27 sakenligt,
901 1156 32 19 att
948 1156 32 19 ett

219 1187 161 27 dyrtidstillägg
403 1187 33 21 för
457 1188 61 21 alltid
540 1188 69 21 bands
625 1188 45 21 fast
684 1188 35 21 vid
735 1189 141 20 statsverkets
892 1189 88 20 stäende

217 1220 166 28 utgiftsbudget,
407 1221 82 22 således
511 1221 63 22 äfven
598 1222 33 21 för
647 1229 26 14 en
688 1223 128 20 inträdande
832 1222 75 27 ,billig
923 1222 56 26 tid*;

289 1255 22 26 3)
341 1255 196 28 löneförhöjningar
567 1256 144 21 motiverades
739 1257 67 21 delvis
831 1257 28 26 pä
881 1257 98 26 grunder,

218 1288 75 21 hvilka
309 1289 62 20 torde
385 1289 70 22 måsta
470 1296 61 15 anses
547 1297 51 14 vara
613 1291 84 20 mindre
712 1291 105 26 hållbara,
834 1291 70 20 såsom
919 1293 15 18 t.
947 1297 31 14 ex.

218 1322 148 27 äberopandet
382 1323 23 21 af
419 1324 40 21 den
482 1325 125 27 förändring
622 1326 189 21 ämbetsmännens
827 1326 79 21 sociala
921 1326 59 21 ställ-

218 1356 52 28 ning
285 1357 7 21 i
307 1357 68 21 bredd
391 1359 48 21 med
455 1359 175 22 samhällslifvets
646 1360 123 28 utveckling
785 1360 121 28 undergätt,
922 1360 7 21 i
945 1361 36 21 det

218 1391 22 26 ni
263 1391 59 21 förra
344 1392 57 21 tider
423 1393 232 22 statsfunktionäreme
670 1395 67 26 jomte
753 1395 63 21 adeln
831 1395 99 27 utgjorde
945 1395 36 22 det

218 1424 69 22 första
303 1426 178 28 samhällslagret,
497 1434 48 14 men
561 1428 7 20 i
584 1428 60 21 detta
660 1428 134 22 förhällande
811 1428 133 28 smäningom
955 1436 26 14 en

289 1464 103 19 Allmänna
406 1468 180 16 Besvärsutskottets
599 1467 116 18 betänkande
729 1468 36 17 N:o
779 1468 29 17 39.
