1048 1731
220 134 27 19 78
411 131 240 24 Petitionsbetänkande
667 131 37 24 N:o
720 131 13 23 I.

192 195 87 21 söderut
294 194 97 23 deremot
406 195 80 28 längre.
517 195 34 22 Dä
565 195 95 22 hvarken
675 196 68 27 nägra
759 195 50 22 fullt
819 196 76 27 giltiga
903 193 50 24 eko-

192 229 99 22 nomiska
306 229 53 22 eller
373 230 102 21 tekniska
489 230 185 27 undersökningar
696 229 121 22 emellertid
841 230 110 28 föreligga,

191 263 68 22 mäste
282 263 81 22 sädana
387 263 80 29 föregä,
491 263 72 22 förrän
587 264 75 27 frägan
682 271 35 15 om
731 264 162 28 utgängspunkt
908 265 42 20 kan

192 297 94 28 afgöras.

257 332 64 22 Hvad
343 332 104 22 beträffar
467 339 29 15 nu
510 333 92 21 berörda
618 333 35 21 del
668 332 23 21 af
705 332 224 28 förbindningsbanan
944 333 7 20 i

192 367 39 21 och
252 366 34 22 för
310 367 33 28 sig
358 367 71 22 säsom
443 367 130 21 förmedlare
588 367 23 21 af
624 366 130 27 lokaltrafik,
771 367 63 21 torde
849 367 50 22 dess
914 367 37 21 be-

191 401 83 28 tydelse
299 401 73 22 kunna
394 401 75 22 ställas
491 401 8 21 i
519 401 112 28 jembredd
650 401 49 22 med
713 401 54 22 flera
782 401 66 22 redan
863 401 88 22 utförda

189 436 165 27 jernvägslinier
376 436 7 21 i
405 436 80 21 landet.
515 436 117 27 Jyväskylä
647 436 49 21 stad
711 436 72 21 säsom
801 438 31 20 ett
855 435 96 28 lifaktigt

191 470 162 22 trafikeentrum
369 470 34 21 för
417 477 26 14 en
459 471 85 26 mycket
559 471 120 21 vidsträckt
693 471 60 21 trakt
775 471 78 27 borgar
877 477 73 14 ensam

192 504 33 22 för
247 505 40 27 sig,
310 506 33 21 att
364 505 71 21 banan
457 505 48 21 icke
522 504 71 22 blefve
608 507 52 19 utan
675 504 71 27 trafik,
763 505 143 27 synnerligast
922 504 27 22 dä

192 540 72 21 dertill
285 540 75 27 läggas
383 540 26 20 de
431 539 127 21 industriela
579 540 150 27 inrättningar,
747 545 46 16 som
815 540 86 21 komma
917 541 34 19 att

191 574 81 27 ligga
262 570 16 35 i
291 574 78 21 liniens
391 574 137 21 omedelbara
549 574 76 21 närhet
648 574 53 21 eller
723 574 48 21 icke
793 574 74 21 alltför
890 574 60 26 långt

192 608 101 26 derifrån,
309 608 40 21 och
363 608 74 21 hvilka
452 607 68 22 finnas
535 608 415 27 uppräknade
676 603 12 36 i
696 608 254 27 petitionsmemorialen.

191 642 138 22 Beträffande
351 642 62 21 dessa
434 642 109 27 uppgifter
565 648 63 15 anser
649 642 75 22 likvist
739 642 114 27 utskottet,
877 643 33 20 att
925 642 27 20 de

192 677 107 21 måhända
321 678 37 20 äro
381 676 127 21 framstälda
529 676 7 21 i
558 676 66 28 något
646 676 34 22 för
701 682 90 22 gynsam
807 677 70 27 dager,
901 682 49 15 men

193 712 134 27 ådagalägga
342 711 26 21 de
383 711 7 21 i
405 711 44 21 alla
463 711 119 27 händelser,
598 713 33 19 att
646 712 70 20 banan
732 710 63 22 äfven
811 710 55 28 finge
889 710 62 22 indu-

193 746 106 22 strialster
313 746 35 21 till
363 745 206 27 transportföremål.

256 780 31 21 På
309 780 70 27 grund
396 779 24 21 af
434 780 37 21 det
485 779 63 22 ofvan
564 780 91 21 anförda
671 780 33 21 får
719 780 107 21 utskottet
841 780 108 21 vördsamt

193 814 88 22 föreslå:

395 873 32 19 att
453 870 123 22 Ständerna
599 871 49 21 ville
670 871 38 21 hos
734 871 65 21 Hans
823 870 126 28 Kejserliga

331 905 105 27 Majestät
457 906 9 20 i
487 905 173 28 underdänighet
682 905 93 21 anhälla
797 912 33 14 om
845 904 104 22 verkstäl-

331 940 65 21 lande
411 939 29 26 af
451 939 136 22 ekonomiska
611 940 38 21 och
672 939 99 22 tekniska
793 939 156 22 undersöknin-

330 981 42 21 gar
393 974 37 24 för
452 981 25 14 en
494 975 96 27 jernväg
606 974 59 27 frän
688 974 125 28 Jyväskylä
829 974 34 21 till
877 974 72 27 nägon

327 1008 71 28 punkt
421 1010 12 19 å
456 1009 103 20 sträckan
582 1003 98 37 Keuru—
688 1008 131 28 Myllymäki
841 1007 28 22 af
885 1007 64 22 Wasa

331 1043 79 27 banan,
433 1045 57 19 samt
515 1050 32 14 om
558 1043 164 28 föreläggande
731 1042 44 27 för
789 1045 160 18 nästsamman-

331 1077 107 21 trädande
454 1077 94 22 Ständer
563 1077 29 27 af
604 1078 68 27 nådig
684 1077 139 28 proposition
834 1083 33 14 om
878 1077 71 20 denna

326 1112 105 27 jernvägs
446 1111 124 28 utförande,
586 1112 110 27 äfvensom
713 1118 34 15 om
769 1111 139 22 anställande
923 1111 29 26 af

331 1146 82 21 teknisk
435 1147 160 28 undersökning
605 1147 43 26 för
657 1147 108 27 jernvägs
785 1145 90 22 ledande
890 1145 61 26 öfver

329 1181 155 28 vattendragen
499 1181 36 21 vid
550 1181 89 28 Nyslott
654 1181 38 21 och
708 1180 155 26 Punkaharju.

554 1333 37 18 13.

262 1394 43 21 Vid
326 1394 158 28 behandlingen
505 1394 24 21 af
549 1393 165 28 ifrågavarande
734 1393 91 27 petition
841 1393 110 27 angående

194 1428 125 22 utförandet
334 1428 24 22 af
372 1431 31 19 ett
418 1428 72 28 bispär
505 1428 47 21 frän
568 1428 97 21 Orihvesi
680 1428 82 21 station
777 1428 36 21 vid
828 1428 65 21 Wasa
911 1428 38 20 ba-

262 1468 190 23 Jernvägsutskottets
467 1468 115 18 betänkande
596 1470 34 16 N:o
642 1468 18 18 2.
