1048 1731
293 133 211 24 Petitionsbotärkande
521 133 33 23 N:o
570 133 13 23 I.
762 135 25 20 61

57 193 53 19 mäki
125 193 64 18 banan
206 192 28 18 till
251 192 68 19 staden
335 191 68 20 Kotka
419 191 41 20 blef
474 192 70 25 kändt,
560 192 36 19 har
612 192 73 19 tanken
702 193 25 23 på
743 198 23 13 en
779 192 39 19 för-

58 221 122 24 eningsbana
202 221 82 18 emellan
308 221 165 18 Fredrikshamns
497 221 45 18 stad
562 221 36 18 och
615 223 98 16 närmaste
729 221 63 24 punkt
808 221 11 19 å

58 250 86 19 nämnda
161 250 82 23 jernväg
259 249 98 23 sjelfmant
373 249 90 24 uppstått
478 249 12 19 å
506 249 38 19 den
560 251 38 20 ort,
615 255 41 13 som
670 250 34 23 jag
720 250 35 19 har
771 252 47 17 äran

58 282 30 16 att
104 281 137 22 representera
257 278 31 18 vid
305 278 64 18 denna
384 278 103 23 landtdag.

128 313 73 19 Staden
224 311 161 25 Fredrikshamn,
409 317 42 14 som
474 312 80 23 nyligen
578 311 42 20 haft
643 311 85 24 olyckan
745 314 29 17 att
789 312 30 18 till

59 344 42 17 stor
116 342 32 19 del
164 341 105 23 ödeläggas
285 341 21 18 af
320 347 23 12 en
359 341 96 23 härjande
472 341 102 22 eldsvåda,
590 340 103 19 betraktar
709 341 43 18 med
767 342 53 17 rätta

59 370 115 24 föreningen
191 370 42 18 med
249 369 76 19 landets
340 370 130 23 jernvägsnät
485 369 65 19 såsom
567 372 28 16 ctt
610 369 60 19 bland
685 369 24 19 de
721 369 99 19 verksam-

60 403 62 15 maste
146 399 61 18 medel
231 398 29 19 till
276 397 92 20 framtida
385 397 104 20 förkofran
506 398 36 19 och
559 398 36 19 har
610 398 18 24 ej
644 398 61 18 heller
722 397 54 24 skytt
792 400 29 16 att

60 429 6 18 i
90 428 44 19 mån
158 427 20 19 af
200 427 43 18 sina
265 426 30 20 för
311 427 34 18 det
360 427 124 18 närvarande
501 427 66 18 starkt
582 427 86 18 anlitade
685 432 89 13 resurser
790 431 30 14 er-

60 457 60 23 bjuda
144 456 69 22 bidrag
235 455 30 19 till
279 455 82 24 planens
377 455 142 19 realiserande.
551 455 46 19 Men
613 456 33 18 det
662 457 21 17 är
699 455 51 19 dock
766 455 54 23 inga-

60 485 62 19 lunda
144 484 62 24 härpå
229 484 69 19 staden
321 484 60 24 byggt
404 485 35 18 sitt
462 485 53 23 hopp
540 487 27 16 att
592 484 35 19 hos
643 484 77 19 landets
736 484 85 19 Ständer

61 514 51 19 finna
137 516 28 16 ett
181 513 94 23 välvilligt
290 513 108 19 understöd
414 513 32 19 för
462 519 23 13 en
501 513 219 23 jernvägsanläggning,
737 518 30 14 om
784 513 37 18 ock

62 543 22 19 af
97 543 22 18 så
140 543 55 23 ringa
210 542 79 23 omfång
304 548 41 13 som
361 542 37 18 den
415 541 160 24 ifrågavarande.
591 553 28 3 —
635 542 38 18 Det
689 544 22 16 är
727 542 94 18 fastmera

62 572 6 18 i
91 571 37 19 den
152 571 66 23 utsigt,
237 570 77 19 hvilken
330 570 107 20 förefiones
454 571 30 18 till
500 576 24 13 en
540 570 98 24 betydligt
652 570 94 24 utvidgad
762 570 59 19 trafik

62 600 12 19 å
96 600 64 19 banan
184 599 187 19 Kotka—Kouvola
394 605 70 17 genom
480 600 131 22 anläggandet
629 598 21 20 af
664 605 23 13 en
703 599 74 19 bibana
792 598 29 19 till

62 628 160 25 Fredrikshamn,
245 634 42 13 som
309 628 69 18 staden
403 634 32 12 ser
453 631 29 16 ett
499 628 121 23 väsendtligt
635 628 43 18 skäl
694 628 31 19 för
741 628 30 18 sin
788 633 34 13 an-

62 658 66 18 hållan
149 658 37 18 och
201 657 37 19 den
254 658 50 17 mest
319 656 94 24 vältalige
430 656 141 24 förespråkare
588 657 31 19 för
634 657 80 18 stadens
730 657 91 23 intresse,

62 692 42 13 som
127 686 6 18 i
157 686 55 18 detta
230 685 93 19 afseende
339 685 61 19 måste
417 691 58 13 anses
493 685 119 23 fullkomligt
628 685 135 19 sammanfalla
779 685 44 18 med

63 715 77 19 landets
156 715 6 18 i
178 715 44 18 dess
238 714 72 19 helhet.

132 743 41 19 För
195 746 29 16 att
242 744 5 18 i
264 743 63 23 någon
344 742 43 20 mån
404 742 124 24 ådagalägga
543 743 61 23 detta,
620 742 57 19 utber
691 743 34 23 jag
740 743 39 23 mig
794 744 29 17 att

64 772 20 19 få
99 771 103 20 frambålla
217 772 61 23 några
294 772 109 23 väsentliga
418 775 87 15 moment
520 772 6 18 i
544 771 75 24 frågan.

132 806 68 24 Enligt
222 806 106 24 uppgjordt
346 806 75 23 förslag
436 806 32 18 för
484 806 189 18 Kouvola—Kotka
689 806 64 18 banan
770 805 54 19 kom-

64 840 41 14 mer
120 835 65 19 denna
207 838 29 16 att
251 835 6 18 i
273 834 100 20 Tavastila
389 834 76 19 erhälla
481 840 24 13 en
523 835 81 24 station,
620 834 69 19 afsedd
705 834 30 19 för
751 836 73 22 uppta-

64 864 73 23 gandet
156 863 21 19 af
191 862 84 20 trafiken
291 863 43 19 från
350 863 167 19 Fredrikshamns
534 864 50 18 stad.
616 863 112 19 Stationens
745 862 79 20 afständ

65 892 43 20 från
132 892 91 19 Kouvola
241 893 58 22 utgör
314 892 6 18 i
337 892 32 19 det
384 894 101 17 närmaste
502 891 27 19 35
546 894 62 20 verst;
625 892 45 18 dess
685 892 80 18 afstånd
780 890 44 20 från

65 920 164 20 Fredrikshamns
252 921 44 19 stad
319 921 55 23 längs
395 921 62 19 södra
472 921 130 25 landsvägen,
618 926 41 13 som
674 920 7 19 i
697 926 23 13 en
737 920 88 23 betydlig

65 950 81 24 böjning
169 949 93 24 kringgår
278 955 23 13 en
318 950 57 23 djupt
389 950 7 19 i
412 950 69 19 landet
496 950 128 23 inskjutande
641 949 38 24 vik,
696 952 22 16 är
734 951 91 17 närmare

66 977 26 22 15
116 982 59 21 verst,
192 979 68 18 medan
277 984 23 13 en
316 978 80 25 bibana,
412 984 42 13 som
471 978 80 24 utginge
568 978 43 19 från
628 978 100 19 Tavastila
744 977 80 22 station,

66 1007 58 20 skure
147 1007 118 24 landsvägen
284 1009 7 17 i
307 1007 94 19 närbeten
418 1007 22 19 af
454 1007 80 19 Summa
550 1007 48 23 gård
614 1007 37 19 och
667 1006 86 20 derefter
768 1007 6 18 i
791 1008 34 17 nä-

66 1037 44 18 stan
132 1038 33 17 rät
182 1036 46 19 linie
244 1041 47 14 norr
306 1041 31 14 om
353 1036 84 19 Poitsila
453 1036 50 23 gård
519 1036 58 18 ledde
594 1035 55 19 öfver
665 1035 108 20 Kotosaari
789 1034 36 19 och

66 1064 155 20 Sockenholmen
245 1065 29 18 till
289 1065 125 23 Tjärholmen
431 1065 55 18 invid
503 1065 70 18 staden
590 1064 36 19 och
643 1065 44 18 dess
703 1065 42 18 inre
760 1064 65 22 hamn,

65 1093 77 19 komme
165 1095 30 17 att
210 1093 65 24 uppgå
290 1092 29 21 till
336 1093 71 19 endast
422 1093 55 20 circa
494 1092 26 21 10
537 1095 59 16 verst.
615 1103 24 4 —
656 1093 38 19 Det
710 1093 36 18 bör
761 1093 64 22 tilläg-

66 1127 41 19 gas,
130 1123 29 17 att
181 1121 103 20 afstånden
308 1122 43 19 från
367 1122 156 19 Fredrikshamn
540 1122 55 23 längs
611 1122 94 23 landsväg
721 1121 29 19 till
766 1121 60 24 Uttis,

66 1150 90 24 Kaipiais
180 1150 36 19 och
239 1150 110 19 Davidstad
372 1151 98 18 stationer
493 1151 12 19 &
524 1151 30 18 S:t
571 1149 256 24 Petersburg—Riihimäki

65 1179 66 19 banan
154 1181 35 17 äro
212 1184 53 19 resp.
289 1179 34 23 41,
347 1179 26 19 45
390 1179 37 20 och
444 1179 28 19 50
488 1182 61 19 verst,
565 1179 70 19 medan
652 1179 103 19 afständen
771 1178 56 19 öfver

66 1207 102 20 Tavastila
182 1208 55 23 längs
254 1208 95 23 landsväg
365 1208 28 19 dit
409 1208 37 19 och
462 1213 37 19 per
512 1208 83 23 jernväg
612 1207 87 20 derifrän
714 1207 29 19 till
754 1212 73 14 samma

66 1236 98 19 stationer
179 1236 75 19 komme
270 1239 29 17 att
314 1237 66 24 uppgä
395 1237 32 18 till
443 1242 53 19 resp.
513 1236 34 24 62,
564 1235 27 20 72
608 1237 35 18 och
659 1235 26 20 95
702 1237 59 18 verst.

135 1271 69 19 Under
226 1271 75 19 sådana
323 1271 139 20 förhållanden
487 1271 65 26 torde,
574 1271 7 19 i
604 1271 94 19 händelse
715 1276 23 13 en
755 1269 73 20 bibana

66 1299 44 20 från
126 1299 101 20 Tavastila
241 1301 29 18 till
285 1300 165 19 Fredrikshamns
467 1301 45 18 stad
528 1300 44 19 icke
588 1300 64 19 blefve
669 1299 65 19 utförd
750 1299 36 19 och
803 1298 25 19 då

67 1334 24 13 en
114 1327 134 26 fortransport
263 1329 6 18 i
285 1329 40 19 alla
340 1329 34 19 fall
389 1329 66 19 blefve
472 1329 68 25 nödig,
557 1335 23 12 en
596 1332 43 16 stor
654 1329 32 18 del
702 1328 21 19 af
737 1327 90 24 godstra-

66 1356 52 20 fiken
134 1357 83 19 emellan
233 1357 29 20 S:t
277 1357 120 25 Petersburg
414 1358 37 19 och
466 1357 157 20 Fredrikshamn
638 1357 7 19 i
661 1357 66 19 stället
743 1356 31 20 för
790 1356 38 19 den

66 1386 59 24 länga
141 1389 94 21 omvägen
250 1387 45 19 med
310 1386 69 20 Kotka
394 1387 64 18 banan
476 1390 47 20 taga
538 1386 65 20 säsom
618 1386 99 20 härintills
733 1385 44 19 frän
788 1385 41 19 Da-

67 1415 79 19 vidstad
162 1415 48 19 eller
224 1415 53 19 Uttis
293 1416 38 18 den
347 1416 46 18 vida
408 1416 83 18 kortare
507 1418 62 21 vägen
586 1415 76 19 direkte
678 1415 30 19 till
723 1414 105 19 Fredriks-

67 1443 64 21 hamn,
162 1444 57 19 Hvad
241 1444 160 24 persontrafiken
425 1444 131 24 vidkommer,
580 1444 62 19 skulle
666 1444 31 18 vid
713 1448 56 14 resor
785 1442 44 20 från

66 1472 154 20 Fredrikshamn
244 1475 89 17 vesterut
355 1472 37 20 och
408 1474 86 17 tvertom
512 1473 137 23 begagnandet
665 1472 20 19 af
699 1472 129 19 Tavastila—

135 1510 190 23 Jernvägsutskottets
339 1510 115 18 betänkande
468 1511 38 17 N:o
519 1511 18 17 2.
