1048 1731
215 139 26 20 10

416 138 206 24 Motionsbetänkande
638 140 39 22 N:o
693 139 26 24 14.

610 202 16 28 $
640 203 20 20 4.

394 242 33 21 Ar
441 249 77 21 genom
533 241 108 22 särskildt
656 242 128 28 stadgande,
803 242 68 28 aftal,
894 242 49 21 dom

325 271 52 20 eller
393 271 33 28 pä
448 273 70 19 annat
540 271 78 28 lagligt
633 273 44 19 sätt
691 278 34 14 om
737 271 98 28 jagträtt
849 271 14 20 ä
878 271 66 28 något

325 300 62 21 ställe
403 299 129 22 annorledes
547 299 106 22 bestämdt
668 302 31 19 än
713 300 10 20 i
730 300 71 21 denna
806 299 137 28 förordning

322 327 154 29 föreskrifves,
488 327 112 29 förblifve
614 329 35 20 det
662 328 111 29 gällande.

611 392 16 27 $
641 392 21 21 5.

398 431 79 28 Björn,
500 439 59 20 varg,
582 432 21 21 lo
626 431 39 21 och
679 431 54 28 jerf
751 431 36 21 mä
809 431 31 27 af
851 437 26 14 en
891 430 55 21 hvar

322 460 68 27 jagas
405 460 39 21 och
459 460 70 21 dödas
544 460 52 21 eller
607 461 94 27 fångas,
717 459 110 22 hvarhelst
841 459 26 21 dei
889 459 56 28 fritt

327 489 102 21 tillstånd
451 489 112 27 anträffas
577 490 33 27 pä
632 496 55 21 egna
709 489 52 21 eller
783 488 84 22 andras
889 495 56 21 egor,

328 518 68 21 likväl
410 518 49 21 med
473 517 121 29 skyldighet
608 518 9 20 i
632 525 76 14 senare
719 518 69 27 fallet
803 518 34 20 till
848 517 50 27 full
913 524 34 13 er-

327 547 97 27 sättning
436 546 44 28 för
495 547 32 21 all
541 546 77 26 skada,
641 554 46 14 som
709 546 123 28 derigenom
851 546 14 20 ä
879 545 68 21 odlad

323 576 62 27 jord,
405 576 48 20 med
468 576 96 27 stängsel
574 576 88 27 fredad
676 575 70 25 mark,
769 574 177 28 trädplantering

328 604 52 21 eller
394 604 113 28 hägnader
517 604 133 28 tillskyndas
665 611 79 21 egaren
768 604 52 20 eller
841 602 106 28 innehaf-

328 640 72 14 varen.

613 684 15 28 $
644 686 20 20 6.

398 724 50 22 Har
463 725 73 27 någon
551 725 75 27 ringat
642 724 63 28 björn
721 724 8 20 i
744 724 42 25 ide,
801 723 66 28 hafve
874 730 75 14 ensam

329 755 44 19 rätt
389 756 31 18 att
432 754 78 28 jagten
521 754 125 27 fullfölja;
662 753 39 21 och
716 753 36 20 mä
767 753 22 27 ej
803 759 82 18 annan,
901 752 48 20 med

331 782 86 28 vetskap
433 785 32 18 att
481 782 89 28 björnen
586 784 27 19 är
627 782 88 28 ringad,
732 782 41 20 den
789 788 28 14 ur
831 781 44 21 idet
893 787 56 21 upp-

330 811 116 21 skrämma.

615 856 15 28 $
646 858 19 19 7.

400 897 49 21 Den
465 904 44 14 som
524 898 67 27 eljest,
608 897 109 21 hvarhelst
733 896 35 21 det
776 902 53 14 vara
837 895 42 25 mä,
891 894 59 28 träf-

327 926 44 27 far
386 928 69 19 annat
470 926 53 21 vildt
538 926 129 27 skadedjur,
686 926 9 21 i
707 925 55 28 fritt
785 923 108 26 tillstånd,
915 930 35 21 ege

331 957 45 19 rätt
391 955 118 20 detsamma
526 955 57 21 döda
599 955 52 20 eller
662 955 76 27 fänga
753 953 39 21 och
808 952 91 21 behälla.

401 983 61 26 Katt,
478 991 45 14 som
538 983 113 28 anträffas
674 984 8 20 i
704 983 59 27 skog,
787 981 54 28 hage
863 981 52 21 eller
937 981 14 20 &

328 1012 55 27 fält,
399 1013 35 20 mä
450 1013 82 20 saklöst
547 1013 75 20 dödas.

617 1081 15 27 $
647 1082 20 19 8.

403 1121 74 21 Såsom
491 1121 119 28 jagtmedel
626 1121 35 20 mä
677 1121 21 27 ej
711 1119 96 28 gillrade
822 1118 61 27 spjut
901 1118 52 20 eller

333 1150 125 28 skjutgevär
473 1150 121 21 användas.
626 1150 67 27 Grop,
709 1155 42 14 sax
765 1148 52 20 eller
827 1153 78 14 annan.
910 1146 43 27 för

334 1179 123 21 menniskor
473 1178 38 21 och
526 1179 95 27 husdjur
636 1177 114 28 lifsfarlig
766 1176 83 21 anstalt
863 1175 90 20 mäicke

335 1208 107 27 begagnas
458 1208 13 19 &
487 1215 87 13 annans
589 1207 70 25 mark,
681 1209 56 18 utan
753 1204 101 21 tillstånd
869 1203 31 28 af
912 1203 41 21 den

334 1243 45 14 som
398 1237 97 27 jagträtt
517 1237 38 20 der
570 1243 54 20 eger,
644 1237 57 19 samt
716 1234 47 21 icke
778 1233 67 20 heller
859 1234 94 19 utsättas

335 1266 51 20 eller
401 1265 150 27 derförinnan
566 1266 69 19 utsatt
650 1264 137 28 gvarlemnas
803 1262 13 20 å
831 1261 85 21 enskild
924 1261 30 20 el-

335 1295 32 20 ler
381 1293 99 28 samfäld
494 1293 63 21 mark
572 1293 70 21 under
656 1293 61 20 tiden
729 1291 58 28 från
803 1290 39 21 och
857 1290 48 20 med
913 1289 41 21 den

335 1324 13 19 1
364 1323 50 26 Maj
429 1323 34 20 till
479 1322 39 21 den
534 1323 13 19 1
563 1321 127 26 November;
713 1320 97 27 såframt
826 1318 45 21 icke
893 1319 62 20 inne-

336 1351 108 28 hafvaren
467 1351 30 27 af
511 1351 123 27 jagträtten
657 1351 53 20 eller
732 1349 47 20 alla
803 1347 124 27 delegarene
947 1347 8 20 i

337 1380 40 21 den
399 1380 114 27 samfälda
528 1379 90 21 marken
637 1379 74 21 dertill
727 1378 38 27 lof
775 1376 68 30 gifvit
861 1375 38 20 och
915 1382 40 13 an-

336 1409 79 21 stalten
431 1410 26 19 är
471 1408 24 20 sä
511 1408 125 28 omhägnad
650 1408 53 20 eller
721 1406 67 25 täckt,
811 1407 32 19 att
865 1404 90 21 kreatur

337 1438 102 27 derifrän
456 1436 108 28 afhällas.

267 1477 201 18 Ekouomiutskottets
481 1476 120 18 betänkande
613 1476 35 17 N:o
664 1476 26 18 16.
