1048 1731
218 127 27 20 20
409 120 240 27 Petitionsbetänkande
665 123 36 22 N:o
716 121 13 23 1.

259 189 57 20 Hvad
332 189 94 20 beträffar
442 189 68 23 odling
526 188 37 19 och
579 188 117 19 ekonomisk
719 187 110 26 förkofran,
846 189 22 20 så
883 191 22 18 är
920 195 31 14 re-

191 220 38 19 dan
244 218 151 23 folkmängdens
411 217 77 19 snabba
507 217 81 19 tillväxt
608 219 28 16 ett
651 217 55 19 bevis
723 217 74 19 derom.
827 217 123 20 Hufvudkäl-

191 249 32 18 lan
239 247 32 19 för
287 247 37 18 den
341 246 130 19 ekonomiska
485 245 105 20 förkofran
605 251 36 13 var
656 251 24 13 en
696 245 29 19 tid
741 245 152 24 skogshandeln,
907 252 43 13 men

185 277 33 24 "pä
232 281 71 14 senare
319 275 51 19 tider
387 275 35 19 och
438 274 116 23 isynnerhet
570 274 60 19 sedan
646 274 141 19 Keski-Suomi
798 275 78 23 privata
886 275 64 18 landt-

191 303 159 24 brukssällskap,
366 309 42 13 som
423 303 76 23 årligen
514 302 58 19 hållit
587 303 260 24 landtbruksutställningar
863 303 35 19 och
909 305 42 17 mö-

191 336 40 21 ten,
255 332 98 25 stiftades,
375 332 36 19 har
433 331 58 19 äfven
513 331 120 24 jordbruket
652 331 37 19 och
704 331 197 24 ladugärdsskötseln
917 331 34 19 be-

192 364 47 22 gynt
254 361 109 20 utvecklas.
394 360 39 19 För
455 360 89 23 omkring
565 359 27 20 20
607 359 23 19 är
645 360 61 19 sedan
722 359 73 20 funnos
811 360 117 24 exempelvis
944 360 7 18 i

192 391 65 19 denna
279 389 33 20 del
336 389 21 19 af
377 389 68 19 landet
469 389 70 18 endast
559 389 99 22 naturliga
673 391 68 21 ängar.
772 389 40 18 För
828 388 122 20 närvarande

192 419 36 20 har
244 419 34 18 det
293 418 117 23 odlingssätt
426 417 74 24 begynt
515 417 62 19 blifva
596 417 88 23 allmänt,
701 419 29 17 att
745 422 74 15 samma
834 417 36 20 fält
886 417 65 19 vexel-

192 448 29 19 vis
244 447 99 23 begagnas
363 445 31 20 för
414 445 109 20 sädessädd
540 445 36 20 och
592 445 83 24 hösädd,
691 451 44 13 men
752 446 65 19 denna
833 446 118 23 odlingsarts

192 476 68 19 vidare
280 474 103 20 förkofran
403 475 86 18 hämmas
505 474 6 18 i
527 474 38 23 hög
584 474 49 23 grad
649 474 21 19 af
684 475 76 18 bristen
776 474 26 24 pä
817 474 134 19 kommunika-

192 505 72 19 tioner.
294 504 43 18 Den
361 503 118 19 förutsätter
501 503 96 23 nemligen
618 508 24 14 en
658 503 95 23 rikligare
775 503 124 24 hafreodling
915 503 36 19 och

193 532 174 24 smörproduktion
390 532 36 18 och
450 531 52 19 båda
525 532 58 18 dessa
602 532 197 24 produktionsalster
814 532 63 19 skulle
893 531 58 20 hafva

193 562 38 24 god
254 561 108 23 afsättning
385 560 86 23 utrikes;
494 560 95 19 särskildt
612 562 117 22 exporteras
753 560 44 19 frän
817 560 61 19 Wasa
897 562 55 17 stora

193 590 120 24 avantiteter
335 588 62 24 hafre,
413 594 44 13 men
477 588 335 20 kommunikationsförhällandena
827 589 102 19 förhindra
945 589 6 18 i

192 619 39 23 hög
246 618 48 24 grad
311 618 57 18 deras
388 617 108 23 bringande
512 617 26 24 pä
553 617 189 19 verldsmarknaden
759 619 49 17 samt
823 617 84 19 sälnnda
922 616 29 20 äf-

192 653 36 14 ven
244 646 154 24 produktionen.

261 674 166 20 Affärsrörelsens
451 674 79 23 omfång
545 674 25 24 pä
586 677 57 16 orten
659 674 87 24 framgår
761 680 24 13 ur
800 674 86 24 följande
902 679 49 19 upp-

193 704 59 24 gifter
268 709 31 13 om
315 703 104 25 industrin,
435 702 85 19 handeln
537 703 37 18 och
590 703 263 23 penningeinrättningarne.

260 732 30 19 De
306 731 109 19 förnämsta
430 731 117 19 industriela
562 732 133 23 inrättningar
711 734 35 16 äro
758 731 148 19 Karikkokoski
917 730 35 24 säg

194 761 36 19 och
253 760 136 19 Koskensaari
410 760 97 23 jernbruk
523 760 6 18 i
545 760 119 26 Petäjävesi,
684 759 111 20 Lohikoski
815 759 137 25 pappersbruk

194 791 49 17 samt
263 788 147 25 Korkeakoski,
431 788 129 24 Haapakoski
577 788 39 20 och
629 788 108 20 Kuokkala
753 788 58 24 sägar
824 789 59 23 jemte
900 788 51 19 Tou-

192 817 66 24 rujoki
281 817 112 24 nyanlagda
415 816 129 24 läderfabrik,
567 817 40 19 alla
626 817 6 19 i
647 817 110 23 Jyväskylä
779 818 54 18 stads
853 818 99 18 närmaste

194 846 85 23 omnejd,
302 845 85 19 förutom
411 845 129 24 Haapakoski
561 845 41 25 såg,
623 846 30 18 dit
668 846 102 19 afständet
785 845 43 19 från
845 846 69 18 staden
930 847 23 17 är

194 874 89 23 omkring
299 876 30 16 tre
347 873 107 24 fjerdedels
470 874 39 18 mil.
530 874 64 19 Dessa
610 874 119 19 industriela
744 874 142 24 inrättningars
902 878 50 14 sam-

193 903 104 23 manlagda
320 902 193 24 produktionsvärde
536 904 23 18 är
579 902 91 24 omkring
684 903 35 19 tvä
733 903 92 23 miljoner
841 902 36 20 och
893 902 59 19 Lohi-

193 931 58 20 koski
274 931 138 24 pappersbruk
435 930 78 20 betalar
533 936 66 15 ensam
614 931 7 19 i
636 931 78 20 frakter
735 931 89 24 omkring
839 932 113 23 tjugutusen

193 960 56 19 mark
265 965 31 14 om
312 959 49 19 äret.
384 959 91 26 Forssar,
488 960 27 18 uti
526 960 66 19 hvilka
608 960 44 19 äret
668 965 31 14 om
714 959 48 20 flere
773 959 116 20 tiotusenta]
899 959 54 19 häst-

193 987 77 20 krafter
293 988 31 19 stä
347 988 30 19 till
399 987 124 24 förfogande,
539 987 63 20 finnas
622 989 7 18 i
644 989 97 18 närheten
757 988 22 19 af
791 988 162 25 jernvägslinien,

193 1017 37 19 och
245 1019 30 16 att
291 1017 58 18 dessa
365 1017 17 23 ej
399 1016 64 19 skulle
479 1016 60 20 blifva
555 1017 129 24 obegagnade
696 1017 58 19 torde
765 1016 74 24 framgä
850 1016 63 23 deraf,
924 1018 30 17 att

193 1045 100 24 knappast
308 1045 65 23 någon
389 1045 41 18 fors
446 1045 33 18 vid
495 1045 106 24 Päijännes
625 1046 126 19 strandorter
771 1045 69 26 finnes,
855 1045 33 19 vid
903 1045 50 19 hvilz

192 1073 40 20 ken
247 1074 19 23 ej
282 1073 65 24 nägon
363 1073 35 24 säg
413 1073 50 20 eller
477 1079 65 14 annan
558 1074 105 19 industriel
678 1074 111 23 inrättning
804 1074 84 23 anlagts,
901 1073 53 20 blott

192 1101 221 20 kommunikationerna
428 1102 51 19 varit
495 1103 80 22 sädana,
592 1105 30 16 att
637 1103 25 18 de
677 1103 54 24 gjort
747 1103 34 18 det
795 1102 82 24 möjligt.

259 1130 59 19 Hvad
341 1130 149 19 affärsrörelsen
513 1131 101 26 beträffar,
638 1131 23 19 sä
683 1131 93 24 utgjorde
795 1131 61 24 enligt
871 1131 83 19 statisti-

193 1158 36 20 ska
244 1158 107 26 uppgifter,
367 1159 68 19 hvilka
451 1159 97 19 samlades
563 1160 31 19 till
610 1159 55 20 1885
681 1160 34 19 års
731 1159 95 24 landtdag
837 1159 37 20 och
889 1159 24 20 då
923 1159 30 19 in-

192 1187 102 20 lemnades
309 1187 32 19 till
361 1187 199 24 jernvägsutskottet,
575 1189 99 23 importen
689 1188 31 19 uti
735 1188 25 19 de
775 1188 121 23 kommuner,
913 1193 42 14 som

192 1215 53 24 ligga
267 1216 33 19 vid
323 1216 38 19 den
380 1215 25 20 dä
428 1215 113 25 föreslagna
559 1217 192 24 jernvägssträckan
770 1216 184 24 Pihlajavesi—Jy-

192 1244 193 24 väskylä—Kieppi,
410 1244 134 20 inberäknadt
570 1245 110 24 Jyväskylä
708 1245 56 20 stads
789 1245 166 23 handelsrörelse,

193 1271 114 26 5,110,428
331 1273 62 23 mark,
417 1275 96 22 exporten
536 1273 114 26 4,307,546
669 1280 26 14 m.
726 1274 73 19 Härtill
821 1274 88 19 kommer
925 1273 30 20 of-

192 1301 125 19 vananförda
339 1301 193 20 industrianstalters
554 1303 122 23 produktion
701 1303 92 23 omkring
808 1303 34 18 tvä
856 1303 99 24 miljoner,

192 1329 137 19 hvarförutom
352 1329 37 20 bör
405 1329 123 26 observeras,
548 1333 30 16 att
593 1331 38 19 den
646 1331 149 24 genomgäende
811 1330 144 20 trävarurörel-

192 1363 35 14 sen
243 1357 76 25 ärligen
336 1358 28 19 uti
379 1358 141 20 Keski-Suomi
542 1359 91 20 landsort
649 1360 63 24 enligt
727 1359 134 24 sakkunniges
877 1358 78 25 uppgif-

192 1388 31 18 ter
238 1386 127 25 gvarlemnar
379 1388 39 18 fem
433 1385 14 22 &
462 1393 35 13 sex
511 1388 91 24 miljoner
618 1388 61 20 mark.
711 1388 71 20 Redan
796 1388 59 24 länge
871 1388 36 19 har
920 1388 35 23 Jy-

191 1415 84 24 väskylä
290 1416 45 18 stad
354 1416 52 18 varit
427 1416 160 24 marknadsplats
602 1416 32 20 för
649 1417 134 19 Tavastlands
798 1417 37 19 och
851 1412 104 24 Österbot-

192 1444 43 18 tens
258 1444 111 23 produkter
392 1446 51 17 samt
465 1445 109 19 centralort
594 1445 32 19 för
647 1446 88 19 handeln
759 1446 29 18 uti
807 1447 29 18 ett
851 1446 52 18 stort
919 1449 35 14 an-

259 1481 186 22 Jernvägsutskottets
457 1483 111 17 betänkande
582 1485 34 15 N:o
628 1484 18 16 2.
