1048 1731
276 133 207 23 Petitionsbetänkande
499 133 33 23 N:o
548 133 19 23 3.
778 134 12 20 3

135 196 42 21 Det
192 198 24 19 är
231 197 155 26 otvifvelaktigt
405 203 25 14 en
447 197 161 26 angelägenhet,
627 197 64 20 hvars
706 197 45 26 vigt
761 197 58 26 inga-

68 231 66 20 lunda
156 231 32 21 fär
210 231 154 26 underskattas,
380 233 33 19 att
428 231 156 27 Lappmarken,
601 231 69 21 denna
684 231 7 20 i
707 231 43 21 alla
765 231 54 21 afse-

67 265 68 22 enden
158 266 64 21 minst
243 266 87 27 lyckligt
351 266 81 21 lottade
455 266 34 21 del
511 265 25 22 af
554 265 48 22 värt
616 266 57 25 land,
688 265 67 22 förses
771 265 48 22 med

67 299 79 22 sädana
168 300 211 25 kommunikationer,
402 300 72 21 hvilka
491 300 24 21 af
529 300 99 21 behofvet
644 300 109 21 derstädes
769 300 47 20 skä-

67 334 56 27 ligen
145 334 92 21 kräfvas.
267 335 144 20 Petitionären
428 335 39 20 har
483 335 55 21 dock
552 335 46 21 icke
615 335 45 26 nöjt
675 335 30 26 sig
721 335 48 20 med
786 335 33 20 att

68 369 7 20 i
89 369 117 21 allmänhet
226 369 56 21 fästa
305 369 128 21 Ständernas
455 369 189 26 uppmärksamhet
659 369 26 26 pä
701 369 68 20 denna
785 369 36 20 be-

67 403 143 22 aktansvärda
232 403 44 26 sak,
300 405 51 19 utan
371 403 130 22 framställer
516 404 31 20 uti
563 403 37 22 sitt
615 403 144 27 föreliggande
775 409 42 15 me-

68 438 76 21 morial
159 439 31 20 ett
205 438 86 26 specielt
306 437 101 28 förslag,
400 433 13 37 i
423 438 36 21 det
473 438 145 26 petitionären
633 437 98 22 förordar
741 444 26 14 en
778 437 43 21 viss

68 472 235 25 kommunikationsled,
326 479 26 14 en
376 473 101 26 landsväg
499 472 49 21 frän
570 472 77 21 Kittilä
669 472 96 27 kyrkoby
787 471 33 21 till

69 506 77 22 Enate.
176 506 42 22 För
241 506 118 22 Ständerna
381 507 52 21 eller
455 509 32 19 ett
510 507 62 21 deras
595 507 83 21 utskott
701 506 67 22 måste
785 507 36 21 det

69 541 118 21 emellertid
209 541 64 21 blifva
292 548 44 15 mer
352 543 27 19 än
394 541 105 27 vanskligt
515 543 33 19 att
563 542 80 26 afgöra,
659 541 104 21 huruvida
779 542 40 20 den

70 575 90 22 sålunda
175 575 120 27 föreslagna
309 578 66 24 vägen
391 576 200 26 öfverhufvudtaget
606 582 50 15 vore
667 576 92 26 behöflig
769 576 52 21 eller

70 610 7 20 i
93 610 23 20 sä
130 610 37 21 fall
189 610 90 21 framom
294 610 67 21 andra
375 610 100 27 möjligen
490 610 196 27 ifrägakommande
702 612 66 25 vägar
783 610 37 26 pä-

69 644 72 21 kallad
157 644 22 22 af
192 645 36 20 det
243 646 106 20 närmaste
365 645 105 26 behofvet,
487 647 56 19 samt
553 645 68 21 likasä
632 644 105 22 huruvida
747 644 74 21 trafik-

71 678 160 22 förhällandena
252 680 7 20 i
274 679 148 27 Lappmarken
437 680 110 26 verkligen
562 680 86 26 betinga
664 685 25 15 en
704 679 118 21 kommuni-

70 713 119 21 kationsled
211 714 22 21 af
254 714 35 20 det
311 714 51 26 slag,
385 714 143 26 petitionären
550 714 48 21 med
619 714 61 20 ordet
695 714 126 26 ,landsväg*

70 754 62 20 synes
148 748 73 26 åsyfta.
252 748 145 21 Bedömandet
412 748 23 21 af
448 748 55 21 slika
519 748 139 26 detaljfirägor
668 747 84 21 kräfver
762 748 58 20 klar-

71 781 55 27 ligen
142 788 26 14 en
183 788 145 21 noggrannare
339 782 119 21 kännedom
469 789 34 14 om
515 782 160 27 Lappmarkens
686 782 135 21 samfärdsel-

71 816 147 22 förhällanden
241 818 26 19 än
290 817 46 26 den,
359 816 85 22 hvilken
467 816 75 21 härvid
566 816 70 21 kunde
660 816 31 21 stä
707 818 32 18 att
754 815 66 27 tillgä,

72 852 54 19 samt
142 857 26 15 en
183 851 134 27 grundligare
333 851 158 27 undersökning
505 851 8 21 i
528 851 39 21 sak
583 852 25 19 än
626 851 46 26 den,
681 857 44 15 som
737 850 12 21 ä
760 850 62 22 Stän-

73 884 76 22 dernas
164 887 79 25 vägnar
259 886 112 26 lämpligen
387 885 70 21 kunde
473 885 134 21 verkställas.

140 919 108 21 Ehuruväl
264 920 104 20 utskottet
383 918 89 22 sålunda
487 920 96 20 betviflat
598 920 32 20 att
646 919 177 27 petitionsförsla-

73 955 35 25 get
123 954 7 20 i
145 954 69 21 denna
229 955 48 20 dess
292 954 91 27 speciala
398 953 55 22 form
468 961 50 14 vore
536 954 78 27 egnadt
630 955 32 20 att
672 954 22 21 af
703 954 120 21 Ständerna

72 990 97 19 närmare
191 989 136 26 handläggas,
351 989 39 20 har
407 988 113 22 Utskottet
536 989 55 20 dock
606 990 70 19 ansett
691 989 31 26 sig
736 988 87 26 förplig-

72 1022 46 21 tadt
140 1024 33 19 att
195 1023 123 21 införskaffa
339 1023 42 20 alla
403 1023 26 20 de
452 1023 159 26 upplysningar,
628 1029 44 14 som
689 1023 32 20 till
736 1022 87 27 frägans

72 1057 118 21 utredande
205 1057 99 27 möjligen
319 1057 52 21 stätt
387 1058 32 19 att
434 1057 85 26 vinnas;
540 1057 40 21 och
596 1057 40 20 har
651 1056 109 21 Utskottet
776 1057 46 20 der-

72 1091 35 20 vid
121 1091 116 21 inhemtat:
256 1091 32 22 De
304 1093 63 23 orter,
383 1091 78 21 mellan
476 1091 73 22 hvilka
565 1091 66 27 enligt
646 1091 178 27 petitionsförsla-

71 1126 36 26 get
129 1125 129 27 landsvägen
275 1126 84 21 komme
377 1127 33 20 att
425 1126 84 26 dragas,
526 1126 158 21 kommunicera
697 1126 78 26 jemväl
790 1125 34 21 för

75 1160 133 21 närvarande
223 1161 48 20 med
286 1161 120 20 hvarandra
416 1161 80 21 medels
508 1167 26 14 en
544 1160 82 21 mindre
638 1161 39 25 väg
687 1160 52 21 eller
750 1159 73 27 späng,

72 1193 40 21 den
127 1195 122 20 nuvarande
265 1196 115 25 postvägen
396 1195 31 20 till
443 1195 78 25 Enare,
539 1194 91 26 hvilken,
642 1194 89 21 ledande
743 1194 6 20 i
760 1199 64 21 unge-

72 1227 90 27 färligen
184 1229 117 26 nordostlig
323 1229 94 26 riktning
436 1229 47 21 frän
499 1229 77 20 Kittilä
591 1228 96 27 kyrkoby
703 1230 60 23 samt,
780 1229 45 20 sär-

73 1261 56 22 deles
145 1263 67 21 under
227 1264 26 20 de
268 1263 67 21 första
351 1263 41 21 fem
407 1263 70 26 milen,
495 1263 150 21 beskrifvande
656 1262 107 27 ätskilliga
774 1262 51 26 bug-

72 1298 40 24 ter,
135 1296 125 22 föranledda
283 1297 22 21 af
325 1297 257 27 terrängförhällandena,
608 1297 27 26 pä
650 1297 88 26 ungefär
753 1296 72 21 tionde

73 1330 65 21 milen
160 1331 47 21 frän
229 1332 76 21 Kittilä
327 1331 83 27 uppnär
433 1332 59 21 Ivalo
512 1331 30 22 elf
555 1331 36 21 vid
606 1337 26 15 en
648 1331 96 26 omkring
761 1332 11 19 5
788 1331 37 21 mil

73 1367 105 19 vesterom
201 1366 88 21 Kultala
310 1366 108 21 vaskerier
441 1366 89 27 belägen
552 1365 69 27 punkt
644 1365 22 21 af
687 1366 68 21 denna
770 1366 57 20 samt

72 1400 48 21 från
142 1406 64 15 norra
227 1401 102 20 stranden
351 1400 22 21 af
394 1400 69 22 elfven
486 1400 83 27 fortgår
584 1400 33 20 till
632 1400 139 26 Paddarjärvi
787 1399 38 27 sjö,

75 1434 38 21 der
128 1436 68 25 vägen
218 1434 83 27 upphör
319 1434 48 21 med
383 1434 100 22 afseende
499 1434 14 21 å
528 1434 128 26 vidtagande
672 1434 154 21 vattenförbin-

75 1469 57 21 delse
156 1469 32 21 till
208 1469 123 21 Leutolahti
345 1469 7 21 i
367 1469 90 21 nordost
472 1469 96 21 härifrån
584 1468 109 27 befintliga
707 1468 64 27 insjö;
787 1468 40 21 och

143 1508 102 18 Allmänna
258 1508 179 18 Besvärsutskottets
449 1508 118 19 betänkande
580 1510 34 16 N:o
629 1508 17 18 1.
