1048 1731
290 132 241 23 Petitionsbetänkande
548 134 34 21 N:o
599 133 18 23 7.
791 134 13 20 5

82 196 79 21 bereda
186 196 31 21 sin
242 196 90 26 ungdom
355 195 130 22 folkskolans
509 196 97 21 fördelar.
638 196 109 21 Utskottet
768 196 68 21 skulle

79 236 50 15 anse
149 230 35 21 det
198 229 99 22 innebära
313 231 30 20 ett
359 229 177 28 tillbakagäende,
560 236 33 15 om
610 230 35 21 det
659 230 47 21 icke
721 231 60 26 gäfve
796 237 38 14 un-

80 264 86 22 derstöd
188 265 22 20 ät
225 264 40 21 den
280 264 64 21 tanke
359 264 204 27 petitionsförslaget
578 264 36 21 vill
629 264 102 27 befrämja
747 266 39 21 och
802 267 33 19 ut-

80 299 80 21 skottet
182 301 38 24 gör
242 298 35 21 det
300 299 68 20 denna
383 299 56 26 gäng
454 299 48 20 med
517 300 87 20 säkrare
619 299 111 21 förväntan
745 301 27 19 än
788 299 47 21 tidi-

79 339 51 20 gare
152 339 34 15 om
202 334 31 20 att
248 332 59 21 äfven
323 333 119 21 Ständerna
457 333 60 21 skola
532 333 81 21 skänka
629 333 68 21 denna
712 333 66 22 tanke
793 333 41 21 för-

80 367 53 27 tjent
148 367 63 21 bifall.

149 401 68 21 Sedan
233 401 68 21 denna
316 401 59 26 fräga
389 408 34 15 om
439 401 224 22 landskommunernas
673 401 120 28 skyldighet
802 403 32 19 att

80 435 79 21 inrätta
174 435 39 21 och
228 435 124 22 underhälla
367 435 106 22 folkskola
488 438 72 19 senast
575 436 47 21 stod
638 436 66 21 under
715 435 74 22 debatt
799 435 35 21 vid

80 469 134 26 landtdagen,
238 469 61 22 hafva
324 470 105 27 nämligen
451 470 265 21 folkskoleförhällandena
738 470 39 21 hos
799 475 34 16 oss

80 503 107 22 utvecklat
208 504 31 26 sig
261 505 26 26 pä
310 506 30 20 ett
356 506 48 24 sätt,
425 511 45 15 som
486 511 62 21 synes
564 504 170 28 ovedersägligen
750 505 61 26 lägga
827 503 6 21 i

80 538 74 26 dagen,
170 540 31 19 att
217 538 58 22 äfven
292 538 157 27 lagstiftningen
465 539 91 21 rörande
571 539 118 21 folkskolan
703 539 40 21 bör
754 538 79 22 erhälla

80 577 26 16 en
122 572 149 27 modifikation,
295 579 52 21 resp.
365 573 121 27 utveckling
505 574 2 20 i
523 580 81 14 samma
619 573 92 27 riktning
725 580 46 14 som
787 572 46 22 fler-

80 606 52 21 talet
152 606 144 22 kulturländer
311 607 39 21 och
366 610 94 18 närmast
475 608 52 21 vära
542 608 161 20 skandinaviska
719 607 112 27 grannfolk

80 640 60 22 aktat
162 642 72 26 nödigt
256 644 32 18 att
310 642 59 20 inslä.
399 642 51 21 Dels
474 648 62 21 synas
560 642 24 20 de
600 642 168 26 betänkligheter
783 647 49 15 man

79 674 90 27 tidigare
191 676 77 21 uttalat
287 678 55 19 emot
357 676 219 27 petitionsförslagens
592 676 108 26 praktiska
715 675 118 27 genomför-

79 708 75 22 barhet
169 710 45 20 icke
230 716 57 15 mera
303 710 50 21 böra
369 710 72 21 kunna
456 710 86 21 komma
556 710 8 20 i
582 710 64 26 fräga,
671 710 44 21 dels
731 710 61 21 hafva
808 709 25 21 de

78 742 125 22 tvifvelsmä]
225 750 48 15 man
295 746 66 25 yttrat
385 751 33 14 om
442 744 155 26 behöfligheten
618 744 22 21 af
659 744 39 21 den
713 744 120 26 föreslagna

78 777 105 21 reformen
205 778 85 26 gäckats
313 778 22 21 af
353 778 154 22 erfarenheten.
539 778 91 28 Specielt
646 779 58 21 detta
719 784 74 16 senare
809 780 24 19 är

78 813 32 19 att
132 812 84 21 beakta.
246 812 29 27 Ty
297 813 34 21 det
351 812 198 27 hufvudargument,
566 813 79 27 hvarpä
660 812 115 27 förslagens
791 812 41 21 för-

78 846 102 21 kastande
196 846 83 28 bygdes,
297 854 35 14 var
347 847 176 27 förhoppningen,
540 849 32 19 att
582 847 117 21 folkskolan
711 846 60 22 äfven
780 848 51 20 utan

78 881 152 21 statsmaktens
242 881 122 27 ingripande
381 881 74 27 skulle,
473 894 25 2 —
516 882 49 20 tack
580 888 49 14 vare
644 881 76 21 folkets
736 880 95 22 växande

78 914 174 27 bildningsbehof,
262 928 25 2 —
297 915 54 21 bana
367 916 31 26 sig
414 918 40 24 väg
465 916 31 20 till
507 916 73 26 hvarje
591 916 98 20 kommun
700 916 6 20 i
718 916 46 20 värt
774 914 57 22 land.

145 949 65 22 Detta
225 950 56 27 hopp
297 950 38 21 har
349 950 46 21 icke
411 951 47 26 gätt
473 950 133 27 fullständigt
621 950 7 21 i
643 950 125 21 fullbordan.

145 983 47 22 Den
215 1001 4 7 ,
220 984 125 24 Berättelse
369 991 33 14 om
426 984 217 21 folkskoleväsendets
666 984 6 20 i
694 984 90 21 Finland
800 985 31 19 ut-

77 1017 95 27 veckling
192 1019 65 20 under
273 1019 94 20 läseären
385 1019 163 26 1865—1886*,
564 1018 84 21 hvilken
664 1013 166 32 Öfverstyrelsen

76 1051 32 22 för
123 1051 148 22 skolväsendet
286 1053 82 26 nyligen
384 1052 91 27 utgifvit,
492 1053 117 21 innehäller
624 1052 120 26 visserligen
755 1053 76 25 mänga

75 1085 58 22 bevis
155 1087 27 25 pä
203 1093 24 14 en
244 1087 76 26 kraftig
336 1087 126 26 utveckling.
493 1087 10 21 I
519 1087 59 21 detta
594 1086 98 21 afseende
707 1087 34 20 mä
757 1086 76 21 endast

75 1119 129 27 framhällas,
220 1123 31 19 att
267 1122 123 20 kommuner
406 1121 49 21 med
471 1121 117 21 folkskolor
598 1127 61 15 voro:
674 1121 91 20 läseäret
778 1121 54 20 1870

78 1155 79 20 —1871
182 1155 34 25 92,
238 1155 90 22 läseäret
353 1157 52 20 1875
414 1156 51 21 —76
490 1156 50 25 178,
556 1155 90 21 läseäret
663 1155 111 21 1881—82
791 1155 42 20 284

76 1189 39 21 och
130 1189 91 21 läseäret
238 1190 109 21 1885—86
364 1190 52 21 355;
433 1192 33 19 att
482 1190 66 21 under
563 1196 80 14 samma
658 1189 68 21 läseär
740 1188 93 21 folksko-

74 1223 72 21 lornas
162 1223 58 21 anta]
235 1230 37 15 var
286 1230 54 21 resp.
359 1225 46 24 152,
421 1225 50 25 285,
488 1225 41 20 496
546 1226 54 19 samt
616 1225 39 20 667
673 1223 38 22 och
727 1222 106 21 elevanta-

75 1257 30 21 let
113 1263 53 21 resp.
176 1258 69 26 6,131,
263 1259 79 26 11,421,
355 1259 76 25 18,325
441 1258 41 21 och
490 1259 84 25 24,305.
586 1257 48 22 Men
642 1258 67 21 denna
717 1257 114 21 berättelse

74 1291 128 27 framlägger
224 1292 60 21 äfven
307 1292 188 21 sakförhällanden
519 1292 21 21 af
562 1292 80 21 mindre
664 1291 111 27 glädjande
792 1292 37 19 art.

74 1325 110 22 Utskottet
200 1326 78 27 äsyftar
293 1329 94 19 närmast
402 1326 136 27 uppgifterna
554 1333 34 14 om
604 1327 26 20 de
645 1327 129 24 kommuner,
786 1331 46 15 som

76 1360 34 21 vid
127 1360 54 22 1886
202 1361 34 21 ärs
251 1361 77 27 utgäng
345 1363 56 19 ännu
417 1361 48 21 icke
481 1361 90 27 vidtagit
586 1361 68 26 nägon
670 1367 44 15 som
730 1359 55 22 helst
801 1360 31 20 ät-

73 1394 52 26 gärd
148 1394 32 22 till
196 1395 119 21 inrättande
331 1395 21 21 af
365 1395 115 21 folkskola.
511 1396 67 20 Deras
594 1395 56 21 antal
666 1402 37 14 var
717 1395 47 21 icke
779 1394 52 21 min-

74 1428 36 22 dre
132 1430 26 20 än
180 1430 27 20 93
223 1429 38 21 och
277 1430 26 20 de
319 1429 155 27 förändringar,
491 1436 45 14 som
552 1430 67 20 under
634 1430 23 20 är
674 1430 53 20 1887
742 1428 89 21 inträdt.

73 1464 37 20 äro
126 1462 46 22 icke
188 1463 22 21 af
224 1464 39 20 den
279 1464 114 27 betydelse,
410 1466 33 19 att
459 1464 26 20 de
500 1463 7 21 i
521 1464 65 26 nägot
603 1463 111 27 väsentligt
732 1462 99 22 afseende

142 1502 102 18 Allmänna
257 1503 177 17 Besvärsutskottets
449 1503 115 17 betänkande
577 1505 36 15 N:o
626 1503 16 17 5.
