1048 1731
223 140 27 20 94
426 139 208 24 Petitionsbetänkande
650 139 35 23 N:o
701 138 12 23 1.

194 202 80 21 tanken
296 201 28 27 pä
347 203 32 20 att
401 201 48 22 från
464 201 66 22 finskt
545 201 44 22 håll
605 202 53 21 söka
672 201 112 28 påskynda
799 201 154 22 realiserandet

194 235 24 21 af
232 235 145 22 förbindelsen
392 236 48 21 med
456 236 103 21 Atlanten
575 235 60 22 öfver
649 242 65 15 norra
729 235 87 28 Sverige
831 236 40 21 och
880 236 72 27 Norge

194 270 75 21 vunnit
283 269 8 21 i
306 270 116 27 betydelse.
453 271 43 20 Det
510 271 43 20 kan
568 270 47 21 icke
631 277 88 14 numera
733 276 52 15 vara
800 270 103 27 likgiltigt
919 269 33 22 för

194 304 79 26 landet,
290 310 34 15 om
341 305 69 20 denna
424 304 131 21 förbindelse
570 305 50 20 sker
635 304 44 21 förr
695 304 52 21 eller
763 310 85 20 senare;
859 305 93 20 tvärtom

195 344 62 21 synes
280 339 123 26 öppnandet
425 339 24 20 af
471 339 70 21 denna
562 338 249 22 kommunikationslinie
833 339 48 21 med
903 338 48 21 dess

195 373 95 27 ständigt
305 372 62 22 isfria
381 373 65 21 hamn
461 373 36 21 vid
513 373 78 22 Ofoten
606 373 67 21 blifva
689 373 33 21 för
737 373 84 21 landets
836 373 49 21 hela
900 373 51 20 eko-

195 407 58 21 nomi
269 407 24 21 af
305 407 46 22 vidt
367 407 119 22 omfattade
501 407 116 28 betydelse.
636 407 43 21 Det
693 408 43 20 kan
751 407 75 21 dervid
836 406 115 29 ingalunda

195 441 97 26 förbises,
315 443 32 20 att
369 441 7 21 i
394 441 102 22 händelse
511 442 71 21 banan
597 441 222 28 Uleäborg—Torneä
833 441 118 22 utsträckte

194 475 48 22 värt
262 475 140 28 jernvägsnät
424 476 32 21 till
479 476 137 27 riksgränsen
639 477 46 20 mot
700 475 93 28 Sverige,
810 478 31 19 ett
856 475 95 28 stegradt

195 510 128 27 varuutbyte
337 510 171 28 grannländerna
523 510 91 21 emellan
630 510 63 21 deraf
706 510 71 21 blefve
793 516 25 15 en
827 510 124 28 obestridlig

196 544 59 27 följd,
271 544 87 21 hvilken
373 544 14 22 &
401 544 33 22 sin
450 544 47 22 sida
512 544 159 28 otvifvelaktigt
686 544 85 22 komme
787 546 32 20 att
833 544 47 22 icke
895 544 56 22 blott

195 578 112 28 päskynda
322 579 41 21 den
378 579 148 21 Norrländska
541 579 81 21 banans
638 578 139 28 fortsättning
787 580 45 20 mot
839 585 50 15 norr
898 580 53 20 utan

196 613 39 21 ock
250 613 7 20 i
273 612 79 22 Ofoten
366 613 82 21 banans
464 613 39 21 och
519 614 48 20 dess
582 613 75 27 bolags
672 613 92 21 intresse
779 613 58 21 inom
851 613 48 21 kort
914 612 37 28 pä-

195 647 59 21 kalla
269 647 41 21 den
326 647 116 21 förenande
457 648 51 20 länk
523 648 91 20 emellan
629 648 100 26 bolagets
743 648 56 20 bana
814 647 39 22 och
861 647 90 26 Torneä,

194 681 88 21 hvilken
295 682 51 20 länk
357 681 34 22 för
403 682 48 21 värt
457 682 138 27 jernvägsnät
603 682 40 22 och
651 682 38 21 vär
697 682 116 21 utländska
820 682 77 21 handel
904 681 47 21 vin-

195 716 66 20 tertid
283 722 51 15 vore
356 716 24 21 af
401 716 24 22 sä
440 718 45 20 stor
499 716 116 27 betydelse.
631 728 29 3 —
675 716 40 21 Att
730 716 41 21 den
785 716 73 28 utsigt,
874 715 78 22 Ofoten

195 750 70 21 banan
281 750 54 28 ägde
350 750 33 22 till
399 757 25 15 en
439 751 96 27 betydlig
550 751 160 27 genomgäende
725 750 64 22 trafik
804 750 28 27 pä
839 750 111 28 Ryssland,

196 784 69 21 skulle
279 784 91 28 bidraga
385 785 33 21 till
433 787 31 19 ett
480 787 59 19 snart
554 785 133 27 anläggande
703 784 24 22 af
739 785 94 21 nämnda
846 790 106 16 samman-

195 818 178 28 bindningsbana,
397 821 24 19 är
439 820 64 27 högst
518 820 114 25 sannolikt,
649 819 92 21 likasom
757 818 62 22 äfven
835 821 32 19 att
882 819 70 21 denna

196 852 64 22 trafik
275 853 71 21 blefve
361 854 158 27 vinstgifvande
535 853 33 22 för
583 854 51 21 vära
647 854 121 26 jernvägar.

265 887 42 21 För
322 887 89 28 äsigten,
428 890 32 19 att
475 888 76 27 frägan
566 894 34 15 om
616 894 27 14 en
658 888 57 20 bana
730 887 33 21 till
779 887 82 21 Torneä
871 887 18 27 ej
900 893 51 15 vore

196 921 24 21 af
240 922 136 21 brådskande
398 922 152 26 beskaffenhet,
573 922 40 21 har
628 922 131 21 framhållits
775 922 40 21 den
831 921 120 27 osäkerhet,

197 962 45 15 som
264 956 28 27 på
314 957 69 27 grund
402 957 23 21 af
439 957 26 21 de
479 957 78 27 många
572 957 121 21 hvarandra
708 956 139 27 motsägande
862 956 90 27 ryktena

197 990 109 27 angående
328 990 110 22 Gellivara
452 991 97 28 bolagets
564 991 96 21 soliditet
675 997 51 15 vore
742 992 33 19 att
789 990 92 21 tillmäta
895 990 57 21 utfö-

197 1025 75 20 randet
287 1025 25 20 af
325 1031 26 15 en
367 1025 216 22 Gellivara—Ofoten
598 1025 56 22 bana
666 1025 68 21 under
741 1026 108 20 närmaste
857 1024 94 21 framtid.

197 1058 178 23 Undertecknade
390 1059 64 22 hafva
469 1060 84 21 derföre
568 1061 49 20 sökt
632 1060 28 27 på
675 1059 85 22 enskild
774 1061 41 26 väg
825 1059 64 21 vinna
897 1065 55 21 upp-

197 1093 66 26 gifter
277 1094 111 27 angående
404 1095 59 20 detta
478 1095 74 26 bolags
567 1094 144 21 verksamhet.
742 1093 92 22 Medelst
848 1093 104 28 telegram

197 1127 47 21 från
259 1127 67 22 Luleå
341 1128 39 21 har
396 1129 96 21 erhållits
507 1128 93 28 följande
615 1128 158 21 underrättelse
787 1128 90 21 rörande
892 1127 61 22 arbe-

197 1164 50 19 tena
269 1162 13 21 å
297 1162 77 21 banan.
392 1175 25 2 —
434 1163 203 26 Malmtransporten
652 1162 48 21 från
715 1162 109 21 Gellivara
838 1162 34 21 till
886 1161 67 22 Luleå

197 1197 23 20 är
243 1197 82 27 börjad,
349 1197 67 21 ehuru
435 1197 81 22 banans
532 1197 111 28 öppnande
659 1197 34 21 för
708 1196 80 21 allmän
803 1195 64 22 trafik
881 1196 19 27 ej
915 1196 38 27 på-

197 1231 78 20 räknas
291 1231 72 21 förrän
378 1231 36 22 vid
430 1231 57 22 årets
502 1231 48 22 slut.
580 1231 57 22 Från
653 1231 110 21 Gellivara
777 1230 100 28 påbörjas
892 1230 61 21 arbe-

197 1267 32 18 tet
250 1265 7 20 i
280 1265 24 21 år
327 1265 39 22 och
382 1268 45 19 tros
443 1265 181 28 skenläggningen
638 1265 68 21 hinna
721 1267 53 19 nära
788 1264 83 22 Torneå
885 1264 67 21 träsk.

197 1299 30 20 På
242 1300 79 20 norska
337 1299 61 21 sidan
413 1300 40 21 har
467 1301 137 20 terrasserats
615 1300 27 27 2/,
651 1299 23 21 af
680 1299 201 27 bansträckningen.
897 1298 56 21 Hela

197 1333 70 21 banan
283 1333 175 22 Ofoten—Luleä
472 1336 45 19 tros
532 1333 68 22 blifva
615 1334 70 27 färdig
701 1340 36 15 om
752 1333 47 27 fyra
814 1333 31 21 är.
861 1345 27 2 —
898 1333 56 27 Läg-

196 1374 38 21 ges
249 1367 80 28 härtill,
346 1370 33 20 att
393 1369 82 21 banans
489 1369 49 20 hela
554 1369 64 27 längd
633 1370 64 26 utgör
716 1368 98 27 omkring
824 1368 27 21 45
863 1367 91 21 svenska

196 1403 45 26 mil,
257 1402 78 22 hvaraf
347 1403 29 27 pä
391 1403 41 21 den
446 1403 66 21 redan
528 1402 105 22 slutförda
648 1402 113 22 sektionen
775 1401 180 23 Gellivara—Lu-

197 1437 34 21 leä
245 1437 87 21 komma
349 1438 24 20 19
390 1437 43 27 mil,
449 1437 28 27 pä
493 1437 110 21 sektionen
618 1437 263 21 Gellivara--Luosavara
896 1438 10 19 9
916 1435 38 22 mil

198 1474 55 18 samt
268 1472 27 26 pä
310 1471 230 22 Luosavara—Ofoten
556 1472 98 27 omkring
671 1473 26 20 17
711 1471 45 27 mil,
773 1476 62 22 synes
845 1470 38 22 allt
895 1470 60 21 detta

267 1513 180 21 Jorurvänsutskotlets
461 1513 111 16 betänkande
584 1514 34 15 N:o
631 1512 17 17 2.
