1048 1731
220 145 26 20 68
411 143 241 24 Petitionsbetänkande
669 143 36 24 N:o
721 143 12 23 I.

192 201 21 20 af
233 201 201 26 kommunikationer,
457 201 75 20 medels
548 201 66 20 hvilka
630 201 34 20 det
678 201 61 25 ryska
754 201 68 25 mjölet
837 202 50 20 hade
903 201 50 21 kun-

192 233 35 17 nat
249 229 73 21 forslas
343 230 29 19 till
388 230 58 20 dessa
461 230 71 24 nejder
547 231 51 18 trots
614 230 89 20 vinterns
718 231 63 24 tidiga
795 230 82 25 inbrott,
892 231 61 24 något

193 265 42 14 som
258 259 37 19 här
317 259 7 18 i
347 259 58 20 dessa
421 259 92 24 nordliga
529 259 87 24 byggder
632 259 36 19 alls
683 259 45 20 icke
744 261 23 18 är
782 259 93 24 ovanligt.
905 260 48 20 Man

193 288 57 19 torde
273 287 68 20 kunna
363 289 54 23 säga,
435 289 30 18 att
479 293 75 14 samma
568 287 173 20 missförhållande
756 287 101 21 förefanns
873 287 58 21 äfven
946 289 7 18 i

192 317 71 24 många
285 317 63 19 andra
370 317 77 19 trakter
469 316 22 20 af
511 316 45 20 vårt
577 317 54 23 land,
654 322 42 14 som
711 317 52 19 dock
779 323 80 14 numera
874 316 80 21 erhållit

193 345 94 24 tidsenlig
309 345 37 20 och
365 345 82 25 begväm
462 345 177 20 kommunikation.
671 345 103 20 Omtalade
789 345 90 20 landsdel
895 348 58 21 tynar

193 374 37 20 och
253 374 65 19 tvinar
333 379 42 14 som
391 379 24 14 en
431 374 96 24 dödssjuk
542 374 7 19 i
565 374 50 19 brist
629 374 27 24 på
671 373 173 24 samfärdsmedel;
858 374 93 25 jordbru-

193 403 34 19 ket
250 403 38 19 och
310 403 179 24 boskapsskötseln
511 403 69 24 intaga
602 408 23 14 cn
642 403 31 24 låg
689 403 122 24 ståndpunkt
827 403 36 20 och
878 403 73 26 kunna,

194 431 61 20 ehuru
270 431 185 24 ladugårdsskötsel
471 431 36 20 och
523 431 95 24 höodling
633 432 83 19 oaktadt
731 432 24 19 de
772 432 67 19 oblida
853 431 98 20 naturför-

193 460 105 20 hållanden
321 460 60 19 hafva
402 460 105 19 framtiden
530 460 32 19 för
591 461 35 23 sig,
651 461 52 19 dock
718 461 45 19 ieke
778 461 47 24 höja
840 461 29 24 sig
884 467 23 13 ur
923 461 30 19 sin

194 489 61 26 linda,
278 489 83 20 emedan
381 489 254 25 jordbruksprodukterna,
652 494 29 14 om
698 489 24 19 de
738 490 121 24 produceras
876 489 77 21 utöfver

192 518 105 24 husbehof,
320 518 44 20 icke
387 518 53 20 finna
462 518 108 20 afnämare.
600 518 98 20 Traktens
721 518 52 20 enda
794 518 115 20 handelsort
931 521 22 17 är

194 546 101 24 Uleäborg
319 547 36 20 och
378 547 35 19 der
436 549 48 21 göra
506 547 168 20 handelsmännen
697 547 60 24 ligvid
779 547 70 19 endast
863 553 24 14 en
902 548 51 24 gäng

195 581 31 13 om
249 576 51 23 äret,
323 578 29 17 ett
374 575 179 27 missförhällande,
576 581 42 14 som
634 576 57 19 äfven
707 581 35 14 var
757 576 62 20 kändt
834 576 7 19 i
857 576 96 20 Savolaks

194 604 38 20 och
247 604 7 19 i
269 610 24 13 en
309 604 33 20 del
357 604 22 20 af
392 604 87 20 Karelen
495 604 24 20 de
535 604 58 24 tider,
610 604 25 20 dä
650 606 74 18 smöret
739 604 87 20 derifrän
842 605 65 19 säldes
919 610 34 14 en-

194 633 36 24 ligt
253 633 83 19 svenskt
350 634 49 19 mätt
415 634 36 19 och
466 634 48 24 pris.
546 633 30 19 Dä
590 634 34 23 jag
638 636 82 17 nämner
735 634 62 23 detta,
812 634 34 19 vill
859 634 34 24 jag
909 634 44 18 der-

194 662 45 19 med
261 662 46 19 icke
329 662 85 20 klandra
437 662 24 20 de
484 662 139 24 Uleäborgska
638 662 175 26 handelsmännen,
832 664 47 18 utan
895 668 58 14 anser

194 693 92 21 tvärtom,
310 693 30 17 att
362 691 67 25 dylika
451 691 95 19 abuorma
564 690 138 20 förhållanden
719 691 56 19 alltid
790 691 62 20 måste
867 691 85 25 inträda,

194 720 25 19 då
235 720 38 19 den
289 720 38 20 fria
341 720 151 19 konkurrensen
508 720 78 20 saknas.
613 720 74 20 Derför
701 720 62 19 beder
776 720 34 24 jag
825 720 31 19 för
871 720 34 19 det
919 720 33 19 he-

194 749 98 19 dervärda
308 749 79 20 ständet
402 748 21 20 fä
437 748 81 24 föreslä,

401 825 32 18 att
455 824 143 26 Regeringen
614 824 131 19 omedelbart
760 824 65 19 mätte
840 824 46 20 läta
900 830 52 20 nog-

333 854 68 24 grant
423 852 124 20 undersöka
570 852 40 20 den
635 852 175 27 ifrägavarande
831 852 122 26 jernvägs-

333 882 159 26 sträckningen
503 882 57 19 samt
570 881 119 27 förelägga
699 881 254 20 nästsammanträdande

333 910 95 20 Ständer
443 910 76 26 Nädig
530 910 132 26 proposition
677 910 82 20 härom.

402 945 107 20 Anhälles
523 951 33 13 om
564 945 253 26 petitionsmemorialets
826 944 81 21 remiss
916 944 36 20 till

334 974 148 26 vederbörligt
497 974 87 19 utskott.

265 1048 131 26 Helsingfors,
412 1049 38 19 den
466 1048 25 19 31
507 1049 84 19 Januari
608 1048 62 21 1888.

634 1133 64 22 Heikki
715 1133 101 24 Tikkanen,

519 1184 143 23 Representant
674 1183 30 19 för
716 1183 104 18 Idensalmi
833 1183 97 24 domsaga.

384 1518 71 8 KOSTEN

263 1518 192 24 Jernvägsuwvönosvörs
469 1520 9 16 i
