1048 1731
291 122 70 22 Ständ.
378 123 51 20 Mot.
445 134 26 3 —
488 122 131 22 Motionsbet.
635 123 34 21 N:o
684 122 32 21 15.
856 129 13 14 5

140 186 28 26 pä
191 186 70 26 grund
277 185 24 21 af
318 184 142 22 härförinnan
484 185 129 21 meddelade
636 185 123 27 privilegier
777 185 55 21 varit
847 185 48 21 frän

138 220 130 27 erläggande
283 220 26 21 af
323 220 160 27 tingsgästning
499 219 137 22 frikallade.'*
661 220 105 21 Deremot
781 219 115 22 omförmä-

138 255 31 21 les
184 255 252 26 bergstingsgästningen
450 254 40 21 alls
507 254 47 21 icke
566 255 32 20 uti
609 255 143 26 nyssberörda
763 254 132 27 förordning,

138 289 86 22 hvilken
240 289 91 21 sälunda
346 289 69 27 angär
431 290 76 20 endast
524 289 307 27 spanmälstingsgästningen.

206 324 29 21 Pä
258 325 44 20 sätt
317 324 24 21 af
353 325 37 20 det
408 323 133 27 föregäende
564 323 102 28 framgär,
689 323 44 21 kan
757 330 47 14 man
829 323 65 22 likväl

138 359 49 21 med
203 358 46 21 skäl
265 358 134 27 ifrägasätta,
423 358 108 21 huruvida
550 358 26 21 de
594 357 71 22 finska
681 357 159 28 bruksegarene
856 365 38 14 nu-

139 400 59 15 mera
212 393 36 20 mä
263 399 62 14 anses
341 399 52 14 vara
408 393 90 20 bundna
513 392 25 22 af
553 393 55 21 1798
622 393 34 20 års
672 392 223 25 öfverenskommelse,

138 427 67 27 enligt
220 427 86 21 hvilken
322 427 154 26 förordningen
492 427 25 21 af
530 428 42 20 den
588 427 27 21 22
632 427 57 21 Mars
706 428 55 21 1854
777 426 118 21 fastställer

138 462 261 27 bergstingsgästningens
421 461 87 28 beiopp.
539 462 44 21 För
606 464 32 19 att
657 461 131 27 tillmötesgå
802 461 92 21 fordrin-

137 503 67 20 garne
224 497 29 27 pä
267 497 90 21 rättvisa
373 497 40 21 och
429 496 99 28 billighet
543 503 63 21 synes
622 497 36 20 det
674 496 85 21 derföre
774 503 52 14 vara
841 495 53 21 nöd-

138 531 95 27 vändigt,
255 534 32 18 att
309 532 109 26 antingen,
442 532 29 26 pä
494 533 44 19 sätt
563 532 53 21 1867
640 532 34 20 ärs
697 531 89 21 ständer
803 530 90 25 beslöto,

138 566 74 26 återgå
236 566 32 20 till
291 566 163 26 bestämningen
478 566 7 20 i
507 566 78 26 Kongl.
602 565 85 21 Brefvet
705 566 25 20 af
749 566 42 20 den
806 565 27 21 21
850 564 42 27 Maj

140 600 60 26 1744,
216 600 52 21 eller
279 600 39 21 ock
329 600 111 28 upphäfva
452 600 250 28 bergstingsgästningen
714 599 41 21 och
765 600 45 20 läta
821 598 66 22 bruks

138 641 91 19 egarene
253 634 87 28 erlägga
361 635 190 27 tingsgästningen
575 635 31 21 uti
626 634 120 28 spanmäli
761 634 68 21 likhet
845 634 49 20 med

138 669 67 27 öfrige
230 669 221 28 betalningsskyldige
467 670 24 21 af
505 670 117 21 enahanda
637 669 105 27 kategori.
772 668 34 21 Då
821 668 72 21 likfor-

138 703 81 27 mighet
237 704 7 20 i
259 704 166 27 beskattningen
449 705 25 20 är
497 703 224 26 eftersträfvansvärd,
744 703 65 21 hafva
831 702 62 21 Stän-

138 738 67 21 derna
227 740 72 19 ansett
315 740 36 19 det
365 745 77 15 senare
458 738 142 22 alternativet
615 745 52 14 vara
685 740 32 19 att
733 738 120 26 föredraga,
869 736 25 21 sä

137 772 85 28 mycket
237 772 73 26 hellre,
321 780 44 14 som
376 774 26 20 de
413 773 93 27 tidigare
517 772 117 22 faststälda
644 772 123 28 grunderna
778 771 33 21 för
822 771 72 27 bergs-

138 806 197 28 tingsgästningens
354 808 131 26 erläggande
501 808 48 21 icke
564 808 74 21 vidare
654 808 36 20 äro
709 806 136 28 tillämpliga,
861 812 33 15 se-

138 842 43 20 dan
197 842 35 21 vid
247 842 50 21 flere
311 842 105 28 jernoruk
432 842 27 21 de
476 842 63 22 forna
557 842 240 28 stängjernshamrarne
815 842 79 20 ersatts

138 876 49 21 med
210 876 105 22 valsverk.
344 876 97 22 Emedan
460 876 86 22 likvisst
561 878 26 20 de
603 876 202 26 häradshöfdingar,
820 874 74 22 hvilka

137 910 33 21 för
186 912 133 20 närvarande
335 911 100 27 uppbära
450 911 233 27 bergstingsgästning,
699 916 77 21 genom
787 916 27 14 en
825 909 69 21 sädan

136 945 125 28 förändring
277 945 73 22 kunna
365 946 66 21 blifva
446 946 7 21 i
470 947 72 26 nägon
558 946 50 21 män
623 945 92 26 lidande,
732 945 41 21 och
784 945 28 20 dä
822 943 31 21 uti
864 949 30 15 nu

136 979 141 22 förevarande
293 981 38 20 sak
346 981 47 21 icke
408 981 69 21 heller
500 980 116 28 föreligger
634 987 81 14 samma
731 979 52 22 eller
797 978 45 21 lika
857 978 35 21 be-

137 1015 94 27 tydande
247 1015 46 22 skäl
309 1015 34 21 för
358 1016 36 20 det
409 1015 113 22 allmänna
537 1018 33 19 att
580 1016 64 20 träda
654 1015 91 21 emellan
757 1020 45 15 som
813 1013 7 20 i
830 1013 63 26 fräga

136 1056 35 14 om
187 1049 306 28 spanmälstingsgästningen,
513 1057 65 20 synas
596 1049 225 26 häradshöfdingarna
841 1047 54 21 böra

136 1083 133 22 fortfarande
291 1083 118 28 herättigas
425 1086 33 19 att
474 1084 102 27 uppbära
592 1082 249 29 bergstingsgästningen
860 1080 35 22 till

136 1118 49 21 dess
200 1119 125 20 nuvarande
341 1118 84 28 belopp,
442 1119 25 20 sä
482 1119 65 27 länge
563 1118 27 22 de
606 1119 7 20 i
628 1119 95 27 tjensten
739 1117 97 28 gvarstä;
853 1115 40 22 och

135 1151 66 23 hafva
223 1152 122 22 Ständerna
367 1152 72 22 derför
461 1153 100 27 godkänt
583 1153 146 21 motionärens
749 1150 80 27 förslag
845 1150 48 21 med

136 1186 141 29 nyssanförda
292 1187 154 22 modifikation.

204 1221 10 20 I
237 1222 222 21 öfverensstämmelse
481 1222 92 21 härmed
592 1221 66 22 hafva
673 1221 122 21 Ständerna
813 1219 33 20 för
860 1219 33 21 sin

135 1255 35 21 del
192 1256 83 27 antagit
298 1257 40 20 och
354 1257 22 21 fä
391 1257 39 21 hos
445 1257 70 21 Eders
535 1257 121 28 Kejserliga
673 1255 102 28 Majestät
793 1253 6 21 i
815 1254 79 21 under-

135 1290 103 27 dänighet
253 1291 88 21 anhålla
357 1298 34 14 om
407 1291 133 22 utfärdande
556 1291 24 21 af
596 1298 26 14 en
638 1291 117 27 sälydande

339 1331 142 30 Förordning,
502 1331 114 30 angäende
640 1329 155 32 upphäfvande
814 1328 24 23 af
852 1327 42 24 den

273 1366 24 23 sä
313 1365 88 25 kallade
417 1365 279 30 bergstingsgästningen.

341 1406 133 28 Härigenom
492 1407 79 21 varder
586 1406 139 28 förordnadt,
743 1407 32 19 att
793 1404 40 21 den
847 1406 46 18 sär-

272 1440 71 22 skilda
354 1442 167 26 tingsgästning,
533 1448 43 14 som
583 1442 31 26 pä
624 1440 71 28 grund
705 1440 30 28 af
740 1439 78 27 Kongl.
828 1438 65 27 Bref-
