1048 1731
291 130 212 23 Petitionsbetänkande
519 131 36 22 N:o
570 130 19 23 II.
781 129 13 20 5

71 193 149 27 expeditionen
241 193 68 22 under
331 193 52 22 åren
407 194 62 27 1858,
493 194 55 21 1867
569 193 39 22 och
629 193 61 22 1873.
720 193 33 22 De
767 192 62 22 torde

71 227 117 22 emellertid
210 234 49 15 vara
274 227 7 21 i
296 227 50 22 flere
361 227 37 22 fall
414 227 148 28 otillförlitliga
578 227 38 22 och
632 228 68 21 denna
716 226 113 23 otillförlit-

71 261 66 28 lighet
160 262 50 21 ökas
231 261 122 28 ytterligare
373 269 77 20 genom
467 263 40 21 den
523 264 59 19 stora
598 261 139 28 ombytlighet
752 261 77 22 beträf-

70 295 63 22 fande
152 296 157 22 vattenständet
325 302 45 16 som
385 296 143 22 förekommer
543 296 7 21 i
565 296 95 27 Ladoga,
675 295 5 22 i
693 296 36 21 det
745 297 31 20 att
793 295 36 22 det

71 336 81 16 samma
173 331 43 20 kan
233 330 62 27 skilja
309 331 28 27 pä
352 331 57 21 ända
423 331 32 21 till
478 331 5 21 6
499 331 14 21 å
529 332 13 21 8
557 331 37 21 fot.
624 331 42 20 Det
681 332 24 19 är
720 331 27 26 pä
761 329 68 27 grund

72 364 62 22 häraf
156 364 252 28 sjöförsäkringsbolagen
429 365 55 22 neka
498 365 7 21 i
520 365 60 27 fräga
595 365 93 21 varande
703 364 82 27 sjökort
799 363 31 22 alt

71 399 65 21 värde
151 399 38 21 och
205 398 91 23 likställa
311 399 88 27 Ladoga
414 399 31 28 sjö
461 399 48 22 med
517 399 47 22 icke
574 399 112 26 kartlagda
695 399 40 21 och
743 398 46 22 icke
797 399 32 20 ut-

72 433 101 26 prickade
188 434 78 25 vatten,
282 435 23 20 sä
321 435 32 20 att
368 433 97 28 fartygen
481 433 75 22 endast
571 433 150 27 undantagsvis
733 433 39 22 och
782 431 48 22 med

72 467 88 27 mycken
175 467 106 28 svärighet
295 468 72 21 kunna
382 468 108 21 försäkras
506 470 45 19 mot
566 467 124 28 sjöolyckor.
705 468 11 21 I
732 466 99 23 ufseende

72 502 13 20 3
107 501 81 22 antalet
210 502 39 21 och
271 502 92 27 längden
385 502 22 22 af
429 502 125 28 utprickade
572 501 96 27 farleder,
684 503 45 21 stär
743 501 88 27 Ladoga

72 535 171 28 sjöfartsomräde
268 536 53 22 efter
343 537 43 21 alla
401 537 84 21 landets
499 536 135 22 lotsdistrikt.
664 536 166 28 Utprickningen

73 570 21 22 af
108 570 26 22 de
148 570 23 22 fä
184 570 98 28 farleder,
301 578 46 14 som
361 571 14 22 f.
392 578 20 14 n.
429 574 37 19 äro
483 572 48 20 med
546 570 120 28 sjömärken
675 570 106 24 försedde,
791 571 40 21 har

73 604 113 22 verkstälts
208 606 67 21 under
297 606 51 21 åren
373 606 149 22 1884—1886.
554 605 90 21 Anföras
666 606 40 26 mä,
729 607 33 20 att
782 606 14 20 t.
817 604 12 22 f

73 639 218 27 uppsyningsmannen
306 641 13 20 ä
334 640 88 28 Ladoga
437 640 31 27 sjö
484 640 101 22 särskildt
599 639 115 22 framhällit
732 639 99 22 behofvet

72 673 23 22 af
115 680 103 15 remmare
241 674 38 21 och
302 674 67 27 öfriga
389 674 121 28 sjömärken
525 674 36 22 vid
575 674 100 27 inloppen
690 674 33 21 till
738 674 93 27 följande

72 708 86 21 ställen:
181 708 126 22 Keksholms
327 709 54 25 stad,
397 709 81 21 Tervus
493 709 42 26 vik,
551 708 154 27 Jaakimvaara,
721 708 110 27 Koirinoja

72 742 144 28 lastageplats,
237 743 126 21 Pitkäranta
385 743 56 21 bruk
464 745 55 20 samt
542 743 104 21 särskilda
668 743 65 21 andra
755 742 76 22 ställen

72 776 60 27 längs
154 776 75 22 kusten
254 777 39 21 och
311 777 56 22 inom
384 777 26 22 de
425 777 34 21 till
474 778 117 21 hamnarna
606 777 87 22 förande
707 777 123 27 segelleder.

71 810 102 22 Förutom
196 810 61 22 ofvan
279 812 77 21 nämda
377 811 82 27 platser
479 812 67 22 borde
565 812 66 26 enligt
646 812 185 21 Lotsdirektörens

72 845 61 27 äsigt,
159 852 82 15 vunnen
256 846 67 21 under
338 846 182 27 inspektionsresa
535 846 13 21 &
563 846 93 26 Ladoga,
672 846 81 21 mindre
767 845 64 28 fyrar,

72 879 119 27 sjömärken
214 880 39 21 och
276 886 104 16 remmare
403 880 124 28 ytterligare
551 880 112 27 anbringas
682 880 35 22 vid
731 880 100 27 inloppen

73 914 39 21 och
135 914 57 21 inom
214 913 119 23 farlederna
351 914 33 22 till
400 914 124 27 Sordavala,
541 914 60 22 Pöllö
616 914 125 27 tullstation,
757 914 74 22 Uuksu

73 948 39 22 och
131 948 99 22 Tulemaa
249 949 138 27 ämynningar
402 951 57 20 samt
473 949 128 27 Kronoborg
616 949 106 22 äfvensom
737 950 14 21 ä
766 950 66 26 nägra

72 984 37 20 ute
131 983 7 20 i
160 983 45 26 sjön
224 983 90 27 belägna
332 983 84 22 holmar
432 983 40 22 och
487 983 90 28 klippor.
608 983 188 27 Nödvändigheten
811 983 22 22 af

72 1018 32 20 att
127 1017 26 21 de
176 1017 93 27 hamnar,
285 1023 45 16 som
346 1017 75 26 finnas,
442 1020 63 25 göras
520 1017 48 22 fullt
584 1017 136 28 tillgängliga,
736 1018 95 21 kommer

72 1051 119 27 naturligen
210 1053 32 20 att
259 1051 65 22 blifva
339 1052 30 21 alt
385 1059 46 14 mer
447 1053 124 26 trängande,
595 1052 26 21 dä
636 1052 97 21 karelska
746 1052 85 27 jernvä-

72 1091 40 20 gen
134 1085 41 21 blir
197 1085 56 28 bygd
276 1087 55 20 samt
346 1086 78 21 handel
441 1087 39 21 och
495 1086 75 27 sjöfart
584 1086 122 27 härigenom
721 1086 65 22 blifva
801 1086 30 21 alt

75 1118 88 28 lifligare
177 1119 8 22 i
200 1120 60 21 dessa
275 1121 88 21 trakter.

141 1154 19 21 2.
190 1154 28 21 Af
239 1154 26 22 de
287 1155 8 20 i
317 1155 237 27 petitionsmemorialet
569 1155 76 21 nämda
660 1154 171 28 fyrinrättningar

72 1187 62 22 hafva
149 1188 163 28 gasoljefyrarna
327 1189 40 21 och
382 1189 97 28 ledfyren
495 1190 12 21 å
523 1189 117 27 Bajonnaja
655 1189 69 21 holme
739 1188 92 21 tillkom-

73 1223 38 21 mit
126 1223 53 22 först
194 1223 66 22 under
275 1224 50 21 ären
343 1224 55 21 1884
415 1224 41 21 och
473 1225 61 21 1885.

141 1257 210 27 Fyrinrättningarna
373 1257 64 22 hafva
461 1258 139 21 underhällits
623 1258 39 21 och
681 1257 68 22 skötts
769 1257 23 21 af
805 1263 26 15 en

72 1291 136 28 fyrskeppare
231 1291 39 22 och
286 1298 25 15 en
326 1291 128 28 fyrmästare
470 1294 55 20 samt
540 1294 32 19 tre
588 1292 58 21 äldre
662 1292 38 21 och
715 1292 36 21 tvä
766 1297 65 22 yngre

72 1325 126 27 fyrvaktare,
222 1325 71 22 hvilka
314 1327 53 20 stätt
382 1326 69 22 under
466 1329 15 19 t.
497 1327 14 21 f.
527 1327 218 27 uppsyningmannens
761 1326 70 27 lydno.

140 1361 19 21 3.
190 1360 71 28 Några
284 1360 66 22 lotsar
372 1360 65 22 hafva
456 1361 43 22 tills
515 1363 49 20 dato
580 1361 46 22 icke
641 1361 78 21 funnits
734 1360 97 22 anstälda

72 1395 12 21 å
106 1394 88 27 Ladoga
216 1395 36 27 sjö.
283 1395 141 22 Underhållet
448 1396 23 21 af
492 1396 92 22 farleder
604 1396 38 21 och
658 1396 119 26 sjömärken
792 1395 39 21 har

71 1428 77 22 hittills
159 1429 112 22 verkstälts
281 1430 22 20 af
310 1430 229 27 uppsyningsmannen,
549 1430 47 22 med
606 1430 87 27 tillbjelp
702 1430 23 21 af
730 1429 101 22 särskildt

72 1464 132 26 engagerade
218 1463 146 27 allmogemän.
392 1460 71 26 Äfven
479 1471 34 15 om
528 1464 66 22 behof
608 1464 22 22 af
642 1464 65 22 lotsar
722 1464 7 21 i
745 1464 38 21 och
799 1463 32 22 för

141 1503 101 18 Allmänna
255 1504 178 18 Besvärsutskottets
447 1504 119 18 betänkande
578 1506 37 16 N:o
628 1504 17 17 9.
