1048 1731
192 99 375 25 Petitionsbetänkande
582 99 54 24 N:o
653 100 54 22 36.

343 471 95 24 Allmänna
457 470 189 25 Besvärsutskottets
662 470 117 25 botänkande
793 470 32 24 N:o

275 505 25 24 30
319 505 7 24 i
341 505 99 29 anledning
456 504 20 24 af
495 505 29 24 ett
543 504 33 25 till
595 504 136 25 Bondeståndet
746 504 80 30 ingifvet

275 539 163 31 petitionsförslag
459 546 27 17 om
502 539 102 24 förändrad
621 539 103 28 beräkning
739 539 20 24 af
772 546 53 17 man-

275 573 146 25 talsbräkdelar.

141 636 77 22 Jemte
240 635 213 30 protokollsutdrag
475 635 36 21 för
534 635 45 21 den
606 636 25 20 16
654 635 111 21 Februari
783 635 42 21 har

68 669 175 23 Bondeständet
265 670 40 26 till.
320 670 126 21 Allmänna
460 669 217 21 Besvärsutskottet
696 670 129 21 remitterat

69 706 35 20 ett
118 704 25 21 sä
158 704 101 29 lydande
274 704 241 30 petitionsmemoria!:

138 768 167 28 (Öfversättning.)

221 831 48 26 Till
293 830 164 20 Hedervärda
479 830 199 20 Bondeständet.

136 888 40 18 Det
197 888 123 19 hedervärda
342 888 79 19 ständet
443 888 57 19 torde
523 887 59 20 hafva
600 888 28 23 sig
647 888 80 19 allmänt
743 887 80 25 bekant,

67 916 50 19 huru
139 916 70 24 många
231 916 120 23 svårigheter
370 916 36 20 och
422 916 71 20 besvär
508 916 90 20 finnarne
614 916 38 19 fått
667 916 109 19 vidkännas
792 916 32 19 för

67 945 112 24 bräktalen,
198 945 71 25 hvilka,
293 945 61 20 redan
369 945 6 19 i
391 945 107 20 allmänhet
519 945 80 24 mycket
621 945 118 24 besvärliga,
755 945 6 18 i
777 950 45 19 syn-

67 973 70 20 nerhet
152 973 87 20 medföra
255 965 55 28 stora
325 974 121 23 svårigheter
461 974 32 19 vid
504 974 148 19 betecknandet
667 973 21 20 af
701 974 122 19 hemmanets

67 1002 76 19 storlek
164 1003 8 18 i
194 1003 146 19 mantalsdelar.
370 1003 39 19 Det
425 1005 22 17 är
460 1003 74 23 jämväl
549 1003 70 23 kändt,
642 1005 29 16 att
686 1003 76 23 menige
777 1007 46 14 man

67 1033 25 16 än
108 1031 26 24 på
150 1033 28 17 ett
194 1033 24 17 än
233 1031 26 26 på
275 1033 28 17 ett
318 1033 61 17 annat
393 1033 40 17 sätt
452 1031 49 19 söka
517 1031 88 24 afhjelpa
621 1031 58 19 dessa
694 1031 129 23 svårigheter,

68 1064 30 14 om
122 1059 37 19 ock
181 1059 62 24 några
264 1060 140 24 upplysningar
424 1060 67 19 derom
507 1060 17 23 ej
541 1059 57 20 alltid
614 1060 66 19 kunna
699 1059 84 20 erhållas
799 1065 24 13 ur

64 1087 167 24 jordeböckerna.
264 1089 9 18 I
288 1088 86 19 Karelen
401 1088 50 19 skall
478 1094 44 13 man
545 1088 90 19 beräkna
655 1087 26 20 32
704 1090 118 17 ränteörens

66 1116 47 19 land
137 1116 26 24 på
187 1117 104 23 mantalet;
315 1116 12 19 1
350 1119 102 17 ränteöres
475 1117 47 19 land
545 1119 59 22 utgör
623 1117 76 19 således
715 1115 37 28 1/3,
767 1121 54 14 man-

65 1145 35 20 tal.
131 1144 10 19 I
163 1145 92 24 Wiborgs
277 1146 33 19 län
325 1146 74 19 räknar
414 1151 44 14 man
474 1146 130 25 skatterubel,
626 1146 129 19 annorstädes
770 1145 52 19 talar

65 1179 45 14 man
126 1178 31 15 om
172 1174 74 19 marks-
263 1174 36 19 och
315 1174 98 19 öresland.
439 1175 9 18 I
467 1174 95 19 Savolaks
578 1175 36 18 har
629 1174 94 19 mantalet
738 1173 30 20 till
785 1173 36 20 och

65 1202 44 19 med
132 1202 33 19 två
186 1199 148 28 underlydande
357 1203 62 19 delar.
449 1203 35 18 Ett
506 1203 75 19 mantal
603 1205 80 21 utgöres
703 1202 22 19 af
739 1201 13 20 4
767 1202 53 19 hem-

65 1231 73 19 manta]
161 1230 78 27 (orava)
262 1231 37 20 och
321 1233 28 18 ett
371 1231 119 20 hemmanta!
513 1234 23 17 är
556 1231 42 19 lika
614 1231 44 20 med
673 1233 28 17 ett
716 1230 104 19 tunnland.

65 1259 87 20 Sälunda
168 1260 35 19 har
218 1265 43 14 man
278 1260 77 19 erhällit
370 1260 78 24 mycket
464 1262 74 17 smärre
554 1260 86 19 bräktal.
670 1260 46 19 Men
731 1259 45 19 med
791 1258 29 20 af-

65 1288 72 19 seende
153 1288 12 19 å
180 1289 100 19 storleken
295 1288 22 20 af
331 1291 28 16 ett
374 1289 100 24 kappland
489 1289 37 19 har
540 1289 27 24 pä
578 1291 78 17 senaste
669 1289 52 18 tider
731 1287 90 25 uppstått

64 1317 97 24 väsentlig
177 1317 111 25 osäkerhet,
304 1317 78 19 hvilken
398 1319 22 17 är
436 1317 30 19 till
478 1323 44 13 men
534 1317 31 19 för
576 1317 38 19 den
630 1317 7 19 i
652 1317 96 19 Savolaks
758 1316 61 19 brak-

64 1345 40 24 liga
126 1345 125 24 indelningen
267 1347 6 18 i
289 1346 79 19 mantal.
398 1346 39 19 Vid
459 1347 129 23 uppmätning
607 1345 21 20 af
646 1346 34 19 säd
695 1345 125 20 beräknades

64 1373 97 25 nemligen
182 1375 36 19 hos
241 1375 54 19 ossi
311 1375 57 23 länga
383 1375 52 19 tider
453 1374 27 20 32
496 1375 78 24 kappar
591 1375 26 24 pä
632 1377 80 21 tunnan,
729 1374 39 19 tills
785 1373 35 20 det

64 1408 69 18 genom
148 1403 111 24 Kejserliga
274 1404 150 23 Förordningen
440 1403 21 19 af
475 1404 38 18 den
529 1403 27 19 15
571 1404 57 24 April
645 1402 54 20 1816
714 1402 105 24 stadgades

133 1440 102 19 Allmänna
248 1442 176 17 Besvärsutskotteis
437 1442 117 17 betänkande
567 1443 37 16 N:o
614 1442 29 16 30.
