1048 1731
377 88 162 20 Rotionsbetänkande
552 88 26 19 N:o
591 88 22 18 M.
797 89 28 21 33

98 153 53 22 söka
172 153 67 22 förmå
250 153 128 27 jordegarne
392 152 33 21 till
440 151 97 28 frivilliga
552 152 159 25 sammanskott,
728 152 53 22 efter
795 152 59 22 hem-

98 187 109 26 mantalet,
229 187 31 21 till
279 187 83 21 ökande
377 186 22 22 af
413 186 159 22 häradskistans
588 186 69 22 medel
671 186 32 22 för
717 187 138 22 bestridande

98 220 22 22 af
135 221 60 22 dessa
210 221 91 27 utgifter.
331 221 68 21 Dessa
414 221 66 21 under
495 220 59 22 äldre
568 220 55 22 tider
638 220 121 27 pätagligen
773 221 82 27 ganska

98 254 82 28 nyttiga
202 255 128 22 föreskrifter
351 254 116 28 upphäfdes
489 261 77 20 genom
584 255 129 26 antagandet
728 255 22 21 af
762 255 93 22 Förord-

99 289 77 27 ningen
198 296 33 15 om
245 289 46 27 jagt
306 289 38 22 och
360 289 98 27 djurfäng
472 289 23 21 af
509 289 40 21 den
566 289 26 21 10
607 289 103 21 Februari
726 290 62 26 1868,
803 289 53 21 hvil-

98 323 42 22 ken
162 323 7 22 i
191 324 32 21 sin
243 323 10 28 $
269 324 27 20 10
311 323 154 22 öfverlemnade
480 323 23 21 ät
517 323 153 21 kommunerna
685 324 32 20 att
732 329 76 20 genom
823 324 32 20 ut-

98 357 97 22 fästande
210 357 21 22 af
244 357 99 28 lämpliga
357 357 125 27 belöningar
497 357 52 22 eller
564 358 27 26 pä
606 359 65 20 annat
685 359 44 20 sätt
743 357 65 21 verka
823 357 33 21 för

99 392 123 27 skadedjurs
237 391 119 27 utrotande,
372 391 67 27 jemte
455 391 36 22 det
506 391 122 22 densamma
643 391 62 22 älade
720 393 71 20 ortens
807 391 48 21 kro-

99 426 122 27 nobetjente
243 427 31 20 att
295 425 75 22 härvid
388 425 71 22 lemna
473 425 75 28 nödigt
562 425 90 22 biträde.
682 425 51 22 Man
748 426 65 26 ansäg
829 425 27 22 dä

100 461 32 20 att
155 466 110 21 omsorgen
281 466 34 15 om
330 460 69 21 denna
414 466 52 21 gren
481 459 23 22 af
517 460 41 21 den
573 459 106 22 allmänna
694 459 162 28 hushållningen

100 494 120 27 lämpligast
241 494 70 22 kunde
333 494 131 22 handhafvas
482 494 23 22 af
521 494 41 22 den
577 500 49 22 nyss
640 494 107 22 inrättade
761 494 96 21 kommu-

100 528 50 22 nala
174 528 207 28 sjelfförvaltningen,
404 535 47 15 som
473 528 34 22 väl
521 528 68 22 borde
604 534 61 16 anses
680 528 49 22 bäst
743 528 72 22 kunna
829 528 28 22 be

102 563 62 21 döma
179 563 26 21 de
220 564 105 26 ätgärder,
341 569 44 16 som
401 564 28 26 pä
444 563 73 27 hvarje
532 564 35 20 ort
580 569 52 15 voro
648 562 167 28 delämpligaste
825 562 32 22 för

100 596 76 22 mälets
191 598 110 21 ernäende.

169 631 56 21 Frän
248 632 68 21 denna
338 631 81 27 princip
434 631 40 21 har
488 631 106 21 utskottet
608 637 29 15 nu
651 631 95 21 förordat
761 638 26 14 en
802 632 55 20 äter-

100 666 56 26 gäng
177 665 32 21 till
229 666 35 21 det
278 666 69 26 gamla
362 667 102 26 systemet
478 666 50 21 med
542 665 33 21 för
588 665 50 22 hela
652 665 73 22 landet
738 665 120 27 likformiga

100 699 91 27 premier
213 699 31 22 för
267 700 106 21 dödandet
395 699 22 22 af
434 700 56 21 vissa
505 701 69 20 större
589 699 119 27 skadedjur,
724 699 71 21 hvilka
810 706 47 20 pre-

100 734 53 22 mier
168 734 101 27 derjemte
284 740 29 15 nu
327 734 32 21 till
374 733 81 22 hälften
471 734 68 21 skulle
554 734 114 26 tillskjutas
683 733 23 22 af
719 734 138 21 statskassan.

170 768 44 22 För
227 769 38 21 vär
280 768 33 22 del
327 768 72 21 kunna
415 768 20 21 vi
451 768 119 22 emellertid
584 768 46 21 icke
645 770 63 19 annat
721 767 57 22 finna
788 770 27 18 än
826 769 33 20 att

100 802 118 22 resultaten
237 802 22 22 af
272 802 25 22 de
312 802 31 22 uti
359 802 55 22 1868
429 802 36 22 ärs
480 802 124 26 förordning
619 802 6 21 i
642 802 58 21 detta
715 802 98 22 afseende
827 802 31 21 in-

100 837 82 26 gäende
197 836 183 27 bestämningarne
395 836 55 22 visat
465 836 32 27 sig
511 836 82 27 ganska
608 836 200 22 tillfredsställande.
831 835 30 22 Af

101 870 134 28 uppgifterna
256 870 7 21 i
279 870 40 22 den
333 872 72 20 senast
420 870 103 22 utkomna
538 870 108 27 årgången
662 870 22 21 af
697 870 104 22 statistisk
815 870 44 21 ärs-

100 904 45 22 bok
159 904 92 28 framgär
266 906 32 20 att
311 904 81 22 antalet
407 904 94 27 kreatur,
521 910 47 16 som
584 904 76 22 dödats
675 904 22 22 af
709 904 81 27 rofdjur
805 904 54 22 visat

101 940 32 21 ett
155 938 78 28 stadigt
255 939 146 27 nedätgäende
423 940 25 21 är
471 938 32 23 för
522 939 31 21 är.
583 938 137 23 Förlusterna
735 945 50 15 voro
801 940 58 20 näm-

102 973 70 27 ligen
164 969 12 36 :

378 1025 49 17 1880.
465 1025 50 18 1881.
552 1025 50 17 1882.
639 1025 48 17 1888.
725 1025 48 17 1884.
809 1025 50 22 1885,

102 1053 23 22 af
138 1053 73 22 hästar
225 1053 39 22 och
279 1053 28 22 föl
389 1054 41 21 467
477 1054 39 21 281
563 1053 41 21 274
648 1053 41 21 216
733 1053 41 22 138
833 1054 26 21 97

110 1103 12 10 »
138 1087 124 22 nötkreatur
375 1088 54 21 1542
461 1088 56 21 1168
562 1088 42 21 864
648 1088 40 20 715
733 1088 40 21 708
818 1088 42 21 648

109 1137 12 10 »
136 1121 35 22 får
375 1122 55 21 8939
461 1122 56 21 6442
548 1122 56 21 5246
632 1121 57 22 4254
718 1122 55 21 4803
804 1122 56 21 4467

110 1172 11 10 »
138 1155 46 22 Svin
387 1157 43 20 284
475 1157 43 20 214
562 1156 41 21 168
648 1156 42 21 214
733 1157 41 20 237
819 1157 40 20 117

110 1206 12 10 »
138 1195 64 17 renar
374 1191 55 21 3167
461 1190 56 21 3126
548 1190 52 21 1681
635 1191 53 20 1205
720 1191 53 20 1061
805 1190 55 21 1340

170 1241 20 28 Ä
212 1248 65 21 andra
299 1248 60 21 sidan
381 1247 68 22 finner
472 1254 50 15 man
544 1249 33 20 att
598 1247 7 21 i
623 1247 90 28 premier
731 1247 32 22 för
779 1247 82 21 dödade

101 1281 83 27 rofdjur
200 1282 67 21 under
282 1282 101 27 perioden
400 1282 113 22 1880—85
529 1281 103 22 utbetalts
647 1281 7 22 i
669 1281 99 22 medeltal
783 1281 78 26 41,600

102 1315 61 22 mark
179 1321 34 16 om
228 1317 51 20 året.

170 1349 34 22 Dä
226 1356 49 15 man
297 1350 88 22 sälunda
407 1350 46 21 icke
473 1351 50 21 med
542 1350 36 27 fog
592 1350 61 21 torde
668 1349 71 22 kuuna
753 1350 61 27 pästä
830 1351 32 19 att

102 1384 152 22 kommunerna
269 1384 6 22 i
291 1384 98 22 afseende
404 1385 13 21 ä
431 1384 122 28 rofdjurens
568 1384 107 22 utödande
689 1384 68 22 skulle
772 1384 89 21 försum-

172 1424 199 18 Ekonomiutskottets
384 1423 124 19 betänkande
519 1424 36 17 N:o
570 1424 25 17 16.
