1048 1731
289 131 207 24 Petitionsbetänkande
513 131 32 22 N:o
561 130 18 23 7.
783 132 12 19 3

70 195 110 21 uttalande
202 194 83 27 gjordes
303 194 67 21 under
385 193 151 26 förutsättning
546 193 28 22 .af
588 193 142 28 möjligheten,
747 196 31 20 att
793 195 34 20 åt-

70 229 105 21 minstone
192 235 38 18 ,,en
246 228 51 21 eller
311 229 36 20 två
362 227 73 22 skolor
449 228 7 20 i
471 227 74 27 hvarje
561 227 184 28 landsförsamling
755 229 71 20 kunde

71 263 57 22 inom
151 269 26 16 en
199 262 84 21 kortare
305 262 31 21 tid
357 263 96 26 uppstå."
484 262 11 21 I
510 262 73 27 sjelfva
599 262 73 21 verket
687 262 39 21 har
741 263 41 21 den
798 263 28 21 le-

72 298 69 21 dande
156 297 77 22 tanken
249 296 6 21 i
271 297 146 20 anordnandet
433 296 22 21 af
468 297 48 20 vårt
529 296 169 21 folkskoleväsen
710 297 66 21 sedan
787 297 41 20 för-

72 334 34 19 sta
127 331 90 22 stunden
239 330 22 21 af
278 331 47 20 dess
340 330 83 21 tillvaro
440 330 55 21 varit
510 331 47 25 den,
574 332 32 19 att
621 330 25 21 de
661 330 82 21 frukter
759 331 69 21 denna

73 366 60 22 skola
148 365 74 27 bjuder
236 364 52 22 böra
303 365 84 20 komma
403 364 48 21 hela
467 365 36 20 det
517 364 69 21 finska
600 364 67 22 folket
681 365 33 20 till
729 365 62 26 godo.

143 417 11 21 I
168 416 83 22 arbetet
265 415 32 22 för
312 416 58 21 detta
385 416 43 21 mål
443 416 63 21 hafva
522 416 57 21 olika
594 416 104 27 principer
713 416 57 27 följts
781 416 48 21 med

76 451 98 22 afseende
189 453 13 20 å
217 451 66 21 stads-
299 451 38 20 och
354 451 220 21 landskommunerna.

145 503 32 21 De
199 502 56 22 förra
278 504 36 20 äro
337 508 75 21 genom
435 502 12 27 $
470 503 39 21 102
529 502 6 20 i
552 501 82 28 Nädiga
648 502 147 27 Kungörelsen
811 501 22 22 af

77 538 40 20 den
134 538 24 20 11
175 537 41 27 Maj
234 537 54 21 1866
303 536 82 27 ålagda,
401 538 32 20 att
448 536 80 22 inrätta
544 536 39 22 och
599 536 124 22 underhålla
737 536 94 22 folksko-

76 571 34 21 lor
125 571 32 21 till
173 572 35 20 det
223 571 56 21 antal
295 571 38 21 och
349 571 6 21 i
372 571 39 21 den
428 571 134 27 omfattning,
581 573 31 19 att
627 571 41 21 alla
679 571 24 21 de
714 571 60 26 barn,
786 577 45 15 som

77 606 47 21 icke
145 605 7 21 i
175 606 95 21 hemmen
293 605 51 21 eller
365 606 6 20 i
395 606 66 20 andra
476 605 73 21 skolor
564 605 79 21 erhålla
658 611 25 15 en
699 605 66 27 högre
781 605 52 21 eller

79 640 95 21 deremot
195 640 102 21 svarande
319 639 101 27 bildning,
443 640 7 20 i
466 640 48 20 dem
530 640 34 20 må
580 640 71 20 kunna
665 639 82 27 åtnjuta
763 639 70 27 vanlig

78 673 259 27 folkskoleundervisning.
365 674 39 20 Till
421 674 225 21 landskommunernas
662 675 47 25 eget
724 673 39 21 fria
778 672 55 28 pröf-

79 708 69 21 vande
170 708 106 21 lemnades
299 708 94 21 deremot
412 714 76 20 genom
504 709 13 25 &
535 709 39 19 117
590 708 7 20 i
612 714 80 15 samma
707 707 127 27 kungörelse

80 744 32 20 att
134 742 78 22 inrätta
225 742 105 21 folkskola
345 742 52 21 eller
411 742 52 21 icke.
495 742 43 21 Det
553 742 56 21 olika
624 741 125 27 förfarande,
766 748 46 14 som
827 741 7 21 i

81 777 59 21 detta
162 776 97 22 afseende
281 777 93 26 stadgats
390 776 33 22 för
437 776 48 22 stad
501 776 40 22 och
556 776 56 26 land,
628 776 61 21 torde
704 776 131 26 väsentligen

80 810 96 22 baserats
197 812 27 26 på
243 810 91 28 följande
349 811 137 27 synpunkter.
517 811 39 21 Att
572 810 40 22 den
628 810 150 26 obligatoriska
793 809 42 27 pri-

81 847 59 19 mära
155 845 154 27 undervisning,
324 851 45 15 som
385 845 22 21 af
421 845 60 21 ålder
495 851 77 20 genom
583 844 92 28 kyrkans
685 844 82 26 försorg
777 843 60 21 kom-

81 879 39 21 mit
141 880 48 21 vårt
210 879 43 21 folk
268 879 32 21 till
316 879 39 27 del,
372 879 108 27 verkligen
496 878 108 22 meddelas
620 878 41 22 alla
676 878 161 26 församlingens

81 914 60 27 barn,
168 914 54 21 låter
247 914 32 27 sig
305 914 76 21 lättare
408 913 113 22 öfvervaka
551 914 27 26 på
602 913 151 27 landsbygden,
779 914 27 19 än
831 911 7 21 i

82 949 100 21 städerna
204 949 47 21 med
273 948 61 21 deras
357 948 64 21 delvis
437 948 81 27 ganska
533 947 80 27 rörliga
628 947 129 26 befolkning.
787 947 51 20 Men

82 983 88 22 framför
191 983 38 21 alt:
253 989 49 15 man
324 983 70 21 kunde
417 983 34 20 vid
467 983 78 20 nämda
561 982 136 27 kungörelses
716 981 123 26 utgifvande

82 1018 28 26 på
134 1017 56 26 goda
214 1017 45 22 skäl
284 1017 118 26 förutsätta,
429 1019 32 19 att
486 1017 7 20 i
518 1017 101 21 städerna
644 1016 74 21 funnes
743 1021 26 16 en
792 1015 48 21 klar

82 1051 65 27 insigt
169 1057 34 16 om
225 1051 74 22 värdet
319 1051 22 22 af
361 1058 26 14 en
412 1051 89 22 allmänt
517 1051 74 27 spridd
607 1050 39 21 och
662 1050 32 21 väl
710 1050 61 21 rotad
787 1049 54 21 folk-

83 1085 102 27 bildning,
210 1086 75 21 medan
311 1085 94 22 deremot
431 1087 31 20 ett
485 1085 75 21 dekret
584 1091 33 14 om
640 1083 149 28 obligatoriskt
810 1083 30 20 in-

84 1119 89 22 förande
188 1119 22 22 af
223 1119 40 22 den
277 1120 33 21 för
325 1120 57 27 tjugo
405 1121 24 20 år
452 1119 66 22 sedan
534 1119 108 21 oförsökta
668 1118 39 21 och
732 1118 39 21 hos
794 1118 48 20 vårt

84 1153 44 22 folk
151 1156 57 19 ännu
229 1153 56 22 blott
307 1156 104 25 sparsamt
434 1154 71 21 kända
525 1153 119 21 folkskolan
661 1152 107 21 måhända
783 1152 59 20 mån-

85 1189 113 26 genstädes
220 1189 27 26 på
269 1189 144 27 landsbygden
435 1188 70 21 skulle
521 1187 62 22 väckt
604 1187 104 26 ogillande
729 1185 40 21 och
789 1186 54 20 mot-

85 1223 68 21 stånd.
183 1223 11 21 I
216 1223 99 21 städerna
337 1223 68 21 skulle
428 1229 26 15 en
477 1221 131 28 förpligtelse
626 1221 7 20 i
648 1220 79 27 antydd
742 1219 101 26 riktning,

86 1257 36 21 det
136 1257 72 21 kunde
223 1259 93 25 antagas,
332 1257 46 21 icke
393 1257 82 20 kännas
491 1257 70 20 såsom
573 1257 31 20 ett
615 1256 68 25 tvång,
696 1256 22 25 ty
729 1254 36 21 det
775 1253 69 21 skulle

86 1292 122 26 sammangå
231 1292 47 21 med
300 1291 163 22 kommunernas
489 1297 53 20 egna
558 1289 135 27 önskningar.
727 1288 31 21 På
773 1287 71 21 lands-

86 1325 84 28 bygden
193 1326 94 21 deremot
309 1326 69 21 kunde
394 1327 31 20 ett
441 1325 72 27 påbud
529 1323 176 23 om-folkskolors
721 1321 123 22 inrättande

87 1360 109 27 lätteligen
211 1360 80 22 kännas
306 1367 45 15 som
367 1367 25 15 en
409 1359 90 22 orättvis
513 1359 75 26 börda,
604 1357 87 23 orättvis
706 1357 7 21 i
729 1356 115 28 synnerhet

88 1394 128 27 derigenom,
229 1396 31 20 att
275 1394 104 27 allmogen
396 1394 26 22 då
438 1396 57 19 ännu
510 1393 47 21 icke
572 1392 45 22 haft
632 1391 81 22 tillfälle
729 1393 32 19 att
776 1390 68 21 öfver-

88 1432 50 25 tyga
157 1430 31 26 sig
204 1436 33 14 om
252 1429 129 22 folkskolans
397 1431 66 25 nytta.
495 1428 79 21 Härtill
590 1427 56 25 kom,
662 1428 31 19 att
709 1424 99 22 behofvet
824 1423 23 22 af

88 1464 70 22 lärare
181 1464 39 21 och
235 1464 118 21 lärarinnor
367 1463 47 21 icke
437 1462 69 22 skulle
526 1462 81 20 kunnat
622 1460 38 21 iså
668 1462 43 19 stor
721 1458 127 26 omfattning

158 1504 102 18 Allmänna
273 1502 177 19 Besvärsutskottets
464 1501 117 18 betänkande
594 1502 36 15 N:o
643 1500 17 17 5.
