1048 1731
281 133 273 22 Petitionsbetänkande
570 133 40 22 N:o
624 132 36 22 33.
809 133 11 20 7

96 201 22 12 en
136 196 98 23 fyrklassig
255 196 90 17 realskola
362 196 5 16 i
381 195 56 18 Wasa
450 195 47 22 stad,
511 195 33 18 och
558 195 44 18 fann
615 195 106 23 regeringen
734 196 5 16 i
752 195 99 23 anledning

96 225 55 17 häraf
167 224 44 23 godt
223 226 28 15 att
264 225 26 16 uti
303 224 34 18 den
350 224 22 17 23
384 224 38 17 Juli
437 225 44 17 1874
493 223 30 18 till
535 223 186 23 Skolöfverstyrelsen
734 223 63 18 aflåtet
810 224 43 17 bref

97 253 86 18 förordna
202 253 30 18 det
245 253 58 17 skulle
316 253 35 17 den
363 252 80 23 begärde
455 252 66 17 skolan
534 252 54 17 träda
600 252 5 17 i
618 252 117 17 verksamhet
749 253 34 17 den
796 253 10 16 1
819 252 32 23 på-

98 281 80 23 följande
190 281 105 23 September
307 281 40 18 med
360 286 22 12 en
395 281 50 18 klass
459 281 33 17 och
504 281 65 22 hvarje
582 280 20 18 af
614 281 22 17 de
648 283 27 15 tre
687 281 107 22 påföljande
807 281 44 17 åren

96 311 40 17 med
156 310 106 23 ytterligare
281 315 22 12 en
321 309 62 18 sådan.
407 310 42 17 Men
462 309 72 22 knappt
546 309 48 18 hade
607 309 59 18 denna
678 309 53 18 skola
745 309 66 18 hunnit
824 309 27 18 öt-

97 339 86 18 vervinna
203 339 22 17 de
243 338 58 18 första
319 338 33 18 och
371 339 70 17 kanske
460 340 69 15 största
541 338 137 22 svårigheterna
690 342 49 14 samt
751 339 55 17 vinna
819 339 32 17 all-

97 367 105 18 mänhetens
223 367 109 22 förtroende,
351 367 24 17 då
392 371 65 18 genom
473 367 104 22 Kejserliga
590 367 129 22 förordningen
733 367 34 17 den
779 368 23 17 23
815 367 36 16 Au-

97 396 48 22 gusti
163 397 43 17 1883
226 395 61 22 påbud
305 395 108 18 emanerade
431 397 28 16 att
477 395 65 18 skolan
561 395 59 18 skulle
639 395 40 18 från
692 395 34 18 och
739 395 41 18 med
793 395 54 18 den
837 391 14 31 1

96 424 106 22 September
220 425 43 17 1884
282 424 85 23 indragas
385 424 41 17 med
445 429 21 12 en
484 424 52 18 klass
554 424 76 23 årligen.
648 434 20 5 —
688 425 34 16 Att
734 424 87 17 behofvet
833 424 20 17 af

97 453 168 22 realundervisning
277 453 45 17 dock
336 453 46 17 varit
393 453 134 22 jemförelsevis
540 454 52 20 stort,
606 452 81 23 framgår
699 453 81 22 tydligen
793 452 21 18 af
825 452 26 17 fö-

97 481 105 22 religgande
214 481 93 22 uppgifter
320 481 41 18 från
373 481 50 18 såväl
436 481 123 23 nyssnämnda
571 481 84 18 läroverk
667 487 38 12 som
714 481 41 18 från
763 481 34 18 den
804 486 47 13 sam-

98 510 54 22 tidigt
164 510 73 18 dermed
257 510 4 16 i
275 510 56 18 Wasa
343 510 41 18 stad
397 510 100 18 arbetande
509 510 88 18 tekniska
609 510 110 22 realskolan,
731 510 76 17 hvilken
820 515 31 12 nu-

97 543 49 13 mera
164 538 76 18 afslutat
258 539 28 17 sin
301 538 120 19 verksamhet.
445 539 81 17 Sålunda
539 539 35 17 har
586 538 30 18 vid
629 539 113 17 sistnämnda
755 539 52 17 skola
819 544 32 12 un-

98 567 31 17 der
147 567 86 22 perioden
253 568 112 18 1877—1886
378 567 103 17 inskrifvits
494 567 100 17 etthundra
607 567 98 17 trettiofem
716 567 33 17 och
762 567 31 17 vid
805 567 47 17 real-

98 596 63 16 skolan
174 595 57 17 under
243 596 44 17 åren
300 597 113 17 1874—1887
426 596 100 17 etthundra
539 596 80 22 tjugutre
632 596 67 22 elever;
718 596 34 17 och
765 596 33 17 bör
809 596 42 16 här-

98 624 29 17 vid
145 624 46 17 dock
204 624 132 22 ihågkommas,
355 626 27 16 att
401 624 22 18 de
436 624 116 23 nyinskrifna
565 624 93 18 elevernas
671 624 49 18 antal
733 624 118 22 naturligtvis

98 652 60 18 blifvit
176 653 34 17 allt
227 653 70 17 mindre
309 653 34 17 och
355 653 71 17 mindre
436 653 22 22 ju
471 658 38 12 mer
521 653 50 17 tiden
585 653 28 17 för
625 653 127 22 upphörandet
765 653 22 17 af
798 652 54 18 dessa

98 681 70 17 skolors
180 682 117 17 verksamhet
309 682 87 17 närmade
409 682 34 22 sig.

166 710 105 17 I-nämnda
287 710 106 22 förordning
406 710 81 22 stadgas,
500 711 28 16 att
541 710 83 18 eleverna
637 710 10 17 å
659 710 95 18 klasserna
767 711 45 16 2—4
825 710 26 17 uti

98 738 22 17 de
138 738 93 18 klassiska
248 738 83 23 lyceerna
348 739 24 21 på
390 738 22 18 de
431 740 54 20 orter,
499 739 32 17 der
543 739 83 17 hvarken
638 739 108 22 reallyceum
759 738 44 18 eller
815 738 36 23 fyr-

98 766 70 23 klassig
186 767 151 18 elementarskola
356 768 70 20 funnes,
445 768 60 17 skulle
525 768 71 17 tillåtas
613 768 64 22 utbyta
688 767 46 18 latin
746 770 38 14 mot
797 766 54 23 tyska

98 795 34 17 och
150 796 91 22 teckning,
260 796 117 22 hvarigenom
397 796 83 18 eleverna
491 796 89 18 bereddes
594 801 22 13 en
628 796 95 23 möjlighet
735 798 28 16 att
776 796 76 22 ötvergä

98 823 29 17 till
146 824 22 17 de
181 824 5 16 i
205 824 54 18 södra
277 824 52 18 delen
347 825 21 17 af
384 824 62 18 landet
458 825 96 23 befintliga
567 825 118 22 fullständiga
697 824 154 18 realläroverken.

98 852 58 17 Södra
175 848 127 22 Österbottens
314 853 57 18 behof
382 853 20 17 af
413 853 122 23 realbildning
548 853 59 18 skulle
620 853 70 17 således
703 852 106 24 tillgodoses
821 857 30 17 ge-

98 885 41 13 nom
157 886 21 12 en
197 886 13 12 s.
227 882 18 16 k.
263 882 81 17 reallinie
356 882 11 17 ä
380 882 79 18 nämnda
471 882 73 18 klasser
556 882 30 17 vid
598 882 69 22 lyceum
679 882 5 16 i
699 882 65 21 Wasa;
777 881 34 17 och
824 883 27 15 att

98 909 51 18 detta
161 910 59 17 skulle
233 916 42 12 vara
287 910 108 23 tillräckligt
408 910 29 18 för
450 907 128 21 Österbottens
591 910 140 18 svensktalande
743 909 108 23 befolkning

97 938 41 18 med
150 938 42 18 dess
204 939 54 22 anlag
270 939 29 17 för
311 939 97 22 praktiska
420 939 63 23 yrken,
490 940 52 17 torde
555 940 29 17 väl
598 939 40 18 icke
650 939 59 23 nägon
722 939 63 17 kunna
791 938 60 23 pästä.

97 967 42 17 Men
151 967 53 18 ätven
217 967 34 18 den
265 967 103 23 obetydliga
387 968 173 23 reelundervisning,
574 973 37 12 som
625 968 76 17 sälunda
713 968 39 17 stär
763 967 29 18 till
805 967 46 18 buds

97 997 21 16 är
129 997 65 16 nästan
207 998 43 15 utan
263 1001 47 18 gagn
324 997 28 16 för
365 996 45 19 dem,
423 1001 39 13 som
475 997 59 17 önska
546 997 73 22 ätnjuta
632 997 61 20 sädan,
707 997 23 17 dä
743 996 107 17 realkursen

97 1024 30 17 vid
140 1024 68 23 lyceum
222 1025 82 21 afslutas,
317 1025 59 17 såsom
389 1025 54 18 oivan
456 1025 65 22 antydt
534 1025 66 21 blifvit,
613 1025 58 18 redan
683 1025 40 18 med
736 1025 59 22 tjerde
801 1025 50 16 klas-

97 1058 37 16 sen,
152 1053 93 18 hvarefter
261 1053 88 22 eleverna,
366 1059 28 12 om
416 1054 22 17 de
457 1054 45 22 vilja
520 1054 89 17 fortsätta
626 1054 53 17 dessa
691 1053 76 22 studier,
780 1053 70 22 nödgas

96 1086 40 13 resa
154 1082 28 17 till
200 1082 114 23 Helsingfors
333 1082 43 17 eller
395 1077 45 26 Åbo,
453 1083 70 17 hvilket
537 1083 113 22 synnerligen
664 1083 28 16 för
704 1083 22 17 de
738 1082 70 17 mindre
820 1082 31 17 be-

96 1110 82 17 medlade
196 1110 60 18 blefve
273 1111 63 17 alltför
354 1111 115 23 betungande
489 1111 33 18 och
535 1111 70 22 följden
617 1111 55 18 häraf
682 1113 27 20 är,
723 1113 28 16 att
763 1111 22 18 de
798 1111 53 18 flesta

97 1139 91 17 föräldrar
200 1144 18 12 se
230 1139 27 22 sig
270 1142 80 20 tvungne
363 1142 27 15 att
403 1141 28 16 för
445 1141 40 16 sina
497 1142 53 15 söner
563 1140 49 22 välja
624 1140 34 17 den
671 1140 92 17 klassiska
775 1141 63 21 vägen.

164 1167 36 17 Det
217 1168 55 17 minst
290 1168 113 17 kostsamma
415 1169 34 16 och
462 1168 29 17 för
503 1171 52 15 orten
567 1171 47 15 mest
626 1169 95 22 gagneliga
734 1170 37 15 sätt
783 1169 28 16 att
824 1168 27 18 af-

96 1196 62 23 hjelpa
171 1196 107 18 förberörda
290 1197 67 17 brister
369 1202 43 13 vore
425 1197 58 23 enligt
495 1197 181 22 Stadstullmäktiges
688 1198 78 21 mening,
779 1199 28 15 att
819 1197 31 17 vid

95 1225 113 17 härvarande
220 1225 68 22 Jyceum
302 1226 68 17 inrätta
383 1231 21 12 en
417 1226 76 22 parallel
507 1226 95 22 afdelning
615 1226 40 17 med
667 1225 132 23 reallyceernas
809 1231 41 16 pro-

95 1259 57 16 gram.
176 1253 68 18 Genom
262 1254 58 17 denna
339 1255 66 22 åtgärd
423 1255 60 17 skulle
495 1255 41 17 icke
549 1255 77 17 allenast
638 1254 86 18 behofvet
736 1254 21 18 af
769 1256 27 15 ett
809 1253 41 18 full-

95 1282 81 23 ständigt
197 1283 121 17 realläroverk
338 1283 5 17 i
362 1283 54 18 södra
434 1279 118 22 Österbotten
570 1283 58 18 blifva
640 1283 52 22 fyldt,
706 1285 43 16 utan
762 1283 54 17 äfven
828 1287 22 13 en

94 1316 24 11 nu
136 1311 56 17 redan
211 1311 71 17 känbar
300 1312 33 17 och
352 1312 33 17 allt
396 1317 51 12 mera
460 1312 138 17 framträdande
611 1312 96 22 olägenhet
719 1311 130 22 undanrödjas.

95 1339 35 18 Det
148 1339 34 18 har
200 1340 90 23 nämligen
309 1341 47 17 visat
369 1341 32 22 sig,
421 1343 28 15 att
467 1341 71 17 antalet
551 1341 21 17 af
583 1341 5 17 i
601 1341 69 22 lyceum
683 1341 72 17 inträde
768 1341 81 17 sökande

94 1369 60 17 elever
174 1369 46 17 varit
233 1369 5 17 i
249 1372 60 19 jemnt
321 1369 84 23 stigande
417 1369 33 18 och
465 1369 23 18 dä
501 1369 127 18 folkskolorna
640 1370 5 17 i
659 1370 21 17 de
693 1371 55 21 stora,
761 1371 89 21 närgrän-

94 1397 56 17 sande
168 1398 78 17 svenska
263 1398 154 22 församlingarna
434 1398 66 18 hunnit
518 1398 56 22 nägot
592 1403 50 13 mera
655 1398 60 22 verka,
728 1398 83 17 kommer
823 1397 23 18 de

162 1432 98 17 Allmänna
273 1432 174 18 Besvärsutskottets
459 1432 109 18 betänkande
581 1432 35 18 N:o
628 1433 32 17 27.
