1048 1731
233 135 27 21 74
439 133 237 24 Petitionsbetänkande
693 134 35 22 N:o
745 133 11 23 I.

572 199 21 19 5.

274 260 43 21 Det
331 259 137 28 berättigade
483 260 7 21 i
505 260 107 27 yrkandet
627 260 28 27 pä
670 266 26 15 en
710 260 90 27 jernväg
815 259 34 22 till
857 259 105 22 Kristine-

203 294 49 22 stad
264 293 48 22 frän
325 294 70 27 nägon
408 294 69 27 punkt
488 294 13 21 ä
509 294 66 21 Wasa
582 294 71 21 banan
661 294 39 21 har
709 293 66 22 redan
783 294 88 21 erkänts
878 293 25 22 af
906 294 57 27 jern-

202 329 166 27 vägsutskotten
389 329 37 20 vid
443 329 53 21 1882
513 328 40 21 och
570 329 54 21 1885
640 328 35 21 ärs
691 328 159 21 ständermöten
866 327 39 22 och
920 328 42 21 kan

200 363 209 28 jernvägsutskottet
443 363 48 21 icke
515 365 99 25 motsäga
636 363 127 21 detsamma.
799 362 43 22 Vid
864 361 97 28 pröfvan-

203 398 36 21 det
268 397 25 22 af
318 404 29 15 nu
378 397 147 28 föreliggande
554 397 218 28 petitionsmemorial
796 397 40 22 har
857 397 105 22 utskottet

202 432 47 21 icke
282 432 70 21 funnit
384 432 47 21 skäl
463 433 33 20 att
521 431 76 28 frängä
624 433 53 20 1885
703 432 35 21 ärs
764 431 101 22 Ständers
891 431 70 22 ständ-

203 466 69 27 punkt
287 466 7 21 i
310 465 81 28 frägan,
408 467 89 20 emedan
513 466 36 21 det
566 466 47 21 icke
628 466 43 21 kan
686 466 74 26 nekas,
776 468 33 19 att
823 466 74 21 sävida
905 465 56 28 jern-

202 501 236 27 vägsanläggningarne
460 501 7 21 i
490 501 73 21 landet
578 501 62 21 skola
654 501 116 21 ankomma
785 501 135 21 uteslutande
934 500 27 28 pä

204 537 77 24 staten,
305 541 60 15 mera
386 535 111 21 kännbara
520 534 132 22 trafikbehof
673 535 6 21 i
695 535 69 21 andra
779 535 59 21 delar
853 535 23 21 af
889 535 72 21 landet

205 569 117 21 förefinnas
337 571 28 19 än
381 570 36 21 det
432 569 170 28 ifrägavarande,
620 570 74 20 hvilka
704 571 65 19 vänta
783 570 28 26 pä
821 571 32 20 att
862 570 99 26 tillgodo-

203 609 42 21 ses,
261 604 40 21 och
316 604 69 21 mäste
401 604 83 21 säledes
500 604 33 21 för
548 604 134 21 närvarande
698 604 71 21 beslut
784 610 35 15 om
834 605 81 20 statens
929 604 32 20 in-

205 638 104 28 gripande
325 638 33 21 för
373 638 122 28 byggandet
510 638 24 21 af
552 645 27 15 en
592 638 89 28 jernväg
697 638 34 22 till
745 638 145 22 Kristinestad
900 644 61 15 anses

201 673 53 21 böra
269 672 68 22 anstä.

277 707 74 21 Skulle
367 707 40 21 den
427 706 103 27 landsdel,
547 712 46 16 som
608 706 165 28 ifrägavarande
787 706 56 22 bana
857 706 60 22 afser.
929 708 32 20 att

205 742 93 26 betjena,
323 741 119 21 emellertid
460 740 57 22 finna
536 748 25 14 en
577 743 79 19 väntan
671 742 28 26 pä
715 742 80 20 statens
811 741 84 21 direkta
909 741 51 21 mel-

203 776 108 21 lankomst
334 775 33 22 för
389 775 60 28 lång,
464 776 72 20 kunde
550 776 155 20 realiserandet
720 775 24 21 af
755 775 205 28 jernvägsföretaget

206 816 77 22 genom
305 811 32 20 ett
359 810 70 26 privat
451 810 64 27 bolag
530 810 50 21 med
595 810 128 21 subvention
738 809 25 21 af
776 810 123 21 statsmedel
914 811 46 20 tän-

201 845 40 21 kas
255 844 90 28 möjligt.

273 878 138 22 Beträffande
426 878 102 22 särskildt
538 878 170 22 verkställandet
719 878 24 21 af
751 878 100 22 tekniska
861 878 39 22 och
910 878 49 22 eko-

204 913 98 21 nomiska
308 912 185 28 undersökningar
501 912 34 22 för
543 912 160 22 fastställandet
711 912 24 21 af
741 913 82 21 banans
831 912 127 28 sträckning,

201 948 69 21 mäste
286 947 36 22 det
337 953 52 15 vara
403 947 8 21 i
426 949 82 26 ögonen
521 947 100 27 fallande,
631 949 32 20 att
672 954 35 15 om
721 947 123 21 densamma
854 947 105 27 svärligen

202 982 59 21 olika
269 982 112 28 meningar
393 982 72 21 kunna
472 981 84 28 uppstä.
576 982 74 21 Banan
658 982 39 21 bör
706 981 107 28 sjelffallet
821 981 58 22 ledas
887 982 72 21 utmed

200 1016 123 27 Kauhajoki
346 1016 41 21 oah
405 1016 99 27 Ilmajoki
519 1016 90 27 bördiga
624 1016 40 21 och
678 1018 44 19 tätt
737 1016 111 27 bebyggda
863 1015 95 22 elfdalar.

200 1051 113 20 Huruvida
327 1046 126 31 Östermyra
467 1050 80 22 station
562 1051 53 20 eller
629 1051 108 21 mähända
752 1051 70 27 nägon
837 1057 69 14 annan
917 1052 41 20 sta-

202 1085 46 21 tion
271 1085 12 21 &
305 1085 66 21 Wasa
392 1085 71 21 banan
485 1085 65 21 borde
574 1085 67 27 väljas
664 1085 34 22 till
720 1085 159 27 utgångspunkt
894 1087 24 19 är
933 1091 25 15 en

204 1119 59 22 lokal
279 1119 67 27 fråga,
362 1119 27 27 pä
404 1119 64 21 hvars
483 1119 117 27 pröfvande
610 1120 108 21 utskottet
728 1119 47 22 icke
785 1121 70 20 ansett
865 1119 32 28 sig
907 1120 52 21 böra

201 1153 56 28 ingå.
288 1154 125 21 Detsamma
435 1153 68 28 gäller
524 1160 35 15 om
583 1154 48 21 dess
654 1154 125 27 sträckning
798 1153 7 21 i
821 1154 64 27 detalj
901 1153 14 22 f.
931 1155 26 24 ö.;

201 1190 23 25 ty
243 1188 118 27 terrängen!
377 1189 66 20 sätter
459 1187 54 22 intet
527 1187 77 22 hinder
619 1188 6 21 i
641 1190 69 25 vägen
725 1187 34 22 för
774 1188 81 21 banans
869 1188 89 21 ledande

202 1222 7 21 i
226 1223 47 20 dess
289 1222 84 27 engång
387 1221 112 22 bestämda
513 1222 184 28 hufvudriktning.

271 1257 31 21 På
317 1256 69 28 grund
401 1256 23 21 af
439 1256 36 21 det
489 1257 67 26 sagda
574 1257 33 21 får
621 1257 108 22 utskottet
744 1257 109 21 vördsamt
868 1256 89 22 föreslå:

406 1327 33 18 att
448 1324 150 27 förevarande
610 1326 219 27 petitionsmemorial
839 1325 46 22 icke
893 1326 64 21 måtte

337 1359 36 21 till
388 1359 71 27 någon
475 1360 79 27 åtgärd
564 1359 129 27 föranleda.

267 1510 185 22 Jernväasutskottets
466 1510 109 16 betänkande
589 1510 35 16 N:o
637 1509 17 17 2.
