1048 1731
297 105 209 24 Petitionsbetänkande
522 106 33 23 N:o
572 105 34 24 23.
789 107 12 21 9

142 170 32 21 att
197 169 37 21 der
257 169 76 21 sådant
347 169 54 21 låter
416 169 32 27 sig
463 171 58 25 göra,
539 169 200 27 provincialläkares
754 169 79 22 station

73 203 91 22 förlades
180 203 32 21 till
228 205 39 24 ort,
291 209 46 15 som
352 203 33 21 för
399 203 99 27 samtliga
514 203 225 22 distriktsinnevånare
755 205 23 20 är
793 203 40 22 lät-

73 240 43 19 tast
132 237 123 27 tillgänglig.
354 261 3 2 .

142 271 109 22 Ehuruväl
273 267 105 26 utskottet
399 271 32 21 till
451 271 52 22 fullo
519 271 96 22 ansluter
630 271 31 28 sig
676 271 32 22 till
725 272 39 22 den
780 278 53 21 upp-

74 305 109 27 skattning
205 305 22 22 af
247 305 84 27 frågans
353 306 120 27 synnerliga
495 306 51 27 vigt,
570 312 46 15 som
636 305 113 22 motiverat
763 305 70 22 förbe-

74 341 64 21 rörda
153 339 187 28 Ständerpetition,
355 340 42 21 kan
412 341 106 20 utskottet
533 340 47 21 icke
589 340 33 21 för
632 340 32 21 sin
675 340 33 22 del
719 340 114 27 tillstyrka,

74 376 32 19 att
122 375 26 20 de
163 380 29 15 nu
207 375 46 20 åter
267 373 143 28 föreliggande
425 374 209 27 petitionsförslagen
650 375 27 26 på
693 381 81 15 samma
789 380 45 15 om-

74 408 50 22 råde
143 407 67 23 borde
224 408 33 21 till
272 409 69 26 någon
356 409 76 26 åtgärd
447 408 46 22 från
509 408 131 22 Ständernas
656 408 46 22 sida
716 408 116 22 föranleda.

74 442 120 27 Anledning
216 442 31 21 till
265 442 98 28 förnyadt
378 442 111 22 uttalande
504 442 23 22 af
540 443 204 26 Representationen
759 443 32 21 uti
807 449 26 15 en

74 477 56 21 inom
154 477 122 21 densamma
294 477 108 21 allaredan
425 477 83 27 afgjord
522 477 62 26 fråga
598 483 62 21 synes
675 477 106 26 nämligen
795 477 39 21 Ut-

74 511 81 22 skottet
177 510 100 28 föreligga
293 512 74 21 endast
382 512 7 20 i
405 512 40 21 den
460 512 110 24 händelse,
586 513 32 19 att
633 511 89 22 sålunda
737 518 26 15 en
779 510 54 29 åsyf-

74 546 38 21 tad
130 552 49 15 men
194 545 121 22 uraktlåten
330 546 75 26 åtgärd
420 546 7 21 i
443 546 66 22 saken
524 545 47 22 från
588 545 117 28 Styrelsens
721 546 46 22 sida
782 552 50 15 vore

74 581 33 21 att
121 580 96 25 utverka,
237 580 52 21 eller
304 580 39 22 ock
358 580 7 21 i
380 580 43 24 fall,
439 580 28 22 då
482 586 71 16 vunna
568 580 145 22 erfarenheter
728 580 40 22 och
783 582 52 25 öpp-

76 614 52 22 nade
151 621 41 21 nya
215 614 130 28 synpunkter
367 614 71 22 kunde
460 615 105 21 motivera
585 614 116 27 väsentliga
717 614 117 27 erinringar

75 648 52 22 eller
141 648 75 27 tillägg
230 648 35 22 vid
281 650 30 20 ett
326 648 89 27 tidigare
430 649 76 21 beslut.
530 648 139 28 Upprepning
683 649 68 21 under
766 648 69 22 andra

74 682 146 22 förhållanden
243 682 40 22 och
305 684 51 20 utan
378 683 121 27 synnerliga
521 683 47 21 skäl
587 683 23 21 af
626 684 32 20 ett
672 682 163 22 Ständerbeslut

74 716 108 22 förefaller
204 716 95 22 deremot
314 716 93 22 hvarken
423 717 131 27 nödvändigt
575 717 52 21 eller
642 717 48 21 med
704 716 130 22 karaktären

75 750 22 22 af
110 752 32 20 ett
156 750 207 28 representationens
378 751 111 22 uttalande
504 751 108 27 förenligt.

143 786 58 21 Intet
216 785 22 22 af
251 785 26 22 de
291 785 114 22 förutsatta
420 786 75 21 skälen
511 786 33 21 till
560 786 98 26 förnyadt
673 785 110 22 uttalande
801 791 34 21 sy-

75 826 37 15 nes
127 820 7 20 i
150 819 137 23 förevarande
302 820 37 22 fall
354 826 50 16 vara
419 820 125 22 förhanden.
564 820 74 27 Enligt
654 820 54 21 hvad
722 819 112 22 Utskottet

75 854 105 21 inhemtat
202 854 39 21 har
262 854 106 28 nämligen
387 854 7 21 i
408 854 114 27 anledning
538 854 21 21 af
573 856 85 20 senaste
673 853 162 23 Ständerbeslut

75 888 6 20 i
97 887 73 28 frågan
186 888 41 22 den
242 889 76 26 åtgärd
333 888 21 22 af
368 889 134 27 Regeringen
517 888 108 27 vidtagits,
641 890 32 20 att
687 888 66 27 sagda
764 887 71 22 beslut

74 922 128 27 hänskjutits
225 922 32 22 till
277 923 225 28 Medicinalstyrelsen,
518 923 87 22 hvilken
620 922 103 23 anbefalts
739 924 96 26 uppgöra

74 956 134 28 fullständigt
229 957 78 27 förslag
329 957 33 22 till
381 957 181 28 omorganisation
578 957 22 22 af
614 957 83 22 landets
712 957 101 27 sjukvård
827 956 8 21 i

76 991 46 21 dess
144 991 82 25 helhet;
249 991 39 22 och
304 991 39 22 har
358 991 218 28 Medicinalstyrelsen
590 991 78 27 jemväl
683 997 88 16 numera
786 991 48 21 med

76 1025 58 22 detta
157 1025 73 22 arbete
252 1025 95 27 vidtagit.
377 1025 110 28 Derjämte
503 1026 39 21 har
558 1025 108 28 Styrelsen
682 1025 60 22 äfven
758 1025 78 21 tillmö-

75 1060 79 26 tesgått
174 1059 129 22 Ständernas
319 1060 128 27 önskningar
462 1060 7 21 i
485 1060 99 22 afseende
600 1061 13 20 å
628 1059 207 22 kommunalläkares

75 1093 131 22 tillsättande
222 1094 47 21 med
285 1094 130 27 statsbidrag
429 1095 8 20 i
452 1095 80 21 sådane
547 1095 132 25 kommuner,
701 1100 46 15 som
762 1093 73 22 derom

74 1127 58 28 gjort
146 1127 105 22 anhållan.
277 1129 81 26 Anslag
373 1128 32 22 för
420 1129 94 21 nämnda
530 1128 98 22 ändamål
645 1128 62 22 hafva
722 1127 66 22 redan
803 1129 33 19 ut-

74 1161 72 28 gifvits
168 1162 33 21 till
222 1162 127 27 Wiitasaari,
368 1163 80 26 Keuru,
465 1163 64 26 Eura,
546 1163 143 27 Mäntyharju,
705 1161 76 22 Ilmola
796 1161 40 22 och

74 1196 82 22 Jokkas
176 1196 130 22 kommuner.
337 1197 150 27 Ansökningar
502 1203 34 16 om
552 1197 52 22 slikt
618 1196 122 25 understöd,
755 1194 80 27 ingifna

74 1229 47 23 frän
136 1230 46 28 fyra
196 1231 132 27 kommuner,
345 1233 36 20 äro
397 1232 104 27 derjemte
516 1232 34 21 för
564 1231 135 22 närvarande
713 1231 28 26 pä
757 1229 79 28 Styrel-

74 1271 48 16 sens
147 1265 97 28 pröfning
266 1265 113 22 beroende.
408 1266 11 21 I
434 1266 61 27 fråga
511 1272 34 15 om
561 1265 123 27 sjukstugor
698 1265 40 21 bör
753 1265 84 21 anmär-

74 1299 38 22 kas
135 1301 33 20 att
182 1300 70 26 nägon
268 1300 98 22 anhällan
383 1306 33 15 om
432 1300 132 27 statsbidrag
578 1299 34 22 till
627 1299 78 22 sädane
720 1298 115 22 tillsvidare

74 1333 46 22 icke
135 1333 69 22 blifvit
218 1333 117 23 framstälä.
362 1334 109 22 Granskas
486 1335 47 21 åter
549 1334 26 21 de
592 1340 29 15 nu
636 1333 143 27 föreliggande
794 1331 43 22 för-

74 1368 73 28 slagen
166 1368 8 21 i
189 1368 97 22 afseende
302 1369 57 27 derå,
382 1369 106 22 huruvida
503 1375 41 21 nya
559 1367 131 29 synpunkter
705 1367 7 21 i
728 1367 108 22 desamma

73 1402 131 22 förekomme
226 1403 23 21 af
269 1404 24 21 så
317 1404 173 21 erkännansvärd
513 1403 40 21 och
575 1402 104 27 väsentlig
699 1403 40 25 art,
755 1402 32 20 att
803 1400 34 21 de-

74 1443 82 16 samma
177 1436 67 23 borde
267 1437 22 22 af
310 1437 119 23 Ständerna
452 1437 126 22 framhållas
601 1436 33 22 till
649 1436 89 22 fromma
753 1435 32 21 för
801 1434 37 22 det

144 1476 103 18 Allmänna
260 1477 181 18 Besvärsutskottets
455 1477 117 18 betänkande
584 1478 36 16 N:o
634 1476 26 18 18.
