1048 1731
243 112 14 19 2
427 109 240 24 Petitlonsbetänkande'
682 110 37 22 N:o
733 109 36 24 46.

214 176 36 23 gör
274 179 24 14 en
321 174 77 19 skilnad
420 173 22 20 af
462 173 28 20 55
513 173 90 22 minnter,
633 173 102 20 Utesluter
749 179 43 14 man
807 167 65 26 Åland
887 173 37 20 och
939 174 38 19 den

214 203 56 24 långt
292 203 7 18 i
321 204 54 17 öster
397 207 48 15 norr
464 207 31 14 om
510 202 80 24 Ladoga
605 202 127 23 utskjutande
747 201 60 20 fliken
823 201 21 21 af
857 202 67 20 landet
938 201 39 20 blir

215 231 204 24 longitudsskilnaden
439 229 22 21 99
477 229 34 21 20'
528 231 37 19 och
580 230 143 20 tidsskilnaden
738 230 26 21 37
774 229 27 28 !/,
817 231 90 20 minuter,
936 231 40 18 An-

214 263 47 21 toge
283 265 45 14 man
351 265 26 14 nu
399 265 41 14 som
462 259 105 20 normaltid
582 259 38 20 den
635 259 90 25 lokaltid,
741 264 40 15 som
797 261 108 18 motsvarar
920 259 57 20 dessa

215 291 65 18 orters
295 288 160 25 medellongitud,
471 288 63 19 skulle
550 293 43 14 man
608 288 7 19 i
630 287 97 20 hvardera
741 287 56 20 fallet
812 288 77 19 komma
899 287 78 25 mycket

214 319 49 18 nära
286 316 124 25 Helsingfors
432 317 29 18 tid
482 317 19 19 d.
521 322 18 15 v.
555 322 15 15 s.
587 317 102 19 skilnaden
705 315 62 21 skulle
783 317 69 19 endast
867 316 65 25 uppgå
946 316 31 20 till

215 346 90 23 omkring
321 345 12 20 2
349 346 12 19 a
375 345 14 19 4
404 345 91 20 minuter,

285 373 44 20 Den
345 374 144 23 omständighet
504 375 30 18 att
548 373 120 20 sistnämnda
683 375 32 18 ort
730 375 22 18 är
767 373 76 20 landets
859 373 118 20 hufvudstad

217 403 37 20 och
274 403 78 24 platsen
367 402 32 19 för
414 403 45 18 dess
475 402 143 19 astronomiska
633 402 161 25 observatorium,
809 402 32 19 vid
856 402 75 19 hvilket
945 407 31 14 re-

216 431 111 25 gelbunden
350 431 185 24 tidsbestämningar
556 433 64 22 göras,
640 430 42 26 bör,
698 431 61 24 enligt
773 431 39 19 min
827 431 65 25 tanke,
908 432 69 22 utgöra

217 462 30 18 ett
268 459 81 20 talande
365 459 42 20 skäl
423 459 31 20 för
469 459 109 24 antagande
594 459 21 20 af
629 459 123 24 Helsingfors
767 459 54 20 tiden
837 465 40 14 som
893 459 83 20 normal-

216 489 30 19 tid
261 487 32 20 för
307 488 46 19 hela
367 488 73 20 landet.
470 488 70 20 Denna
554 488 29 19 tid
598 490 23 17 är
636 488 99 19 dessutom
748 488 60 19 redan
820 487 20 20 af
848 489 129 23 jernvägarne

216 520 85 21 antagen
316 522 41 14 som
373 517 110 20 normaltid.

286 545 123 20 Fördelarne
430 545 58 20 häraf
508 545 26 24 pä
556 546 34 18 det
612 545 103 24 praktiska
737 545 64 20 lifvets
821 545 78 19 omräde
914 544 63 20 skulle

216 574 62 20 blifva
301 574 22 19 sä
343 574 8 19 i
374 576 75 22 ögonen
472 573 92 26 fallande,
586 576 30 17 att
636 574 35 19 det
685 574 57 20 torde
757 580 46 14 vara
818 573 115 24 tillräckligt
947 575 30 18 att

216 605 103 17 omnämna
333 602 62 24 några
409 602 79 20 sådana.

286 632 75 23 Hvarje
383 632 91 24 resande,
496 636 41 14 som
560 630 11 19 å
593 636 63 14 annan
672 633 32 17 ort
718 630 61 20 måste
794 630 73 20 infinna
881 630 29 24 sig
925 630 25 24 på
965 630 12 19 å

217 660 90 19 bestämd
329 660 29 18 tid
381 660 72 24 utlysta
471 660 163 23 sammanträden,
650 664 41 15 som
706 660 50 18 skall
771 659 26 25 på
811 660 49 20 visst
874 659 102 23 klockslag

216 688 75 20 infinna
307 688 28 24 sig
350 688 26 24 på
390 689 99 23 jernvägs-
506 688 48 19 eller
569 688 183 26 ångbåtsstationer,
769 688 47 19 eller
831 688 48 19 hvar
894 688 36 19 och
945 693 31 18 en,

217 722 42 14 som
275 717 36 19 har
327 719 29 17 att
371 717 89 23 iakttaga
475 716 63 24 någon
553 716 106 25 fatalietid,
679 716 61 20 måste
755 716 65 20 känna
835 722 23 13 en
874 718 42 17 stor
930 716 46 19 lätt-

216 746 39 18 nad
271 745 26 25 af,
314 747 35 22 att,
365 746 100 18 hvarhelst
478 745 38 19 han
532 744 87 20 befinner
634 746 29 22 sig
677 746 52 18 inom
737 746 74 24 landet,
821 750 36 18 ega
868 744 107 20 kännedom

217 779 31 14 om
264 774 37 20 den
315 774 68 24 lagligt
398 774 89 24 gällande
502 774 62 20 tiden.

287 802 32 20 En
341 802 55 24 dylik
411 802 76 25 åtgärd,
503 804 30 17 att
547 802 7 18 i
569 802 67 19 landet
651 804 71 22 antaga
737 808 24 13 en
777 808 116 18 gemensam,
909 802 68 24 lagligt

217 831 93 23 gällande
333 831 36 26 tid,
384 833 22 17 är
421 831 22 19 så
459 831 62 24 enkel,
538 832 29 18 att
582 830 38 20 den
635 830 44 20 icke
695 830 80 20 kräfver
789 830 61 24 några
864 830 113 24 kostnader,

216 859 46 20 icke
285 859 60 24 något
367 861 63 17 större
446 860 73 24 arbete,
541 861 24 17 än
581 861 29 17 att
624 859 49 19 hvar
687 859 37 19 och
740 864 24 14 en
779 860 68 18 ställer
862 859 29 19 sin
906 859 72 19 klocka

218 887 53 20 efter
289 890 98 17 närmaste
403 888 77 19 fatalie-
496 888 48 19 eller
558 888 122 23 jernvägsur.
710 888 48 24 Inga
772 888 204 25 reduktionstabeller,

217 916 47 24 inga
286 922 39 18 nya
347 917 112 23 tidmätare,
481 917 45 23 inga
548 922 38 18 nya
606 916 144 26 benämningar,
767 922 41 14 som
823 918 34 17 äro
873 922 41 13 mer
929 916 48 20 eller

217 945 76 19 mindre
309 945 120 20 främmande
445 945 30 19 för
490 951 76 13 massan
581 944 21 20 af
616 945 69 20 folket.

288 973 69 20 Ehuru
373 974 56 19 enkel
445 973 67 24 frågan
528 973 76 20 således
619 973 39 20 kan
673 979 57 18 synas
745 979 54 20 vara,
815 973 59 24 vågar
883 974 33 23 jag
927 973 51 20 dock

216 1002 84 24 hoppas,
323 1004 30 17 att
375 1003 38 19 den
434 1003 6 18 i
463 1002 63 24 någon
549 1002 43 19 mån
616 1002 50 19 skall
687 1002 74 23 ådraga
775 1003 30 22 sig
819 1002 34 19 det
867 1001 111 24 Höglofliga

218 1030 93 20 Ståndets
334 1031 177 25 uppmärksamhet,
534 1031 64 19 såsom
620 1031 85 19 varande
728 1036 24 14 en
777 1030 72 20 reform
865 1031 6 18 i
887 1030 90 24 tidsenlig

217 1059 88 24 riktning
321 1059 37 20 och
373 1059 22 20 af
409 1059 91 20 behofvet
515 1059 98 25 påkallad.

288 1088 28 19 På
331 1089 63 23 grund
410 1088 21 19 af
445 1089 56 18 dessa
516 1088 42 19 skäl
574 1087 30 20 får
618 1088 35 23 jag
668 1087 99 20 vördsamt
781 1087 36 20 hos
832 1087 83 24 Högliga
930 1087 47 20 Rid-

218 1116 107 25 derskapet
347 1117 37 19 och
406 1117 63 19 Adeln
491 1116 73 20 föreslå
579 1122 24 13 en
623 1116 121 24 underdånig
759 1116 83 24 petition
858 1116 73 26 derom,

423 1177 31 21 ait
469 1177 64 21 Hans
548 1177 126 28 Kejserliga
684 1177 121 28 Majestät
801 1172 13 38 i
812 1177 77 20 Nåder
897 1176 80 21 täcktes

357 1205 112 28 anbefalla
485 1206 132 27 vidtagande
633 1206 31 27 af
675 1206 80 27 åtgärd
770 1213 34 13 om
819 1205 121 28 införande
951 1206 30 27 af

357 1241 25 14 en
394 1235 43 27 för
452 1234 48 21 hela
516 1235 74 20 landet
604 1241 123 21 gemensam
743 1234 172 27 tidsberäkning.

289 1286 122 25 Helsingfors
427 1287 12 19 å
453 1287 132 19 Riddarhuset
601 1287 12 20 2
629 1287 95 19 Februari
741 1286 62 21 1888.

690 1330 58 23 Albin
764 1329 156 29 Wasastjerna.

286 1443 104 18 Allmänna
401 1443 188 18 Besvärsutskottets
602 1442 121 18 betänkande
735 1442 36 18 N:o
784 1442 27 18 36.
