1048 1731
220 127 24 20 16
379 125 275 22 Petitionsbetänkande
684 125 41 22 N:o
740 125 37 23 33.

258 188 64 17 Denna
342 187 97 23 utvidning
457 187 60 18 skulle
536 187 47 18 först
598 187 34 18 och
645 187 66 18 främst
723 187 60 18 befria
795 187 35 18 den
843 187 103 18 nuvarande

188 217 167 17 elementarskolan
364 216 41 18 från
417 216 42 18 dess
471 216 81 23 tynande
564 217 28 20 lif,
605 218 44 15 enär
662 217 35 17 den
709 221 66 18 genom
788 217 28 17 sin
829 216 116 23 vidlyftigare

188 245 85 17 lärokurs
287 245 33 17 och
334 245 59 17 ökade
412 245 133 18 lärarekrafter
557 245 60 17 blefve
630 245 21 17 af
662 245 35 18 den
710 247 50 16 stora
773 245 122 17 allmänheten
907 249 37 13 om-

189 273 60 18 fattad
261 273 42 18 med
315 278 50 13 mera
377 275 65 21 ynnest
455 273 34 18 och
505 273 78 18 sålunda
600 273 73 18 komme
686 275 28 16 att
726 273 79 18 besökas
818 273 21 18 af
849 275 27 16 ett
888 275 57 16 större

189 301 50 18 antal
258 301 65 18 elever.
348 302 36 17 För
397 302 31 17 det
440 301 59 18 andra
517 301 59 18 skulle
593 301 100 18 Sordavala
705 302 34 17 och
753 302 42 17 dess
806 301 139 23 kringliggande

188 330 64 23 nejder
265 330 105 23 derigenom
383 330 70 18 erhålla
465 335 22 13 en
500 330 168 23 bildningsanstalt,
677 330 89 18 hvarmed
779 330 90 17 behofven
881 329 65 19 åtmin-

192 360 52 16 stone
258 359 103 18 tillsvidare
373 364 42 12 vore
428 359 146 18 tillfredsstälda.
598 358 34 18 Om
645 359 82 18 deremot
740 359 60 17 denna
811 359 52 17 skola
870 359 29 17 för
911 358 36 18 får-

189 387 58 18 blifva
269 387 5 17 i
293 387 32 18 sitt
337 387 106 18 nuvarande
459 387 47 23 läge,
519 387 20 18 så
551 387 58 18 blifva
621 387 39 18 helt
673 387 63 18 säkert
749 392 70 13 samma
835 387 111 17 missförhål-

188 415 67 18 landen
268 415 33 18 der
313 415 27 18 alt
353 415 114 18 fortfarande
480 415 82 18 rådande
574 415 34 18 och
620 415 71 18 medlen
701 415 29 18 för
739 415 122 18 bekostandet
867 415 21 18 af
895 415 50 17 detta

190 444 85 17 läroverk
289 444 73 17 komma
375 445 27 16 att
415 444 83 18 medföra
510 444 52 22 ringa
575 445 57 22 nytta.

257 473 40 17 Den
310 473 5 16 i
329 473 52 22 fråga
394 473 80 17 varande
486 473 74 17 skolans
573 473 76 17 distrikt
662 473 37 17 kan
713 477 54 13 anses
779 472 78 17 omfatta
866 472 78 17 förutom

188 501 101 18 Sordavala
301 501 42 17 stad
356 502 21 17 15
390 501 93 18 särskilda
501 501 130 23 församlingar
646 501 45 17 eller
703 501 66 17 inalles
782 500 77 23 ungefär
873 501 73 20 100,000

188 534 92 17 personer.
304 530 35 16 Till
358 531 93 16 närmaste
468 529 41 18 stad
528 529 40 17 med
587 529 118 23 fullständigt
724 530 70 22 lyceum
813 530 20 16 är
849 534 24 12 nu
889 533 22 13 en
925 530 22 16 20

189 557 40 18 mils
243 560 41 20 väg.

257 586 51 18 Enär
328 586 75 21 således,
423 586 59 18 såsom
501 586 54 18 ofvan
574 586 117 21 framhållits,
711 586 120 22 utvidgandet
849 586 20 17 af
881 586 66 17 nämda

188 614 53 18 skola
253 616 21 16 är
286 614 96 23 påkalladt
395 615 20 17 af
426 616 26 16 ett
465 614 79 23 verkligt
556 614 58 18 behof
625 615 5 16 i
644 616 49 16 östra
706 614 53 18 delen
772 614 20 18 af
803 614 67 21 landet,
883 614 20 17 så
916 619 31 12 an-

188 642 51 18 hålla
251 643 17 17 vi
281 643 100 21 vördsamt,
399 644 27 16 att
444 642 114 18 hedervärda
575 642 135 18 bondeståndet
726 648 65 17 genom
804 642 63 18 remiss
879 642 28 17 till
919 644 28 15 ut-

189 672 50 17 skott
257 672 58 17 måtte
335 671 120 23 understödja
473 676 22 13 en
514 671 114 23 underdånig
646 672 77 22 petition
736 672 34 17 hos
783 672 50 17 Hans
845 671 102 22 Kejserliga

189 700 88 22 Majestät
291 701 4 16 i
309 700 54 23 syfte,

361 735 28 17 att
410 734 99 18 Sordavala
530 734 108 23 tväklassiga
653 734 134 23 finskspråkiga
799 733 146 19 elementarskola

328 762 55 18 måtte
394 762 84 24 utvidgas
491 762 28 18 till
530 762 106 24 fyrklassig.

255 802 122 23 Helsingfors,
390 802 34 18 den
438 803 9 17 3
461 802 81 18 februari
558 802 49 18 1888.

258 854 21 22 K.
296 855 20 21 H.
333 854 106 22 Teittinen.
690 854 66 22 Mikko
773 854 102 22 Helenius.

188 951 52 18 IX.

327 979 52 17 Till
397 979 150 22 Vällofliga
565 979 244 23 Borgareständet!

257 1024 36 18 Vid
305 1026 66 16 tvenne
384 1027 62 15 senast
458 1025 62 17 hållna
533 1025 111 22 landtdagar
656 1025 34 17 har
703 1024 105 23 Nykarleby
828 1023 40 18 stad
881 1029 63 17 genom

188 1053 41 17 dess
242 1053 105 18 dåvarande
359 1053 67 18 ombud
439 1053 117 23 petitionerat
569 1059 29 12 om
611 1053 104 18 inrättande
729 1054 6 17 i
749 1053 78 18 nämnda
840 1052 41 18 stad
893 1053 20 17 af
923 1057 21 13 en

188 1082 23 21 på
224 1083 70 16 statens
313 1082 103 18 bekostnad
435 1082 119 18 underhållen
568 1082 133 18 förberedande
715 1081 53 18 skola
781 1081 28 18 för
822 1081 71 17 inträde
905 1081 5 17 i
923 1081 22 18 de

188 1111 56 22 högre
264 1111 113 18 läroverken.
402 1111 94 18 Hvardera
514 1111 71 22 gången
604 1111 34 18 har
656 1111 60 18 denna
729 1110 87 19 anhållan
828 1110 41 17 icke
881 1110 64 17 vunnit

188 1138 100 19 understöd
306 1139 33 18 hos
359 1140 172 21 representationen,
544 1139 38 18 dels
602 1139 73 18 emedan
696 1139 65 18 staden
774 1139 45 22 egde
831 1138 77 23 tillgång
921 1139 24 22 pä

188 1167 63 23 dylika
264 1168 123 23 inrättningar
399 1169 5 16 i
417 1168 102 18 Jakobstad
538 1169 34 17 och
588 1169 149 22 Gamlakarleby,
750 1168 38 17 dels
801 1167 62 18 derför
875 1169 28 16 att
915 1168 30 17 det

188 1197 5 16 i
206 1197 105 23 Nykarleby
325 1197 84 22 förlagda
422 1198 114 17 seminariets
548 1197 125 18 normalskola
683 1197 78 22 ansåges
771 1196 134 18 tillfredsställa
913 1197 30 17 det

188 1225 23 22 på
223 1225 73 22 platsen
309 1225 83 18 rådande
404 1225 86 18 behofvet
503 1229 18 14 at
535 1231 21 12 en
569 1225 158 18 elementarskola.

257 1254 60 17 Sedan
329 1259 24 12 nu
366 1254 101 17 emellertid
479 1255 105 22 Nykarleby
598 1254 91 18 alltsedan
703 1255 45 17 1876
762 1254 46 17 varit
822 1254 5 16 i
843 1253 70 17 saknad
926 1254 20 16 af

188 1287 22 12 en
223 1282 122 21 bottenskola,
359 1282 29 17 för
400 1283 101 17 beredande
514 1283 20 18 af
546 1283 96 22 möjlighet
650 1283 27 17 till
690 1282 73 18 inträde
772 1281 30 18 vid
811 1281 70 18 landets
894 1281 51 17 lärda

188 1310 71 21 skolor,
278 1311 34 17 har
331 1311 104 18 erfarenhet
453 1311 70 18 kunnat
540 1312 64 17 vinnas
620 1317 29 12 om
662 1311 107 22 betydelsen
783 1310 20 18 af
814 1309 22 18 de
849 1309 46 22 skäl,
907 1314 38 13 som

188 1339 112 18 framhållits
313 1341 38 16 mot
364 1340 105 17 inrättande
481 1340 20 17 af
513 1345 21 12 en
548 1339 153 18 elementarskola
714 1340 5 17 i
733 1339 70 18 staden.
821 1338 7 17 I
841 1337 66 18 sådant
919 1338 26 17 af-

188 1367 66 19 seende
267 1368 73 19 anhåller
383 1374 11 17 jag
407 1371 27 16 att
443 1369 64 18 främst
516 1369 19 18 få
544 1369 94 22 anmärka,
648 1369 87 17 hurusom
745 1367 114 18 seminariets
869 1365 76 19 normal-

188 1396 53 18 skola
254 1396 57 18 redan
324 1396 27 18 till
365 1397 28 17 sin
405 1398 124 22 organisation
542 1398 40 17 icke
595 1398 37 17 kan
645 1398 70 16 ersätta
723 1396 71 18 bristen
807 1396 23 22 på
839 1400 21 13 en
869 1396 76 16 elemen-

258 1430 99 18 Allmänna
369 1431 173 18 Besvärsutskottets
553 1431 109 18 betänkande
675 1430 36 18 N:o
724 1430 32 18 27.
