1048 1731
257 195 71 22 Ständ.
344 195 43 22 Pet.
402 207 27 3 —
446 195 144 21 Petitionsbet.
606 194 35 22 N:o
657 194 37 22 26.
808 194 13 21 3

92 259 164 27 ursprungligen
272 258 146 27 provisionela
434 258 42 21 och
491 257 34 22 för
540 259 31 20 ett
584 257 157 28 jemförelsevis
755 258 94 27 begrän-

93 294 49 21 sadt
164 293 101 22 ändamål
287 293 109 21 inrättade
412 293 105 21 anstalter
534 292 68 27 skapa
617 292 119 21 bestående
752 293 42 21 och
809 293 40 20 nå-

92 330 37 25 got
152 334 59 15 mera
225 327 116 27 utvidgade
357 327 152 27 inrättningar,
529 327 73 20 hvilka
616 327 55 21 hvar
686 327 59 21 inom
761 328 37 20 sitt
813 327 36 21 län

93 363 7 20 i
115 362 112 29 tillräcklig
243 368 52 15 mon
310 361 89 28 erbjöde
414 361 202 27 förlossningshjelp
632 361 23 21 åt
664 361 59 27 gifta,
734 361 48 21 icke
792 362 56 20 min-

94 397 38 22 dre
152 399 27 19 än
205 397 22 21 åt
250 396 66 27 ogifta
339 396 100 27 qvinnor,
460 395 65 22 hafva
541 395 122 22 Ständerna
679 398 52 19 trott
747 396 32 27 sig
793 395 56 22 böra

93 431 91 22 omfatta
195 431 117 22 desamma.

162 483 62 21 Emot
240 483 63 21 dessa
318 481 81 28 förslag
415 482 73 21 kunde
504 482 42 21 den
562 481 162 28 invändningen
734 483 71 27 göras,
818 484 31 19 att

94 518 35 21 det
144 517 68 22 behof
224 517 23 21 af
261 516 199 28 förlossningshjelp
476 517 170 27 petitionärerne
658 517 69 21 önska
737 517 114 27 tillgodose

94 552 110 22 måhända
225 552 44 21 läte
291 552 32 26 sig
345 550 155 22 tillfredställas
523 551 68 21 redan
615 551 131 27 derigenom,
766 554 31 18 att
812 552 38 21 be-

94 587 136 27 stämningen
249 593 36 14 om
303 585 53 28 gifta
376 586 105 26 gvinnurs
497 585 137 22 uteslutande
650 585 47 21 från
713 586 26 21 de
755 586 96 22 förefint-

94 622 43 26 liga
159 620 276 28 förlossningsanstalterna
458 620 127 27 upphäfdes.
616 620 46 21 Den
678 620 115 27 utredning
808 620 43 22 frå-

94 662 43 20 gan
148 656 39 20 hos
203 655 122 21 Ständerna
340 654 85 22 erhållit
441 654 73 22 ställer
529 654 119 22 emellertid
658 656 60 20 utom
729 654 79 27 tvifvel,
820 656 32 20 att

95 690 27 21 de
145 692 79 19 tvänne
240 690 81 27 platser
335 689 76 27 hvarje
427 689 24 21 af
464 689 26 21 de
506 689 147 27 provisionela
668 689 182 27 förlossningsan-

95 724 104 22 stalterna
214 724 32 22 för
262 724 200 27 närvarandejeger
477 724 133 20 åtminstone
627 724 46 21 icke
688 724 60 21 inom
763 724 42 21 alla
816 724 36 21 län

95 760 36 20 stä
146 759 7 20 i
168 759 133 21 förhållande
316 759 31 20 till
363 759 82 21 antalet
460 758 201 28 hjelpbehötvande.
691 758 38 22 Att
743 761 108 25 noggrant

95 793 67 21 fixera
177 794 81 21 antalet
280 792 108 28 behöfliga
404 793 131 27 sjukplatser
550 793 54 21 låter
620 793 32 26 sig
667 792 32 22 för
715 794 136 20 närvarande

96 828 48 21 icke
159 829 59 26 göra,
236 828 28 21 då
279 828 73 26 någon
367 827 47 21 fullt
430 828 65 20 säker
510 827 114 21 erfarenhet
648 828 47 21 icke
710 828 43 21 kan
764 828 85 21 hemtas

95 862 48 22 från
166 862 26 22 de
209 862 55 22 blott
279 862 32 21 för
327 862 66 26 ogifta
409 861 171 22 barnföderskor
595 862 90 21 afsedda
699 862 152 27 förlossnings-

96 896 139 22 anstalterna.
265 896 48 22 Med
329 896 102 22 säkerhet
446 896 41 21 har
503 896 56 22 dock
570 896 153 30 konstaterats,
734 899 32 19 att
776 896 78 22 behof-

95 933 36 20 vet
146 932 7 20 i
168 931 121 22 förberördt
305 930 102 23 afseende
422 931 61 21 inom
499 931 58 21 olika
573 931 35 21 län
620 933 23 20 är
654 932 137 27 synnerligen
801 938 52 15 vex-

95 966 70 22 lande.
195 966 28 21 Sä
234 966 39 21 har
281 965 68 22 under
362 966 24 21 år
397 965 55 22 1886
461 965 36 22 vid
505 965 252 28 förlossningsanstalten
768 967 6 20 i
785 967 68 21 Wasa

96 1001 88 21 värdats
207 1001 19 26 8,
249 1000 36 21 vid
309 1000 108 21 anstalten
441 1000 6 21 i
466 1000 92 27 Wiborg
574 1001 34 26 30,
624 1001 6 20 i
646 1001 83 27 Kuopio
745 1002 25 20 31
789 1001 42 22 och
847 1001 6 21 i

96 1029 48 28 Åbo
160 1036 26 21 57
202 1035 173 21 barnföderskor.
405 1035 177 21 Vidkommande
593 1035 95 27 Nylands
699 1036 35 20 län
745 1042 51 21 eger
807 1036 46 21 det-

96 1076 86 15 samma
196 1070 7 20 i
218 1070 42 21 den
275 1071 59 20 stora
349 1069 273 28 barnbördsinrättningen
637 1070 7 20 i
658 1069 158 22 hufvudstaden
827 1076 27 15 en

96 1104 81 21 anstalt
192 1104 32 21 för
239 1104 165 27 ifrägavarande
425 1104 111 26 ändamäl,
552 1104 87 21 hvilken
654 1104 55 21 dock
725 1105 18 27 ej
760 1105 43 20 kan
819 1111 33 15 er-

96 1138 66 27 bjuda
177 1139 72 26 nägon
261 1138 124 27 jemförelse
400 1139 52 21 med
468 1139 27 21 de
511 1139 36 20 vid
562 1139 166 22 länesjukhusen
744 1139 109 22 inrättade

96 1172 281 28 förlossningsanstalterna,
395 1175 54 19 enär
465 1173 129 21 densamma
610 1175 24 19 är
650 1173 73 22 afsedd
739 1173 33 22 för
787 1173 67 22 delvis

96 1207 44 22 helt
155 1208 68 21 andra
239 1207 99 28 syftemäl
353 1209 28 19 än
397 1207 66 22 dessa
479 1208 151 27 inrättningar,
646 1208 109 27 nämligen
769 1207 34 22 för
818 1209 36 20 sä-

96 1242 36 21 väl
146 1242 84 21 läkare-
246 1248 48 15 som
309 1241 338 28 barnmorskeundervisningen.

166 1294 69 21 Jemte
258 1294 36 21 det
309 1293 123 22 Ständerna
449 1301 62 20 anse,
527 1296 32 19 att
575 1294 41 21 den
631 1295 71 26 gamla
718 1295 135 21 bestämnin-

96 1334 43 21 gen
155 1335 36 14 om
206 1329 26 21 de
253 1328 66 27 ogifta
334 1328 214 22 barnföderskornas
564 1329 135 22 uteslutande
709 1329 103 27 rättighet
823 1331 31 20 att

97 1363 7 21 i
120 1363 26 21 de
161 1363 145 27 provisionela
322 1363 135 21 anstalterna
473 1363 87 27 intagas
576 1376 27 2 —
614 1363 84 22 hvilken
717 1364 138 28 bestämning

96 1397 114 29 föranledt,
233 1400 32 19 att
286 1398 53 27 gifta
357 1398 94 27 gvinnor
467 1398 65 22 äfven
546 1399 36 21 vid
598 1400 64 20 svära
677 1399 178 27 förlossningsfall

97 1432 77 21 nekats
189 1432 92 22 tillträde
296 1432 30 21 till
342 1432 114 22 desamma
473 1446 27 2 —
516 1433 48 21 icke
582 1433 73 22 vidare
671 1433 39 22 bör
728 1434 126 27 bibehållas,

98 1472 64 22 synes
178 1467 36 21 det
229 1467 122 21 Ständerna
363 1467 83 27 jemväl
463 1468 96 26 önskligt
570 1470 31 18 att
612 1468 169 26 sjukbäddarnes
793 1469 60 21 antal

97 1502 7 20 i
129 1501 27 22 de
188 1502 35 20 vid
255 1502 168 27 länesjukhusen
439 1502 112 21 inrättade
576 1502 279 28 förlossningsanstalterna
