<?xml version="1.0" encoding="UTF-8"?>
<alto xmlns="http://www.loc.gov/standards/alto/ns-v3#" xmlns:xlink="http://www.w3.org/1999/xlink" xmlns:xsi="http://www.w3.org/2001/XMLSchema-instance" xsi:schemaLocation="http://www.loc.gov/standards/alto/ns-v3# http://www.loc.gov/alto/v3/alto-3-0.xsd">
	<Description>
		<MeasurementUnit>pixel</MeasurementUnit>
		<sourceImageInformation>
			<fileName>/tmp/tess_5dk940if_input.PNG</fileName>
		</sourceImageInformation>
		<OCRProcessing ID="OCR_0">
			<ocrProcessingStep>
				<processingSoftware>
					<softwareName>tesseract 5.3.4</softwareName>
				</processingSoftware>
			</ocrProcessingStep>
		</OCRProcessing>
	</Description>
	<Layout>
		<Page WIDTH="1048" HEIGHT="1731" PHYSICAL_IMG_NR="0" ID="page_0">
			<PrintSpace HPOS="0" VPOS="0" WIDTH="1048" HEIGHT="1731">
				<ComposedBlock ID="cblock_0" HPOS="215" VPOS="139" WIDTH="525" HEIGHT="26">
					<TextBlock ID="block_0" HPOS="215" VPOS="139" WIDTH="525" HEIGHT="26">
						<TextLine ID="line_0" HPOS="215" VPOS="139" WIDTH="525" HEIGHT="26">
							<String ID="string_0" HPOS="215" VPOS="142" WIDTH="15" HEIGHT="21" WC="0.96" CONTENT="4"/><SP WIDTH="169" VPOS="142" HPOS="230"/>
							<String ID="string_1" HPOS="399" VPOS="139" WIDTH="240" HEIGHT="24" WC="0.92" CONTENT="Motionsbetänkande"/><SP WIDTH="16" VPOS="139" HPOS="639"/>
							<String ID="string_2" HPOS="655" VPOS="139" WIDTH="39" HEIGHT="24" WC="0.96" CONTENT="N:o"/><SP WIDTH="16" VPOS="139" HPOS="694"/>
							<String ID="string_3" HPOS="710" VPOS="139" WIDTH="30" HEIGHT="26" WC="0.92" CONTENT="10."/>
						</TextLine>
					</TextBlock>
				</ComposedBlock>
				<ComposedBlock ID="cblock_1" HPOS="185" VPOS="205" WIDTH="766" HEIGHT="435">
					<TextBlock ID="block_1" HPOS="185" VPOS="205" WIDTH="766" HEIGHT="336">
						<TextLine ID="line_1" HPOS="186" VPOS="205" WIDTH="765" HEIGHT="28">
							<String ID="string_4" HPOS="186" VPOS="206" WIDTH="81" HEIGHT="27" WC="0.89" CONTENT="gandet"/><SP WIDTH="15" VPOS="206" HPOS="267"/>
							<String ID="string_5" HPOS="282" VPOS="206" WIDTH="7" HEIGHT="21" WC="0.96" CONTENT="i"/><SP WIDTH="16" VPOS="206" HPOS="289"/>
							<String ID="string_6" HPOS="305" VPOS="206" WIDTH="77" HEIGHT="27" WC="0.94" CONTENT="Kongl."/><SP WIDTH="23" VPOS="206" HPOS="382"/>
							<String ID="string_7" HPOS="405" VPOS="205" WIDTH="154" HEIGHT="28" WC="0.96" CONTENT="förordningen"/><SP WIDTH="24" VPOS="205" HPOS="559"/>
							<String ID="string_8" HPOS="583" VPOS="206" WIDTH="41" HEIGHT="21" WC="0.96" CONTENT="den"/><SP WIDTH="21" VPOS="206" HPOS="624"/>
							<String ID="string_9" HPOS="645" VPOS="206" WIDTH="25" HEIGHT="21" WC="0.96" CONTENT="19"/><SP WIDTH="15" VPOS="206" HPOS="670"/>
							<String ID="string_10" HPOS="685" VPOS="206" WIDTH="91" HEIGHT="21" WC="0.96" CONTENT="Januari"/><SP WIDTH="16" VPOS="206" HPOS="776"/>
							<String ID="string_11" HPOS="792" VPOS="206" WIDTH="63" HEIGHT="27" WC="0.95" CONTENT="1758,"/><SP WIDTH="16" VPOS="206" HPOS="855"/>
							<String ID="string_12" HPOS="871" VPOS="213" WIDTH="34" HEIGHT="14" WC="0.96" CONTENT="om"/><SP WIDTH="16" VPOS="213" HPOS="905"/>
							<String ID="string_13" HPOS="921" VPOS="207" WIDTH="30" HEIGHT="20" WC="0.96" CONTENT="att"/>
						</TextLine>
						<TextLine ID="line_2" HPOS="186" VPOS="240" WIDTH="765" HEIGHT="27">
							<String ID="string_14" HPOS="186" VPOS="240" WIDTH="145" HEIGHT="22" WC="0.96" CONTENT="frånvarande"/><SP WIDTH="21" VPOS="240" HPOS="331"/>
							<String ID="string_15" HPOS="352" VPOS="241" WIDTH="19" HEIGHT="26" WC="0.93" CONTENT="ej"/><SP WIDTH="15" VPOS="241" HPOS="371"/>
							<String ID="string_16" HPOS="386" VPOS="240" WIDTH="53" HEIGHT="27" WC="0.93" CONTENT="egde"/><SP WIDTH="16" VPOS="240" HPOS="439"/>
							<String ID="string_17" HPOS="455" VPOS="241" WIDTH="46" HEIGHT="20" WC="0.96" CONTENT="rätt"/><SP WIDTH="14" VPOS="241" HPOS="501"/>
							<String ID="string_18" HPOS="515" VPOS="242" WIDTH="32" HEIGHT="19" WC="0.96" CONTENT="att"/><SP WIDTH="15" VPOS="242" HPOS="547"/>
							<String ID="string_19" HPOS="562" VPOS="241" WIDTH="60" HEIGHT="20" WC="0.95" CONTENT="rösta"/><SP WIDTH="14" VPOS="241" HPOS="622"/>
							<String ID="string_20" HPOS="636" VPOS="247" WIDTH="78" HEIGHT="20" WC="0.96" CONTENT="genom"/><SP WIDTH="16" VPOS="247" HPOS="714"/>
							<String ID="string_21" HPOS="730" VPOS="240" WIDTH="86" HEIGHT="27" WC="0.96" CONTENT="ombud,"/><SP WIDTH="16" VPOS="240" HPOS="816"/>
							<String ID="string_22" HPOS="832" VPOS="241" WIDTH="56" HEIGHT="21" WC="0.96" CONTENT="hade"/><SP WIDTH="15" VPOS="241" HPOS="888"/>
							<String ID="string_23" HPOS="903" VPOS="240" WIDTH="48" HEIGHT="22" WC="0.96" CONTENT="bort"/>
						</TextLine>
						<TextLine ID="line_3" HPOS="186" VPOS="269" WIDTH="765" HEIGHT="33">
							<String ID="string_24" HPOS="186" VPOS="275" WIDTH="115" HEIGHT="26" WC="0.89" CONTENT="iakttagas,"/><SP WIDTH="17" VPOS="275" HPOS="301"/>
							<String ID="string_25" HPOS="318" VPOS="275" WIDTH="39" HEIGHT="21" WC="0.96" CONTENT="har"/><SP WIDTH="15" VPOS="275" HPOS="357"/>
							<String ID="string_26" HPOS="372" VPOS="275" WIDTH="115" HEIGHT="21" WC="0.96" CONTENT="osäkerhet"/><SP WIDTH="10" VPOS="275" HPOS="487"/>
							<String ID="string_27" HPOS="497" VPOS="275" WIDTH="7" HEIGHT="20" WC="0.96" CONTENT="i"/><SP WIDTH="11" VPOS="275" HPOS="504"/>
							<String ID="string_28" HPOS="515" VPOS="275" WIDTH="164" HEIGHT="26" WC="0.96" CONTENT="tillämpningen"/><SP WIDTH="12" VPOS="275" HPOS="679"/>
							<String ID="string_29" HPOS="691" VPOS="275" WIDTH="102" HEIGHT="27" WC="0.96" CONTENT="uppstått."/><SP WIDTH="24" VPOS="275" HPOS="793"/>
							<String ID="string_30" HPOS="817" VPOS="269" WIDTH="134" HEIGHT="27" WC="0.96" CONTENT="Åtminstone"/>
						</TextLine>
						<TextLine ID="line_4" HPOS="186" VPOS="309" WIDTH="765" HEIGHT="26">
							<String ID="string_31" HPOS="186" VPOS="309" WIDTH="14" HEIGHT="21" WC="0.90" CONTENT="ä"/><SP WIDTH="22" VPOS="309" HPOS="200"/>
							<String ID="string_32" HPOS="222" VPOS="315" WIDTH="26" HEIGHT="15" WC="0.96" CONTENT="en"/><SP WIDTH="23" VPOS="315" HPOS="248"/>
							<String ID="string_33" HPOS="271" VPOS="309" WIDTH="35" HEIGHT="21" WC="0.96" CONTENT="del"/><SP WIDTH="23" VPOS="309" HPOS="306"/>
							<String ID="string_34" HPOS="329" VPOS="310" WIDTH="58" HEIGHT="20" WC="0.96" CONTENT="orter"/><SP WIDTH="22" VPOS="310" HPOS="387"/>
							<String ID="string_35" HPOS="409" VPOS="309" WIDTH="40" HEIGHT="21" WC="0.96" CONTENT="har"/><SP WIDTH="22" VPOS="309" HPOS="449"/>
							<String ID="string_36" HPOS="471" VPOS="309" WIDTH="109" HEIGHT="26" WC="0.93" CONTENT="nämligen"/><SP WIDTH="20" VPOS="309" HPOS="580"/>
							<String ID="string_37" HPOS="600" VPOS="309" WIDTH="93" HEIGHT="21" WC="0.96" CONTENT="derefter"/><SP WIDTH="16" VPOS="309" HPOS="693"/>
							<String ID="string_38" HPOS="709" VPOS="309" WIDTH="35" HEIGHT="21" WC="0.96" CONTENT="det"/><SP WIDTH="15" VPOS="309" HPOS="744"/>
							<String ID="string_39" HPOS="759" VPOS="309" WIDTH="130" HEIGHT="26" WC="0.96" CONTENT="förfarande,"/><SP WIDTH="16" VPOS="309" HPOS="889"/>
							<String ID="string_40" HPOS="905" VPOS="314" WIDTH="46" HEIGHT="15" WC="0.96" CONTENT="som"/>
						</TextLine>
						<TextLine ID="line_5" HPOS="186" VPOS="342" WIDTH="765" HEIGHT="28">
							<String ID="string_41" HPOS="186" VPOS="343" WIDTH="68" HEIGHT="22" WC="0.96" CONTENT="finnes"/><SP WIDTH="23" VPOS="343" HPOS="254"/>
							<String ID="string_42" HPOS="277" VPOS="343" WIDTH="7" HEIGHT="21" WC="0.96" CONTENT="i"/><SP WIDTH="23" VPOS="343" HPOS="284"/>
							<String ID="string_43" HPOS="307" VPOS="343" WIDTH="92" HEIGHT="22" WC="0.96" CONTENT="berörda"/><SP WIDTH="23" VPOS="343" HPOS="399"/>
							<String ID="string_44" HPOS="422" VPOS="343" WIDTH="128" HEIGHT="27" WC="0.96" CONTENT="förordning"/><SP WIDTH="22" VPOS="343" HPOS="550"/>
							<String ID="string_45" HPOS="572" VPOS="343" WIDTH="24" HEIGHT="22" WC="0.96" CONTENT="af"/><SP WIDTH="18" VPOS="343" HPOS="596"/>
							<String ID="string_46" HPOS="614" VPOS="343" WIDTH="41" HEIGHT="21" WC="0.96" CONTENT="den"/><SP WIDTH="20" VPOS="343" HPOS="655"/>
							<String ID="string_47" HPOS="675" VPOS="343" WIDTH="27" HEIGHT="22" WC="0.96" CONTENT="19"/><SP WIDTH="15" VPOS="343" HPOS="702"/>
							<String ID="string_48" HPOS="717" VPOS="343" WIDTH="91" HEIGHT="22" WC="0.96" CONTENT="Januari"/><SP WIDTH="18" VPOS="343" HPOS="808"/>
							<String ID="string_49" HPOS="826" VPOS="343" WIDTH="55" HEIGHT="22" WC="0.93" CONTENT="1758"/><SP WIDTH="14" VPOS="343" HPOS="881"/>
							<String ID="string_50" HPOS="895" VPOS="342" WIDTH="56" HEIGHT="21" WC="0.93" CONTENT="före-"/>
						</TextLine>
						<TextLine ID="line_6" HPOS="186" VPOS="374" WIDTH="765" HEIGHT="31">
							<String ID="string_51" HPOS="186" VPOS="377" WIDTH="95" HEIGHT="27" WC="0.92" CONTENT="skrifvet,"/><SP WIDTH="24" VPOS="377" HPOS="281"/>
							<String ID="string_52" HPOS="305" VPOS="377" WIDTH="118" HEIGHT="28" WC="0.95" CONTENT="iakttagits."/><SP WIDTH="30" VPOS="377" HPOS="423"/>
							<String ID="string_53" HPOS="453" VPOS="377" WIDTH="44" HEIGHT="22" WC="0.96" CONTENT="För"/><SP WIDTH="19" VPOS="377" HPOS="497"/>
							<String ID="string_54" HPOS="516" VPOS="377" WIDTH="108" HEIGHT="22" WC="0.96" CONTENT="vinnande"/><SP WIDTH="22" VPOS="377" HPOS="624"/>
							<String ID="string_55" HPOS="646" VPOS="377" WIDTH="24" HEIGHT="22" WC="0.96" CONTENT="af"/><SP WIDTH="13" VPOS="377" HPOS="670"/>
							<String ID="string_56" HPOS="683" VPOS="374" WIDTH="101" HEIGHT="25" WC="0.84" CONTENT="säkerhet"/><SP WIDTH="15" VPOS="374" HPOS="784"/>
							<String ID="string_57" HPOS="799" VPOS="378" WIDTH="7" HEIGHT="21" WC="0.93" CONTENT="i"/><SP WIDTH="15" VPOS="378" HPOS="806"/>
							<String ID="string_58" HPOS="821" VPOS="377" WIDTH="130" HEIGHT="26" WC="0.91" CONTENT="tillämpnin-"/>
						</TextLine>
						<TextLine ID="line_7" HPOS="185" VPOS="411" WIDTH="765" HEIGHT="28">
							<String ID="string_59" HPOS="185" VPOS="418" WIDTH="41" HEIGHT="21" WC="0.96" CONTENT="gen"/><SP WIDTH="23" VPOS="418" HPOS="226"/>
							<String ID="string_60" HPOS="249" VPOS="413" WIDTH="57" HEIGHT="20" WC="0.93" CONTENT="samt"/><SP WIDTH="22" VPOS="413" HPOS="306"/>
							<String ID="string_61" HPOS="328" VPOS="411" WIDTH="147" HEIGHT="28" WC="0.92" CONTENT="likformighet"/><SP WIDTH="22" VPOS="411" HPOS="475"/>
							<String ID="string_62" HPOS="497" VPOS="411" WIDTH="48" HEIGHT="22" WC="0.96" CONTENT="med"/><SP WIDTH="23" VPOS="411" HPOS="545"/>
							<String ID="string_63" HPOS="568" VPOS="412" WIDTH="27" HEIGHT="21" WC="0.96" CONTENT="de"/><SP WIDTH="19" VPOS="412" HPOS="595"/>
							<String ID="string_64" HPOS="614" VPOS="411" WIDTH="36" HEIGHT="22" WC="0.93" CONTENT="vid"/><SP WIDTH="19" VPOS="411" HPOS="650"/>
							<String ID="string_65" HPOS="669" VPOS="411" WIDTH="173" HEIGHT="22" WC="0.92" CONTENT="rådhusstämma"/><SP WIDTH="15" VPOS="411" HPOS="842"/>
							<String ID="string_66" HPOS="857" VPOS="411" WIDTH="93" HEIGHT="22" WC="0.94" CONTENT="skeende"/>
						</TextLine>
						<TextLine ID="line_8" HPOS="186" VPOS="445" WIDTH="764" HEIGHT="28">
							<String ID="string_67" HPOS="186" VPOS="447" WIDTH="49" HEIGHT="20" WC="0.96" CONTENT="rent"/><SP WIDTH="22" VPOS="447" HPOS="235"/>
							<String ID="string_68" HPOS="257" VPOS="445" WIDTH="138" HEIGHT="22" WC="0.95" CONTENT="kommunala"/><SP WIDTH="22" VPOS="445" HPOS="395"/>
							<String ID="string_69" HPOS="417" VPOS="446" WIDTH="62" HEIGHT="21" WC="0.96" CONTENT="valen"/><SP WIDTH="20" VPOS="446" HPOS="479"/>
							<String ID="string_70" HPOS="499" VPOS="452" WIDTH="63" HEIGHT="21" WC="0.96" CONTENT="synes"/><SP WIDTH="18" VPOS="452" HPOS="562"/>
							<String ID="string_71" HPOS="580" VPOS="445" WIDTH="90" HEIGHT="22" WC="0.96" CONTENT="sålunda"/><SP WIDTH="15" VPOS="445" HPOS="670"/>
							<String ID="string_72" HPOS="685" VPOS="446" WIDTH="56" HEIGHT="21" WC="0.96" CONTENT="enda"/><SP WIDTH="15" VPOS="446" HPOS="741"/>
							<String ID="string_73" HPOS="756" VPOS="447" WIDTH="92" HEIGHT="26" WC="0.96" CONTENT="utvägen"/><SP WIDTH="15" VPOS="447" HPOS="848"/>
							<String ID="string_74" HPOS="863" VPOS="451" WIDTH="87" HEIGHT="16" WC="0.96" CONTENT="numera"/>
						</TextLine>
						<TextLine ID="line_9" HPOS="185" VPOS="479" WIDTH="765" HEIGHT="28">
							<String ID="string_75" HPOS="185" VPOS="486" WIDTH="53" HEIGHT="15" WC="0.96" CONTENT="vara"/><SP WIDTH="20" VPOS="486" HPOS="238"/>
							<String ID="string_76" HPOS="258" VPOS="482" WIDTH="33" HEIGHT="19" WC="0.96" CONTENT="att"/><SP WIDTH="21" VPOS="482" HPOS="291"/>
							<String ID="string_77" HPOS="312" VPOS="486" WIDTH="77" HEIGHT="21" WC="0.96" CONTENT="genom"/><SP WIDTH="16" VPOS="486" HPOS="389"/>
							<String ID="string_78" HPOS="405" VPOS="481" WIDTH="34" HEIGHT="26" WC="0.96" CONTENT="lag"/><SP WIDTH="16" VPOS="481" HPOS="439"/>
							<String ID="string_79" HPOS="455" VPOS="480" WIDTH="126" HEIGHT="27" WC="0.93" CONTENT="uttryckligt"/><SP WIDTH="15" VPOS="480" HPOS="581"/>
							<String ID="string_80" HPOS="596" VPOS="480" WIDTH="109" HEIGHT="27" WC="0.92" CONTENT="upphäfva"/><SP WIDTH="16" VPOS="480" HPOS="705"/>
							<String ID="string_81" HPOS="721" VPOS="480" WIDTH="131" HEIGHT="21" WC="0.90" CONTENT="sistnämnda"/><SP WIDTH="14" VPOS="480" HPOS="852"/>
							<String ID="string_82" HPOS="866" VPOS="479" WIDTH="84" HEIGHT="22" WC="0.90" CONTENT="författ-"/>
						</TextLine>
						<TextLine ID="line_10" HPOS="186" VPOS="520" WIDTH="58" HEIGHT="21">
							<String ID="string_83" HPOS="186" VPOS="520" WIDTH="58" HEIGHT="21" WC="0.95" CONTENT="ning."/>
						</TextLine>
					</TextBlock>
					<TextBlock ID="block_2" HPOS="186" VPOS="548" WIDTH="765" HEIGHT="92">
						<TextLine ID="line_11" HPOS="256" VPOS="548" WIDTH="695" HEIGHT="28">
							<String ID="string_84" HPOS="256" VPOS="548" WIDTH="31" HEIGHT="22" WC="0.96" CONTENT="På"/><SP WIDTH="23" VPOS="548" HPOS="287"/>
							<String ID="string_85" HPOS="310" VPOS="550" WIDTH="69" HEIGHT="26" WC="0.96" CONTENT="grund"/><SP WIDTH="23" VPOS="550" HPOS="379"/>
							<String ID="string_86" HPOS="402" VPOS="549" WIDTH="63" HEIGHT="21" WC="0.96" CONTENT="häraf"/><SP WIDTH="19" VPOS="549" HPOS="465"/>
							<String ID="string_87" HPOS="484" VPOS="549" WIDTH="39" HEIGHT="21" WC="0.96" CONTENT="och"/><SP WIDTH="16" VPOS="549" HPOS="523"/>
							<String ID="string_88" HPOS="539" VPOS="549" WIDTH="7" HEIGHT="21" WC="0.95" CONTENT="i"/><SP WIDTH="16" VPOS="549" HPOS="546"/>
							<String ID="string_89" HPOS="562" VPOS="549" WIDTH="66" HEIGHT="27" WC="0.95" CONTENT="öfrigt"/><SP WIDTH="19" VPOS="549" HPOS="628"/>
							<String ID="string_90" HPOS="647" VPOS="549" WIDTH="156" HEIGHT="21" WC="0.96" CONTENT="instämmande"/><SP WIDTH="20" VPOS="549" HPOS="803"/>
							<String ID="string_91" HPOS="823" VPOS="549" WIDTH="48" HEIGHT="21" WC="0.96" CONTENT="med"/><SP WIDTH="17" VPOS="549" HPOS="871"/>
							<String ID="string_92" HPOS="888" VPOS="549" WIDTH="25" HEIGHT="21" WC="0.96" CONTENT="de"/><SP WIDTH="16" VPOS="549" HPOS="913"/>
							<String ID="string_93" HPOS="929" VPOS="548" WIDTH="22" HEIGHT="22" WC="0.96" CONTENT="af"/>
						</TextLine>
						<TextLine ID="line_12" HPOS="186" VPOS="582" WIDTH="763" HEIGHT="27">
							<String ID="string_94" HPOS="186" VPOS="583" WIDTH="161" HEIGHT="22" WC="0.89" CONTENT="motionärerne"/><SP WIDTH="22" VPOS="583" HPOS="347"/>
							<String ID="string_95" HPOS="369" VPOS="584" WIDTH="7" HEIGHT="20" WC="0.96" CONTENT="i"/><SP WIDTH="22" VPOS="584" HPOS="376"/>
							<String ID="string_96" HPOS="398" VPOS="583" WIDTH="134" HEIGHT="22" WC="0.96" CONTENT="förestående"/><SP WIDTH="22" VPOS="583" HPOS="532"/>
							<String ID="string_97" HPOS="554" VPOS="583" WIDTH="111" HEIGHT="21" WC="0.93" CONTENT="memorial"/><SP WIDTH="25" VPOS="583" HPOS="665"/>
							<String ID="string_98" HPOS="690" VPOS="583" WIDTH="128" HEIGHT="22" WC="0.90" CONTENT="framhållna"/><SP WIDTH="23" VPOS="583" HPOS="818"/>
							<String ID="string_99" HPOS="841" VPOS="583" WIDTH="52" HEIGHT="26" WC="0.95" CONTENT="skäl,"/><SP WIDTH="24" VPOS="583" HPOS="893"/>
							<String ID="string_100" HPOS="917" VPOS="582" WIDTH="32" HEIGHT="22" WC="0.96" CONTENT="får"/>
						</TextLine>
						<TextLine ID="line_13" HPOS="187" VPOS="618" WIDTH="336" HEIGHT="22">
							<String ID="string_101" HPOS="187" VPOS="618" WIDTH="108" HEIGHT="22" WC="0.93" CONTENT="utskottet"/><SP WIDTH="15" VPOS="618" HPOS="295"/>
							<String ID="string_102" HPOS="310" VPOS="618" WIDTH="110" HEIGHT="22" WC="0.92" CONTENT="vördsamt"/><SP WIDTH="15" VPOS="618" HPOS="420"/>
							<String ID="string_103" HPOS="435" VPOS="618" WIDTH="88" HEIGHT="21" WC="0.96" CONTENT="föreslå:"/>
						</TextLine>
					</TextBlock>
				</ComposedBlock>
				<ComposedBlock ID="cblock_2" HPOS="327" VPOS="680" WIDTH="621" HEIGHT="62">
					<TextBlock ID="block_3" HPOS="327" VPOS="680" WIDTH="621" HEIGHT="62">
						<TextLine ID="line_14" HPOS="396" VPOS="680" WIDTH="552" HEIGHT="27">
							<String ID="string_104" HPOS="396" VPOS="683" WIDTH="31" HEIGHT="19" WC="0.96" CONTENT="att"/><SP WIDTH="20" VPOS="683" HPOS="427"/>
							<String ID="string_105" HPOS="447" VPOS="680" WIDTH="83" HEIGHT="22" WC="0.93" CONTENT="landets"/><SP WIDTH="20" VPOS="680" HPOS="530"/>
							<String ID="string_106" HPOS="550" VPOS="680" WIDTH="94" HEIGHT="22" WC="0.92" CONTENT="Ständer"/><SP WIDTH="14" VPOS="680" HPOS="644"/>
							<String ID="string_107" HPOS="658" VPOS="680" WIDTH="50" HEIGHT="22" WC="0.96" CONTENT="ville"/><SP WIDTH="15" VPOS="680" HPOS="708"/>
							<String ID="string_108" HPOS="723" VPOS="680" WIDTH="33" HEIGHT="27" WC="0.96" CONTENT="för"/><SP WIDTH="15" VPOS="680" HPOS="756"/>
							<String ID="string_109" HPOS="771" VPOS="680" WIDTH="35" HEIGHT="22" WC="0.96" CONTENT="sin"/><SP WIDTH="17" VPOS="680" HPOS="806"/>
							<String ID="string_110" HPOS="823" VPOS="680" WIDTH="32" HEIGHT="22" WC="0.96" CONTENT="del"/><SP WIDTH="16" VPOS="680" HPOS="855"/>
							<String ID="string_111" HPOS="871" VPOS="682" WIDTH="77" HEIGHT="25" WC="0.96" CONTENT="antaga"/>
						</TextLine>
						<TextLine ID="line_15" HPOS="327" VPOS="714" WIDTH="552" HEIGHT="28">
							<String ID="string_112" HPOS="327" VPOS="715" WIDTH="152" HEIGHT="27" WC="0.91" CONTENT="ofvanstående"/><SP WIDTH="14" VPOS="715" HPOS="479"/>
							<String ID="string_113" HPOS="493" VPOS="714" WIDTH="222" HEIGHT="28" WC="0.91" CONTENT="författningsförslag"/><SP WIDTH="18" VPOS="714" HPOS="715"/>
							<String ID="string_114" HPOS="733" VPOS="714" WIDTH="146" HEIGHT="28" WC="0.90" CONTENT="oförändradt."/>
						</TextLine>
					</TextBlock>
				</ComposedBlock>
				<ComposedBlock ID="cblock_3" HPOS="186" VPOS="816" WIDTH="762" HEIGHT="132">
					<TextBlock ID="block_4" HPOS="186" VPOS="816" WIDTH="762" HEIGHT="132">
						<TextLine ID="line_16" HPOS="256" VPOS="816" WIDTH="692" HEIGHT="28">
							<String ID="string_115" HPOS="256" VPOS="817" WIDTH="11" HEIGHT="21" WC="0.96" CONTENT="I"/><SP WIDTH="23" VPOS="817" HPOS="267"/>
							<String ID="string_116" HPOS="290" VPOS="818" WIDTH="99" HEIGHT="21" WC="0.96" CONTENT="ärendets"/><SP WIDTH="23" VPOS="818" HPOS="389"/>
							<String ID="string_117" HPOS="412" VPOS="817" WIDTH="130" HEIGHT="27" WC="0.96" CONTENT="behandling"/><SP WIDTH="22" VPOS="817" HPOS="542"/>
							<String ID="string_118" HPOS="564" VPOS="817" WIDTH="65" HEIGHT="21" WC="0.96" CONTENT="hafva"/><SP WIDTH="19" VPOS="817" HPOS="629"/>
							<String ID="string_119" HPOS="648" VPOS="817" WIDTH="91" HEIGHT="27" WC="0.96" CONTENT="deltagit"/><SP WIDTH="16" VPOS="817" HPOS="739"/>
							<String ID="string_120" HPOS="755" VPOS="817" WIDTH="141" HEIGHT="21" WC="0.93" CONTENT="ordföranden"/><SP WIDTH="16" VPOS="817" HPOS="896"/>
							<String ID="string_121" HPOS="912" VPOS="816" WIDTH="36" HEIGHT="22" WC="0.92" CONTENT="fri-"/>
						</TextLine>
						<TextLine ID="line_17" HPOS="186" VPOS="851" WIDTH="761" HEIGHT="27">
							<String ID="string_122" HPOS="186" VPOS="852" WIDTH="64" HEIGHT="21" WC="0.93" CONTENT="herre"/><SP WIDTH="15" VPOS="852" HPOS="250"/>
							<String ID="string_123" HPOS="265" VPOS="852" WIDTH="27" HEIGHT="21" WC="0.91" CONTENT="R."/><SP WIDTH="15" VPOS="852" HPOS="292"/>
							<String ID="string_124" HPOS="307" VPOS="852" WIDTH="26" HEIGHT="20" WC="0.91" CONTENT="A."/><SP WIDTH="17" VPOS="852" HPOS="333"/>
							<String ID="string_125" HPOS="350" VPOS="851" WIDTH="84" HEIGHT="27" WC="0.93" CONTENT="Wrede,"/><SP WIDTH="16" VPOS="851" HPOS="434"/>
							<String ID="string_126" HPOS="450" VPOS="852" WIDTH="147" HEIGHT="21" WC="0.91" CONTENT="ledamöterne"/><SP WIDTH="13" VPOS="852" HPOS="597"/>
							<String ID="string_127" HPOS="610" VPOS="851" WIDTH="91" HEIGHT="22" WC="0.93" CONTENT="friherre"/><SP WIDTH="11" VPOS="851" HPOS="701"/>
							<String ID="string_128" HPOS="712" VPOS="851" WIDTH="25" HEIGHT="21" WC="0.89" CONTENT="G."/><SP WIDTH="12" VPOS="851" HPOS="737"/>
							<String ID="string_129" HPOS="749" VPOS="851" WIDTH="24" HEIGHT="21" WC="0.92" CONTENT="A."/><SP WIDTH="12" VPOS="851" HPOS="773"/>
							<String ID="string_130" HPOS="785" VPOS="851" WIDTH="162" HEIGHT="27" WC="0.91" CONTENT="Langenskiöld,"/>
						</TextLine>
						<TextLine ID="line_18" HPOS="186" VPOS="886" WIDTH="761" HEIGHT="27">
							<String ID="string_131" HPOS="186" VPOS="886" WIDTH="72" HEIGHT="27" WC="0.96" CONTENT="Prytz,"/><SP WIDTH="23" VPOS="886" HPOS="258"/>
							<String ID="string_132" HPOS="281" VPOS="886" WIDTH="95" HEIGHT="22" WC="0.93" CONTENT="Herman"/><SP WIDTH="22" VPOS="886" HPOS="376"/>
							<String ID="string_133" HPOS="398" VPOS="886" WIDTH="107" HEIGHT="26" WC="0.91" CONTENT="Råbergh,"/><SP WIDTH="21" VPOS="886" HPOS="505"/>
							<String ID="string_134" HPOS="526" VPOS="886" WIDTH="169" HEIGHT="27" WC="0.90" CONTENT="Schwartzberg,"/><SP WIDTH="19" VPOS="886" HPOS="695"/>
							<String ID="string_135" HPOS="714" VPOS="886" WIDTH="105" HEIGHT="27" WC="0.91" CONTENT="Tallgrén,"/><SP WIDTH="17" VPOS="886" HPOS="819"/>
							<String ID="string_136" HPOS="836" VPOS="886" WIDTH="111" HEIGHT="26" WC="0.96" CONTENT="Stenbäck,"/>
						</TextLine>
						<TextLine ID="line_19" HPOS="187" VPOS="916" WIDTH="736" HEIGHT="32">
							<String ID="string_137" HPOS="187" VPOS="920" WIDTH="128" HEIGHT="27" WC="0.92" CONTENT="Rönnbäck,"/><SP WIDTH="16" VPOS="920" HPOS="315"/>
							<String ID="string_138" HPOS="331" VPOS="920" WIDTH="25" HEIGHT="22" WC="0.89" CONTENT="A."/><SP WIDTH="17" VPOS="920" HPOS="356"/>
							<String ID="string_139" HPOS="373" VPOS="916" WIDTH="78" HEIGHT="32" WC="0.93" CONTENT="Öberg,"/><SP WIDTH="16" VPOS="916" HPOS="451"/>
							<String ID="string_140" HPOS="467" VPOS="920" WIDTH="145" HEIGHT="27" WC="0.91" CONTENT="Tuomikoski,"/><SP WIDTH="17" VPOS="920" HPOS="612"/>
							<String ID="string_141" HPOS="629" VPOS="920" WIDTH="118" HEIGHT="28" WC="0.89" CONTENT="Wuolijoki"/><SP WIDTH="15" VPOS="920" HPOS="747"/>
							<String ID="string_142" HPOS="762" VPOS="920" WIDTH="40" HEIGHT="22" WC="0.93" CONTENT="och"/><SP WIDTH="15" VPOS="920" HPOS="802"/>
							<String ID="string_143" HPOS="817" VPOS="920" WIDTH="106" HEIGHT="22" WC="0.90" CONTENT="Hollmén."/>
						</TextLine>
					</TextBlock>
				</ComposedBlock>
				<ComposedBlock ID="cblock_4" HPOS="256" VPOS="983" WIDTH="361" HEIGHT="28">
					<TextBlock ID="block_5" HPOS="256" VPOS="983" WIDTH="361" HEIGHT="28">
						<TextLine ID="line_20" HPOS="256" VPOS="983" WIDTH="361" HEIGHT="28">
							<String ID="string_144" HPOS="256" VPOS="983" WIDTH="135" HEIGHT="28" WC="0.96" CONTENT="Helsingfors"/><SP WIDTH="16" VPOS="983" HPOS="391"/>
							<String ID="string_145" HPOS="407" VPOS="984" WIDTH="42" HEIGHT="21" WC="0.96" CONTENT="den"/><SP WIDTH="15" VPOS="984" HPOS="449"/>
							<String ID="string_146" HPOS="464" VPOS="984" WIDTH="13" HEIGHT="21" WC="0.96" CONTENT="9"/><SP WIDTH="16" VPOS="984" HPOS="477"/>
							<String ID="string_147" HPOS="493" VPOS="983" WIDTH="43" HEIGHT="28" WC="0.96" CONTENT="Maj"/><SP WIDTH="18" VPOS="983" HPOS="536"/>
							<String ID="string_148" HPOS="554" VPOS="983" WIDTH="63" HEIGHT="22" WC="0.96" CONTENT="1888."/>
						</TextLine>
					</TextBlock>
				</ComposedBlock>
				<GraphicalElement ID="cblock_5" HPOS="225" VPOS="1432" WIDTH="692" HEIGHT="6"></GraphicalElement >
				<ComposedBlock ID="cblock_6" HPOS="261" VPOS="1450" WIDTH="613" HEIGHT="24">
					<TextBlock ID="block_6" HPOS="261" VPOS="1450" WIDTH="613" HEIGHT="24">
						<TextLine ID="line_21" HPOS="261" VPOS="1450" WIDTH="613" HEIGHT="24">
							<String ID="string_149" HPOS="261" VPOS="1451" WIDTH="126" HEIGHT="23" WC="0.96" CONTENT="Helsingfors,"/><SP WIDTH="12" VPOS="1451" HPOS="387"/>
							<String ID="string_150" HPOS="399" VPOS="1451" WIDTH="72" HEIGHT="19" WC="0.91" CONTENT="Finska"/><SP WIDTH="12" VPOS="1451" HPOS="471"/>
							<String ID="string_151" HPOS="483" VPOS="1451" WIDTH="222" HEIGHT="23" WC="0.91" CONTENT="Litteratursällskapets"/><SP WIDTH="13" VPOS="1451" HPOS="705"/>
							<String ID="string_152" HPOS="718" VPOS="1450" WIDTH="93" HEIGHT="24" WC="0.95" CONTENT="tryckeri,"/><SP WIDTH="14" VPOS="1450" HPOS="811"/>
							<String ID="string_153" HPOS="825" VPOS="1452" WIDTH="49" HEIGHT="16" WC="0.96" CONTENT="1888."/>
						</TextLine>
					</TextBlock>
				</ComposedBlock>
			</PrintSpace>
		</Page>
	</Layout>
</alto>
