1048 1731
301 119 227 23 Petitionsbetänkande
545 121 35 22 N:o
596 121 36 22 24.
802 123 24 20 11

94 182 102 21 varande
211 183 70 26 utgör
296 181 108 28 omkring
419 183 80 24 30,000
513 183 67 21 mark
596 183 76 21 skulle
688 183 167 30 förhöjningen

95 218 116 19 motsvara
232 223 60 21 resp.
320 217 76 26 10,000
418 217 56 21 eller
499 217 77 27 15,000
591 217 71 22 mark.
695 218 158 22 Statsverkets

92 251 85 21 förlust
192 251 8 20 i
210 250 59 29 följd
280 251 25 20 af
313 251 293 28 postförvaltarearvodets
614 252 153 28 upphörande
777 253 76 21 skulle

95 285 138 28 visserligen
256 285 52 21 icke
324 285 30 28 på
369 285 40 21 det
424 285 134 29 föreslagna
574 288 72 19 sättet
662 294 39 13 ens
717 287 75 21 under
807 288 47 21 för-

92 320 133 28 utsättning
249 319 26 22 af
296 327 29 13 en
347 319 24 22 af
384 319 28 22 de
428 320 123 21 minskade
568 321 129 28 afgifterna
712 321 140 22 framkallad

96 355 106 28 stegring
225 355 25 20 af
263 353 226 29 försändningarnes
506 355 65 21 antal
587 355 92 21 komma
695 357 35 19 att
745 357 106 20 ersättas.

94 389 54 22 Men
172 389 45 21 den
235 388 78 21 blefve
329 388 60 21 dock
405 388 135 28 reducerad,
557 389 30 28 på
603 397 86 14 samma
703 390 64 28 gång
783 390 69 28 afgif-

93 426 68 19 terna
186 423 36 22 för
243 423 152 28 tidningarne
418 423 76 21 skulle
515 423 103 28 gestalta
634 424 37 28 sig
685 424 91 21 mindre
791 426 60 26 tryc-

93 459 81 20 kande.
204 457 139 28 Isynnerhet
362 457 35 21 för
421 457 27 21 de
471 457 110 28 billigare
605 458 150 28 tidningarne
775 458 76 21 skulle

94 493 118 28 nämligen
237 492 134 28 lindringen
387 492 74 21 blifva
477 492 95 28 mycket
588 493 123 28 väsentlig,
728 501 52 13 men
793 493 58 28 jem-

93 527 38 21 väl
156 528 35 21 för
216 534 29 14 en
266 527 94 27 tidning
383 526 52 22 med
455 529 34 19 ett
504 528 265 28 preenumerationspris
785 528 24 21 af
823 529 28 21 20

93 562 67 21 mark
170 562 44 21 och
224 561 165 21 utkommande
405 568 40 14 sex
460 562 90 28 gånger
565 562 9 20 i
590 562 90 21 veckan
696 562 75 21 skulle
788 562 62 22 kost-

93 596 77 22 naden
205 596 36 21 för
270 595 245 29 postförsändningen,
539 596 74 21 under
635 596 170 29 förutsättning
828 597 27 21 af

94 631 141 29 nyssnämda
258 630 93 28 förslag,
368 631 80 27 uppgå
471 630 38 22 till
528 630 83 22 endast
626 632 13 20 3
655 631 64 21 mark
735 632 28 21 20
778 631 71 29 penni

93 666 57 21 eller
172 667 13 20 3
208 665 64 21 mark
288 666 28 21 60
331 664 78 29 penni,
425 665 7 21 i
450 665 79 21 stället
545 665 37 21 för
598 667 34 19 att
648 664 45 22 den
709 673 32 13 nu
756 668 70 26 utgör
842 666 7 20 i

95 700 40 22 det
150 702 115 19 närmaste
280 700 13 21 5
309 699 71 21 mark.

160 734 134 22 Utskottets
317 734 62 21 kläm
395 734 41 21 har
453 734 71 21 äfven
540 736 34 19 ett
590 736 72 19 annat
677 734 38 27 fel,
731 734 118 28 nemligen

100 771 34 19 att
160 769 44 21 den
223 768 51 22 icke
299 768 108 21 omfattar
429 768 57 22 eller
511 768 112 21 ensberör
646 768 44 22 den
713 769 8 21 i
738 769 111 21 städerna

93 803 188 22 förekommande
310 803 99 28 afgiften
438 803 36 21 för
499 802 165 29 tidningarnes
689 803 160 21 distribution.

94 838 82 22 Denna
192 838 69 28 afgift
281 838 24 21 af
319 837 68 29 högst
403 837 54 28 fyra
472 837 67 21 mark
554 844 37 14 om
608 838 48 20 året
672 838 46 20 kan
734 838 115 28 tidnings-

94 874 159 26 emottagaren
275 872 140 28 visserligen
430 871 156 29 undandraga
602 872 36 28 sig
653 879 83 21 genom
752 874 35 19 att
802 872 48 21 låta

92 907 54 21 från
161 906 163 29 postkontoret
339 906 103 21 afhemta
458 906 51 21 sina
525 906 127 28 tidningar.
682 906 55 21 Men
752 908 6 18 i
775 908 74 20 större

92 941 84 28 städer,
197 940 40 22 der
253 940 130 22 anlitandet
399 940 25 22 af
439 948 29 14 en
484 940 74 22 sådan
574 943 73 26 utväg
662 941 83 21 endast
760 941 89 22 undan-

91 976 90 28 tagsvis
204 975 45 22 kan
272 975 176 28 ifrågakomma,
471 977 71 26 utgör
565 975 284 29 kringbärningsafgiften

92 1010 126 28 onekligen
233 1011 35 20 ett
283 1009 84 22 hinder
382 1009 35 21 för
433 1009 157 28 spridningen
606 1009 23 22 af
645 1010 152 21 annorstädes
813 1012 35 19 ut-

91 1044 139 22 kommande
252 1044 126 28 tidningar.
409 1044 12 21 I
445 1044 40 21 det
499 1043 42 22 fall
558 1046 34 19 att
608 1051 87 14 samma
709 1051 85 21 person
810 1051 39 21 ge-

90 1086 56 14 nom
167 1078 136 29 postverket
327 1080 174 26 prenumererat
524 1079 38 28 på,
578 1078 55 21 flere
657 1078 126 28 tidningar,
803 1079 46 21 blir

90 1114 119 21 dessutom
220 1113 107 28 afgiften,
337 1120 48 14 som
395 1113 117 21 beräknas
523 1113 36 21 för
570 1112 81 29 hvarje
662 1113 95 28 tidning
768 1113 79 26 skildt,

91 1147 102 29 oskäligt
214 1148 49 27 dyr.
301 1147 50 22 Och
381 1147 30 21 då
433 1147 270 28 hembärningsafgiften
727 1147 121 21 afskaffats

89 1183 35 20 för
146 1182 56 26 bref,
227 1181 73 22 finnes
325 1182 25 21 så
373 1181 95 28 mycket
483 1181 91 22 mindre
591 1181 128 28 anledning
734 1183 35 19 att
784 1181 64 22 bibe-

89 1217 63 21 hålla
167 1216 45 21 den
227 1216 36 21 för
279 1216 126 28 tidningar,
422 1223 50 14 som
480 1215 183 29 postiljonernas
672 1215 103 22 inkomst
783 1215 68 22 häraf

88 1251 8 21 i
112 1251 46 21 alla
176 1251 44 20 fall
240 1253 24 18 är
281 1250 122 29 obetydlig
419 1252 61 19 samt
494 1250 82 21 risken
591 1249 37 22 för
644 1250 57 21 slarf
713 1249 41 22 vid
770 1250 78 21 distri-

87 1285 115 22 butionen
218 1288 24 18 är
257 1285 90 21 mindre
363 1285 9 21 i
386 1285 67 28 fråga
469 1292 37 14 om
521 1284 123 28 tidningar
659 1287 29 18 än
703 1284 145 22 beträffande

86 1319 58 22 bref.

158 1354 34 21 På
207 1353 68 22 dessa
291 1353 51 22 skäl
358 1361 69 21 synes
443 1354 49 28 mig
503 1353 144 23 Ständernas
662 1352 100 29 petition
778 1353 8 20 i
801 1353 46 21 frå-

86 1396 47 20 gan
148 1388 56 22 böra
225 1388 93 22 affattas
334 1388 25 21 så
374 1390 41 24 att,
431 1389 32 27 på
478 1395 88 14 samma
580 1388 64 28 gång
654 1394 29 14 en
694 1387 153 29 nedsättning

152 1428 98 18 Allmänna
262 1428 175 18 Besvärsutskottets
449 1428 112 18 betänkande
574 1428 35 17 N:o
622 1428 28 17 19.
