1048 1731
307 121 239 24 Petitionsbetänkande
562 122 36 22 N:o
613 121 22 23 2.
794 121 25 21 15

92 185 116 24 outtömliga
222 185 55 24 lager
292 185 58 20 deraf
363 185 71 24 finnas,
457 185 30 20 till
501 185 67 24 någon
584 185 58 19 hamn
658 185 32 19 vid
706 185 50 20 Uleå
771 185 56 20 träsk
841 185 7 19 i

91 214 96 19 närheten
203 213 21 20 af
238 214 24 19 de
278 214 123 25 omnämnda,
417 214 111 23 godartade
544 214 80 19 kärren.

163 346 10 19 I
192 345 126 19 förestående
341 347 62 17 motto
427 345 38 19 har
479 345 34 24 jag
528 345 46 20 sökt
597 346 73 23 antyda
695 344 94 20 behofvet
811 345 37 20 och

91 374 116 25 betydelsen
222 373 22 20 af
264 373 77 24 Kajana
356 373 37 20 elfs
417 373 143 26 kanalisering,
576 380 44 14 men
640 375 39 19 min
695 374 83 24 petition
795 373 54 20 afser

91 403 53 20 dock
158 403 18 24 ej
192 405 52 16 ännu
259 407 25 14 en
299 401 88 20 definitiv
402 403 79 23 lösning
497 402 22 19 af
533 402 77 27 frågan,
626 406 47 17 utan
684 402 119 20 inskränker
811 403 36 23 sig,

90 431 8 19 i
114 431 192 20 öfverenstämmelse
328 431 45 19 med
388 431 53 19 mina
463 431 89 19 valmäns
568 432 68 19 derom
658 431 89 20 uttalade
763 431 84 24 önskan,

92 460 70 19 endast
177 460 30 19 till
222 465 25 14 en
261 459 137 20 interimistisk
413 460 78 23 åtgärd.
517 460 38 24 Jag
570 461 61 23 vågar
655 460 79 20 derföre
749 460 36 19 hos
802 460 47 19 Väl-

90 487 68 25 lofliga
172 488 167 24 Borgareständet
354 489 145 19 vördsammast
513 489 81 20 anhälla
602 495 31 14 om
649 489 45 20 dess
710 489 93 24 upplysta
817 489 30 18 bi-

90 516 36 20 fall
141 517 31 19 till
187 523 24 13 en
227 517 122 24 underdånig
364 517 169 25 ständerpetition
549 518 74 26 derom,

297 582 32 18 att
347 580 33 26 på
402 582 82 18 statens
507 579 118 21 bekostnad
639 580 65 20 måtte
720 580 128 21 verkställas

229 608 152 20 instrumental
405 608 164 28 undersökning
595 609 38 20 och
657 610 110 26 uppgöras
790 608 58 21 kost-

228 636 145 28 nadsförslag
391 637 44 27 för
457 636 180 28 kanaliseringen
661 638 29 26 af
701 637 92 26 Kajana
809 637 38 25 elf,

229 664 112 28 hvarefter
350 665 87 27 frågan
453 666 9 19 i
477 666 35 20 sin
528 665 70 21 helhet
613 666 60 20 torde
688 666 8 20 i
711 666 76 26 Nådig
795 672 52 21 pro-

225 694 97 26 position
332 694 133 27 föreläggas
474 694 261 21 nästsammanträdande
746 694 100 21 Ständer.

160 758 131 25 Helsingfors,
307 758 38 20 den
361 757 12 20 2
389 758 98 20 Februari
503 758 63 20 1888.

619 808 19 24 P.
654 808 19 24 E.
689 808 74 24 Ervast.

455 1043 27 22 s.

158 1097 56 22 Frän
237 1098 160 23 Bondeständet
420 1106 26 15 en
463 1100 22 21 af
499 1100 57 22 Herr
578 1101 108 22 Tikkanen
704 1101 91 27 ingifven
811 1107 36 21 pe-

88 1132 62 21 tition
166 1132 79 28 derom,
262 1135 31 19 att
309 1133 26 22 de
350 1134 35 21 vid
393 1135 85 26 Kajana
493 1135 49 21 stad
552 1135 90 27 belägna
657 1135 95 22 forsarne
767 1135 78 22 mellan

88 1166 191 28 Kyynäspääniemi
295 1167 40 22 och
350 1168 151 27 Linnanpelto,
517 1169 108 22 äfvensom
655 1176 25 15 en
705 1169 64 22 kanal
795 1169 50 21 mel-

88 1200 35 22 lan
138 1201 157 22 Kuurnanlahti
310 1202 38 21 och
364 1203 145 27 Rehjänselkä
523 1204 67 21 mätte
601 1203 158 22 instrumentalt
769 1203 76 21 under-

88 1235 64 21 sökas
188 1235 39 22 och
256 1237 131 26 proposition
424 1237 77 22 härom
538 1237 118 28 föreläggas
692 1240 153 19 nästsamman-

88 1269 104 22 trädande
216 1269 97 26 Ständer,
336 1270 86 23 hvilken
454 1271 92 28 petition
569 1271 46 22 är
608 1265 13 39 i
640 1271 151 28 öfversättning
822 1273 24 20 sä

87 1302 101 29 lydande:

240 1373 51 20 Till
306 1374 167 21 Hedervärda
489 1376 202 20 Bondeständet.

160 1424 64 20 Sedan
239 1425 59 23 länga
312 1425 53 19 tider
379 1426 88 20 tillbaka
483 1427 59 19 hafva
558 1428 23 18 de
597 1428 30 18 till
642 1428 108 19 Uleäträsk
760 1428 85 18 ledande

88 1453 143 24 vattendragen
247 1454 108 23 begagnats
373 1460 42 14 som
431 1455 66 19 farled
512 1456 32 19 för
560 1456 65 26 trafik,
641 1457 62 19 ehuru
719 1457 56 19 detta
790 1456 55 19 kom-

156 1491 190 23 Jernvägsutskottets
359 1492 120 19 betänkande
492 1496 38 16 N:o
542 1494 18 17 3.
