1048 1731
250 137 15 22 4
429 136 252 24 Petitionsbetänkande
697 136 39 24 N:o
751 136 32 23 51.

222 201 114 24 ningsvärda
347 202 125 23 medborgare
485 202 29 18 till
526 202 113 23 regeringen
652 203 34 18 och
698 202 102 23 riksdagen
818 202 35 18 den
867 203 20 17 15
901 201 82 24 Septem-

221 230 36 18 ber
270 231 44 17 1887
327 230 79 19 daterad
419 231 78 23 petition
510 236 30 13 om
553 231 43 18 dess
609 231 124 18 afskaffande.

291 259 36 22 Då,
340 259 61 18 såsom
411 259 34 24 jag
456 265 25 12 nu
493 259 42 18 haft
548 261 45 16 äran
605 259 70 23 påvisa,
688 259 36 18 den
733 259 99 23 offentliga
839 259 144 22 prostitutionen

223 287 95 24 svårligen
330 288 38 18 kan
380 293 22 13 ur
414 288 61 23 någon
488 288 95 23 synpunkt
595 287 100 23 försvaras,
707 293 42 12 men
761 287 107 19 densamma
880 287 51 18 ståri
940 287 43 18 skä-

222 316 59 18 rande
299 317 78 18 motsats
390 317 29 18 till
432 317 49 18 hvad
493 317 70 18 allmän
575 317 33 23 lag
619 317 67 23 bjuder
698 316 96 24 angående
807 316 56 19 straff
873 316 29 18 för
914 315 69 24 sedlig-

222 344 101 23 hetsbrott,
336 346 58 23 vågar
404 347 34 22 jag
449 346 95 18 vördsamt
556 346 81 22 anhålla,
650 348 28 17 att
685 345 108 24 Höglofliga
801 345 139 23 Ridderskapet
948 345 35 18 och

222 373 63 18 Adeln
303 374 44 18 ville
364 375 34 18 hos
411 375 52 18 Hans
479 375 89 22 Majestät
584 374 221 23 Kejsaren-Storfursten
817 375 6 17 i
835 373 148 23 underdånigbet

222 402 115 23 petitionera
349 403 70 23 derom,

431 440 29 16 att
472 439 54 17 Hans
542 438 109 23 Kejserliga
662 438 90 22 Majestät
768 438 4 17 i
784 437 65 18 Nåder
862 437 68 18 täcktes
943 435 40 19 låta

362 467 99 22 anbefalla
472 466 71 23 åtgärd
554 467 80 22 derhän,
643 469 29 15 att
680 467 101 18 allmänna
789 466 64 23 lagens
858 464 125 25 föreskrifter

362 495 117 23 beträffande
485 495 194 23 otuktsförbrytelsers
685 494 125 24 bestraffning
816 495 61 17 varda
882 493 101 23 iakttagna

361 524 35 18 och
408 524 105 22 framdeles
532 524 112 23 tillämpade
658 524 42 18 med
717 524 32 18 det
767 524 68 21 allvar,
851 524 64 22 lagens
928 522 54 23 helgd

361 552 83 23 kräfver.

292 586 119 24 Helsingfors
425 587 35 18 den
473 589 21 15 27
507 587 78 19 Januari
598 588 50 17 1888.

715 632 54 18 Emil
781 632 26 22 af
815 632 98 18 Forselles.

391 818 49 18 Till
459 819 155 23 Högvördiga
634 818 189 19 Presteständet.

295 889 8 8 n
306 876 53 17 Hvar
368 875 33 17 och
413 880 23 12 en
445 876 118 22 plantering,
576 881 40 13 som
628 876 41 17 min
681 875 108 18 himmelske
801 875 64 18 Fader
876 874 40 18 icke
926 874 57 23 plan-

223 905 50 16 terat
289 904 74 22 hafver,
381 904 48 18 skall
445 904 107 23 uppryckas
567 905 42 17 med
620 906 74 21 rötter”,
710 904 75 24 yttrade
800 904 101 18 Frälsaren
913 904 30 18 vid
956 905 28 16 ett

223 932 84 23 tillfälle,
325 933 35 18 och
373 932 53 24 afsäg
438 933 75 18 dermed
526 936 44 15 utan
583 934 64 17 tvifvel
660 934 62 23 hvarje
735 933 108 23 inrättning,
856 938 39 13 som
908 932 41 18 icke
962 934 21 16 är

223 961 57 18 rotad
292 962 6 17 i
311 962 78 22 Honom,
402 967 41 12 men
456 963 34 17 har
503 963 31 17 sitt
547 962 73 23 upphof
630 963 41 17 frän
684 962 71 23 synden
769 965 46 15 samt
824 962 87 23 bidrager
919 961 28 18 till
956 964 27 15 att

224 990 43 18 utsä
281 991 118 18 densammas
411 991 41 18 frön
465 991 34 18 och
512 991 79 18 sälunda
599 991 58 18 verka
668 991 107 23 förderfligt
785 991 24 22 pä
821 991 60 23 kyrka
894 991 34 17 och
941 992 43 20 stat,

223 1019 120 18 utbredande
359 1025 24 12 en
395 1021 110 21 pestsmitta,
523 1026 39 12 som
574 1020 22 18 sä
608 1020 114 23 smäningom
739 1020 89 23 angriper
843 1019 36 18 den
891 1024 35 13 ena
938 1019 45 18 lem-

224 1053 44 12 men
284 1048 48 18 efter
349 1048 37 18 den
401 1049 59 18 andra
472 1049 6 17 i
491 1049 180 22 samhällskroppen,
687 1048 68 19 ämnad
773 1048 47 18 dock
832 1048 20 18 af
863 1048 41 17 Gud
916 1047 29 19 till
957 1050 28 16 ett

225 1076 60 23 högre
299 1077 34 17 och
347 1077 64 18 ädlare
424 1077 36 18 mäl
473 1079 23 16 än
509 1080 27 15 att
544 1078 93 17 borttvina
646 1078 34 17 och
687 1077 24 18 dö
720 1077 6 18 i
735 1077 144 22 orättfärdighet
888 1077 35 17 och
931 1076 53 23 synd.

295 1105 30 18 En
339 1105 52 23 dylik
403 1106 101 23 inrättning
517 1106 55 18 hafva
584 1107 17 17 vi
614 1106 64 18 ibland
691 1112 30 12 oss
735 1106 28 17 uti
769 1105 36 18 den
813 1105 124 23 legaliserade
944 1111 41 17 pro-

225 1133 117 22 stitutionen,
355 1134 104 18 florerande
472 1135 6 16 i
490 1135 73 18 landets
576 1135 113 18 hufvudstad
701 1135 36 18 och
751 1133 54 18 äfven
817 1134 6 17 i
835 1133 59 18 andra
906 1133 21 18 af
941 1134 44 17 våra

225 1165 62 16 större
301 1163 69 18 städer.
395 1163 112 18 Densamma
522 1164 40 21 har,
579 1164 48 17 hvad
640 1163 119 24 Helsingfors
772 1162 96 23 beträffar,
881 1163 32 18 sitt
925 1163 60 23 skydd

224 1197 69 17 genom
311 1193 28 16 ett
355 1192 120 23 reglemente,
493 1198 39 12 som
550 1193 54 17 torde
622 1198 44 12 vara
682 1192 97 18 utfärdadt
792 1191 36 18 den
843 1192 19 17 13
875 1191 111 23 September

225 1221 52 17 1876.
301 1221 35 18 Att
348 1221 80 22 afsigten
441 1221 76 18 härmed
530 1222 48 17 varit
590 1221 43 23 god,
645 1221 33 18 vill
687 1221 34 23 jag
734 1221 41 17 icke
788 1220 81 22 betvitla,
883 1220 48 18 och
922 1216 11 33 i
941 1220 44 18 stäl-

224 1249 29 17 let
265 1249 29 18 för
307 1252 28 15 att
347 1249 61 18 vältra
423 1250 79 17 skulden
519 1250 25 23 pä
556 1250 86 18 enskilda
658 1255 97 18 personer,
771 1249 44 18 ville
829 1249 33 22 jag
878 1249 49 18 helst
940 1249 46 18 söka

225 1280 56 15 roten
298 1278 29 18 till
340 1278 36 17 den
389 1279 71 21 vidriga
476 1279 102 23 inrättning
591 1279 27 18 uti
631 1285 23 12 en
666 1278 108 19 förderfvad
786 1277 91 22 tidsanda,
890 1283 45 16 som,
948 1279 37 16 sär-

225 1306 61 18 skildt
298 1307 49 17 hvad
360 1307 117 23 sedligheten
490 1308 63 23 angär,
565 1308 62 18 kallar
640 1308 31 18 det
683 1307 50 18 onda
746 1307 45 23 godt
803 1307 35 18 och
851 1306 49 23 goda
913 1306 50 18 ondt.

296 1335 37 22 Jag
350 1335 61 18 kallar
426 1336 36 17 den
477 1337 108 17 omnämnda
604 1337 127 22 inrättningen
748 1335 61 23 vidrig
825 1335 67 22 derför,
909 1336 29 17 att
949 1335 36 18 den

225 1363 123 19 underhäller
366 1365 35 17 och
420 1364 82 24 skyddar
515 1365 75 23 synden,
603 1365 7 18 i
622 1365 64 19 stället
697 1365 30 18 för
739 1367 28 16 att
780 1364 91 19 bestraffa
883 1363 35 19 och
931 1363 56 23 stäfja

226 1392 114 19 densamma.
360 1393 42 17 Den
415 1394 67 17 strider
494 1394 79 18 sålunda
585 1397 50 15 emot
647 1394 52 18 Guds
711 1394 40 18 bud
763 1396 36 16 och
811 1393 87 24 ordning;
910 1393 77 18 viukien

224 1421 35 23 gär
276 1421 35 18 här
328 1422 60 17 under
402 1422 162 23 polisordningens
580 1423 52 23 egid;
651 1422 128 24 okyskhetens
797 1422 75 18 kamrar
885 1421 28 18 stä
926 1424 61 20 öppna

225 1449 30 18 för
268 1450 75 18 landets
355 1450 134 24 medborgare;
507 1457 30 13 om
548 1452 43 17 tukt
604 1452 35 18 och
652 1454 33 16 ära
696 1451 65 23 frägas
774 1451 34 17 här
820 1450 47 18 icke.

296 1491 139 22 Lagutskottets
448 1492 116 18 betänkande
577 1498 32 12 n:o
622 1493 28 17 24.
820 1490 25 43 -”
