1048 1731
210 127 378 25 Petitionsbetänkande
602 127 54 24 N:o
671 128 52 23 23.

357 506 122 22 Allmänna
504 506 237 22 Besvärsutskottets
766 506 81 22 betän-

294 541 71 21 kande
388 541 41 21 N:o
449 541 20 24 18
492 540 94 28 angående
610 540 91 22 särskilda
715 542 47 20 inom
777 540 69 22 Bonde-

295 574 72 22 ståndet
383 575 68 21 väckta
466 575 162 28 petitionsförslag
643 582 27 14 om
685 575 128 22 förbättrande
828 574 21 22 af

295 608 111 29 sjukvården
422 609 11 21 å
448 609 132 28 landsbygden.

159 713 70 21 Jämte
248 712 197 28 protokollsutdrag
460 712 32 22 för
508 712 40 22 den
564 714 14 20 4
593 712 103 22 Februari
710 712 39 22 har
764 713 83 21 Bonde-

90 747 86 22 ståndet
191 746 31 22 till
237 746 113 22 Allmänna
365 746 208 22 Besvärsutskottets
589 746 126 28 behandling
731 747 116 27 hänskjutit

90 781 93 27 följande
198 788 35 14 sex
249 780 191 28 petitionsförslag
430 776 13 37 :

256 874 47 18 Till
319 873 161 19 Hedervärda
495 873 192 20 Bondeståndet.

159 924 31 20 En
205 924 60 20 bitter
280 925 72 24 klagan
368 924 113 21 förnimmes
497 924 94 20 öfverallt
606 925 7 19 i
627 925 68 20 landet
709 924 98 25 deröfver,
819 927 30 18 att

90 954 121 25 sjukvården
222 954 5 18 i
238 953 43 20 vårt
292 954 46 19 land
348 954 45 19 icke
405 956 22 17 är
442 954 23 19 så
480 954 111 23 anordnad,
606 959 42 14 som
663 954 37 19 den
715 954 62 19 borde
793 960 54 13 vara.

91 998 11 9 v
106 983 78 24 Ojemnt
208 982 47 19 falla
277 983 56 19 ödets
356 983 74 18 lotter"
454 983 39 18 kan
514 982 59 20 äfven
589 983 5 18 i
611 983 55 19 detta
681 982 93 20 afseende
789 985 58 22 sägas

90 1011 40 20 Det
144 1011 63 19 finnes
223 1011 176 24 stadskommuner,
419 1011 67 19 hvilka
501 1010 33 20 för
549 1011 30 19 sin
595 1011 94 24 sjukvård
705 1017 35 18 ega
755 1011 48 20 flere
819 1012 28 19 lä-

90 1040 56 24 kare,
169 1042 24 17 än
216 1039 51 20 hvad
289 1039 152 24 befolkningens
456 1042 93 17 numerär
564 1040 64 19 skulle
644 1039 75 22 kräfva,
751 1039 40 20 Och
807 1040 41 19 för-

90 1071 55 17 utom
160 1069 34 19 det
209 1069 189 23 oproportionerligt
413 1071 56 17 stora
484 1069 76 18 antalet
576 1069 75 25 läkare,
667 1068 58 20 hafva
737 1069 111 19 stadskom-

90 1103 96 14 munerna
205 1097 82 19 framför
305 1097 201 20 landskommunerna
521 1097 116 24 ytterligare
653 1097 37 19 den
705 1097 97 26 fördelen,
819 1100 29 17 att

90 1126 84 19 läkaren
190 1126 55 19 alltid
261 1125 61 20 finnes
338 1126 29 19 till
383 1126 63 19 hands
463 1127 36 18 och
515 1129 29 16 att
560 1131 44 14 man
620 1126 33 19 vid
668 1126 129 19 förefallande
814 1127 34 18 be-

90 1154 37 20 hof
140 1154 44 19 icke
200 1154 95 19 behöfver
310 1155 49 18 söka
374 1155 72 19 honom
462 1155 26 24 på
503 1154 105 24 milslånga
623 1154 84 23 afstånd,
731 1155 65 19 såsom
812 1155 36 19 fal-

90 1183 29 19 let
141 1185 23 17 är
185 1183 7 18 i
215 1183 178 20 landskommuner.
424 1183 136 24 Ovilkorligen
582 1185 81 22 tränger
682 1183 29 24 sig
725 1183 38 19 den
779 1183 69 23 frågan

90 1211 57 26 fram,
168 1211 95 20 huruvida
278 1212 44 19 icke
338 1212 119 23 sjukvården
473 1212 58 19 äfven
547 1212 7 18 i
569 1212 198 19 landskommunerna
782 1211 66 20 kunde

90 1240 67 19 bättre
182 1241 105 19 anordnas.
318 1240 29 19 De
370 1241 115 19 nuvarande
508 1241 125 19 vidsträckta
656 1241 103 19 distrikten
782 1240 67 20 kunna

90 1269 26 26 ej,
140 1269 26 19 då
188 1269 124 19 förtroendet
334 1269 31 19 för
387 1269 84 20 läkarne
494 1269 39 24 dag
556 1269 31 20 för
602 1269 38 24 dag
656 1269 36 20 och
707 1269 52 20 hand
774 1269 7 19 i
795 1269 54 20 hand

91 1297 45 20 med
152 1303 24 14 en
191 1298 116 23 tilltagande
323 1298 88 24 bildning
427 1298 36 19 allt
478 1303 42 14 mer
536 1298 37 19 och
588 1304 42 13 mer
645 1299 96 24 tillväxer,
753 1297 95 20 tillfreds-

91 1326 59 19 ställa
166 1332 34 13 ens
216 1327 23 18 de
255 1329 50 16 mest
320 1327 143 24 anspråkslösa
479 1327 113 24 fordringar
607 1327 7 19 i
629 1327 56 24 fråga
695 1333 30 13 om
735 1327 115 20 åstadkom-

90 1355 72 19 mande
178 1355 21 19 af
213 1355 37 19 den
266 1355 100 26 säkerhet,
385 1361 42 14 som
443 1356 139 19 medvetandet
598 1358 30 17 att
643 1361 23 15 en
682 1356 84 24 skicklig
781 1356 69 20 läkare

90 1383 63 20 finnes
177 1384 29 18 till
229 1384 62 20 hands
314 1384 83 20 medför.
428 1384 10 19 I
462 1385 43 19 vårt
520 1385 48 19 land
583 1384 63 20 finnas
662 1385 150 19 läkaredistrikt
827 1386 22 18 så

91 1412 130 24 vidsträckta,
245 1415 29 17 att
296 1413 82 19 läkaren
406 1416 23 16 är
454 1414 67 19 bosatt
543 1414 27 24 på
593 1414 79 19 afstånd
695 1414 20 19 af
736 1414 58 19 tiotal
816 1414 34 19 mil

91 1440 45 20 från
152 1442 50 23 dem,
217 1446 41 14 som
274 1442 25 19 bo
314 1442 33 19 vid
362 1444 86 22 gränsen
464 1442 21 19 af
500 1442 108 20 distriktet.
634 1442 80 20 Enhvar
729 1443 57 19 torde
802 1445 48 17 utan

90 1470 104 24 vidlyftiga
216 1470 134 24 förklaringar
371 1471 50 24 inse,
444 1471 67 19 hvilka
534 1471 123 23 svårigheter
672 1472 54 19 detta
741 1472 39 19 kan
796 1472 54 19 med-

160 1508 102 18 Allmänna
274 1508 179 18 Besvärsutskottets
465 1509 115 18 betänkande
593 1511 35 16 N:o
642 1510 26 17 18.
