1048 1731
218 131 12 18 4
405 130 230 21 Petitionsbetänkande
651 131 36 19 N:o
704 131 32 20 26.

189 194 101 19 användas
313 195 88 18 lasaretts
422 194 144 24 invättningens
584 201 48 17 egne
649 194 98 25 persedlar
763 195 36 17 och
816 201 30 11 om
864 195 21 18 så
901 195 43 18 blif-

189 230 33 13 ver
237 223 70 25 nödigt
323 223 58 18 äfven
397 223 22 18 de
435 223 30 18 för
480 222 90 19 framtida
586 223 62 18 behof
661 223 96 25 möjligen
772 223 107 24 besparade
893 223 52 18 äldre

189 252 182 25 sjukhuseffekter,
394 263 27 2 —
438 263 27 2 —
482 263 25 2 —
524 251 36 19 Att
583 253 25 23 pä
626 258 25 12 en
671 251 219 26 barnbördsafdelning,
913 252 32 19 der

189 288 32 12 om
237 281 78 24 möjligt
338 287 53 12 mera
407 282 25 17 än
448 280 32 19 vid
496 281 68 24 någon
580 287 68 12 annan
663 280 72 19 klinisk
752 281 110 25 inrättning
877 287 24 12 en
917 283 28 23 yt-

189 310 64 25 terligt
276 316 104 19 noggrann
403 309 97 25 renlighet
527 310 36 17 bör
588 309 105 25 tillämpas,
718 310 93 18 använda
833 310 112 25 begagnade

189 339 192 25 sjukhuspersedlar,
396 339 40 18 står
451 344 85 13 numera
551 338 41 19 icke
608 338 6 19 i
630 338 203 19 öfverensstämmelse
849 339 43 18 med
909 339 36 18 den

191 368 95 19 moderna
301 368 109 25 hygienens
427 367 111 25 fordringar
553 367 37 19 och
606 367 165 26 åskådningssätt.

258 415 30 18 De
308 415 63 18 större
393 414 106 19 kostnader
514 413 36 20 och
567 414 119 25 svårigheter
703 414 31 19 för
750 415 38 18 den
804 413 89 20 enskilde
909 414 36 19 och

189 444 128 21 kommunen,
339 443 67 18 hvilka
426 443 83 25 härflyta
524 443 54 18 deraf
592 445 28 16 att
636 443 32 18 vid
683 444 79 18 svårare
778 443 166 25 förlossningsfall

188 473 29 18 till
240 473 97 22 hemmen,
360 472 115 25 isynnerhet
495 472 24 18 de
542 472 114 25 aflägsnare,
681 472 89 19 anskaffa
785 472 70 25 nödigt
870 472 74 19 biträde

189 501 35 20 och
243 501 54 24 vård,
320 501 84 19 hänvisa
426 500 97 26 sjelffallet
542 500 38 20 den
601 501 125 19 obemedlade
745 501 95 19 hafvande
856 501 89 25 qvinnan

188 534 34 20 att,
240 531 25 18 då
280 536 53 13 mera
355 530 118 25 ingripande
497 530 89 24 åtgärder
603 536 57 13 anses
676 536 47 13 vara
739 530 19 19 af
772 530 93 19 behofvet
880 530 64 25 påkal-

188 560 49 23 lade,
259 560 6 18 i
287 566 74 12 samma
383 558 50 26 syfte
451 565 41 12 som
510 559 61 18 andra
587 560 73 18 hennes
684 559 108 19 vederlikar
808 559 30 19 för
853 558 91 26 sjukdom

188 589 47 18 eller
257 588 140 25 kroppsskada,
420 588 48 19 söka
491 588 76 18 inträde
591 589 24 23 pä
637 588 82 18 allmänt
741 588 90 25 sjukhus
862 588 83 18 Tillfälle

190 618 30 18 för
243 618 55 18 såväl
321 617 36 25 gift
381 623 41 13 som
439 617 50 25 ogift
505 616 74 25 gvinna
595 619 27 16 att
638 617 63 19 under
717 617 75 19 sådana
808 616 136 20 förhållanden

188 647 34 18 der
245 646 74 19 erhålla
335 646 48 18 vård
398 646 36 18 och
449 646 53 24 hjelp
517 647 28 22 är,
568 645 62 19 skulle
646 652 45 12 man
708 646 63 26 tycka,
788 652 25 12 en
828 646 40 18 lika
883 646 62 18 berät-

188 675 53 25 tigad
257 675 86 21 fordran,
359 681 42 12 som
417 674 67 25 hvarje
500 677 60 16 annat
575 674 87 26 yrkande
678 676 25 24 pä
719 675 52 25 hjelp
787 675 30 19 för
833 674 112 26 kroppsliga

188 704 93 20 lidanden
296 706 12 16 &
324 704 89 24 offentlig
429 703 220 26 sjukvärdsinrättning.

259 750 54 19 Frän
336 754 43 15 rent
402 750 106 19 medicinsk
531 750 101 25 synpunkt
655 750 38 19 kan
717 750 99 19 dessutom
833 756 25 13 en
874 750 71 19 klinisk

189 780 120 24 behandling
332 779 22 19 af
374 782 27 16 ett
421 778 165 26 förlossningsfall
610 780 93 18 stundom
724 786 47 12 vara
789 779 79 19 alldeles
884 780 61 18 ound-

190 809 59 25 viklig
272 810 29 17 för
322 811 27 16 att
372 809 48 17 ernä
443 810 27 16 ett
492 811 90 22 gynsamt
606 808 87 24 resultat,
715 810 22 17 sä
760 811 13 15 t.
789 815 30 12 ex.
836 808 6 18 i
858 808 86 25 aflägsna

189 838 79 24 trakter,
291 838 34 18 der
346 836 146 26 förlossningen
511 836 38 19 kan
570 843 46 13 vara
637 837 21 18 af
672 837 38 19 den
729 838 58 18 svåra
806 837 138 24 beskaffenhet,

189 870 28 15 att
232 867 38 18 den
288 866 42 19 icke
345 869 49 15 utan
411 866 95 24 operativt
521 866 81 24 ingrepp
618 866 47 18 eller
680 866 49 18 först
745 866 49 19 efter
809 869 28 16 att
852 866 45 19 flere
912 866 31 19 da-

188 902 35 18 gar
239 895 58 19 hafva
320 894 123 20 öfvervakats
464 895 22 18 af
506 894 65 19 läkare
587 895 38 18 kan
641 895 100 23 slutföras,
757 897 28 16 att
801 895 42 19 icke
859 896 37 18 tala
912 902 31 12 om

189 925 74 18 sådana
278 924 33 19 fall
327 924 34 19 der
379 924 78 25 ytterlig
472 923 108 26 fattigdom,
596 924 66 25 dåliga
677 923 116 26 hygieniska
809 924 134 19 förhållanden

190 961 24 11 m.
229 961 25 11 m.
271 954 46 18 eller
342 953 36 19 ock
401 953 97 25 tillfälliga
519 953 168 25 omständigheter
709 955 50 23 göra
774 956 27 15 att
816 953 66 19 läkare
898 953 46 19 eller

188 984 63 17 annat
273 982 75 19 biträde
367 982 99 25 svårligen
482 981 38 19 kan
536 982 136 19 åstadkomma
687 982 36 24 det,
740 988 43 13 som
800 981 31 20 för
846 989 25 12 en
885 983 58 18 ända-

190 1011 104 26 mälsenlig
324 1011 122 24 behandling
471 1010 37 19 och
538 1011 71 18 skötsel
636 1017 46 12 vore
707 1011 164 25 oundgängligen
897 1011 47 19 nöd-

189 1041 86 24 vändigt.

258 1085 100 26 Slutligan
374 1085 66 18 kunde
455 1087 55 17 ännu
526 1085 128 25 ifrågasättas,
669 1085 100 20 huruvida
784 1086 42 19 icke
841 1086 38 19 den
894 1087 50 24 höga

190 1117 106 23 procenten
319 1114 21 19 af
360 1114 84 19 dödsfall
467 1114 60 19 bland
549 1115 49 18 barn
616 1115 6 18 i
638 1115 37 18 den
691 1115 92 24 tidigaste
799 1115 145 19 lefnadsåldern

189 1145 5 18 i
210 1146 67 23 någon
297 1144 48 25 grad
363 1143 68 18 kunde
453 1143 99 18 nedsättas
575 1149 72 19 genom
671 1144 124 19 inrättandet.
807 1143 22 19 af
842 1144 102 26 tidsenliga

189 1172 233 25 barnbördsafdelningar
437 1171 29 19 till
483 1178 24 13 en
523 1172 68 25 början
607 1173 6 17 i
628 1173 233 18 läneresidensstäderna.

259 1219 97 24 Qvinnor,
380 1225 42 12 som
443 1218 77 19 komme
536 1222 27 15 att
578 1219 61 18 anlita
655 1219 55 18 dessa
726 1219 140 24 inrättningar,
883 1219 61 19 skulle

189 1248 98 25 sjeltfallet
309 1250 49 16 mest
380 1248 120 18 härstamma
521 1247 43 19 från
584 1248 24 18 de
628 1248 96 25 fattigaste
748 1249 37 17 och
807 1248 73 18 uslaste
896 1249 49 22 hem,

188 1278 34 18 der
245 1277 106 18 öfverfulla
373 1276 82 25 lokaler,
479 1276 45 19 köld
544 1278 36 17 och
600 1277 48 18 brist
663 1279 74 16 utsätta
752 1277 33 18 det
801 1277 60 24 späda
876 1277 69 18 barnet

188 1307 30 18 för
238 1305 60 24 faror,
321 1311 41 13 som
383 1305 125 25 naturligtvis
526 1307 34 16 äro
576 1307 59 17 störst
655 1305 42 25 just
713 1305 64 19 under
793 1305 23 19 de
833 1305 61 19 första
909 1306 34 19 lef-

188 1335 142 24 nadsdagarne,
347 1334 25 18 då
387 1335 69 18 barnet
471 1335 22 17 är
509 1335 112 24 ömtäligast
636 1334 30 19 för
681 1337 52 22 yttre
748 1334 132 25 inflytanden.

258 1386 10 19 I
284 1386 127 19 betraktande
427 1386 22 19 af
462 1386 38 19 alla
515 1386 55 19 dessa
586 1386 169 26 omständigheter
770 1387 90 19 anhåller
870 1387 33 25 jag
911 1388 34 18 hos

189 1415 166 26 Borgareståndet
371 1416 148 23 vördsammast,
538 1416 32 18 det
585 1416 45 18 ville
646 1415 82 20 Ståndet
744 1416 69 19 förena
828 1416 30 25 sig
873 1423 31 11 om
921 1423 25 12 en

190 1445 124 24 underdånig
331 1444 81 25 petition
429 1445 5 17 i
450 1444 31 19 det
497 1444 53 26 syfte,
566 1447 26 15 att

259 1482 98 18 Allmänna
371 1482 172 18 Besvärsutskottets
555 1483 109 17 betänkande
677 1485 36 15 N:o
726 1485 29 16 21.
