1048 1731
310 117 242 24 Petitionsbetänkande
569 118 37 23 N:o
622 118 12 22 1.
797 119 27 20 45

231 181 42 20 400
295 181 29 20 fot
345 182 46 23 lång
413 182 60 24 mölja
492 182 13 19 4
521 183 12 18 &
548 181 12 21 5
576 184 64 17 större
664 182 67 25 fartyg
753 183 100 23 samtidigt

230 211 54 18 lossa
299 211 37 18 och
351 211 58 19 lasta.
440 211 43 19 Och
499 211 65 19 skulle
583 211 107 23 dessutom,
706 211 6 19 i
728 211 65 19 vinkel
808 211 45 20 med

231 239 70 24 denna,
317 239 74 24 byggas
406 245 25 13 en
447 245 65 14 annan
529 239 42 19 300
586 239 30 20 fot
630 239 46 24 läng
691 240 68 25 mölja,
771 240 39 19 kan
821 241 31 22 yt-

231 268 92 23 terligare
342 267 12 19 3
375 265 12 22 å
406 267 13 19 4
438 267 65 24 fartyg
526 267 54 20 finna
602 268 52 23 plats
677 269 34 18 vid
733 268 119 19 densamma.

230 296 105 19 Dessutom
358 295 61 20 blifva
441 296 92 24 fartygen
556 297 26 23 pä
605 297 41 18 inre
670 297 57 19 sidan
743 297 22 19 af
779 297 72 23 möljen

230 325 114 23 härigenom
367 324 125 24 fullständigt
518 325 103 24 skyddade
643 325 32 19 för
697 325 37 19 allt
755 325 98 25 vägsvall,

231 353 52 19 hvad
298 353 52 20 dock
365 353 44 20 icke
425 355 23 17 är
463 353 22 19 af
499 353 109 20 nämnvärd
627 353 110 26 betydelse,
753 353 26 20 dä
794 353 58 20 äfven

231 382 38 19 den
284 384 53 21 yttre
352 382 82 19 hamnen
451 384 22 17 är
489 382 91 24 skyddad
596 382 31 19 för
642 385 49 16 nära
707 388 38 18 nog
761 382 39 19 alla
810 382 42 19 vin-

231 410 37 19 dar
283 411 35 18 och
335 411 70 19 endast
421 411 84 23 vestliga
520 411 76 19 sädana
611 411 68 19 kunna
697 411 106 19 framkalla
818 411 34 18 nä-

231 441 34 22 got
283 439 74 20 mindre
381 439 86 24 vägsvall
483 439 7 19 i
506 439 120 22 densamma,
656 439 57 20 Dock
728 440 43 19 icke
787 441 65 17 större

231 470 24 17 än
271 470 30 17 att
316 467 89 25 fartygen
420 468 49 23 godt
484 468 68 19 kunna
567 468 52 23 ligga
629 467 88 25 förtöjda
729 468 53 19 invid
793 468 59 24 bryg-

231 502 45 20 gan,
291 499 48 25 utan
354 496 61 20 skildt
431 496 70 24 skydd.

299 525 63 19 Afven
385 525 60 19 södra
467 526 96 18 stranden
584 525 22 19 af
619 526 37 18 den
672 526 43 18 inre
730 526 84 18 hamnen
829 526 24 18 är

231 553 80 20 försedd
327 554 43 19 med
386 553 115 20 bräbänkar
517 554 37 19 och
569 554 77 24 möljor,
664 554 37 19 och
716 554 38 19 kan
766 556 29 17 ett
805 553 47 24 spär

231 582 61 20 ocksä
313 582 56 24 längs
392 582 65 19 denna
480 583 55 19 ledas
551 585 21 16 ut
588 582 30 19 till
637 582 133 20 Martinkarta
792 582 60 25 udde,

231 611 49 19 midt
298 613 51 17 emot
372 610 118 20 Laitasaari.
521 611 145 24 Vattendjupet
680 613 23 17 är
718 612 36 18 här
769 610 84 24 ungefär

231 640 107 19 detsamma
361 645 41 13 som
426 640 33 19 vid
481 640 120 19 Laitasaari.
632 640 68 18 Säsom
725 645 64 18 synes,
812 639 40 19 kan

231 674 44 13 man
290 668 45 19 med
350 668 100 24 synnerlig
465 668 73 20 lätthet
554 668 36 19 och
607 668 41 19 smä
658 674 90 13 resurser
757 668 37 19 här
804 667 48 19 ernä

231 699 56 17 stora
302 697 36 19 och
354 696 92 20 behofvet
461 696 46 20 fullt
523 696 139 20 motsvarande
677 697 90 19 resultat.
793 696 10 19 I
813 696 38 19 den

230 725 43 19 inre
288 725 82 19 hamnen
387 725 66 19 kunna
469 724 28 20 30
512 724 14 21 å
542 724 34 26 40,
591 726 7 18 i
614 726 36 18 den
666 728 53 21 yttre
735 724 58 20 445
804 724 47 24 gän-

230 759 35 18 ger
280 754 22 19 sä
320 754 70 23 mänga
413 754 65 24 fartyg
493 754 49 24 godt
557 754 54 19 finna
625 754 52 24 plats
693 754 38 19 och
746 756 29 16 ett
789 754 7 18 i
812 752 39 20 alla

230 782 107 20 afseenden
359 782 86 24 skyddat
467 783 51 23 läge.
550 782 90 20 Hamnen
662 788 59 14 anses
740 784 45 17 näst
800 781 51 19 efter

229 810 69 20 Kaskö
313 817 48 13 vara
376 811 38 19 den
429 811 59 19 bästa
506 811 26 24 pä
547 811 45 19 hela
608 811 37 19 den
661 810 106 20 Bottniska
782 810 69 19 vikens

229 839 54 21 kust.
312 840 73 19 Härtill
407 840 90 19 kommer
520 842 30 17 att
568 839 87 19 infarten
671 840 30 18 till
717 840 38 18 den
771 841 22 17 är
809 840 42 18 sär-

229 868 55 19 deles
306 868 37 19 lätt
366 868 37 19 och
426 868 83 24 begväm
528 868 58 19 äfven
602 868 6 19 i
624 868 85 23 mörker,
725 868 81 19 emedan
823 868 29 18 ett

230 896 94 24 fyrskepp
340 899 22 17 är
377 896 86 24 förlagdt
479 897 27 24 pä
521 897 111 19 Relanders
652 896 71 24 grund,
738 896 33 19 vid
786 896 65 23 inlop-

229 928 34 21 pet
278 925 30 19 till
323 926 90 23 hamnen,
429 926 38 19 och
483 931 24 14 en
526 925 92 24 hamnfyr
632 924 62 20 finnes
709 924 12 20 å
737 924 38 20 den
791 929 60 14 norra

229 953 95 22 farleden,

296 988 47 19 Men
358 988 32 19 för
405 990 30 17 att
449 988 125 19 återkomma
596 988 30 19 till
644 987 161 24 anordningarna
820 986 31 19 för

229 1016 89 26 hamnen,
335 1017 22 19 så
372 1019 22 16 är
410 1017 33 18 det
459 1017 31 19 till
506 1022 25 13 en
546 1017 72 23 början
636 1016 82 19 alldeles
734 1015 117 24 tillräckligt

229 1047 30 17 att
281 1045 103 20 utsträcka
407 1045 68 24 spåret
498 1045 72 19 endast
592 1045 26 24 på
641 1050 37 14 ena
699 1045 57 18 sidan
772 1043 21 20 af
807 1044 43 19 inre

229 1074 83 19 hamnen
328 1074 29 19 till
373 1074 38 19 den
426 1076 60 21 yttre.
517 1073 43 20 Och
575 1073 26 20 dä
619 1073 110 24 magasiner
744 1079 25 14 m.
785 1071 20 20 fl.
821 1072 29 19 in-

228 1103 110 23 rättningar
360 1105 35 16 äro
418 1102 92 23 förlagda
525 1102 27 24 på
566 1101 149 25 Hamnholmen,
733 1106 57 19 synes
806 1106 44 13 man

228 1131 7 18 i
250 1131 106 19 allmänhet
371 1136 48 13 vara
429 1130 22 19 af
460 1131 39 18 den
515 1131 84 24 åsigten,
611 1133 29 16 att
650 1131 67 23 spåret
727 1129 44 20 från
785 1129 66 19 denna

229 1159 44 19 sida
288 1159 62 20 hellre
365 1159 37 19 bör
417 1159 56 19 ledas
489 1161 22 17 ut
527 1159 30 19 till
572 1159 120 24 Laitasaari,
709 1161 25 16 än
749 1157 52 20 ifrån
812 1157 38 20 den

228 1188 62 19 andra
305 1188 30 19 till
351 1188 134 19 Martinkarta
501 1188 58 19 udde.

295 1216 141 19 Kostnaderna
459 1216 32 19 för
515 1215 71 25 sjelfva
605 1215 65 20 banan
686 1215 37 19 och
739 1215 24 18 de
779 1214 30 19 till
825 1219 25 13 en

228 1245 70 24 början
321 1245 130 24 erforderliga
475 1245 161 23 anordningarne
654 1243 31 20 för
700 1244 84 18 hamnen
800 1247 50 19 upp-

229 1273 77 20 skattar
319 1273 34 24 jag
369 1273 29 20 till
414 1273 89 24 följande
519 1273 83 24 belopp,
617 1272 108 23 nemligen:

229 1329 43 25 39,6
287 1333 54 17 verst
355 1331 82 24 jernväg
453 1331 12 18 &
481 1329 79 24 45,000
575 1329 60 20 Mark
665 1343 4 5 .
701 1343 4 5 .
737 1327 113 26 1,782,000

229 1358 62 26 1,100
314 1362 53 16 verst
389 1359 86 25 löpande
500 1359 30 19 fot
550 1358 104 20 sänkkista
670 1357 36 20 och

284 1388 70 19 bank
344 1382 12 35 i
368 1388 78 24 sundet,
463 1388 86 19 emellan
564 1386 144 20 Hamnholmen

285 1417 36 19 och
343 1416 112 20 Laitasaari
472 1417 34 19 vid
522 1415 12 20 3
551 1414 13 22 &
580 1415 12 19 8
609 1415 39 19 fots
664 1417 41 17 vat-

284 1445 81 24 tendjup
390 1445 3 19 &
409 1444 41 20 28.
482 1459 5 5 <
591 1458 114 5 e.
772 1440 77 26 27,500

158 1482 189 23 Jernvägsutskottets
361 1482 117 18 betänkande
491 1484 35 16 N:o
539 1482 17 17 2.
