1048 1731
263 146 13 20 2
457 144 211 24 Petitionshetänkande
683 145 36 22 N:o
735 144 34 24 48.

236 209 22 20 af
273 209 38 19 den
326 208 39 19 fria
381 208 161 23 konkurrensen;
559 208 41 19 alla
616 208 63 24 öfriga
695 209 90 19 deremot
799 209 25 23 gä
839 209 38 18 den
885 207 109 24 förlustige.

234 237 74 20 Derest
331 243 44 13 man
398 237 45 19 icke
467 236 74 19 önskar
563 237 41 18 helt
628 237 37 19 och
681 237 62 19 hållet
758 237 101 24 upphäfva
875 235 119 25 jemnvigten

237 266 84 19 emellan
340 266 24 18 de
381 265 54 19 olika
450 265 186 26 näringsgrenarne,
652 271 59 18 synes
727 265 33 20 det
775 271 48 14 vara
839 264 156 25 oundgängligen

236 294 129 23 nödvändigt,
389 296 29 16 att
440 293 217 24 tjenstemannabanan,
672 293 85 24 jemförd
771 294 45 19 med
831 294 63 19 andra
908 293 88 20 lefnads-

237 323 70 24 yrken,
323 323 45 18 icke
383 322 63 19 borde
462 321 83 24 erbjuda
560 322 35 19 allt
611 322 32 19 för
658 324 55 17 stora
728 322 94 19 fördelar.

306 351 37 18 Att
357 350 61 19 likväl
434 355 24 14 en
475 351 60 18 sädan
547 350 51 19 brist
609 351 26 24 pä
644 351 95 23 jemnvigt
754 350 107 19 förefinnes
872 350 6 19 i
889 350 43 19 värt
942 349 53 24 land,

238 379 56 20 detta
316 379 59 19 torde
397 384 44 14 man
460 379 63 19 mästa
538 384 47 13 anse
601 379 91 19 bevisadt
707 379 22 19 af
743 379 38 19 den
797 381 54 17 stora
865 378 71 24 mängd
950 383 46 19 per-

238 413 66 18 soner,
330 413 41 14 som
396 407 51 19 söka
469 408 59 18 vinna
550 407 78 19 inträde
652 407 26 24 pä
701 407 216 24 tjenstemannabanan.
951 406 46 19 Alla

238 436 65 20 Onska
325 436 20 19 fä
367 435 118 20 ätminstone
501 435 80 24 deltaga
596 436 6 18 i
618 436 38 19 den
672 436 141 23 lottdragning,
829 435 72 20 medels
917 435 79 19 hvilken

239 467 76 17 statens
331 465 84 23 tjenster
431 463 93 23 fördelas,
541 464 37 19 och
593 465 7 18 i
616 464 44 19 värt
674 464 47 19 land
738 465 38 18 kan
792 470 44 13 man
852 465 17 23 ej
886 469 34 14 ens
936 463 61 19 tänka

239 494 36 24 sig,
299 495 30 17 att
351 499 24 13 en
399 493 61 19 sådan
483 493 155 23 kastinrättning
660 493 66 19 kunde
749 493 92 23 existera,
857 498 41 14 som
913 492 83 23 stängde

239 522 39 19 den
295 527 37 14 ena
352 522 49 18 eller
417 522 37 18 den
470 522 63 18 andra
548 522 72 19 banan.
650 521 65 19 Häraf
729 522 36 18 har
781 522 38 18 ock
834 521 65 19 blifvit
914 520 83 24 följden,

240 553 30 17 att
294 556 45 13 man
363 550 79 19 fordrat
466 550 123 19 inrättandet
614 550 21 19 af
656 550 37 19 allt
714 550 48 19 flere
783 550 36 19 och
835 550 47 19 flere
897 548 99 24 läroverk,

239 578 69 20 hvilka
328 578 43 20 äter
387 578 11 19 ä
414 578 29 19 sin
460 578 43 19 sida
518 578 39 20 öka
573 578 58 19 deras
648 579 60 22 antal,
725 584 40 14 som
781 578 50 20 söka
847 579 58 18 vinna
919 578 78 18 inträde

239 608 27 24 pä
285 607 72 19 nämda
374 607 58 19 bana.
464 607 46 19 Men
531 606 94 24 sjelfallet
645 609 28 23 är,
694 610 29 16 att
739 612 81 14 numera
835 607 44 19 icke
895 606 45 26 alla,
956 611 41 13 som

240 636 115 24 genomgätt
377 636 54 23 lägre
451 636 48 18 eller
514 635 60 24 högre
590 635 122 24 lärokurser,
727 638 36 16 äro
779 636 6 18 i
800 635 77 19 tillfälle
893 637 29 17 att
937 634 61 19 blifva

240 665 119 23 tjenstemän
381 664 6 18 i
411 665 72 24 staten,
507 664 36 19 och
566 663 87 20 flertalet
668 664 21 18 af
703 664 44 19 dem
763 664 57 19 torde
835 664 44 18 icke
894 663 60 19 vinna
969 663 28 18 in-

240 693 57 19 träde
321 692 26 24 pä
369 692 34 19 det
425 692 223 25 verksamhetsomräde,
665 692 31 19 för
711 692 76 19 hvilket
801 693 24 18 de
841 692 102 19 förberedt
958 691 39 23 sig;

241 722 38 19 och
294 720 59 20 häraf
366 720 68 20 kunna
449 720 98 24 följderna
562 720 44 20 icke
622 726 48 14 vara
685 721 58 23 goda.

311 748 36 20 Om
362 749 38 19 ock
415 749 52 19 brist
481 749 26 24 pä
522 749 75 19 sädana
612 754 103 19 personer,
731 754 43 14 som
789 749 48 19 söka
851 748 59 20 vinna
920 748 77 19 inträde

240 778 27 24 pä
290 778 219 24 tjenstemannabanan,
532 778 64 24 aldrig
612 778 57 19 torde
684 777 133 24 förekommit,
833 777 58 19 hafva
907 776 51 20 dock
974 776 24 19 de

240 806 97 26 fördelar,
353 806 113 19 densamma
481 806 99 25 erbjuder,
597 806 144 24 oupphörligen
757 806 64 20 ökats.
847 805 86 20 Sälunda
949 805 49 23 ägde

240 836 23 19 är
280 834 55 20 1879
351 840 25 14 en
391 834 122 24 temmeligen
524 834 72 20 allmän
606 834 162 24 löneförhöjning
778 840 49 20 rum,
838 834 25 19 dä
873 834 126 24 tjenstemän-

240 869 51 14 nens
314 864 57 18 löner
393 863 75 19 ökades
491 863 44 19 med
552 868 55 14 mera
622 866 25 16 än
664 869 23 13 en
703 864 68 23 miljon
787 864 62 22 mark,
864 861 135 20 hvarförutom

241 892 187 24 expeditionstaxan
443 890 21 20 af
478 891 22 19 är
516 890 54 20 1883
587 891 92 24 förhöjde
695 892 168 23 tjenstemännens
881 891 56 19 löner
955 890 44 18 med

241 920 120 20 ätminstone
377 925 24 14 en
417 920 74 24 miljon.
515 920 56 24 Gäng
587 920 51 19 efter
654 926 65 14 annan
734 920 37 19 har
781 926 43 14 man
836 920 99 18 dessutom
947 920 52 18 ännu

241 949 75 20 efterät
338 949 82 24 beviljat
442 949 133 19 lönetillskott
597 949 22 19 ät
634 949 50 25 dem,
701 955 41 13 som
757 949 45 19 icke
818 948 65 19 blefvo
899 947 101 24 delaktiga

242 977 22 20 af
279 978 24 19 de
319 977 120 23 föregäende
454 977 168 26 förhöjningarna,
637 977 78 20 hvilket
729 977 62 20 ocksä
806 977 118 20 ätminstone
937 976 62 19 delvis

241 1012 36 14 var
300 1006 102 25 naturligt,
421 1006 82 19 emedan
518 1011 24 14 en
559 1005 113 25 förhöjning
687 1006 22 19 af
723 1006 62 23 nägra
800 1006 128 23 tjenstemäns
944 1004 56 19 löner

241 1035 28 24 pä
292 1037 41 17 sätt
355 1034 37 19 och
415 1035 29 18 vis
466 1036 58 21 utgör
542 1040 24 13 en
585 1034 145 25 förminskning
745 1034 22 19 af
781 1035 58 18 deras
855 1034 62 22 löner,
933 1033 67 18 hvilka

241 1063 46 20 icke
310 1063 79 19 erhällit
411 1062 119 25 förhöjning,
553 1063 82 19 emedan
658 1063 86 20 sederna
759 1063 6 18 i
781 1062 105 20 allmänhet
903 1061 32 19 till
950 1061 50 24 följd

243 1092 22 19 af
278 1091 210 24 löneförhöjningarna
503 1091 114 20 förorsakat
632 1092 36 19 allt
683 1093 65 18 större
764 1090 193 21 lefnadskostnader.

315 1120 31 19 En
368 1119 50 24 följd
439 1119 21 20 af
474 1120 24 19 de
513 1119 95 24 fördelar,
624 1125 42 14 som
681 1119 212 26 tjenstemannabanan
908 1118 93 25 erbjuder

243 1149 51 25 dem,
317 1149 68 18 hvilka
408 1149 35 19 der
462 1149 49 19 söka
526 1149 60 18 vinna
601 1149 86 23 inträde,
702 1149 37 19 har
755 1148 38 20 ock
808 1147 126 25 synbarligen
949 1147 52 20 varit

243 1179 46 22 den,
305 1179 30 18 att
351 1177 86 19 flertalet
453 1177 20 19 af
488 1177 23 19 de
527 1177 80 19 bildade
624 1177 36 20 och
675 1176 190 25 bildningssökande
881 1175 75 20 sträfva
970 1175 31 19 till

243 1207 66 18 denna
324 1205 131 20 lefnadsbanu
471 1206 36 19 och
522 1206 84 19 sälunda
621 1205 62 20 blifva
697 1205 122 20 fremmande
836 1204 31 20 för
881 1204 42 19 dei
934 1205 67 22 egent-

242 1235 72 23 ligaste
329 1234 79 23 mening
423 1234 91 24 proktiva
529 1235 81 23 yrkena.

317 1263 31 18 En
363 1263 62 18 sädan
441 1263 76 23 ensidig
527 1263 113 23 utveckling
652 1265 23 17 är
685 1262 128 20 tvifvelsutan
825 1260 177 25 olycksbringande

245 1291 32 20 för
291 1291 69 19 landet
375 1291 38 19 och
429 1293 28 17 ett
472 1291 147 19 fortskridande
635 1291 6 19 i
657 1291 65 20 denna
737 1291 88 23 riktning
840 1289 72 20 blifver
926 1289 7 18 i
947 1289 55 23 läng-

245 1320 39 19 den
300 1320 30 18 till
346 1319 37 20 och
398 1320 45 18 med
459 1320 94 23 omöjligt.

317 1354 38 24 Jag
374 1359 59 14 anser
448 1354 64 19 denna
528 1353 56 24 fräga
599 1359 48 14 vara
662 1353 21 20 af
697 1354 22 19 sä
735 1356 42 17 stor
793 1353 46 24 vigt,
856 1353 29 18 att
899 1352 34 24 jag
947 1353 56 22 tager

244 1382 41 24 mig
307 1382 85 20 friheten
415 1382 86 26 anhålla,
523 1388 31 14 att
576 1383 34 19 det
632 1382 131 20 Hedervärda
785 1380 150 21 Bondeständet
957 1380 46 19 ville

245 1411 78 19 skänka
339 1411 35 19 sitt
389 1411 108 19 understöd
513 1411 21 19 ät
549 1416 24 14 en
589 1412 6 18 i
611 1410 158 24 underdänighet
784 1410 31 19 till
824 1409 56 19 Hans
891 1406 112 26 Kejserliga

244 1439 97 25 Majestät
356 1440 52 18 stäld
423 1440 84 23 petition
523 1440 75 24 derom,

315 1477 102 18 Allmänna
431 1477 177 18 Besvärsutskottets
620 1477 119 18 betänkande
751 1478 37 16 N:o
802 1476 30 19 39.
