1048 1731
248 129 13 20 2
443 127 207 24 Petitionsbetänkande
666 127 33 24 N:o
715 126 34 25 22.

221 199 30 18 att
265 197 147 24 Ridderskapet
433 197 37 20 och
493 197 64 19 Adeln
579 197 46 19 ville
648 197 70 19 förena
741 197 29 23 sig
793 202 31 13 om
846 202 25 13 en
893 197 82 24 petition

222 226 74 23 derom,
311 228 30 17 att
356 226 70 23 ätgärd
441 226 22 19 sä
478 228 56 17 snart
556 231 42 14 som
612 226 76 23 möjligt
703 225 62 20 mätte
780 225 89 24 vidtagas
885 225 30 20 till
931 226 45 19 ord-

221 254 74 19 nandet
310 253 21 20 af
344 255 166 23 undervisningen
526 255 6 19 i
547 254 111 25 gymnastik
672 254 33 19 vid
721 254 77 19 landets
814 254 93 19 läroverk
921 254 7 19 i
943 254 33 19 det

220 282 51 25 syfte
287 284 40 18 att:

425 340 40 19 1:0.
498 338 156 27 Gymnastiken
673 337 143 22 tillerkännes
837 345 84 14 samma
944 337 34 21 be-

358 367 81 28 tydelse
453 373 45 16 som
514 367 74 27 öfriga
604 367 127 20 läroämnen
746 366 37 21 vid
799 366 130 28 afgörandet
945 373 33 14 om

357 402 27 14 en
399 396 53 21 elevs
467 395 116 28 mogenhet,
599 396 25 20 sä
640 397 31 19 att
686 395 66 27 äfven
767 395 8 20 i
791 395 58 20 detta
864 397 62 18 ämne
937 395 41 21 vil-

357 423 40 22 kor
407 424 34 21 till
456 423 192 28 sommarferierna
658 423 76 21 kunna
745 423 42 27 för
802 423 107 21 elevernas
923 430 55 21 upp-

353 453 108 27 Flyttning
471 453 34 20 till
516 453 64 26 högre
595 452 60 21 klass
670 452 131 27 uppställas,
817 451 91 22 hvarvid
923 452 55 20 olik-

358 481 35 20 het
407 481 8 20 i
431 481 66 27 anlag
513 481 46 20 lika
574 481 47 20 litet
643 487 45 14 som
711 481 8 20 i
743 480 74 27 öfriga
839 482 78 19 ämnen
940 480 37 21 bör

352 509 102 27 Jörbdises.

425 551 42 19 2:0.
497 549 89 21 Antalet
602 550 88 20 timmar
705 550 8 20 i
728 548 124 28 gymnastik
875 548 52 22 ökas
942 549 35 21 till

357 578 66 20 minst
438 580 32 18 tre
485 578 8 20 i
508 577 79 21 veckan
598 578 44 27 för
656 577 76 27 hvarje
747 577 64 21 klass.

425 618 41 20 3:0.
496 617 37 27 Af
544 617 111 27 blifvande
669 616 198 28 gymnastiklärare
886 617 91 26 fordras

358 645 47 21 lika
429 646 41 27 hög
495 646 83 20 allmän
604 646 101 27 bildning
729 645 39 21 och
790 645 46 21 lika
858 646 119 27 grundliga

353 673 155 29 fackinsigter,
524 681 45 14 som
585 674 29 28 af
625 674 74 28 öfriga
715 674 80 20 lärare.

425 715 40 20 4:0.
498 714 231 27 Gymnastiklärarene
740 713 110 21 likställas
865 714 8 20 i
889 714 36 20 lön
938 714 39 20 och

351 742 132 27 förmåner:
501 742 37 21 vid
553 742 186 28 normallyceerna
754 742 49 20 med
825 742 91 21 lektorer
938 742 39 21 och

357 771 8 20 i
381 770 74 28 öfriga
465 771 152 27 fullständiga
632 772 70 26 lyceer
717 770 49 21 med
781 770 99 28 kolleger.

425 811 41 20 5:o.
498 810 168 28 Gymnastikens
681 811 106 27 ställning
797 811 10 20 i
812 810 164 28 fruntimmers-

356 838 103 22 skolorna
474 839 39 21 och
526 839 295 27 gymnastiklärarinnornas
843 839 70 21 vilkor
922 839 55 27 för-

356 866 83 22 bättras
452 874 76 21 genom
544 868 105 20 liknande
665 867 108 27 åtgärder.

425 909 40 19 6:0.
495 907 155 27 Inspektionen
665 907 61 27 öfver
739 907 234 27 gymnastikundervis-

356 936 82 27 ningen
448 936 9 20 i
467 935 102 22 skolorna
577 936 144 27 öfverlemnas
730 936 23 21 åt
762 935 213 28 gymnastikläraren

356 964 37 21 vid
407 965 192 27 normallyceerna.

739 1017 48 20 WI.
803 1017 102 20 Armfelt.

289 1201 173 30 (Öfversättning.)

344 1245 47 19 Till
406 1245 43 19 det
463 1245 161 24 Högvördiga
638 1245 205 20 Presteståndet.

291 1289 281 25 Gymnastikundervisningen
588 1291 129 19 tillerkändes
740 1296 71 18 genom
825 1290 78 24 Nådiga
924 1291 50 18 För-

218 1318 109 24 ordningen
343 1318 21 19 af
378 1319 38 18 den
431 1318 28 19 23
473 1319 84 24 Augusti
572 1318 56 21 1883
644 1325 24 14 en
683 1319 46 20 vida
745 1321 64 18 större
831 1319 42 24 vigt
888 1319 37 20 och
939 1319 35 19 be-

218 1347 77 24 tydelse
309 1347 54 19 inom
377 1347 77 24 skolan,
470 1350 25 17 än
511 1348 38 19 den
560 1347 54 20 förut
625 1350 39 22 egt,
678 1348 7 19 i
701 1348 34 19 det
751 1349 29 18 att
795 1348 112 19 densamma
922 1347 52 20 ifrån

218 1376 30 10 att
264 1381 46 5 wanna
328 1378 27 8 Att
371 1376 89 10 frinilligst
475 1377 100 9 länatnena
592 1377 78 10 minndan
687 1377 130 10 Ahlisataniale
833 1376 32 11 fån
880 1376 37 11 alla
934 1376 29 11 ala

218 1387 31 8 att
267 1388 45 7 vara
328 1388 29 7 ott
371 1388 90 12 frivilligt
475 1388 101 8 läroämne
591 1388 79 13 gjordes
687 1388 131 13 obligatorisk
833 1388 29 8 för
879 1388 40 8 alla
934 1388 39 7 ole-

218 1409 41 14 ver.
289 1404 35 20 Att
346 1404 64 20 denna
433 1405 72 24 vigtiga
527 1405 117 25 förändring
666 1405 52 20 dock
741 1405 45 20 icke
809 1404 85 21 medfört
917 1405 56 19 desto

217 1432 67 20 rikare
299 1432 84 24 frukter,
398 1434 37 18 har
449 1433 126 20 tvifvelsutan
591 1434 30 20 sin
637 1434 60 20 orsak
712 1434 43 19 dels
771 1434 49 24 deri,
843 1436 30 17 att
894 1438 79 20 gymna-

217 1461 276 25 stiklärare-befattningarne
508 1463 26 19 då
548 1463 44 19 icke
608 1463 79 24 gjordes
707 1463 31 19 till
761 1463 100 19 ordinarie
883 1463 90 23 tjenster,

287 1499 102 19 Allmänna
402 1500 178 19 Besvärsutskottets
593 1501 115 18 vetänkände
721 1502 35 16 N:o
769 1501 30 18 17.
