1048 1731
242 129 13 20 4
420 126 238 25 Petitionsbetänkande
673 126 37 23 N:o
726 127 38 24 49.

282 190 146 22 Förestående
451 189 211 28 petitionsmemorial
683 190 40 22 har
738 191 127 27 hänskjutits
888 189 31 22 till
934 189 38 22 Ut-

212 225 94 22 skottets
329 224 99 27 pröfning
443 225 6 20 i
465 225 42 20 den
530 224 33 21 del
580 224 36 21 det
631 224 56 22 afser
708 225 131 22 inrättandet
854 225 22 22 af
889 231 26 16 en
930 223 41 22 för-

212 258 186 27 bättringsanstalt
420 257 33 22 för
476 258 104 25 drinkare,
605 257 35 22 vid
655 258 80 22 hvilket
757 259 131 22 förhällande
908 259 64 26 nägot

213 293 110 22 uttalande
339 293 110 26 angäende
464 292 111 27 förslagets
590 292 157 28 straffrättsliga
763 293 58 22 delar
835 293 46 22 icke
896 293 76 26 ifräga-

213 327 103 22 kommer.

283 361 256 26 Förbättringsanstalter
553 360 33 22 för
602 361 99 22 drinkare
717 363 43 25 äro,
776 362 70 21 säsom
857 362 66 21 redan
938 361 35 21 be-

216 395 127 27 nämningen
367 401 65 21 anger
447 394 93 27 afsedda,
557 397 32 19 att
604 394 46 22 frän
665 395 119 28 kroppsligt
806 395 40 22 och
864 395 110 22 moraliskt

215 429 70 22 förfall
301 429 66 22 rädda
383 435 108 21 personer,
507 429 71 21 hvilka
593 429 103 22 hemfallit
711 430 22 21 ät
749 432 30 19 ett
794 430 108 26 omättligt
918 429 55 21 bruk

215 463 22 22 af
244 463 131 28 rusdrycker.
392 463 154 22 Erfarenheten
557 463 39 22 har
607 463 119 28 ädagalagt,
736 464 35 21 det
782 464 150 27 omöjligheten
941 465 32 20 att

215 498 108 22 ätkomma
346 497 127 27 rusdrycker
495 497 7 21 i
525 497 95 27 förening
642 497 49 22 med
711 497 124 23 drinkarens
851 497 122 29 kroppsliga

214 532 116 22 stärkande
345 532 68 22 under
428 532 126 22 läkarevärd
570 532 39 21 och
624 532 87 27 lämplig
733 532 160 28 sysselsättning
915 532 58 22 inne-

213 566 39 22 bär
275 567 41 21 den
338 566 62 22 bästa
415 566 86 27 möjliga
515 566 84 27 garanti
614 566 32 21 för
661 566 52 22 hans
731 567 196 27 återupprättande,
943 566 29 22 äf-

214 607 86 15 vensom
311 603 32 19 att
355 601 113 21 drinkaren
479 603 23 19 är
518 602 32 20 att
565 607 50 15 anse
631 601 68 21 såsom
709 608 25 14 en
747 601 46 21 med
808 601 86 21 kronisk
918 601 54 27 sjuk-

214 635 49 21 dom
278 634 101 22 behäftad
395 635 39 21 och
450 634 39 22 bör
503 635 70 21 såsom
588 634 66 22 sådan
666 635 47 21 med
729 635 57 27 vård,
798 635 46 22 icke
855 636 48 21 med
914 636 61 22 straff

214 668 124 23 behandlas.

285 704 32 21 De
332 704 99 26 tidigaste
447 703 104 22 anstalter
566 703 22 21 af
602 704 60 21 detta
672 703 46 27 slag
728 704 117 21 inrättades
859 704 3 21 i
873 704 100 22 Amerika

218 739 55 19 1852
288 738 7 20 i
311 744 26 15 en
351 738 52 21 liten
426 739 34 20 ort
475 737 21 22 af
518 739 70 20 staten
603 738 104 27 Newyork
731 738 39 22 och
795 739 54 20 1859
872 738 6 20 i
899 738 73 22 staden

216 772 91 26 Boston;
325 772 39 22 och
379 772 63 22 hafva
457 772 64 22 sedan
530 773 23 20 år
571 773 60 24 1870,
644 772 27 21 då
687 778 25 16 en
727 772 34 22 väl
777 772 48 22 ledd
835 772 96 27 förening
941 772 32 22 för

216 806 65 22 saken
298 806 66 22 bildat
387 806 37 28 sig,
441 813 26 15 en
482 807 77 26 mängd
575 806 71 28 dylika
669 806 102 22 anstalter
786 807 6 20 i
808 807 25 21 de
857 806 57 22 olika
931 809 42 19 sta-

215 842 61 20 terna
291 840 129 28 tillkommit,
436 841 71 21 hvilka
520 841 50 22 med
585 841 49 21 stöd
649 840 22 22 af
685 847 25 15 en
726 841 55 21 ökad
791 840 121 22 erfarenhet
923 848 50 14 vun-

216 875 31 21 nit
263 875 38 21 allt
316 875 71 21 bättre
403 875 95 21 resultat.
527 875 9 21 1
554 876 86 26 Europa
656 875 61 21 hafva
733 874 239 28 förbättringsanstalter

216 909 22 21 af
253 909 160 27 ifrågavarande
428 911 33 19 art
477 909 141 27 organiserats
634 909 51 21 först
701 909 32 21 för
749 909 96 27 omkring
856 911 31 20 ett
899 909 64 21 decen

217 943 56 22 nium
290 943 95 22 tillbaka.
400 944 10 21 I
425 944 97 27 England
538 943 67 22 finnas
621 943 32 22 för
668 944 129 21 närvarande
813 950 36 15 sex
865 944 107 26 anstalter,

216 978 6 20 i
238 977 108 28 Tyskland
369 977 61 22 hafva
446 978 26 21 de
487 977 109 28 befintliga
618 985 16 14 s.
651 978 19 20 k.
689 977 222 22 arbetarekolonierna
933 977 41 22 fått

217 1012 86 27 betjena
310 1012 79 27 jemväl
400 1012 64 27 syftet
472 1014 31 19 att
514 1011 104 22 förbättra
629 1012 104 21 drinkare.
759 1012 10 21 I
780 1012 71 27 Norge
862 1011 111 23 förefinnes

217 1046 65 21 sedan
299 1046 58 21 detta
373 1047 107 20 årtiondes
502 1046 75 27 början
592 1053 25 14 en
644 1047 65 21 sådan
735 1046 218 27 förbättringsanstalt
967 1047 6 20 i

216 1081 105 24 Heimdal,
346 1080 39 22 och
405 1081 6 20 i
427 1081 85 26 Sverige
535 1081 39 21 har
596 1081 84 27 nyligen
704 1087 25 15 en
746 1081 57 27 dylik
826 1081 98 22 inrättats
939 1081 34 22 vid

216 1114 37 22 Bie
269 1115 81 21 kurort.

285 1149 104 21 Flertalet
405 1149 22 21 af
440 1149 42 22 alla
498 1149 61 22 dessa
574 1149 103 22 anstalter
693 1149 38 22 och
749 1149 99 27 samtliga
870 1149 26 22 de
912 1149 5 21 i
934 1150 40 21 Eu-

218 1189 52 21 ropa
285 1183 110 27 befintliga
418 1185 36 20 äro
470 1183 31 21 till
525 1183 31 22 sin
573 1185 63 20 natur
658 1183 151 28 privatföretag
829 1185 55 20 samt
905 1183 70 22 lemna

218 1217 45 21 sina
280 1217 105 26 patienter
400 1217 37 22 full
452 1217 63 22 frihet
533 1220 31 19 att
587 1218 104 21 inträda
685 1213 14 34 i
709 1218 38 21 och
770 1218 70 21 lemna
863 1218 110 21 anstalten.

218 1252 9 21 I
243 1252 97 27 England
360 1252 61 21 torde
445 1252 52 21 dock
518 1252 83 27 jemlikt
617 1259 25 14 en
658 1252 168 27 parlamentsakt
841 1251 22 22 af
877 1253 23 20 år
920 1253 54 20 1879

217 1286 138 25 anstalterna,
372 1287 37 20 der
425 1287 25 21 de
467 1287 128 21 underkasta
610 1287 31 26 sig
657 1293 25 16 en
698 1293 16 16 s.
731 1287 18 21 k.
767 1287 158 26 inregistrering
936 1287 39 22 och

219 1320 61 22 deraf
293 1321 92 26 följande
400 1321 54 26 legal
470 1321 99 27 kontroll,
586 1321 113 28 medgifvas
715 1328 26 15 en
757 1321 82 22 likvisst
853 1321 82 28 mycket
946 1321 29 21 in-

217 1355 90 21 skränkt
322 1355 127 27 befogenhet
464 1357 32 20 att
518 1355 6 21 i
540 1357 85 21 svårare
641 1356 35 22 fall
692 1356 95 27 förlänga
803 1355 119 28 patientens
935 1355 40 22 kur

217 1388 61 22 äfven
295 1391 56 20 emot
367 1390 78 22 dennes
461 1390 86 22 önskan.
578 1390 60 22 Blott
653 1397 25 15 en
695 1391 51 21 eller
761 1396 70 16 annan
847 1390 21 22 af
883 1390 26 22 de
924 1390 51 22 min-

219 1424 37 20 dre
272 1424 154 22 Amerikanska
441 1426 95 20 staterna
551 1425 61 21 torde
628 1425 95 21 deremot
737 1424 65 22 infört
817 1424 108 28 principen
941 1431 34 15 om

287 1463 103 18 Allmänna
403 1464 188 18 Besvärsutskottets
603 1464 120 18 betänkande
736 1464 35 18 N:o
785 1466 27 16 37.
