1048 1731
247 128 26 21 12
428 127 252 24 Petitionsbetänkande
695 126 39 24 N:o
750 126 30 23 51.

217 195 70 21 lasten
310 194 61 21 alltid
393 194 91 21 innebär
506 193 118 28 någonting
640 195 63 25 orätt,
719 193 24 22 så
757 195 24 20 är
797 195 31 20 ett
842 193 136 22 tolererande

218 228 39 21 och
280 229 127 26 reglerande
429 228 24 21 af
472 229 124 21 densamma
614 227 48 22 från
685 228 123 21 samhällets
823 228 47 21 sida
884 228 94 21 förkast-

217 263 46 27 ligt,
285 263 40 21 och
344 263 100 27 slutligen
460 264 24 20 är
499 263 42 20 den
556 262 69 27 egnad
641 263 32 20 att
688 262 142 27 undergräfva
845 262 131 27 sedligheten

218 297 39 22 och
272 297 85 22 förvilla
372 297 216 26 rättsmedvetandet;
604 296 28 27 på
646 297 69 26 grund
725 296 63 21 häraf
796 297 64 26 yrkas
869 297 45 21 dels
924 303 53 21 upp-

217 331 107 22 häfvande
344 331 23 22 af
384 332 41 21 den
440 331 184 28 reglementerade
640 331 165 26 prostitutionen
821 331 39 21 och
875 331 102 22 särskildt

218 365 41 22 den
278 366 146 27 regelbundna
442 365 150 28 besigtningen
612 365 24 22 af
649 365 156 28 prostituerade
820 365 96 27 qvinnor,
931 364 48 22 dels

217 400 226 27 otuktsförbrytelsers
465 400 104 27 behöriga
590 399 112 22 beifrande
721 400 23 21 af
757 399 64 27 polis-
837 399 40 22 och
891 399 87 27 åklaga-

218 434 111 21 remakten
344 434 7 21 i
367 434 221 21 öfverensstämmelse
603 434 48 21 med
666 434 99 27 gällande
780 434 41 27 lag.

287 469 102 21 Deremot
404 469 41 20 har
459 468 147 21 Prokuratorn
621 469 7 20 i
644 468 131 27 ofvansagda
789 468 128 26 hänseende,
928 468 6 21 i
945 468 32 21 sin

217 503 33 21 till
273 503 120 22 Ständerna
416 502 82 28 afgifna
517 503 121 26 berättelse,
659 502 178 28 hufvudsakligen
852 502 77 27 anfört,
945 503 33 21 att

218 539 31 19 ett
272 537 157 22 öfvervakande
444 537 23 21 af
481 537 95 21 lastbara
592 537 100 27 qvinnors
707 537 84 26 vandel,
807 538 6 20 i
829 537 54 27 syfte
897 538 32 20 att
944 537 33 21 till

218 571 36 21 det
269 572 79 21 minsta
363 572 87 27 möjliga
465 572 103 20 reducera
584 572 36 20 det
635 572 56 21 onda
702 572 26 20 de
739 571 154 26 åstadkomma,
905 572 18 26 ej
934 571 43 21 kan

219 606 104 21 innebära
345 606 137 27 legalisering
504 605 23 22 af
546 606 62 21 deras
624 606 42 21 last
680 606 52 21 eller
747 606 23 20 af
784 605 35 22 det
835 606 65 26 derpå
915 606 62 21 bero-

218 640 55 21 ende
288 640 101 27 lagbrott,
405 646 46 16 som
467 640 23 21 af
504 640 48 21 dem
567 639 72 28 begås,
656 642 31 19 att
703 646 26 15 en
745 640 39 21 hos
799 640 82 27 polisen
892 640 85 22 inskrif-

218 680 41 16 ven
281 675 80 26 qvinna
380 675 117 26 ingalunda
512 675 43 21 kan
571 675 49 21 med
635 675 57 26 hopp
709 680 34 16 om
757 674 112 27 framgång
884 674 94 27 åberopa

219 709 70 21 denna
311 709 33 21 sin
367 710 107 26 egenskap
496 708 34 22 för
552 711 32 19 att
606 708 71 27 undgå
695 708 134 27 påföljderna
849 708 23 22 af
886 710 31 20 ett
932 710 45 20 mot

218 743 70 22 henne
309 743 64 21 väckt
396 743 43 22 åtal
462 743 33 21 för
517 743 123 21 skörlefnad
662 743 52 21 eller
729 742 130 28 lönskaläge,
875 744 55 20 samt
945 744 33 20 att

217 778 226 27 lagbestämningarna
460 778 7 20 i
481 778 27 21 57
525 778 55 26 Kap.
596 777 28 21 M.
641 778 23 20 B.
675 778 19 26 ej
705 777 72 23 kunna
788 777 12 21 å
811 779 82 20 ensamt
903 777 34 21 för
946 778 33 26 sig

218 812 91 23 boende,
325 813 48 21 med
387 812 102 27 otuktligt
501 814 106 25 umgänge
618 812 32 26 sig
660 812 166 26 sysselsättande
837 812 89 26 qvinnor
935 812 43 20 till-

218 846 90 27 lämpas.

288 880 111 22 Utskottet
422 881 39 21 har
483 880 33 21 för
536 880 32 21 sin
588 880 35 21 del
639 880 6 21 i
661 880 119 21 hufvudsak
795 880 89 22 anslutit
898 880 32 27 sig
944 881 33 21 till

202 914 43 29 de
269 915 24 21 af
314 916 167 26 petitionärerne
495 915 95 21 uttalade
606 914 85 28 åsigter.
721 914 137 22 Beträflande
873 914 54 22 först
941 915 36 21 det

219 949 137 27 reglemente,
379 949 138 27 hvarigenom
540 949 164 27 prostitutionen
722 950 7 20 i
744 949 157 22 hufvudstaden
916 955 62 22 orga-

218 984 99 26 niserats,
337 984 36 21 vill
389 984 106 21 utskottet
510 983 114 22 framhålla
640 985 32 20 att
685 984 68 26 enligt
768 983 48 22 dess
833 985 10 19 1
860 983 11 27 $
887 983 91 28 afsigten

218 1018 49 21 med
283 1018 198 27 besigtningsbyrån
498 1018 110 27 uppgifves
623 1025 51 14 vara
689 1018 18 27 ej
724 1020 32 19 att
770 1018 86 21 hämma
869 1018 52 21 eller
932 1019 46 21 hin-

218 1053 46 26 dra,
279 1054 53 21 utan
348 1053 76 21 endast
439 1054 32 20 att
487 1053 115 21 öfvervaka
617 1052 172 28 prostitutionen.
813 1053 107 26 Derjemte
935 1053 43 22 för-

218 1089 93 20 utsätter
332 1089 15 20 4
369 1088 34 27 S:n
425 1089 33 20 att
481 1087 80 22 sådana
576 1089 96 26 qvinnor,
689 1094 34 15 om
739 1087 72 22 hvilka
825 1087 68 22 kändt
907 1090 24 19 är
946 1090 33 19 att

218 1122 26 21 de
267 1121 132 23 öfverlemna
421 1123 32 26 sig
476 1121 21 22 åt
512 1123 172 26 prostitutionen,
705 1122 114 21 inskrifvas
835 1121 12 21 å
862 1121 67 28 byrån
944 1122 35 21 för

219 1157 32 20 att
266 1157 141 26 regelbundet
422 1157 122 26 besigtigas,
560 1157 88 21 hvarvid
662 1157 22 21 åt
700 1157 40 21 den
757 1156 90 22 sålunda
856 1156 122 27 inregistre-

219 1190 52 21 rade
295 1191 142 21 öfverlemnas
459 1197 26 15 en
508 1191 189 27 anteckningsbok,
713 1191 8 21 i
736 1191 87 20 hvilken
838 1191 80 20 hennes
933 1191 45 20 hel-

218 1225 124 21 sotillstånd
357 1225 123 22 antecknas.
497 1237 27 3 —
539 1225 35 21 Då
588 1225 90 22 sålunda
691 1225 176 27 myndigheterna
877 1225 49 21 med
936 1226 43 20 vet-

219 1259 54 26 skap
297 1265 33 15 om
354 1259 36 21 det
409 1259 112 27 skändliga
536 1259 52 27 yrke
604 1260 40 21 den
660 1259 157 28 prostituerade
833 1259 86 26 drifver,
934 1259 45 21 låta

218 1293 71 21 denna
305 1294 86 21 dermed
406 1293 92 22 fortfara
513 1294 39 21 och
568 1293 57 27 gifva
640 1293 146 28 regelbundna
796 1293 59 21 bevis
865 1292 28 28 på
902 1293 77 27 besigt-

217 1327 84 27 ningen,
317 1327 68 22 måste
401 1328 60 21 detta
475 1334 62 15 anses
553 1328 103 21 innebära
670 1328 56 21 ifrån
736 1327 187 28 myndigheternas
932 1327 47 22 sida

219 1361 102 23 tillåtelse
343 1363 32 21 att
395 1362 69 22 under
479 1362 139 27 iakttagande
634 1362 22 22 af
669 1363 57 21 vissa
741 1361 134 23 föreskrifter
889 1361 90 22 allmänt

218 1395 70 22 drifva
311 1397 68 26 yrket.
413 1396 41 22 Till
477 1396 70 22 denna
568 1396 137 27 nppfattning
727 1398 68 20 mäste
818 1402 49 16 man
891 1398 28 19 än
933 1403 46 15 mer

218 1430 87 22 komma
320 1430 129 28 derigenom,
466 1432 31 20 att
513 1431 27 21 de
554 1430 231 28 besigtningsskyldiga
801 1430 22 21 fä
837 1430 86 22 behälla
932 1431 47 21 sina

289 1476 138 22 Lagutskottets
441 1476 116 18 betänkande
569 1482 31 12 n:o
611 1477 29 18 24.
