<?xml version="1.0" encoding="UTF-8"?>
<alto xmlns="http://www.loc.gov/standards/alto/ns-v3#" xmlns:xlink="http://www.w3.org/1999/xlink" xmlns:xsi="http://www.w3.org/2001/XMLSchema-instance" xsi:schemaLocation="http://www.loc.gov/standards/alto/ns-v3# http://www.loc.gov/alto/v3/alto-3-0.xsd">
	<Description>
		<MeasurementUnit>pixel</MeasurementUnit>
		<sourceImageInformation>
			<fileName>/tmp/tess_31mb4o0l_input.PNG</fileName>
		</sourceImageInformation>
		<OCRProcessing ID="OCR_0">
			<ocrProcessingStep>
				<processingSoftware>
					<softwareName>tesseract 5.3.4</softwareName>
				</processingSoftware>
			</ocrProcessingStep>
		</OCRProcessing>
	</Description>
	<Layout>
		<Page WIDTH="1048" HEIGHT="1731" PHYSICAL_IMG_NR="0" ID="page_0">
			<PrintSpace HPOS="0" VPOS="0" WIDTH="1048" HEIGHT="1731">
				<ComposedBlock ID="cblock_0" HPOS="315" VPOS="139" WIDTH="510" HEIGHT="25">
					<TextBlock ID="block_0" HPOS="315" VPOS="139" WIDTH="510" HEIGHT="25">
						<TextLine ID="line_0" HPOS="315" VPOS="139" WIDTH="510" HEIGHT="25">
							<String ID="string_0" HPOS="315" VPOS="140" WIDTH="240" HEIGHT="24" WC="0.91" CONTENT="Petitionsbetänkande"/><SP WIDTH="17" VPOS="140" HPOS="555"/>
							<String ID="string_1" HPOS="572" VPOS="141" WIDTH="35" HEIGHT="22" WC="0.94" CONTENT="N:o"/><SP WIDTH="17" VPOS="141" HPOS="607"/>
							<String ID="string_2" HPOS="624" VPOS="139" WIDTH="13" HEIGHT="22" WC="0.95" CONTENT="I."/><SP WIDTH="162" VPOS="139" HPOS="637"/>
							<String ID="string_3" HPOS="799" VPOS="139" WIDTH="26" HEIGHT="20" WC="0.96" CONTENT="21"/>
						</TextLine>
					</TextBlock>
				</ComposedBlock>
				<ComposedBlock ID="cblock_1" HPOS="91" VPOS="203" WIDTH="767" HEIGHT="1286">
					<TextBlock ID="block_1" HPOS="96" VPOS="203" WIDTH="759" HEIGHT="53">
						<TextLine ID="line_1" HPOS="96" VPOS="203" WIDTH="759" HEIGHT="26">
							<String ID="string_4" HPOS="96" VPOS="205" WIDTH="28" HEIGHT="18" WC="0.96" CONTENT="tal"/><SP WIDTH="15" VPOS="205" HPOS="124"/>
							<String ID="string_5" HPOS="139" VPOS="204" WIDTH="115" HEIGHT="20" WC="0.96" CONTENT="kommuner"/><SP WIDTH="18" VPOS="204" HPOS="254"/>
							<String ID="string_6" HPOS="272" VPOS="205" WIDTH="85" HEIGHT="20" WC="0.96" CONTENT="förutom"/><SP WIDTH="20" VPOS="205" HPOS="357"/>
							<String ID="string_7" HPOS="377" VPOS="206" WIDTH="50" HEIGHT="23" WC="0.96" CONTENT="dem,"/><SP WIDTH="16" VPOS="206" HPOS="427"/>
							<String ID="string_8" HPOS="443" VPOS="211" WIDTH="43" HEIGHT="13" WC="0.96" CONTENT="som"/><SP WIDTH="16" VPOS="211" HPOS="486"/>
							<String ID="string_9" HPOS="502" VPOS="205" WIDTH="53" HEIGHT="24" WC="0.96" CONTENT="ligga"/><SP WIDTH="18" VPOS="205" HPOS="555"/>
							<String ID="string_10" HPOS="573" VPOS="205" WIDTH="54" HEIGHT="18" WC="0.93" CONTENT="invid"/><SP WIDTH="16" VPOS="205" HPOS="627"/>
							<String ID="string_11" HPOS="643" VPOS="203" WIDTH="144" HEIGHT="20" WC="0.92" CONTENT="ofvannämnde"/><SP WIDTH="14" VPOS="203" HPOS="787"/>
							<String ID="string_12" HPOS="801" VPOS="203" WIDTH="54" HEIGHT="23" WC="0.90" CONTENT="jern-"/>
						</TextLine>
						<TextLine ID="line_2" HPOS="96" VPOS="233" WIDTH="101" HEIGHT="23">
							<String ID="string_13" HPOS="96" VPOS="233" WIDTH="101" HEIGHT="23" WC="0.90" CONTENT="vägslinie."/>
						</TextLine>
					</TextBlock>
					<TextBlock ID="block_2" HPOS="94" VPOS="259" WIDTH="761" HEIGHT="365">
						<TextLine ID="line_3" HPOS="162" VPOS="259" WIDTH="693" HEIGHT="27">
							<String ID="string_14" HPOS="162" VPOS="262" WIDTH="258" HEIGHT="24" WC="0.92" CONTENT="Penningeinrättningarne"/><SP WIDTH="16" VPOS="262" HPOS="420"/>
							<String ID="string_15" HPOS="436" VPOS="265" WIDTH="36" HEIGHT="17" WC="0.96" CONTENT="äro"/><SP WIDTH="17" VPOS="265" HPOS="472"/>
							<String ID="string_16" HPOS="489" VPOS="262" WIDTH="28" HEIGHT="19" WC="0.96" CONTENT="uti"/><SP WIDTH="16" VPOS="262" HPOS="517"/>
							<String ID="string_17" HPOS="533" VPOS="261" WIDTH="109" HEIGHT="24" WC="0.96" CONTENT="Jyväskylä"/><SP WIDTH="16" VPOS="261" HPOS="642"/>
							<String ID="string_18" HPOS="658" VPOS="261" WIDTH="44" HEIGHT="18" WC="0.93" CONTENT="stad"/><SP WIDTH="16" VPOS="261" HPOS="702"/>
							<String ID="string_19" HPOS="718" VPOS="259" WIDTH="44" HEIGHT="24" WC="0.96" CONTENT="fyra"/><SP WIDTH="15" VPOS="259" HPOS="762"/>
							<String ID="string_20" HPOS="777" VPOS="260" WIDTH="30" HEIGHT="19" WC="0.93" CONTENT="till"/><SP WIDTH="13" VPOS="260" HPOS="807"/>
							<String ID="string_21" HPOS="820" VPOS="264" WIDTH="35" HEIGHT="14" WC="0.93" CONTENT="an-"/>
						</TextLine>
						<TextLine ID="line_4" HPOS="96" VPOS="288" WIDTH="759" HEIGHT="28">
							<String ID="string_22" HPOS="96" VPOS="290" WIDTH="54" HEIGHT="26" WC="0.96" CONTENT="talet,"/><SP WIDTH="12" VPOS="290" HPOS="150"/>
							<String ID="string_23" HPOS="162" VPOS="291" WIDTH="106" HEIGHT="24" WC="0.93" CONTENT="nämligen:"/><SP WIDTH="8" VPOS="291" HPOS="268"/>
							<String ID="string_24" HPOS="276" VPOS="291" WIDTH="207" HEIGHT="25" WC="0.91" CONTENT="Föreningsbankens,"/><SP WIDTH="12" VPOS="291" HPOS="483"/>
							<String ID="string_25" HPOS="495" VPOS="290" WIDTH="102" HEIGHT="19" WC="0.93" CONTENT="Nordiska"/><SP WIDTH="11" VPOS="290" HPOS="597"/>
							<String ID="string_26" HPOS="608" VPOS="289" WIDTH="143" HEIGHT="20" WC="0.93" CONTENT="aktiebankens"/><SP WIDTH="12" VPOS="289" HPOS="751"/>
							<String ID="string_27" HPOS="763" VPOS="289" WIDTH="35" HEIGHT="18" WC="0.92" CONTENT="och"/><SP WIDTH="12" VPOS="289" HPOS="798"/>
							<String ID="string_28" HPOS="810" VPOS="288" WIDTH="45" HEIGHT="19" WC="0.62" CONTENT="Fin:"/>
						</TextLine>
						<TextLine ID="line_5" HPOS="96" VPOS="317" WIDTH="758" HEIGHT="26">
							<String ID="string_29" HPOS="96" VPOS="319" WIDTH="56" HEIGHT="19" WC="0.92" CONTENT="lands"/><SP WIDTH="17" VPOS="319" HPOS="152"/>
							<String ID="string_30" HPOS="169" VPOS="319" WIDTH="62" HEIGHT="20" WC="0.96" CONTENT="banks"/><SP WIDTH="16" VPOS="319" HPOS="231"/>
							<String ID="string_31" HPOS="247" VPOS="319" WIDTH="72" HEIGHT="19" WC="0.96" CONTENT="kontor"/><SP WIDTH="16" VPOS="319" HPOS="319"/>
							<String ID="string_32" HPOS="335" VPOS="321" WIDTH="50" HEIGHT="17" WC="0.96" CONTENT="samt"/><SP WIDTH="14" VPOS="321" HPOS="385"/>
							<String ID="string_33" HPOS="399" VPOS="319" WIDTH="111" HEIGHT="24" WC="0.93" CONTENT="Jyväskylä"/><SP WIDTH="11" VPOS="319" HPOS="510"/>
							<String ID="string_34" HPOS="521" VPOS="318" WIDTH="107" HEIGHT="25" WC="0.92" CONTENT="sparbank."/><SP WIDTH="26" VPOS="318" HPOS="628"/>
							<String ID="string_35" HPOS="654" VPOS="317" WIDTH="200" HEIGHT="23" WC="0.92" CONTENT="Föreningsbankens"/>
						</TextLine>
						<TextLine ID="line_6" HPOS="96" VPOS="345" WIDTH="758" HEIGHT="26">
							<String ID="string_36" HPOS="96" VPOS="347" WIDTH="37" HEIGHT="20" WC="0.96" CONTENT="och"/><SP WIDTH="10" VPOS="347" HPOS="133"/>
							<String ID="string_37" HPOS="143" VPOS="347" WIDTH="101" HEIGHT="20" WC="0.93" CONTENT="Nordiska"/><SP WIDTH="15" VPOS="347" HPOS="244"/>
							<String ID="string_38" HPOS="259" VPOS="347" WIDTH="142" HEIGHT="20" WC="0.92" CONTENT="aktiebankens"/><SP WIDTH="17" VPOS="347" HPOS="401"/>
							<String ID="string_39" HPOS="418" VPOS="347" WIDTH="149" HEIGHT="24" WC="0.92" CONTENT="sammanlagda"/><SP WIDTH="14" VPOS="347" HPOS="567"/>
							<String ID="string_40" HPOS="581" VPOS="346" WIDTH="120" HEIGHT="23" WC="0.93" CONTENT="omsättning"/><SP WIDTH="10" VPOS="346" HPOS="701"/>
							<String ID="string_41" HPOS="711" VPOS="345" WIDTH="98" HEIGHT="24" WC="0.93" CONTENT="utgjorde,"/><SP WIDTH="12" VPOS="345" HPOS="809"/>
							<String ID="string_42" HPOS="821" VPOS="350" WIDTH="33" HEIGHT="13" WC="0.93" CONTENT="en-"/>
						</TextLine>
						<TextLine ID="line_7" HPOS="96" VPOS="371" WIDTH="758" HEIGHT="29">
							<String ID="string_43" HPOS="96" VPOS="375" WIDTH="35" HEIGHT="24" WC="0.92" CONTENT="ligt"/><SP WIDTH="16" VPOS="375" HPOS="131"/>
							<String ID="string_44" HPOS="147" VPOS="377" WIDTH="76" HEIGHT="23" WC="0.88" CONTENT="uppgift"/><SP WIDTH="16" VPOS="377" HPOS="223"/>
							<String ID="string_45" HPOS="239" VPOS="376" WIDTH="21" HEIGHT="19" WC="0.93" CONTENT="af"/><SP WIDTH="14" VPOS="376" HPOS="260"/>
							<String ID="string_46" HPOS="274" VPOS="377" WIDTH="150" HEIGHT="18" WC="0.91" CONTENT="föreständarne"/><SP WIDTH="16" VPOS="377" HPOS="424"/>
							<String ID="string_47" HPOS="440" VPOS="377" WIDTH="33" HEIGHT="19" WC="0.96" CONTENT="för"/><SP WIDTH="16" VPOS="377" HPOS="473"/>
							<String ID="string_48" HPOS="489" VPOS="377" WIDTH="59" HEIGHT="18" WC="0.93" CONTENT="dessa"/><SP WIDTH="15" VPOS="377" HPOS="548"/>
							<String ID="string_49" HPOS="563" VPOS="376" WIDTH="86" HEIGHT="19" WC="0.93" CONTENT="bankers"/><SP WIDTH="16" VPOS="376" HPOS="649"/>
							<String ID="string_50" HPOS="665" VPOS="375" WIDTH="79" HEIGHT="24" WC="0.96" CONTENT="kontor,"/><SP WIDTH="17" VPOS="375" HPOS="744"/>
							<String ID="string_51" HPOS="761" VPOS="373" WIDTH="22" HEIGHT="19" WC="0.95" CONTENT="är"/><SP WIDTH="16" VPOS="373" HPOS="783"/>
							<String ID="string_52" HPOS="799" VPOS="371" WIDTH="55" HEIGHT="21" WC="0.96" CONTENT="1886"/>
						</TextLine>
						<TextLine ID="line_8" HPOS="96" VPOS="402" WIDTH="757" HEIGHT="27">
							<String ID="string_53" HPOS="96" VPOS="405" WIDTH="90" HEIGHT="24" WC="0.93" CONTENT="omkring"/><SP WIDTH="15" VPOS="405" HPOS="186"/>
							<String ID="string_54" HPOS="201" VPOS="405" WIDTH="82" HEIGHT="19" WC="0.92" CONTENT="aderton"/><SP WIDTH="16" VPOS="405" HPOS="283"/>
							<String ID="string_55" HPOS="299" VPOS="405" WIDTH="90" HEIGHT="23" WC="0.96" CONTENT="miljoner"/><SP WIDTH="16" VPOS="405" HPOS="389"/>
							<String ID="string_56" HPOS="405" VPOS="405" WIDTH="63" HEIGHT="20" WC="0.92" CONTENT="mark."/><SP WIDTH="31" VPOS="405" HPOS="468"/>
							<String ID="string_57" HPOS="499" VPOS="405" WIDTH="95" HEIGHT="19" WC="0.87" CONTENT="Sistlidne"/><SP WIDTH="16" VPOS="405" HPOS="594"/>
							<String ID="string_58" HPOS="610" VPOS="404" WIDTH="46" HEIGHT="19" WC="0.96" CONTENT="höst"/><SP WIDTH="16" VPOS="404" HPOS="656"/>
							<String ID="string_59" HPOS="672" VPOS="403" WIDTH="81" HEIGHT="19" WC="0.96" CONTENT="anlades"/><SP WIDTH="16" VPOS="403" HPOS="753"/>
							<String ID="string_60" HPOS="769" VPOS="402" WIDTH="28" HEIGHT="19" WC="0.93" CONTENT="uti"/><SP WIDTH="16" VPOS="402" HPOS="797"/>
							<String ID="string_61" HPOS="813" VPOS="403" WIDTH="40" HEIGHT="17" WC="0.93" CONTENT="sta-"/>
						</TextLine>
						<TextLine ID="line_9" HPOS="96" VPOS="429" WIDTH="759" HEIGHT="24">
							<String ID="string_62" HPOS="96" VPOS="433" WIDTH="38" HEIGHT="19" WC="0.96" CONTENT="den"/><SP WIDTH="16" VPOS="433" HPOS="134"/>
							<String ID="string_63" HPOS="150" VPOS="436" WIDTH="28" HEIGHT="15" WC="0.96" CONTENT="ett"/><SP WIDTH="15" VPOS="436" HPOS="178"/>
							<String ID="string_64" HPOS="193" VPOS="433" WIDTH="94" HEIGHT="19" WC="0.96" CONTENT="Finlands"/><SP WIDTH="15" VPOS="433" HPOS="287"/>
							<String ID="string_65" HPOS="302" VPOS="433" WIDTH="63" HEIGHT="20" WC="0.96" CONTENT="banks"/><SP WIDTH="18" VPOS="433" HPOS="365"/>
							<String ID="string_66" HPOS="383" VPOS="433" WIDTH="80" HEIGHT="20" WC="0.96" CONTENT="kontor."/><SP WIDTH="31" VPOS="433" HPOS="463"/>
							<String ID="string_67" HPOS="494" VPOS="434" WIDTH="62" HEIGHT="19" WC="0.96" CONTENT="Detta"/><SP WIDTH="15" VPOS="434" HPOS="556"/>
							<String ID="string_68" HPOS="571" VPOS="433" WIDTH="73" HEIGHT="19" WC="0.96" CONTENT="kontor"/><SP WIDTH="15" VPOS="433" HPOS="644"/>
							<String ID="string_69" HPOS="659" VPOS="432" WIDTH="36" HEIGHT="19" WC="0.93" CONTENT="har"/><SP WIDTH="16" VPOS="432" HPOS="695"/>
							<String ID="string_70" HPOS="711" VPOS="431" WIDTH="76" HEIGHT="19" WC="0.96" CONTENT="således"/><SP WIDTH="17" VPOS="431" HPOS="787"/>
							<String ID="string_71" HPOS="804" VPOS="429" WIDTH="51" HEIGHT="20" WC="0.97" CONTENT="varit"/>
						</TextLine>
						<TextLine ID="line_10" HPOS="95" VPOS="459" WIDTH="759" HEIGHT="27">
							<String ID="string_72" HPOS="95" VPOS="461" WIDTH="7" HEIGHT="18" WC="0.96" CONTENT="i"/><SP WIDTH="16" VPOS="461" HPOS="102"/>
							<String ID="string_73" HPOS="118" VPOS="461" WIDTH="123" HEIGHT="20" WC="0.96" CONTENT="verksamhet"/><SP WIDTH="23" VPOS="461" HPOS="241"/>
							<String ID="string_74" HPOS="264" VPOS="462" WIDTH="69" HEIGHT="19" WC="0.96" CONTENT="endast"/><SP WIDTH="22" VPOS="462" HPOS="333"/>
							<String ID="string_75" HPOS="355" VPOS="462" WIDTH="90" HEIGHT="24" WC="0.96" CONTENT="omkring"/><SP WIDTH="19" VPOS="462" HPOS="445"/>
							<String ID="string_76" HPOS="464" VPOS="462" WIDTH="39" HEIGHT="19" WC="0.92" CONTENT="fem"/><SP WIDTH="16" VPOS="462" HPOS="503"/>
							<String ID="string_77" HPOS="519" VPOS="462" WIDTH="101" HEIGHT="24" WC="0.90" CONTENT="mänader,"/><SP WIDTH="17" VPOS="462" HPOS="620"/>
							<String ID="string_78" HPOS="637" VPOS="466" WIDTH="41" HEIGHT="13" WC="0.96" CONTENT="men"/><SP WIDTH="16" VPOS="466" HPOS="678"/>
							<String ID="string_79" HPOS="694" VPOS="460" WIDTH="38" HEIGHT="19" WC="0.96" CONTENT="har"/><SP WIDTH="15" VPOS="460" HPOS="732"/>
							<String ID="string_80" HPOS="747" VPOS="459" WIDTH="43" HEIGHT="19" WC="0.93" CONTENT="med"/><SP WIDTH="16" VPOS="459" HPOS="790"/>
							<String ID="string_81" HPOS="806" VPOS="459" WIDTH="48" HEIGHT="18" WC="0.92" CONTENT="hän-"/>
						</TextLine>
						<TextLine ID="line_11" HPOS="96" VPOS="487" WIDTH="759" HEIGHT="27">
							<String ID="string_82" HPOS="96" VPOS="495" WIDTH="35" HEIGHT="18" WC="0.96" CONTENT="syn"/><SP WIDTH="15" VPOS="495" HPOS="131"/>
							<String ID="string_83" HPOS="146" VPOS="490" WIDTH="30" HEIGHT="19" WC="0.96" CONTENT="till"/><SP WIDTH="16" VPOS="490" HPOS="176"/>
							<String ID="string_84" HPOS="192" VPOS="491" WIDTH="63" HEIGHT="19" WC="0.93" CONTENT="denna"/><SP WIDTH="16" VPOS="491" HPOS="255"/>
							<String ID="string_85" HPOS="271" VPOS="490" WIDTH="58" HEIGHT="20" WC="0.92" CONTENT="korta"/><SP WIDTH="15" VPOS="490" HPOS="329"/>
							<String ID="string_86" HPOS="344" VPOS="491" WIDTH="29" HEIGHT="19" WC="0.96" CONTENT="tid"/><SP WIDTH="15" VPOS="491" HPOS="373"/>
							<String ID="string_87" HPOS="388" VPOS="491" WIDTH="69" HEIGHT="19" WC="0.93" CONTENT="hunnit"/><SP WIDTH="16" VPOS="491" HPOS="457"/>
							<String ID="string_88" HPOS="473" VPOS="491" WIDTH="63" HEIGHT="23" WC="0.91" CONTENT="draga"/><SP WIDTH="15" VPOS="491" HPOS="536"/>
							<String ID="string_89" HPOS="551" VPOS="491" WIDTH="30" HEIGHT="19" WC="0.96" CONTENT="till"/><SP WIDTH="16" VPOS="491" HPOS="581"/>
							<String ID="string_90" HPOS="597" VPOS="490" WIDTH="29" HEIGHT="24" WC="0.97" CONTENT="sig"/><SP WIDTH="16" VPOS="490" HPOS="626"/>
							<String ID="string_91" HPOS="642" VPOS="495" WIDTH="23" HEIGHT="14" WC="0.96" CONTENT="en"/><SP WIDTH="16" VPOS="495" HPOS="665"/>
							<String ID="string_92" HPOS="681" VPOS="488" WIDTH="75" HEIGHT="24" WC="0.93" CONTENT="ganska"/><SP WIDTH="10" VPOS="488" HPOS="756"/>
							<String ID="string_93" HPOS="766" VPOS="487" WIDTH="89" HEIGHT="24" WC="0.92" CONTENT="ansenlig"/>
						</TextLine>
						<TextLine ID="line_12" HPOS="95" VPOS="518" WIDTH="760" HEIGHT="26">
							<String ID="string_94" HPOS="95" VPOS="518" WIDTH="83" HEIGHT="26" WC="0.93" CONTENT="rörelse,"/><SP WIDTH="16" VPOS="518" HPOS="178"/>
							<String ID="string_95" HPOS="194" VPOS="519" WIDTH="79" HEIGHT="19" WC="0.92" CONTENT="hvarom"/><SP WIDTH="16" VPOS="519" HPOS="273"/>
							<String ID="string_96" HPOS="289" VPOS="519" WIDTH="187" HEIGHT="25" WC="0.87" CONTENT="bankfullmäktiges"/><SP WIDTH="17" VPOS="519" HPOS="476"/>
							<String ID="string_97" HPOS="493" VPOS="520" WIDTH="108" HEIGHT="19" WC="0.92" CONTENT="berättelse"/><SP WIDTH="16" VPOS="520" HPOS="601"/>
							<String ID="string_98" HPOS="617" VPOS="519" WIDTH="88" HEIGHT="19" WC="0.96" CONTENT="kommer"/><SP WIDTH="16" VPOS="519" HPOS="705"/>
							<String ID="string_99" HPOS="721" VPOS="518" WIDTH="29" HEIGHT="18" WC="0.93" CONTENT="att"/><SP WIDTH="14" VPOS="518" HPOS="750"/>
							<String ID="string_100" HPOS="764" VPOS="518" WIDTH="91" HEIGHT="18" WC="0.92" CONTENT="närmare"/>
						</TextLine>
						<TextLine ID="line_13" HPOS="95" VPOS="545" WIDTH="760" HEIGHT="27">
							<String ID="string_101" HPOS="95" VPOS="547" WIDTH="105" HEIGHT="23" WC="0.96" CONTENT="redogöra."/><SP WIDTH="30" VPOS="547" HPOS="200"/>
							<String ID="string_102" HPOS="230" VPOS="548" WIDTH="107" HEIGHT="24" WC="0.93" CONTENT="Jyväskylä"/><SP WIDTH="16" VPOS="548" HPOS="337"/>
							<String ID="string_103" HPOS="353" VPOS="549" WIDTH="100" HEIGHT="23" WC="0.96" CONTENT="sparbank"/><SP WIDTH="16" VPOS="549" HPOS="453"/>
							<String ID="string_104" HPOS="469" VPOS="549" WIDTH="52" HEIGHT="19" WC="0.96" CONTENT="hade"/><SP WIDTH="17" VPOS="549" HPOS="521"/>
							<String ID="string_105" HPOS="538" VPOS="548" WIDTH="32" HEIGHT="19" WC="0.93" CONTENT="vid"/><SP WIDTH="16" VPOS="548" HPOS="570"/>
							<String ID="string_106" HPOS="586" VPOS="548" WIDTH="89" HEIGHT="19" WC="0.93" CONTENT="sistlidne"/><SP WIDTH="17" VPOS="548" HPOS="675"/>
							<String ID="string_107" HPOS="692" VPOS="546" WIDTH="32" HEIGHT="19" WC="0.95" CONTENT="års"/><SP WIDTH="16" VPOS="546" HPOS="724"/>
							<String ID="string_108" HPOS="740" VPOS="545" WIDTH="73" HEIGHT="23" WC="0.93" CONTENT="utgång"/><SP WIDTH="10" VPOS="545" HPOS="813"/>
							<String ID="string_109" HPOS="823" VPOS="547" WIDTH="32" HEIGHT="16" WC="0.83" CONTENT="ut-"/>
						</TextLine>
						<TextLine ID="line_14" HPOS="94" VPOS="575" WIDTH="761" HEIGHT="26">
							<String ID="string_110" HPOS="94" VPOS="575" WIDTH="72" HEIGHT="19" WC="0.96" CONTENT="lånade"/><SP WIDTH="23" VPOS="575" HPOS="166"/>
							<String ID="string_111" HPOS="189" VPOS="576" WIDTH="62" HEIGHT="20" WC="0.96" CONTENT="medel"/><SP WIDTH="20" VPOS="576" HPOS="251"/>
							<String ID="string_112" HPOS="271" VPOS="577" WIDTH="30" HEIGHT="19" WC="0.96" CONTENT="till"/><SP WIDTH="20" VPOS="577" HPOS="301"/>
							<String ID="string_113" HPOS="321" VPOS="579" WIDTH="28" HEIGHT="17" WC="0.95" CONTENT="ett"/><SP WIDTH="19" VPOS="579" HPOS="349"/>
							<String ID="string_114" HPOS="368" VPOS="578" WIDTH="72" HEIGHT="23" WC="0.96" CONTENT="belopp"/><SP WIDTH="22" VPOS="578" HPOS="440"/>
							<String ID="string_115" HPOS="462" VPOS="577" WIDTH="21" HEIGHT="19" WC="0.96" CONTENT="af"/><SP WIDTH="15" VPOS="577" HPOS="483"/>
							<String ID="string_116" HPOS="498" VPOS="576" WIDTH="90" HEIGHT="24" WC="0.96" CONTENT="omkring"/><SP WIDTH="16" VPOS="576" HPOS="588"/>
							<String ID="string_117" HPOS="604" VPOS="578" WIDTH="29" HEIGHT="17" WC="0.93" CONTENT="tre"/><SP WIDTH="11" VPOS="578" HPOS="633"/>
							<String ID="string_118" HPOS="644" VPOS="576" WIDTH="77" HEIGHT="19" WC="0.89" CONTENT="hundra"/><SP WIDTH="22" VPOS="576" HPOS="721"/>
							<String ID="string_119" HPOS="743" VPOS="575" WIDTH="112" HEIGHT="23" WC="0.91" CONTENT="tjugutusen"/>
						</TextLine>
						<TextLine ID="line_15" HPOS="96" VPOS="605" WIDTH="62" HEIGHT="19">
							<String ID="string_120" HPOS="96" VPOS="605" WIDTH="62" HEIGHT="19" WC="0.93" CONTENT="mark."/>
						</TextLine>
					</TextBlock>
					<TextBlock ID="block_3" HPOS="96" VPOS="630" WIDTH="759" HEIGHT="85">
						<TextLine ID="line_16" HPOS="162" VPOS="630" WIDTH="693" HEIGHT="28">
							<String ID="string_121" HPOS="162" VPOS="634" WIDTH="31" HEIGHT="19" WC="0.93" CONTENT="En"/><SP WIDTH="21" VPOS="634" HPOS="193"/>
							<String ID="string_122" HPOS="214" VPOS="636" WIDTH="88" HEIGHT="18" WC="0.96" CONTENT="närmare"/><SP WIDTH="23" VPOS="636" HPOS="302"/>
							<String ID="string_123" HPOS="325" VPOS="634" WIDTH="75" HEIGHT="20" WC="0.95" CONTENT="inblick"/><SP WIDTH="15" VPOS="634" HPOS="400"/>
							<String ID="string_124" HPOS="415" VPOS="634" WIDTH="6" HEIGHT="18" WC="0.96" CONTENT="i"/><SP WIDTH="17" VPOS="634" HPOS="421"/>
							<String ID="string_125" HPOS="438" VPOS="634" WIDTH="66" HEIGHT="20" WC="0.93" CONTENT="denna"/><SP WIDTH="13" VPOS="634" HPOS="504"/>
							<String ID="string_126" HPOS="517" VPOS="634" WIDTH="161" HEIGHT="24" WC="0.92" CONTENT="jernvägsfrägas"/><SP WIDTH="15" VPOS="634" HPOS="678"/>
							<String ID="string_127" HPOS="693" VPOS="632" WIDTH="71" HEIGHT="19" WC="0.92" CONTENT="hittills"/><SP WIDTH="15" VPOS="632" HPOS="764"/>
							<String ID="string_128" HPOS="779" VPOS="630" WIDTH="76" HEIGHT="20" WC="0.91" CONTENT="skedda"/>
						</TextLine>
						<TextLine ID="line_17" HPOS="96" VPOS="659" WIDTH="759" HEIGHT="28">
							<String ID="string_129" HPOS="96" VPOS="662" WIDTH="119" HEIGHT="24" WC="0.93" CONTENT="behandling"/><SP WIDTH="20" VPOS="662" HPOS="215"/>
							<String ID="string_130" HPOS="235" VPOS="663" WIDTH="52" HEIGHT="23" WC="0.96" CONTENT="gifva"/><SP WIDTH="20" VPOS="663" HPOS="287"/>
							<String ID="string_131" HPOS="307" VPOS="662" WIDTH="92" HEIGHT="25" WC="0.93" CONTENT="bifogade"/><SP WIDTH="20" VPOS="662" HPOS="399"/>
							<String ID="string_132" HPOS="419" VPOS="663" WIDTH="105" HEIGHT="19" WC="0.82" CONTENT="afskrifter"/><SP WIDTH="16" VPOS="663" HPOS="524"/>
							<String ID="string_133" HPOS="540" VPOS="668" WIDTH="32" HEIGHT="15" WC="0.93" CONTENT="n:o"/><SP WIDTH="17" VPOS="668" HPOS="572"/>
							<String ID="string_134" HPOS="589" VPOS="662" WIDTH="56" HEIGHT="19" WC="0.92" CONTENT="1—6"/><SP WIDTH="16" VPOS="662" HPOS="645"/>
							<String ID="string_135" HPOS="661" VPOS="661" WIDTH="21" HEIGHT="19" WC="0.96" CONTENT="af"/><SP WIDTH="13" VPOS="661" HPOS="682"/>
							<String ID="string_136" HPOS="695" VPOS="661" WIDTH="7" HEIGHT="19" WC="0.93" CONTENT="i"/><SP WIDTH="16" VPOS="661" HPOS="702"/>
							<String ID="string_137" HPOS="718" VPOS="660" WIDTH="83" HEIGHT="20" WC="0.92" CONTENT="ärendet"/><SP WIDTH="15" VPOS="660" HPOS="801"/>
							<String ID="string_138" HPOS="816" VPOS="659" WIDTH="39" HEIGHT="19" WC="0.86" CONTENT="till-"/>
						</TextLine>
						<TextLine ID="line_18" HPOS="96" VPOS="690" WIDTH="211" HEIGHT="25">
							<String ID="string_139" HPOS="96" VPOS="690" WIDTH="72" HEIGHT="20" WC="0.92" CONTENT="komna"/><SP WIDTH="15" VPOS="690" HPOS="168"/>
							<String ID="string_140" HPOS="183" VPOS="691" WIDTH="124" HEIGHT="24" WC="0.92" CONTENT="handlingar."/>
						</TextLine>
					</TextBlock>
					<TextBlock ID="block_4" HPOS="98" VPOS="716" WIDTH="757" HEIGHT="56">
						<TextLine ID="line_19" HPOS="162" VPOS="716" WIDTH="693" HEIGHT="28">
							<String ID="string_141" HPOS="162" VPOS="720" WIDTH="39" HEIGHT="19" WC="0.96" CONTENT="N:o"/><SP WIDTH="17" VPOS="720" HPOS="201"/>
							<String ID="string_142" HPOS="218" VPOS="720" WIDTH="18" HEIGHT="20" WC="0.94" CONTENT="1."/><SP WIDTH="31" VPOS="720" HPOS="236"/>
							<String ID="string_143" HPOS="267" VPOS="720" WIDTH="38" HEIGHT="19" WC="0.94" CONTENT="Det"/><SP WIDTH="23" VPOS="720" HPOS="305"/>
							<String ID="string_144" HPOS="328" VPOS="720" WIDTH="21" HEIGHT="19" WC="0.93" CONTENT="af"/><SP WIDTH="20" VPOS="720" HPOS="349"/>
							<String ID="string_145" HPOS="369" VPOS="720" WIDTH="157" HEIGHT="24" WC="0.91" CONTENT="jernvägsmötet"/><SP WIDTH="16" VPOS="720" HPOS="526"/>
							<String ID="string_146" HPOS="542" VPOS="720" WIDTH="6" HEIGHT="18" WC="0.96" CONTENT="i"/><SP WIDTH="16" VPOS="720" HPOS="548"/>
							<String ID="string_147" HPOS="564" VPOS="719" WIDTH="109" HEIGHT="25" WC="0.96" CONTENT="Jyväskylä"/><SP WIDTH="23" VPOS="719" HPOS="673"/>
							<String ID="string_148" HPOS="696" VPOS="718" WIDTH="37" HEIGHT="19" WC="0.96" CONTENT="den"/><SP WIDTH="22" VPOS="718" HPOS="733"/>
							<String ID="string_149" HPOS="755" VPOS="716" WIDTH="25" HEIGHT="21" WC="0.95" CONTENT="19"/><SP WIDTH="21" VPOS="716" HPOS="780"/>
							<String ID="string_150" HPOS="801" VPOS="716" WIDTH="54" HEIGHT="19" WC="0.96" CONTENT="Mars"/>
						</TextLine>
						<TextLine ID="line_20" HPOS="98" VPOS="746" WIDTH="710" HEIGHT="26">
							<String ID="string_151" HPOS="98" VPOS="746" WIDTH="54" HEIGHT="21" WC="0.92" CONTENT="1884"/><SP WIDTH="16" VPOS="746" HPOS="152"/>
							<String ID="string_152" HPOS="168" VPOS="749" WIDTH="92" HEIGHT="19" WC="0.92" CONTENT="nedsatta"/><SP WIDTH="15" VPOS="749" HPOS="260"/>
							<String ID="string_153" HPOS="275" VPOS="748" WIDTH="106" HEIGHT="20" WC="0.93" CONTENT="utskottets"/><SP WIDTH="17" VPOS="748" HPOS="381"/>
							<String ID="string_154" HPOS="398" VPOS="749" WIDTH="29" HEIGHT="19" WC="0.97" CONTENT="till"/><SP WIDTH="16" VPOS="749" HPOS="427"/>
							<String ID="string_155" HPOS="443" VPOS="749" WIDTH="118" HEIGHT="23" WC="0.93" CONTENT="regeringen"/><SP WIDTH="16" VPOS="749" HPOS="561"/>
							<String ID="string_156" HPOS="577" VPOS="748" WIDTH="110" HEIGHT="19" WC="0.92" CONTENT="inlemnade"/><SP WIDTH="17" VPOS="748" HPOS="687"/>
							<String ID="string_157" HPOS="704" VPOS="746" WIDTH="104" HEIGHT="22" WC="0.89" CONTENT="anhällan;"/>
						</TextLine>
					</TextBlock>
					<TextBlock ID="block_5" HPOS="97" VPOS="774" WIDTH="759" HEIGHT="56">
						<TextLine ID="line_21" HPOS="163" VPOS="774" WIDTH="693" HEIGHT="28">
							<String ID="string_158" HPOS="163" VPOS="777" WIDTH="38" HEIGHT="19" WC="0.95" CONTENT="N:o"/><SP WIDTH="16" VPOS="777" HPOS="201"/>
							<String ID="string_159" HPOS="217" VPOS="776" WIDTH="20" HEIGHT="20" WC="0.86" CONTENT="2."/><SP WIDTH="30" VPOS="776" HPOS="237"/>
							<String ID="string_160" HPOS="267" VPOS="777" WIDTH="192" HEIGHT="25" WC="0.86" CONTENT="Stadsfullmäktiges"/><SP WIDTH="17" VPOS="777" HPOS="459"/>
							<String ID="string_161" HPOS="476" VPOS="778" WIDTH="6" HEIGHT="18" WC="0.96" CONTENT="i"/><SP WIDTH="16" VPOS="778" HPOS="482"/>
							<String ID="string_162" HPOS="498" VPOS="777" WIDTH="110" HEIGHT="24" WC="0.93" CONTENT="Jyväskylä"/><SP WIDTH="20" VPOS="777" HPOS="608"/>
							<String ID="string_163" HPOS="628" VPOS="776" WIDTH="59" HEIGHT="20" WC="0.96" CONTENT="våren"/><SP WIDTH="21" VPOS="776" HPOS="687"/>
							<String ID="string_164" HPOS="708" VPOS="774" WIDTH="55" HEIGHT="20" WC="0.96" CONTENT="1887"/><SP WIDTH="16" VPOS="774" HPOS="763"/>
							<String ID="string_165" HPOS="779" VPOS="774" WIDTH="30" HEIGHT="19" WC="0.93" CONTENT="till"/><SP WIDTH="15" VPOS="774" HPOS="809"/>
							<String ID="string_166" HPOS="824" VPOS="778" WIDTH="32" HEIGHT="14" WC="0.93" CONTENT="re-"/>
						</TextLine>
						<TextLine ID="line_22" HPOS="97" VPOS="806" WIDTH="336" HEIGHT="24">
							<String ID="string_167" HPOS="97" VPOS="806" WIDTH="93" HEIGHT="23" WC="0.92" CONTENT="geringen"/><SP WIDTH="15" VPOS="806" HPOS="190"/>
							<String ID="string_168" HPOS="205" VPOS="806" WIDTH="110" HEIGHT="19" WC="0.91" CONTENT="inlemnade"/><SP WIDTH="16" VPOS="806" HPOS="315"/>
							<String ID="string_169" HPOS="331" VPOS="806" WIDTH="102" HEIGHT="24" WC="0.89" CONTENT="anhällan;"/>
						</TextLine>
					</TextBlock>
					<TextBlock ID="block_6" HPOS="97" VPOS="831" WIDTH="759" HEIGHT="56">
						<TextLine ID="line_23" HPOS="163" VPOS="831" WIDTH="693" HEIGHT="27">
							<String ID="string_170" HPOS="163" VPOS="834" WIDTH="39" HEIGHT="20" WC="0.95" CONTENT="N:o"/><SP WIDTH="16" VPOS="834" HPOS="202"/>
							<String ID="string_171" HPOS="218" VPOS="833" WIDTH="12" HEIGHT="20" WC="0.84" CONTENT="3"/><SP WIDTH="37" VPOS="833" HPOS="230"/>
							<String ID="string_172" HPOS="267" VPOS="834" WIDTH="192" HEIGHT="24" WC="0.65" CONTENT="—Stadsfullmäktiges"/><SP WIDTH="21" VPOS="834" HPOS="459"/>
							<String ID="string_173" HPOS="480" VPOS="836" WIDTH="2" HEIGHT="18" WC="0.95" CONTENT="i"/><SP WIDTH="17" VPOS="836" HPOS="482"/>
							<String ID="string_174" HPOS="499" VPOS="834" WIDTH="61" HEIGHT="20" WC="0.93" CONTENT="Wasa"/><SP WIDTH="16" VPOS="834" HPOS="560"/>
							<String ID="string_175" HPOS="576" VPOS="834" WIDTH="61" HEIGHT="19" WC="0.96" CONTENT="våren"/><SP WIDTH="17" VPOS="834" HPOS="637"/>
							<String ID="string_176" HPOS="654" VPOS="832" WIDTH="53" HEIGHT="20" WC="0.96" CONTENT="1887"/><SP WIDTH="18" VPOS="832" HPOS="707"/>
							<String ID="string_177" HPOS="725" VPOS="832" WIDTH="29" HEIGHT="19" WC="0.93" CONTENT="till"/><SP WIDTH="15" VPOS="832" HPOS="754"/>
							<String ID="string_178" HPOS="769" VPOS="831" WIDTH="87" HEIGHT="23" WC="0.93" CONTENT="regerin-"/>
						</TextLine>
						<TextLine ID="line_24" HPOS="97" VPOS="863" WIDTH="280" HEIGHT="24">
							<String ID="string_179" HPOS="97" VPOS="869" WIDTH="37" HEIGHT="18" WC="0.93" CONTENT="gen"/><SP WIDTH="15" VPOS="869" HPOS="134"/>
							<String ID="string_180" HPOS="149" VPOS="863" WIDTH="111" HEIGHT="19" WC="0.91" CONTENT="inlemnade"/><SP WIDTH="16" VPOS="863" HPOS="260"/>
							<String ID="string_181" HPOS="276" VPOS="863" WIDTH="101" HEIGHT="23" WC="0.88" CONTENT="anhällan;"/>
						</TextLine>
					</TextBlock>
					<TextBlock ID="block_7" HPOS="97" VPOS="889" WIDTH="758" HEIGHT="85">
						<TextLine ID="line_25" HPOS="165" VPOS="889" WIDTH="690" HEIGHT="27">
							<String ID="string_182" HPOS="165" VPOS="892" WIDTH="39" HEIGHT="19" WC="0.95" CONTENT="N:o"/><SP WIDTH="16" VPOS="892" HPOS="204"/>
							<String ID="string_183" HPOS="220" VPOS="892" WIDTH="19" HEIGHT="19" WC="0.96" CONTENT="4."/><SP WIDTH="30" VPOS="892" HPOS="239"/>
							<String ID="string_184" HPOS="269" VPOS="892" WIDTH="43" HEIGHT="18" WC="0.96" CONTENT="Den"/><SP WIDTH="16" VPOS="892" HPOS="312"/>
							<String ID="string_185" HPOS="328" VPOS="892" WIDTH="21" HEIGHT="19" WC="0.93" CONTENT="af"/><SP WIDTH="14" VPOS="892" HPOS="349"/>
							<String ID="string_186" HPOS="363" VPOS="892" WIDTH="124" HEIGHT="24" WC="0.92" CONTENT="fullmäktige"/><SP WIDTH="21" VPOS="892" HPOS="487"/>
							<String ID="string_187" HPOS="508" VPOS="892" WIDTH="32" HEIGHT="19" WC="0.93" CONTENT="för"/><SP WIDTH="15" VPOS="892" HPOS="540"/>
							<String ID="string_188" HPOS="555" VPOS="891" WIDTH="92" HEIGHT="19" WC="0.91" CONTENT="handels-"/><SP WIDTH="17" VPOS="891" HPOS="647"/>
							<String ID="string_189" HPOS="664" VPOS="890" WIDTH="35" HEIGHT="19" WC="0.93" CONTENT="och"/><SP WIDTH="16" VPOS="890" HPOS="699"/>
							<String ID="string_190" HPOS="715" VPOS="889" WIDTH="140" HEIGHT="19" WC="0.91" CONTENT="affärsmanna-"/>
						</TextLine>
						<TextLine ID="line_26" HPOS="97" VPOS="916" WIDTH="758" HEIGHT="28">
							<String ID="string_191" HPOS="97" VPOS="923" WIDTH="61" HEIGHT="17" WC="0.92" CONTENT="mötet"/><SP WIDTH="15" VPOS="923" HPOS="158"/>
							<String ID="string_192" HPOS="173" VPOS="920" WIDTH="7" HEIGHT="19" WC="0.96" CONTENT="i"/><SP WIDTH="15" VPOS="920" HPOS="180"/>
							<String ID="string_193" HPOS="195" VPOS="920" WIDTH="108" HEIGHT="24" WC="0.96" CONTENT="Jyväskylä"/><SP WIDTH="16" VPOS="920" HPOS="303"/>
							<String ID="string_194" HPOS="319" VPOS="920" WIDTH="21" HEIGHT="19" WC="0.96" CONTENT="af"/><SP WIDTH="14" VPOS="920" HPOS="340"/>
							<String ID="string_195" HPOS="354" VPOS="921" WIDTH="37" HEIGHT="18" WC="0.96" CONTENT="den"/><SP WIDTH="21" VPOS="921" HPOS="391"/>
							<String ID="string_196" HPOS="412" VPOS="920" WIDTH="26" HEIGHT="20" WC="0.96" CONTENT="21"/><SP WIDTH="22" VPOS="920" HPOS="438"/>
							<String ID="string_197" HPOS="460" VPOS="921" WIDTH="98" HEIGHT="19" WC="0.96" CONTENT="Februari"/><SP WIDTH="21" VPOS="921" HPOS="558"/>
							<String ID="string_198" HPOS="579" VPOS="919" WIDTH="54" HEIGHT="21" WC="0.96" CONTENT="1887"/><SP WIDTH="17" VPOS="919" HPOS="633"/>
							<String ID="string_199" HPOS="650" VPOS="918" WIDTH="30" HEIGHT="20" WC="0.95" CONTENT="till"/><SP WIDTH="15" VPOS="918" HPOS="680"/>
							<String ID="string_200" HPOS="695" VPOS="918" WIDTH="115" HEIGHT="24" WC="0.93" CONTENT="regeringen"/><SP WIDTH="16" VPOS="918" HPOS="810"/>
							<String ID="string_201" HPOS="826" VPOS="916" WIDTH="29" HEIGHT="18" WC="0.93" CONTENT="in-"/>
						</TextLine>
						<TextLine ID="line_27" HPOS="97" VPOS="949" WIDTH="208" HEIGHT="25">
							<String ID="string_202" HPOS="97" VPOS="949" WIDTH="89" HEIGHT="20" WC="0.90" CONTENT="lemnade"/><SP WIDTH="17" VPOS="949" HPOS="186"/>
							<String ID="string_203" HPOS="203" VPOS="949" WIDTH="102" HEIGHT="25" WC="0.83" CONTENT="anhällan;"/>
						</TextLine>
					</TextBlock>
					<TextBlock ID="block_8" HPOS="96" VPOS="972" WIDTH="759" HEIGHT="59">
						<TextLine ID="line_28" HPOS="164" VPOS="972" WIDTH="691" HEIGHT="29">
							<String ID="string_204" HPOS="164" VPOS="978" WIDTH="39" HEIGHT="19" WC="0.96" CONTENT="N:o"/><SP WIDTH="17" VPOS="978" HPOS="203"/>
							<String ID="string_205" HPOS="220" VPOS="978" WIDTH="18" HEIGHT="19" WC="0.94" CONTENT="5."/><SP WIDTH="31" VPOS="978" HPOS="238"/>
							<String ID="string_206" HPOS="269" VPOS="977" WIDTH="51" HEIGHT="19" WC="0.94" CONTENT="Herr"/><SP WIDTH="23" VPOS="977" HPOS="320"/>
							<String ID="string_207" HPOS="343" VPOS="977" WIDTH="20" HEIGHT="21" WC="0.78" CONTENT="O."/><SP WIDTH="25" VPOS="977" HPOS="363"/>
							<String ID="string_208" HPOS="388" VPOS="978" WIDTH="24" HEIGHT="19" WC="0.93" CONTENT="H."/><SP WIDTH="21" VPOS="978" HPOS="412"/>
							<String ID="string_209" HPOS="433" VPOS="977" WIDTH="174" HEIGHT="24" WC="0.92" CONTENT="Standertskjölds"/><SP WIDTH="24" VPOS="977" HPOS="607"/>
							<String ID="string_210" HPOS="631" VPOS="975" WIDTH="107" HEIGHT="20" WC="0.96" CONTENT="berättelse"/><SP WIDTH="16" VPOS="975" HPOS="738"/>
							<String ID="string_211" HPOS="754" VPOS="973" WIDTH="21" HEIGHT="20" WC="0.96" CONTENT="af"/><SP WIDTH="14" VPOS="973" HPOS="775"/>
							<String ID="string_212" HPOS="789" VPOS="974" WIDTH="38" HEIGHT="19" WC="0.96" CONTENT="den"/><SP WIDTH="16" VPOS="974" HPOS="827"/>
							<String ID="string_213" HPOS="843" VPOS="972" WIDTH="12" HEIGHT="19" WC="0.96" CONTENT="9"/>
						</TextLine>
						<TextLine ID="line_29" HPOS="96" VPOS="1005" WIDTH="192" HEIGHT="26">
							<String ID="string_214" HPOS="96" VPOS="1006" WIDTH="111" HEIGHT="20" WC="0.96" CONTENT="December"/><SP WIDTH="16" VPOS="1006" HPOS="207"/>
							<String ID="string_215" HPOS="223" VPOS="1005" WIDTH="65" HEIGHT="26" WC="0.96" CONTENT="1875;"/>
						</TextLine>
					</TextBlock>
					<TextBlock ID="block_9" HPOS="96" VPOS="1029" WIDTH="761" HEIGHT="55">
						<TextLine ID="line_30" HPOS="165" VPOS="1029" WIDTH="692" HEIGHT="30">
							<String ID="string_216" HPOS="165" VPOS="1035" WIDTH="38" HEIGHT="19" WC="0.96" CONTENT="N:o"/><SP WIDTH="17" VPOS="1035" HPOS="203"/>
							<String ID="string_217" HPOS="220" VPOS="1034" WIDTH="18" HEIGHT="19" WC="0.96" CONTENT="6."/><SP WIDTH="31" VPOS="1034" HPOS="238"/>
							<String ID="string_218" HPOS="269" VPOS="1035" WIDTH="52" HEIGHT="18" WC="0.95" CONTENT="Herr"/><SP WIDTH="23" VPOS="1035" HPOS="321"/>
							<String ID="string_219" HPOS="344" VPOS="1035" WIDTH="47" HEIGHT="19" WC="0.93" CONTENT="Karl"/><SP WIDTH="24" VPOS="1035" HPOS="391"/>
							<String ID="string_220" HPOS="415" VPOS="1035" WIDTH="126" HEIGHT="24" WC="0.92" CONTENT="Appelbergs"/><SP WIDTH="21" VPOS="1035" HPOS="541"/>
							<String ID="string_221" HPOS="562" VPOS="1033" WIDTH="102" HEIGHT="20" WC="0.91" CONTENT="utlätande"/><SP WIDTH="21" VPOS="1033" HPOS="664"/>
							<String ID="string_222" HPOS="685" VPOS="1032" WIDTH="20" HEIGHT="19" WC="0.96" CONTENT="af"/><SP WIDTH="15" VPOS="1032" HPOS="705"/>
							<String ID="string_223" HPOS="720" VPOS="1032" WIDTH="38" HEIGHT="19" WC="0.96" CONTENT="den"/><SP WIDTH="15" VPOS="1032" HPOS="758"/>
							<String ID="string_224" HPOS="773" VPOS="1029" WIDTH="27" HEIGHT="20" WC="0.96" CONTENT="28"/><SP WIDTH="16" VPOS="1029" HPOS="800"/>
							<String ID="string_225" HPOS="816" VPOS="1029" WIDTH="41" HEIGHT="20" WC="0.96" CONTENT="Juli"/>
						</TextLine>
						<TextLine ID="line_31" HPOS="96" VPOS="1063" WIDTH="62" HEIGHT="21">
							<String ID="string_226" HPOS="96" VPOS="1063" WIDTH="62" HEIGHT="21" WC="0.96" CONTENT="1884."/>
						</TextLine>
					</TextBlock>
					<TextBlock ID="block_10" HPOS="95" VPOS="1087" WIDTH="762" HEIGHT="86">
						<TextLine ID="line_32" HPOS="164" VPOS="1087" WIDTH="693" HEIGHT="24">
							<String ID="string_227" HPOS="164" VPOS="1091" WIDTH="31" HEIGHT="19" WC="0.92" CONTENT="De"/><SP WIDTH="16" VPOS="1091" HPOS="195"/>
							<String ID="string_228" HPOS="211" VPOS="1092" WIDTH="28" HEIGHT="18" WC="0.91" CONTENT="uti"/><SP WIDTH="19" VPOS="1092" HPOS="239"/>
							<String ID="string_229" HPOS="258" VPOS="1091" WIDTH="128" HEIGHT="20" WC="0.92" CONTENT="afskrifterna"/><SP WIDTH="22" VPOS="1091" HPOS="386"/>
							<String ID="string_230" HPOS="408" VPOS="1092" WIDTH="38" HEIGHT="19" WC="0.96" CONTENT="N:o"/><SP WIDTH="22" VPOS="1092" HPOS="446"/>
							<String ID="string_231" HPOS="468" VPOS="1091" WIDTH="13" HEIGHT="19" WC="0.95" CONTENT="1"/><SP WIDTH="22" VPOS="1091" HPOS="481"/>
							<String ID="string_232" HPOS="503" VPOS="1091" WIDTH="37" HEIGHT="20" WC="0.95" CONTENT="och"/><SP WIDTH="16" VPOS="1091" HPOS="540"/>
							<String ID="string_233" HPOS="556" VPOS="1091" WIDTH="38" HEIGHT="19" WC="0.96" CONTENT="N:o"/><SP WIDTH="17" VPOS="1091" HPOS="594"/>
							<String ID="string_234" HPOS="611" VPOS="1089" WIDTH="13" HEIGHT="20" WC="0.93" CONTENT="2"/><SP WIDTH="16" VPOS="1089" HPOS="624"/>
							<String ID="string_235" HPOS="640" VPOS="1089" WIDTH="117" HEIGHT="21" WC="0.95" CONTENT="omnämnda"/><SP WIDTH="22" VPOS="1089" HPOS="757"/>
							<String ID="string_236" HPOS="779" VPOS="1087" WIDTH="78" HEIGHT="23" WC="0.95" CONTENT="bilagor"/>
						</TextLine>
						<TextLine ID="line_33" HPOS="96" VPOS="1115" WIDTH="760" HEIGHT="29">
							<String ID="string_237" HPOS="96" VPOS="1120" WIDTH="37" HEIGHT="19" WC="0.92" CONTENT="och"/><SP WIDTH="23" VPOS="1120" HPOS="133"/>
							<String ID="string_238" HPOS="156" VPOS="1120" WIDTH="184" HEIGHT="24" WC="0.43" CONTENT="protokollsutdrag"/><SP WIDTH="22" VPOS="1120" HPOS="340"/>
							<String ID="string_239" HPOS="362" VPOS="1120" WIDTH="40" HEIGHT="19" WC="0.93" CONTENT="kan"/><SP WIDTH="19" VPOS="1120" HPOS="402"/>
							<String ID="string_240" HPOS="421" VPOS="1120" WIDTH="202" HEIGHT="24" WC="0.92" CONTENT="jernvägsutskottet,"/><SP WIDTH="21" VPOS="1120" HPOS="623"/>
							<String ID="string_241" HPOS="644" VPOS="1119" WIDTH="41" HEIGHT="18" WC="0.96" CONTENT="ifall"/><SP WIDTH="16" VPOS="1119" HPOS="685"/>
							<String ID="string_242" HPOS="701" VPOS="1117" WIDTH="72" HEIGHT="20" WC="0.96" CONTENT="sådant"/><SP WIDTH="14" VPOS="1117" HPOS="773"/>
							<String ID="string_243" HPOS="787" VPOS="1115" WIDTH="69" HEIGHT="24" WC="0.92" CONTENT="nödigt"/>
						</TextLine>
						<TextLine ID="line_34" HPOS="95" VPOS="1146" WIDTH="668" HEIGHT="27">
							<String ID="string_244" HPOS="95" VPOS="1148" WIDTH="96" HEIGHT="25" WC="0.88" CONTENT="befinnes,"/><SP WIDTH="17" VPOS="1148" HPOS="191"/>
							<String ID="string_245" HPOS="208" VPOS="1148" WIDTH="50" HEIGHT="19" WC="0.88" CONTENT="ifrän"/><SP WIDTH="17" VPOS="1148" HPOS="258"/>
							<String ID="string_246" HPOS="275" VPOS="1149" WIDTH="110" HEIGHT="23" WC="0.91" CONTENT="Kejserliga"/><SP WIDTH="15" VPOS="1149" HPOS="385"/>
							<String ID="string_247" HPOS="400" VPOS="1149" WIDTH="87" HEIGHT="19" WC="0.92" CONTENT="Senaten"/><SP WIDTH="17" VPOS="1149" HPOS="487"/>
							<String ID="string_248" HPOS="504" VPOS="1148" WIDTH="92" HEIGHT="19" WC="0.93" CONTENT="utfordra"/><SP WIDTH="15" VPOS="1148" HPOS="596"/>
							<String ID="string_249" HPOS="611" VPOS="1148" WIDTH="30" HEIGHT="19" WC="0.93" CONTENT="till"/><SP WIDTH="16" VPOS="1148" HPOS="641"/>
							<String ID="string_250" HPOS="657" VPOS="1146" WIDTH="106" HEIGHT="25" WC="0.92" CONTENT="päseende."/>
						</TextLine>
					</TextBlock>
					<TextBlock ID="block_11" HPOS="95" VPOS="1172" WIDTH="762" HEIGHT="57">
						<TextLine ID="line_35" HPOS="164" VPOS="1172" WIDTH="693" HEIGHT="29">
							<String ID="string_251" HPOS="164" VPOS="1177" WIDTH="31" HEIGHT="18" WC="0.93" CONTENT="De"/><SP WIDTH="16" VPOS="1177" HPOS="195"/>
							<String ID="string_252" HPOS="211" VPOS="1177" WIDTH="28" HEIGHT="18" WC="0.93" CONTENT="uti"/><SP WIDTH="16" VPOS="1177" HPOS="239"/>
							<String ID="string_253" HPOS="255" VPOS="1177" WIDTH="127" HEIGHT="19" WC="0.89" CONTENT="afskrifterna"/><SP WIDTH="21" VPOS="1177" HPOS="382"/>
							<String ID="string_254" HPOS="403" VPOS="1177" WIDTH="119" HEIGHT="20" WC="0.91" CONTENT="omnämnda"/><SP WIDTH="17" VPOS="1177" HPOS="522"/>
							<String ID="string_255" HPOS="539" VPOS="1176" WIDTH="152" HEIGHT="25" WC="0.35" CONTENT="jernvägslinier"/><SP WIDTH="16" VPOS="1176" HPOS="691"/>
							<String ID="string_256" HPOS="707" VPOS="1177" WIDTH="34" HEIGHT="17" WC="0.96" CONTENT="äro"/><SP WIDTH="16" VPOS="1177" HPOS="741"/>
							<String ID="string_257" HPOS="757" VPOS="1172" WIDTH="100" HEIGHT="20" WC="0.95" CONTENT="utmärkta"/>
						</TextLine>
						<TextLine ID="line_36" HPOS="95" VPOS="1205" WIDTH="334" HEIGHT="24">
							<String ID="string_258" HPOS="95" VPOS="1205" WIDTH="12" HEIGHT="20" WC="0.91" CONTENT="å"/><SP WIDTH="15" VPOS="1205" HPOS="107"/>
							<String ID="string_259" HPOS="122" VPOS="1205" WIDTH="94" HEIGHT="24" WC="0.96" CONTENT="bifogade"/><SP WIDTH="16" VPOS="1205" HPOS="216"/>
							<String ID="string_260" HPOS="232" VPOS="1207" WIDTH="71" HEIGHT="18" WC="0.93" CONTENT="tvenne"/><SP WIDTH="15" VPOS="1207" HPOS="303"/>
							<String ID="string_261" HPOS="318" VPOS="1205" WIDTH="111" HEIGHT="21" WC="0.92" CONTENT="kartablad."/>
						</TextLine>
					</TextBlock>
					<TextBlock ID="block_12" HPOS="94" VPOS="1229" WIDTH="764" HEIGHT="143">
						<TextLine ID="line_37" HPOS="164" VPOS="1229" WIDTH="693" HEIGHT="29">
							<String ID="string_262" HPOS="164" VPOS="1234" WIDTH="9" HEIGHT="19" WC="0.95" CONTENT="I"/><SP WIDTH="16" VPOS="1234" HPOS="173"/>
							<String ID="string_263" HPOS="189" VPOS="1233" WIDTH="93" HEIGHT="20" WC="0.92" CONTENT="afseende"/><SP WIDTH="16" VPOS="1233" HPOS="282"/>
							<String ID="string_264" HPOS="298" VPOS="1234" WIDTH="12" HEIGHT="19" WC="0.90" CONTENT="å"/><SP WIDTH="15" VPOS="1234" HPOS="310"/>
							<String ID="string_265" HPOS="325" VPOS="1235" WIDTH="142" HEIGHT="23" WC="0.96" CONTENT="sträckningen"/><SP WIDTH="25" VPOS="1235" HPOS="467"/>
							<String ID="string_266" HPOS="492" VPOS="1234" WIDTH="44" HEIGHT="19" WC="0.92" CONTENT="från"/><SP WIDTH="21" VPOS="1234" HPOS="536"/>
							<String ID="string_267" HPOS="557" VPOS="1233" WIDTH="127" HEIGHT="19" WC="0.91" CONTENT="Wasabanan"/><SP WIDTH="20" VPOS="1233" HPOS="684"/>
							<String ID="string_268" HPOS="704" VPOS="1231" WIDTH="29" HEIGHT="20" WC="0.95" CONTENT="till"/><SP WIDTH="15" VPOS="1231" HPOS="733"/>
							<String ID="string_269" HPOS="748" VPOS="1229" WIDTH="109" HEIGHT="25" WC="0.81" CONTENT="Jyväskylä"/>
						</TextLine>
						<TextLine ID="line_38" HPOS="94" VPOS="1257" WIDTH="763" HEIGHT="30">
							<String ID="string_270" HPOS="94" VPOS="1262" WIDTH="36" HEIGHT="19" WC="0.90" CONTENT="har"/><SP WIDTH="17" VPOS="1262" HPOS="130"/>
							<String ID="string_271" HPOS="147" VPOS="1262" WIDTH="106" HEIGHT="24" WC="0.96" CONTENT="opinionen"/><SP WIDTH="16" VPOS="1262" HPOS="253"/>
							<String ID="string_272" HPOS="269" VPOS="1263" WIDTH="78" HEIGHT="24" WC="0.96" CONTENT="stadgat"/><SP WIDTH="15" VPOS="1263" HPOS="347"/>
							<String ID="string_273" HPOS="362" VPOS="1263" WIDTH="30" HEIGHT="23" WC="0.96" CONTENT="sig"/><SP WIDTH="15" VPOS="1263" HPOS="392"/>
							<String ID="string_274" HPOS="407" VPOS="1263" WIDTH="32" HEIGHT="19" WC="0.93" CONTENT="för"/><SP WIDTH="15" VPOS="1263" HPOS="439"/>
							<String ID="string_275" HPOS="454" VPOS="1263" WIDTH="63" HEIGHT="19" WC="0.93" CONTENT="linien"/><SP WIDTH="15" VPOS="1263" HPOS="517"/>
							<String ID="string_276" HPOS="532" VPOS="1259" WIDTH="264" HEIGHT="27" WC="0.87" CONTENT="Piblajavesi—Jyväskylä,"/><SP WIDTH="11" VPOS="1259" HPOS="796"/>
							<String ID="string_277" HPOS="807" VPOS="1257" WIDTH="50" HEIGHT="20" WC="0.91" CONTENT="hvil-"/>
						</TextLine>
						<TextLine ID="line_39" HPOS="94" VPOS="1285" WIDTH="764" HEIGHT="26">
							<String ID="string_278" HPOS="94" VPOS="1290" WIDTH="38" HEIGHT="19" WC="0.96" CONTENT="ken"/><SP WIDTH="21" VPOS="1290" HPOS="132"/>
							<String ID="string_279" HPOS="153" VPOS="1293" WIDTH="23" HEIGHT="17" WC="0.96" CONTENT="är"/><SP WIDTH="19" VPOS="1293" HPOS="176"/>
							<String ID="string_280" HPOS="195" VPOS="1293" WIDTH="90" HEIGHT="17" WC="0.90" CONTENT="närmare"/><SP WIDTH="24" VPOS="1293" HPOS="285"/>
							<String ID="string_281" HPOS="309" VPOS="1291" WIDTH="113" HEIGHT="20" WC="0.90" CONTENT="beskrifven"/><SP WIDTH="16" VPOS="1291" HPOS="422"/>
							<String ID="string_282" HPOS="438" VPOS="1292" WIDTH="29" HEIGHT="18" WC="0.93" CONTENT="uti"/><SP WIDTH="17" VPOS="1292" HPOS="467"/>
							<String ID="string_283" HPOS="484" VPOS="1291" WIDTH="107" HEIGHT="20" WC="0.92" CONTENT="afskriften"/><SP WIDTH="16" VPOS="1291" HPOS="591"/>
							<String ID="string_284" HPOS="607" VPOS="1291" WIDTH="38" HEIGHT="18" WC="0.96" CONTENT="N:o"/><SP WIDTH="17" VPOS="1291" HPOS="645"/>
							<String ID="string_285" HPOS="662" VPOS="1289" WIDTH="19" HEIGHT="20" WC="0.95" CONTENT="1."/><SP WIDTH="30" VPOS="1289" HPOS="681"/>
							<String ID="string_286" HPOS="711" VPOS="1289" WIDTH="10" HEIGHT="19" WC="0.89" CONTENT="I"/><SP WIDTH="15" VPOS="1289" HPOS="721"/>
							<String ID="string_287" HPOS="736" VPOS="1286" WIDTH="94" HEIGHT="21" WC="0.93" CONTENT="afseende"/><SP WIDTH="16" VPOS="1286" HPOS="830"/>
							<String ID="string_288" HPOS="846" VPOS="1285" WIDTH="12" HEIGHT="20" WC="0.88" CONTENT="å"/>
						</TextLine>
						<TextLine ID="line_40" HPOS="95" VPOS="1315" WIDTH="762" HEIGHT="30">
							<String ID="string_289" HPOS="95" VPOS="1319" WIDTH="141" HEIGHT="24" WC="0.96" CONTENT="sträckningen"/><SP WIDTH="23" VPOS="1319" HPOS="236"/>
							<String ID="string_290" HPOS="259" VPOS="1319" WIDTH="44" HEIGHT="20" WC="0.96" CONTENT="från"/><SP WIDTH="21" VPOS="1319" HPOS="303"/>
							<String ID="string_291" HPOS="324" VPOS="1320" WIDTH="109" HEIGHT="25" WC="0.96" CONTENT="Jyväskylä"/><SP WIDTH="20" VPOS="1320" HPOS="433"/>
							<String ID="string_292" HPOS="453" VPOS="1320" WIDTH="32" HEIGHT="19" WC="0.93" CONTENT="till"/><SP WIDTH="21" VPOS="1320" HPOS="485"/>
							<String ID="string_293" HPOS="506" VPOS="1319" WIDTH="163" HEIGHT="20" WC="0.91" CONTENT="Savolaksbanan"/><SP WIDTH="20" VPOS="1319" HPOS="669"/>
							<String ID="string_294" HPOS="689" VPOS="1317" WIDTH="62" HEIGHT="19" WC="0.96" CONTENT="finnes"/><SP WIDTH="20" VPOS="1317" HPOS="751"/>
							<String ID="string_295" HPOS="771" VPOS="1318" WIDTH="53" HEIGHT="17" WC="0.94" CONTENT="ännu"/><SP WIDTH="15" VPOS="1318" HPOS="824"/>
							<String ID="string_296" HPOS="839" VPOS="1315" WIDTH="18" HEIGHT="23" WC="0.95" CONTENT="ej"/>
						</TextLine>
						<TextLine ID="line_41" HPOS="95" VPOS="1347" WIDTH="269" HEIGHT="25">
							<String ID="string_297" HPOS="95" VPOS="1347" WIDTH="65" HEIGHT="24" WC="0.95" CONTENT="någon"/><SP WIDTH="16" VPOS="1347" HPOS="160"/>
							<String ID="string_298" HPOS="176" VPOS="1348" WIDTH="84" HEIGHT="24" WC="0.96" CONTENT="stadgad"/><SP WIDTH="16" VPOS="1348" HPOS="260"/>
							<String ID="string_299" HPOS="276" VPOS="1349" WIDTH="88" HEIGHT="23" WC="0.96" CONTENT="opinion."/>
						</TextLine>
					</TextBlock>
					<TextBlock ID="block_13" HPOS="91" VPOS="1371" WIDTH="767" HEIGHT="118">
						<TextLine ID="line_42" HPOS="162" VPOS="1371" WIDTH="696" HEIGHT="30">
							<String ID="string_300" HPOS="162" VPOS="1377" WIDTH="69" HEIGHT="19" WC="0.96" CONTENT="Såsom"/><SP WIDTH="23" VPOS="1377" HPOS="231"/>
							<String ID="string_301" HPOS="254" VPOS="1378" WIDTH="43" HEIGHT="18" WC="0.96" CONTENT="skäl"/><SP WIDTH="22" VPOS="1378" HPOS="297"/>
							<String ID="string_302" HPOS="319" VPOS="1377" WIDTH="32" HEIGHT="19" WC="0.93" CONTENT="för"/><SP WIDTH="23" VPOS="1377" HPOS="351"/>
							<String ID="string_303" HPOS="374" VPOS="1377" WIDTH="273" HEIGHT="24" WC="0.80" CONTENT="sammanbindningsbunans"/><SP WIDTH="23" VPOS="1377" HPOS="647"/>
							<String ID="string_304" HPOS="670" VPOS="1380" WIDTH="59" HEIGHT="14" WC="0.96" CONTENT="snara"/><SP WIDTH="22" VPOS="1380" HPOS="729"/>
							<String ID="string_305" HPOS="751" VPOS="1371" WIDTH="107" HEIGHT="22" WC="0.96" CONTENT="utförande"/>
						</TextLine>
						<TextLine ID="line_43" HPOS="93" VPOS="1400" WIDTH="765" HEIGHT="31">
							<String ID="string_306" HPOS="93" VPOS="1405" WIDTH="60" HEIGHT="24" WC="0.96" CONTENT="bedja"/><SP WIDTH="16" VPOS="1405" HPOS="153"/>
							<String ID="string_307" HPOS="169" VPOS="1406" WIDTH="19" HEIGHT="18" WC="0.96" CONTENT="vi"/><SP WIDTH="16" VPOS="1406" HPOS="188"/>
							<String ID="string_308" HPOS="204" VPOS="1406" WIDTH="19" HEIGHT="19" WC="0.96" CONTENT="få"/><SP WIDTH="16" VPOS="1406" HPOS="223"/>
							<String ID="string_309" HPOS="239" VPOS="1405" WIDTH="76" HEIGHT="24" WC="0.96" CONTENT="anföra,"/><SP WIDTH="17" VPOS="1405" HPOS="315"/>
							<String ID="string_310" HPOS="332" VPOS="1408" WIDTH="29" HEIGHT="17" WC="0.96" CONTENT="att"/><SP WIDTH="15" VPOS="1408" HPOS="361"/>
							<String ID="string_311" HPOS="376" VPOS="1406" WIDTH="111" HEIGHT="25" WC="0.96" CONTENT="Jyväskylä"/><SP WIDTH="16" VPOS="1406" HPOS="487"/>
							<String ID="string_312" HPOS="503" VPOS="1406" WIDTH="45" HEIGHT="19" WC="0.96" CONTENT="stad"/><SP WIDTH="16" VPOS="1406" HPOS="548"/>
							<String ID="string_313" HPOS="564" VPOS="1406" WIDTH="37" HEIGHT="19" WC="0.96" CONTENT="och"/><SP WIDTH="16" VPOS="1406" HPOS="601"/>
							<String ID="string_314" HPOS="617" VPOS="1405" WIDTH="46" HEIGHT="19" WC="0.96" CONTENT="dess"/><SP WIDTH="16" VPOS="1405" HPOS="663"/>
							<String ID="string_315" HPOS="679" VPOS="1403" WIDTH="84" HEIGHT="24" WC="0.96" CONTENT="omnejd,"/><SP WIDTH="13" VPOS="1403" HPOS="763"/>
							<String ID="string_316" HPOS="776" VPOS="1403" WIDTH="36" HEIGHT="17" WC="0.93" CONTENT="när"/><SP WIDTH="11" VPOS="1403" HPOS="812"/>
							<String ID="string_317" HPOS="823" VPOS="1400" WIDTH="35" HEIGHT="20" WC="0.93" CONTENT="Sa-"/>
						</TextLine>
						<TextLine ID="line_44" HPOS="92" VPOS="1432" WIDTH="764" HEIGHT="28">
							<String ID="string_318" HPOS="92" VPOS="1434" WIDTH="137" HEIGHT="20" WC="0.91" CONTENT="volaksbanan"/><SP WIDTH="23" VPOS="1434" HPOS="229"/>
							<String ID="string_319" HPOS="252" VPOS="1436" WIDTH="23" HEIGHT="18" WC="0.96" CONTENT="är"/><SP WIDTH="22" VPOS="1436" HPOS="275"/>
							<String ID="string_320" HPOS="297" VPOS="1434" WIDTH="72" HEIGHT="26" WC="0.96" CONTENT="färdig,"/><SP WIDTH="16" VPOS="1434" HPOS="369"/>
							<String ID="string_321" HPOS="385" VPOS="1434" WIDTH="88" HEIGHT="20" WC="0.96" CONTENT="kommer"/><SP WIDTH="24" VPOS="1434" HPOS="473"/>
							<String ID="string_322" HPOS="497" VPOS="1437" WIDTH="31" HEIGHT="17" WC="0.96" CONTENT="att"/><SP WIDTH="18" VPOS="1437" HPOS="528"/>
							<String ID="string_323" HPOS="546" VPOS="1434" WIDTH="79" HEIGHT="19" WC="0.95" CONTENT="befinna"/><SP WIDTH="15" VPOS="1434" HPOS="625"/>
							<String ID="string_324" HPOS="640" VPOS="1433" WIDTH="30" HEIGHT="23" WC="0.96" CONTENT="sig"/><SP WIDTH="15" VPOS="1433" HPOS="670"/>
							<String ID="string_325" HPOS="685" VPOS="1432" WIDTH="83" HEIGHT="20" WC="0.95" CONTENT="emellan"/><SP WIDTH="16" VPOS="1432" HPOS="768"/>
							<String ID="string_326" HPOS="784" VPOS="1432" WIDTH="72" HEIGHT="17" WC="0.95" CONTENT="tvänne"/>
						</TextLine>
						<TextLine ID="line_45" HPOS="91" VPOS="1457" WIDTH="766" HEIGHT="32">
							<String ID="string_327" HPOS="91" VPOS="1462" WIDTH="108" HEIGHT="24" WC="0.92" CONTENT="jernvägar"/><SP WIDTH="15" VPOS="1462" HPOS="199"/>
							<String ID="string_328" HPOS="214" VPOS="1462" WIDTH="79" HEIGHT="27" WC="0.96" CONTENT="(staden"/><SP WIDTH="16" VPOS="1462" HPOS="293"/>
							<String ID="string_329" HPOS="309" VPOS="1463" WIDTH="111" HEIGHT="25" WC="0.96" CONTENT="Jyväskylä"/><SP WIDTH="15" VPOS="1463" HPOS="420"/>
							<String ID="string_330" HPOS="435" VPOS="1464" WIDTH="26" HEIGHT="24" WC="0.96" CONTENT="på"/><SP WIDTH="16" VPOS="1464" HPOS="461"/>
							<String ID="string_331" HPOS="477" VPOS="1464" WIDTH="43" HEIGHT="18" WC="0.93" CONTENT="lika"/><SP WIDTH="16" VPOS="1464" HPOS="520"/>
							<String ID="string_332" HPOS="536" VPOS="1462" WIDTH="80" HEIGHT="20" WC="0.92" CONTENT="afstånd"/><SP WIDTH="16" VPOS="1462" HPOS="616"/>
							<String ID="string_333" HPOS="632" VPOS="1462" WIDTH="21" HEIGHT="20" WC="0.96" CONTENT="af"/><SP WIDTH="15" VPOS="1462" HPOS="653"/>
							<String ID="string_334" HPOS="668" VPOS="1461" WIDTH="89" HEIGHT="23" WC="0.96" CONTENT="omkring"/><SP WIDTH="15" VPOS="1461" HPOS="757"/>
							<String ID="string_335" HPOS="772" VPOS="1459" WIDTH="42" HEIGHT="19" WC="0.96" CONTENT="åtta"/><SP WIDTH="10" VPOS="1459" HPOS="814"/>
							<String ID="string_336" HPOS="824" VPOS="1457" WIDTH="33" HEIGHT="20" WC="0.96" CONTENT="mil"/>
						</TextLine>
					</TextBlock>
				</ComposedBlock>
				<ComposedBlock ID="cblock_2" HPOS="161" VPOS="1501" WIDTH="390" HEIGHT="23">
					<TextBlock ID="block_14" HPOS="161" VPOS="1501" WIDTH="390" HEIGHT="23">
						<TextLine ID="line_46" HPOS="161" VPOS="1501" WIDTH="390" HEIGHT="23">
							<String ID="string_337" HPOS="161" VPOS="1503" WIDTH="185" HEIGHT="21" WC="0.87" CONTENT="Jernvägsutskottets"/><SP WIDTH="14" VPOS="1503" HPOS="346"/>
							<String ID="string_338" HPOS="360" VPOS="1503" WIDTH="111" HEIGHT="17" WC="0.96" CONTENT="betänkande"/><SP WIDTH="14" VPOS="1503" HPOS="471"/>
							<String ID="string_339" HPOS="485" VPOS="1504" WIDTH="36" HEIGHT="16" WC="0.95" CONTENT="N:o"/><SP WIDTH="12" VPOS="1504" HPOS="521"/>
							<String ID="string_340" HPOS="533" VPOS="1501" WIDTH="18" HEIGHT="18" WC="0.96" CONTENT="2."/>
						</TextLine>
					</TextBlock>
				</ComposedBlock>
			</PrintSpace>
		</Page>
	</Layout>
</alto>
