1048 1731
247 116 14 20 4
435 115 240 24 Potitionsbetänkande
691 115 38 24 N:o
745 116 38 23 30.

218 180 96 19 Finlands
337 179 64 25 öfriga
423 180 92 23 härader,
538 180 62 19 mäste
622 181 114 19 rubriceras
759 186 42 14 som
821 180 38 20 allt
876 182 61 17 annat
951 182 25 17 än

219 209 76 20 rättvis.
321 209 62 28 Detta
397 209 114 24 begrundar
526 209 30 24 sig
570 208 137 25 förnämligast
723 210 28 19 uti
767 209 24 20 de
806 208 120 21 förändrade
941 209 36 18 vil-

219 237 38 19 kor
279 237 31 19 för
332 237 136 24 Älänningens
491 237 89 20 sträfvan
603 237 31 20 för
657 238 30 19 sin
710 238 94 25 utkomst,
820 237 67 20 hvilka
901 237 76 19 inträdt

219 265 63 20 under
305 266 24 19 de
347 269 79 16 senaste
445 266 133 20 decennierna
593 266 37 19 och
644 265 69 21 hvilka
728 269 35 17 äro
777 266 132 19 himmelsvidt
924 265 53 20 olika

219 296 41 17 mot
282 294 51 24 dem,
356 300 41 14 som
420 294 116 20 förefunnos
558 295 26 18 dä
600 295 83 19 häradet
698 295 7 19 i
720 295 55 20 tiden
791 295 117 20 skattlades.
937 294 40 19 För

219 325 30 17 att
271 323 52 19 dock
345 325 70 22 genast
437 323 141 28 åskådliggöra
593 323 37 20 den
646 326 55 17 stora
716 323 163 25 skiljaktigheten
895 323 82 20 emellan

220 351 55 20 olika
296 352 86 19 härader
404 352 53 19 inom
479 346 44 25 Äbo
538 352 40 23 län,
594 355 56 20 tager
664 353 33 23 jag
713 353 39 23 mig
767 352 85 19 friheten
867 352 36 19 här
918 351 59 20 fram-

219 380 55 19 hälla
289 381 63 22 nägra
367 380 72 24 siffror,
455 380 91 19 hemtade
562 381 42 18 dels
620 380 44 20 frän
676 381 121 24 tillgängliga
808 380 110 20 statistiska
929 385 48 19 upp-

220 408 65 25 gifter,
309 409 43 19 dels
377 409 44 20 frän
443 409 56 20 detta
519 409 43 19 läns
584 409 245 24 länebokhällarekontor,
852 409 79 20 hvarför
953 409 24 18 de

220 437 32 20 väl
267 437 38 20 ock
320 437 50 20 böra
385 443 58 14 anses
459 443 48 14 vara
522 437 60 24 nägot
598 437 22 20 sä
636 440 49 17 nära
701 438 82 19 exakta:

681 504 137 24 Skattebidrag

397 538 126 24 Folkmängd,
534 512 8 61 |
538 522 136 23 Fattobidrag]
694 534 35 17 por
744 528 62 18 tunol
819 512 7 61 |
832 516 131 41 skactebidrag

543 562 33 17 per
588 556 80 18 individ.
703 551 98 46 1
844 568 34 18 per
890 553 72 26 härad.

232 636 73 24 Ålands
320 641 61 18 härad
394 642 65 24 lungef.
469 644 136 22 20,000|ungef.
613 644 21 17 10
642 642 107 24 Kelungef.
769 644 12 17 6
788 642 105 24 Aylungef.
901 643 74 21 200,00

233 676 71 18 Haliko
323 666 14 38 —
429 690 10 8 n
470 677 62 21 89000]
574 691 10 8 »
620 679 51 17 5:50/
718 690 10 8 »
765 677 51 18 1:43]
863 690 9 8 ,
901 676 74 22 216,000

231 710 106 24 Loimijoki
349 724 10 8 ,,
430 725 9 8 »
469 712 63 21 46,000]
573 725 10 8 4.
619 712 17 17 5
649 722 21 3 —
718 724 10 8 n»
765 712 50 17 1:85
863 725 10 8 »
903 711 72 21 230,000

233 744 70 24 Tyrvis
349 758 10 8 ,
430 760 10 8 »
469 746 63 21 27,000]
574 760 10 8 »
618 746 53 18 470]
718 759 10 8 ,
764 746 51 18 2:50]
862 758 10 9 ,
903 745 72 21 127,000

234 779 69 23 Ulfsby
321 768 11 38 =
349 793 10 8 »
430 794 9 7 »
470 780 62 21 59,000]
574 794 9 8 »
619 780 52 18 8:60]
718 794 10 8 ,
765 781 50 17 2:06)
863 793 10 9 ,
902 780 73 20 216,00

232 803 58 37 Ikalis
349 827 10 9 »
430 828 11 8 »
470 815 62 21 87,000
573 828 10 8 »
620 816 50 16 3:—|
719 828 10 8 »
765 808 60 24 1:64]
863 827 9 8 »
903 813 72 18 123.000]

290 866 31 20 Då
342 867 58 19 dessa
415 867 100 24 uppgifter
528 867 95 24 jemföras
640 868 44 18 med
699 867 120 33 hvarandra,
835 866 87 20 kommer
937 872 44 13 man

220 895 31 19 till
274 896 38 18 den
335 895 57 19 klara
415 896 113 25 slutsatsen,
551 898 29 17 att
603 896 146 19 skattebördan
768 896 7 18 i
791 890 76 24 Ålands
882 895 61 19 härad
959 897 22 17 är

221 923 44 20 från
285 924 83 19 dubbelt
383 924 30 19 till
429 927 30 17 tre
474 911 74 38 gånger
562 925 61 24 högre
640 927 25 17 än
681 925 29 19 uti
726 924 65 25 öfriga
806 924 21 19 af
841 924 24 19 de
881 926 100 22 upptagna

220 952 119 23 häraderna,
363 953 83 28 oaktadt
468 953 58 20 dessa
548 953 109 25 disponera
672 953 123 20 flerdubbelt
810 959 54 13 mera
878 952 103 19 bebrukad

220 981 52 24 jord.
303 981 37 20 Att
357 982 76 19 Ålands
452 982 62 19 härad
530 982 59 19 likväl
605 982 77 19 kunnat
697 983 50 18 bära
763 987 24 14 en
803 981 22 20 så
839 982 39 23 hög
892 981 88 19 beskatt-

221 1010 55 25 ning,
291 1010 37 19 har
343 1010 52 19 blott
409 1011 51 18 varit
475 1011 75 24 möjligt
565 1016 70 19 genom
650 1011 60 19 fisket
720 1011 30 19 uti
760 1011 94 19 häradets
865 1009 115 24 skärgårds-

221 1039 86 19 socknar
327 1039 37 19 och
379 1039 103 25 sjöfarten,
504 1039 67 20 hvilka
586 1040 99 19 hvardera
699 1039 102 20 tillförene
817 1039 21 19 åt
853 1039 43 18 sina
911 1038 68 19 idkare

220 1066 57 24 gifvit
300 1073 24 14 en
347 1068 45 23 god,
415 1068 91 19 stundom
530 1068 37 19 ock
589 1068 60 24 riklig
669 1068 122 23 afkastning.
821 1067 159 20 Förhållandena

220 1095 60 20 hafva
295 1096 117 25 emellertid,
428 1096 122 20 beträffande
565 1097 99 19 hvardera
679 1097 65 23 dessa,
760 1096 137 24 väsendtligen
911 1095 67 20 förän-

220 1124 68 24 drats;
309 1124 66 24 fisket,
397 1130 43 14 som
462 1125 53 20 förut
535 1126 44 19 med
594 1125 101 25 framgång
711 1124 80 21 bedrefs
807 1127 49 17 nära
869 1125 109 19 hemstran-

220 1153 45 23 den,
281 1153 42 24 har,
339 1153 44 20 dels
398 1159 70 18 genom
481 1154 38 19 den
530 1154 105 24 aftagande
646 1154 115 24 tillgången,
773 1154 42 19 dels
825 1159 70 18 genom
905 1153 73 20 fiskens

220 1182 97 24 vandring
339 1182 21 19 åt
382 1183 63 18 andra
466 1183 83 23 trakter,
572 1189 81 13 numera
672 1183 50 19 måst
745 1181 100 26 förflyttas
867 1182 67 23 längre
957 1185 22 16 ut

220 1210 31 19 till
271 1211 43 19 hafs
337 1211 38 19 och
394 1211 68 19 derför
477 1211 165 24 nödvändiggjort
658 1211 140 20 anskaffandet
813 1210 22 20 af
849 1211 70 24 dyrare
934 1211 44 19 red-

220 1239 50 24 skap
287 1240 36 19 och
339 1239 107 24 farkoster,
461 1242 47 17 utan
524 1242 29 17 att
568 1240 61 19 likväl
644 1240 141 23 behållningen
800 1239 21 25 af
831 1239 34 20 det
874 1239 104 25 nedlagda,

221 1267 57 20 alltid
300 1268 45 19 med
367 1269 43 18 stor
427 1269 59 18 möda
501 1268 94 20 förenade
610 1269 79 19 arbetet
704 1274 35 14 ens
755 1268 128 19 närmelsevis
898 1268 81 19 kommit

220 1301 41 23 upp
277 1297 30 18 till
323 1297 108 19 detsamma
446 1302 41 14 som
502 1297 48 20 förr.
566 1297 36 19 Ett
610 1297 80 20 talande
699 1297 56 20 bevis
763 1297 103 24 häruppå
862 1299 29 21 är,
899 1299 30 17 att
936 1296 44 20 utaf

220 1319 83 30 Ålands,
320 1325 29 19 till
357 1325 84 24 ungefär
451 1324 28 20 20
494 1329 57 16 tusen
561 1331 98 19 personer
676 1326 118 25 uppgående
805 1325 174 28 innevånareantal

220 1353 72 20 endast
315 1353 61 24 1,045
399 1359 96 19 personer
513 1357 35 16 äro
563 1354 73 19 fiskare
652 1357 51 17 samt
718 1357 31 17 att
763 1354 53 19 fasta
831 1348 76 25 Ålands
921 1353 58 21 flesta

220 1382 115 20 kommuner
355 1388 80 14 numera
450 1383 75 24 nödgas
540 1384 54 24 köpa
608 1384 36 19 sitt
658 1382 98 22 årsbehof
769 1382 22 21 al
804 1382 39 21 fisk
857 1383 38 19 och
909 1384 7 18 i
931 1384 47 19 stäl-

220 1411 28 19 let
271 1412 70 24 sjelfva
363 1412 30 19 slå
415 1412 30 24 sig
467 1412 52 24 uppå
535 1414 29 18 att
578 1412 65 20 bruka
656 1412 80 24 jorden.
767 1411 36 21 Ett
815 1411 65 20 medel
895 1413 29 18 att
938 1411 40 21 för-

289 1449 159 19 Statsutskottets
461 1450 119 18 betänkande
592 1450 36 18 N:o
641 1452 27 16 12.
