<?xml version="1.0" encoding="UTF-8"?>
<alto xmlns="http://www.loc.gov/standards/alto/ns-v3#" xmlns:xlink="http://www.w3.org/1999/xlink" xmlns:xsi="http://www.w3.org/2001/XMLSchema-instance" xsi:schemaLocation="http://www.loc.gov/standards/alto/ns-v3# http://www.loc.gov/alto/v3/alto-3-0.xsd">
	<Description>
		<MeasurementUnit>pixel</MeasurementUnit>
		<sourceImageInformation>
			<fileName>/tmp/tess_bgafkndg_input.PNG</fileName>
		</sourceImageInformation>
		<OCRProcessing ID="OCR_0">
			<ocrProcessingStep>
				<processingSoftware>
					<softwareName>tesseract 5.3.4</softwareName>
				</processingSoftware>
			</ocrProcessingStep>
		</OCRProcessing>
	</Description>
	<Layout>
		<Page WIDTH="1048" HEIGHT="1731" PHYSICAL_IMG_NR="0" ID="page_0">
			<PrintSpace HPOS="0" VPOS="0" WIDTH="1048" HEIGHT="1731">
				<ComposedBlock ID="cblock_0" HPOS="297" VPOS="125" WIDTH="500" HEIGHT="24">
					<TextBlock ID="block_0" HPOS="297" VPOS="125" WIDTH="500" HEIGHT="24">
						<TextLine ID="line_0" HPOS="297" VPOS="125" WIDTH="500" HEIGHT="24">
							<String ID="string_0" HPOS="297" VPOS="125" WIDTH="212" HEIGHT="24" WC="0.82" CONTENT="Potitionsbetänkande"/><SP WIDTH="17" VPOS="125" HPOS="509"/>
							<String ID="string_1" HPOS="526" VPOS="125" WIDTH="36" HEIGHT="24" WC="0.96" CONTENT="N:o"/><SP WIDTH="16" VPOS="125" HPOS="562"/>
							<String ID="string_2" HPOS="578" VPOS="125" WIDTH="19" HEIGHT="24" WC="0.96" CONTENT="8."/><SP WIDTH="187" VPOS="125" HPOS="597"/>
							<String ID="string_3" HPOS="784" VPOS="125" WIDTH="13" HEIGHT="20" WC="0.96" CONTENT="5"/>
						</TextLine>
					</TextBlock>
				</ComposedBlock>
				<ComposedBlock ID="cblock_1" HPOS="71" VPOS="186" WIDTH="760" HEIGHT="1336">
					<TextBlock ID="block_1" HPOS="72" VPOS="186" WIDTH="754" HEIGHT="93">
						<TextLine ID="line_1" HPOS="72" VPOS="186" WIDTH="754" HEIGHT="31">
							<String ID="string_4" HPOS="72" VPOS="189" WIDTH="36" HEIGHT="22" WC="0.96" CONTENT="för"/><SP WIDTH="22" VPOS="189" HPOS="108"/>
							<String ID="string_5" HPOS="130" VPOS="188" WIDTH="35" HEIGHT="22" WC="0.95" CONTENT="sin"/><SP WIDTH="23" VPOS="188" HPOS="165"/>
							<String ID="string_6" HPOS="188" VPOS="187" WIDTH="37" HEIGHT="22" WC="0.93" CONTENT="del"/><SP WIDTH="15" VPOS="187" HPOS="225"/>
							<String ID="string_7" HPOS="240" VPOS="187" WIDTH="126" HEIGHT="29" WC="0.92" CONTENT="anledning"/><SP WIDTH="15" VPOS="187" HPOS="366"/>
							<String ID="string_8" HPOS="381" VPOS="195" WIDTH="47" HEIGHT="22" WC="0.96" CONTENT="nog"/><SP WIDTH="15" VPOS="195" HPOS="428"/>
							<String ID="string_9" HPOS="443" VPOS="190" WIDTH="34" HEIGHT="19" WC="0.94" CONTENT="att"/><SP WIDTH="15" VPOS="190" HPOS="477"/>
							<String ID="string_10" HPOS="492" VPOS="188" WIDTH="8" HEIGHT="21" WC="0.93" CONTENT="i"/><SP WIDTH="15" VPOS="188" HPOS="500"/>
							<String ID="string_11" HPOS="515" VPOS="187" WIDTH="133" HEIGHT="22" WC="0.92" CONTENT="hufvudsak"/><SP WIDTH="14" VPOS="187" HPOS="648"/>
							<String ID="string_12" HPOS="662" VPOS="187" WIDTH="72" HEIGHT="22" WC="0.92" CONTENT="bräda"/><SP WIDTH="15" VPOS="187" HPOS="734"/>
							<String ID="string_13" HPOS="749" VPOS="186" WIDTH="77" HEIGHT="30" WC="0.92" CONTENT="petiti-"/>
						</TextLine>
						<TextLine ID="line_2" HPOS="72" VPOS="221" WIDTH="754" HEIGHT="30">
							<String ID="string_14" HPOS="72" VPOS="223" WIDTH="177" HEIGHT="28" WC="0.89" CONTENT="tionsförslaget,"/><SP WIDTH="24" VPOS="223" HPOS="249"/>
							<String ID="string_15" HPOS="273" VPOS="222" WIDTH="69" HEIGHT="21" WC="0.92" CONTENT="äfven"/><SP WIDTH="22" VPOS="222" HPOS="342"/>
							<String ID="string_16" HPOS="364" VPOS="222" WIDTH="104" HEIGHT="22" WC="0.92" CONTENT="fränsedt"/><SP WIDTH="23" VPOS="222" HPOS="468"/>
							<String ID="string_17" HPOS="491" VPOS="223" WIDTH="28" HEIGHT="21" WC="0.90" CONTENT="de"/><SP WIDTH="18" VPOS="223" HPOS="519"/>
							<String ID="string_18" HPOS="537" VPOS="223" WIDTH="77" HEIGHT="21" WC="0.90" CONTENT="lokala"/><SP WIDTH="15" VPOS="223" HPOS="614"/>
							<String ID="string_19" HPOS="629" VPOS="222" WIDTH="57" HEIGHT="27" WC="0.96" CONTENT="skäl,"/><SP WIDTH="16" VPOS="222" HPOS="686"/>
							<String ID="string_20" HPOS="702" VPOS="229" WIDTH="49" HEIGHT="14" WC="0.93" CONTENT="som"/><SP WIDTH="17" VPOS="229" HPOS="751"/>
							<String ID="string_21" HPOS="768" VPOS="221" WIDTH="58" HEIGHT="30" WC="0.92" CONTENT="peti-"/>
						</TextLine>
						<TextLine ID="line_3" HPOS="72" VPOS="256" WIDTH="338" HEIGHT="23">
							<String ID="string_22" HPOS="72" VPOS="257" WIDTH="106" HEIGHT="22" WC="0.92" CONTENT="tionären"/><SP WIDTH="16" VPOS="257" HPOS="178"/>
							<String ID="string_23" HPOS="194" VPOS="256" WIDTH="75" HEIGHT="22" WC="0.92" CONTENT="derför"/><SP WIDTH="14" VPOS="256" HPOS="269"/>
							<String ID="string_24" HPOS="283" VPOS="256" WIDTH="127" HEIGHT="22" WC="0.92" CONTENT="framhällit"/>
						</TextLine>
					</TextBlock>
					<TextBlock ID="block_2" HPOS="71" VPOS="290" WIDTH="760" HEIGHT="927">
						<TextLine ID="line_4" HPOS="142" VPOS="290" WIDTH="685" HEIGHT="30">
							<String ID="string_25" HPOS="142" VPOS="292" WIDTH="36" HEIGHT="21" WC="0.96" CONTENT="Då"/><SP WIDTH="15" VPOS="292" HPOS="178"/>
							<String ID="string_26" HPOS="193" VPOS="291" WIDTH="113" HEIGHT="22" WC="0.96" CONTENT="utskottet"/><SP WIDTH="15" VPOS="291" HPOS="306"/>
							<String ID="string_27" HPOS="321" VPOS="291" WIDTH="8" HEIGHT="21" WC="0.96" CONTENT="i"/><SP WIDTH="15" VPOS="291" HPOS="329"/>
							<String ID="string_28" HPOS="344" VPOS="291" WIDTH="154" HEIGHT="22" WC="0.93" CONTENT="Mariehamns"/><SP WIDTH="15" VPOS="291" HPOS="498"/>
							<String ID="string_29" HPOS="513" VPOS="291" WIDTH="138" HEIGHT="29" WC="0.96" CONTENT="lämplighet"/><SP WIDTH="15" VPOS="291" HPOS="651"/>
							<String ID="string_30" HPOS="666" VPOS="291" WIDTH="75" HEIGHT="21" WC="0.93" CONTENT="såsom"/><SP WIDTH="10" VPOS="291" HPOS="741"/>
							<String ID="string_31" HPOS="751" VPOS="290" WIDTH="76" HEIGHT="22" WC="0.92" CONTENT="order-"/>
						</TextLine>
						<TextLine ID="line_5" HPOS="72" VPOS="324" WIDTH="755" HEIGHT="30">
							<String ID="string_32" HPOS="72" VPOS="328" WIDTH="37" HEIGHT="19" WC="0.96" CONTENT="ort"/><SP WIDTH="15" VPOS="328" HPOS="109"/>
							<String ID="string_33" HPOS="124" VPOS="328" WIDTH="45" HEIGHT="20" WC="0.93" CONTENT="sett"/><SP WIDTH="14" VPOS="328" HPOS="169"/>
							<String ID="string_34" HPOS="183" VPOS="325" WIDTH="164" HEIGHT="22" WC="0.92" CONTENT="hufvudskälet"/><SP WIDTH="10" VPOS="325" HPOS="347"/>
							<String ID="string_35" HPOS="357" VPOS="325" WIDTH="36" HEIGHT="22" WC="0.96" CONTENT="för"/><SP WIDTH="10" VPOS="325" HPOS="393"/>
							<String ID="string_36" HPOS="403" VPOS="325" WIDTH="168" HEIGHT="29" WC="0.96" CONTENT="godkännande"/><SP WIDTH="12" VPOS="325" HPOS="571"/>
							<String ID="string_37" HPOS="583" VPOS="325" WIDTH="25" HEIGHT="22" WC="0.96" CONTENT="af"/><SP WIDTH="8" VPOS="325" HPOS="608"/>
							<String ID="string_38" HPOS="616" VPOS="325" WIDTH="40" HEIGHT="22" WC="0.96" CONTENT="det"/><SP WIDTH="9" VPOS="325" HPOS="656"/>
							<String ID="string_39" HPOS="665" VPOS="324" WIDTH="162" HEIGHT="29" WC="0.95" CONTENT="föreliggande"/>
						</TextLine>
						<TextLine ID="line_6" HPOS="72" VPOS="359" WIDTH="755" HEIGHT="30">
							<String ID="string_40" HPOS="72" VPOS="360" WIDTH="117" HEIGHT="29" WC="0.96" CONTENT="förslaget,"/><SP WIDTH="22" VPOS="360" HPOS="189"/>
							<String ID="string_41" HPOS="211" VPOS="361" WIDTH="72" HEIGHT="21" WC="0.96" CONTENT="måste"/><SP WIDTH="22" VPOS="361" HPOS="283"/>
							<String ID="string_42" HPOS="305" VPOS="360" WIDTH="121" HEIGHT="22" WC="0.93" CONTENT="Utskottet"/><SP WIDTH="22" VPOS="360" HPOS="426"/>
							<String ID="string_43" HPOS="448" VPOS="360" WIDTH="142" HEIGHT="29" WC="0.92" CONTENT="följdriktigt"/><SP WIDTH="21" VPOS="360" HPOS="590"/>
							<String ID="string_44" HPOS="611" VPOS="359" WIDTH="72" HEIGHT="22" WC="0.96" CONTENT="bland"/><SP WIDTH="14" VPOS="359" HPOS="683"/>
							<String ID="string_45" HPOS="697" VPOS="359" WIDTH="30" HEIGHT="22" WC="0.93" CONTENT="de"/><SP WIDTH="14" VPOS="359" HPOS="727"/>
							<String ID="string_46" HPOS="741" VPOS="359" WIDTH="86" HEIGHT="28" WC="0.91" CONTENT="ifråga-"/>
						</TextLine>
						<TextLine ID="line_7" HPOS="72" VPOS="393" WIDTH="755" HEIGHT="31">
							<String ID="string_47" HPOS="72" VPOS="397" WIDTH="61" HEIGHT="20" WC="0.96" CONTENT="satta"/><SP WIDTH="24" VPOS="397" HPOS="133"/>
							<String ID="string_48" HPOS="157" VPOS="395" WIDTH="136" HEIGHT="28" WC="0.96" CONTENT="åtgärderna"/><SP WIDTH="18" VPOS="395" HPOS="293"/>
							<String ID="string_49" HPOS="311" VPOS="394" WIDTH="61" HEIGHT="22" WC="0.93" CONTENT="fästa"/><SP WIDTH="14" VPOS="394" HPOS="372"/>
							<String ID="string_50" HPOS="386" VPOS="395" WIDTH="173" HEIGHT="29" WC="0.92" CONTENT="hufvudvigten"/><SP WIDTH="15" VPOS="395" HPOS="559"/>
							<String ID="string_51" HPOS="574" VPOS="395" WIDTH="40" HEIGHT="21" WC="0.96" CONTENT="vid"/><SP WIDTH="16" VPOS="395" HPOS="614"/>
							<String ID="string_52" HPOS="630" VPOS="395" WIDTH="57" HEIGHT="27" WC="0.96" CONTENT="dem,"/><SP WIDTH="17" VPOS="395" HPOS="687"/>
							<String ID="string_53" HPOS="704" VPOS="401" WIDTH="48" HEIGHT="15" WC="0.93" CONTENT="som"/><SP WIDTH="16" VPOS="401" HPOS="752"/>
							<String ID="string_54" HPOS="768" VPOS="393" WIDTH="59" HEIGHT="22" WC="0.91" CONTENT="före-"/>
						</TextLine>
						<TextLine ID="line_8" HPOS="72" VPOS="428" WIDTH="755" HEIGHT="30">
							<String ID="string_55" HPOS="72" VPOS="429" WIDTH="113" HEIGHT="22" WC="0.91" CONTENT="trädesvis"/><SP WIDTH="23" VPOS="429" HPOS="185"/>
							<String ID="string_56" HPOS="208" VPOS="433" WIDTH="38" HEIGHT="18" WC="0.96" CONTENT="äro"/><SP WIDTH="19" VPOS="433" HPOS="246"/>
							<String ID="string_57" HPOS="265" VPOS="429" WIDTH="89" HEIGHT="29" WC="0.96" CONTENT="egnade"/><SP WIDTH="16" VPOS="429" HPOS="354"/>
							<String ID="string_58" HPOS="370" VPOS="431" WIDTH="34" HEIGHT="20" WC="0.96" CONTENT="att"/><SP WIDTH="15" VPOS="431" HPOS="404"/>
							<String ID="string_59" HPOS="419" VPOS="433" WIDTH="56" HEIGHT="25" WC="0.96" CONTENT="göra"/><SP WIDTH="15" VPOS="433" HPOS="475"/>
							<String ID="string_60" HPOS="490" VPOS="429" WIDTH="144" HEIGHT="22" WC="0.96" CONTENT="Mariehamn"/><SP WIDTH="14" VPOS="429" HPOS="634"/>
							<String ID="string_61" HPOS="648" VPOS="429" WIDTH="8" HEIGHT="21" WC="0.96" CONTENT="i"/><SP WIDTH="16" VPOS="429" HPOS="656"/>
							<String ID="string_62" HPOS="672" VPOS="428" WIDTH="72" HEIGHT="22" WC="0.93" CONTENT="sådan"/><SP WIDTH="15" VPOS="428" HPOS="744"/>
							<String ID="string_63" HPOS="759" VPOS="435" WIDTH="68" HEIGHT="22" WC="0.91" CONTENT="egen-"/>
						</TextLine>
						<TextLine ID="line_9" HPOS="72" VPOS="462" WIDTH="755" HEIGHT="31">
							<String ID="string_64" HPOS="72" VPOS="464" WIDTH="58" HEIGHT="29" WC="0.95" CONTENT="skap"/><SP WIDTH="23" VPOS="464" HPOS="130"/>
							<String ID="string_65" HPOS="153" VPOS="463" WIDTH="92" HEIGHT="23" WC="0.95" CONTENT="anlitad."/><SP WIDTH="31" VPOS="463" HPOS="245"/>
							<String ID="string_66" HPOS="276" VPOS="464" WIDTH="54" HEIGHT="21" WC="0.96" CONTENT="Med"/><SP WIDTH="23" VPOS="464" HPOS="330"/>
							<String ID="string_67" HPOS="353" VPOS="464" WIDTH="108" HEIGHT="21" WC="0.93" CONTENT="afseende"/><SP WIDTH="22" VPOS="464" HPOS="461"/>
							<String ID="string_68" HPOS="483" VPOS="464" WIDTH="57" HEIGHT="21" WC="0.91" CONTENT="härå"/><SP WIDTH="23" VPOS="464" HPOS="540"/>
							<String ID="string_69" HPOS="563" VPOS="464" WIDTH="42" HEIGHT="21" WC="0.96" CONTENT="och"/><SP WIDTH="20" VPOS="464" HPOS="605"/>
							<String ID="string_70" HPOS="625" VPOS="464" WIDTH="35" HEIGHT="25" WC="0.96" CONTENT="då,"/><SP WIDTH="16" VPOS="464" HPOS="660"/>
							<String ID="string_71" HPOS="676" VPOS="463" WIDTH="75" HEIGHT="29" WC="0.95" CONTENT="enligt"/><SP WIDTH="14" VPOS="463" HPOS="751"/>
							<String ID="string_72" HPOS="765" VPOS="462" WIDTH="62" HEIGHT="23" WC="0.96" CONTENT="hvad"/>
						</TextLine>
						<TextLine ID="line_10" HPOS="72" VPOS="493" WIDTH="755" HEIGHT="35">
							<String ID="string_73" HPOS="72" VPOS="499" WIDTH="120" HEIGHT="22" WC="0.96" CONTENT="Utskottet"/><SP WIDTH="15" VPOS="499" HPOS="192"/>
							<String ID="string_74" HPOS="207" VPOS="498" WIDTH="84" HEIGHT="26" WC="0.93" CONTENT="erfarit,"/><SP WIDTH="18" VPOS="498" HPOS="291"/>
							<String ID="string_75" HPOS="309" VPOS="493" WIDTH="245" HEIGHT="27" WC="0.90" CONTENT="Öresundshamnarna"/><SP WIDTH="6" VPOS="493" HPOS="554"/>
							<String ID="string_76" HPOS="560" VPOS="499" WIDTH="86" HEIGHT="29" WC="0.96" CONTENT="bevilja"/><SP WIDTH="8" VPOS="499" HPOS="646"/>
							<String ID="string_77" HPOS="654" VPOS="498" WIDTH="85" HEIGHT="30" WC="0.96" CONTENT="fartyg,"/><SP WIDTH="8" VPOS="498" HPOS="739"/>
							<String ID="string_78" HPOS="747" VPOS="497" WIDTH="80" HEIGHT="23" WC="0.96" CONTENT="hvilka"/>
						</TextLine>
						<TextLine ID="line_11" HPOS="72" VPOS="532" WIDTH="755" HEIGHT="30">
							<String ID="string_79" HPOS="72" VPOS="534" WIDTH="118" HEIGHT="21" WC="0.96" CONTENT="inkomma"/><SP WIDTH="22" VPOS="534" HPOS="190"/>
							<String ID="string_80" HPOS="212" VPOS="534" WIDTH="81" HEIGHT="21" WC="0.96" CONTENT="endast"/><SP WIDTH="22" VPOS="534" HPOS="293"/>
							<String ID="string_81" HPOS="315" VPOS="533" WIDTH="36" HEIGHT="22" WC="0.96" CONTENT="för"/><SP WIDTH="23" VPOS="533" HPOS="351"/>
							<String ID="string_82" HPOS="374" VPOS="535" WIDTH="34" HEIGHT="20" WC="0.93" CONTENT="att"/><SP WIDTH="18" VPOS="535" HPOS="408"/>
							<String ID="string_83" HPOS="426" VPOS="534" WIDTH="79" HEIGHT="21" WC="0.93" CONTENT="hemta"/><SP WIDTH="15" VPOS="534" HPOS="505"/>
							<String ID="string_84" HPOS="520" VPOS="533" WIDTH="73" HEIGHT="28" WC="0.96" CONTENT="order,"/><SP WIDTH="16" VPOS="533" HPOS="593"/>
							<String ID="string_85" HPOS="609" VPOS="534" WIDTH="148" HEIGHT="28" WC="0.96" CONTENT="proviantera"/><SP WIDTH="15" VPOS="534" HPOS="757"/>
							<String ID="string_86" HPOS="772" VPOS="532" WIDTH="55" HEIGHT="22" WC="0.96" CONTENT="eller"/>
						</TextLine>
						<TextLine ID="line_12" HPOS="72" VPOS="567" WIDTH="756" HEIGHT="29">
							<String ID="string_87" HPOS="72" VPOS="568" WIDTH="56" HEIGHT="22" WC="0.93" CONTENT="söka"/><SP WIDTH="22" VPOS="568" HPOS="128"/>
							<String ID="string_88" HPOS="150" VPOS="568" WIDTH="122" HEIGHT="27" WC="0.90" CONTENT="nödhamn,"/><SP WIDTH="23" VPOS="568" HPOS="272"/>
							<String ID="string_89" HPOS="295" VPOS="568" WIDTH="72" HEIGHT="22" WC="0.96" CONTENT="frihet"/><SP WIDTH="14" VPOS="568" HPOS="367"/>
							<String ID="string_90" HPOS="381" VPOS="568" WIDTH="61" HEIGHT="21" WC="0.92" CONTENT="ifrån"/><SP WIDTH="15" VPOS="568" HPOS="442"/>
							<String ID="string_91" HPOS="457" VPOS="568" WIDTH="198" HEIGHT="28" WC="0.92" CONTENT="hamnumgälder,"/><SP WIDTH="16" VPOS="568" HPOS="655"/>
							<String ID="string_92" HPOS="671" VPOS="575" WIDTH="68" HEIGHT="21" WC="0.96" CONTENT="synes"/><SP WIDTH="16" VPOS="575" HPOS="739"/>
							<String ID="string_93" HPOS="755" VPOS="567" WIDTH="73" HEIGHT="22" WC="0.96" CONTENT="första"/>
						</TextLine>
						<TextLine ID="line_13" HPOS="72" VPOS="602" WIDTH="755" HEIGHT="30">
							<String ID="string_94" HPOS="72" VPOS="603" WIDTH="100" HEIGHT="21" WC="0.92" CONTENT="vilkoret"/><SP WIDTH="22" VPOS="603" HPOS="172"/>
							<String ID="string_95" HPOS="194" VPOS="602" WIDTH="35" HEIGHT="22" WC="0.93" CONTENT="för"/><SP WIDTH="17" VPOS="602" HPOS="229"/>
							<String ID="string_96" HPOS="246" VPOS="602" WIDTH="149" HEIGHT="29" WC="0.92" CONTENT="uppnåendet"/><SP WIDTH="15" VPOS="602" HPOS="395"/>
							<String ID="string_97" HPOS="410" VPOS="602" WIDTH="26" HEIGHT="22" WC="0.96" CONTENT="af"/><SP WIDTH="13" VPOS="602" HPOS="436"/>
							<String ID="string_98" HPOS="449" VPOS="603" WIDTH="40" HEIGHT="21" WC="0.96" CONTENT="det"/><SP WIDTH="15" VPOS="603" HPOS="489"/>
							<String ID="string_99" HPOS="504" VPOS="602" WIDTH="106" HEIGHT="30" WC="0.96" CONTENT="åsyftade"/><SP WIDTH="15" VPOS="602" HPOS="610"/>
							<String ID="string_100" HPOS="625" VPOS="602" WIDTH="132" HEIGHT="22" WC="0.96" CONTENT="ändamålet"/><SP WIDTH="14" VPOS="602" HPOS="757"/>
							<String ID="string_101" HPOS="771" VPOS="609" WIDTH="56" HEIGHT="14" WC="0.96" CONTENT="vara"/>
						</TextLine>
						<TextLine ID="line_14" HPOS="72" VPOS="636" WIDTH="754" HEIGHT="30">
							<String ID="string_102" HPOS="72" VPOS="639" WIDTH="35" HEIGHT="19" WC="0.92" CONTENT="ott"/><SP WIDTH="21" VPOS="639" HPOS="107"/>
							<String ID="string_103" HPOS="128" VPOS="637" WIDTH="149" HEIGHT="29" WC="0.93" CONTENT="fullständigt"/><SP WIDTH="22" VPOS="637" HPOS="277"/>
							<String ID="string_104" HPOS="299" VPOS="636" WIDTH="128" HEIGHT="30" WC="0.92" CONTENT="aflyftande"/><SP WIDTH="16" VPOS="636" HPOS="427"/>
							<String ID="string_105" HPOS="443" VPOS="637" WIDTH="26" HEIGHT="22" WC="0.95" CONTENT="af"/><SP WIDTH="20" VPOS="637" HPOS="469"/>
							<String ID="string_106" HPOS="489" VPOS="638" WIDTH="47" HEIGHT="21" WC="0.93" CONTENT="alla"/><SP WIDTH="17" VPOS="638" HPOS="536"/>
							<String ID="string_107" HPOS="553" VPOS="637" WIDTH="120" HEIGHT="29" WC="0.91" CONTENT="umgälder"/><SP WIDTH="16" VPOS="637" HPOS="673"/>
							<String ID="string_108" HPOS="689" VPOS="636" WIDTH="36" HEIGHT="22" WC="0.96" CONTENT="för"/><SP WIDTH="16" VPOS="636" HPOS="725"/>
							<String ID="string_109" HPOS="741" VPOS="636" WIDTH="85" HEIGHT="28" WC="0.96" CONTENT="fartyg,"/>
						</TextLine>
						<TextLine ID="line_15" HPOS="72" VPOS="670" WIDTH="755" HEIGHT="30">
							<String ID="string_110" HPOS="72" VPOS="672" WIDTH="81" HEIGHT="21" WC="0.96" CONTENT="hvilka"/><SP WIDTH="17" VPOS="672" HPOS="153"/>
							<String ID="string_111" HPOS="170" VPOS="672" WIDTH="8" HEIGHT="20" WC="0.92" CONTENT="i"/><SP WIDTH="22" VPOS="672" HPOS="178"/>
							<String ID="string_112" HPOS="200" VPOS="671" WIDTH="133" HEIGHT="22" WC="0.90" CONTENT="förberörda"/><SP WIDTH="20" VPOS="671" HPOS="333"/>
							<String ID="string_113" HPOS="353" VPOS="671" WIDTH="61" HEIGHT="29" WC="0.96" CONTENT="syfte"/><SP WIDTH="20" VPOS="671" HPOS="414"/>
							<String ID="string_114" HPOS="434" VPOS="671" WIDTH="86" HEIGHT="22" WC="0.96" CONTENT="besöka"/><SP WIDTH="15" VPOS="671" HPOS="520"/>
							<String ID="string_115" HPOS="535" VPOS="671" WIDTH="150" HEIGHT="22" WC="0.93" CONTENT="Mariehamn."/><SP WIDTH="30" VPOS="671" HPOS="685"/>
							<String ID="string_116" HPOS="715" VPOS="670" WIDTH="112" HEIGHT="22" WC="0.92" CONTENT="Befrielse"/>
						</TextLine>
						<TextLine ID="line_16" HPOS="72" VPOS="705" WIDTH="755" HEIGHT="29">
							<String ID="string_117" HPOS="72" VPOS="706" WIDTH="52" HEIGHT="22" WC="0.93" CONTENT="från"/><SP WIDTH="15" VPOS="706" HPOS="124"/>
							<String ID="string_118" HPOS="139" VPOS="705" WIDTH="116" HEIGHT="29" WC="0.91" CONTENT="lotsafgift"/><SP WIDTH="15" VPOS="705" HPOS="255"/>
							<String ID="string_119" HPOS="270" VPOS="706" WIDTH="8" HEIGHT="21" WC="0.96" CONTENT="i"/><SP WIDTH="12" VPOS="706" HPOS="278"/>
							<String ID="string_120" HPOS="290" VPOS="706" WIDTH="28" HEIGHT="21" WC="0.96" CONTENT="de"/><SP WIDTH="11" VPOS="706" HPOS="318"/>
							<String ID="string_121" HPOS="329" VPOS="706" WIDTH="48" HEIGHT="27" WC="0.94" CONTENT="fall,"/><SP WIDTH="7" VPOS="706" HPOS="377"/>
							<String ID="string_122" HPOS="384" VPOS="706" WIDTH="41" HEIGHT="21" WC="0.94" CONTENT="der"/><SP WIDTH="10" VPOS="706" HPOS="425"/>
							<String ID="string_123" HPOS="435" VPOS="706" WIDTH="46" HEIGHT="22" WC="0.96" CONTENT="lots"/><SP WIDTH="8" VPOS="706" HPOS="481"/>
							<String ID="string_124" HPOS="489" VPOS="706" WIDTH="52" HEIGHT="22" WC="0.96" CONTENT="icke"/><SP WIDTH="9" VPOS="706" HPOS="541"/>
							<String ID="string_125" HPOS="550" VPOS="706" WIDTH="90" HEIGHT="27" WC="0.95" CONTENT="anlitas,"/><SP WIDTH="8" VPOS="706" HPOS="640"/>
							<String ID="string_126" HPOS="648" VPOS="706" WIDTH="71" HEIGHT="21" WC="0.96" CONTENT="borde"/><SP WIDTH="11" VPOS="706" HPOS="719"/>
							<String ID="string_127" HPOS="730" VPOS="705" WIDTH="97" HEIGHT="22" WC="0.95" CONTENT="sålunda"/>
						</TextLine>
						<TextLine ID="line_17" HPOS="72" VPOS="740" WIDTH="757" HEIGHT="29">
							<String ID="string_128" HPOS="72" VPOS="740" WIDTH="37" HEIGHT="22" WC="0.93" CONTENT="för"/><SP WIDTH="11" VPOS="740" HPOS="109"/>
							<String ID="string_129" HPOS="120" VPOS="740" WIDTH="64" HEIGHT="22" WC="0.92" CONTENT="desse"/><SP WIDTH="9" VPOS="740" HPOS="184"/>
							<String ID="string_130" HPOS="193" VPOS="740" WIDTH="135" HEIGHT="29" WC="0.89" CONTENT="medgifvas."/><SP WIDTH="16" VPOS="740" HPOS="328"/>
							<String ID="string_131" HPOS="344" VPOS="740" WIDTH="85" HEIGHT="29" WC="0.96" CONTENT="Någon"/><SP WIDTH="10" VPOS="740" HPOS="429"/>
							<String ID="string_132" HPOS="439" VPOS="740" WIDTH="130" HEIGHT="22" WC="0.96" CONTENT="nämnvärd"/><SP WIDTH="10" VPOS="740" HPOS="569"/>
							<String ID="string_133" HPOS="579" VPOS="740" WIDTH="134" HEIGHT="29" WC="0.96" CONTENT="minskning"/><SP WIDTH="11" VPOS="740" HPOS="713"/>
							<String ID="string_134" HPOS="724" VPOS="740" WIDTH="8" HEIGHT="21" WC="0.92" CONTENT="i"/><SP WIDTH="15" VPOS="740" HPOS="732"/>
							<String ID="string_135" HPOS="747" VPOS="740" WIDTH="82" HEIGHT="21" WC="0.92" CONTENT="lotsar-"/>
						</TextLine>
						<TextLine ID="line_18" HPOS="72" VPOS="774" WIDTH="759" HEIGHT="30">
							<String ID="string_136" HPOS="72" VPOS="782" WIDTH="41" HEIGHT="14" WC="0.96" CONTENT="nes"/><SP WIDTH="22" VPOS="782" HPOS="113"/>
							<String ID="string_137" HPOS="135" VPOS="775" WIDTH="126" HEIGHT="22" WC="0.95" CONTENT="inkomster"/><SP WIDTH="22" VPOS="775" HPOS="261"/>
							<String ID="string_138" HPOS="283" VPOS="775" WIDTH="66" HEIGHT="21" WC="0.95" CONTENT="torde"/><SP WIDTH="25" VPOS="775" HPOS="349"/>
							<String ID="string_139" HPOS="374" VPOS="775" WIDTH="75" HEIGHT="29" WC="0.96" CONTENT="enligt"/><SP WIDTH="14" VPOS="775" HPOS="449"/>
							<String ID="string_140" HPOS="463" VPOS="776" WIDTH="133" HEIGHT="22" WC="0.96" CONTENT="Utskottets"/><SP WIDTH="15" VPOS="776" HPOS="596"/>
							<String ID="string_141" HPOS="611" VPOS="776" WIDTH="70" HEIGHT="21" WC="0.96" CONTENT="tanke"/><SP WIDTH="15" VPOS="776" HPOS="681"/>
							<String ID="string_142" HPOS="696" VPOS="775" WIDTH="51" HEIGHT="21" WC="0.96" CONTENT="icke"/><SP WIDTH="15" VPOS="775" HPOS="747"/>
							<String ID="string_143" HPOS="762" VPOS="774" WIDTH="69" HEIGHT="22" WC="0.96" CONTENT="häraf"/>
						</TextLine>
						<TextLine ID="line_19" HPOS="74" VPOS="809" WIDTH="755" HEIGHT="27">
							<String ID="string_144" HPOS="74" VPOS="809" WIDTH="98" HEIGHT="22" WC="0.90" CONTENT="behöfva"/><SP WIDTH="22" VPOS="809" HPOS="172"/>
							<String ID="string_145" HPOS="194" VPOS="809" WIDTH="95" HEIGHT="27" WC="0.96" CONTENT="befaras,"/><SP WIDTH="24" VPOS="809" HPOS="289"/>
							<String ID="string_146" HPOS="313" VPOS="809" WIDTH="29" HEIGHT="21" WC="0.96" CONTENT="då"/><SP WIDTH="19" VPOS="809" HPOS="342"/>
							<String ID="string_147" HPOS="361" VPOS="809" WIDTH="150" HEIGHT="27" WC="0.96" CONTENT="främmande,"/><SP WIDTH="16" VPOS="809" HPOS="511"/>
							<String ID="string_148" HPOS="527" VPOS="810" WIDTH="53" HEIGHT="21" WC="0.96" CONTENT="med"/><SP WIDTH="14" VPOS="810" HPOS="580"/>
							<String ID="string_149" HPOS="594" VPOS="810" WIDTH="104" HEIGHT="21" WC="0.96" CONTENT="farleden"/><SP WIDTH="15" VPOS="810" HPOS="698"/>
							<String ID="string_150" HPOS="713" VPOS="809" WIDTH="116" HEIGHT="22" WC="0.96" CONTENT="obekanta"/>
						</TextLine>
						<TextLine ID="line_20" HPOS="72" VPOS="844" WIDTH="756" HEIGHT="29">
							<String ID="string_151" HPOS="72" VPOS="844" WIDTH="79" HEIGHT="28" WC="0.96" CONTENT="fartyg"/><SP WIDTH="16" VPOS="844" HPOS="151"/>
							<String ID="string_152" HPOS="167" VPOS="844" WIDTH="58" HEIGHT="21" WC="0.97" CONTENT="dock"/><SP WIDTH="14" VPOS="844" HPOS="225"/>
							<String ID="string_153" HPOS="239" VPOS="844" WIDTH="143" HEIGHT="21" WC="0.96" CONTENT="fortfarande"/><SP WIDTH="16" VPOS="844" HPOS="382"/>
							<String ID="string_154" HPOS="398" VPOS="844" WIDTH="7" HEIGHT="21" WC="0.96" CONTENT="i"/><SP WIDTH="15" VPOS="844" HPOS="405"/>
							<String ID="string_155" HPOS="420" VPOS="844" WIDTH="82" HEIGHT="29" WC="0.96" CONTENT="hvarje"/><SP WIDTH="15" VPOS="844" HPOS="502"/>
							<String ID="string_156" HPOS="517" VPOS="844" WIDTH="110" HEIGHT="22" WC="0.96" CONTENT="händelse"/><SP WIDTH="15" VPOS="844" HPOS="627"/>
							<String ID="string_157" HPOS="642" VPOS="844" WIDTH="91" HEIGHT="22" WC="0.96" CONTENT="komme"/><SP WIDTH="11" VPOS="844" HPOS="733"/>
							<String ID="string_158" HPOS="744" VPOS="846" WIDTH="35" HEIGHT="19" WC="0.92" CONTENT="att"/><SP WIDTH="10" VPOS="846" HPOS="779"/>
							<String ID="string_159" HPOS="789" VPOS="851" WIDTH="39" HEIGHT="13" WC="0.90" CONTENT="an-"/>
						</TextLine>
						<TextLine ID="line_21" HPOS="72" VPOS="878" WIDTH="755" HEIGHT="28">
							<String ID="string_160" HPOS="72" VPOS="878" WIDTH="42" HEIGHT="21" WC="0.96" CONTENT="lita"/><SP WIDTH="15" VPOS="878" HPOS="114"/>
							<String ID="string_161" HPOS="129" VPOS="878" WIDTH="51" HEIGHT="24" WC="0.96" CONTENT="lots,"/><SP WIDTH="19" VPOS="878" HPOS="180"/>
							<String ID="string_162" HPOS="199" VPOS="878" WIDTH="42" HEIGHT="22" WC="0.96" CONTENT="och"/><SP WIDTH="16" VPOS="878" HPOS="241"/>
							<String ID="string_163" HPOS="257" VPOS="878" WIDTH="71" HEIGHT="28" WC="0.96" CONTENT="dessa,"/><SP WIDTH="16" VPOS="878" HPOS="328"/>
							<String ID="string_164" HPOS="344" VPOS="878" WIDTH="37" HEIGHT="22" WC="0.93" CONTENT="till"/><SP WIDTH="16" VPOS="878" HPOS="381"/>
							<String ID="string_165" HPOS="397" VPOS="878" WIDTH="72" HEIGHT="22" WC="0.92" CONTENT="ökadt"/><SP WIDTH="14" VPOS="878" HPOS="469"/>
							<String ID="string_166" HPOS="483" VPOS="879" WIDTH="64" HEIGHT="21" WC="0.96" CONTENT="antal"/><SP WIDTH="15" VPOS="879" HPOS="547"/>
							<String ID="string_167" HPOS="562" VPOS="878" WIDTH="163" HEIGHT="22" WC="0.95" CONTENT="inkommande"/><SP WIDTH="16" VPOS="878" HPOS="725"/>
							<String ID="string_168" HPOS="741" VPOS="878" WIDTH="86" HEIGHT="28" WC="0.96" CONTENT="fartyg,"/>
						</TextLine>
						<TextLine ID="line_22" HPOS="72" VPOS="912" WIDTH="756" HEIGHT="29">
							<String ID="string_169" HPOS="72" VPOS="912" WIDTH="136" HEIGHT="29" WC="0.91" CONTENT="påtagligen"/><SP WIDTH="19" VPOS="912" HPOS="208"/>
							<String ID="string_170" HPOS="227" VPOS="912" WIDTH="90" HEIGHT="22" WC="0.96" CONTENT="komme"/><SP WIDTH="22" VPOS="912" HPOS="317"/>
							<String ID="string_171" HPOS="339" VPOS="915" WIDTH="35" HEIGHT="19" WC="0.96" CONTENT="att"/><SP WIDTH="14" VPOS="915" HPOS="374"/>
							<String ID="string_172" HPOS="388" VPOS="912" WIDTH="78" HEIGHT="22" WC="0.92" CONTENT="lemna"/><SP WIDTH="15" VPOS="912" HPOS="466"/>
							<String ID="string_173" HPOS="481" VPOS="913" WIDTH="102" HEIGHT="22" WC="0.92" CONTENT="lotsarne"/><SP WIDTH="15" VPOS="913" HPOS="583"/>
							<String ID="string_174" HPOS="598" VPOS="913" WIDTH="55" HEIGHT="21" WC="0.95" CONTENT="fullt"/><SP WIDTH="14" VPOS="913" HPOS="653"/>
							<String ID="string_175" HPOS="667" VPOS="913" WIDTH="110" HEIGHT="28" WC="0.95" CONTENT="vederlag"/><SP WIDTH="15" VPOS="913" HPOS="777"/>
							<String ID="string_176" HPOS="792" VPOS="912" WIDTH="36" HEIGHT="22" WC="0.96" CONTENT="för"/>
						</TextLine>
						<TextLine ID="line_23" HPOS="72" VPOS="947" WIDTH="756" HEIGHT="29">
							<String ID="string_177" HPOS="72" VPOS="947" WIDTH="45" HEIGHT="22" WC="0.96" CONTENT="den"/><SP WIDTH="22" VPOS="947" HPOS="117"/>
							<String ID="string_178" HPOS="139" VPOS="947" WIDTH="134" HEIGHT="28" WC="0.95" CONTENT="minskning"/><SP WIDTH="23" VPOS="947" HPOS="273"/>
							<String ID="string_179" HPOS="296" VPOS="947" WIDTH="8" HEIGHT="21" WC="0.96" CONTENT="i"/><SP WIDTH="22" VPOS="947" HPOS="304"/>
							<String ID="string_180" HPOS="326" VPOS="947" WIDTH="109" HEIGHT="28" WC="0.96" CONTENT="inkomst,"/><SP WIDTH="23" VPOS="947" HPOS="435"/>
							<String ID="string_181" HPOS="458" VPOS="947" WIDTH="167" HEIGHT="29" WC="0.96" CONTENT="förändringen"/><SP WIDTH="23" VPOS="947" HPOS="625"/>
							<String ID="string_182" HPOS="648" VPOS="955" WIDTH="83" HEIGHT="14" WC="0.96" CONTENT="annars"/><SP WIDTH="20" VPOS="955" HPOS="731"/>
							<String ID="string_183" HPOS="751" VPOS="947" WIDTH="77" HEIGHT="22" WC="0.96" CONTENT="kunde"/>
						</TextLine>
						<TextLine ID="line_24" HPOS="72" VPOS="981" WIDTH="756" HEIGHT="29">
							<String ID="string_184" HPOS="72" VPOS="981" WIDTH="109" HEIGHT="22" WC="0.92" CONTENT="medföra."/><SP WIDTH="30" VPOS="981" HPOS="181"/>
							<String ID="string_185" HPOS="211" VPOS="982" WIDTH="56" HEIGHT="27" WC="0.91" CONTENT="Fyr-"/><SP WIDTH="18" VPOS="982" HPOS="267"/>
							<String ID="string_186" HPOS="285" VPOS="981" WIDTH="43" HEIGHT="22" WC="0.92" CONTENT="och"/><SP WIDTH="18" VPOS="981" HPOS="328"/>
							<String ID="string_187" HPOS="346" VPOS="981" WIDTH="118" HEIGHT="29" WC="0.91" CONTENT="båkafgift"/><SP WIDTH="15" VPOS="981" HPOS="464"/>
							<String ID="string_188" HPOS="479" VPOS="982" WIDTH="71" HEIGHT="21" WC="0.96" CONTENT="borde"/><SP WIDTH="15" VPOS="982" HPOS="550"/>
							<String ID="string_189" HPOS="565" VPOS="983" WIDTH="51" HEIGHT="20" WC="0.96" CONTENT="icke"/><SP WIDTH="15" VPOS="983" HPOS="616"/>
							<String ID="string_190" HPOS="631" VPOS="982" WIDTH="72" HEIGHT="21" WC="0.96" CONTENT="heller"/><SP WIDTH="14" VPOS="982" HPOS="703"/>
							<String ID="string_191" HPOS="717" VPOS="982" WIDTH="37" HEIGHT="21" WC="0.96" CONTENT="för"/><SP WIDTH="15" VPOS="982" HPOS="754"/>
							<String ID="string_192" HPOS="769" VPOS="982" WIDTH="59" HEIGHT="21" WC="0.95" CONTENT="slike"/>
						</TextLine>
						<TextLine ID="line_25" HPOS="72" VPOS="1016" WIDTH="756" HEIGHT="29">
							<String ID="string_193" HPOS="72" VPOS="1016" WIDTH="201" HEIGHT="22" WC="0.90" CONTENT="hamnbesökande"/><SP WIDTH="21" VPOS="1016" HPOS="273"/>
							<String ID="string_194" HPOS="294" VPOS="1016" WIDTH="121" HEIGHT="29" WC="0.90" CONTENT="uppbäras,"/><SP WIDTH="23" VPOS="1016" HPOS="415"/>
							<String ID="string_195" HPOS="438" VPOS="1017" WIDTH="49" HEIGHT="21" WC="0.96" CONTENT="lika"/><SP WIDTH="14" VPOS="1017" HPOS="487"/>
							<String ID="string_196" HPOS="501" VPOS="1017" WIDTH="54" HEIGHT="21" WC="0.96" CONTENT="litet"/><SP WIDTH="15" VPOS="1017" HPOS="555"/>
							<String ID="string_197" HPOS="570" VPOS="1025" WIDTH="48" HEIGHT="14" WC="0.96" CONTENT="som"/><SP WIDTH="16" VPOS="1025" HPOS="618"/>
							<String ID="string_198" HPOS="634" VPOS="1017" WIDTH="28" HEIGHT="21" WC="0.96" CONTENT="de"/><SP WIDTH="14" VPOS="1017" HPOS="662"/>
							<String ID="string_199" HPOS="676" VPOS="1017" WIDTH="73" HEIGHT="21" WC="0.93" CONTENT="under"/><SP WIDTH="16" VPOS="1017" HPOS="749"/>
							<String ID="string_200" HPOS="765" VPOS="1024" WIDTH="63" HEIGHT="14" WC="0.91" CONTENT="nam-"/>
						</TextLine>
						<TextLine ID="line_26" HPOS="71" VPOS="1051" WIDTH="757" HEIGHT="29">
							<String ID="string_201" HPOS="71" VPOS="1053" WIDTH="41" HEIGHT="19" WC="0.90" CONTENT="net"/><SP WIDTH="22" VPOS="1053" HPOS="112"/>
							<String ID="string_202" HPOS="134" VPOS="1051" WIDTH="260" HEIGHT="28" WC="0.90" CONTENT="tullexpeditionsafgift"/><SP WIDTH="14" VPOS="1051" HPOS="394"/>
							<String ID="string_203" HPOS="408" VPOS="1051" WIDTH="118" HEIGHT="29" WC="0.93" CONTENT="utgående"/><SP WIDTH="15" VPOS="1051" HPOS="526"/>
							<String ID="string_204" HPOS="541" VPOS="1051" WIDTH="157" HEIGHT="29" WC="0.87" CONTENT="umgälderna."/><SP WIDTH="31" VPOS="1051" HPOS="698"/>
							<String ID="string_205" HPOS="729" VPOS="1051" WIDTH="99" HEIGHT="29" WC="0.87" CONTENT="Sjelffal-"/>
						</TextLine>
						<TextLine ID="line_27" HPOS="71" VPOS="1085" WIDTH="757" HEIGHT="29">
							<String ID="string_206" HPOS="71" VPOS="1085" WIDTH="33" HEIGHT="21" WC="0.95" CONTENT="let"/><SP WIDTH="22" VPOS="1085" HPOS="104"/>
							<String ID="string_207" HPOS="126" VPOS="1092" WIDTH="68" HEIGHT="21" WC="0.91" CONTENT="synes"/><SP WIDTH="23" VPOS="1092" HPOS="194"/>
							<String ID="string_208" HPOS="217" VPOS="1085" WIDTH="116" HEIGHT="29" WC="0.91" CONTENT="derjemte,"/><SP WIDTH="16" VPOS="1085" HPOS="333"/>
							<String ID="string_209" HPOS="349" VPOS="1088" WIDTH="35" HEIGHT="19" WC="0.96" CONTENT="att"/><SP WIDTH="15" VPOS="1088" HPOS="384"/>
							<String ID="string_210" HPOS="399" VPOS="1086" WIDTH="155" HEIGHT="21" WC="0.96" CONTENT="Mariehamns"/><SP WIDTH="16" VPOS="1086" HPOS="554"/>
							<String ID="string_211" HPOS="570" VPOS="1087" WIDTH="109" HEIGHT="21" WC="0.95" CONTENT="kommun"/><SP WIDTH="15" VPOS="1087" HPOS="679"/>
							<String ID="string_212" HPOS="694" VPOS="1086" WIDTH="9" HEIGHT="21" WC="0.96" CONTENT="i"/><SP WIDTH="14" VPOS="1086" HPOS="703"/>
							<String ID="string_213" HPOS="717" VPOS="1085" WIDTH="111" HEIGHT="22" WC="0.96" CONTENT="händelse"/>
						</TextLine>
						<TextLine ID="line_28" HPOS="72" VPOS="1119" WIDTH="757" HEIGHT="30">
							<String ID="string_214" HPOS="72" VPOS="1119" WIDTH="26" HEIGHT="22" WC="0.96" CONTENT="af"/><SP WIDTH="20" VPOS="1119" HPOS="98"/>
							<String ID="string_215" HPOS="118" VPOS="1119" WIDTH="66" HEIGHT="22" WC="0.96" CONTENT="dessa"/><SP WIDTH="20" VPOS="1119" HPOS="184"/>
							<String ID="string_216" HPOS="204" VPOS="1119" WIDTH="116" HEIGHT="22" WC="0.93" CONTENT="allmänna"/><SP WIDTH="15" VPOS="1119" HPOS="320"/>
							<String ID="string_217" HPOS="335" VPOS="1119" WIDTH="106" HEIGHT="30" WC="0.91" CONTENT="afgifters"/><SP WIDTH="17" VPOS="1119" HPOS="441"/>
							<String ID="string_218" HPOS="458" VPOS="1120" WIDTH="127" HEIGHT="29" WC="0.91" CONTENT="aflyftande"/><SP WIDTH="16" VPOS="1120" HPOS="585"/>
							<String ID="string_219" HPOS="601" VPOS="1121" WIDTH="70" HEIGHT="21" WC="0.96" CONTENT="borde"/><SP WIDTH="15" VPOS="1121" HPOS="671"/>
							<String ID="string_220" HPOS="686" VPOS="1121" WIDTH="143" HEIGHT="21" WC="0.96" CONTENT="tillförsäkra"/>
						</TextLine>
						<TextLine ID="line_29" HPOS="71" VPOS="1153" WIDTH="757" HEIGHT="30">
							<String ID="string_221" HPOS="71" VPOS="1154" WIDTH="80" HEIGHT="29" WC="0.96" CONTENT="fartyg"/><SP WIDTH="15" VPOS="1154" HPOS="151"/>
							<String ID="string_222" HPOS="166" VPOS="1153" WIDTH="26" HEIGHT="22" WC="0.93" CONTENT="af"/><SP WIDTH="12" VPOS="1153" HPOS="192"/>
							<String ID="string_223" HPOS="204" VPOS="1153" WIDTH="133" HEIGHT="22" WC="0.91" CONTENT="förberörda"/><SP WIDTH="15" VPOS="1153" HPOS="337"/>
							<String ID="string_224" HPOS="352" VPOS="1154" WIDTH="131" HEIGHT="29" WC="0.96" CONTENT="kategorier"/><SP WIDTH="16" VPOS="1154" HPOS="483"/>
							<String ID="string_225" HPOS="499" VPOS="1155" WIDTH="43" HEIGHT="21" WC="0.96" CONTENT="full"/><SP WIDTH="15" VPOS="1155" HPOS="542"/>
							<String ID="string_226" HPOS="557" VPOS="1155" WIDTH="71" HEIGHT="21" WC="0.96" CONTENT="frihet"/><SP WIDTH="14" VPOS="1155" HPOS="628"/>
							<String ID="string_227" HPOS="642" VPOS="1155" WIDTH="53" HEIGHT="22" WC="0.96" CONTENT="från"/><SP WIDTH="15" VPOS="1155" HPOS="695"/>
							<String ID="string_228" HPOS="710" VPOS="1155" WIDTH="46" HEIGHT="22" WC="0.93" CONTENT="alla"/><SP WIDTH="8" VPOS="1155" HPOS="756"/>
							<String ID="string_229" HPOS="764" VPOS="1155" WIDTH="64" HEIGHT="21" WC="0.92" CONTENT="kom-"/>
						</TextLine>
						<TextLine ID="line_30" HPOS="72" VPOS="1188" WIDTH="204" HEIGHT="29">
							<String ID="string_230" HPOS="72" VPOS="1188" WIDTH="93" HEIGHT="22" WC="0.87" CONTENT="munala"/><SP WIDTH="14" VPOS="1188" HPOS="165"/>
							<String ID="string_231" HPOS="179" VPOS="1189" WIDTH="97" HEIGHT="28" WC="0.91" CONTENT="utlagor."/>
						</TextLine>
					</TextBlock>
					<TextBlock ID="block_3" HPOS="71" VPOS="1222" WIDTH="759" HEIGHT="270">
						<TextLine ID="line_31" HPOS="142" VPOS="1222" WIDTH="687" HEIGHT="29">
							<String ID="string_232" HPOS="142" VPOS="1222" WIDTH="53" HEIGHT="22" WC="0.95" CONTENT="Med"/><SP WIDTH="23" VPOS="1222" HPOS="195"/>
							<String ID="string_233" HPOS="218" VPOS="1223" WIDTH="107" HEIGHT="21" WC="0.93" CONTENT="afseende"/><SP WIDTH="23" VPOS="1223" HPOS="325"/>
							<String ID="string_234" HPOS="348" VPOS="1223" WIDTH="13" HEIGHT="21" WC="0.91" CONTENT="å"/><SP WIDTH="19" VPOS="1223" HPOS="361"/>
							<String ID="string_235" HPOS="380" VPOS="1222" WIDTH="45" HEIGHT="22" WC="0.96" CONTENT="den"/><SP WIDTH="16" VPOS="1222" HPOS="425"/>
							<String ID="string_236" HPOS="441" VPOS="1223" WIDTH="75" HEIGHT="21" WC="0.96" CONTENT="ökade"/><SP WIDTH="16" VPOS="1223" HPOS="516"/>
							<String ID="string_237" HPOS="532" VPOS="1223" WIDTH="74" HEIGHT="28" WC="0.96" CONTENT="trafik,"/><SP WIDTH="16" VPOS="1223" HPOS="606"/>
							<String ID="string_238" HPOS="622" VPOS="1231" WIDTH="49" HEIGHT="14" WC="0.96" CONTENT="som"/><SP WIDTH="16" VPOS="1231" HPOS="671"/>
							<String ID="string_239" HPOS="687" VPOS="1223" WIDTH="26" HEIGHT="22" WC="0.96" CONTENT="af"/><SP WIDTH="12" VPOS="1223" HPOS="713"/>
							<String ID="string_240" HPOS="725" VPOS="1224" WIDTH="28" HEIGHT="21" WC="0.93" CONTENT="de"/><SP WIDTH="16" VPOS="1224" HPOS="753"/>
							<String ID="string_241" HPOS="769" VPOS="1223" WIDTH="60" HEIGHT="22" WC="0.92" CONTENT="före-"/>
						</TextLine>
						<TextLine ID="line_32" HPOS="71" VPOS="1257" WIDTH="758" HEIGHT="29">
							<String ID="string_242" HPOS="71" VPOS="1257" WIDTH="82" HEIGHT="29" WC="0.96" CONTENT="slagna"/><SP WIDTH="22" VPOS="1257" HPOS="153"/>
							<String ID="string_243" HPOS="175" VPOS="1257" WIDTH="138" HEIGHT="28" WC="0.95" CONTENT="åtgärderna"/><SP WIDTH="14" VPOS="1257" HPOS="313"/>
							<String ID="string_244" HPOS="327" VPOS="1257" WIDTH="78" HEIGHT="21" WC="0.96" CONTENT="kunde"/><SP WIDTH="14" VPOS="1257" HPOS="405"/>
							<String ID="string_245" HPOS="419" VPOS="1257" WIDTH="66" HEIGHT="29" WC="0.96" CONTENT="följa,"/><SP WIDTH="15" VPOS="1257" HPOS="485"/>
							<String ID="string_246" HPOS="500" VPOS="1257" WIDTH="47" HEIGHT="22" WC="0.96" CONTENT="kan"/><SP WIDTH="15" VPOS="1257" HPOS="547"/>
							<String ID="string_247" HPOS="562" VPOS="1258" WIDTH="114" HEIGHT="21" WC="0.96" CONTENT="utskottet"/><SP WIDTH="14" VPOS="1258" HPOS="676"/>
							<String ID="string_248" HPOS="690" VPOS="1258" WIDTH="51" HEIGHT="21" WC="0.96" CONTENT="icke"/><SP WIDTH="15" VPOS="1258" HPOS="741"/>
							<String ID="string_249" HPOS="756" VPOS="1258" WIDTH="73" HEIGHT="21" WC="0.95" CONTENT="heller"/>
						</TextLine>
						<TextLine ID="line_33" HPOS="71" VPOS="1291" WIDTH="758" HEIGHT="30">
							<String ID="string_250" HPOS="71" VPOS="1291" WIDTH="151" HEIGHT="22" WC="0.96" CONTENT="underskatta"/><SP WIDTH="14" VPOS="1291" HPOS="222"/>
							<String ID="string_251" HPOS="236" VPOS="1291" WIDTH="135" HEIGHT="29" WC="0.96" CONTENT="betydelsen"/><SP WIDTH="16" VPOS="1291" HPOS="371"/>
							<String ID="string_252" HPOS="387" VPOS="1291" WIDTH="26" HEIGHT="22" WC="0.96" CONTENT="af"/><SP WIDTH="12" VPOS="1291" HPOS="413"/>
							<String ID="string_253" HPOS="425" VPOS="1291" WIDTH="129" HEIGHT="30" WC="0.96" CONTENT="behörigen"/><SP WIDTH="15" VPOS="1291" HPOS="554"/>
							<String ID="string_254" HPOS="569" VPOS="1292" WIDTH="76" HEIGHT="29" WC="0.93" CONTENT="belyst"/><SP WIDTH="15" VPOS="1292" HPOS="645"/>
							<String ID="string_255" HPOS="660" VPOS="1293" WIDTH="169" HEIGHT="28" WC="0.92" CONTENT="inseglingsled"/>
						</TextLine>
						<TextLine ID="line_34" HPOS="72" VPOS="1325" WIDTH="757" HEIGHT="31">
							<String ID="string_256" HPOS="72" VPOS="1326" WIDTH="36" HEIGHT="22" WC="0.96" CONTENT="till"/><SP WIDTH="15" VPOS="1326" HPOS="108"/>
							<String ID="string_257" HPOS="123" VPOS="1325" WIDTH="150" HEIGHT="22" WC="0.95" CONTENT="Mariehamn."/><SP WIDTH="26" VPOS="1325" HPOS="273"/>
							<String ID="string_258" HPOS="299" VPOS="1326" WIDTH="70" HEIGHT="21" WC="0.96" CONTENT="Klart"/><SP WIDTH="16" VPOS="1326" HPOS="369"/>
							<String ID="string_259" HPOS="385" VPOS="1329" WIDTH="24" HEIGHT="18" WC="0.96" CONTENT="är"/><SP WIDTH="16" VPOS="1329" HPOS="409"/>
							<String ID="string_260" HPOS="425" VPOS="1326" WIDTH="129" HEIGHT="22" WC="0.96" CONTENT="emellertid"/><SP WIDTH="11" VPOS="1326" HPOS="554"/>
							<String ID="string_261" HPOS="565" VPOS="1329" WIDTH="35" HEIGHT="19" WC="0.96" CONTENT="att"/><SP WIDTH="10" VPOS="1329" HPOS="600"/>
							<String ID="string_262" HPOS="610" VPOS="1327" WIDTH="72" HEIGHT="21" WC="0.93" CONTENT="sådan"/><SP WIDTH="10" VPOS="1327" HPOS="682"/>
							<String ID="string_263" HPOS="692" VPOS="1327" WIDTH="137" HEIGHT="29" WC="0.92" CONTENT="belysnings"/>
						</TextLine>
						<TextLine ID="line_35" HPOS="71" VPOS="1360" WIDTH="758" HEIGHT="31">
							<String ID="string_264" HPOS="71" VPOS="1361" WIDTH="111" HEIGHT="29" WC="0.96" CONTENT="lämpliga"/><SP WIDTH="9" VPOS="1361" HPOS="182"/>
							<String ID="string_265" HPOS="191" VPOS="1360" WIDTH="148" HEIGHT="22" WC="0.95" CONTENT="anordnande"/><SP WIDTH="15" VPOS="1360" HPOS="339"/>
							<String ID="string_266" HPOS="354" VPOS="1361" WIDTH="139" HEIGHT="21" WC="0.96" CONTENT="förutsätter"/><SP WIDTH="10" VPOS="1361" HPOS="493"/>
							<String ID="string_267" HPOS="503" VPOS="1369" WIDTH="29" HEIGHT="13" WC="0.96" CONTENT="en"/><SP WIDTH="10" VPOS="1369" HPOS="532"/>
							<String ID="string_268" HPOS="542" VPOS="1365" WIDTH="105" HEIGHT="18" WC="0.96" CONTENT="närmare"/><SP WIDTH="10" VPOS="1365" HPOS="647"/>
							<String ID="string_269" HPOS="657" VPOS="1361" WIDTH="172" HEIGHT="30" WC="0.96" CONTENT="undersökning"/>
						</TextLine>
						<TextLine ID="line_36" HPOS="72" VPOS="1395" WIDTH="757" HEIGHT="29">
							<String ID="string_270" HPOS="72" VPOS="1395" WIDTH="26" HEIGHT="22" WC="0.95" CONTENT="af"/><SP WIDTH="13" VPOS="1395" HPOS="98"/>
							<String ID="string_271" HPOS="111" VPOS="1395" WIDTH="110" HEIGHT="24" WC="0.93" CONTENT="farleden,"/><SP WIDTH="10" VPOS="1395" HPOS="221"/>
							<String ID="string_272" HPOS="231" VPOS="1395" WIDTH="91" HEIGHT="21" WC="0.91" CONTENT="hvadan"/><SP WIDTH="16" VPOS="1395" HPOS="322"/>
							<String ID="string_273" HPOS="338" VPOS="1396" WIDTH="43" HEIGHT="20" WC="0.96" CONTENT="ock"/><SP WIDTH="15" VPOS="1396" HPOS="381"/>
							<String ID="string_274" HPOS="396" VPOS="1396" WIDTH="147" HEIGHT="28" WC="0.95" CONTENT="granskning"/><SP WIDTH="15" VPOS="1396" HPOS="543"/>
							<String ID="string_275" HPOS="558" VPOS="1396" WIDTH="24" HEIGHT="21" WC="0.93" CONTENT="af"/><SP WIDTH="14" VPOS="1396" HPOS="582"/>
							<String ID="string_276" HPOS="596" VPOS="1396" WIDTH="166" HEIGHT="28" WC="0.91" CONTENT="petitionärens"/><SP WIDTH="15" VPOS="1396" HPOS="762"/>
							<String ID="string_277" HPOS="777" VPOS="1396" WIDTH="52" HEIGHT="22" WC="0.91" CONTENT="här-"/>
						</TextLine>
						<TextLine ID="line_37" HPOS="73" VPOS="1429" WIDTH="757" HEIGHT="29">
							<String ID="string_278" HPOS="73" VPOS="1430" WIDTH="100" HEIGHT="21" WC="0.88" CONTENT="utinnan"/><SP WIDTH="22" VPOS="1430" HPOS="173"/>
							<String ID="string_279" HPOS="195" VPOS="1429" WIDTH="136" HEIGHT="22" WC="0.88" CONTENT="framstälda"/><SP WIDTH="21" VPOS="1429" HPOS="331"/>
							<String ID="string_280" HPOS="352" VPOS="1429" WIDTH="89" HEIGHT="29" WC="0.96" CONTENT="förslag"/><SP WIDTH="19" VPOS="1429" HPOS="441"/>
							<String ID="string_281" HPOS="460" VPOS="1430" WIDTH="62" HEIGHT="22" WC="0.96" CONTENT="inom"/><SP WIDTH="16" VPOS="1430" HPOS="522"/>
							<String ID="string_282" HPOS="538" VPOS="1430" WIDTH="121" HEIGHT="22" WC="0.96" CONTENT="Utskottet"/><SP WIDTH="14" VPOS="1430" HPOS="659"/>
							<String ID="string_283" HPOS="673" VPOS="1430" WIDTH="51" HEIGHT="22" WC="0.96" CONTENT="icke"/><SP WIDTH="15" VPOS="1430" HPOS="724"/>
							<String ID="string_284" HPOS="739" VPOS="1431" WIDTH="91" HEIGHT="21" WC="0.96" CONTENT="kunnat"/>
						</TextLine>
						<TextLine ID="line_38" HPOS="73" VPOS="1464" WIDTH="757" HEIGHT="28">
							<String ID="string_285" HPOS="73" VPOS="1464" WIDTH="168" HEIGHT="28" WC="0.91" CONTENT="ifrågakomma"/><SP WIDTH="15" VPOS="1464" HPOS="241"/>
							<String ID="string_286" HPOS="256" VPOS="1464" WIDTH="9" HEIGHT="21" WC="0.96" CONTENT="i"/><SP WIDTH="15" VPOS="1464" HPOS="265"/>
							<String ID="string_287" HPOS="280" VPOS="1471" WIDTH="77" HEIGHT="14" WC="0.96" CONTENT="annan"/><SP WIDTH="16" VPOS="1471" HPOS="357"/>
							<String ID="string_288" HPOS="373" VPOS="1472" WIDTH="60" HEIGHT="19" WC="0.95" CONTENT="mon,"/><SP WIDTH="18" VPOS="1472" HPOS="433"/>
							<String ID="string_289" HPOS="451" VPOS="1468" WIDTH="30" HEIGHT="18" WC="0.96" CONTENT="än"/><SP WIDTH="16" VPOS="1468" HPOS="481"/>
							<String ID="string_290" HPOS="497" VPOS="1467" WIDTH="35" HEIGHT="19" WC="0.96" CONTENT="att"/><SP WIDTH="9" VPOS="1467" HPOS="532"/>
							<String ID="string_291" HPOS="541" VPOS="1464" WIDTH="121" HEIGHT="22" WC="0.96" CONTENT="Utskottet"/><SP WIDTH="11" VPOS="1464" HPOS="662"/>
							<String ID="string_292" HPOS="673" VPOS="1465" WIDTH="52" HEIGHT="21" WC="0.93" CONTENT="sökt"/><SP WIDTH="10" VPOS="1465" HPOS="725"/>
							<String ID="string_293" HPOS="735" VPOS="1466" WIDTH="95" HEIGHT="21" WC="0.91" CONTENT="konsta-"/>
						</TextLine>
					</TextBlock>
					<TextBlock ID="block_4" HPOS="141" VPOS="1503" WIDTH="500" HEIGHT="19">
						<TextLine ID="line_39" HPOS="141" VPOS="1503" WIDTH="500" HEIGHT="19">
							<String ID="string_294" HPOS="141" VPOS="1503" WIDTH="103" HEIGHT="18" WC="0.93" CONTENT="Allmänna"/><SP WIDTH="12" VPOS="1503" HPOS="244"/>
							<String ID="string_295" HPOS="256" VPOS="1504" WIDTH="177" HEIGHT="18" WC="0.92" CONTENT="Besvärsutskottets"/><SP WIDTH="14" VPOS="1504" HPOS="433"/>
							<String ID="string_296" HPOS="447" VPOS="1504" WIDTH="117" HEIGHT="18" WC="0.96" CONTENT="betänkande"/><SP WIDTH="14" VPOS="1504" HPOS="564"/>
							<String ID="string_297" HPOS="578" VPOS="1506" WIDTH="34" HEIGHT="16" WC="0.91" CONTENT="N:o"/><SP WIDTH="13" VPOS="1506" HPOS="612"/>
							<String ID="string_298" HPOS="625" VPOS="1504" WIDTH="16" HEIGHT="18" WC="0.96" CONTENT="6."/>
						</TextLine>
					</TextBlock>
				</ComposedBlock>
			</PrintSpace>
		</Page>
	</Layout>
</alto>
