1048 1731
242 124 23 19 10
393 121 273 23 Petitionsbetänkande
683 121 38 22 N:o
737 121 34 22 27.

212 184 76 21 denna
303 183 66 22 skola
384 183 46 22 den
447 184 26 21 19
489 183 137 28 September
642 190 55 21 nyss
713 183 85 21 nämda
814 183 25 21 år
855 183 36 21 sin
902 184 66 21 verk-

211 212 89 22 samhet
320 212 53 21 med
396 219 29 14 en
448 212 69 22 klass.
548 212 106 22 Emedan
674 211 40 22 det
733 211 186 29 kunskapsmått,
939 219 29 14 en

210 241 130 28 fyrklassig
355 240 66 21 skola
436 240 126 26 meddelar,
578 241 76 21 likväl
668 240 43 22 har
719 242 89 19 ansetts
820 240 69 21 altför
901 240 67 21 ofull-

210 269 113 28 ständigt,
347 269 42 21 har
411 269 66 21 Hans
497 269 135 28 Kejserliga
652 269 109 28 Majestät
777 276 84 21 genom
876 269 93 28 Nådiga

210 297 169 22 Resolutionen
399 297 25 22 af
437 298 45 21 den
499 297 109 22 sistlidne
624 299 27 20 29
666 297 69 29 April
753 297 86 21 bifallit
854 297 38 22 till
907 297 61 22 skol-

211 326 161 22 direktionens
388 326 111 21 anhållan
515 333 37 14 om
568 326 145 21 inrättandet
729 326 26 21 af
767 333 29 14 en
811 326 72 21 femte
898 325 69 28 klass,

210 355 44 22 och
269 355 119 21 meddelar
403 355 83 21 skolan
501 362 38 19 nu,
556 355 73 21 sedan
644 355 108 21 sistlidne
763 356 56 20 1:sta
827 354 140 29 September,

210 383 170 28 undervisning
394 384 31 27 på
440 384 47 21 fem
503 383 95 22 klasser.

279 413 70 20 Först
365 412 45 21 den
425 413 28 21 28
469 412 46 28 Maj
535 413 55 21 1885
604 411 130 29 beviljades
751 411 82 22 skolan
849 414 35 19 ett
899 413 70 20 stats-

208 440 130 22 understöd
353 441 24 20 af
399 442 64 24 4,000
481 441 65 20 mark
565 447 38 15 om
624 441 56 27 året,
697 440 92 21 hvilket
804 440 45 21 den
864 441 104 20 fortsätt-

209 469 109 28 ningsvis
341 469 109 21 åtnjuter.
481 469 116 22 Enskilda
611 476 111 21 personer
736 469 71 21 hafva
822 469 37 21 för
873 469 94 21 skolans

211 497 125 22 underhåll
351 500 70 19 offrat
437 499 77 26 19,302
530 498 66 21 mark
612 499 27 20 14
654 498 72 28 penni
742 497 44 22 och
801 498 72 21 måste
886 497 81 22 skolan

209 526 34 22 alt
258 526 119 29 framgent
391 526 71 29 vädja
477 526 37 22 till
530 526 45 22 den
590 526 107 22 enskilda
712 526 193 28 hjelpsamheten.

266 555 83 21 Denna
358 555 72 27 skola,
437 562 48 14 som
493 555 37 21 till
537 555 58 29 följd
602 556 26 20 af
633 558 35 18 ett
675 555 104 28 verkligt
785 555 72 21 behof
861 555 107 29 uppstått

209 584 9 20 i
241 583 94 22 landets
351 584 72 21 andra
439 584 58 28 stad,
514 584 105 21 befinner
634 584 38 28 sig
687 584 8 20 i
711 586 35 19 ett
760 584 109 21 tillstånd
885 584 26 20 af
923 583 44 22 fat-

209 612 98 28 tigdom,
330 620 49 14 som
401 612 69 29 djupt
489 613 64 21 sårar
570 612 207 22 nationalkänslan
792 613 30 27 på
837 619 29 15 en
881 612 41 26 tid,
939 612 28 21 då

209 640 234 29 bildningsbehofvet
459 641 41 21 hos
516 641 45 21 den
576 641 75 21 finska
661 641 170 28 befolkningen
840 641 9 21 i
857 635 49 27 Åbo
916 641 51 21 stad

209 669 45 21 och
269 669 53 21 dess
338 670 92 28 omnejd
446 670 91 28 altjemt
552 673 25 17 är
592 670 8 20 i
616 670 108 28 stigande
741 670 43 21 och
802 670 30 21 då
847 670 36 21 för
900 676 65 14 sven-

210 698 43 21 ska
268 698 242 21 fruntimmersskolan
526 698 8 21 i
568 698 30 21 Åbo
614 699 30 27 på
660 700 88 19 statens
765 698 130 22 bekostnad
910 705 56 21 upp-

210 726 62 22 föres
289 729 34 19 ett
338 726 93 29 ståtligt
446 727 103 21 stenhus.
573 727 71 21 Detta
654 727 204 21 missförhållande
869 730 24 18 är
901 726 66 22 desto

208 754 147 22 kännbarare
381 762 50 14 som
453 756 106 20 traktens
582 755 56 28 föga
653 755 135 22 bemedlade
803 755 76 21 finska
894 755 73 21 talan-

211 783 28 21 de
261 783 140 29 befolkning
415 784 75 21 under
505 784 29 21 de
549 784 156 21 sistförflutna
721 784 56 21 åren
791 786 65 19 utom
872 784 44 21 den
931 784 36 21 för

210 812 244 22 fruntimmersskolan
470 812 128 22 insamlade
615 820 106 14 summan
737 812 69 22 äfven
817 812 100 28 nödgats
926 820 41 14 un-

210 840 110 22 derstöda
341 841 77 21 finska
439 841 155 29 privatlyceet
614 841 9 21 i
643 834 52 28 Åbo
715 842 53 20 med
784 841 63 21 öfver
862 841 105 29 tjugutu-

210 876 41 14 sen
267 870 72 21 mark.

279 898 150 22 Elevantalet
452 899 9 19 i
483 898 85 21 nämda
583 898 228 22 fruntimmersskola
827 902 25 17 är
867 898 36 21 för
915 902 52 17 när-

209 926 103 22 varande
329 928 32 26 71,
378 926 126 29 nemligen:
521 927 30 28 på
567 926 73 22 första
655 927 96 22 klassen
766 928 33 26 23,
811 927 30 28 på
850 926 72 22 andra
932 928 31 25 14,

208 955 31 28 på
254 955 75 28 tredje
347 957 26 20 12
389 956 30 28 på
433 955 74 29 fjerde
524 957 11 20 7
554 956 43 21 och
612 957 30 27 på
657 956 70 21 femte
744 955 95 22 klassen
849 956 26 21 15
883 955 82 21 elever.

278 984 30 21 Vi
323 984 76 21 uttala
413 984 147 21 vidsträckta
575 984 100 22 kretsars
691 987 116 19 varmaste
817 984 148 28 önskningar,

209 1011 30 22 då
258 1013 25 20 vi
299 1013 108 28 ödmjukt
422 1013 99 26 anhålla,
538 1015 34 19 att
588 1013 40 21 det
643 1013 145 21 hedervärda
803 1012 93 21 ståndet
911 1012 55 21 ville

208 1041 83 22 förena
307 1041 36 28 sig
359 1048 37 15 om
411 1043 34 20 ett
460 1041 159 29 underdånigt
633 1041 204 29 petitionsförslag
853 1041 94 27 derhän,

417 1100 34 21 att
465 1100 71 20 staten
552 1099 44 21 helt
611 1099 37 22 och
663 1099 67 22 hållet
745 1099 105 27 öfvertoge
865 1098 100 27 femklas-

347 1133 47 28 siga
409 1133 231 27 fruntimmersskolan
654 1133 9 22 i
678 1127 51 28 Åbo.

278 1179 155 28 Helsingfors,
450 1178 45 21 den
511 1179 11 20 1
539 1178 114 22 Februari
671 1180 62 21 1888.

279 1237 72 20 Kaarlo
367 1237 70 20 Wärri.
713 1237 24 20 K.
755 1237 27 20 M.
799 1236 98 22 Hollmén.

283 1456 99 18 Allmänna
395 1457 173 18 Besvärsutskottets
580 1457 108 19 betänkande
700 1458 35 18 N:o
747 1459 32 17 22.
