1048 1731
357 141 200 24 Motionsbetänkande
572 141 33 24 N:o
617 141 26 24 14.
807 143 25 20 11

314 204 45 21 Vill
381 205 74 27 någon
477 204 98 28 begagna
588 204 66 28 giller
668 205 32 27 af
711 205 151 27 nyssnämnda

242 233 101 28 lofgifna
358 233 55 28 slag,
429 233 51 20 eller
491 233 131 28 förgiftadt
638 233 98 25 lockbete,
751 234 69 21 ehvad
828 234 35 21 det

242 261 49 22 sker
306 262 14 20 &
335 269 50 20 egen
401 261 62 21 mark
478 262 52 21 eller
546 261 48 21 med
609 261 95 28 behörigt
723 262 102 21 tillstånd
849 263 13 20 å

242 297 87 14 annans
341 297 56 21 egor,
406 297 51 14 vare
467 290 87 28 skyldig
566 292 32 19 att
613 291 47 20 låta
670 291 73 20 derom
751 291 111 27 söndagen

241 319 114 28 nästförut
363 319 99 28 kungöra
470 319 8 20 i
482 319 177 28 församlingens
666 319 77 28 kyrka,
749 319 113 28 äfvensom

241 348 34 21 uti
283 347 85 28 kyrka
359 343 13 37 i
382 355 76 13 annan
470 348 146 27 församling,
632 347 64 22 hvars
709 350 69 25 gräns
793 348 70 27 ligger

242 377 59 20 inom
316 377 29 20 tio
361 379 55 18 verst
428 376 59 27 från
503 377 79 24 stället,
599 376 38 21 der
650 377 74 27 gillret
739 377 52 20 eller
804 376 58 28 gift-

241 404 52 21 betet
315 407 95 18 utsättes.
441 405 82 28 Nytjas
543 404 129 29 förgiftadt
695 405 94 21 lockbete
811 405 52 21 eller

242 440 41 14 sax
299 434 76 27 längre
390 433 34 21 tid
435 433 150 28 fortfarande
600 434 14 20 å
629 440 84 15 samma
730 435 70 24 ställe,
824 433 38 21 bör

242 462 142 28 kungörelsen
406 469 26 14 en
453 463 59 27 gång
535 463 9 20 i
565 461 76 28 hvarje
663 463 82 20 månad
756 463 105 27 förnyas.

242 491 63 21 Dock
319 491 36 21 må
370 491 46 21 icke
432 491 8 20 i
455 491 73 28 någon
544 490 102 22 händelse
657 491 128 29 förgiftadt
803 491 59 21 lock-

242 519 43 21 bete
299 521 94 19 utsättas
408 520 52 20 eller
475 520 137 28 qvarlemnas
631 520 70 21 under
724 520 59 21 tiden
802 520 59 28 från

242 548 39 21 och
296 549 47 20 med
359 549 40 20 den
414 550 14 19 1
443 549 67 27 April
525 549 35 21 till
576 548 41 21 den
632 550 14 19 1
660 548 123 22 November.

311 577 84 21 Snaror
410 577 31 27 af
452 577 58 21 hvad
524 578 49 27 slag
588 584 45 14 som
648 576 54 22 helst
716 578 36 20 mä
766 576 95 22 hvarken

243 606 13 20 å
279 613 51 21 egen
352 606 52 21 eller
426 612 88 14 annans
537 606 64 20 mark
623 606 108 28 utläggas,
747 609 59 18 utom
819 605 42 28 för

241 634 113 28 ripfångst
369 635 9 20 i
392 634 169 28 Lappmarkens
576 634 78 21 härad.

525 699 16 24 $
557 698 19 20 9.

313 737 36 21 Pä
364 736 159 22 vederbörande
539 737 127 21 kommuner
687 738 36 20 mä
745 737 116 21 ankomma

242 768 38 23 att,
296 766 38 20 der
349 766 25 20 de
384 766 67 26 finna
467 766 81 20 sädant
568 766 107 28 lämpligt,
699 766 8 20 i
729 766 72 21 stället
819 766 43 28 för

242 794 57 21 hvad
330 794 9 20 i
369 796 30 20 23
432 794 91 28 kapitlet
556 795 8 20 i
597 794 25 21 B.
655 794 23 21 B.
709 795 89 27 stadgas
827 801 34 15 om

242 823 115 28 skallgäng
382 826 55 18 samt
467 823 149 28 varggärdars
642 822 38 22 och
703 830 94 21 gropars
821 830 41 14 an-

243 852 114 27 läggande,
372 852 189 27 öfverenskomma
576 858 34 14 om
626 852 72 20 andra
713 852 104 28 ätgärder
827 852 35 21 till

243 880 132 27 skadedjurs
397 880 38 21 och
459 880 123 28 rofäglars
598 880 131 21 utdödande.
759 880 103 21 Bibehäl-

244 909 29 21 les
289 909 121 27 skallgäng,
427 910 36 20 mä
478 910 47 20 alla
536 909 44 27 för
594 909 136 21 densammas
739 909 122 27 utförande

243 937 81 28 nödiga
345 937 163 28 bestämningar
531 937 39 22 och
592 938 147 28 tillgöranden
761 938 100 28 vidtagas

243 967 31 27 af
285 967 135 24 kommunen,
436 973 46 14 som
493 967 84 27 jemväl
592 973 48 22 eger
654 967 53 27 ingå
717 966 144 28 författning

243 1002 33 13 om
291 995 88 21 kallelse
394 995 35 21 till
443 995 73 21 sådan
532 995 117 28 skallgång
663 1002 75 21 genom
753 995 108 27 budkafle,

242 1026 43 18 när
299 1023 68 28 behof
379 1024 70 27 deraf
459 1026 69 25 göres.

521 1087 15 28 $
552 1088 34 20 10.

314 1126 51 21 Med
379 1126 161 28 upphäfvande
555 1127 32 27 af
599 1127 57 20 hvad
672 1127 7 19 i
695 1127 13 20 6
723 1126 15 27 $
753 1128 30 19 23
801 1126 59 28 Kap.

242 1154 27 21 B.
285 1155 27 20 B.
328 1155 39 21 och
383 1155 81 28 Kongl.
485 1155 172 28 Förordningon
679 1155 42 20 den
743 1157 28 19 16
797 1155 66 21 Okto-

243 1183 36 21 ber
293 1185 57 19 1741
365 1183 126 21 bestämmes
506 1191 34 14 om
559 1184 181 27 skottpenningar
758 1183 43 28 för
824 1184 39 20 dö-

243 1212 55 21 dade
313 1212 121 27 skadedjur
450 1212 39 21 och
504 1213 118 27 rofäglar,
643 1212 101 27 stadgas:
766 1215 33 18 att
814 1213 47 25 den,

243 1247 44 14 som
302 1241 71 20 dödar
388 1248 59 21 varg,
464 1242 28 25 lo,
504 1242 56 27 jerf
570 1242 52 20 eller
632 1241 81 27 filfras
728 1243 55 18 samt
799 1240 64 28 björn

242 1269 93 21 erhäller
350 1270 8 20 i
373 1269 100 28 belöning
485 1270 44 27 för
544 1277 52 20 varg
610 1271 45 20 200
671 1269 62 21 mark
748 1272 56 18 samt
819 1270 44 27 för

243 1298 27 25 lo,
289 1298 54 27 jerf
361 1299 52 20 eller
425 1298 84 27 filfras
525 1299 39 20 och
580 1298 64 27 björn
659 1299 42 20 100
717 1298 69 21 mark.
817 1298 46 21 För

242 1333 56 21 unge
313 1327 32 27 af
356 1327 63 20 dessa
433 1327 96 28 rofdjur
544 1327 92 21 erhälles
652 1327 46 20 lika
721 1327 81 27 mycket
817 1333 45 15 som

238 1355 43 28 för
291 1355 114 28 fullvuxet
421 1355 54 28 djur
491 1356 31 28 af
537 1363 84 14 samma
642 1356 54 27 slag.
727 1355 80 21 Denna
829 1355 34 21 be-

242 1384 75 28 löning
332 1385 96 27 erlägges
444 1385 36 21 till
495 1392 41 14 ena
551 1384 87 28 hälften
654 1384 30 28 af
688 1384 126 21 statsverket
824 1384 38 21 och

243 1413 34 21 till
293 1413 72 20 andra
380 1413 89 27 hälften
485 1414 32 27 af
536 1413 155 21 kommunerna
707 1413 8 19 i
735 1413 34 20 det
791 1413 72 21 härad

242 1442 38 20 der
295 1442 112 26 rofdjuret
419 1442 68 27 fälts.
522 1442 46 21 Vill
590 1442 72 28 nägon
685 1441 84 21 erhälla
791 1442 72 20 sädan

174 1480 199 18 Ekonomiutskottets
385 1480 124 19 betänkande
521 1481 36 18 N:o
570 1481 26 19 16.
