1048 1731
315 119 240 24 Petitionsbetänkande
572 119 37 24 N:o
626 121 13 21 I.
803 121 27 20 43

100 184 75 19 hvilket
197 184 6 19 i
226 184 83 23 original
332 183 83 24 bifogas.
445 184 38 24 Jag
507 185 36 18 ber
566 185 30 18 att
618 183 37 20 här
673 183 21 20 fä
709 185 63 19 citera
787 189 24 15 en
827 184 32 20 del

101 212 22 19 af
137 213 66 19 slutet.

307 268 53 20 Ifrån
376 269 156 24 stationsplanet
546 269 36 23 går
592 269 61 18 linien
666 269 77 20 direkte
753 271 30 18 till
795 270 64 19 stads-

238 297 92 24 kanalen,
346 297 59 24 följer
420 297 45 19 dess
482 297 70 20 strand
568 297 22 19 ät
605 297 30 19 till
650 297 71 20 Bläck-
738 299 37 19 och
785 299 74 18 Hamn-

238 326 84 26 holmen,
345 326 50 19 eller
417 326 169 23 Salmensuukari,
603 326 64 19 såsom
683 327 39 19 den
738 327 122 19 sistnämnda

239 355 61 19 ocksä
321 355 114 19 benämnes.
465 355 30 19 Pä
519 355 65 18 denna
603 354 71 24 holme,
691 361 42 14 som
748 357 58 22 utgör
821 355 39 19 den

238 384 42 18 inre
303 383 94 19 hamnens
420 383 136 24 begränsning
570 383 7 18 i
592 388 54 20 norr,
663 385 35 18 äro
717 384 142 23 hamnmagasi-

237 417 36 14 ner
289 417 24 15 m.
328 411 20 20 fl.
364 412 134 23 inrättningar
520 411 32 20 för
575 411 81 20 stadens
678 412 45 19 icke
747 412 113 24 obetydliga

238 440 71 24 sjöfart
324 440 97 23 förlagda.
451 441 68 22 Längs
543 441 45 18 dess
604 441 60 18 södra
679 441 77 26 strand,
773 447 40 13 som
829 440 31 19 till

238 471 64 17 större
318 469 56 19 delen
391 471 98 22 upptages
505 469 22 19 af
541 469 114 19 bräbänkar
672 469 37 20 och
728 469 131 24 lastbryggor,

237 498 54 19 ledes
314 498 61 19 linien
398 500 22 17 ut
443 497 30 19 till
493 498 35 19 det
544 497 62 26 1,100
623 497 29 20 fot
668 498 61 20 breda
745 498 56 26 sund,
817 503 42 14 som

237 526 44 19 med
297 525 12 20 3
325 527 12 19 a
352 526 13 21 8
380 526 40 20 fots
440 527 118 23 vattendjup
582 526 91 24 ätskiljer
687 527 113 19 Laitasaari
815 526 44 20 från

238 555 149 20 Hamnholmen.
419 555 115 19 Laitasaari
556 557 23 17 är
602 561 24 13 en
648 556 75 19 mindre
747 556 63 19 holme
833 555 26 25 pä

237 586 85 21 gränsen
345 584 83 19 emellan
452 584 39 19 den
514 584 44 19 inre
582 584 37 19 och
641 586 52 22 yttre
712 585 91 24 hamnen,
819 589 42 14 som

238 612 89 24 återigen
350 612 69 20 består
441 612 22 19 af
477 618 25 13 en
519 612 13 19 2
547 610 13 22 &
576 612 12 19 3
604 615 54 17 verst
673 613 46 23 lång
735 613 50 24 fjerd
801 612 22 20 af
837 618 24 14 en

237 640 43 20 half
295 642 11 18 å
324 646 24 14 en
371 643 64 17 versts
458 641 71 25 bredd,
554 641 44 19 med
614 640 27 20 20
658 641 12 19 &
685 640 27 20 30
728 642 39 18 fots
783 642 77 19 vatten-

239 669 54 24 djup.
323 670 40 18 Det
378 672 23 16 är
416 670 26 24 pä
457 670 66 18 denna
540 670 64 18 holme
620 675 41 13 som
677 670 134 25 lastbryggan,
827 675 33 18 ge-

237 703 46 13 nom
305 698 79 19 hvilken
407 698 76 19 Raumo
507 698 66 19 banan
597 698 88 20 kommer
700 701 30 17 att
745 698 115 24 utmynna
846 694 17 32 i

237 726 72 24 hafvet,
333 726 62 20 skulle
419 726 20 19 fä
461 727 31 19 sin
515 727 59 23 plats.
604 726 107 20 Afständet
725 727 89 19 härifrän
829 726 31 20 till

237 754 96 20 Merstola
349 757 22 17 är
387 754 43 26 39,6
445 758 62 16 verst.

306 796 57 24 Ända
385 800 52 20 ifrän
461 801 77 19 Harola
561 801 56 19 träsk
633 801 37 19 och
684 801 107 25 Myllymaa
806 801 53 19 hem-

237 835 44 13 man
297 829 59 24 följer
371 830 60 18 linien
448 830 73 18 odlade
538 829 36 20 och
590 830 92 19 bebodda
692 830 83 19 trakter.
794 830 9 18 I
815 835 44 18 syn-

238 858 69 19 nerhet
322 858 51 19 läter
389 858 38 19 den
443 860 56 17 stora
523 858 73 19 slätten
612 858 97 20 nedanom
724 858 83 20 Panelia
822 858 37 19 och

239 886 111 24 Sydänmaa
373 886 48 25 byar
444 886 110 20 förutsätta
577 889 43 17 stor
643 887 66 23 odling
733 887 36 19 och
792 886 67 19 kultur

238 914 111 24 framdeles,
365 915 22 19 sä
403 917 56 17 snart
475 921 25 13 en
519 916 70 22 längre
604 915 107 19 förberedd
726 915 98 24 reglering
840 914 21 20 af

238 944 148 19 vattenständet
409 944 37 19 och
467 943 102 20 värfloden
585 945 7 18 i
607 944 54 19 Eura
676 944 11 19 &
703 944 86 19 omsider
804 943 55 20 kom-

237 978 41 13 mer
301 973 29 18 till
353 972 111 20 utförande.
496 973 54 19 Midt
571 973 27 24 pä
618 973 63 19 denna
697 973 48 19 slätt
760 978 55 13 reser
831 972 29 24 sig

239 1007 23 13 en
279 1001 83 19 enstaka
377 1001 60 26 kulle,
454 1007 42 13 som
517 1001 127 20 uteslutande
660 1001 68 20 bestär
743 1001 21 19 af
778 1001 82 28 ballast-

237 1035 53 18 grus,
307 1029 61 20 ehuru
383 1030 82 19 marken
481 1030 7 19 i
504 1029 61 24 öfrigt
580 1030 63 19 hvilar
658 1030 25 24 pä
698 1030 101 23 lergrund.
824 1029 35 19 Af-

237 1063 37 14 ven
297 1059 26 23 pä
345 1059 63 18 andra
425 1059 72 18 ställen
513 1059 37 18 har
565 1064 45 13 man
625 1059 7 18 i
647 1059 70 18 liniens
733 1058 127 19 omedelbara

237 1087 71 19 närhet
323 1087 59 23 riklig
397 1087 82 24 tillgång
502 1087 27 24 pä
551 1087 127 25 ballastgrus,
694 1087 65 20 såsom
774 1087 7 19 i
796 1087 64 18 Eura-

236 1115 43 23 joki
302 1115 37 20 och
361 1118 90 17 närmare
473 1116 78 19 Raumo
575 1116 51 23 stad,
642 1116 35 19 der
692 1116 61 19 linien
768 1115 35 24 går
819 1114 12 19 1
847 1113 14 22 å

238 1142 48 27 1!/,
302 1146 53 17 verst
377 1143 44 20 från
445 1145 101 18 allmänna
561 1144 127 23 landsvägen,
708 1145 37 18 och
760 1144 26 24 pä
801 1145 58 22 grän-

237 1177 34 14 sen
295 1173 82 18 emellan
401 1173 24 18 de
448 1173 73 19 odlade
545 1173 37 19 och
600 1173 44 19 icke
660 1173 71 19 odlade
748 1172 111 19 markerna.

238 1200 120 24 Härigenom
374 1201 68 19 vinnes
458 1201 62 19 bland
536 1204 62 17 annat
612 1202 38 18 den
662 1201 70 26 fördel,
749 1203 29 17 att
789 1201 24 18 de
824 1201 35 18 od-

237 1229 44 19 lade
298 1230 105 19 markerna
418 1230 77 19 mindre
518 1230 81 24 styckas
616 1229 21 20 af
650 1231 107 22 jernvägen
774 1229 37 19 och
826 1233 33 14 ex-

236 1258 150 23 propriationen
409 1258 28 19 bli
460 1258 92 24 billigare
575 1261 47 16 utan
642 1261 29 16 att
686 1259 71 18 liniens
772 1257 88 24 riktning

238 1286 93 19 inverkar
346 1287 82 24 menligt
443 1287 26 24 pä
485 1287 39 19 den
540 1287 101 19 blifvande
656 1287 96 19 rörelsen.

304 1332 60 20 Utom
374 1333 126 19 stationerna
510 1333 34 19 vid
558 1333 98 19 hvardera
666 1332 129 25 ändpunkten
806 1331 53 20 före-

236 1361 39 19 släs
292 1361 75 19 sädana
382 1361 33 19 vid
430 1361 85 19 Panelia
537 1361 33 26 by,
589 1361 26 25 pä
631 1360 74 20 104:de
721 1363 86 22 versten,
823 1359 37 20 och

237 1390 33 18 vid
285 1390 99 19 allmänna
407 1392 62 22 vägen
493 1390 45 19 frän
554 1390 70 24 Lappi,
641 1390 25 24 pä
683 1389 74 20 116:de
773 1390 86 18 versten.

236 1418 104 20 Hvardera
355 1418 26 24 pä
397 1418 22 20 sä
434 1424 116 18 gynsamma
572 1418 72 20 ställen
660 1418 31 19 för
705 1418 96 22 rörelsen,
818 1422 43 14 som

236 1446 51 20 blott
302 1447 71 19 liniens
388 1447 89 24 riktning
493 1446 186 25 öfverhufvudtaget
694 1447 86 24 medger.

166 1485 189 22 Jernvägsutskottets
368 1484 117 18 betänkande
499 1486 35 16 N:o
546 1484 19 18 2.
