1048 1731
818 147 11 20 7

103 209 41 22 Oss
159 209 106 27 förelagdt
279 209 80 27 förslag
373 205 30 24 till
418 208 128 28 förordning
561 215 36 16 om
613 209 68 28 skydd
697 209 33 21 för
745 210 113 20 varumär-

101 243 49 26 ken,
161 243 64 22 hafva
235 243 29 22 Vi
275 244 82 26 antagit
372 243 49 22 med
437 243 26 21 de
479 243 157 28 förändringar,
653 243 46 23 Vår
714 243 7 21 i
737 245 74 20 ämnet
826 243 32 22 af-

101 278 60 21 låtna
171 278 148 27 underdåniga
329 277 174 23 svarsskrifvelse
513 278 24 21 af
550 278 42 21 den
610 279 24 20 17
652 277 146 22 innevarande
813 277 44 28 Maj

101 312 124 22 innehåller.

451 370 12 27 s
479 370 33 21 20.

169 421 57 22 Efter
237 421 35 22 det
286 421 28 22 Vi
330 421 23 21 af
365 421 60 22 Hans
440 421 122 28 Kejserliga
576 421 100 28 Majestät
691 421 40 22 fått
747 423 111 25 emottaga

101 455 66 28 nådig
182 456 141 27 proposition,
339 456 113 27 angående
467 456 89 21 makars
576 455 281 28 förmögenhetsförhållan-

101 491 48 26 den,
166 490 64 22 hafva
245 491 29 22 Vi
290 491 41 21 den
346 491 28 21 24
389 491 147 21 innevarande
551 490 41 28 Maj
608 490 34 22 för
661 490 47 23 Vår
730 490 34 22 del
785 490 72 22 beslu-

100 526 26 20 tit
142 526 41 20 och
198 526 83 26 antagit
291 526 69 20 sådan
375 526 34 26 lag
425 532 36 14 om
477 526 88 21 makars
580 525 128 28 egendoms-
728 525 42 21 och
785 524 73 28 gälds-

100 560 155 26 förhållanden,
272 566 48 15 som
330 560 68 21 finnes
413 560 89 27 intagen
517 560 7 20 i
540 560 48 22 Vår
602 560 69 21 under
685 559 68 27 sagda
769 560 43 26 dag
827 559 30 20 till

100 594 60 21 Hans
175 594 102 28 Majestät
292 594 75 22 derom
385 594 82 22 aflåtna
488 594 150 28 underdåniga
659 594 110 21 skrifvelse
789 594 68 27 jemte

100 629 36 21 det
152 629 29 22 Vi
196 629 95 27 godkänt
306 631 30 19 ett
351 629 7 20 i
373 635 85 15 samma
476 629 136 27 proposition
628 628 40 22 Oss
683 628 106 27 förelagdt
813 628 44 21 för-

100 663 47 27 slag
162 663 30 21 till
207 663 130 27 förordning,
353 663 148 22 innefattande
517 664 91 26 ändring
626 663 23 21 af
666 664 27 20 10
710 663 12 27 8
743 663 6 21 i
772 662 85 22 förord-

100 698 80 27 ningen
196 698 41 21 den
253 698 13 21 9
281 698 122 21 November
420 698 62 27 1868,
498 704 37 15 om
550 698 143 27 borgenärers
707 699 44 19 rätt
767 697 42 21 och
824 696 33 22 fö-

100 732 86 22 reträde
202 732 32 22 för
249 732 123 22 hvarandra
387 733 31 20 till
433 732 109 28 betalning
558 740 25 14 ur
603 732 112 28 egendom,
739 738 48 15 som
809 731 48 21 blif-

100 767 30 21 vit
146 766 30 22 till
191 766 96 22 konkurs
302 766 89 22 afträdd.

447 830 12 27 s
475 830 33 21 21.

170 881 34 21 Uti
219 882 134 26 underdånig
368 881 111 22 skrifvelse
495 881 23 21 af
534 882 42 21 den
597 881 27 22 24
644 880 148 22 innevarande
814 880 41 27 Maj

100 914 65 22 hafva
176 915 29 22 Vi
215 916 88 26 anmält,
319 918 32 18 att
361 916 36 21 det
411 916 32 21 uti
458 916 65 27 nådig
539 915 134 28 proposition
690 915 40 22 Oss
746 915 111 27 förelagda

99 949 81 28 förslag
194 950 30 21 till
239 950 125 27 förordning
379 951 112 26 angående
508 951 92 27 ändring
615 951 24 22 af
652 953 12 18 3
680 951 11 27 $
707 951 6 20 i
734 949 122 22 förordnin-

100 989 42 21 gen
156 991 37 14 om
208 985 132 26 näringarna
351 984 22 22 af
382 985 42 21 den
439 986 27 20 31
483 985 57 21 Mars
558 986 54 21 1879
628 985 67 22 blifvit
711 985 24 21 af
748 984 41 22 Oss
804 986 53 19 utan

100 1018 93 27 ändring
208 1019 115 26 godkändt.

447 1082 13 28 s
475 1083 34 22 22.

168 1132 57 22 Efter
241 1133 36 22 det
292 1133 63 22 Viaf
367 1134 60 21 Hans
442 1134 119 27 Kejserliga
576 1135 100 26 Majestät
691 1134 39 22 fätt
745 1136 112 25 emottaga

99 1166 66 27 nädig
175 1167 141 27 proposition,
333 1168 113 27 angäende
460 1169 83 21 lärares
559 1169 42 21 och
616 1169 131 21 lärarinnors
761 1168 37 21 vid
813 1168 43 21 ele-

99 1201 220 27 mentarläroverken,
335 1202 129 22 läroverken
479 1203 34 21 för
529 1203 177 27 gvinnobildning
728 1204 58 20 samt
801 1202 54 21 folk-

98 1235 143 22 skolelärare-
261 1237 41 20 och
324 1237 267 22 lärarinneseminarierna
614 1237 79 28 afgäng
714 1244 26 15 ur
762 1237 94 26 tjensten

99 1269 36 21 vid
150 1270 44 21 viss
210 1270 65 27 älder,
291 1270 64 22 hafva
370 1271 29 22 Vi
415 1272 7 20 i
437 1271 135 28 underdänig
588 1272 109 21 skrifvelse
720 1271 24 22 af
763 1271 42 22 den
828 1271 29 21 24

98 1303 147 22 innevarande
259 1305 42 27 Maj
318 1305 39 21 hos
376 1305 60 22 Hans
457 1305 121 29 Kejserliga
596 1306 101 28 Majestät
715 1306 88 26 anmält,
825 1307 31 20 att

98 1338 36 21 vid
149 1338 160 28 behandlingen
324 1339 23 22 af
360 1339 41 22 den
417 1340 80 27 nädiga
519 1341 164 27 propositionen
705 1341 69 21 sädan
797 1346 56 15 sam-

98 1373 139 27 stämmighet
247 1374 92 22 emellan
355 1374 27 22 de
397 1374 58 22 olika
471 1375 103 27 Ständen,
586 1382 48 15 som
649 1375 33 21 för
697 1374 159 22 ständerbeslut

97 1407 7 20 i
120 1407 72 21 denna
206 1407 61 28 fräga
283 1410 24 19 är
326 1408 131 28 erforderlig,
481 1409 48 22 icke
551 1410 83 21 kunnat
657 1410 169 26 ästadkommas,
849 1409 7 21 i

97 1440 53 28 följd
165 1442 80 21 hvaraf
258 1442 167 28 ifrägavarande
440 1444 81 22 ärende
536 1444 34 22 för
585 1444 72 22 denna
672 1445 57 27 gäng
743 1443 92 23 förfallit.
