<?xml version="1.0" encoding="UTF-8"?>
<alto xmlns="http://www.loc.gov/standards/alto/ns-v3#" xmlns:xlink="http://www.w3.org/1999/xlink" xmlns:xsi="http://www.w3.org/2001/XMLSchema-instance" xsi:schemaLocation="http://www.loc.gov/standards/alto/ns-v3# http://www.loc.gov/alto/v3/alto-3-0.xsd">
	<Description>
		<MeasurementUnit>pixel</MeasurementUnit>
		<sourceImageInformation>
			<fileName>/tmp/tess_fafftfqg_input.PNG</fileName>
		</sourceImageInformation>
		<OCRProcessing ID="OCR_0">
			<ocrProcessingStep>
				<processingSoftware>
					<softwareName>tesseract 5.3.4</softwareName>
				</processingSoftware>
			</ocrProcessingStep>
		</OCRProcessing>
	</Description>
	<Layout>
		<Page WIDTH="1048" HEIGHT="1731" PHYSICAL_IMG_NR="0" ID="page_0">
			<PrintSpace HPOS="0" VPOS="0" WIDTH="1048" HEIGHT="1731">
				<ComposedBlock ID="cblock_0" HPOS="343" VPOS="107" WIDTH="514" HEIGHT="24">
					<TextBlock ID="block_0" HPOS="343" VPOS="107" WIDTH="514" HEIGHT="24">
						<TextLine ID="line_0" HPOS="343" VPOS="107" WIDTH="514" HEIGHT="24">
							<String ID="string_0" HPOS="343" VPOS="107" WIDTH="201" HEIGHT="24" WC="0.91" CONTENT="Motionsbetänkande"/><SP WIDTH="16" VPOS="107" HPOS="544"/>
							<String ID="string_1" HPOS="560" VPOS="107" WIDTH="33" HEIGHT="24" WC="0.96" CONTENT="N:o"/><SP WIDTH="11" VPOS="107" HPOS="593"/>
							<String ID="string_2" HPOS="604" VPOS="107" WIDTH="27" HEIGHT="24" WC="0.95" CONTENT="14."/><SP WIDTH="201" VPOS="107" HPOS="631"/>
							<String ID="string_3" HPOS="832" VPOS="108" WIDTH="25" HEIGHT="19" WC="0.96" CONTENT="19"/>
						</TextLine>
					</TextBlock>
				</ComposedBlock>
				<ComposedBlock ID="cblock_1" HPOS="130" VPOS="169" WIDTH="779" HEIGHT="1263">
					<TextBlock ID="block_1" HPOS="130" VPOS="169" WIDTH="765" HEIGHT="545">
						<TextLine ID="line_1" HPOS="130" VPOS="169" WIDTH="758" HEIGHT="28">
							<String ID="string_4" HPOS="130" VPOS="171" WIDTH="40" HEIGHT="20" WC="0.96" CONTENT="den"/><SP WIDTH="23" VPOS="171" HPOS="170"/>
							<String ID="string_5" HPOS="193" VPOS="170" WIDTH="38" HEIGHT="27" WC="0.93" CONTENT="tid,"/><SP WIDTH="20" VPOS="170" HPOS="231"/>
							<String ID="string_6" HPOS="251" VPOS="171" WIDTH="48" HEIGHT="26" WC="0.92" CONTENT="jagt"/><SP WIDTH="22" VPOS="171" HPOS="299"/>
							<String ID="string_7" HPOS="321" VPOS="170" WIDTH="13" HEIGHT="21" WC="0.92" CONTENT="å"/><SP WIDTH="22" VPOS="170" HPOS="334"/>
							<String ID="string_8" HPOS="356" VPOS="171" WIDTH="48" HEIGHT="20" WC="0.95" CONTENT="dem"/><SP WIDTH="23" VPOS="171" HPOS="404"/>
							<String ID="string_9" HPOS="427" VPOS="170" WIDTH="33" HEIGHT="21" WC="0.96" CONTENT="för"/><SP WIDTH="15" VPOS="170" HPOS="460"/>
							<String ID="string_10" HPOS="475" VPOS="171" WIDTH="134" HEIGHT="21" WC="0.96" CONTENT="närvarande"/><SP WIDTH="16" VPOS="171" HPOS="609"/>
							<String ID="string_11" HPOS="625" VPOS="172" WIDTH="24" HEIGHT="19" WC="0.96" CONTENT="är"/><SP WIDTH="15" VPOS="172" HPOS="649"/>
							<String ID="string_12" HPOS="664" VPOS="170" WIDTH="91" HEIGHT="27" WC="0.96" CONTENT="tillåten,"/><SP WIDTH="16" VPOS="170" HPOS="755"/>
							<String ID="string_13" HPOS="771" VPOS="170" WIDTH="34" HEIGHT="21" WC="0.96" CONTENT="för"/><SP WIDTH="16" VPOS="170" HPOS="805"/>
							<String ID="string_14" HPOS="821" VPOS="169" WIDTH="67" HEIGHT="28" WC="0.96" CONTENT="späda"/>
						</TextLine>
						<TextLine ID="line_2" HPOS="132" VPOS="203" WIDTH="756" HEIGHT="29">
							<String ID="string_15" HPOS="132" VPOS="204" WIDTH="33" HEIGHT="22" WC="0.96" CONTENT="för"/><SP WIDTH="15" VPOS="204" HPOS="165"/>
							<String ID="string_16" HPOS="180" VPOS="206" WIDTH="32" HEIGHT="20" WC="0.96" CONTENT="att"/><SP WIDTH="14" VPOS="206" HPOS="212"/>
							<String ID="string_17" HPOS="226" VPOS="205" WIDTH="101" HEIGHT="21" WC="0.96" CONTENT="hänföras"/><SP WIDTH="14" VPOS="205" HPOS="327"/>
							<String ID="string_18" HPOS="341" VPOS="205" WIDTH="34" HEIGHT="21" WC="0.93" CONTENT="till"/><SP WIDTH="14" VPOS="205" HPOS="375"/>
							<String ID="string_19" HPOS="389" VPOS="205" WIDTH="97" HEIGHT="27" WC="0.93" CONTENT="jagtbart"/><SP WIDTH="14" VPOS="205" HPOS="486"/>
							<String ID="string_20" HPOS="500" VPOS="205" WIDTH="62" HEIGHT="21" WC="0.90" CONTENT="vildt."/><SP WIDTH="30" VPOS="205" HPOS="562"/>
							<String ID="string_21" HPOS="592" VPOS="205" WIDTH="106" HEIGHT="20" WC="0.91" CONTENT="Häremot"/><SP WIDTH="15" VPOS="205" HPOS="698"/>
							<String ID="string_22" HPOS="713" VPOS="204" WIDTH="39" HEIGHT="21" WC="0.96" CONTENT="har"/><SP WIDTH="10" VPOS="204" HPOS="752"/>
							<String ID="string_23" HPOS="762" VPOS="203" WIDTH="126" HEIGHT="28" WC="0.96" CONTENT="visserligen"/>
						</TextLine>
						<TextLine ID="line_3" HPOS="131" VPOS="237" WIDTH="758" HEIGHT="29">
							<String ID="string_24" HPOS="131" VPOS="239" WIDTH="116" HEIGHT="27" WC="0.92" CONTENT="anmärkts,"/><SP WIDTH="22" VPOS="239" HPOS="247"/>
							<String ID="string_25" HPOS="269" VPOS="241" WIDTH="33" HEIGHT="19" WC="0.93" CONTENT="att"/><SP WIDTH="19" VPOS="241" HPOS="302"/>
							<String ID="string_26" HPOS="321" VPOS="239" WIDTH="47" HEIGHT="27" WC="0.91" CONTENT="jagt"/><SP WIDTH="21" VPOS="239" HPOS="368"/>
							<String ID="string_27" HPOS="389" VPOS="239" WIDTH="50" HEIGHT="21" WC="0.93" CONTENT="med"/><SP WIDTH="20" VPOS="239" HPOS="439"/>
							<String ID="string_28" HPOS="459" VPOS="239" WIDTH="114" HEIGHT="21" WC="0.91" CONTENT="hönshund"/><SP WIDTH="16" VPOS="239" HPOS="573"/>
							<String ID="string_29" HPOS="589" VPOS="239" WIDTH="18" HEIGHT="26" WC="0.90" CONTENT="ej"/><SP WIDTH="16" VPOS="239" HPOS="607"/>
							<String ID="string_30" HPOS="623" VPOS="245" WIDTH="60" HEIGHT="14" WC="0.96" CONTENT="mera"/><SP WIDTH="14" VPOS="245" HPOS="683"/>
							<String ID="string_31" HPOS="697" VPOS="239" WIDTH="44" HEIGHT="20" WC="0.96" CONTENT="kan"/><SP WIDTH="14" VPOS="239" HPOS="741"/>
							<String ID="string_32" HPOS="755" VPOS="239" WIDTH="49" HEIGHT="21" WC="0.93" CONTENT="med"/><SP WIDTH="15" VPOS="239" HPOS="804"/>
							<String ID="string_33" HPOS="819" VPOS="237" WIDTH="70" HEIGHT="22" WC="0.92" CONTENT="fördel"/>
						</TextLine>
						<TextLine ID="line_4" HPOS="132" VPOS="273" WIDTH="756" HEIGHT="28">
							<String ID="string_34" HPOS="132" VPOS="273" WIDTH="109" HEIGHT="22" WC="0.55" CONTENT="bedrifvas"/><SP WIDTH="15" VPOS="273" HPOS="241"/>
							<String ID="string_35" HPOS="256" VPOS="273" WIDTH="55" HEIGHT="22" WC="0.96" CONTENT="efter"/><SP WIDTH="15" VPOS="273" HPOS="311"/>
							<String ID="string_36" HPOS="326" VPOS="273" WIDTH="40" HEIGHT="22" WC="0.96" CONTENT="den"/><SP WIDTH="15" VPOS="273" HPOS="366"/>
							<String ID="string_37" HPOS="381" VPOS="280" WIDTH="28" HEIGHT="15" WC="0.96" CONTENT="nu"/><SP WIDTH="16" VPOS="280" HPOS="409"/>
							<String ID="string_38" HPOS="425" VPOS="273" WIDTH="123" HEIGHT="28" WC="0.93" CONTENT="föreslagna"/><SP WIDTH="22" VPOS="273" HPOS="548"/>
							<String ID="string_39" HPOS="570" VPOS="273" WIDTH="211" HEIGHT="27" WC="0.92" CONTENT="fridlysningstidens"/><SP WIDTH="20" VPOS="273" HPOS="781"/>
							<String ID="string_40" HPOS="801" VPOS="273" WIDTH="87" HEIGHT="27" WC="0.96" CONTENT="utgång,"/>
						</TextLine>
						<TextLine ID="line_5" HPOS="133" VPOS="307" WIDTH="757" HEIGHT="28">
							<String ID="string_41" HPOS="133" VPOS="315" WIDTH="49" HEIGHT="14" WC="0.93" CONTENT="men"/><SP WIDTH="15" VPOS="315" HPOS="182"/>
							<String ID="string_42" HPOS="197" VPOS="308" WIDTH="105" HEIGHT="21" WC="0.94" CONTENT="utskottet"/><SP WIDTH="15" VPOS="308" HPOS="302"/>
							<String ID="string_43" HPOS="317" VPOS="314" WIDTH="68" HEIGHT="20" WC="0.96" CONTENT="anser,"/><SP WIDTH="16" VPOS="314" HPOS="385"/>
							<String ID="string_44" HPOS="401" VPOS="310" WIDTH="34" HEIGHT="19" WC="0.96" CONTENT="att"/><SP WIDTH="15" VPOS="310" HPOS="435"/>
							<String ID="string_45" HPOS="450" VPOS="314" WIDTH="34" HEIGHT="15" WC="0.96" CONTENT="om"/><SP WIDTH="17" VPOS="314" HPOS="484"/>
							<String ID="string_46" HPOS="501" VPOS="308" WIDTH="60" HEIGHT="21" WC="0.95" CONTENT="detta"/><SP WIDTH="15" VPOS="308" HPOS="561"/>
							<String ID="string_47" HPOS="576" VPOS="307" WIDTH="67" HEIGHT="21" WC="0.93" CONTENT="under"/><SP WIDTH="19" VPOS="307" HPOS="643"/>
							<String ID="string_48" HPOS="662" VPOS="307" WIDTH="91" HEIGHT="28" WC="0.96" CONTENT="somliga"/><SP WIDTH="15" VPOS="307" HPOS="753"/>
							<String ID="string_49" HPOS="768" VPOS="307" WIDTH="24" HEIGHT="21" WC="0.86" CONTENT="är"/><SP WIDTH="22" VPOS="307" HPOS="792"/>
							<String ID="string_50" HPOS="814" VPOS="307" WIDTH="35" HEIGHT="21" WC="0.96" CONTENT="till"/><SP WIDTH="15" VPOS="307" HPOS="849"/>
							<String ID="string_51" HPOS="864" VPOS="313" WIDTH="26" HEIGHT="14" WC="0.96" CONTENT="en"/>
						</TextLine>
						<TextLine ID="line_6" HPOS="133" VPOS="341" WIDTH="758" HEIGHT="28">
							<String ID="string_52" HPOS="133" VPOS="343" WIDTH="35" HEIGHT="21" WC="0.96" CONTENT="del"/><SP WIDTH="14" VPOS="343" HPOS="168"/>
							<String ID="string_53" HPOS="182" VPOS="343" WIDTH="43" HEIGHT="21" WC="0.93" CONTENT="kan"/><SP WIDTH="15" VPOS="343" HPOS="225"/>
							<String ID="string_54" HPOS="240" VPOS="342" WIDTH="66" HEIGHT="21" WC="0.92" CONTENT="blifva"/><SP WIDTH="16" VPOS="342" HPOS="306"/>
							<String ID="string_55" HPOS="322" VPOS="342" WIDTH="66" HEIGHT="26" WC="0.93" CONTENT="fallet,"/><SP WIDTH="16" VPOS="342" HPOS="388"/>
							<String ID="string_56" HPOS="404" VPOS="343" WIDTH="39" HEIGHT="20" WC="0.93" CONTENT="bör"/><SP WIDTH="16" VPOS="343" HPOS="443"/>
							<String ID="string_57" HPOS="459" VPOS="342" WIDTH="162" HEIGHT="27" WC="0.92" CONTENT="sportintresset"/><SP WIDTH="19" VPOS="342" HPOS="621"/>
							<String ID="string_58" HPOS="640" VPOS="341" WIDTH="58" HEIGHT="28" WC="0.93" CONTENT="gifva"/><SP WIDTH="23" VPOS="341" HPOS="698"/>
							<String ID="string_59" HPOS="721" VPOS="341" WIDTH="50" HEIGHT="22" WC="0.96" CONTENT="vika"/><SP WIDTH="19" VPOS="341" HPOS="771"/>
							<String ID="string_60" HPOS="790" VPOS="341" WIDTH="33" HEIGHT="21" WC="0.93" CONTENT="för"/><SP WIDTH="23" VPOS="341" HPOS="823"/>
							<String ID="string_61" HPOS="846" VPOS="347" WIDTH="45" HEIGHT="15" WC="0.91" CONTENT="om-"/>
						</TextLine>
						<TextLine ID="line_7" HPOS="134" VPOS="375" WIDTH="756" HEIGHT="29">
							<String ID="string_62" HPOS="134" VPOS="383" WIDTH="77" HEIGHT="21" WC="0.92" CONTENT="sorgen"/><SP WIDTH="21" VPOS="383" HPOS="211"/>
							<String ID="string_63" HPOS="232" VPOS="383" WIDTH="35" HEIGHT="14" WC="0.90" CONTENT="om"/><SP WIDTH="23" VPOS="383" HPOS="267"/>
							<String ID="string_64" HPOS="290" VPOS="376" WIDTH="240" HEIGHT="27" WC="0.90" CONTENT="skogsfägelstammens"/><SP WIDTH="24" VPOS="376" HPOS="530"/>
							<String ID="string_65" HPOS="554" VPOS="376" WIDTH="134" HEIGHT="21" WC="0.92" CONTENT="fortbeständ"/><SP WIDTH="23" VPOS="376" HPOS="688"/>
							<String ID="string_66" HPOS="711" VPOS="376" WIDTH="39" HEIGHT="21" WC="0.93" CONTENT="och"/><SP WIDTH="15" VPOS="376" HPOS="750"/>
							<String ID="string_67" HPOS="765" VPOS="375" WIDTH="125" HEIGHT="26" WC="0.91" CONTENT="förökande,"/>
						</TextLine>
						<TextLine ID="line_8" HPOS="134" VPOS="409" WIDTH="758" HEIGHT="29">
							<String ID="string_68" HPOS="134" VPOS="411" WIDTH="35" HEIGHT="21" WC="0.93" CONTENT="till"/><SP WIDTH="25" VPOS="411" HPOS="169"/>
							<String ID="string_69" HPOS="194" VPOS="411" WIDTH="115" HEIGHT="21" WC="0.92" CONTENT="ernäendet"/><SP WIDTH="25" VPOS="411" HPOS="309"/>
							<String ID="string_70" HPOS="334" VPOS="411" WIDTH="77" HEIGHT="21" WC="0.91" CONTENT="hvaraf"/><SP WIDTH="14" VPOS="411" HPOS="411"/>
							<String ID="string_71" HPOS="425" VPOS="410" WIDTH="165" HEIGHT="28" WC="0.91" CONTENT="nödvändigtvis"/><SP WIDTH="16" VPOS="410" HPOS="590"/>
							<String ID="string_72" HPOS="606" VPOS="409" WIDTH="107" HEIGHT="22" WC="0.91" CONTENT="erfordras"/><SP WIDTH="24" VPOS="409" HPOS="713"/>
							<String ID="string_73" HPOS="737" VPOS="411" WIDTH="18" HEIGHT="26" WC="0.93" CONTENT="ej"/><SP WIDTH="23" VPOS="411" HPOS="755"/>
							<String ID="string_74" HPOS="778" VPOS="410" WIDTH="56" HEIGHT="21" WC="0.90" CONTENT="blott"/><SP WIDTH="25" VPOS="410" HPOS="834"/>
							<String ID="string_75" HPOS="859" VPOS="411" WIDTH="33" HEIGHT="20" WC="0.97" CONTENT="att"/>
						</TextLine>
						<TextLine ID="line_9" HPOS="136" VPOS="444" WIDTH="756" HEIGHT="28">
							<String ID="string_76" HPOS="136" VPOS="444" WIDTH="197" HEIGHT="28" WC="0.92" CONTENT="fridlysningstiden"/><SP WIDTH="15" VPOS="444" HPOS="333"/>
							<String ID="string_77" HPOS="348" VPOS="445" WIDTH="99" HEIGHT="27" WC="0.92" CONTENT="vidtager"/><SP WIDTH="15" VPOS="445" HPOS="447"/>
							<String ID="string_78" HPOS="462" VPOS="445" WIDTH="93" HEIGHT="27" WC="0.96" CONTENT="tidigare"/><SP WIDTH="15" VPOS="445" HPOS="555"/>
							<String ID="string_79" HPOS="570" VPOS="447" WIDTH="27" HEIGHT="18" WC="0.93" CONTENT="än"/><SP WIDTH="16" VPOS="447" HPOS="597"/>
							<String ID="string_80" HPOS="613" VPOS="445" WIDTH="113" HEIGHT="26" WC="0.92" CONTENT="härintills,"/><SP WIDTH="11" VPOS="445" HPOS="726"/>
							<String ID="string_81" HPOS="737" VPOS="447" WIDTH="52" HEIGHT="19" WC="0.96" CONTENT="utan"/><SP WIDTH="12" VPOS="447" HPOS="789"/>
							<String ID="string_82" HPOS="801" VPOS="446" WIDTH="32" HEIGHT="20" WC="0.93" CONTENT="att"/><SP WIDTH="9" VPOS="446" HPOS="833"/>
							<String ID="string_83" HPOS="842" VPOS="445" WIDTH="50" HEIGHT="21" WC="0.92" CONTENT="den-"/>
						</TextLine>
						<TextLine ID="line_10" HPOS="137" VPOS="479" WIDTH="756" HEIGHT="28">
							<String ID="string_84" HPOS="137" VPOS="486" WIDTH="82" HEIGHT="15" WC="0.92" CONTENT="samma"/><SP WIDTH="22" VPOS="486" HPOS="219"/>
							<String ID="string_85" HPOS="241" VPOS="479" WIDTH="106" HEIGHT="28" WC="0.92" CONTENT="förlägges"/><SP WIDTH="24" VPOS="479" HPOS="347"/>
							<String ID="string_86" HPOS="371" VPOS="480" WIDTH="23" HEIGHT="21" WC="0.96" CONTENT="sä"/><SP WIDTH="21" VPOS="480" HPOS="394"/>
							<String ID="string_87" HPOS="415" VPOS="480" WIDTH="86" HEIGHT="27" WC="0.94" CONTENT="mycket"/><SP WIDTH="19" VPOS="480" HPOS="501"/>
							<String ID="string_88" HPOS="520" VPOS="486" WIDTH="46" HEIGHT="15" WC="0.96" CONTENT="som"/><SP WIDTH="16" VPOS="486" HPOS="566"/>
							<String ID="string_89" HPOS="582" VPOS="479" WIDTH="84" HEIGHT="28" WC="0.93" CONTENT="möjligt"/><SP WIDTH="15" VPOS="479" HPOS="666"/>
							<String ID="string_90" HPOS="681" VPOS="479" WIDTH="50" HEIGHT="28" WC="0.91" CONTENT="inpä"/><SP WIDTH="15" VPOS="479" HPOS="731"/>
							<String ID="string_91" HPOS="746" VPOS="479" WIDTH="83" HEIGHT="22" WC="0.90" CONTENT="hösten."/><SP WIDTH="31" VPOS="479" HPOS="829"/>
							<String ID="string_92" HPOS="860" VPOS="479" WIDTH="33" HEIGHT="21" WC="0.91" CONTENT="Dä"/>
						</TextLine>
						<TextLine ID="line_11" HPOS="136" VPOS="514" WIDTH="757" HEIGHT="28">
							<String ID="string_93" HPOS="136" VPOS="514" WIDTH="121" HEIGHT="22" WC="0.92" CONTENT="kontrollen"/><SP WIDTH="22" VPOS="514" HPOS="257"/>
							<String ID="string_94" HPOS="279" VPOS="514" WIDTH="24" HEIGHT="21" WC="0.93" CONTENT="af"/><SP WIDTH="18" VPOS="514" HPOS="303"/>
							<String ID="string_95" HPOS="321" VPOS="514" WIDTH="121" HEIGHT="28" WC="0.91" CONTENT="jagtlagens"/><SP WIDTH="23" VPOS="514" HPOS="442"/>
							<String ID="string_96" HPOS="465" VPOS="514" WIDTH="130" HEIGHT="22" WC="0.91" CONTENT="efterlefnad"/><SP WIDTH="19" VPOS="514" HPOS="595"/>
							<String ID="string_97" HPOS="614" VPOS="514" WIDTH="70" HEIGHT="21" WC="0.90" CONTENT="blefve"/><SP WIDTH="18" VPOS="514" HPOS="684"/>
							<String ID="string_98" HPOS="702" VPOS="514" WIDTH="7" HEIGHT="21" WC="0.93" CONTENT="i"/><SP WIDTH="15" VPOS="514" HPOS="709"/>
							<String ID="string_99" HPOS="724" VPOS="514" WIDTH="43" HEIGHT="27" WC="0.93" CONTENT="hög"/><SP WIDTH="14" VPOS="514" HPOS="767"/>
							<String ID="string_100" HPOS="781" VPOS="514" WIDTH="54" HEIGHT="27" WC="0.93" CONTENT="grad"/><SP WIDTH="15" VPOS="514" HPOS="835"/>
							<String ID="string_101" HPOS="850" VPOS="514" WIDTH="43" HEIGHT="21" WC="0.92" CONTENT="för-"/>
						</TextLine>
						<TextLine ID="line_12" HPOS="135" VPOS="548" WIDTH="757" HEIGHT="28">
							<String ID="string_102" HPOS="135" VPOS="548" WIDTH="84" HEIGHT="27" WC="0.92" CONTENT="svärad,"/><SP WIDTH="22" VPOS="548" HPOS="219"/>
							<String ID="string_103" HPOS="241" VPOS="548" WIDTH="47" HEIGHT="22" WC="0.91" CONTENT="ifall"/><SP WIDTH="15" VPOS="548" HPOS="288"/>
							<String ID="string_104" HPOS="303" VPOS="549" WIDTH="92" HEIGHT="21" WC="0.93" CONTENT="särskild"/><SP WIDTH="15" VPOS="549" HPOS="395"/>
							<String ID="string_105" HPOS="410" VPOS="548" WIDTH="174" HEIGHT="28" WC="0.93" CONTENT="fridlysningstid"/><SP WIDTH="15" VPOS="548" HPOS="584"/>
							<String ID="string_106" HPOS="599" VPOS="548" WIDTH="33" HEIGHT="22" WC="0.93" CONTENT="för"/><SP WIDTH="14" VPOS="548" HPOS="632"/>
							<String ID="string_107" HPOS="646" VPOS="548" WIDTH="68" HEIGHT="22" WC="0.92" CONTENT="haren"/><SP WIDTH="15" VPOS="548" HPOS="714"/>
							<String ID="string_108" HPOS="729" VPOS="548" WIDTH="71" HEIGHT="22" WC="0.91" CONTENT="blefve"/><SP WIDTH="15" VPOS="548" HPOS="800"/>
							<String ID="string_109" HPOS="815" VPOS="548" WIDTH="77" HEIGHT="26" WC="0.92" CONTENT="införd,"/>
						</TextLine>
						<TextLine ID="line_13" HPOS="135" VPOS="582" WIDTH="759" HEIGHT="28">
							<String ID="string_110" HPOS="135" VPOS="583" WIDTH="42" HEIGHT="21" WC="0.96" CONTENT="och"/><SP WIDTH="23" VPOS="583" HPOS="177"/>
							<String ID="string_111" HPOS="200" VPOS="583" WIDTH="26" HEIGHT="21" WC="0.96" CONTENT="dä"/><SP WIDTH="23" VPOS="583" HPOS="226"/>
							<String ID="string_112" HPOS="249" VPOS="583" WIDTH="26" HEIGHT="21" WC="0.95" CONTENT="de"/><SP WIDTH="21" VPOS="583" HPOS="275"/>
							<String ID="string_113" HPOS="296" VPOS="582" WIDTH="61" HEIGHT="22" WC="0.96" CONTENT="flesta"/><SP WIDTH="22" VPOS="582" HPOS="357"/>
							<String ID="string_114" HPOS="379" VPOS="583" WIDTH="70" HEIGHT="21" WC="0.93" CONTENT="honor"/><SP WIDTH="21" VPOS="583" HPOS="449"/>
							<String ID="string_115" HPOS="470" VPOS="583" WIDTH="117" HEIGHT="27" WC="0.96" CONTENT="vanligtvis"/><SP WIDTH="22" VPOS="583" HPOS="587"/>
							<String ID="string_116" HPOS="609" VPOS="583" WIDTH="66" HEIGHT="21" WC="0.93" CONTENT="redan"/><SP WIDTH="17" VPOS="583" HPOS="675"/>
							<String ID="string_117" HPOS="692" VPOS="584" WIDTH="45" HEIGHT="26" WC="0.96" CONTENT="lagt"/><SP WIDTH="16" VPOS="584" HPOS="737"/>
							<String ID="string_118" HPOS="753" VPOS="583" WIDTH="53" HEIGHT="21" WC="0.93" CONTENT="sista"/><SP WIDTH="15" VPOS="583" HPOS="806"/>
							<String ID="string_119" HPOS="821" VPOS="583" WIDTH="73" HEIGHT="21" WC="0.96" CONTENT="kullen"/>
						</TextLine>
						<TextLine ID="line_14" HPOS="137" VPOS="617" WIDTH="758" HEIGHT="28">
							<String ID="string_120" HPOS="137" VPOS="618" WIDTH="46" HEIGHT="20" WC="0.96" CONTENT="före"/><SP WIDTH="16" VPOS="618" HPOS="183"/>
							<String ID="string_121" HPOS="199" VPOS="618" WIDTH="40" HEIGHT="20" WC="0.96" CONTENT="den"/><SP WIDTH="17" VPOS="618" HPOS="239"/>
							<String ID="string_122" HPOS="256" VPOS="619" WIDTH="25" HEIGHT="19" WC="0.96" CONTENT="21"/><SP WIDTH="17" VPOS="619" HPOS="281"/>
							<String ID="string_123" HPOS="298" VPOS="618" WIDTH="97" HEIGHT="27" WC="0.96" CONTENT="Augusti,"/><SP WIDTH="16" VPOS="618" HPOS="395"/>
							<String ID="string_124" HPOS="411" VPOS="617" WIDTH="41" HEIGHT="21" WC="0.93" CONTENT="har"/><SP WIDTH="14" VPOS="617" HPOS="452"/>
							<String ID="string_125" HPOS="466" VPOS="618" WIDTH="108" HEIGHT="21" WC="0.96" CONTENT="utskottet"/><SP WIDTH="15" VPOS="618" HPOS="574"/>
							<String ID="string_126" HPOS="589" VPOS="619" WIDTH="71" HEIGHT="19" WC="0.93" CONTENT="ansett"/><SP WIDTH="12" VPOS="619" HPOS="660"/>
							<String ID="string_127" HPOS="672" VPOS="618" WIDTH="74" HEIGHT="27" WC="0.93" CONTENT="jagten"/><SP WIDTH="16" VPOS="618" HPOS="746"/>
							<String ID="string_128" HPOS="762" VPOS="618" WIDTH="12" HEIGHT="20" WC="0.93" CONTENT="å"/><SP WIDTH="8" VPOS="618" HPOS="774"/>
							<String ID="string_129" HPOS="782" VPOS="617" WIDTH="53" HEIGHT="21" WC="0.95" CONTENT="hare"/><SP WIDTH="7" VPOS="617" HPOS="835"/>
							<String ID="string_130" HPOS="842" VPOS="619" WIDTH="53" HEIGHT="19" WC="0.96" CONTENT="utan"/>
						</TextLine>
						<TextLine ID="line_15" HPOS="138" VPOS="652" WIDTH="757" HEIGHT="27">
							<String ID="string_131" HPOS="138" VPOS="652" WIDTH="107" HEIGHT="27" WC="0.91" CONTENT="synnerlig"/><SP WIDTH="22" VPOS="652" HPOS="245"/>
							<String ID="string_132" HPOS="267" VPOS="652" WIDTH="47" HEIGHT="20" WC="0.92" CONTENT="fara"/><SP WIDTH="19" VPOS="652" HPOS="314"/>
							<String ID="string_133" HPOS="333" VPOS="652" WIDTH="32" HEIGHT="21" WC="0.93" CONTENT="för"/><SP WIDTH="18" VPOS="652" HPOS="365"/>
							<String ID="string_134" HPOS="383" VPOS="652" WIDTH="90" HEIGHT="27" WC="0.92" CONTENT="slägtets"/><SP WIDTH="16" VPOS="652" HPOS="473"/>
							<String ID="string_135" HPOS="489" VPOS="652" WIDTH="135" HEIGHT="21" WC="0.92" CONTENT="fortbeständ"/><SP WIDTH="15" VPOS="652" HPOS="624"/>
							<String ID="string_136" HPOS="639" VPOS="652" WIDTH="39" HEIGHT="21" WC="0.93" CONTENT="och"/><SP WIDTH="16" VPOS="652" HPOS="678"/>
							<String ID="string_137" HPOS="694" VPOS="652" WIDTH="114" HEIGHT="27" WC="0.92" CONTENT="förökning"/><SP WIDTH="15" VPOS="652" HPOS="808"/>
							<String ID="string_138" HPOS="823" VPOS="652" WIDTH="72" HEIGHT="21" WC="0.96" CONTENT="kunna"/>
						</TextLine>
						<TextLine ID="line_16" HPOS="140" VPOS="686" WIDTH="504" HEIGHT="28">
							<String ID="string_139" HPOS="140" VPOS="686" WIDTH="87" HEIGHT="28" WC="0.91" CONTENT="vidtaga"/><SP WIDTH="14" VPOS="686" HPOS="227"/>
							<String ID="string_140" HPOS="241" VPOS="686" WIDTH="110" HEIGHT="28" WC="0.96" CONTENT="samtidigt"/><SP WIDTH="15" VPOS="686" HPOS="351"/>
							<String ID="string_141" HPOS="366" VPOS="686" WIDTH="49" HEIGHT="21" WC="0.96" CONTENT="med"/><SP WIDTH="16" VPOS="686" HPOS="415"/>
							<String ID="string_142" HPOS="431" VPOS="686" WIDTH="41" HEIGHT="21" WC="0.93" CONTENT="den"/><SP WIDTH="15" VPOS="686" HPOS="472"/>
							<String ID="string_143" HPOS="487" VPOS="686" WIDTH="14" HEIGHT="22" WC="0.92" CONTENT="&amp;"/><SP WIDTH="14" VPOS="686" HPOS="501"/>
							<String ID="string_144" HPOS="515" VPOS="686" WIDTH="129" HEIGHT="27" WC="0.87" CONTENT="skogsfägel."/>
						</TextLine>
					</TextBlock>
					<TextBlock ID="block_2" HPOS="138" VPOS="720" WIDTH="763" HEIGHT="303">
						<TextLine ID="line_17" HPOS="210" VPOS="720" WIDTH="687" HEIGHT="28">
							<String ID="string_145" HPOS="210" VPOS="721" WIDTH="96" HEIGHT="21" WC="0.91" CONTENT="Emedan"/><SP WIDTH="22" VPOS="721" HPOS="306"/>
							<String ID="string_146" HPOS="328" VPOS="720" WIDTH="72" HEIGHT="27" WC="0.91" CONTENT="haren,"/><SP WIDTH="25" VPOS="720" HPOS="400"/>
							<String ID="string_147" HPOS="425" VPOS="721" WIDTH="67" HEIGHT="21" WC="0.91" CONTENT="ehuru"/><SP WIDTH="16" VPOS="721" HPOS="492"/>
							<String ID="string_148" HPOS="508" VPOS="721" WIDTH="118" HEIGHT="21" WC="0.91" CONTENT="betraktad"/><SP WIDTH="15" VPOS="721" HPOS="626"/>
							<String ID="string_149" HPOS="641" VPOS="727" WIDTH="46" HEIGHT="15" WC="0.96" CONTENT="som"/><SP WIDTH="15" VPOS="727" HPOS="687"/>
							<String ID="string_150" HPOS="702" VPOS="723" WIDTH="31" HEIGHT="19" WC="0.96" CONTENT="ett"/><SP WIDTH="16" VPOS="723" HPOS="733"/>
							<String ID="string_151" HPOS="749" VPOS="721" WIDTH="80" HEIGHT="27" WC="0.93" CONTENT="nyttigt"/><SP WIDTH="14" VPOS="721" HPOS="829"/>
							<String ID="string_152" HPOS="843" VPOS="720" WIDTH="54" HEIGHT="21" WC="0.92" CONTENT="vild-"/>
						</TextLine>
						<TextLine ID="line_18" HPOS="138" VPOS="755" WIDTH="759" HEIGHT="27">
							<String ID="string_153" HPOS="138" VPOS="755" WIDTH="60" HEIGHT="27" WC="0.95" CONTENT="bråd,"/><SP WIDTH="24" VPOS="755" HPOS="198"/>
							<String ID="string_154" HPOS="222" VPOS="755" WIDTH="158" HEIGHT="21" WC="0.95" CONTENT="åstadkommer"/><SP WIDTH="21" VPOS="755" HPOS="380"/>
							<String ID="string_155" HPOS="401" VPOS="755" WIDTH="48" HEIGHT="21" WC="0.95" CONTENT="icke"/><SP WIDTH="24" VPOS="755" HPOS="449"/>
							<String ID="string_156" HPOS="473" VPOS="755" WIDTH="124" HEIGHT="27" WC="0.96" CONTENT="obetydliga"/><SP WIDTH="22" VPOS="755" HPOS="597"/>
							<String ID="string_157" HPOS="619" VPOS="756" WIDTH="78" HEIGHT="20" WC="0.93" CONTENT="skador"/><SP WIDTH="17" VPOS="756" HPOS="697"/>
							<String ID="string_158" HPOS="714" VPOS="756" WIDTH="13" HEIGHT="21" WC="0.91" CONTENT="å"/><SP WIDTH="16" VPOS="756" HPOS="727"/>
							<String ID="string_159" HPOS="743" VPOS="755" WIDTH="40" HEIGHT="21" WC="0.96" CONTENT="fält"/><SP WIDTH="14" VPOS="755" HPOS="783"/>
							<String ID="string_160" HPOS="797" VPOS="755" WIDTH="50" HEIGHT="21" WC="0.93" CONTENT="med"/><SP WIDTH="14" VPOS="755" HPOS="847"/>
							<String ID="string_161" HPOS="861" VPOS="756" WIDTH="36" HEIGHT="20" WC="0.93" CONTENT="vä-"/>
						</TextLine>
						<TextLine ID="line_19" HPOS="139" VPOS="789" WIDTH="759" HEIGHT="27">
							<String ID="string_162" HPOS="139" VPOS="790" WIDTH="69" HEIGHT="20" WC="0.92" CONTENT="xande"/><SP WIDTH="23" VPOS="790" HPOS="208"/>
							<String ID="string_163" HPOS="231" VPOS="790" WIDTH="66" HEIGHT="26" WC="0.96" CONTENT="gröda"/><SP WIDTH="22" VPOS="790" HPOS="297"/>
							<String ID="string_164" HPOS="319" VPOS="789" WIDTH="39" HEIGHT="21" WC="0.93" CONTENT="och"/><SP WIDTH="23" VPOS="789" HPOS="358"/>
							<String ID="string_165" HPOS="381" VPOS="790" WIDTH="12" HEIGHT="20" WC="0.91" CONTENT="å"/><SP WIDTH="16" VPOS="790" HPOS="393"/>
							<String ID="string_166" HPOS="409" VPOS="789" WIDTH="116" HEIGHT="27" WC="0.96" CONTENT="fruktträd,"/><SP WIDTH="16" VPOS="789" HPOS="525"/>
							<String ID="string_167" HPOS="541" VPOS="790" WIDTH="41" HEIGHT="20" WC="0.96" CONTENT="har"/><SP WIDTH="14" VPOS="790" HPOS="582"/>
							<String ID="string_168" HPOS="596" VPOS="790" WIDTH="107" HEIGHT="21" WC="0.96" CONTENT="utskottet"/><SP WIDTH="14" VPOS="790" HPOS="703"/>
							<String ID="string_169" HPOS="717" VPOS="792" WIDTH="72" HEIGHT="19" WC="0.93" CONTENT="ansett"/><SP WIDTH="14" VPOS="792" HPOS="789"/>
							<String ID="string_170" HPOS="803" VPOS="790" WIDTH="95" HEIGHT="20" WC="0.90" CONTENT="nödvän-"/>
						</TextLine>
						<TextLine ID="line_20" HPOS="140" VPOS="823" WIDTH="761" HEIGHT="28">
							<String ID="string_171" HPOS="140" VPOS="824" WIDTH="48" HEIGHT="26" WC="0.96" CONTENT="digt"/><SP WIDTH="22" VPOS="824" HPOS="188"/>
							<String ID="string_172" HPOS="210" VPOS="825" WIDTH="32" HEIGHT="19" WC="0.96" CONTENT="att"/><SP WIDTH="21" VPOS="825" HPOS="242"/>
							<String ID="string_173" HPOS="263" VPOS="824" WIDTH="71" HEIGHT="20" WC="0.93" CONTENT="lemna"/><SP WIDTH="23" VPOS="824" HPOS="334"/>
							<String ID="string_174" HPOS="357" VPOS="824" WIDTH="40" HEIGHT="20" WC="0.76" CONTENT="den"/><SP WIDTH="22" VPOS="824" HPOS="397"/>
							<String ID="string_175" HPOS="419" VPOS="824" WIDTH="98" HEIGHT="21" WC="0.93" CONTENT="enskilde"/><SP WIDTH="23" VPOS="824" HPOS="517"/>
							<String ID="string_176" HPOS="540" VPOS="830" WIDTH="80" HEIGHT="21" WC="0.92" CONTENT="egaren"/><SP WIDTH="20" VPOS="830" HPOS="620"/>
							<String ID="string_177" HPOS="640" VPOS="824" WIDTH="52" HEIGHT="21" WC="0.93" CONTENT="eller"/><SP WIDTH="15" VPOS="824" HPOS="692"/>
							<String ID="string_178" HPOS="707" VPOS="824" WIDTH="154" HEIGHT="22" WC="0.92" CONTENT="innehafvaren"/><SP WIDTH="16" VPOS="824" HPOS="861"/>
							<String ID="string_179" HPOS="877" VPOS="823" WIDTH="24" HEIGHT="21" WC="0.96" CONTENT="af"/>
						</TextLine>
						<TextLine ID="line_21" HPOS="138" VPOS="858" WIDTH="762" HEIGHT="28">
							<String ID="string_180" HPOS="138" VPOS="858" WIDTH="50" HEIGHT="27" WC="0.93" CONTENT="jord"/><SP WIDTH="15" VPOS="858" HPOS="188"/>
							<String ID="string_181" HPOS="203" VPOS="858" WIDTH="85" HEIGHT="21" WC="0.93" CONTENT="tillfälle"/><SP WIDTH="23" VPOS="858" HPOS="288"/>
							<String ID="string_182" HPOS="311" VPOS="860" WIDTH="37" HEIGHT="24" WC="0.96" CONTENT="att,"/><SP WIDTH="25" VPOS="860" HPOS="348"/>
							<String ID="string_183" HPOS="373" VPOS="858" WIDTH="37" HEIGHT="21" WC="0.96" CONTENT="der"/><SP WIDTH="15" VPOS="858" HPOS="410"/>
							<String ID="string_184" HPOS="425" VPOS="858" WIDTH="49" HEIGHT="26" WC="0.96" CONTENT="han,"/><SP WIDTH="24" VPOS="858" HPOS="474"/>
							<String ID="string_185" HPOS="498" VPOS="860" WIDTH="54" HEIGHT="20" WC="0.96" CONTENT="utan"/><SP WIDTH="15" VPOS="860" HPOS="552"/>
							<String ID="string_186" HPOS="567" VPOS="860" WIDTH="33" HEIGHT="20" WC="0.93" CONTENT="att"/><SP WIDTH="16" VPOS="860" HPOS="600"/>
							<String ID="string_187" HPOS="616" VPOS="859" WIDTH="91" HEIGHT="21" WC="0.92" CONTENT="anställa"/><SP WIDTH="13" VPOS="859" HPOS="707"/>
							<String ID="string_188" HPOS="720" VPOS="859" WIDTH="53" HEIGHT="27" WC="0.92" CONTENT="jagt,"/><SP WIDTH="24" VPOS="859" HPOS="773"/>
							<String ID="string_189" HPOS="797" VPOS="858" WIDTH="103" HEIGHT="22" WC="0.91" CONTENT="anträffar"/>
						</TextLine>
						<TextLine ID="line_22" HPOS="141" VPOS="892" WIDTH="760" HEIGHT="28">
							<String ID="string_190" HPOS="141" VPOS="892" WIDTH="52" HEIGHT="21" WC="0.91" CONTENT="hare"/><SP WIDTH="23" VPOS="892" HPOS="193"/>
							<String ID="string_191" HPOS="216" VPOS="892" WIDTH="13" HEIGHT="21" WC="0.91" CONTENT="&amp;"/><SP WIDTH="22" VPOS="892" HPOS="229"/>
							<String ID="string_192" HPOS="251" VPOS="892" WIDTH="56" HEIGHT="21" WC="0.92" CONTENT="slika"/><SP WIDTH="14" VPOS="892" HPOS="307"/>
							<String ID="string_193" HPOS="321" VPOS="892" WIDTH="40" HEIGHT="21" WC="0.96" CONTENT="fält"/><SP WIDTH="15" VPOS="892" HPOS="361"/>
							<String ID="string_194" HPOS="376" VPOS="892" WIDTH="51" HEIGHT="22" WC="0.96" CONTENT="eller"/><SP WIDTH="15" VPOS="892" HPOS="427"/>
							<String ID="string_195" HPOS="442" VPOS="893" WIDTH="7" HEIGHT="20" WC="0.93" CONTENT="i"/><SP WIDTH="16" VPOS="893" HPOS="449"/>
							<String ID="string_196" HPOS="465" VPOS="893" WIDTH="110" HEIGHT="27" WC="0.96" CONTENT="trädgård,"/><SP WIDTH="25" VPOS="893" HPOS="575"/>
							<String ID="string_197" HPOS="600" VPOS="892" WIDTH="52" HEIGHT="22" WC="0.95" CONTENT="fälla"/><SP WIDTH="16" VPOS="892" HPOS="652"/>
							<String ID="string_198" HPOS="668" VPOS="893" WIDTH="123" HEIGHT="21" WC="0.95" CONTENT="densamma"/><SP WIDTH="18" VPOS="893" HPOS="791"/>
							<String ID="string_199" HPOS="809" VPOS="892" WIDTH="63" HEIGHT="22" WC="0.93" CONTENT="äfven"/><SP WIDTH="16" VPOS="892" HPOS="872"/>
							<String ID="string_200" HPOS="888" VPOS="892" WIDTH="13" HEIGHT="22" WC="0.89" CONTENT="å"/>
						</TextLine>
						<TextLine ID="line_23" HPOS="142" VPOS="926" WIDTH="759" HEIGHT="29">
							<String ID="string_201" HPOS="142" VPOS="926" WIDTH="85" HEIGHT="27" WC="0.96" CONTENT="fridlyst"/><SP WIDTH="22" VPOS="926" HPOS="227"/>
							<String ID="string_202" HPOS="249" VPOS="926" WIDTH="38" HEIGHT="27" WC="0.93" CONTENT="tid,"/><SP WIDTH="22" VPOS="926" HPOS="287"/>
							<String ID="string_203" HPOS="309" VPOS="926" WIDTH="86" HEIGHT="22" WC="0.90" CONTENT="hvartill"/><SP WIDTH="24" VPOS="926" HPOS="395"/>
							<String ID="string_204" HPOS="419" VPOS="927" WIDTH="56" HEIGHT="21" WC="0.96" CONTENT="dock"/><SP WIDTH="22" VPOS="927" HPOS="475"/>
							<String ID="string_205" HPOS="497" VPOS="929" WIDTH="33" HEIGHT="20" WC="0.94" CONTENT="ett"/><SP WIDTH="22" VPOS="929" HPOS="530"/>
							<String ID="string_206" HPOS="552" VPOS="927" WIDTH="119" HEIGHT="28" WC="0.95" CONTENT="stadgande"/><SP WIDTH="15" VPOS="927" HPOS="671"/>
							<String ID="string_207" HPOS="686" VPOS="930" WIDTH="58" HEIGHT="19" WC="0.96" CONTENT="emot"/><SP WIDTH="15" VPOS="930" HPOS="744"/>
							<String ID="string_208" HPOS="759" VPOS="928" WIDTH="37" HEIGHT="21" WC="0.96" CONTENT="det"/><SP WIDTH="15" VPOS="928" HPOS="796"/>
							<String ID="string_209" HPOS="811" VPOS="927" WIDTH="90" HEIGHT="22" WC="0.96" CONTENT="sålunda"/>
						</TextLine>
						<TextLine ID="line_24" HPOS="142" VPOS="961" WIDTH="759" HEIGHT="28">
							<String ID="string_210" HPOS="142" VPOS="961" WIDTH="110" HEIGHT="22" WC="0.91" CONTENT="åtkomma"/><SP WIDTH="22" VPOS="961" HPOS="252"/>
							<String ID="string_211" HPOS="274" VPOS="961" WIDTH="81" HEIGHT="27" WC="0.93" CONTENT="djurets"/><SP WIDTH="22" VPOS="961" HPOS="355"/>
							<String ID="string_212" HPOS="377" VPOS="961" WIDTH="130" HEIGHT="28" WC="0.92" CONTENT="försäljande"/><SP WIDTH="25" VPOS="961" HPOS="507"/>
							<String ID="string_213" HPOS="532" VPOS="962" WIDTH="52" HEIGHT="21" WC="0.92" CONTENT="eller"/><SP WIDTH="24" VPOS="962" HPOS="584"/>
							<String ID="string_214" HPOS="608" VPOS="962" WIDTH="147" HEIGHT="21" WC="0.91" CONTENT="öfverlåtande"/><SP WIDTH="23" VPOS="962" HPOS="755"/>
							<String ID="string_215" HPOS="778" VPOS="962" WIDTH="33" HEIGHT="21" WC="0.95" CONTENT="till"/><SP WIDTH="19" VPOS="962" HPOS="811"/>
							<String ID="string_216" HPOS="830" VPOS="968" WIDTH="71" HEIGHT="15" WC="0.95" CONTENT="annan"/>
						</TextLine>
						<TextLine ID="line_25" HPOS="140" VPOS="995" WIDTH="231" HEIGHT="28">
							<String ID="string_217" HPOS="140" VPOS="998" WIDTH="83" HEIGHT="19" WC="0.96" CONTENT="ansetts"/><SP WIDTH="15" VPOS="998" HPOS="223"/>
							<String ID="string_218" HPOS="238" VPOS="996" WIDTH="52" HEIGHT="21" WC="0.96" CONTENT="böra"/><SP WIDTH="15" VPOS="996" HPOS="290"/>
							<String ID="string_219" HPOS="305" VPOS="995" WIDTH="66" HEIGHT="28" WC="0.96" CONTENT="fogas."/>
						</TextLine>
					</TextBlock>
					<TextBlock ID="block_3" HPOS="143" VPOS="1025" WIDTH="762" HEIGHT="204">
						<TextLine ID="line_26" HPOS="214" VPOS="1025" WIDTH="689" HEIGHT="33">
							<String ID="string_220" HPOS="214" VPOS="1025" WIDTH="147" HEIGHT="32" WC="0.92" CONTENT="Ändringarne"/><SP WIDTH="15" VPOS="1025" HPOS="361"/>
							<String ID="string_221" HPOS="376" VPOS="1030" WIDTH="7" HEIGHT="21" WC="0.96" CONTENT="i"/><SP WIDTH="17" VPOS="1030" HPOS="383"/>
							<String ID="string_222" HPOS="400" VPOS="1030" WIDTH="69" HEIGHT="21" WC="0.96" CONTENT="första"/><SP WIDTH="15" VPOS="1030" HPOS="469"/>
							<String ID="string_223" HPOS="484" VPOS="1037" WIDTH="64" HEIGHT="14" WC="0.96" CONTENT="mom."/><SP WIDTH="17" VPOS="1037" HPOS="548"/>
							<String ID="string_224" HPOS="565" VPOS="1030" WIDTH="24" HEIGHT="21" WC="0.93" CONTENT="af"/><SP WIDTH="13" VPOS="1030" HPOS="589"/>
							<String ID="string_225" HPOS="602" VPOS="1030" WIDTH="11" HEIGHT="27" WC="0.93" CONTENT="$"/><SP WIDTH="18" VPOS="1030" HPOS="613"/>
							<String ID="string_226" HPOS="631" VPOS="1031" WIDTH="26" HEIGHT="20" WC="0.93" CONTENT="13"/><SP WIDTH="16" VPOS="1031" HPOS="657"/>
							<String ID="string_227" HPOS="673" VPOS="1031" WIDTH="167" HEIGHT="27" WC="0.91" CONTENT="sammanhänga"/><SP WIDTH="13" VPOS="1031" HPOS="840"/>
							<String ID="string_228" HPOS="853" VPOS="1030" WIDTH="50" HEIGHT="21" WC="0.96" CONTENT="med"/>
						</TextLine>
						<TextLine ID="line_27" HPOS="144" VPOS="1064" WIDTH="758" HEIGHT="28">
							<String ID="string_229" HPOS="144" VPOS="1065" WIDTH="41" HEIGHT="20" WC="0.96" CONTENT="den"/><SP WIDTH="15" VPOS="1065" HPOS="185"/>
							<String ID="string_230" HPOS="200" VPOS="1064" WIDTH="127" HEIGHT="21" WC="0.92" CONTENT="förändrade"/><SP WIDTH="17" VPOS="1064" HPOS="327"/>
							<String ID="string_231" HPOS="344" VPOS="1064" WIDTH="246" HEIGHT="27" WC="0.91" CONTENT="fridlysningsterminen"/><SP WIDTH="22" VPOS="1064" HPOS="590"/>
							<String ID="string_232" HPOS="612" VPOS="1065" WIDTH="7" HEIGHT="20" WC="0.92" CONTENT="i"/><SP WIDTH="16" VPOS="1065" HPOS="619"/>
							<String ID="string_233" HPOS="635" VPOS="1065" WIDTH="11" HEIGHT="27" WC="0.92" CONTENT="$"/><SP WIDTH="18" VPOS="1065" HPOS="646"/>
							<String ID="string_234" HPOS="664" VPOS="1067" WIDTH="31" HEIGHT="19" WC="0.96" CONTENT="11."/><SP WIDTH="31" VPOS="1067" HPOS="695"/>
							<String ID="string_235" HPOS="726" VPOS="1065" WIDTH="10" HEIGHT="21" WC="0.95" CONTENT="I"/><SP WIDTH="19" VPOS="1065" HPOS="736"/>
							<String ID="string_236" HPOS="755" VPOS="1065" WIDTH="68" HEIGHT="21" WC="0.96" CONTENT="andra"/><SP WIDTH="14" VPOS="1065" HPOS="823"/>
							<String ID="string_237" HPOS="837" VPOS="1071" WIDTH="65" HEIGHT="16" WC="0.96" CONTENT="mom."/>
						</TextLine>
						<TextLine ID="line_28" HPOS="143" VPOS="1099" WIDTH="762" HEIGHT="28">
							<String ID="string_238" HPOS="143" VPOS="1099" WIDTH="40" HEIGHT="20" WC="0.96" CONTENT="har"/><SP WIDTH="15" VPOS="1099" HPOS="183"/>
							<String ID="string_239" HPOS="198" VPOS="1099" WIDTH="105" HEIGHT="20" WC="0.96" CONTENT="utskottet"/><SP WIDTH="15" VPOS="1099" HPOS="303"/>
							<String ID="string_240" HPOS="318" VPOS="1099" WIDTH="98" HEIGHT="21" WC="0.93" CONTENT="uteslutit"/><SP WIDTH="15" VPOS="1099" HPOS="416"/>
							<String ID="string_241" HPOS="431" VPOS="1099" WIDTH="165" HEIGHT="21" WC="0.91" CONTENT="bötesansvaret"/><SP WIDTH="17" VPOS="1099" HPOS="596"/>
							<String ID="string_242" HPOS="613" VPOS="1099" WIDTH="33" HEIGHT="21" WC="0.97" CONTENT="för"/><SP WIDTH="16" VPOS="1099" HPOS="646"/>
							<String ID="string_243" HPOS="662" VPOS="1099" WIDTH="96" HEIGHT="22" WC="0.92" CONTENT="hundens"/><SP WIDTH="16" VPOS="1099" HPOS="758"/>
							<String ID="string_244" HPOS="774" VPOS="1106" WIDTH="69" HEIGHT="21" WC="0.91" CONTENT="egare,"/><SP WIDTH="10" VPOS="1106" HPOS="843"/>
							<String ID="string_245" HPOS="853" VPOS="1101" WIDTH="52" HEIGHT="19" WC="0.96" CONTENT="enär"/>
						</TextLine>
						<TextLine ID="line_29" HPOS="144" VPOS="1133" WIDTH="761" HEIGHT="28">
							<String ID="string_246" HPOS="144" VPOS="1133" WIDTH="70" HEIGHT="20" WC="0.96" CONTENT="denne"/><SP WIDTH="21" VPOS="1133" HPOS="214"/>
							<String ID="string_247" HPOS="235" VPOS="1133" WIDTH="7" HEIGHT="20" WC="0.96" CONTENT="i"/><SP WIDTH="22" VPOS="1133" HPOS="242"/>
							<String ID="string_248" HPOS="264" VPOS="1133" WIDTH="79" HEIGHT="27" WC="0.96" CONTENT="många"/><SP WIDTH="22" VPOS="1133" HPOS="343"/>
							<String ID="string_249" HPOS="365" VPOS="1133" WIDTH="37" HEIGHT="21" WC="0.95" CONTENT="fall"/><SP WIDTH="15" VPOS="1133" HPOS="402"/>
							<String ID="string_250" HPOS="417" VPOS="1133" WIDTH="73" HEIGHT="21" WC="0.96" CONTENT="kunde"/><SP WIDTH="15" VPOS="1133" HPOS="490"/>
							<String ID="string_251" HPOS="505" VPOS="1134" WIDTH="87" HEIGHT="21" WC="0.96" CONTENT="komma"/><SP WIDTH="16" VPOS="1134" HPOS="592"/>
							<String ID="string_252" HPOS="608" VPOS="1135" WIDTH="33" HEIGHT="20" WC="0.93" CONTENT="att"/><SP WIDTH="16" VPOS="1135" HPOS="641"/>
							<String ID="string_253" HPOS="657" VPOS="1133" WIDTH="88" HEIGHT="22" WC="0.92" CONTENT="ådömas"/><SP WIDTH="18" VPOS="1133" HPOS="745"/>
							<String ID="string_254" HPOS="763" VPOS="1134" WIDTH="66" HEIGHT="27" WC="0.95" CONTENT="straff,"/><SP WIDTH="23" VPOS="1134" HPOS="829"/>
							<String ID="string_255" HPOS="852" VPOS="1136" WIDTH="53" HEIGHT="19" WC="0.96" CONTENT="utan"/>
						</TextLine>
						<TextLine ID="line_30" HPOS="145" VPOS="1167" WIDTH="760" HEIGHT="27">
							<String ID="string_256" HPOS="145" VPOS="1169" WIDTH="33" HEIGHT="19" WC="0.93" CONTENT="att"/><SP WIDTH="22" VPOS="1169" HPOS="178"/>
							<String ID="string_257" HPOS="200" VPOS="1167" WIDTH="101" HEIGHT="21" WC="0.88" CONTENT="straffbar"/><SP WIDTH="22" VPOS="1167" HPOS="301"/>
							<String ID="string_258" HPOS="323" VPOS="1167" WIDTH="50" HEIGHT="27" WC="0.96" CONTENT="vilja"/><SP WIDTH="15" VPOS="1167" HPOS="373"/>
							<String ID="string_259" HPOS="388" VPOS="1167" WIDTH="40" HEIGHT="22" WC="0.96" CONTENT="hos"/><SP WIDTH="15" VPOS="1167" HPOS="428"/>
							<String ID="string_260" HPOS="443" VPOS="1167" WIDTH="81" HEIGHT="22" WC="0.96" CONTENT="honom"/><SP WIDTH="15" VPOS="1167" HPOS="524"/>
							<String ID="string_261" HPOS="539" VPOS="1168" WIDTH="43" HEIGHT="21" WC="0.95" CONTENT="kan"/><SP WIDTH="16" VPOS="1168" HPOS="582"/>
							<String ID="string_262" HPOS="598" VPOS="1168" WIDTH="127" HEIGHT="21" WC="0.95" CONTENT="förutsättas"/><SP WIDTH="16" VPOS="1168" HPOS="725"/>
							<String ID="string_263" HPOS="741" VPOS="1169" WIDTH="52" HEIGHT="20" WC="0.96" CONTENT="eller"/><SP WIDTH="16" VPOS="1169" HPOS="793"/>
							<String ID="string_264" HPOS="809" VPOS="1175" WIDTH="37" HEIGHT="14" WC="0.93" CONTENT="ens"/><SP WIDTH="16" VPOS="1175" HPOS="846"/>
							<String ID="string_265" HPOS="862" VPOS="1168" WIDTH="43" HEIGHT="21" WC="0.93" CONTENT="för-"/>
						</TextLine>
						<TextLine ID="line_31" HPOS="145" VPOS="1202" WIDTH="455" HEIGHT="27">
							<String ID="string_266" HPOS="145" VPOS="1202" WIDTH="112" HEIGHT="20" WC="0.91" CONTENT="summelse"/><SP WIDTH="15" VPOS="1202" HPOS="257"/>
							<String ID="string_267" HPOS="272" VPOS="1202" WIDTH="43" HEIGHT="21" WC="0.96" CONTENT="kan"/><SP WIDTH="15" VPOS="1202" HPOS="315"/>
							<String ID="string_268" HPOS="330" VPOS="1204" WIDTH="61" HEIGHT="25" WC="0.96" CONTENT="tagas"/><SP WIDTH="15" VPOS="1204" HPOS="391"/>
							<String ID="string_269" HPOS="406" VPOS="1202" WIDTH="81" HEIGHT="21" WC="0.95" CONTENT="honom"/><SP WIDTH="16" VPOS="1202" HPOS="487"/>
							<String ID="string_270" HPOS="503" VPOS="1202" WIDTH="33" HEIGHT="21" WC="0.96" CONTENT="till"/><SP WIDTH="16" VPOS="1202" HPOS="536"/>
							<String ID="string_271" HPOS="552" VPOS="1203" WIDTH="48" HEIGHT="20" WC="0.96" CONTENT="last."/>
						</TextLine>
					</TextBlock>
					<TextBlock ID="block_4" HPOS="144" VPOS="1236" WIDTH="765" HEIGHT="96">
						<TextLine ID="line_32" HPOS="215" VPOS="1236" WIDTH="692" HEIGHT="28">
							<String ID="string_272" HPOS="215" VPOS="1236" WIDTH="11" HEIGHT="21" WC="0.96" CONTENT="I"/><SP WIDTH="21" VPOS="1236" HPOS="226"/>
							<String ID="string_273" HPOS="247" VPOS="1236" WIDTH="24" HEIGHT="27" WC="0.95" CONTENT="$$"/><SP WIDTH="26" VPOS="1236" HPOS="271"/>
							<String ID="string_274" HPOS="297" VPOS="1237" WIDTH="24" HEIGHT="20" WC="0.95" CONTENT="15"/><SP WIDTH="17" VPOS="1237" HPOS="321"/>
							<String ID="string_275" HPOS="338" VPOS="1236" WIDTH="39" HEIGHT="21" WC="0.95" CONTENT="och"/><SP WIDTH="19" VPOS="1236" HPOS="377"/>
							<String ID="string_276" HPOS="396" VPOS="1238" WIDTH="24" HEIGHT="19" WC="0.96" CONTENT="17"/><SP WIDTH="16" VPOS="1238" HPOS="420"/>
							<String ID="string_277" HPOS="436" VPOS="1236" WIDTH="67" HEIGHT="21" WC="0.93" CONTENT="hafva"/><SP WIDTH="14" VPOS="1236" HPOS="503"/>
							<String ID="string_278" HPOS="517" VPOS="1237" WIDTH="172" HEIGHT="27" WC="0.91" CONTENT="bötesbeloppen"/><SP WIDTH="20" VPOS="1237" HPOS="689"/>
							<String ID="string_279" HPOS="709" VPOS="1237" WIDTH="72" HEIGHT="21" WC="0.95" CONTENT="blifvit"/><SP WIDTH="24" VPOS="1237" HPOS="781"/>
							<String ID="string_280" HPOS="805" VPOS="1237" WIDTH="102" HEIGHT="21" WC="0.95" CONTENT="ställda"/><SP WIDTH="-10" VPOS="1237" HPOS="907"/>
							<String ID="string_281" HPOS="897" VPOS="1232" WIDTH="14" HEIGHT="36" WC="0.96" CONTENT="i"/>
						</TextLine>
						<TextLine ID="line_33" HPOS="144" VPOS="1269" WIDTH="765" HEIGHT="30">
							<String ID="string_282" HPOS="144" VPOS="1269" WIDTH="141" HEIGHT="22" WC="0.91" CONTENT="konformitet"/><SP WIDTH="22" VPOS="1269" HPOS="285"/>
							<String ID="string_283" HPOS="307" VPOS="1271" WIDTH="49" HEIGHT="20" WC="0.92" CONTENT="med"/><SP WIDTH="22" VPOS="1271" HPOS="356"/>
							<String ID="string_284" HPOS="378" VPOS="1271" WIDTH="190" HEIGHT="27" WC="0.92" CONTENT="bestämningarne"/><SP WIDTH="16" VPOS="1271" HPOS="568"/>
							<String ID="string_285" HPOS="584" VPOS="1271" WIDTH="6" HEIGHT="20" WC="0.96" CONTENT="i"/><SP WIDTH="17" VPOS="1271" HPOS="590"/>
							<String ID="string_286" HPOS="607" VPOS="1271" WIDTH="36" HEIGHT="21" WC="0.96" CONTENT="det"/><SP WIDTH="21" VPOS="1271" HPOS="643"/>
							<String ID="string_287" HPOS="664" VPOS="1272" WIDTH="115" HEIGHT="21" WC="0.93" CONTENT="ständerna"/><SP WIDTH="16" VPOS="1272" HPOS="779"/>
							<String ID="string_288" HPOS="795" VPOS="1271" WIDTH="114" HEIGHT="28" WC="0.91" CONTENT="förelagda"/>
						</TextLine>
						<TextLine ID="line_34" HPOS="144" VPOS="1304" WIDTH="219" HEIGHT="28">
							<String ID="string_289" HPOS="144" VPOS="1304" WIDTH="219" HEIGHT="28" WC="0.90" CONTENT="strafflagsförslaget."/>
						</TextLine>
					</TextBlock>
					<TextBlock ID="block_5" HPOS="147" VPOS="1339" WIDTH="762" HEIGHT="63">
						<TextLine ID="line_35" HPOS="215" VPOS="1339" WIDTH="691" HEIGHT="28">
							<String ID="string_290" HPOS="215" VPOS="1339" WIDTH="69" HEIGHT="21" WC="0.95" CONTENT="Slutet"/><SP WIDTH="15" VPOS="1339" HPOS="284"/>
							<String ID="string_291" HPOS="299" VPOS="1339" WIDTH="24" HEIGHT="21" WC="0.93" CONTENT="af"/><SP WIDTH="14" VPOS="1339" HPOS="323"/>
							<String ID="string_292" HPOS="337" VPOS="1339" WIDTH="10" HEIGHT="28" WC="0.93" CONTENT="$"/><SP WIDTH="18" VPOS="1339" HPOS="347"/>
							<String ID="string_293" HPOS="365" VPOS="1340" WIDTH="25" HEIGHT="20" WC="0.96" CONTENT="19"/><SP WIDTH="11" VPOS="1340" HPOS="390"/>
							<String ID="string_294" HPOS="401" VPOS="1341" WIDTH="25" HEIGHT="19" WC="0.96" CONTENT="är"/><SP WIDTH="11" VPOS="1341" HPOS="426"/>
							<String ID="string_295" HPOS="437" VPOS="1339" WIDTH="24" HEIGHT="21" WC="0.96" CONTENT="af"/><SP WIDTH="8" VPOS="1339" HPOS="461"/>
							<String ID="string_296" HPOS="469" VPOS="1339" WIDTH="109" HEIGHT="22" WC="0.92" CONTENT="utskottet"/><SP WIDTH="13" VPOS="1339" HPOS="578"/>
							<String ID="string_297" HPOS="591" VPOS="1339" WIDTH="176" HEIGHT="22" WC="0.91" CONTENT="omformuleradt"/><SP WIDTH="13" VPOS="1339" HPOS="767"/>
							<String ID="string_298" HPOS="780" VPOS="1340" WIDTH="34" HEIGHT="21" WC="0.96" CONTENT="för"/><SP WIDTH="15" VPOS="1340" HPOS="814"/>
							<String ID="string_299" HPOS="829" VPOS="1341" WIDTH="32" HEIGHT="20" WC="0.93" CONTENT="att"/><SP WIDTH="12" VPOS="1341" HPOS="861"/>
							<String ID="string_300" HPOS="873" VPOS="1346" WIDTH="33" HEIGHT="15" WC="0.91" CONTENT="er-"/>
						</TextLine>
						<TextLine ID="line_36" HPOS="147" VPOS="1373" WIDTH="762" HEIGHT="29">
							<String ID="string_301" HPOS="147" VPOS="1373" WIDTH="47" HEIGHT="22" WC="0.87" CONTENT="inra"/><SP WIDTH="16" VPOS="1373" HPOS="194"/>
							<String ID="string_302" HPOS="210" VPOS="1373" WIDTH="72" HEIGHT="22" WC="0.96" CONTENT="derom"/><SP WIDTH="15" VPOS="1373" HPOS="282"/>
							<String ID="string_303" HPOS="297" VPOS="1376" WIDTH="33" HEIGHT="19" WC="0.96" CONTENT="att"/><SP WIDTH="15" VPOS="1376" HPOS="330"/>
							<String ID="string_304" HPOS="345" VPOS="1373" WIDTH="26" HEIGHT="22" WC="0.96" CONTENT="de"/><SP WIDTH="15" VPOS="1373" HPOS="371"/>
							<String ID="string_305" HPOS="386" VPOS="1373" WIDTH="167" HEIGHT="28" WC="0.92" CONTENT="ifrågavarande"/><SP WIDTH="5" VPOS="1373" HPOS="553"/>
							<String ID="string_306" HPOS="558" VPOS="1374" WIDTH="175" HEIGHT="28" WC="0.90" CONTENT="jagtvårdarenes"/><SP WIDTH="10" VPOS="1374" HPOS="733"/>
							<String ID="string_307" HPOS="743" VPOS="1377" WIDTH="44" HEIGHT="20" WC="0.96" CONTENT="rätt"/><SP WIDTH="10" VPOS="1377" HPOS="787"/>
							<String ID="string_308" HPOS="797" VPOS="1377" WIDTH="32" HEIGHT="19" WC="0.96" CONTENT="att"/><SP WIDTH="9" VPOS="1377" HPOS="829"/>
							<String ID="string_309" HPOS="838" VPOS="1375" WIDTH="71" HEIGHT="21" WC="0.96" CONTENT="vittna"/>
						</TextLine>
					</TextBlock>
					<TextBlock ID="block_6" HPOS="217" VPOS="1412" WIDTH="426" HEIGHT="20">
						<TextLine ID="line_37" HPOS="217" VPOS="1412" WIDTH="426" HEIGHT="20">
							<String ID="string_310" HPOS="217" VPOS="1412" WIDTH="202" HEIGHT="19" WC="0.61" CONTENT="Ekonomiutskottets"/><SP WIDTH="14" VPOS="1412" HPOS="419"/>
							<String ID="string_311" HPOS="433" VPOS="1414" WIDTH="123" HEIGHT="18" WC="0.96" CONTENT="betänkande"/><SP WIDTH="12" VPOS="1414" HPOS="556"/>
							<String ID="string_312" HPOS="568" VPOS="1414" WIDTH="36" HEIGHT="18" WC="0.96" CONTENT="N:o"/><SP WIDTH="13" VPOS="1414" HPOS="604"/>
							<String ID="string_313" HPOS="617" VPOS="1415" WIDTH="26" HEIGHT="17" WC="0.96" CONTENT="16."/>
						</TextLine>
					</TextBlock>
				</ComposedBlock>
				<ComposedBlock ID="cblock_2" HPOS="942" VPOS="1036" WIDTH="61" HEIGHT="27">
					<TextBlock ID="block_7" HPOS="942" VPOS="1036" WIDTH="61" HEIGHT="27">
						<TextLine ID="line_38" HPOS="942" VPOS="1036" WIDTH="61" HEIGHT="27">
							<String ID="string_314" HPOS="942" VPOS="1036" WIDTH="11" HEIGHT="27" WC="0.58" CONTENT="8"/><SP WIDTH="18" VPOS="1036" HPOS="953"/>
							<String ID="string_315" HPOS="971" VPOS="1036" WIDTH="32" HEIGHT="27" WC="0.87" CONTENT="13."/>
						</TextLine>
					</TextBlock>
				</ComposedBlock>
				<ComposedBlock ID="cblock_3" HPOS="930" VPOS="1235" WIDTH="93" HEIGHT="30">
					<TextBlock ID="block_8" HPOS="930" VPOS="1235" WIDTH="93" HEIGHT="30">
						<TextLine ID="line_39" HPOS="930" VPOS="1235" WIDTH="93" HEIGHT="30">
							<String ID="string_316" HPOS="930" VPOS="1235" WIDTH="93" HEIGHT="30" WC="0.88" CONTENT="$15&amp;1"/>
						</TextLine>
					</TextBlock>
				</ComposedBlock>
			</PrintSpace>
		</Page>
	</Layout>
</alto>
