1048 1731
196 127 12 20 6
347 127 70 22 Ständ.
433 127 42 21 Pet.
492 139 27 3 —
536 126 140 23 Petitionsbet.
693 125 34 22 N:o
743 125 17 21 1.

236 189 49 21 Med
300 189 116 28 anledning
437 190 23 21 af
468 190 102 27 Wiborgs
584 190 60 21 stads
659 195 79 21 genom
753 187 50 22 dess
818 185 107 22 Fullmäk-

167 224 43 27 tige
226 224 25 21 år
268 223 55 22 1884
338 224 81 27 ingifna
430 225 149 26 underdåniga
594 224 103 21 anhållan
713 229 36 15 om
764 221 114 22 utförande
893 219 32 22 för

168 259 83 20 statens
267 257 92 28 räkning
374 258 49 21 med
439 259 76 26 bidrag
531 259 47 20 från
594 258 90 21 stadens
703 257 48 21 sida
771 255 23 22 af
812 255 113 27 jernvägs-

168 293 51 26 spår
238 292 31 21 till
287 292 88 21 stadens
395 293 65 21 södra
479 293 67 21 hamn
567 293 65 21 hafva
655 292 79 26 förslag
752 291 42 21 och
811 289 114 22 kostnads-

168 326 121 27 beräkning
303 326 33 21 för
355 327 59 21 detta
433 327 120 27 hamnspår
571 327 112 27 uppgjorts
703 326 42 21 och
764 324 105 22 särskilda
888 323 38 21 vil-

168 361 41 20 kor
220 360 23 21 af
256 360 110 28 Styrelsen
381 361 106 27 uppstälts
499 361 114 27 angående
630 361 88 20 stadens
733 359 77 26 bidrag
825 359 30 20 till
870 357 56 22 före-

168 397 64 25 taget.
263 395 69 21 Dessa
347 395 80 27 förslag
443 396 42 21 och
508 395 69 22 vilkor
596 395 66 21 hafva
682 394 23 21 af
725 394 100 26 Wiborgs
850 392 76 21 Stads-

169 429 132 27 fullmäktige
317 436 77 15 senare
410 430 114 27 godkänts,
541 430 42 21 och
599 429 67 22 skulle
687 429 6 20 i
709 429 94 26 enlighet
821 427 49 21 med
889 426 37 21 de-

169 470 86 15 samma
269 464 142 27 hamnspäret
426 464 59 21 ledas
508 465 47 20 från
576 464 215 27 jernvägsstationen
811 463 29 26 pä
862 467 65 15 norra

170 498 62 22 sidan
252 498 24 21 af
289 499 179 27 Jernvägsgatan,
484 499 62 27 längs
562 497 286 29 Alexandersperspektivet,
865 495 62 22 snedt

170 533 59 21 öfver
255 534 100 26 sydöstra
380 534 77 21 hörnet
481 534 24 21 af
531 534 148 21 Salakkalahti
704 533 42 26 vik,
772 532 62 26 längs
857 531 70 21 denna

169 568 47 21 viks
232 568 65 21 södra
313 568 75 21 strand
403 568 73 22 utmed
492 568 103 21 stranden
618 568 35 21 vid
673 568 125 26 Salutorget
821 566 41 21 och
884 565 42 21 Ka-

170 602 108 28 nalkajen,
295 602 60 22 öfver
369 603 156 27 Kairinegatan
541 603 42 21 och
599 602 55 22 förbi
670 602 121 28 packhuset
805 601 31 21 till
851 600 76 21 hamn-

170 638 71 26 kajen,
265 639 57 19 samt
338 638 77 21 staden
430 638 100 21 förbinda
546 638 32 26 sig
593 640 32 18 att
640 637 33 21 för
689 636 115 22 utförande
819 635 24 21 af
856 635 71 21 denna

167 672 232 27 jernvägssträckning
414 672 56 22 afstä
485 672 42 21 den
543 672 71 22 derför
630 671 146 27 erforderliga,
795 670 76 21 staden
886 669 41 21 till-

171 707 76 27 höriga
265 707 73 26 mark;
361 709 32 19 att
408 707 30 20 till
453 707 99 21 faststäld
569 707 51 27 höjd
639 707 90 27 planera
749 706 27 20 de
799 707 68 25 gator,
891 704 37 20 der

170 741 74 21 banan
255 741 88 21 komme
354 744 31 18 att
396 742 88 26 framgä,
501 744 57 18 samt
568 743 32 19 att
616 741 86 27 deltaga
717 740 50 21 med
783 739 72 21 halfva
869 739 59 20 kost-

171 776 72 21 naden
259 775 34 22 för
308 776 161 27 expropriation
485 776 24 21 af
522 776 26 21 de
564 776 33 21 för
616 776 97 20 bibanan
733 775 42 21 och
793 774 32 21 för
845 773 84 27 utvidg-

171 811 52 27 ning
245 810 24 21 af
287 810 102 28 Wiborgs
411 811 144 27 stationsplan
576 810 139 28 erforderliga
738 811 109 19 tomterna
869 808 60 21 N:ris

171 846 49 26 266,
237 846 48 26 267,
302 846 47 26 268,
367 846 42 21 269
425 846 41 21 och
486 846 48 26 270,
558 846 50 20 eller
630 846 50 20 hela
703 845 36 21 det
763 843 95 27 omräde,
882 848 48 15 som

172 880 106 21 omslutes
294 880 24 21 af
326 880 126 22 nuvarande
467 880 184 27 Jernvägstorget,
667 880 181 26 Jernvägsgatan,
864 879 67 25 gatan

172 915 79 21 mellan
259 917 110 19 tomterna
377 916 60 21 N:ris
446 916 41 20 265
496 916 42 20 och
550 916 40 20 266
605 917 57 19 samt
674 915 133 27 jernvägens
823 918 108 15 nuvaran-

172 950 27 21 de
210 950 95 21 område.
336 950 63 22 Detta
410 951 80 21 ärende
498 950 45 21 blef
550 951 73 20 såsom
632 949 184 28 petitionsiörslag
824 947 107 21 underka-

173 985 58 20 stadt
242 988 75 18 senast
327 985 131 21 törsamlade
469 985 105 22 Siänders
585 984 106 28 pröfning,
703 990 52 15 men
768 989 59 15 vann
843 981 27 22 dä
885 981 47 21 icke

174 1019 135 22 Ständernas
325 1020 164 27 godkännande.
520 1020 32 21 Dä
568 1020 121 21 detsamma
709 1018 36 21 vid
769 1018 70 20 denna
863 1015 70 22 landt-

174 1054 42 27 dag
232 1055 57 27 ånyo
305 1055 29 27 pä
349 1055 69 26 grund
433 1054 24 21 af
469 1054 111 21 inlemnad
595 1054 91 27 petition
702 1053 66 27 tagits
783 1052 31 21 till
836 1050 97 22 behand-

174 1089 50 27 ling,
240 1089 66 21 hafva
317 1089 130 27 Ständerna,
463 1096 48 14 som
522 1096 30 14 nu
564 1089 88 22 beslutit
666 1087 117 29 byggande
799 1086 22 21 af
835 1086 42 21 den
892 1085 41 21 Ka-

174 1124 71 21 relska
261 1124 80 27 banan,
357 1124 70 21 funnit
442 1126 31 19 att
489 1124 59 21 detta
563 1123 71 22 beslut
649 1123 50 21 med
715 1121 125 26 nödvändig
855 1120 79 21 konse-

175 1165 69 21 gvens
260 1159 97 28 päkallar
373 1159 134 22 omedelbart
526 1159 114 21 utförande
660 1158 23 21 af
701 1157 96 22 berörda
817 1155 118 26 hamnspär

175 1195 6 20 i
197 1194 98 27 Wiborg.

244 1229 49 22 Med
316 1229 102 22 afseende
441 1231 14 20 å
477 1229 101 28 Wiborgs
598 1229 111 28 betydelse
730 1234 48 15 som
797 1225 139 22 handelsstad

176 1265 69 20 mäste
261 1265 37 20 det
313 1265 33 21 för
361 1265 77 21 staden
459 1265 41 20 och
520 1264 41 21 den
584 1264 135 21 vidsträckta
742 1261 105 26 landsdel,
872 1261 65 20 hvars

175 1299 209 22 handelsrelationer
399 1299 24 22 af
435 1299 129 21 densamma:
578 1299 125 26 förmedlas,
719 1303 55 15 vara
789 1296 23 21 af
826 1298 45 19 stor
886 1295 50 26 vigt,

176 1335 31 20 att
223 1334 133 27 omlastning
379 1334 23 21 af
422 1340 64 15 varor
505 1333 48 22 frän
572 1333 83 22 farkost
682 1333 7 20 i
710 1332 164 27 jernvägsvagn
897 1329 41 21 och

175 1371 96 20 tvärtom
286 1370 43 21 kan
345 1369 126 22 verkställas
488 1369 47 21 med
553 1369 79 20 minsta
649 1368 88 27 möjliga
754 1366 121 26 omgångar
898 1364 41 21 och

176 1405 127 26 kostnader;
327 1404 59 22 detta
401 1405 26 21 så
442 1404 86 28 mycket
551 1410 66 19 mera,
642 1410 47 14 som
715 1402 90 21 stadens
828 1399 111 22 hamnför-
