1048 1731
595 122 22 23 o

220 151 13 20 4
412 149 227 24 Motionsbetänkande
655 150 36 22 N:o
707 149 30 23 13.

344 214 51 20 Till
418 214 162 21 hedervärda
603 214 197 20 Bondeständet.

265 265 33 20 Nu
313 265 92 24 gällande
416 266 118 23 förordning
545 271 31 14 om
587 265 90 20 vilkoren
689 265 31 20 för
730 265 123 25 försäljning,
871 264 83 24 forsling

192 296 51 18 samt
261 294 74 24 upplag
359 294 20 20 af
400 295 83 20 bränvin
506 294 37 20 och
568 295 62 19 andra
652 294 77 19 brända
755 293 48 20 eller
826 293 127 19 destillerade

192 323 138 25 spritdrycker
346 323 42 20 stär
402 323 26 25 pä
443 323 62 24 riktig
520 323 64 24 grund
600 323 50 23 deri,
667 324 30 17 att
712 323 38 18 den
766 322 75 19 lemnar
860 321 58 20 äfven
934 321 21 20 ät

192 351 150 20 stadskommun
357 354 41 17 rätt
413 354 30 18 att
457 353 54 18 inom
526 352 36 19 sitt
577 354 45 21 eget
637 351 81 20 omräde
733 350 99 24 medgifva
849 350 50 19 eller
914 349 40 20 för-

192 381 61 24 bjuda
275 380 135 24 utskänkning
432 381 38 19 och
492 381 118 24 försäljning
634 380 22 19 af
678 379 69 20 starka
770 379 93 24 drycker.
897 378 9 19 I
929 378 24 19 de

193 409 74 24 städer,
283 409 68 19 hvilka
366 409 62 20 redan
443 409 71 19 hunnit
536 409 90 24 begagna
642 409 30 24 sig
693 408 22 20 af
736 409 65 18 denna
824 407 130 22 förbudsrätt,

192 437 37 20 har
244 437 39 19 den
298 438 52 19 visat
365 438 30 23 sig
409 438 90 19 medföra
513 438 53 23 goda
581 437 84 26 frukter,
681 437 6 19 i
702 437 98 23 väsentlig
819 436 45 19 män
879 437 75 18 utrotat

195 465 217 26 dryckenskapslasten
427 467 7 18 i
449 467 60 19 dessa
525 466 68 19 städer
608 466 38 19 och
662 466 57 19 deras
735 465 86 24 omnejä.
849 464 48 20 Men
917 465 38 19 den

194 495 7 19 i
217 494 56 24 fräga
289 495 86 19 varande
391 495 142 24 förordningen
551 494 111 20 innehäller
684 493 124 21 beträffande
831 493 123 20 förbudsrät-

194 526 34 17 ten
245 529 23 13 en
285 524 129 24 bestämning,
430 524 79 19 hvilken
526 524 62 19 borde
604 524 79 19 ändras.
714 523 44 19 Den
777 522 62 20 finnes
854 523 7 19 i
876 522 78 20 förord-

194 552 83 24 ningens
293 552 12 26 $
320 551 35 25 51,
370 552 7 19 i
392 553 80 19 hvilken
487 553 35 19 det
536 552 64 26 heter,
619 554 31 18 att
664 552 52 20 hvad
730 552 7 18 i
753 552 65 18 denna
839 550 116 24 förordning

195 583 23 17 är
233 581 94 24 stadgadt
343 586 31 14 om
389 581 213 24 bränvinsförsäljning
617 581 58 19 äfven
691 580 63 24 gäller
765 580 31 19 för
806 580 63 19 andra
879 579 76 20 brända

195 610 49 19 eller
259 610 129 19 destillerade
403 610 30 19 in-
449 610 49 19 eller
513 610 109 19 utländska
640 610 112 24 spritvaror
775 609 37 19 och
835 608 58 20 deraf
913 608 41 19 till-

195 638 70 24 lagade
281 638 86 25 drycker
383 639 70 19 endast
469 639 6 19 i
491 638 33 20 det
539 638 41 26 fall,
597 640 30 17 att
642 638 25 19 de
677 637 101 20 innehålla
792 642 53 14 mera
856 639 25 17 än
892 636 27 20 25
927 635 28 27 9/,

196 666 82 20 alkohol
293 667 33 19 vid
341 666 28 27 +
386 666 25 21 15
427 667 73 24 grader
515 667 62 24 enligt
593 666 61 20 Celsii
674 669 131 17 termometer.
835 666 72 18 Denna
921 665 34 19 be-

196 696 98 23 stämning
310 698 42 23 gör,
367 698 37 17 när
419 696 38 19 den
473 695 65 20 blifvit
553 696 60 25 känd,
630 696 34 18 det
678 695 77 23 möjligt
777 694 32 20 för
830 694 68 24 hvarje
922 699 33 13 en-

196 724 53 19 skild
264 724 12 19 &
291 724 25 19 de
332 728 61 20 orter,
412 725 35 19 der
462 724 150 20 förbudsrätten
628 724 83 19 kommit
727 724 29 18 till
771 723 132 25 användning,
926 725 30 16 att

196 754 71 18 nästan
283 752 124 24 fullständigt
422 753 132 23 tillintetgöra
570 753 34 19 det
619 758 57 18 gagn,
691 758 45 14 man
755 752 73 24 äsyftat
848 751 45 19 med
915 750 40 20 för-

195 781 68 19 budet.
293 782 107 19 Dessutom
415 781 117 20 framkallar
547 782 39 19 den
601 782 58 19 äfven
674 781 27 25 pä
715 781 25 19 de
756 782 61 24 orter,
833 780 36 20 der
884 779 72 20 förbud

196 810 18 24 ej
230 809 69 27 finnes,
317 810 72 20 handel
405 810 44 20 med
464 810 105 20 allehanda
584 810 31 19 för
631 810 69 19 helsan
716 809 91 24 skadliga
817 808 138 24 blandningar.

269 838 24 20 Vi
309 839 50 23 våga
374 839 67 19 derför
457 838 79 20 anhålla
559 841 29 17 att
604 838 118 24 Ständerna,
746 838 43 19 med
813 837 100 20 anlitande
936 836 22 20 af

196 867 38 19 den
250 867 44 19 dem
309 867 98 24 medgifna
423 868 133 23 motionsrätt,
571 867 48 20 ville
636 867 106 24 godkänna
757 866 148 20 nedanstående
916 865 40 20 för-

197 895 42 24 slag
253 896 31 19 till
300 896 115 24 förändring
431 896 21 20 af
465 896 151 24 ifrågavarande
632 895 103 25 paragraf:

403 963 96 28 Förslag
514 964 36 21 till
560 963 147 28 förordning,
731 965 32 19 att
777 963 16 27 $
807 963 29 20 51
851 963 9 20 i
874 961 83 29 nådiga

331 992 165 28 förordningen
512 993 32 27 af
554 993 42 20 den
611 993 29 20 16
655 992 51 21 Juli
724 993 59 20 1886
805 998 34 14 om
861 990 96 22 vilkoren

331 1021 44 27 för
385 1021 151 28 försäljning,
546 1021 104 49 Poriin
665 1023 57 19 samt
736 1020 84 28 upplag
842 1019 32 28 af
893 1019 66 21 brän-

335 1049 37 21 vin
389 1049 38 22 och
449 1049 74 22 andra
558 1050 74 21 brända
655 1050 53 21 eller
730 1049 139 21 destillerade
891 1048 67 28 sprit-

337 1078 98 28 drycker,
451 1078 79 21 erhölle
542 1078 109 28 följande
666 1078 86 29 lydelse.

542 1153 12 26 8
577 1153 35 21 51.

271 1193 18 20 1.
320 1193 43 20 Allt
377 1193 53 20 hvad
445 1194 6 19 i
467 1194 65 19 denna
547 1193 117 25 förordning
687 1196 23 17 är
733 1193 93 24 stadgadt
848 1198 31 14 om
901 1192 58 20 brän-

198 1223 39 22 vin,
253 1222 45 19 med
313 1222 102 24 undantag
429 1222 22 20 af
464 1223 35 19 det
513 1223 6 18 i
535 1222 11 25 8
562 1221 27 22 28
604 1222 119 20 meddelade
738 1221 73 20 förbud
832 1224 41 17 mot
897 1221 65 19 inför-

199 1251 28 18 sel
243 1250 58 20 deraf
315 1250 31 19 till
361 1251 76 23 landet,
453 1251 51 24 gälle
519 1251 59 20 äfven
594 1251 32 20 för
641 1251 64 19 andra
720 1251 76 19 brända
811 1250 50 19 eller
871 1249 88 20 destille-

198 1279 49 19 rade
262 1280 30 18 in-
309 1279 36 20 och
361 1280 108 19 utländska
484 1280 110 24 spritvaror
610 1280 38 19 och
667 1279 59 20 deraf
747 1279 94 24 tillagade
865 1278 94 25 drycker;

199 1307 52 20 dock
266 1310 30 17 att
311 1308 120 24 stadgandet
446 1309 6 18 i
468 1308 11 25 $
496 1308 26 19 16
538 1314 31 14 om
585 1309 38 19 den
639 1308 76 25 styrka,
731 1308 106 19 bränvinet
851 1307 38 20 bör
901 1307 60 19 minst

204 1336 105 23 nnehafva,
332 1337 45 19 icke
401 1339 47 22 äger
470 1337 125 24 tillämpning
618 1337 12 19 &
654 1337 123 19 sistpdämnda
800 1335 91 25 drycker.
921 1335 39 19 Till

200 1370 59 19 gessa
274 1365 73 19 räknas
363 1365 76 20 sådana
453 1365 139 25 blandningar,
608 1366 7 19 i
630 1365 68 20 hvilka
713 1365 84 20 bränvin
813 1364 57 24 ingår
881 1363 30 20 till
926 1363 34 20 nä-

198 1394 39 19 don
254 1396 65 19 större
335 1394 38 26 del,
390 1394 100 20 äfvensom
506 1394 63 20 andra
584 1395 128 24 rusdrycker,
728 1394 67 20 hvilka
809 1392 101 20 innehålla
919 1398 42 13 mer

198 1423 25 19 än
239 1422 40 20 tolf
292 1426 84 21 procent
391 1423 81 19 alkohol
488 1423 33 19 vid
536 1422 28 27 +
582 1423 25 20 15
626 1424 73 23 grader
721 1422 62 24 enligt
807 1422 62 20 Celsii
889 1423 72 17 termo-

198 1453 69 17 meter.

267 1489 325 19 Ekonomiutskottetsbetänkande
605 1490 35 18 N:o
656 1490 24 17 15.
