<?xml version="1.0" encoding="UTF-8"?>
<alto xmlns="http://www.loc.gov/standards/alto/ns-v3#" xmlns:xlink="http://www.w3.org/1999/xlink" xmlns:xsi="http://www.w3.org/2001/XMLSchema-instance" xsi:schemaLocation="http://www.loc.gov/standards/alto/ns-v3# http://www.loc.gov/alto/v3/alto-3-0.xsd">
	<Description>
		<MeasurementUnit>pixel</MeasurementUnit>
		<sourceImageInformation>
			<fileName>/tmp/tess_j3r90y5j_input.PNG</fileName>
		</sourceImageInformation>
		<OCRProcessing ID="OCR_0">
			<ocrProcessingStep>
				<processingSoftware>
					<softwareName>tesseract 5.3.4</softwareName>
				</processingSoftware>
			</ocrProcessingStep>
		</OCRProcessing>
	</Description>
	<Layout>
		<Page WIDTH="1048" HEIGHT="1731" PHYSICAL_IMG_NR="0" ID="page_0">
			<PrintSpace HPOS="0" VPOS="0" WIDTH="1048" HEIGHT="1731">
				<ComposedBlock ID="cblock_0" HPOS="180" VPOS="131" WIDTH="517" HEIGHT="27">
					<TextBlock ID="block_0" HPOS="180" VPOS="131" WIDTH="517" HEIGHT="27">
						<TextLine ID="line_0" HPOS="180" VPOS="131" WIDTH="517" HEIGHT="27">
							<String ID="string_0" HPOS="180" VPOS="131" WIDTH="378" HEIGHT="27" WC="0.82" CONTENT="Petitionsbetänkande"/><SP WIDTH="15" VPOS="131" HPOS="558"/>
							<String ID="string_1" HPOS="573" VPOS="133" WIDTH="54" HEIGHT="24" WC="0.96" CONTENT="N:o"/><SP WIDTH="15" VPOS="133" HPOS="627"/>
							<String ID="string_2" HPOS="642" VPOS="134" WIDTH="55" HEIGHT="23" WC="0.96" CONTENT="46."/>
						</TextLine>
					</TextBlock>
				</ComposedBlock>
				<ComposedBlock ID="cblock_1" HPOS="267" VPOS="531" WIDTH="554" HEIGHT="131">
					<TextBlock ID="block_1" HPOS="267" VPOS="531" WIDTH="554" HEIGHT="131">
						<TextLine ID="line_1" HPOS="336" VPOS="531" WIDTH="485" HEIGHT="22">
							<String ID="string_3" HPOS="336" VPOS="532" WIDTH="123" HEIGHT="21" WC="0.93" CONTENT="Allmänna"/><SP WIDTH="22" VPOS="532" HPOS="459"/>
							<String ID="string_4" HPOS="481" VPOS="531" WIDTH="238" HEIGHT="22" WC="0.91" CONTENT="Besvärsutskottets"/><SP WIDTH="21" VPOS="531" HPOS="719"/>
							<String ID="string_5" HPOS="740" VPOS="532" WIDTH="81" HEIGHT="21" WC="0.91" CONTENT="betän-"/>
						</TextLine>
						<TextLine ID="line_2" HPOS="269" VPOS="565" WIDTH="552" HEIGHT="27">
							<String ID="string_6" HPOS="269" VPOS="566" WIDTH="74" HEIGHT="21" WC="0.96" CONTENT="kande"/><SP WIDTH="15" VPOS="566" HPOS="343"/>
							<String ID="string_7" HPOS="358" VPOS="566" WIDTH="33" HEIGHT="21" WC="0.96" CONTENT="N:o"/><SP WIDTH="15" VPOS="566" HPOS="391"/>
							<String ID="string_8" HPOS="406" VPOS="565" WIDTH="24" HEIGHT="25" WC="0.96" CONTENT="35"/><SP WIDTH="15" VPOS="565" HPOS="430"/>
							<String ID="string_9" HPOS="445" VPOS="566" WIDTH="6" HEIGHT="21" WC="0.96" CONTENT="i"/><SP WIDTH="16" VPOS="566" HPOS="451"/>
							<String ID="string_10" HPOS="467" VPOS="566" WIDTH="101" HEIGHT="26" WC="0.95" CONTENT="anledning"/><SP WIDTH="14" VPOS="566" HPOS="568"/>
							<String ID="string_11" HPOS="582" VPOS="565" WIDTH="21" HEIGHT="21" WC="0.96" CONTENT="af"/><SP WIDTH="8" VPOS="565" HPOS="603"/>
							<String ID="string_12" HPOS="611" VPOS="567" WIDTH="27" HEIGHT="20" WC="0.96" CONTENT="ett"/><SP WIDTH="11" VPOS="567" HPOS="638"/>
							<String ID="string_13" HPOS="649" VPOS="566" WIDTH="28" HEIGHT="20" WC="0.93" CONTENT="till"/><SP WIDTH="11" VPOS="566" HPOS="677"/>
							<String ID="string_14" HPOS="688" VPOS="565" WIDTH="133" HEIGHT="22" WC="0.92" CONTENT="Bondeståndet"/>
						</TextLine>
						<TextLine ID="line_3" HPOS="267" VPOS="599" WIDTH="554" HEIGHT="29">
							<String ID="string_15" HPOS="267" VPOS="600" WIDTH="79" HEIGHT="28" WC="0.92" CONTENT="ingifvet"/><SP WIDTH="7" VPOS="600" HPOS="346"/>
							<String ID="string_16" HPOS="353" VPOS="600" WIDTH="166" HEIGHT="28" WC="0.91" CONTENT="petitionsförslag,"/><SP WIDTH="10" VPOS="600" HPOS="519"/>
							<String ID="string_17" HPOS="529" VPOS="599" WIDTH="93" HEIGHT="29" WC="0.96" CONTENT="angående"/><SP WIDTH="8" VPOS="599" HPOS="622"/>
							<String ID="string_18" HPOS="630" VPOS="600" WIDTH="127" HEIGHT="27" WC="0.93" CONTENT="vetenskaplig"/><SP WIDTH="8" VPOS="600" HPOS="757"/>
							<String ID="string_19" HPOS="765" VPOS="599" WIDTH="56" HEIGHT="22" WC="0.92" CONTENT="forst-"/>
						</TextLine>
						<TextLine ID="line_4" HPOS="267" VPOS="634" WIDTH="439" HEIGHT="28">
							<String ID="string_20" HPOS="267" VPOS="634" WIDTH="133" HEIGHT="28" WC="0.96" CONTENT="undervisning"/><SP WIDTH="15" VPOS="634" HPOS="400"/>
							<String ID="string_21" HPOS="415" VPOS="634" WIDTH="30" HEIGHT="22" WC="0.93" CONTENT="vid"/><SP WIDTH="14" VPOS="634" HPOS="445"/>
							<String ID="string_22" HPOS="459" VPOS="634" WIDTH="133" HEIGHT="28" WC="0.90" CONTENT="polytekniska"/><SP WIDTH="15" VPOS="634" HPOS="592"/>
							<String ID="string_23" HPOS="607" VPOS="634" WIDTH="99" HEIGHT="24" WC="0.87" CONTENT="institutet,"/>
						</TextLine>
					</TextBlock>
				</ComposedBlock>
				<ComposedBlock ID="cblock_2" HPOS="63" VPOS="684" WIDTH="759" HEIGHT="97">
					<TextBlock ID="block_2" HPOS="63" VPOS="684" WIDTH="759" HEIGHT="97">
						<TextLine ID="line_5" HPOS="132" VPOS="684" WIDTH="689" HEIGHT="29">
							<String ID="string_24" HPOS="132" VPOS="685" WIDTH="70" HEIGHT="22" WC="0.92" CONTENT="Jemte"/><SP WIDTH="15" VPOS="685" HPOS="202"/>
							<String ID="string_25" HPOS="217" VPOS="685" WIDTH="195" HEIGHT="28" WC="0.89" CONTENT="protokollsutdrag"/><SP WIDTH="15" VPOS="685" HPOS="412"/>
							<String ID="string_26" HPOS="427" VPOS="685" WIDTH="33" HEIGHT="22" WC="0.96" CONTENT="för"/><SP WIDTH="15" VPOS="685" HPOS="460"/>
							<String ID="string_27" HPOS="475" VPOS="686" WIDTH="41" HEIGHT="21" WC="0.96" CONTENT="den"/><SP WIDTH="18" VPOS="686" HPOS="516"/>
							<String ID="string_28" HPOS="534" VPOS="686" WIDTH="26" HEIGHT="21" WC="0.95" CONTENT="16"/><SP WIDTH="15" VPOS="686" HPOS="560"/>
							<String ID="string_29" HPOS="575" VPOS="684" WIDTH="102" HEIGHT="23" WC="0.96" CONTENT="Februari"/><SP WIDTH="15" VPOS="684" HPOS="677"/>
							<String ID="string_30" HPOS="692" VPOS="685" WIDTH="39" HEIGHT="22" WC="0.92" CONTENT="har"/><SP WIDTH="7" VPOS="685" HPOS="731"/>
							<String ID="string_31" HPOS="738" VPOS="685" WIDTH="83" HEIGHT="22" WC="0.92" CONTENT="Bonde-"/>
						</TextLine>
						<TextLine ID="line_6" HPOS="63" VPOS="719" WIDTH="759" HEIGHT="28">
							<String ID="string_32" HPOS="63" VPOS="720" WIDTH="86" HEIGHT="22" WC="0.91" CONTENT="ständet"/><SP WIDTH="24" VPOS="720" HPOS="149"/>
							<String ID="string_33" HPOS="173" VPOS="719" WIDTH="32" HEIGHT="21" WC="0.93" CONTENT="till"/><SP WIDTH="15" VPOS="719" HPOS="205"/>
							<String ID="string_34" HPOS="220" VPOS="719" WIDTH="121" HEIGHT="22" WC="0.92" CONTENT="Utskottets"/><SP WIDTH="14" VPOS="719" HPOS="341"/>
							<String ID="string_35" HPOS="355" VPOS="719" WIDTH="159" HEIGHT="28" WC="0.91" CONTENT="handläggning"/><SP WIDTH="16" VPOS="719" HPOS="514"/>
							<String ID="string_36" HPOS="530" VPOS="719" WIDTH="117" HEIGHT="25" WC="0.92" CONTENT="hänskjutit"/><SP WIDTH="15" VPOS="719" HPOS="647"/>
							<String ID="string_37" HPOS="662" VPOS="721" WIDTH="31" HEIGHT="20" WC="0.93" CONTENT="ett"/><SP WIDTH="14" VPOS="721" HPOS="693"/>
							<String ID="string_38" HPOS="707" VPOS="719" WIDTH="115" HEIGHT="27" WC="0.92" CONTENT="sälydande"/>
						</TextLine>
						<TextLine ID="line_7" HPOS="66" VPOS="753" WIDTH="221" HEIGHT="28">
							<String ID="string_39" HPOS="66" VPOS="753" WIDTH="221" HEIGHT="28" WC="0.69" CONTENT="petitionsmemorial:"/>
						</TextLine>
					</TextBlock>
				</ComposedBlock>
				<ComposedBlock ID="cblock_3" HPOS="132" VPOS="799" WIDTH="530" HEIGHT="66">
					<TextBlock ID="block_3" HPOS="132" VPOS="799" WIDTH="530" HEIGHT="66">
						<TextLine ID="line_8" HPOS="132" VPOS="799" WIDTH="167" HEIGHT="27">
							<String ID="string_40" HPOS="132" VPOS="799" WIDTH="167" HEIGHT="27" WC="0.91" CONTENT="(Öfversättning.)"/>
						</TextLine>
						<TextLine ID="line_9" HPOS="223" VPOS="844" WIDTH="439" HEIGHT="21">
							<String ID="string_41" HPOS="223" VPOS="844" WIDTH="49" HEIGHT="20" WC="0.93" CONTENT="Till"/><SP WIDTH="15" VPOS="844" HPOS="272"/>
							<String ID="string_42" HPOS="287" VPOS="844" WIDTH="165" HEIGHT="20" WC="0.90" CONTENT="Hedervärda"/><SP WIDTH="15" VPOS="844" HPOS="452"/>
							<String ID="string_43" HPOS="467" VPOS="844" WIDTH="195" HEIGHT="21" WC="0.88" CONTENT="Bondeständet."/>
						</TextLine>
					</TextBlock>
				</ComposedBlock>
				<ComposedBlock ID="cblock_4" HPOS="64" VPOS="896" WIDTH="762" HEIGHT="565">
					<TextBlock ID="block_4" HPOS="64" VPOS="896" WIDTH="759" HEIGHT="219">
						<TextLine ID="line_10" HPOS="132" VPOS="896" WIDTH="691" HEIGHT="24">
							<String ID="string_44" HPOS="132" VPOS="896" WIDTH="128" HEIGHT="24" WC="0.92" CONTENT="Klagomälen"/><SP WIDTH="16" VPOS="896" HPOS="260"/>
							<String ID="string_45" HPOS="276" VPOS="896" WIDTH="55" HEIGHT="19" WC="0.93" CONTENT="öfver"/><SP WIDTH="15" VPOS="896" HPOS="331"/>
							<String ID="string_46" HPOS="346" VPOS="896" WIDTH="74" HEIGHT="19" WC="0.92" CONTENT="värden"/><SP WIDTH="16" VPOS="896" HPOS="420"/>
							<String ID="string_47" HPOS="436" VPOS="896" WIDTH="21" HEIGHT="19" WC="0.93" CONTENT="af"/><SP WIDTH="15" VPOS="896" HPOS="457"/>
							<String ID="string_48" HPOS="472" VPOS="896" WIDTH="47" HEIGHT="19" WC="0.90" CONTENT="vära"/><SP WIDTH="16" VPOS="896" HPOS="519"/>
							<String ID="string_49" HPOS="535" VPOS="896" WIDTH="137" HEIGHT="24" WC="0.91" CONTENT="kronoskogar"/><SP WIDTH="13" VPOS="896" HPOS="672"/>
							<String ID="string_50" HPOS="685" VPOS="896" WIDTH="59" HEIGHT="20" WC="0.90" CONTENT="hafva"/><SP WIDTH="15" VPOS="896" HPOS="744"/>
							<String ID="string_51" HPOS="759" VPOS="896" WIDTH="22" HEIGHT="19" WC="0.95" CONTENT="är"/><SP WIDTH="10" VPOS="896" HPOS="781"/>
							<String ID="string_52" HPOS="791" VPOS="896" WIDTH="32" HEIGHT="19" WC="0.95" CONTENT="för"/>
						</TextLine>
						<TextLine ID="line_11" HPOS="64" VPOS="924" WIDTH="757" HEIGHT="25">
							<String ID="string_53" HPOS="64" VPOS="925" WIDTH="23" HEIGHT="19" WC="0.91" CONTENT="är"/><SP WIDTH="16" VPOS="925" HPOS="87"/>
							<String ID="string_54" HPOS="103" VPOS="924" WIDTH="67" HEIGHT="20" WC="0.91" CONTENT="blifvit"/><SP WIDTH="14" VPOS="924" HPOS="170"/>
							<String ID="string_55" HPOS="184" VPOS="924" WIDTH="37" HEIGHT="20" WC="0.93" CONTENT="allt"/><SP WIDTH="14" VPOS="924" HPOS="221"/>
							<String ID="string_56" HPOS="235" VPOS="924" WIDTH="126" HEIGHT="24" WC="0.90" CONTENT="allmännare,"/><SP WIDTH="10" VPOS="924" HPOS="361"/>
							<String ID="string_57" HPOS="371" VPOS="924" WIDTH="44" HEIGHT="24" WC="0.96" CONTENT="och,"/><SP WIDTH="9" VPOS="924" HPOS="415"/>
							<String ID="string_58" HPOS="424" VPOS="930" WIDTH="31" HEIGHT="14" WC="0.96" CONTENT="om"/><SP WIDTH="15" VPOS="930" HPOS="455"/>
							<String ID="string_59" HPOS="470" VPOS="930" WIDTH="44" HEIGHT="14" WC="0.93" CONTENT="man"/><SP WIDTH="17" VPOS="930" HPOS="514"/>
							<String ID="string_60" HPOS="531" VPOS="924" WIDTH="57" HEIGHT="20" WC="0.92" CONTENT="äfven"/><SP WIDTH="17" VPOS="924" HPOS="588"/>
							<String ID="string_61" HPOS="605" VPOS="924" WIDTH="30" HEIGHT="20" WC="0.92" CONTENT="fär"/><SP WIDTH="15" VPOS="924" HPOS="635"/>
							<String ID="string_62" HPOS="650" VPOS="924" WIDTH="48" HEIGHT="20" WC="0.92" CONTENT="höra"/><SP WIDTH="10" VPOS="924" HPOS="698"/>
							<String ID="string_63" HPOS="708" VPOS="925" WIDTH="113" HEIGHT="24" WC="0.92" CONTENT="ogrundade"/>
						</TextLine>
						<TextLine ID="line_12" HPOS="64" VPOS="953" WIDTH="759" HEIGHT="25">
							<String ID="string_64" HPOS="64" VPOS="953" WIDTH="157" HEIGHT="24" WC="0.95" CONTENT="beskyllningar,"/><SP WIDTH="22" VPOS="953" HPOS="221"/>
							<String ID="string_65" HPOS="243" VPOS="953" WIDTH="23" HEIGHT="19" WC="0.96" CONTENT="sä"/><SP WIDTH="21" VPOS="953" HPOS="266"/>
							<String ID="string_66" HPOS="287" VPOS="954" WIDTH="56" HEIGHT="19" WC="0.93" CONTENT="torde"/><SP WIDTH="20" VPOS="954" HPOS="343"/>
							<String ID="string_67" HPOS="363" VPOS="953" WIDTH="119" HEIGHT="24" WC="0.96" CONTENT="näppeligen"/><SP WIDTH="16" VPOS="953" HPOS="482"/>
							<String ID="string_68" HPOS="498" VPOS="959" WIDTH="82" HEIGHT="14" WC="0.96" CONTENT="numera"/><SP WIDTH="15" VPOS="959" HPOS="580"/>
							<String ID="string_69" HPOS="595" VPOS="953" WIDTH="67" HEIGHT="19" WC="0.93" CONTENT="kunna"/><SP WIDTH="15" VPOS="953" HPOS="662"/>
							<String ID="string_70" HPOS="677" VPOS="953" WIDTH="100" HEIGHT="25" WC="0.96" CONTENT="förnekas,"/><SP WIDTH="16" VPOS="953" HPOS="777"/>
							<String ID="string_71" HPOS="793" VPOS="955" WIDTH="30" HEIGHT="17" WC="0.96" CONTENT="att"/>
						</TextLine>
						<TextLine ID="line_13" HPOS="64" VPOS="981" WIDTH="758" HEIGHT="24">
							<String ID="string_72" HPOS="64" VPOS="982" WIDTH="46" HEIGHT="19" WC="0.92" CONTENT="icke"/><SP WIDTH="16" VPOS="982" HPOS="110"/>
							<String ID="string_73" HPOS="126" VPOS="981" WIDTH="76" HEIGHT="24" WC="0.96" CONTENT="ganska"/><SP WIDTH="15" VPOS="981" HPOS="202"/>
							<String ID="string_74" HPOS="217" VPOS="983" WIDTH="54" HEIGHT="18" WC="0.93" CONTENT="stora"/><SP WIDTH="14" VPOS="983" HPOS="271"/>
							<String ID="string_75" HPOS="285" VPOS="981" WIDTH="185" HEIGHT="20" WC="0.93" CONTENT="missförhällanden"/><SP WIDTH="16" VPOS="981" HPOS="470"/>
							<String ID="string_76" HPOS="486" VPOS="982" WIDTH="29" HEIGHT="19" WC="0.92" CONTENT="uti"/><SP WIDTH="17" VPOS="982" HPOS="515"/>
							<String ID="string_77" HPOS="532" VPOS="982" WIDTH="64" HEIGHT="19" WC="0.93" CONTENT="denna"/><SP WIDTH="16" VPOS="982" HPOS="596"/>
							<String ID="string_78" HPOS="612" VPOS="982" WIDTH="119" HEIGHT="19" WC="0.92" CONTENT="omvärdnad"/><SP WIDTH="12" VPOS="982" HPOS="731"/>
							<String ID="string_79" HPOS="743" VPOS="981" WIDTH="79" HEIGHT="20" WC="0.92" CONTENT="förefin-"/>
						</TextLine>
						<TextLine ID="line_14" HPOS="64" VPOS="1009" WIDTH="758" HEIGHT="20">
							<String ID="string_80" HPOS="64" VPOS="1016" WIDTH="43" HEIGHT="13" WC="0.72" CONTENT="nas."/><SP WIDTH="31" VPOS="1016" HPOS="107"/>
							<String ID="string_81" HPOS="138" VPOS="1009" WIDTH="113" HEIGHT="20" WC="0.95" CONTENT="Orsakerna"/><SP WIDTH="19" VPOS="1009" HPOS="251"/>
							<String ID="string_82" HPOS="270" VPOS="1010" WIDTH="31" HEIGHT="19" WC="0.96" CONTENT="till"/><SP WIDTH="16" VPOS="1010" HPOS="301"/>
							<String ID="string_83" HPOS="317" VPOS="1011" WIDTH="58" HEIGHT="18" WC="0.93" CONTENT="dessa"/><SP WIDTH="14" VPOS="1011" HPOS="375"/>
							<String ID="string_84" HPOS="389" VPOS="1010" WIDTH="186" HEIGHT="19" WC="0.96" CONTENT="missförhållanden"/><SP WIDTH="17" VPOS="1010" HPOS="575"/>
							<String ID="string_85" HPOS="592" VPOS="1011" WIDTH="66" HEIGHT="18" WC="0.96" CONTENT="kunna"/><SP WIDTH="15" VPOS="1011" HPOS="658"/>
							<String ID="string_86" HPOS="673" VPOS="1016" WIDTH="46" HEIGHT="13" WC="0.96" CONTENT="vara"/><SP WIDTH="16" VPOS="1016" HPOS="719"/>
							<String ID="string_87" HPOS="735" VPOS="1010" WIDTH="20" HEIGHT="19" WC="0.92" CONTENT="af"/><SP WIDTH="14" VPOS="1010" HPOS="755"/>
							<String ID="string_88" HPOS="769" VPOS="1010" WIDTH="53" HEIGHT="19" WC="0.91" CONTENT="män-"/>
						</TextLine>
						<TextLine ID="line_15" HPOS="64" VPOS="1038" WIDTH="758" HEIGHT="24">
							<String ID="string_89" HPOS="64" VPOS="1039" WIDTH="92" HEIGHT="23" WC="0.93" CONTENT="gahanda"/><SP WIDTH="16" VPOS="1039" HPOS="156"/>
							<String ID="string_90" HPOS="172" VPOS="1038" WIDTH="48" HEIGHT="24" WC="0.95" CONTENT="slag,"/><SP WIDTH="15" VPOS="1038" HPOS="220"/>
							<String ID="string_91" HPOS="235" VPOS="1044" WIDTH="44" HEIGHT="13" WC="0.93" CONTENT="men"/><SP WIDTH="15" VPOS="1044" HPOS="279"/>
							<String ID="string_92" HPOS="294" VPOS="1039" WIDTH="68" HEIGHT="19" WC="0.96" CONTENT="säkert"/><SP WIDTH="15" VPOS="1039" HPOS="362"/>
							<String ID="string_93" HPOS="377" VPOS="1041" WIDTH="28" HEIGHT="20" WC="0.96" CONTENT="är,"/><SP WIDTH="17" VPOS="1041" HPOS="405"/>
							<String ID="string_94" HPOS="422" VPOS="1041" WIDTH="29" HEIGHT="17" WC="0.96" CONTENT="att"/><SP WIDTH="16" VPOS="1041" HPOS="451"/>
							<String ID="string_95" HPOS="467" VPOS="1039" WIDTH="38" HEIGHT="19" WC="0.93" CONTENT="dem"/><SP WIDTH="16" VPOS="1039" HPOS="505"/>
							<String ID="string_96" HPOS="521" VPOS="1039" WIDTH="125" HEIGHT="22" WC="0.58" CONTENT="läroanstalt,"/><SP WIDTH="14" VPOS="1039" HPOS="646"/>
							<String ID="string_97" HPOS="660" VPOS="1039" WIDTH="35" HEIGHT="18" WC="0.93" CONTENT="der"/><SP WIDTH="10" VPOS="1039" HPOS="695"/>
							<String ID="string_98" HPOS="705" VPOS="1039" WIDTH="48" HEIGHT="19" WC="0.93" CONTENT="våra"/><SP WIDTH="10" VPOS="1039" HPOS="753"/>
							<String ID="string_99" HPOS="763" VPOS="1038" WIDTH="59" HEIGHT="19" WC="0.93" CONTENT="forst-"/>
						</TextLine>
						<TextLine ID="line_16" HPOS="64" VPOS="1067" WIDTH="758" HEIGHT="24">
							<String ID="string_100" HPOS="64" VPOS="1069" WIDTH="86" HEIGHT="17" WC="0.92" CONTENT="mästare"/><SP WIDTH="24" VPOS="1069" HPOS="150"/>
							<String ID="string_101" HPOS="174" VPOS="1067" WIDTH="102" HEIGHT="23" WC="0.95" CONTENT="utbildats,"/><SP WIDTH="24" VPOS="1067" HPOS="276"/>
							<String ID="string_102" HPOS="300" VPOS="1067" WIDTH="3" HEIGHT="18" WC="0.93" CONTENT="i"/><SP WIDTH="22" VPOS="1067" HPOS="303"/>
							<String ID="string_103" HPOS="325" VPOS="1067" WIDTH="39" HEIGHT="24" WC="0.95" CONTENT="hög"/><SP WIDTH="21" VPOS="1067" HPOS="364"/>
							<String ID="string_104" HPOS="385" VPOS="1067" WIDTH="50" HEIGHT="24" WC="0.93" CONTENT="grad"/><SP WIDTH="23" VPOS="1067" HPOS="435"/>
							<String ID="string_105" HPOS="458" VPOS="1067" WIDTH="87" HEIGHT="24" WC="0.94" CONTENT="bidragit"/><SP WIDTH="15" VPOS="1067" HPOS="545"/>
							<String ID="string_106" HPOS="560" VPOS="1067" WIDTH="31" HEIGHT="19" WC="0.93" CONTENT="till"/><SP WIDTH="17" VPOS="1067" HPOS="591"/>
							<String ID="string_107" HPOS="608" VPOS="1067" WIDTH="131" HEIGHT="24" WC="0.96" CONTENT="uppkomsten"/><SP WIDTH="15" VPOS="1067" HPOS="739"/>
							<String ID="string_108" HPOS="754" VPOS="1067" WIDTH="21" HEIGHT="19" WC="0.93" CONTENT="af"/><SP WIDTH="14" VPOS="1067" HPOS="775"/>
							<String ID="string_109" HPOS="789" VPOS="1067" WIDTH="33" HEIGHT="19" WC="0.92" CONTENT="de-"/>
						</TextLine>
						<TextLine ID="line_17" HPOS="64" VPOS="1101" WIDTH="80" HEIGHT="14">
							<String ID="string_110" HPOS="64" VPOS="1101" WIDTH="80" HEIGHT="14" WC="0.96" CONTENT="samma."/>
						</TextLine>
					</TextBlock>
					<TextBlock ID="block_5" HPOS="64" VPOS="1123" WIDTH="761" HEIGHT="223">
						<TextLine ID="line_18" HPOS="134" VPOS="1123" WIDTH="689" HEIGHT="24">
							<String ID="string_111" HPOS="134" VPOS="1123" WIDTH="30" HEIGHT="19" WC="0.93" CONTENT="De"/><SP WIDTH="16" VPOS="1123" HPOS="164"/>
							<String ID="string_112" HPOS="180" VPOS="1123" WIDTH="180" HEIGHT="24" WC="0.92" CONTENT="hufvudsakligaste"/><SP WIDTH="16" VPOS="1123" HPOS="360"/>
							<String ID="string_113" HPOS="376" VPOS="1123" WIDTH="161" HEIGHT="24" WC="0.91" CONTENT="olägenheterna,"/><SP WIDTH="15" VPOS="1123" HPOS="537"/>
							<String ID="string_114" HPOS="552" VPOS="1123" WIDTH="67" HEIGHT="20" WC="0.93" CONTENT="hvilka"/><SP WIDTH="11" VPOS="1123" HPOS="619"/>
							<String ID="string_115" HPOS="630" VPOS="1123" WIDTH="61" HEIGHT="19" WC="0.92" CONTENT="skada"/><SP WIDTH="10" VPOS="1123" HPOS="691"/>
							<String ID="string_116" HPOS="701" VPOS="1123" WIDTH="122" HEIGHT="19" WC="0.92" CONTENT="forstunder-"/>
						</TextLine>
						<TextLine ID="line_19" HPOS="65" VPOS="1152" WIDTH="758" HEIGHT="23">
							<String ID="string_117" HPOS="65" VPOS="1152" WIDTH="103" HEIGHT="23" WC="0.96" CONTENT="visningen"/><SP WIDTH="38" VPOS="1152" HPOS="168"/>
							<String ID="string_118" HPOS="206" VPOS="1152" WIDTH="36" HEIGHT="19" WC="0.75" CONTENT="och"/><SP WIDTH="25" VPOS="1152" HPOS="242"/>
							<String ID="string_119" HPOS="267" VPOS="1152" WIDTH="67" HEIGHT="19" WC="0.95" CONTENT="hvilka"/><SP WIDTH="31" VPOS="1152" HPOS="334"/>
							<String ID="string_120" HPOS="365" VPOS="1152" WIDTH="81" HEIGHT="19" WC="0.94" CONTENT="hindrat"/><SP WIDTH="30" VPOS="1152" HPOS="446"/>
							<String ID="string_121" HPOS="476" VPOS="1153" WIDTH="65" HEIGHT="18" WC="0.95" CONTENT="denna"/><SP WIDTH="30" VPOS="1153" HPOS="541"/>
							<String ID="string_122" HPOS="571" VPOS="1152" WIDTH="141" HEIGHT="23" WC="0.93" CONTENT="undervisning"/><SP WIDTH="29" VPOS="1152" HPOS="712"/>
							<String ID="string_123" HPOS="741" VPOS="1154" WIDTH="29" HEIGHT="17" WC="0.93" CONTENT="att"/><SP WIDTH="23" VPOS="1154" HPOS="770"/>
							<String ID="string_124" HPOS="793" VPOS="1157" WIDTH="30" HEIGHT="13" WC="0.92" CONTENT="er-"/>
						</TextLine>
						<TextLine ID="line_20" HPOS="64" VPOS="1179" WIDTH="760" HEIGHT="27">
							<String ID="string_125" HPOS="64" VPOS="1180" WIDTH="54" HEIGHT="19" WC="0.92" CONTENT="hälla"/><SP WIDTH="19" VPOS="1180" HPOS="118"/>
							<String ID="string_126" HPOS="137" VPOS="1180" WIDTH="116" HEIGHT="24" WC="0.82" CONTENT="tillräckligt"/><SP WIDTH="15" VPOS="1180" HPOS="253"/>
							<String ID="string_127" HPOS="268" VPOS="1181" WIDTH="122" HEIGHT="25" WC="0.92" CONTENT="förtroende,"/><SP WIDTH="17" VPOS="1181" HPOS="390"/>
							<String ID="string_128" HPOS="407" VPOS="1183" WIDTH="34" HEIGHT="16" WC="0.92" CONTENT="äro"/><SP WIDTH="16" VPOS="1183" HPOS="441"/>
							<String ID="string_129" HPOS="457" VPOS="1183" WIDTH="30" HEIGHT="16" WC="0.93" CONTENT="att"/><SP WIDTH="15" VPOS="1183" HPOS="487"/>
							<String ID="string_130" HPOS="502" VPOS="1180" WIDTH="99" HEIGHT="19" WC="0.91" CONTENT="svenskan"/><SP WIDTH="17" VPOS="1180" HPOS="601"/>
							<String ID="string_131" HPOS="618" VPOS="1180" WIDTH="124" HEIGHT="19" WC="0.91" CONTENT="uteslutande"/><SP WIDTH="16" VPOS="1180" HPOS="742"/>
							<String ID="string_132" HPOS="758" VPOS="1179" WIDTH="66" HEIGHT="20" WC="0.88" CONTENT="blifvit"/>
						</TextLine>
						<TextLine ID="line_21" HPOS="64" VPOS="1208" WIDTH="759" HEIGHT="26">
							<String ID="string_133" HPOS="64" VPOS="1209" WIDTH="79" HEIGHT="19" WC="0.92" CONTENT="använd"/><SP WIDTH="23" VPOS="1209" HPOS="143"/>
							<String ID="string_134" HPOS="166" VPOS="1209" WIDTH="64" HEIGHT="19" WC="0.87" CONTENT="säsom"/><SP WIDTH="16" VPOS="1209" HPOS="230"/>
							<String ID="string_135" HPOS="246" VPOS="1209" WIDTH="219" HEIGHT="25" WC="0.90" CONTENT="undervisningsspräk,"/><SP WIDTH="16" VPOS="1209" HPOS="465"/>
							<String ID="string_136" HPOS="481" VPOS="1209" WIDTH="63" HEIGHT="19" WC="0.93" CONTENT="ehuru"/><SP WIDTH="16" VPOS="1209" HPOS="544"/>
							<String ID="string_137" HPOS="560" VPOS="1209" WIDTH="40" HEIGHT="19" WC="0.93" CONTENT="alla"/><SP WIDTH="15" VPOS="1209" HPOS="600"/>
							<String ID="string_138" HPOS="615" VPOS="1209" WIDTH="48" HEIGHT="19" WC="0.93" CONTENT="vära"/><SP WIDTH="14" VPOS="1209" HPOS="663"/>
							<String ID="string_139" HPOS="677" VPOS="1208" WIDTH="146" HEIGHT="19" WC="0.91" CONTENT="forstmästares"/>
						</TextLine>
						<TextLine ID="line_22" HPOS="65" VPOS="1236" WIDTH="759" HEIGHT="25">
							<String ID="string_140" HPOS="65" VPOS="1237" WIDTH="163" HEIGHT="24" WC="0.90" CONTENT="verkningskrets"/><SP WIDTH="16" VPOS="1237" HPOS="228"/>
							<String ID="string_141" HPOS="244" VPOS="1240" WIDTH="22" HEIGHT="17" WC="0.93" CONTENT="är"/><SP WIDTH="14" VPOS="1240" HPOS="266"/>
							<String ID="string_142" HPOS="280" VPOS="1237" WIDTH="82" HEIGHT="24" WC="0.92" CONTENT="belägen"/><SP WIDTH="16" VPOS="1237" HPOS="362"/>
							<String ID="string_143" HPOS="378" VPOS="1238" WIDTH="49" HEIGHT="18" WC="0.92" CONTENT="midt"/><SP WIDTH="16" VPOS="1238" HPOS="427"/>
							<String ID="string_144" HPOS="443" VPOS="1237" WIDTH="60" HEIGHT="19" WC="0.96" CONTENT="bland"/><SP WIDTH="16" VPOS="1237" HPOS="503"/>
							<String ID="string_145" HPOS="519" VPOS="1238" WIDTH="39" HEIGHT="18" WC="0.96" CONTENT="den"/><SP WIDTH="15" VPOS="1238" HPOS="558"/>
							<String ID="string_146" HPOS="573" VPOS="1237" WIDTH="65" HEIGHT="19" WC="0.93" CONTENT="finska"/><SP WIDTH="15" VPOS="1237" HPOS="638"/>
							<String ID="string_147" HPOS="653" VPOS="1237" WIDTH="78" HEIGHT="19" WC="0.92" CONTENT="talande"/><SP WIDTH="17" VPOS="1237" HPOS="731"/>
							<String ID="string_148" HPOS="748" VPOS="1236" WIDTH="76" HEIGHT="20" WC="0.92" CONTENT="befolk-"/>
						</TextLine>
						<TextLine ID="line_23" HPOS="64" VPOS="1265" WIDTH="761" HEIGHT="25">
							<String ID="string_149" HPOS="64" VPOS="1266" WIDTH="78" HEIGHT="24" WC="0.92" CONTENT="ningar,"/><SP WIDTH="23" VPOS="1266" HPOS="142"/>
							<String ID="string_150" HPOS="165" VPOS="1268" WIDTH="51" HEIGHT="17" WC="0.93" CONTENT="samt"/><SP WIDTH="23" VPOS="1268" HPOS="216"/>
							<String ID="string_151" HPOS="239" VPOS="1266" WIDTH="65" HEIGHT="23" WC="0.90" CONTENT="äfven,"/><SP WIDTH="23" VPOS="1266" HPOS="304"/>
							<String ID="string_152" HPOS="327" VPOS="1268" WIDTH="29" HEIGHT="17" WC="0.96" CONTENT="att"/><SP WIDTH="15" VPOS="1268" HPOS="356"/>
							<String ID="string_153" HPOS="371" VPOS="1266" WIDTH="168" HEIGHT="23" WC="0.96" CONTENT="undervisningen"/><SP WIDTH="16" VPOS="1266" HPOS="539"/>
							<String ID="string_154" HPOS="555" VPOS="1267" WIDTH="6" HEIGHT="17" WC="0.96" CONTENT="i"/><SP WIDTH="16" VPOS="1267" HPOS="561"/>
							<String ID="string_155" HPOS="577" VPOS="1266" WIDTH="24" HEIGHT="19" WC="0.96" CONTENT="de"/><SP WIDTH="16" VPOS="1266" HPOS="601"/>
							<String ID="string_156" HPOS="617" VPOS="1265" WIDTH="58" HEIGHT="20" WC="0.93" CONTENT="flesta"/><SP WIDTH="15" VPOS="1265" HPOS="675"/>
							<String ID="string_157" HPOS="690" VPOS="1267" WIDTH="68" HEIGHT="18" WC="0.92" CONTENT="ämnen"/><SP WIDTH="16" VPOS="1267" HPOS="758"/>
							<String ID="string_158" HPOS="774" VPOS="1265" WIDTH="51" HEIGHT="20" WC="0.96" CONTENT="varit"/>
						</TextLine>
						<TextLine ID="line_24" HPOS="64" VPOS="1293" WIDTH="760" HEIGHT="26">
							<String ID="string_159" HPOS="64" VPOS="1294" WIDTH="104" HEIGHT="24" WC="0.92" CONTENT="högeligen"/><SP WIDTH="24" VPOS="1294" HPOS="168"/>
							<String ID="string_160" HPOS="192" VPOS="1294" WIDTH="112" HEIGHT="25" WC="0.88" CONTENT="bristfällig,"/><SP WIDTH="16" VPOS="1294" HPOS="304"/>
							<String ID="string_161" HPOS="320" VPOS="1295" WIDTH="6" HEIGHT="18" WC="0.96" CONTENT="i"/><SP WIDTH="15" VPOS="1295" HPOS="326"/>
							<String ID="string_162" HPOS="341" VPOS="1294" WIDTH="51" HEIGHT="24" WC="0.94" CONTENT="följd"/><SP WIDTH="16" VPOS="1294" HPOS="392"/>
							<String ID="string_163" HPOS="408" VPOS="1294" WIDTH="21" HEIGHT="19" WC="0.93" CONTENT="af"/><SP WIDTH="14" VPOS="1294" HPOS="429"/>
							<String ID="string_164" HPOS="443" VPOS="1295" WIDTH="112" HEIGHT="18" WC="0.91" CONTENT="institutets"/><SP WIDTH="16" VPOS="1295" HPOS="555"/>
							<String ID="string_165" HPOS="571" VPOS="1294" WIDTH="84" HEIGHT="19" WC="0.93" CONTENT="enstaka"/><SP WIDTH="15" VPOS="1294" HPOS="655"/>
							<String ID="string_166" HPOS="670" VPOS="1294" WIDTH="43" HEIGHT="23" WC="0.93" CONTENT="läge"/><SP WIDTH="16" VPOS="1294" HPOS="713"/>
							<String ID="string_167" HPOS="729" VPOS="1294" WIDTH="11" HEIGHT="19" WC="0.89" CONTENT="&amp;"/><SP WIDTH="16" VPOS="1294" HPOS="740"/>
							<String ID="string_168" HPOS="756" VPOS="1299" WIDTH="24" HEIGHT="14" WC="0.93" CONTENT="en"/><SP WIDTH="15" VPOS="1299" HPOS="780"/>
							<String ID="string_169" HPOS="795" VPOS="1293" WIDTH="29" HEIGHT="20" WC="0.91" CONTENT="af-"/>
						</TextLine>
						<TextLine ID="line_25" HPOS="65" VPOS="1323" WIDTH="204" HEIGHT="23">
							<String ID="string_170" HPOS="65" VPOS="1323" WIDTH="68" HEIGHT="23" WC="0.91" CONTENT="lägsen"/><SP WIDTH="17" VPOS="1323" HPOS="133"/>
							<String ID="string_171" HPOS="150" VPOS="1323" WIDTH="119" HEIGHT="23" WC="0.91" CONTENT="skogstrakt."/>
						</TextLine>
					</TextBlock>
					<TextBlock ID="block_6" HPOS="64" VPOS="1349" WIDTH="762" HEIGHT="112">
						<TextLine ID="line_26" HPOS="134" VPOS="1349" WIDTH="690" HEIGHT="26">
							<String ID="string_172" HPOS="134" VPOS="1351" WIDTH="9" HEIGHT="19" WC="0.91" CONTENT="I"/><SP WIDTH="19" VPOS="1351" HPOS="143"/>
							<String ID="string_173" HPOS="162" VPOS="1351" WIDTH="159" HEIGHT="23" WC="0.77" CONTENT="forstinstitutets"/><SP WIDTH="16" VPOS="1351" HPOS="321"/>
							<String ID="string_174" HPOS="337" VPOS="1351" WIDTH="121" HEIGHT="19" WC="0.96" CONTENT="instruktion"/><SP WIDTH="16" VPOS="1351" HPOS="458"/>
							<String ID="string_175" HPOS="474" VPOS="1351" WIDTH="21" HEIGHT="19" WC="0.96" CONTENT="af"/><SP WIDTH="15" VPOS="1351" HPOS="495"/>
							<String ID="string_176" HPOS="510" VPOS="1351" WIDTH="38" HEIGHT="19" WC="0.96" CONTENT="den"/><SP WIDTH="16" VPOS="1351" HPOS="548"/>
							<String ID="string_177" HPOS="564" VPOS="1350" WIDTH="13" HEIGHT="19" WC="0.96" CONTENT="2"/><SP WIDTH="16" VPOS="1350" HPOS="577"/>
							<String ID="string_178" HPOS="593" VPOS="1351" WIDTH="41" HEIGHT="24" WC="0.91" CONTENT="Maj"/><SP WIDTH="17" VPOS="1351" HPOS="634"/>
							<String ID="string_179" HPOS="651" VPOS="1349" WIDTH="54" HEIGHT="20" WC="0.96" CONTENT="1874"/><SP WIDTH="16" VPOS="1349" HPOS="705"/>
							<String ID="string_180" HPOS="721" VPOS="1353" WIDTH="22" HEIGHT="16" WC="0.93" CONTENT="är"/><SP WIDTH="15" VPOS="1353" HPOS="743"/>
							<String ID="string_181" HPOS="758" VPOS="1351" WIDTH="66" HEIGHT="22" WC="0.92" CONTENT="ingen-"/>
						</TextLine>
						<TextLine ID="line_27" HPOS="64" VPOS="1379" WIDTH="762" HEIGHT="25">
							<String ID="string_182" HPOS="64" VPOS="1380" WIDTH="42" HEIGHT="23" WC="0.91" CONTENT="ting"/><SP WIDTH="24" VPOS="1380" HPOS="106"/>
							<String ID="string_183" HPOS="130" VPOS="1380" WIDTH="92" HEIGHT="23" WC="0.91" CONTENT="stadgadt"/><SP WIDTH="15" VPOS="1380" HPOS="222"/>
							<String ID="string_184" HPOS="237" VPOS="1380" WIDTH="100" HEIGHT="23" WC="0.90" CONTENT="angäende"/><SP WIDTH="15" VPOS="1380" HPOS="337"/>
							<String ID="string_185" HPOS="352" VPOS="1380" WIDTH="244" HEIGHT="24" WC="0.92" CONTENT="undervisningsspräket,"/><SP WIDTH="17" VPOS="1380" HPOS="596"/>
							<String ID="string_186" HPOS="613" VPOS="1385" WIDTH="43" HEIGHT="13" WC="0.93" CONTENT="men"/><SP WIDTH="17" VPOS="1385" HPOS="656"/>
							<String ID="string_187" HPOS="673" VPOS="1380" WIDTH="63" HEIGHT="18" WC="0.92" CONTENT="säsom"/><SP WIDTH="15" VPOS="1380" HPOS="736"/>
							<String ID="string_188" HPOS="751" VPOS="1379" WIDTH="75" HEIGHT="19" WC="0.92" CONTENT="bekant"/>
						</TextLine>
						<TextLine ID="line_28" HPOS="64" VPOS="1407" WIDTH="761" HEIGHT="25">
							<String ID="string_189" HPOS="64" VPOS="1408" WIDTH="37" HEIGHT="19" WC="0.94" CONTENT="har"/><SP WIDTH="21" VPOS="1408" HPOS="101"/>
							<String ID="string_190" HPOS="122" VPOS="1408" WIDTH="165" HEIGHT="24" WC="0.59" CONTENT="undervisningen"/><SP WIDTH="24" VPOS="1408" HPOS="287"/>
							<String ID="string_191" HPOS="311" VPOS="1409" WIDTH="28" HEIGHT="18" WC="0.92" CONTENT="uti"/><SP WIDTH="22" VPOS="1409" HPOS="339"/>
							<String ID="string_192" HPOS="361" VPOS="1408" WIDTH="151" HEIGHT="24" WC="0.91" CONTENT="ifrägavarande"/><SP WIDTH="24" VPOS="1408" HPOS="512"/>
							<String ID="string_193" HPOS="536" VPOS="1408" WIDTH="80" HEIGHT="19" WC="0.92" CONTENT="institut"/><SP WIDTH="22" VPOS="1408" HPOS="616"/>
							<String ID="string_194" HPOS="638" VPOS="1408" WIDTH="66" HEIGHT="19" WC="0.90" CONTENT="blifvit"/><SP WIDTH="18" VPOS="1408" HPOS="704"/>
							<String ID="string_195" HPOS="722" VPOS="1407" WIDTH="103" HEIGHT="19" WC="0.92" CONTENT="meddelad"/>
						</TextLine>
						<TextLine ID="line_29" HPOS="64" VPOS="1436" WIDTH="761" HEIGHT="25">
							<String ID="string_196" HPOS="64" VPOS="1436" WIDTH="126" HEIGHT="20" WC="0.95" CONTENT="uteslutande"/><SP WIDTH="22" VPOS="1436" HPOS="190"/>
							<String ID="string_197" HPOS="212" VPOS="1437" WIDTH="25" HEIGHT="23" WC="0.95" CONTENT="pä"/><SP WIDTH="23" VPOS="1437" HPOS="237"/>
							<String ID="string_198" HPOS="260" VPOS="1437" WIDTH="84" HEIGHT="19" WC="0.91" CONTENT="svenska"/><SP WIDTH="22" VPOS="1437" HPOS="344"/>
							<String ID="string_199" HPOS="366" VPOS="1437" WIDTH="89" HEIGHT="24" WC="0.95" CONTENT="språket."/><SP WIDTH="31" VPOS="1437" HPOS="455"/>
							<String ID="string_200" HPOS="486" VPOS="1436" WIDTH="35" HEIGHT="20" WC="0.93" CONTENT="Om"/><SP WIDTH="16" VPOS="1436" HPOS="521"/>
							<String ID="string_201" HPOS="537" VPOS="1436" WIDTH="85" HEIGHT="20" WC="0.96" CONTENT="orsaken"/><SP WIDTH="16" VPOS="1436" HPOS="622"/>
							<String ID="string_202" HPOS="638" VPOS="1436" WIDTH="68" HEIGHT="20" WC="0.92" CONTENT="härtill"/><SP WIDTH="15" VPOS="1436" HPOS="706"/>
							<String ID="string_203" HPOS="721" VPOS="1436" WIDTH="57" HEIGHT="19" WC="0.74" CONTENT="äfven"/><SP WIDTH="15" VPOS="1436" HPOS="778"/>
							<String ID="string_204" HPOS="793" VPOS="1441" WIDTH="32" HEIGHT="13" WC="0.92" CONTENT="ur-"/>
						</TextLine>
					</TextBlock>
				</ComposedBlock>
				<ComposedBlock ID="cblock_5" HPOS="132" VPOS="1474" WIDTH="531" HEIGHT="19">
					<TextBlock ID="block_7" HPOS="132" VPOS="1474" WIDTH="531" HEIGHT="19">
						<TextLine ID="line_30" HPOS="132" VPOS="1474" WIDTH="531" HEIGHT="19">
							<String ID="string_205" HPOS="132" VPOS="1475" WIDTH="103" HEIGHT="17" WC="0.93" CONTENT="Allmänna"/><SP WIDTH="12" VPOS="1475" HPOS="235"/>
							<String ID="string_206" HPOS="247" VPOS="1475" WIDTH="190" HEIGHT="18" WC="0.91" CONTENT="Besvärsutskottets"/><SP WIDTH="14" VPOS="1475" HPOS="437"/>
							<String ID="string_207" HPOS="451" VPOS="1475" WIDTH="121" HEIGHT="17" WC="0.92" CONTENT="betänkande"/><SP WIDTH="15" VPOS="1475" HPOS="572"/>
							<String ID="string_208" HPOS="587" VPOS="1474" WIDTH="36" HEIGHT="18" WC="0.96" CONTENT="N:o"/><SP WIDTH="13" VPOS="1474" HPOS="623"/>
							<String ID="string_209" HPOS="636" VPOS="1476" WIDTH="27" HEIGHT="16" WC="0.96" CONTENT="35."/>
						</TextLine>
					</TextBlock>
				</ComposedBlock>
			</PrintSpace>
		</Page>
	</Layout>
</alto>
