1048 1731
355 111 162 20 Motionshetänkande
525 112 26 19 N:o
564 112 21 19 15.
807 112 12 19 7

92 175 130 21 frikallade.*
252 174 57 21 Enär
331 175 82 21 således
436 175 39 22 den
494 182 76 21 genom
586 175 227 28 specialprivilegierna
828 175 21 21 af

94 209 39 21 den
156 209 12 21 9
184 208 88 27 Augusti
290 209 53 21 1673
360 209 25 21 de
401 209 68 22 finska
484 209 82 22 bruken
583 209 126 22 tillerkände
724 209 63 22 frihet
801 210 47 21 frän

92 243 117 27 utgörande
231 243 22 21 af
272 243 262 28 spanmälstingsgästning
556 243 78 22 förblef
656 243 102 28 orubbad,
779 243 69 22 förföll

93 277 27 22 all
144 277 111 27 anledning
277 278 32 20 att
323 277 66 21 befria
405 277 47 21 dem
467 278 46 21 från
529 277 252 27 bergstingsgästningen,
797 278 51 21 hvil-

92 312 42 21 ken
154 311 81 22 derföre
250 311 46 21 icke
311 311 39 21 alls
366 311 133 22 omförmäles
515 312 6 21 i
540 312 54 21 1886
609 312 35 21 ärs
659 311 128 27 förordning,
803 317 45 16 som

94 346 74 21 endast
192 346 65 26 angär
279 345 295 28 spanmälstingsgästningen.
604 346 147 21 Motionärens
775 346 74 27 antyd-

94 380 56 27 ning,
174 382 31 19 att
227 380 36 21 det
284 379 70 22 kunde
369 379 62 22 hafva
447 380 70 21 berott
532 381 28 26 pä
576 382 32 19 ett
622 380 134 21 förbiseende
771 379 22 22 af
806 379 42 27 lag-

94 413 102 27 stiftaren,
223 416 31 19 att
276 413 244 28 bergstingsgästningen
544 415 46 21 icke
612 421 75 20 genom
711 414 137 21 nästberörde

93 448 123 26 förordning
229 447 123 28 upphäfdes,
368 448 78 21 saknar
461 449 83 21 säledes
560 449 28 21 all
603 449 74 26 grund.

162 483 31 21 På
208 485 42 19 sätt
265 482 21 21 af
300 483 35 20 det
350 482 126 27 föregående
492 483 98 27 framgår,
606 483 42 21 kan
663 489 48 15 man
727 483 63 21 likväl
801 483 47 20 med

94 517 47 21 skäl
155 517 129 27 ifrägasätta,
300 517 103 21 huruvida
419 517 25 21 de
460 517 68 22 finska
543 518 155 26 bruksegarene
713 524 86 14 numera
815 518 34 20 mä

94 557 61 15 anses
171 558 49 14 vara
234 551 85 21 bundna
334 551 22 21 af
371 552 54 20 1798
441 552 35 20 ärs
492 551 218 27 öfverenskommelse,
723 551 64 27 enligt
797 550 51 22 hvil-

95 586 40 20 ken
150 585 147 27 förordningen
313 586 22 20 af
349 586 39 20 den
404 586 27 20 22
447 586 58 21 Mars
525 587 52 21 1854
592 586 115 21 fastställer
722 585 126 27 bergstings-

94 620 124 27 gästningen
244 622 31 19 att
298 620 55 26 utgå.
384 620 43 21 För
449 622 32 19 att
503 620 129 26 tillmötesgå
654 619 146 27 fordringarne
823 620 26 26 pä

94 654 89 21 rättvisa
205 654 38 21 och
262 654 97 27 billighet
373 660 62 20 synes
452 655 35 20 det
503 654 83 21 derföre
602 660 50 15 vara
667 654 134 26 nödvändigt,
818 656 31 18 att

95 688 105 27 antingen,
223 689 27 26 pä
272 690 43 19 sätt
339 689 52 20 1867
415 689 34 20 ärs
473 689 86 21 ständer
574 688 88 26 beslöto,
677 689 74 26 ätergä
766 688 32 21 till
814 688 35 20 be-

94 723 132 27 stämningen
247 723 6 20 i
276 722 75 26 Kongl.
371 722 87 22 Brefvet
474 722 22 22 af
509 723 41 21 den
566 723 25 20 21
608 722 42 27 Maj
668 724 59 22 1744,
744 722 51 22 eller
810 722 40 21 ock

95 756 105 28 upphäfva
222 756 243 28 bergstingsgästningen
481 757 39 21 och
536 756 44 22 läta
595 756 155 27 bruksegarene
765 756 85 27 erlägga

94 791 180 27 tingsgästningen
296 791 31 21 uti
349 791 96 27 sparmål
469 791 6 21 i
493 791 67 21 likhet
579 790 47 22 med
643 790 64 27 öfrige
722 790 128 26 betalnings-

95 824 95 28 skyldige
212 825 21 21 af
254 825 109 21 enahanda
385 825 104 27 kategori.
519 826 34 20 Då
576 824 142 27 likformighet
733 825 6 21 i
755 825 94 21 beskatt-

94 858 77 28 ningen
193 861 24 19 är
239 859 215 27 eftersträfvansvärd,
478 860 61 20 torde
563 859 35 21 det
613 859 87 21 sednare
715 858 135 22 alternativet

95 900 51 14 vara
170 895 32 19 att
225 893 116 27 föredraga.
376 893 96 21 Emedan
497 893 82 21 likvisst
604 893 26 21 de
654 892 195 27 häradshöfdingar,

95 928 71 21 hvilka
188 927 32 22 för
237 928 131 21 närvarande
383 928 97 27 uppbära
495 927 222 28 bergstingsgästning,
733 933 76 21 genom
825 933 25 14 en

96 962 65 21 sådan
184 962 120 26 förändring
326 962 70 21 kunna
411 962 65 21 blifva
491 962 7 21 i
513 963 70 25 någon
599 963 47 20 män
662 961 90 26 lidande,
769 961 39 21 och
824 961 26 20 dä

95 996 31 21 uti
134 1003 28 14 nu
169 995 141 26 förevarande,
322 996 147 27 jemförelsevis
481 996 82 21 mindre
579 996 77 27 vigtiga
671 996 37 21 sak
722 995 47 22 icke
785 995 66 21 heller

96 1029 112 28 föreligger
229 1037 80 15 samma
328 1030 51 21 eller
394 1030 43 21 lika
452 1031 120 26 betydande
587 1030 46 21 skäl
648 1030 31 21 för
695 1031 35 20 det
745 1030 106 21 allmänna

95 1066 32 20 att
141 1065 63 21 träda
218 1064 88 22 emellan
322 1071 45 15 som
382 1064 133 22 beträffande
531 1065 88 21 ärendet
634 1071 34 14 om
679 1063 172 28 spanmälstimgs-

95 1098 130 27 gästningen,
241 1099 52 21 eller
314 1101 32 19 att
367 1099 23 21 sä
413 1101 60 19 snart
496 1105 45 15 som
564 1098 81 27 möjligt
664 1098 146 21 åstadkomma
825 1104 26 15 en

95 1132 126 27 välbehöflig
234 1133 104 26 reglering
353 1133 22 20 af
388 1133 93 21 nämnda
497 1136 65 23 tunga
577 1133 27 26 pä
620 1139 78 14 samma
713 1133 55 26 gäng
778 1131 73 27 frägan

96 1173 34 15 om
152 1167 182 21 häradsnämnden
356 1167 69 21 kunde
441 1167 65 21 vinna
522 1173 25 15 en
564 1167 106 21 önskvärd
685 1167 88 26 lösning,
789 1172 62 21 synas

95 1200 215 27 häradshöfdingarna
334 1201 51 22 böra
408 1201 132 21 fortfarande
562 1201 116 26 berättigas
701 1203 31 18 att
755 1199 96 28 uppbära

95 1235 242 27 bergstingsgästningen
356 1235 31 20 till
403 1235 48 21 dess
467 1235 122 21 nuvarande
605 1235 82 26 belopp,
710 1235 23 20 sä
748 1234 61 25 länge
826 1233 26 21 de

96 1269 5 21 i
117 1269 91 27 tjensten
223 1269 91 27 gvarstä.
345 1269 48 22 Med
409 1276 26 15 en
451 1270 67 21 sädan
534 1268 144 23 modifikation
694 1275 61 15 anser
770 1267 81 22 utskot-

95 1306 32 19 tet
149 1303 141 22 motionärens
313 1303 78 28 förslag
413 1304 73 21 kunna
506 1304 22 21 af
542 1303 118 22 Ständerna
675 1303 121 27 godkännas
813 1301 38 22 och

95 1337 33 22 fär
144 1337 81 22 derföre
241 1339 107 20 vördsamt
362 1338 77 21 föreslä

164 1451 198 18 Ekonomiutskottets
377 1452 121 18 betänkande
511 1452 35 17 N:o
560 1453 26 16 20.
