1048 1731
224 140 13 21 2
360 139 71 22 Ständ.
447 139 42 22 Pet.
508 151 21 3 —
548 139 139 22 Petitionsbet.
705 140 34 21 N:o
755 139 36 22 44.

178 219 2 2 -
196 203 41 21 ock
253 202 26 21 de
295 202 24 21 af
331 202 163 27 lagstiftningen
514 201 141 22 framkallade
673 202 151 21 förhållanden
840 202 7 21 i
863 202 26 21 de
906 203 47 20 län-

196 238 44 25 der,
259 237 31 20 uti
311 237 73 21 hvilka
407 236 77 21 förbud
507 238 46 19 mot
576 236 248 28 rusdryckshandtering
845 237 44 21 helt
912 237 42 21 och

195 271 66 22 hället
277 271 50 22 eller
343 271 67 22 delvis
426 272 25 20 är
461 271 105 27 gällande,
578 269 67 23 mätte
656 277 80 21 genom
750 271 149 27 Regeringens
910 271 43 21 för-

195 313 50 20 sorg
261 307 65 26 göras
341 306 32 21 till
387 305 91 22 föremäl
493 305 33 22 för
542 312 26 15 en
579 305 98 27 grundlig
692 305 169 28 undersökning,
879 306 74 21 äfven-

194 347 49 15 som
259 343 37 24 att,
313 340 109 21 beroende
438 339 23 22 af
475 340 71 21 denna
561 340 168 27 undersökning,
746 339 33 22 för
793 341 160 20 nästsamman-

194 375 107 22 trädande
317 375 94 21 Ständer
426 375 67 20 mätte
509 374 121 27 föreläggas
646 374 66 27 nädig
723 375 136 26 proposition
869 381 36 15 om
914 381 39 14 an-

194 409 75 27 tingen
285 416 27 15 on
328 409 53 22 efter
396 409 53 21 vära
472 408 150 21 förhällanden
644 408 103 27 afpassad
769 408 125 28 fullständig
909 409 44 21 för-

195 444 92 27 budslag
302 444 51 21 eller
368 450 27 15 en
411 443 69 21 sådan
499 443 41 21 alla
562 443 130 27 rusdrycker
715 442 136 23 omfattande
865 443 41 27 lag,
922 444 31 20 uti

195 479 86 20 hvilken
303 478 170 21 kommunernas
496 479 43 19 rätt
562 479 31 19 att
614 477 61 22 inom
698 477 37 21 sitt
750 478 90 21 område
855 477 98 28 förbjuda

195 512 247 28 rusdryckshandtering
457 514 24 19 är
497 513 28 26 pä
540 514 30 19 ett
585 512 196 22 tillfredsställande
800 514 43 20 sätt
857 512 96 28 tryggad.

264 547 42 21 Vid
329 547 168 27 öfvervägandet
521 546 23 21 af
564 547 64 21 dessa
650 546 82 28 förslag
749 546 66 22 hafva
831 546 122 22 Ständerna

195 582 48 21 icke
265 582 84 20 kunnat
371 582 72 20 lemna
469 581 117 21 obeaktadt
612 583 31 19 att
668 581 285 27 nykterhetssträfvandena

196 616 153 27 ogensägligen
372 616 68 21 under
455 616 26 20 de
497 617 87 20 senaste
600 616 52 20 ären
668 616 57 26 gjort
744 616 123 27 betydande
887 616 66 21 fram-

195 652 46 25 steg
257 650 6 21 i
279 650 110 21 allmänna
403 650 138 26 tänkesättet,
557 649 86 21 hvadan
660 650 47 21 skäl
717 652 61 25 synts
789 657 54 14 vara
855 650 33 22 för
898 650 55 22 han-

196 685 42 21 den
254 684 214 28 attilagstiftningen
479 685 29 26 pä
519 685 66 26 något
597 686 43 19 sätt
647 684 132 27 tillmötesgå
794 685 71 21 denna
880 685 73 21 starka

196 720 41 20 och
252 719 135 27 berättigade
403 719 86 26 rörelse,
505 719 65 20 hvars
585 725 108 20 ursprung
704 719 42 21 och
757 719 68 21 motiv
836 721 38 19 äro
885 720 68 20 värda

196 754 36 20 allt
248 754 145 21 erkännande.
423 753 122 21 Emellertid
560 753 64 21 hafva
638 752 124 22 Ständerna
773 753 72 21 funnit
855 754 36 21 det
901 760 53 14 vara

196 788 71 21 alltför
288 788 62 27 tidigt
373 790 31 18 att
426 787 50 27 ingä
496 788 7 20 i
522 787 100 27 pröfning
645 787 23 21 af
688 787 85 28 frägän,
792 788 29 26 pä
836 788 57 21 hvad
910 790 43 19 sätt

196 823 59 21 detta
277 822 187 27 tillmötesgående
486 822 123 27 lämpligast
631 822 68 21 borde
719 828 41 21 ega
775 828 53 15 rum.
858 822 50 22 Men
923 823 28 21 dä

195 857 180 27 förordningarne
391 863 36 15 om
442 856 135 27 tillverkning
588 856 41 22 och
640 856 128 27 försäljning
779 863 27 14 m.
817 864 27 14 m.
856 856 23 22 af
888 857 65 21 brän-

195 892 37 20 vin
254 892 42 21 och
319 892 68 20 andra
409 891 145 27 spritdrycker
574 890 24 22 af
611 891 42 21 den
670 891 25 21 16
712 891 43 21 Juli
773 891 54 21 1886
843 893 38 20 äro
898 891 53 21 fast-

196 926 70 21 stälda
281 928 32 19 att
327 926 57 27 gälla
402 926 77 21 endast
494 926 30 20 till
539 926 110 26 utgången
665 924 22 22 af
701 926 24 20 är
743 925 54 22 1892
813 928 57 19 samt
886 926 64 21 Stän-

197 961 68 21 derna
286 961 7 20 i
316 960 51 27 följd
389 959 64 22 häraf
473 959 65 22 hafva
554 961 31 20 att
600 960 30 21 till
646 959 183 23 nästkommande
852 961 103 26 landtdag

196 997 84 20 emotse
295 995 66 26 nädig
376 995 135 26 proposition
526 995 6 20 i
547 994 94 22 berörda
659 995 71 28 ämne,
750 994 65 21 hafva
830 994 124 22 Ständerna

196 1031 72 20 ansett
286 1030 32 27 sig
336 1029 55 22 böra
406 1029 7 20 i
428 1029 120 21 hufvudsak
566 1029 92 21 omfatta
673 1029 182 26 petitionärernes
871 1029 84 27 förslag

196 1064 134 21 beträffande
353 1063 144 22 anställandet
515 1063 23 21 af
555 1069 27 16 en
598 1063 163 27 undersökning
776 1063 95 22 rörande
886 1063 68 22 resul-

195 1101 61 19 taten
272 1098 23 21 af
307 1097 162 28 lagstiftningen
485 1097 112 27 angående
607 1097 276 28 rusdryckshandteringen
897 1097 56 22 både

196 1133 88 22 hemma
299 1133 43 21 och
357 1133 6 20 i
379 1132 102 26 utlandet,
498 1132 86 21 hvilken
602 1132 165 27 undersökning
782 1132 172 27 uppenbarligen

195 1167 70 22 blefve
283 1167 24 21 af
323 1169 45 19 stor
383 1169 61 25 nytta
459 1167 35 20 vid
510 1167 42 21 den
567 1166 101 21 framtida
683 1166 162 27 lagstiftningen
856 1167 7 20 i
874 1168 80 20 ämnet.

265 1202 31 21 Pä
311 1202 69 27 grund
398 1201 64 21 häraf
478 1201 21 21 fä
518 1201 122 21 Ständernä
656 1201 6 20 i
678 1201 175 27 underdänighet
868 1201 87 21 anhälla

404 1244 31 18 att
451 1241 87 28 frägan
556 1248 32 14 om
606 1241 136 28 tillverkning
761 1241 36 21 och
815 1241 139 28 försäljning

335 1276 30 27 af
385 1275 131 28 vrusdrycker,
533 1275 88 21 likasom
643 1275 36 21 ock
700 1275 25 21 de
745 1275 31 28 af
791 1275 164 28 lagstiftningen

333 1310 149 27 framkallade
501 1310 157 27 förhållanden
679 1310 8 20 i
711 1310 25 21 de
759 1310 80 25 länder,
857 1310 9 20 i
884 1309 71 21 hvilka

331 1345 132 27 Jörbudslag
477 1345 42 20 helt
534 1344 36 21 och
585 1344 65 21 hållet
665 1345 50 20 eller
729 1344 66 21 delvis
810 1347 26 18 är
845 1345 108 27 gällande,

335 1380 63 20 måtte
419 1386 73 21 genom
506 1379 146 28 Regeringens
670 1379 91 27 försorg
779 1379 69 27 blifva
859 1379 97 27 föremål

331 1414 42 27 för
388 1421 25 13 en
427 1414 102 27 grundlig
550 1413 156 28 undersökning
725 1415 54 19 samt
794 1416 31 18 att
839 1414 117 20 resultaten

335 1448 31 27 af
377 1448 70 20 denna
461 1448 157 27 undersökning
633 1448 68 27 blefve
717 1450 70 25 tagna
801 1448 9 21 i
821 1448 136 21 betraktande
