1048 1731
221 115 28 22 48
379 114 273 23 Petitionsbetänkande
669 115 38 21 N:o
722 114 37 21 33.

558 428 38 21 VI.

265 491 65 21 Enär
343 491 42 28 jag
400 491 20 28 ej
437 491 91 21 kunnat
536 491 80 21 förena
624 491 49 28 mig
681 491 52 21 med
741 490 116 22 utskottet
866 490 85 27 derom,

197 527 34 20 att
246 532 48 21 nya
309 525 80 21 skolor
404 525 57 21 böra
476 525 99 21 inrättas
592 525 83 21 endast
691 525 30 28 på
737 524 88 22 sådana
835 526 68 25 orter,
913 524 39 22 der

196 560 84 28 början
301 560 38 20 till
363 559 88 22 sådana
472 559 37 22 till
532 559 59 29 följd
613 559 27 21 af
652 559 120 21 enskildas
788 559 105 21 initiativ
908 558 44 22 och

196 594 163 29 uppoffringar
383 594 80 21 blifvit
487 593 73 29 gjord,
582 593 48 21 kan
644 593 41 29 jag
701 594 21 28 ej
738 593 75 21 heller
827 593 125 29 godkänna

197 629 40 21 det
252 628 84 28 beslut,
353 628 100 22 hvarvid
468 628 116 22 utskottet
600 630 95 19 stannat
706 628 121 28 angående
835 635 117 21 represen-

197 664 84 20 tanten
295 662 119 22 Alastalos
429 662 235 29 petitionsmemorial
680 670 37 14 om
733 662 145 21 inrättandet
886 662 27 21 af
918 664 34 19 ett

195 697 171 29 finskspråkigt
381 697 108 21 läroverk
503 696 9 22 i
527 697 84 28 Borgå.
635 697 11 21 I
662 696 28 22 de
706 696 39 22 till
760 696 78 28 Borgå
853 696 100 22 skolom-

195 731 56 22 råde
274 732 104 21 hörande
403 732 136 21 kommuner
563 731 75 21 finnas
664 731 63 21 circa
749 732 78 25 27,000
848 731 13 21 å
876 732 78 26 28,000

195 766 77 21 finska
288 766 95 21 talande
400 766 149 24 innevånare,
559 765 121 21 hvaremot
697 765 45 21 den
751 766 100 21 svenska
859 765 95 22 talande

196 800 183 28 befolkningens
405 800 64 21 antal
491 802 70 26 utgör
577 800 62 21 circa
656 801 80 25 28,000
752 800 13 21 å
779 800 86 27 29,000,
882 800 71 21 hvad-

196 842 30 14 an
242 834 97 26 således,
349 836 54 20 med
417 834 92 28 hänsyn
524 834 38 21 till
577 834 183 29 befolkningens
777 834 70 28 antal,
857 834 40 22 det
907 842 47 21 nog

197 876 70 21 synes
290 876 56 14 vara
371 868 51 22 skäl
446 871 35 19 att
503 868 126 29 godkänna
646 869 267 29 petitionsmemorialet,
929 870 25 20 så

196 903 96 28 mycket
307 910 63 14 mera
386 910 49 14 som
451 903 34 21 för
500 903 45 21 den
561 903 101 21 svenska
670 903 95 21 talande
773 903 180 29 befolkningens

196 938 197 29 bildningsbehof
406 938 8 21 i
429 938 76 28 Borgå
520 938 150 21 underhälles
685 940 35 19 ett
735 938 152 29 fullständigt
895 938 58 21 ätta-

197 973 102 28 klassigt
313 973 102 28 lyceum.
445 973 54 21 Men
514 973 96 21 emedan
625 973 78 28 Borgå
719 973 53 21 stad
787 973 48 21 icke
845 973 62 21 torde
919 973 35 21 så-

198 1014 49 14 som
263 1007 107 22 skolstad
387 1007 124 21 betraktad
526 1015 44 20 ega
586 1007 45 21 den
648 1007 127 28 betydelse,
792 1009 35 20 att
835 1007 118 22 derstädes

198 1041 79 22 kunde
300 1041 173 29 upprätthållas
497 1043 85 20 tvenne
602 1041 155 29 åttaklassiga
771 1042 83 28 lyceer,
870 1041 84 22 under-

198 1076 79 21 stöder
299 1076 53 21 icke
377 1076 74 21 heller
471 1076 41 28 jag
534 1076 262 28 petitionsmemorialet
811 1077 7 20 i
834 1076 52 21 hela
902 1076 51 21 dess

198 1110 63 22 vidd.
292 1111 110 20 Deremot
424 1118 69 21 synes
509 1111 39 20 det
563 1111 49 28 mig
630 1118 55 14 vara
700 1111 87 28 billigt,
804 1113 35 18 att
857 1111 4 20 i
877 1110 77 29 Borgå

199 1145 53 21 stad
267 1145 47 22 .till
329 1153 30 13 en
374 1145 83 28 början
472 1145 98 21 inrättas
586 1152 28 14 en
629 1145 132 28 tvåklassig
777 1145 178 22 elementarsko-

199 1179 23 21 la
244 1179 54 22 med
316 1179 73 21 finskt
404 1179 262 29 undervisningsspråk,
682 1179 99 22 hvilken
796 1179 9 21 i
819 1179 43 22 fall
877 1179 26 22 af
915 1179 40 22 be-

200 1213 43 22 hof
259 1213 80 22 kunde
355 1213 112 29 utvidgas
482 1213 37 21 till
536 1221 28 14 en
579 1216 46 19 tre-
641 1214 57 21 eller
713 1214 128 28 fyrklassig
857 1213 98 22 elemen-

200 1248 104 21 tarskola
327 1248 7 21 i
358 1248 240 21 öfverensstämmelse
617 1249 53 20 med
691 1248 64 22 hvad
773 1249 53 22 1883
843 1249 36 20 års
895 1248 60 22 skol-

200 1282 103 29 ordning
325 1282 158 21 föreskrifver.
513 1283 104 22 Sålunda
636 1283 80 21 blefve
733 1283 38 20 till
786 1290 28 14 en
829 1282 82 29 början
927 1282 28 21 de

198 1317 89 28 jämväl
303 1317 26 21 af
342 1317 158 28 petitionären
508 1317 120 28 påpekade
638 1317 227 26 missförhållanden,
875 1316 81 29 aflägs-

200 1351 68 26 nade,
285 1353 35 20 att
335 1351 120 29 nämligen
469 1351 75 22 finska
559 1352 114 21 föräldrar
687 1352 9 21 i
704 1352 80 28 Borgå
792 1351 63 22 stads
864 1351 93 29 omnejd

200 1386 73 22 hafva
288 1386 64 22 svårt
368 1388 35 19 att
417 1386 24 22 få
457 1386 50 22 sina
521 1387 59 21 barn
595 1391 99 24 intagna
708 1386 43 22 vid
765 1386 76 22 fuska
857 1386 89 22 normal

271 1426 99 18 Allmänna
382 1426 173 18 Besvärsutskottets
566 1426 109 18 betänkande
688 1428 38 16 N:o
739 1427 31 17 27.
