1048 1731
295 127 208 24 Petitionsbetänkande
520 127 33 23 N:o
569 127 34 23 22.
790 129 13 19 3

77 197 42 20 dels
135 197 37 20 ock
187 197 49 24 deri,
259 199 29 17 att
303 198 24 18 de
343 197 44 19 med
403 197 58 19 dessa
476 198 84 23 tjenster
575 197 95 19 förenade
685 197 147 20 löneförmoner

78 226 44 20 icke
138 226 81 19 förmått
233 228 118 22 uppmuntra
366 225 48 20 våra
429 226 185 24 lärareaspiranter,
637 227 29 18 att
687 225 72 20 enkom
781 231 50 18 egna

77 255 29 24 sig
122 255 20 20 åt
158 255 54 19 detta
227 254 50 19 värf.
306 254 38 19 Till
359 254 50 24 följd
425 254 57 19 deraf
496 255 36 18 har
548 254 38 19 ock
604 254 64 19 denna
690 255 141 23 undervisning

76 284 26 24 på
117 283 20 20 få
152 283 99 24 undantag
266 285 37 17 när
317 283 50 19 måst
384 283 99 19 anförtros
500 283 75 19 sådana
590 283 72 25 lärare,
680 289 41 13 som
736 283 45 20 icke
796 289 33 14 va-

75 313 28 18 rit
118 313 34 18 sitt
166 311 40 20 kall
222 311 45 20 fullt
282 317 70 14 vuxne.
381 311 31 20 Dä
427 312 111 19 emellertid
560 311 165 24 undervisningen
747 312 7 19 i
777 317 52 18 gym-

75 341 74 23 nastik,
165 340 30 19 för
210 342 30 17 att
254 340 67 19 kunna
337 339 68 20 utöfva
420 346 24 13 en
459 339 86 25 behöflig
560 340 82 23 motvigt
656 343 41 16 mot
717 341 38 18 den
778 340 51 19 ensi-

76 370 40 23 digt
127 369 95 24 psykiska
232 369 147 24 ansträngning,
395 369 77 19 landets
484 369 85 23 ungdom
584 369 62 18 under
661 369 113 18 nuvarande
789 368 40 19 för-

75 398 105 19 hållanden
196 397 104 24 onekligen
311 400 22 17 är
344 397 141 26 underkastad,
501 397 37 20 bör
554 397 121 19 handhafvas
691 397 20 19 af
725 402 104 19 personer,

75 427 67 19 hvilka
156 431 70 19 genom
241 426 103 24 grundliga
359 426 76 19 studier
450 426 36 19 och
503 425 68 24 öfning
590 425 109 20 förvärfvat
721 426 30 23 sig
766 425 63 20 erfor-

75 455 75 24 derliga
165 455 82 24 insigter
261 455 7 18 i
283 455 35 19 sitt
333 455 46 25 kall,
395 457 23 17 är
433 455 34 19 det
481 455 38 19 lätt
540 457 29 17 att
591 454 59 24 finna,
672 455 6 18 i
701 455 50 19 huru
773 455 57 23 ringa

75 489 44 14 mon
135 483 60 24 syftet
209 483 44 20 med
268 483 65 20 denna
347 483 141 24 undervisning
503 483 40 20 kan
558 483 84 24 uppnås,
664 483 80 24 sålänge
767 483 62 20 saken

75 512 31 19 får
121 512 92 20 förblifva
227 512 26 24 pä
269 512 29 19 sin
313 512 114 20 nuvarande
443 512 129 24 ståndpunkt.
595 512 46 19 Med
656 512 106 24 anledning
772 511 58 20 häraf

74 541 64 24 ingafs
152 542 62 18 redan
229 541 32 19 vid
277 540 54 20 1885
347 541 32 19 års
395 541 94 23 landtdag
505 541 31 19 till
556 540 112 24 Höglofliga
682 540 147 25 Ridderskapet

74 570 37 19 och
126 570 64 19 Adeln
205 575 24 14 en
245 570 83 24 petition
345 575 30 13 om
385 570 289 24 gymnastikundervisningens
683 569 102 20 ordnande
795 569 44 22 vid
831 565 11 33 .

74 598 48 20 våra
136 598 102 24 läroverk;
255 598 36 20 och
306 598 105 19 Allmänna
425 598 192 24 Besvärsutskottet,
632 598 30 19 till
672 598 58 19 hvars
741 598 87 19 behand-

74 627 40 23 ling
129 626 190 26 petitionsförslaget
333 627 110 25 hänskjöts,
459 626 95 25 föreslog,
569 627 45 19 med
629 626 92 24 enhälligt
739 626 89 24 godkän-

74 656 64 19 nande
154 656 22 19 af
188 656 120 24 petitionens
323 655 133 25 hufvudsyfte,
473 658 29 17 att
518 656 112 19 Ständerna
644 655 45 19 ville
707 655 70 19 förena
799 654 29 24 sig

75 689 31 14 om
121 690 24 13 en
160 684 83 24 petition
266 684 81 24 derhän,
369 687 30 17 att
421 690 24 14 en
468 684 225 24 undervisningsanstalt
715 683 31 20 för
768 683 59 19 utbil-

74 713 64 19 dande
154 712 21 20 af
188 713 175 24 gymnastiklärare
379 714 6 18 i
401 713 58 19 deras
475 713 41 20 kall
531 713 65 19 blefve
612 712 86 20 inrättad
720 713 7 18 i
750 712 77 19 landets

73 741 125 20 hufvudstad.
227 742 46 18 Men
289 742 25 19 då
329 742 55 19 detta
399 741 75 25 förslag
488 742 45 19 icke
548 747 53 14 vann
616 740 125 24 erforderligt
756 740 72 20 under-

74 770 46 19 stöd
135 770 52 20 inom
202 770 94 24 Stånden,
317 770 61 19 delvis
394 770 74 24 derför,
483 772 31 18 att
528 776 46 14 man
589 770 100 23 befarade,
705 770 34 19 det
757 775 23 13 en
796 769 31 19 så-

74 798 39 20 dan
128 799 108 24 inrättning
258 799 76 19 komme
352 802 29 16 att
396 798 90 20 medföra
501 798 69 20 alltför
592 798 99 24 betydliga
713 798 115 23 kostnader,

73 826 68 21 förföll
156 827 68 24 frågan
239 827 32 20 för
293 828 64 19 denna
379 828 56 24 gång.
465 828 89 19 Emedan
570 827 52 20 dock
644 827 6 19 i
672 827 55 23 fråga
742 826 86 20 varande

73 856 51 19 brist
139 856 122 20 fortfarande
276 858 36 22 gör
327 857 29 23 sig
371 856 91 24 gällande
477 858 53 18 inom
547 856 35 20 vår
596 856 186 24 skolorganisation,
797 856 30 18 ta-

73 890 35 18 ger
121 885 34 23 jag
170 885 38 23 mig
223 884 83 20 friheten
322 886 51 23 ånya
388 885 63 19 väcka
471 885 56 23 fråga
550 885 74 23 härom,
647 884 116 24 öfvertygad
785 888 42 14 som

71 914 35 23 jag
121 916 28 21 är,
165 916 29 16 att
209 914 94 19 särskildt
318 914 51 19 inom
385 914 56 19 detta
456 914 93 24 upplysta
559 914 58 19 stånd
632 913 145 24 gymnastikens
793 912 34 19 be-

73 942 76 24 tydelse
164 942 32 19 för
210 943 34 18 det
258 943 130 24 uppväxande
403 943 73 24 slägtet
491 945 22 17 är
529 943 31 18 till
575 942 49 19 fullo
634 942 53 19 känd
697 942 36 19 och
745 940 81 21 erkänd.

73 971 67 24 Något
154 973 43 22 nytt
212 971 96 20 kostsamt
323 971 92 20 läroverk
430 972 58 19 torde
503 971 45 20 icke
563 971 63 20 heller
641 971 31 19 för
693 971 69 18 målets
785 970 42 19 vin-

73 999 65 20 nande
161 1005 47 14 vara
230 999 132 25 erforderligt.
395 1000 169 19 Hufvudvilkoret
586 1002 22 17 är
630 999 60 24 enligt
714 999 40 19 min
776 999 52 23 åsigt

72 1028 41 23 det,
135 1030 29 17 att
186 1029 286 24 gymnastikläraretjensterna
494 1029 33 19 vid
549 1029 49 19 våra
612 1028 127 23 fullständiga
760 1027 67 24 lyceer

73 1056 70 20 ställas
159 1057 25 24 på
200 1057 98 19 ordinarie
315 1057 29 20 fot
359 1060 50 17 samt
424 1058 7 18 i
447 1057 94 20 afseende
556 1058 12 19 å
584 1057 33 19 lön
632 1057 37 19 och
689 1057 84 24 pension
788 1055 38 19 lik-

72 1085 69 19 ställas
156 1086 44 19 med
215 1086 194 24 kollegatjensterna.
441 1086 35 19 Om
493 1091 23 15 en
540 1086 62 19 sådan
624 1085 115 24 förändring
761 1084 66 20 blefve

72 1114 98 25 vidtagen,
186 1115 63 18 skulle
260 1115 149 25 otvifvelaktigt,
421 1115 96 19 särskildt
525 1115 63 19 under
596 1114 112 19 nuvarande
717 1114 35 23 tid,
764 1113 25 19 då
797 1112 30 20 äf-

72 1148 36 13 ven
124 1142 36 20 hos
176 1149 32 13 oss
223 1143 33 19 vid
271 1143 99 24 kroppens
386 1144 111 23 utbildning
513 1143 62 20 fästes
596 1145 63 17 större
682 1142 93 19 afseende
801 1143 26 17 än

72 1170 54 20 förut
142 1171 36 20 och
194 1172 94 23 derjämte
303 1172 97 19 tillträdet
415 1173 30 18 till
461 1175 76 16 statens
560 1172 83 24 tjenster
657 1171 30 19 till
701 1170 50 25 följd
767 1169 21 20 af
802 1170 25 19 de

72 1200 99 19 sökandes
186 1201 70 23 mängd
271 1200 116 25 förknippas
409 1201 45 19 med
477 1201 36 19 allt
536 1203 64 17 större
624 1199 126 24 svårigheter,
774 1203 53 19 unga

70 1228 81 20 bildade
162 1231 43 17 män
206 1223 11 35 i
228 1229 115 24 tillräckligt
354 1230 55 19 antal
419 1229 90 20 befinnas
519 1229 77 24 hugade
605 1231 30 17 att
642 1229 70 18 enkom
720 1227 107 20 förbereda

72 1257 29 24 sig
114 1257 31 19 för
157 1258 65 19 denna
231 1258 130 19 verksamhet.
376 1252 13 34 I
402 1258 22 19 så
432 1258 35 19 fall
475 1258 66 19 kunde
552 1257 58 20 äfven
620 1256 207 25 kompetensvilkoren

71 1285 33 20 för
113 1285 150 25 ifrågavarande
279 1287 82 23 tjenster
372 1287 99 24 betydligt
485 1289 77 21 stegras
578 1286 38 20 och
631 1286 73 20 sådana
713 1285 114 24 fordringar

71 1315 109 23 uppställas
195 1315 27 24 på
235 1315 112 24 aspiranter
361 1316 31 19 till
415 1315 319 24 gymnastiklärarebefattningar,
758 1316 29 17 att
803 1314 24 19 de

72 1341 56 27 efter
142 1343 159 27 genomgången
316 1343 177 21 studentexamen
508 1344 63 20 borde
594 1344 90 19 använda
707 1344 34 19 sitt
763 1342 64 21 första

70 1371 128 21 akademiska
213 1373 22 19 år
250 1373 30 19 till
291 1372 127 25 preliminära
429 1373 83 26 studier,
528 1373 96 20 särskildt
638 1374 7 18 i
660 1372 51 25 fysik
723 1372 36 20 och
768 1372 59 23 kemi,

70 1403 51 17 samt
137 1400 86 20 derefter
238 1402 63 19 under
319 1406 23 14 en
366 1401 86 27 tvåårig
474 1402 227 25 gymnastiklärarekurs
723 1402 33 19 vid
777 1401 50 20 Uni-

70 1429 104 19 versitetet
189 1429 99 21 förvärfva
304 1430 29 23 sig
347 1431 106 23 grundliga
467 1431 83 24 insigter
574 1431 53 19 såväl
650 1431 6 19 i
678 1430 150 25 gymnastikena

70 1458 52 18 teori
138 1463 42 14 som
194 1458 7 19 i
217 1458 44 20 dess
277 1460 104 23 praktiska
396 1459 98 27 utöfning,
510 1460 108 24 hvarjemte
634 1460 49 26 dem,
699 1461 48 18 enär
762 1458 65 21 såsom

139 1496 102 19 Allmänna
253 1497 178 19 Besvärsutskottets
443 1499 112 17 betänkande
568 1500 33 16 N:o
614 1498 30 18 17.
