1048 1731
326 141 200 23 Motionsketänkande
542 141 35 23 N:o
594 140 18 23 6.
789 142 26 21 13

90 205 7 20 i
120 205 12 26 8
157 205 25 20 12
205 205 32 20 att
259 204 109 27 inspektör
387 203 58 22 öfver
467 203 84 22 enskild
567 203 89 27 jernväg
672 203 79 22 aflönas
767 203 22 22 af
802 204 47 21 kro-

90 245 42 15 nan
148 245 27 14 m.
192 245 25 14 m.
234 250 28 3 —
277 238 28 21 Af
318 237 131 27 stadganden
464 238 7 21 i
487 237 116 27 motionen,
626 237 131 22 beträffande
779 237 72 22 hvilka

92 273 122 21 densamma
236 272 60 21 äfven
312 271 79 22 afviker
406 271 47 22 frän
471 271 41 22 den
528 271 77 27 nädiga
620 272 165 27 propositionen,
802 277 47 16 men

91 312 46 16 som
160 305 109 23 Utskottet
289 305 95 22 deremot
398 307 69 20 ansett
481 305 48 22 icke
545 305 54 22 böra
613 305 33 21 till
661 305 76 27 ätgärd
752 305 23 22 af
788 305 62 22 Stän-

91 341 65 21 derna
171 340 115 26 föranleda,
302 339 35 22 vill
352 339 111 22 Utskottet
478 339 102 22 särskildt
595 339 113 22 framhålla
721 339 128 22 bestämnin-

90 380 41 21 gen
154 375 6 20 i
183 375 12 27 $
218 375 13 20 6
254 381 34 14 om
308 373 115 22 understöd
443 373 32 22 för
491 373 84 22 enskild
588 373 227 28 jernvägsanläggning
830 373 21 22 af

90 408 130 22 statsmedel.
243 407 162 28 Lämpligheten
420 407 23 22 af
456 414 26 15 en
498 407 59 28 dylik
572 407 126 22 subvention
713 409 62 20 torde
790 414 60 15 nem-

90 442 63 27 ligen,
178 442 65 27 enligt
264 442 121 21 Utskottets
407 441 62 28 åsigt,
485 442 54 21 böra
554 442 7 21 i
576 442 72 27 hvarje
664 442 100 21 särskildt
778 441 36 23 fall
829 442 22 21 af

90 476 84 27 Regent
192 476 39 21 och
250 476 91 21 Ständer
355 478 130 25 gemensamt
500 475 92 28 pröfvas,
608 476 85 21 hvartill
707 476 96 21 kommer
817 478 32 19 att

91 516 26 16 en
141 510 132 27 bestämning
292 510 74 22 härom
381 510 46 21 icke
441 510 68 22 heller
524 516 63 22 synes
602 510 54 21 höra
670 510 32 21 till
719 510 94 22 området
829 510 22 22 af

92 550 26 16 en
134 544 176 27 koncessionslag.

161 578 111 22 Utskottet
287 578 32 22 får
334 578 68 24 alltså,
419 578 38 22 och
473 578 50 21 med
531 578 125 27 hänvisning
664 578 77 27 jemväl
752 578 30 22 till
794 578 55 22 hvad

91 612 111 22 Utskottet
224 612 6 21 i
253 612 37 22 sitt
305 612 134 22 betänkande
453 612 8 21 i
476 612 115 26 anledning
606 612 23 22 af
643 612 114 22 omordade
772 612 76 27 nådiga

92 646 130 28 proposition
239 646 120 26 framhållit,
375 646 109 22 vördsamt
499 646 87 22 föreslå:

297 717 32 18 att
351 715 107 20 motionen
473 715 46 20 icke
536 715 35 20 må
588 715 34 21 till
639 715 72 20 vidare
727 715 79 27 åtgärd
821 714 31 28 af

230 748 124 21 Ständerna
366 749 132 27 föranleda.

161 919 11 21 I
194 918 98 22 ärendets
315 918 84 28 slutliga
413 919 131 28 behandling
559 919 63 21 hafva
638 919 87 27 deltagit
741 918 108 22 ordföran-

94 953 40 22 den
149 953 98 24 Jusélius,
258 953 143 22 ledamöterne
411 953 89 22 friherre
511 960 41 15 von
568 954 65 26 Born,
649 953 117 26 Stjernvall,
783 953 65 21 Cron-

93 987 63 26 stedt,
172 987 61 27 Lyra,
253 987 135 27 Schroderus,
403 987 20 22 J.
439 988 18 21 J.
473 987 145 25 Westerlund,
634 987 103 26 Calonius,
747 986 102 26 Niemelä,

94 1021 108 22 Grönroos
218 1021 38 21 och
267 1021 26 21 K.
302 1021 25 22 E.
336 1021 120 22 Herckman
465 1024 55 19 samt
528 1021 141 27 suppleanten
678 1021 23 22 G.
711 1021 24 21 P.
744 1021 104 26 Alopaeus.

162 1089 137 27 Helsingfors,
315 1090 40 21 den
371 1091 27 20 27
414 1090 60 27 April
492 1090 60 21 1888.

162 1508 139 23 Lagutskottets
313 1507 117 18 betänkande
443 1508 37 17 N:o
495 1508 26 16 13.
