1048 1731
315 146 210 25 Petitionshetänkände
544 153 30 17 n:o
591 147 19 23 9.
807 147 14 21 3

223 211 96 21 upptagas
343 215 21 11 en
387 215 77 14 summa,
489 210 39 16 stor
549 209 69 19 12,000
638 209 58 20 mark,
713 210 36 21 för
761 210 29 17 att
803 209 47 17 ärli-

223 243 35 18 gen
277 237 104 23 bortgifvas
401 243 38 12 som
459 237 234 22 skrijtställarepensioner
708 237 45 18 eller
765 237 83 18 belönin-

222 271 40 18 gar,
281 266 165 23 hufvudsakligast
467 265 45 18 dock
532 271 38 12 som
588 266 107 21 pensioner,
713 271 65 18 genom
791 271 22 12 en
825 265 28 23 af

223 295 108 17 Ständerna
343 295 66 17 utsedd
422 295 112 22 delegation.

154 339 129 23 Helsingfors,
296 339 37 18 den
345 340 10 17 3
368 339 55 18 Febr.
439 340 50 17 1882,

619 397 19 22 K.
654 396 17 23 J.
688 396 89 29 Högman.

156 576 165 27 (Öfversättning.)

223 637 55 17 Till
297 637 172 18 hedervärda
481 637 225 18 Bondeständet!

154 695 7 17 I
180 695 37 17 alla
234 694 73 23 länder,
323 694 34 19 der
369 694 114 24 bildningen
495 695 42 17 nått
550 695 36 17 den
599 694 122 24 ståndpunkt,
735 696 28 16 att
775 695 37 18 den
825 694 22 19 af

84 724 31 23 sig
133 723 46 24 sjelf
195 723 36 18 har
245 723 75 18 kunnat
331 724 60 22 skapa
404 730 24 12 en
441 724 89 23 originel,
542 723 90 18 inhemsk
644 724 151 22 skönlitteratur,
808 724 37 17 till-

84 754 62 16 mäter
157 758 45 12 man
214 752 176 23 upprätthällandet
402 752 37 18 och
451 752 142 23 befrämjandet
606 752 21 17 af
638 758 24 12 en
673 752 60 18 sädan
746 753 97 17 litteratur

84 786 24 13 en
126 780 100 24 synnerlig
243 781 43 23 vigt
309 780 36 18 och
357 780 106 24 betydelse.
488 781 43 17 Den
544 786 79 18 omsorg
635 780 66 18 folken
712 781 7 17 i
731 782 53 17 detta
796 781 47 17 hän-

84 810 70 17 seende
175 810 47 21 visa,
240 811 22 15 är
279 810 78 22 mycket
375 810 91 22 naturlig.
489 810 31 23 Ty
532 810 120 17 litteraturen
665 812 21 15 är
696 810 22 22 ju
731 810 32 18 det
775 809 69 22 medel,

84 844 70 17 genom
173 838 74 18 hvilket
267 838 72 23 äsigter
359 838 36 18 och
415 838 161 23 äskädningssätt
592 838 21 23 ja
628 838 111 18 tillochmed
751 838 24 18 de
787 838 58 18 önsk-

83 867 75 23 ningar,
170 872 42 12 som
224 866 30 18 för
266 866 85 18 tillfället
366 867 35 17 hos
414 866 63 18 folket
489 867 52 21 råda,
554 867 113 17 frambäras.
691 866 153 18 Framställande

83 894 75 19 folkens
178 896 41 17 inre
239 895 28 22 lif,
287 897 36 21 gör
341 895 172 18 skönlitteraturen
526 896 44 17 dem
583 895 82 18 bekanta
677 895 44 18 med
733 895 110 18 hvarandra

84 924 36 18 och
137 926 142 21 representerar
297 924 44 17 dem
364 926 102 21 gentemot
490 924 115 18 hvarandra.
629 924 45 17 Men
700 924 143 18 skönlitteratu-

82 959 45 12 rens
145 954 71 17 största
233 953 98 23 betvdelse
343 953 64 23 ligger
419 953 50 18 dock
482 953 46 21 deri,
541 955 29 16 att
582 953 37 18 den
631 958 72 18 genom
716 953 30 18 sin
762 953 81 17 lättfatt-

82 981 61 24 lighet
160 983 79 22 tränger
256 981 29 18 till
297 982 37 17 alla
346 981 117 18 folkklasser
476 982 37 17 och
525 981 75 18 säledes
612 982 6 17 i
631 981 78 24 mycket
721 981 60 24 högre
794 981 49 23 grad

82 1012 25 15 än
119 1011 64 22 nägon
196 1016 62 11 annan
270 1010 96 17 litteratur
378 1010 103 23 uppfostar
493 1011 33 17 det
538 1010 46 23 folk,
598 1010 30 18 för
640 1010 59 18 hvars
712 1009 23 18 lif
745 1010 32 17 det
786 1011 59 22 utgör

82 1040 28 17 ett
122 1039 78 23 uttryck
212 1039 36 17 och
261 1038 21 18 af
293 1039 74 17 hvilket
379 1039 32 17 det
423 1041 22 15 är
458 1045 24 12 en
494 1039 91 23 produkt.

151 1067 36 18 Om
206 1067 72 18 säledes
297 1067 37 18 den
346 1068 102 17 inhemska
461 1068 133 17 litteraturens
606 1067 101 18 förkofran
718 1067 6 17 i
737 1067 106 18 allmänhet

81 1097 22 16 är
122 1095 22 18 af
160 1097 41 16 stor
216 1096 102 23 betydelse,
332 1098 21 15 är
367 1096 37 18 den
417 1097 32 17 det
461 1097 8 16 i
481 1099 25 15 än
519 1096 62 23 högre
593 1096 48 23 grad
654 1095 29 18 för
696 1096 41 17 smä
749 1096 94 21 nationer,

81 1124 67 17 hvilka
159 1124 41 17 ofta
212 1127 32 15 äro
257 1126 88 21 tvungna
357 1126 28 16 att
397 1125 48 17 söka
457 1125 36 18 sitt
505 1125 49 18 enda
567 1125 44 17 stöd
622 1125 7 16 i
641 1125 42 16 sina
695 1124 78 23 andliga
785 1123 59 18 fram-

81 1153 108 22 bringelser
201 1152 30 18 för
242 1154 29 16 att
283 1153 118 18 åtminstone
413 1153 25 23 pä
451 1153 62 23 något
526 1153 78 17 område
616 1153 65 17 kunna
693 1153 7 16 i
713 1152 130 23 mensklighe-

80 1183 43 16 tens
146 1187 143 17 gemensamma
313 1181 192 24 utvecklingsarbete
529 1181 47 18 täfla
596 1181 44 18 med
661 1181 59 17 andra
735 1181 108 22 mäktigare

81 1209 89 24 folkslag.

149 1239 10 17 I
177 1239 103 23 anledning
295 1239 22 17 af
334 1239 63 17 denna
416 1239 184 17 skönlitteraturens
618 1238 106 17 storartade
742 1237 47 18 både
801 1237 43 17 utåt

80 1267 36 18 och
134 1267 41 18 inåt
192 1267 97 18 verkande
308 1267 97 24 betydelse
425 1268 87 17 sträfvar
531 1273 45 12 man
592 1267 55 18 öfver
664 1267 33 17 allt
713 1267 27 16 att
753 1265 90 18 befordra

80 1296 43 17 dess
143 1296 116 23 utveckling,
280 1296 22 17 så
322 1298 54 15 snart
397 1296 48 17 blott
466 1297 37 17 den
524 1296 91 23 spädaste
636 1295 61 18 brådd
715 1295 55 17 deraf
784 1294 58 17 fram-

80 1325 66 22 spirar.
172 1325 46 17 Man
237 1325 56 18 söker
314 1325 109 23 förebygga
445 1326 30 16 att
495 1325 37 17 den
552 1325 112 22 förqvätves
684 1325 59 16 innan
763 1323 37 17 den
820 1323 22 17 så

79 1353 95 17 förkofrat
192 1353 35 23 sig,
245 1355 28 16 att
291 1353 37 18 den
347 1354 37 17 kan
403 1353 133 24 upprätthålla
554 1353 31 23 sig
603 1353 47 23 sjelf
667 1353 36 17 och
723 1352 64 24 sprida
803 1357 39 11 om-

78 1382 58 22 kring
148 1382 31 23 sig
191 1382 43 18 frön
246 1382 29 18 till
287 1388 27 18 ny
327 1382 60 18 brodd
405 1382 37 18 och
455 1388 40 18 nya
507 1383 99 22 telningar
636 1382 74 18 Genom
724 1381 117 21 belöningar,

78 1411 103 23 pensioner
198 1417 25 11 m.
242 1417 23 12 m.
279 1411 58 18 hafva
350 1411 38 17 alla
401 1411 41 17 folk
455 1412 62 17 under
530 1412 37 16 alla
580 1411 50 17 tider
642 1410 75 18 försökt
729 1408 113 18 säkerställa

78 1440 37 16 den
128 1439 43 17 frän
183 1439 125 18 ekonomiska
321 1440 113 23 bekymmer
446 1440 88 18 befriade
547 1440 90 21 existens,
651 1444 41 12 som
705 1438 30 18 för
747 1438 96 17 litteratu-

77 1474 45 12 rens
135 1468 87 18 arbetare
235 1470 20 16 är
268 1469 112 23 nödvändig
392 1469 62 17 under
467 1469 56 17 deras
537 1468 70 19 arbete,

146 1502 102 18 Allmänna
262 1503 172 17 besvärsutskottets
448 1503 120 17 betänkande
581 1504 35 16 N:o
629 1502 16 18 7.
