1048 1731
223 134 13 19 6
394 130 240 24 Petitionsbetänkande
651 130 37 23 N:o
704 131 22 22 9.

265 193 225 22 Skönlitteraturens
512 193 121 28 betydelse
656 193 65 22 säväl
744 192 37 22 för
800 192 46 22 den
861 193 98 22 allmänt

194 227 133 28 menskliga
349 235 49 14 som
413 227 38 22 för
465 227 46 22 den
528 227 115 22 särskilda
657 227 120 22 nationela
791 227 166 28 utvecklingen

198 265 25 18 är
245 261 100 22 förvisso
367 261 120 22 obestridd
507 261 44 22 och
567 261 143 29 obestridlig.
740 261 83 22 Denna
838 261 119 28 betydelse

195 295 67 22 torde
284 295 52 22 icke
359 295 73 22 heller
454 295 164 22 underskattas
634 296 8 21 i
658 296 53 21 värt
733 295 62 28 land,
818 295 91 22 hvilket
924 295 33 20 ät-

194 330 118 22 minstone
327 330 8 21 i
351 337 29 14 en
396 330 101 21 afslutad
513 329 141 30 lifsgerning
669 331 30 28 pä
715 330 64 21 detta
794 329 94 22 omräde
903 336 55 21 eger

196 367 35 19 ett
246 365 106 28 exempel
367 365 9 20 i
391 364 48 28 sak,
454 364 76 21 kändt
545 364 44 21 och
604 364 136 29 uppfattadt
755 363 26 22 af
795 363 92 22 enhvar.
911 363 46 22 Nä-

194 401 42 26 got
258 398 85 22 tvifvel
358 399 81 22 härom
458 399 43 21 har
515 399 65 21 inom
598 399 123 21 Utskottet
735 398 52 21 icke
801 398 154 27 förnummits,

192 433 46 22 och
261 433 42 22 har
326 433 78 22 derför
426 433 43 22 ock
491 433 195 28 petitionärernas
705 433 96 28 slutliga
819 432 68 29 syfte,
911 432 44 21 den

194 467 173 22 fosterländska
375 467 218 22 skönlitteraturens
604 467 166 28 befrämjande,
781 467 51 21 icke
847 467 8 21 i
870 467 86 21 minsta

193 509 55 15 mon
258 501 26 22 af
292 501 129 22 detsamma
431 501 138 29 ringaktats.
585 501 35 22 De
629 501 194 29 betänkligheter,
834 501 121 29 petitions-

193 536 120 28 förslagen
336 536 129 22 emellertid
483 536 71 22 väckt
572 536 42 22 hos
630 544 29 13 en
675 536 172 28 öfverväpande
863 536 92 28 majori-

193 572 35 20 tet
250 570 64 22 inom
336 570 128 26 Utskottet,
487 570 71 22 hafva
580 570 97 22 fastmer
699 570 36 22 sin
757 572 100 26 yttersta
879 570 76 28 grund

191 604 50 29 just
256 604 8 22 i
279 605 99 21 intresse
393 604 36 22 för
445 604 72 29 sagda
533 604 68 29 syfte,
621 604 9 21 i
645 605 26 21 sä
685 605 80 27 mätto,
782 606 35 20 att
831 604 124 29 petitionä-

192 645 81 15 rernas
296 638 133 30 föreslagna
451 638 76 22 medel
549 639 52 21 icke
617 641 88 19 ansetts
721 638 98 30 tjenliga
834 638 37 22 för
885 638 70 21 näen-

194 672 39 22 det
249 672 26 22 af
288 672 67 23 deras
371 673 202 22 erkännansvärde
590 673 53 21 mäl.

262 707 65 22 Utan
350 707 84 22 tvifvel
456 708 47 20 kan
526 707 159 21 litteraturens
704 707 99 22 historia
817 707 81 29 pävisa
913 707 41 21 fall

192 741 66 21 såväl
281 741 53 22 från
357 742 63 21 äldre
443 749 49 14 som
515 749 81 14 senare
620 741 42 28 tid,
685 742 30 21 dä
737 741 218 22 skönlitteraturens

192 775 82 22 idkare
297 776 166 28 ihägkommits
486 776 53 21 med
562 776 96 28 statliga
682 776 57 21 eller
759 775 100 22 officiela
873 776 82 21 erkän-

193 810 94 22 nanden
308 810 88 29 jemväl
412 810 25 22 af
451 810 137 22 ekonomisk
604 813 42 24 art,
670 810 8 21 i
693 817 50 15 mer
758 810 43 21 och
816 810 89 22 mindre
921 810 33 21 di-

192 844 53 21 rekt
267 844 67 22 form.
365 844 212 28 Penningepgäfvor,
593 844 101 22 lönande
710 844 87 28 sysslor
812 844 43 21 och
870 844 84 28 sysslo-

192 878 45 22 fria
259 878 66 22 löner
347 878 74 22 under
444 878 63 22 olika
529 886 71 14 namn
623 878 78 23 blefve
725 878 40 21 väl
787 878 8 21 i
817 878 76 22 flertal
919 880 35 20 att

192 912 84 22 härvid
299 913 120 21 anteckna.
450 912 98 22 Antalet
570 912 26 22 af
616 912 67 22 dessa
705 912 43 22 fall
770 916 25 18 är
817 912 93 22 likvisst
930 912 27 22 af

192 947 92 21 mindre
299 948 53 27 vigt
366 947 37 22 för
417 947 153 22 förevarande
586 947 87 29 frågor,
690 951 30 18 än
730 947 84 22 fallens
825 947 128 22 beskaffen-

192 981 40 22 het
256 981 43 21 och
322 981 45 22 den
390 981 75 22 fördel
487 981 147 22 litteraturen
658 981 26 22 af
704 981 61 22 slika
788 981 165 22 erkännanden

192 1015 103 22 skördat.
325 1016 34 22 Ur
381 1015 67 22 dessa
470 1016 147 29 synpunkter
632 1016 57 27 sedt,
713 1015 66 22 torde
795 1023 54 14 man
864 1015 88 29 nödgas

191 1049 121 29 medgifva
335 1052 36 19 att
392 1050 163 21 vedermälena
578 1049 26 22 af
627 1052 34 19 ett
684 1049 97 22 officielt
804 1050 148 21 erkännande

191 1083 73 22 oftast
278 1085 62 21 varit
355 1085 97 28 sentida,
476 1085 25 21 sä
516 1085 38 21 till
572 1085 56 22 vida
646 1092 49 15 som
711 1085 29 21 de
755 1085 8 21 i
779 1085 80 29 regeln
873 1085 80 22 träffat

191 1119 52 21 icke
258 1119 46 21 den
320 1119 103 28 gryende
438 1121 57 20 utan
511 1119 46 22 den
572 1120 72 21 mälet
658 1120 81 21 hunna
754 1119 27 22 af
792 1120 99 21 flertalet
901 1120 51 29 hyl-

190 1153 53 21 lade
259 1153 129 29 förmägan.
411 1153 52 22 Den
478 1154 96 29 statliga
590 1154 123 21 erkänslan
729 1154 43 21 har
781 1154 98 21 sälunda
890 1162 63 14 mera

190 1187 67 21 lönat
272 1187 40 22 det
327 1187 105 29 fullgoda
447 1188 92 29 färdiga
555 1189 91 21 arbetet
661 1192 30 18 än
707 1188 118 22 befordrat
839 1188 52 22 dess
905 1189 48 20 till-

190 1221 85 26 komst,
298 1221 43 22 har
363 1222 145 22 konstaterat
530 1223 45 21 den
590 1230 80 14 vuxna
685 1222 129 29 förmägan,
833 1230 52 14 men
901 1223 51 21 icke

190 1254 86 23 fostrat
292 1255 51 22 den.

259 1289 72 22 Detta
347 1290 50 29 slag
412 1290 26 21 af
451 1290 97 22 officielt
564 1291 52 22 stöd
632 1291 24 21 ät
670 1291 149 21 litteraturen
834 1290 65 22 torde
910 1297 42 14 un-

190 1323 42 21 der
247 1324 56 21 vära
319 1324 135 21 nuvarande
469 1324 163 23 förhällanden
653 1325 50 21 icke
724 1325 75 21 säsom
814 1325 79 28 nägon
908 1324 45 22 frä-

188 1364 33 22 ga
242 1357 37 22 för
302 1358 76 29 dagen
389 1359 67 21 träda
471 1359 8 21 i
494 1359 151 29 förgrunden.
676 1359 104 21 Oaktadt
795 1359 158 28 petitionsför-

191 1391 82 29 slagen
289 1392 137 29 visserligen
442 1393 142 21 härutinnan
599 1393 52 22 icke
667 1400 70 22 synas
753 1393 56 22 fullt
818 1393 72 25 klara,
905 1394 48 21 kan

190 1425 41 22 det
245 1426 40 22 väl
308 1427 69 21 också
399 1429 104 27 antagas,
527 1430 35 19 att
578 1427 28 21 de
622 1428 70 21 afsett
708 1428 53 20 icke
775 1427 138 29 belöningar
929 1428 24 20 åt

187 1459 106 23 litteräre
316 1463 108 26 stormän,
444 1464 57 19 utan
517 1462 128 21 understöd
664 1462 23 21 åt
702 1461 87 22 sådane
805 1462 147 21 skönlittera-

259 1500 104 18 Allmänna
376 1502 178 17 Besvärsutskottets
567 1502 117 17 betänkande
697 1503 38 16 N:o
749 1502 16 16 7.
