1048 1731
245 134 26 20 12
437 133 239 23 Petitionsbetänkande
693 133 36 23 N:o
745 133 20 22 7.

459 401 275 28 Reservationer.

586 491 21 16 1.

285 544 10 20 I
317 544 12 26 8
347 544 12 21 6
376 544 21 21 af
411 544 26 22 K.
453 544 23 21 F.
494 544 22 21 af
530 544 40 21 den
586 545 12 20 6
614 544 103 21 Februari
735 544 53 20 1865
805 544 106 26 angående
927 544 47 21 ord-

216 578 80 20 nandet
319 578 22 21 af
354 578 278 26 kommunalförvaltningen
648 578 26 26 pä
689 577 80 26 landet,
785 577 44 21 däri
845 577 128 22 kommunal-

216 613 116 20 stämmans
348 612 224 26 befogenhetsomräde
588 614 98 19 närmare
701 611 120 26 fastställes,
837 612 44 21 stär
891 612 6 20 i
909 612 64 21 första

216 648 91 18 rummet
331 646 182 26 afgöranderätten
537 646 6 20 i
566 646 72 26 frägor
654 652 33 14 om
703 646 130 20 inrättandet
848 645 21 21 af
882 646 91 20 folksko-

216 679 38 21 lor.
285 680 32 20 Då
341 680 119 21 uttalandet
483 680 5 20 i
512 680 155 20 betänkandets
686 679 67 21 första
769 679 55 21 kläm
841 680 81 20 således
937 679 36 22 be-

215 714 88 20 tecknar
319 716 30 19 ett
365 713 67 27 afsteg
447 714 46 21 från
510 714 40 20 den
566 713 225 27 själfstyrelseprincip,
807 720 45 14 som
867 720 74 20 genom
953 713 22 22 af

215 747 82 27 Regent
317 748 39 20 och
371 748 92 21 Ständer
477 749 131 25 gemensamt
624 748 72 21 stiftad
712 748 35 26 lag
762 747 137 21 tillförsäkras
914 748 59 20 kom-

215 788 102 14 munerna
332 782 27 26 på
374 782 78 23 landet,
468 782 39 21 har
519 782 37 26 jag
572 782 46 21 icke
634 782 81 21 kunnat
727 782 47 21 med
785 782 41 20 min
838 784 43 19 röst
892 782 81 21 skänka

215 816 115 20 understöd
354 816 67 21 däråt.
451 816 111 21 Fastmera
586 822 61 15 anser
668 816 35 26 jag
726 816 42 26 mig
790 816 51 21 böra
864 818 43 19 mot
927 816 45 21 det-

215 856 80 14 samma
318 850 84 26 inlägga
424 850 137 26 reservation,
585 850 75 21 främst
683 850 22 21 af
718 850 109 27 påpekade
843 850 129 27 principiella

214 883 53 26 skäl,
291 890 47 14 men
361 883 60 21 äfven
444 884 27 26 på
494 884 40 20 den
554 884 69 26 grund
638 886 32 19 att
683 884 36 27 jag
735 884 6 20 i
757 883 214 22 folkskoleförhållan-

215 918 60 25 dena,
299 918 80 20 sådana
401 918 26 20 de
450 918 47 20 med
519 918 87 27 ledning
629 918 21 21 af
664 918 97 27 gällande
778 917 146 28 författningar
940 919 31 19 ut-

214 951 83 22 vecklat
319 952 38 26 sig,
379 952 46 21 icke
441 951 66 22 finnes
523 953 65 25 något
603 959 45 14 som
664 952 55 21 hälst
735 953 48 20 stöd
800 951 31 22 för
846 952 39 21 den
903 951 22 22 af
937 953 33 20 ut-

214 986 81 21 skottet
310 985 120 28 föreslagna
445 986 108 26 åtgärden.

283 1019 28 22 Af
324 1019 57 22 inom
397 1020 104 21 utskottet
517 1020 92 26 delgifna
625 1020 76 27 siffror,
711 1033 26 2 —
753 1020 72 21 hvilka
840 1019 59 22 äfven
914 1019 6 21 i
936 1019 35 22 be-

214 1054 116 21 tänkandet
347 1053 138 27 observerats,
496 1066 24 2 —
538 1053 92 28 framgår
646 1057 97 24 nogsamt
757 1054 214 22 folkskoleväsendets

213 1087 81 22 snabba
316 1088 121 26 utveckling
460 1088 7 21 i
491 1089 45 20 vårt
558 1088 60 21 land:
642 1089 56 20 inom
722 1089 73 26 loppet
817 1088 22 21 af
853 1089 64 25 några
933 1088 38 21 och

213 1122 60 27 tjugu
295 1123 24 20 år
339 1122 62 21 hafva
417 1122 79 21 inemot
511 1123 42 20 400
568 1122 187 21 landskommuner
770 1123 87 20 inrättat
872 1124 29 19 ett
917 1129 54 14 sam-

213 1156 109 27 manlagdt
345 1156 58 21 antal
426 1156 23 21 af
462 1156 5 20 i
484 1156 36 21 det
535 1159 107 18 närmaste
659 1157 41 21 700
715 1157 66 26 högre
797 1156 120 26 folkskolor,
933 1156 37 26 tal,

212 1190 72 21 hvilka
307 1190 46 21 icke
373 1190 67 21 vittna
456 1197 34 14 om
505 1191 128 25 stagnation,
650 1191 55 21 hälst
721 1191 107 21 desamma
843 1193 36 18 äro
895 1190 76 21 stadda

212 1225 6 20 i
234 1225 49 20 rask
299 1224 54 27 årlig
368 1224 89 21 tillväxt.
474 1224 37 21 Att
528 1225 26 20 då
570 1225 32 20 för
618 1225 26 20 de
659 1225 27 21 80
697 1225 192 23 landskommuner,
899 1224 72 21 hvilka

212 1260 57 19 ännu
291 1259 46 21 icke
361 1260 78 25 öppnat
455 1258 79 21 sådana
550 1258 187 27 läroinrättningar
752 1259 57 20 inom
824 1259 45 20 sina
884 1260 87 25 gränser

212 1292 40 21 och
267 1293 23 20 af
305 1293 79 25 hvilka,
396 1305 27 2 —
438 1293 69 20 såsom
523 1292 146 22 betänkandet
683 1293 61 20 äfven
760 1292 127 26 framhåller,
897 1304 24 3 —
939 1294 31 19 ett

211 1326 166 21 beaktansvärdt
401 1326 58 21 antal
481 1326 22 21 af
523 1326 133 27 geografiska
679 1327 52 21 eller
751 1327 137 20 ekonomiska
903 1326 66 21 skäl
958 1322 14 36 i

211 1360 74 27 hvarje
300 1360 101 22 händelse
415 1366 51 16 vore
482 1360 129 27 berättigadt
626 1361 32 21 till
674 1363 31 19 ett
721 1361 113 27 undantag,
850 1361 71 21 skrida
937 1359 33 22 till

211 1396 104 20 särskilda
337 1396 176 26 tvångsåtgärder
536 1396 52 20 eller
610 1401 38 15 ens
671 1396 64 20 tanke
757 1396 28 26 på
807 1396 85 25 sådana,
907 1400 62 22 synes

210 1429 43 26 mig
275 1435 45 15 som
343 1430 32 20 ett
397 1429 84 27 uttryck
500 1428 22 21 af
536 1429 46 21 icke
598 1429 121 26 berättigad
735 1429 40 21 och
791 1429 64 27 otålig
871 1428 51 22 ifver
937 1428 32 22 för

210 1462 187 28 slutorganisation
419 1462 22 22 af
461 1462 214 22 folkskoleväsendet.
705 1463 32 27 Ty
759 1464 69 20 såsom
851 1463 22 21 af
885 1464 84 20 senaste

279 1502 102 17 Allmänna
395 1501 176 19 Besvärsutskottets
584 1502 116 18 betänkande
713 1504 36 16 N:o
763 1503 16 16 5.
