1048 1731
212 117 13 21 4
409 115 228 24 Motionsbetänkande
655 117 36 22 N:o
707 115 22 24 8.

183 179 144 28 lagutskottet
342 179 169 27 uppenbarligen
526 181 33 20 att
574 179 137 28 undanrödja
734 179 36 22 det
785 180 87 27 möjliga
887 180 60 21 miss-

184 214 105 26 förstånd,
304 215 35 20 att
353 213 118 28 anspråket
483 213 30 28 på
528 213 165 28 fullständighet
717 214 73 23 kunde
811 221 64 15 anses
895 214 53 22 hän-

185 249 48 21 föra
249 249 32 26 sig
297 248 32 21 till
344 248 124 24 innehållet,
483 255 49 14 men
547 249 97 21 deremot
659 249 46 21 icke
722 249 33 20 att
776 249 7 20 i
806 249 70 26 någon
898 255 49 15 mon

186 283 111 27 eftergifva
313 282 116 27 anspråket
444 282 28 27 på
494 282 164 27 fullständighet
673 283 7 20 i
696 282 61 22 form.
789 283 49 21 Med
861 283 36 21 det
919 289 29 14 nu

185 317 92 22 anförda
301 317 72 21 såsom
398 317 70 26 grund
490 316 33 22 för
549 317 32 21 sin
607 317 138 26 uppfattning
768 323 33 15 om
825 318 57 21 rätta
904 317 44 20 för-

185 352 87 21 ståndet
292 351 23 22 af
335 351 163 27 ifrågavarande
521 351 125 27 stadgande,
669 351 40 21 har
732 351 117 22 utskottets
871 351 77 27 flertal,

187 393 46 15 som
249 387 72 20 ansett
336 385 31 27 sig
390 385 95 21 hvarken
507 385 55 21 böra
584 385 53 22 eller
660 385 73 22 kunna
754 385 76 28 frångå
852 386 36 21 det
909 385 40 21 hos

185 421 85 20 landets
281 420 93 21 Ständer
389 419 124 22 häfdvunna
528 419 204 28 åskådningssättet,
748 421 32 20 att
791 420 104 27 grundlag
909 419 40 22 bör

187 455 72 22 tolkas
279 455 84 26 strängt
378 453 55 22 efter
449 454 153 27 ordalydelsen,
626 454 47 21 icke
696 454 91 21 förmått
807 455 87 20 komma
914 454 33 21 till

188 495 71 15 annan
275 489 88 21 slutsats
387 490 27 19 än
437 489 33 21 att
492 488 163 28 ifrågavarande
677 489 82 21 motion
781 489 7 21 i
810 489 85 21 formelt
917 488 30 22 af-

188 524 78 21 seende
281 523 48 21 icke
344 522 108 28 uppfyller
465 522 96 22 vilkoren
576 523 33 21 för
624 524 32 20 ett
672 523 27 27 på
710 523 177 22 slutmomentet
879 518 12 36 i
898 523 49 21 åbe-

188 558 81 26 ropade
288 557 78 27 nådiga
392 557 100 21 manifest
517 558 32 26 sig
563 558 126 26 grundande
705 557 242 27 lagstiftningsinitiativ,

190 594 56 20 samt
261 593 34 20 att
310 592 77 27 åtgärd
402 592 47 21 från
461 592 129 21 Ständernas
606 592 47 21 sida
668 592 49 22 med
732 592 114 27 anledning
861 591 23 22 af
898 592 50 21 den-

188 634 82 14 samma
285 627 56 26 förty
357 626 40 21 bör
412 626 92 22 förfalla.

257 661 110 21 Ehuruväl
383 661 120 21 motionens
518 660 91 22 formela
624 660 88 25 brister,
729 660 62 22 äfven
812 660 35 22 vid
871 666 25 15 en
912 666 37 16 en-

192 696 48 21 dast
255 696 76 26 flyktig
346 695 57 21 blick
418 695 28 27 på
461 695 129 25 densamma,
607 695 69 21 måste
691 695 126 24 framträda,
839 701 63 15 anser
917 695 32 27 sig

189 730 108 22 utskottet
306 729 35 21 för
350 729 200 27 fullständighetens
562 730 57 20 skull
634 729 53 21 böra
703 729 116 22 framhålla
834 730 115 21 desamma.

188 764 89 21 Oafsedt
292 764 115 21 frånvaron
423 763 23 21 af
460 764 74 21 rubrik
554 764 33 21 till
610 764 42 21 den
677 763 98 27 åsyftade
790 763 158 27 förordningen,

189 798 78 22 saknas
283 799 7 20 i
304 798 140 26 lagförslaget
459 798 67 21 sådan
540 798 110 26 inledning
670 804 46 15 som
732 798 31 21 uti
778 798 73 26 hvarje
867 798 82 21 härför-

188 833 65 21 innan
268 839 77 20 genom
361 834 84 25 regents
462 832 38 22 och
517 832 97 22 ständers
626 832 128 22 samverkan
764 832 133 22 tillkommen
907 832 42 21 för-

190 867 97 27 ordning,
303 867 86 21 hvilken
408 866 116 22 innefattar
546 867 92 27 ändring
661 867 22 21 af
705 867 67 27 något
793 867 98 27 gällande
906 866 44 27 lag-

192 902 125 26 stadgande,
333 900 62 28 ingår
403 901 33 21 för
451 902 32 20 att
493 900 92 28 angifva,
596 901 81 21 hvilket
688 902 84 26 lagrum
783 908 75 20 genom
869 907 82 15 samma

190 936 127 26 förordning
331 935 71 22 blifvit
418 935 97 22 ändradt.
541 936 33 21 En
590 936 55 22 brist
660 936 23 21 af
691 936 131 27 nästantydd
833 935 118 22 beskaffen-

190 971 43 26 het,
249 971 87 20 hvilken
351 970 34 21 uti
401 972 32 19 ett
448 970 65 27 gifvet
526 970 44 27 fall,
586 971 7 20 i
610 971 99 21 afseende
726 970 13 21 å
753 977 26 14 en
795 971 23 21 af
831 970 120 22 Ständerna

192 1005 110 21 allaredan
317 1004 122 21 behandlad
455 1005 39 20 och
510 1005 7 20 i
532 1005 121 21 hufvudsak
668 1005 102 27 godkänd
785 1005 86 26 motion,
886 1005 23 20 af
918 1006 34 20 ut-

190 1039 84 22 skottet
293 1040 82 20 ansetts
397 1039 48 21 icke
468 1040 82 20 ensamt
572 1039 34 21 för
629 1039 32 27 sig
683 1041 78 25 utgöra
783 1039 113 28 anledning
919 1039 33 22 till

190 1074 121 21 motionens
327 1073 122 27 afböjande,
465 1073 38 21 har
519 1073 32 22 uti
567 1074 31 21 ett
613 1076 66 19 annat
695 1073 45 25 fall,
763 1074 6 21 i
791 1073 98 28 förening
903 1074 49 21 med

191 1108 81 21 bristen
289 1108 27 26 på
332 1107 81 27 rubrik,
437 1107 23 22 af
473 1108 107 21 utskottet
596 1108 105 27 enhälligt
724 1108 81 21 anförts
829 1107 69 22 såsom
921 1109 32 20 ett

192 1143 170 26 supplementärt
377 1142 67 21 motiv
459 1142 33 21 för
507 1142 182 22 underkännande
707 1143 22 20 af
743 1149 26 15 en
785 1149 69 15 annan
865 1143 86 26 motion,

191 1177 87 21 hvilken
293 1177 50 20 med
359 1176 99 21 afseende
473 1176 178 27 hufvudsakligen
668 1177 12 21 å
696 1177 49 21 dess
760 1177 93 21 innehåll
877 1177 22 22 af
919 1179 34 20 ut-

192 1211 82 21 skottet
290 1212 82 20 ansetts
387 1211 54 21 böra
456 1211 113 21 förkastas.
601 1211 10 21 I
626 1211 136 27 konsegvens
781 1211 88 22 härmed
885 1212 68 21 skulle

194 1245 163 27 ifrågavarande
372 1245 89 26 motion,
484 1251 33 15 om
536 1245 109 22 bristerna
661 1246 6 21 i
683 1246 125 21 densamma
829 1246 125 21 inskränkte

193 1280 32 27 sig
239 1280 34 21 till
289 1279 146 28 nyssantydda
450 1279 36 22 två
507 1281 189 26 omständigheter,
721 1281 64 20 hafva
807 1280 49 21 bort
878 1281 23 22 af
921 1283 34 19 ut-

196 1315 81 20 skottet
294 1315 106 26 upptagas
416 1314 32 21 till
464 1314 204 28 detaljgranskning.
695 1315 50 21 Men
757 1315 140 22 förevarande
912 1316 43 21 för-

194 1349 46 27 slag
256 1349 33 20 till
313 1349 117 26 stadgande
453 1348 129 23 framträder
604 1350 104 26 derjemte
731 1349 32 22 uti
785 1350 36 21 det
843 1350 111 27 stympade

196 1384 67 25 skick,
280 1385 33 19 att
332 1386 119 18 detsamma
466 1384 78 21 saknar
567 1384 73 27 hvarje
662 1384 87 22 försats.
780 1384 40 22 Om
835 1384 121 22 Ständerna

197 1424 51 15 anse
264 1418 32 26 sig
311 1418 54 21 böra
381 1417 110 27 eftergifva
506 1418 148 28 fordringarne
670 1418 29 28 på
717 1418 162 28 fullständighet
893 1418 62 22 äfven

196 1453 7 20 i
219 1452 60 21 detta
295 1452 52 20 eller
362 1452 100 21 liknande
477 1452 142 27 hänseenden,
635 1453 99 22 kommer
749 1453 40 21 den
804 1453 89 22 formela
906 1453 49 21 skil-

264 1491 191 18 Ekonomiutskottets
469 1493 109 17 betänkande
592 1494 35 16 N:o
640 1492 30 18 13.
