1048 1731
297 133 209 24 Petitionsbotänkände
525 139 31 18 n:o
572 133 18 24 II.
784 133 13 22 3

70 197 81 24 Ladoga
174 197 79 19 distrikt
271 197 51 19 blott
337 200 30 16 tre
383 197 133 20 kustdistrikt.
546 198 10 19 I
572 197 93 20 afseende
681 197 11 19 ä
707 198 84 23 längden
807 196 22 20 af

70 226 116 24 utprickade
209 227 85 18 farleder
317 226 124 23 understiger
464 226 81 23 Ladoga
568 226 80 19 distrikt
666 226 39 19 alla
720 227 62 18 andra
797 226 30 19 di-

70 255 66 23 strikt,
159 261 42 13 men
225 255 84 19 orsaken
328 255 66 18 dertill
411 257 22 17 är
448 255 44 19 icke
508 255 102 19 bristande
626 254 60 20 behof
699 255 22 19 af
734 255 93 24 farleder,

70 286 47 17 utan
140 284 70 19 endast
232 286 29 16 att
283 283 127 24 utprickning
425 283 44 20 icke
485 283 21 20 af
520 289 24 14 en
560 284 48 19 eller
624 289 63 14 annan
704 284 60 19 orsak
779 283 48 20 fätts

71 313 30 18 till
117 313 64 18 ständ.

137 341 29 19 På
187 341 61 23 grund
269 340 21 19 af
304 341 34 18 det
353 341 62 23 sagda
431 341 30 18 får
475 341 34 24 jag
525 341 100 19 vördsamt
640 340 79 20 anhålla
735 342 29 17 att
779 340 48 19 Väl-

70 369 66 24 lofliga
157 369 166 24 Borgareständet
339 369 45 19 ville
401 369 70 20 förena
486 370 29 23 sig
532 375 31 14 om
578 369 38 20 och
631 369 82 24 inbjuda
727 368 100 20 medstän-

70 399 38 20 den
124 399 28 18 till
168 404 23 13 en
207 398 121 23 underdänig
344 398 94 24 petition:

275 462 31 19 att
325 459 64 22 Hans
401 459 126 28 Kejserliga
542 459 104 28 Majestät
662 459 80 22 täcktes
763 459 2 21 i
779 459 50 21 Nä-

206 489 38 21 der
266 488 114 26 anbefalla
396 491 32 18 att
443 489 31 27 af
485 488 93 28 Ladoga
592 488 181 28 sjöfartsomräde
789 487 38 22 bil-

206 518 39 21 das
259 520 28 19 ett
302 517 152 28 sjelfständigt
470 517 131 21 lotsdistrikt
616 517 48 21 med
678 524 26 14 en
719 516 109 22 distrikts-

206 546 54 28 chef,
283 546 86 21 hvilken
392 546 9 20 i
422 546 101 26 afseende
539 546 14 20 &
569 546 96 28 insigter,
681 546 147 28 befogenheter

206 576 38 20 och
259 574 128 28 hjelpmedel
403 575 8 20 i
427 575 39 21 och
472 575 43 27 för
525 575 103 27 tjenstens
638 574 110 28 skötande,
758 574 70 21 skulle

205 604 108 21 likställas
337 603 204 28 distriktscheferna
564 604 8 20 i
587 603 85 21 landets
687 604 73 27 öfriga
775 603 53 21 lots-

206 632 95 21 distrikt.

139 702 124 25 Helsingfors
279 703 37 19 den
332 702 27 19 30
375 702 85 20 Januari
476 702 62 21 1888.

524 760 30 20 H.
571 761 25 19 E.
611 760 146 21 Gummerus.

137 816 188 28 Förslagställaren
348 816 39 22 har
409 816 8 21 i
440 816 38 22 sitt
492 816 211 28 petitionsmemoria]
717 816 110 28 redogjort

69 851 33 21 för
124 851 26 21 de
173 851 140 27 inrättningar
331 850 69 22 finska
415 852 71 20 staten
501 851 14 21 ä
530 850 86 28 Ladoga
632 852 85 20 vattnen
732 850 33 22 för
779 852 48 20 när-

69 886 92 21 varande
184 884 133 22 underhäller
332 884 32 22 till
379 884 171 22 säkerställande
566 884 38 22 och
620 884 115 28 främjande
751 885 21 22 af
786 885 40 27 sjö-

68 919 69 22 farten
160 920 12 21 &
188 919 25 21 de
228 925 86 21 samma,
329 918 34 22 för
378 919 41 21 den
435 918 258 29 fyrbetjeningspersonal,
708 926 46 15 som
769 919 57 22 inom

67 954 7 21 i
84 953 60 28 fråga
154 954 91 21 varande
261 953 172 28 sjöfartsomräde
450 953 67 22 finnes
533 953 89 27 anstäld,
638 955 54 20 samt
707 953 32 22 för
755 954 26 21 de
789 953 36 22 be-

67 989 58 26 lopp,
150 988 70 22 hvilka
241 989 25 21 är
287 989 54 20 1887
357 993 25 16 ur
397 987 139 22 statsmedlen
552 988 85 27 utgingo
652 987 33 23 för
699 988 100 27 sjöfarten
814 989 13 21 &

68 1023 93 26 Ladoga.

137 1057 77 22 Härtill
237 1057 38 22 bör
297 1057 105 27 tilläggas,
418 1059 34 20 att
471 1057 28 27 pä
513 1056 119 29 Kejserliga
648 1057 101 22 Sematens
764 1057 61 22 fram-

67 1091 100 27 ställning
182 1091 73 26 nådigt
269 1091 96 22 tillstånd
381 1091 119 22 meddelats
516 1091 92 22 Senaten
622 1093 31 20 att
664 1091 96 22 använda
769 1092 56 22 ända

67 1125 33 21 till
123 1126 91 25 200,000
236 1125 60 22 mark
311 1125 22 22 af
347 1125 255 22 öfverskottsstatsmedel
617 1125 45 22 dels
676 1125 33 22 till
723 1125 102 23 räntefria

68 1159 52 22 eller
135 1159 49 22 med
198 1159 34 27 låg
247 1161 62 20 ränta
323 1160 92 27 löpande
431 1160 37 21 lån
483 1161 22 20 åt
520 1165 107 22 personer,
644 1159 69 22 hvilka
723 1159 103 23 förbunde

66 1193 33 27 sig
121 1195 32 20 att
168 1193 69 28 bygga
251 1194 69 27 fartyg
335 1194 6 21 i
357 1193 96 28 enlighet
469 1194 48 21 med
532 1193 22 22 af
568 1193 91 22 Senaten
673 1194 100 27 godkänd
787 1194 38 22 rit-

67 1228 49 27 ning
139 1227 32 22 för
193 1227 102 28 seglation
317 1229 28 27 pä
363 1228 97 27 Ladoga,
477 1228 44 22 dels
536 1228 32 21 till
583 1228 130 21 bekostande
727 1227 23 23 af
763 1228 41 21 den
820 1233 8 22 i

66 1262 232 27 petitionsmemorialet
322 1263 78 21 nämda
424 1262 123 28 fartygsslip
572 1263 48 21 med
640 1262 70 22 dertill
731 1262 95 23 hörande

66 1297 80 26 smedja
168 1297 34 21 vid
220 1297 124 22 Sortanlaks
367 1297 35 21 vik
425 1297 8 20 i
449 1297 114 28 Pyhäjärvi
578 1296 84 23 socken.
691 1297 43 21 För
748 1297 78 22 nämda

66 1331 46 27 slip,
136 1331 48 21 dess
200 1331 79 27 smedja
294 1331 39 22 och
348 1331 197 28 landningsbrygga
559 1331 63 22 hafva
637 1331 95 27 omkring
748 1332 78 26 30,000

66 1365 61 22 mark
142 1365 112 26 användts;
271 1366 54 22 dock
340 1365 68 27 torde,
425 1365 56 23 efter
495 1366 56 21 hvad
560 1365 145 23 erfarenheten
715 1365 66 28 gifver
791 1366 36 22 vid

65 1400 92 26 handen,
174 1400 40 21 den
225 1400 7 21 i
242 1400 59 27 fråga
312 1400 92 22 varande
414 1400 147 27 inrättningen
570 1400 55 22 blott
635 1400 27 27 pä
672 1402 31 20 ett
713 1400 114 22 otillfreds-

65 1434 104 22 ställande
191 1436 43 20 sätt
256 1437 106 19 motsvara
383 1434 38 22 sitt
442 1434 107 28 ändamål,
565 1434 174 28 hufvudsakligen
756 1434 70 22 derför

65 1470 32 20 att
112 1468 42 22 den
166 1475 80 15 samma
263 1469 67 21 blifvit
345 1469 78 27 anlagd
439 1470 30 26 på
485 1471 31 19 ett
532 1468 108 28 olämpiigt
656 1468 66 28 ställe,
738 1468 87 23 hvarför

134 1508 102 19 Allmänna
249 1508 178 19 Besvärsutskottets
441 1508 117 19 betänkande
570 1510 35 17 N:o
617 1509 18 19 9,
