1048 1731
261 125 69 22 Ständ.
347 125 42 22 Pet.
407 138 24 3 —
448 125 143 22 Petitionsbet.
607 125 34 21 N:o
656 125 37 21 30.
811 125 12 20 3

96 188 87 26 mantal,
208 189 152 21 motsvarande
384 189 8 20 1
414 189 81 20 mantal
512 189 28 26 pä
555 189 61 25 32,59
635 187 90 22 tunland
741 187 111 22 bebrukad

93 228 57 27 jord,
174 229 42 20 och
239 229 49 21 dess
311 229 181 27 kronoutskylder
516 229 33 21 för
569 229 24 20 år
615 228 53 21 1885
688 230 61 25 stego
766 227 30 21 till
815 227 38 21 148

96 269 62 21 mark
182 269 26 20 29
229 269 68 26 penni.
329 269 136 22 Hemmanen
483 269 39 20 N:o
542 269 13 20 2
573 269 4 20 i
593 268 82 28 Finnby
693 268 27 27 by
737 268 41 21 och
795 267 58 22 Sund

98 309 86 26 socken,
209 309 146 21 innefattande
382 310 73 25 151,38
481 309 96 27 tunland,
602 308 64 21 deraf
685 309 59 25 16,85
764 307 88 22 tunland

97 349 53 21 åker
168 349 41 21 och
224 350 60 24 30,91
302 349 90 21 tunland
407 351 50 26 äng,
478 350 39 21 N:o
534 350 13 20 5
564 349 4 20 i
585 355 85 15 samma
685 349 35 27 by,
740 349 48 20 med
805 349 47 25 84,5

99 389 94 26 tunland,
217 390 23 20 af
257 390 71 21 hvilka
348 391 12 19 8
383 390 89 21 tunland
493 389 53 22 åker
562 389 41 22 och
623 390 58 22 12,29
700 389 88 20 (unland
805 390 50 25 äng,

99 429 38 21 N:o
162 431 11 20 6
197 437 35 14 om
257 430 73 26 144,14
354 431 97 25 tunland,
475 430 63 21 deraf
559 430 59 26 14,03
640 429 90 22 tunland
746 429 52 21 äker
813 429 41 21 och

98 469 61 26 23,11
183 470 88 21 tunland
290 472 48 25 äng,
359 472 57 19 samt
432 471 39 21 N:o
487 471 12 20 8
517 477 37 14 om
571 471 74 25 118,64
662 469 96 26 tunland,
779 468 77 21 hvaraf

99 512 47 25 9,82
165 510 88 21 tunland
269 511 52 21 åker
337 512 40 20 och
395 512 61 25 14,77
474 511 91 21 tunland
582 512 48 25 äng,
643 512 38 19 äro
693 510 122 27 skattlagda
826 510 28 20 till

100 550 120 28 respektive
232 551 52 27 2/39,
297 551 52 27 18/39,
361 552 47 26 23/33
420 552 42 20 och
476 552 47 26 17/3,
532 551 88 26 mantal,
629 550 79 22 hvilket
716 551 47 26 pä
757 546 11 38 1
775 550 80 21 mantal

99 592 41 26 gör
154 591 120 27 respektive
291 592 82 26 179,41,
390 592 48 26 208,
455 592 77 26 200,54
550 591 41 21 och
607 592 74 27 223,32
700 590 95 26 tunland,
807 590 48 21 der-

100 631 23 21 af
136 631 120 27 respektive
272 631 55 27 56,6,
343 632 70 26 49,94,
429 632 62 26 51,67
510 632 42 20 och
567 632 62 26 46,29
642 631 91 21 tunland
745 630 109 22 bebrukad

97 671 56 27 jord.
186 672 53 20 1885
255 672 34 20 ärs
305 672 180 28 kronoutskylder
501 672 33 21 för
550 672 64 21 dossa
630 672 102 21 hemman
748 671 107 27 uppgingo

101 712 30 20 till
147 712 121 27 respektive
283 711 59 22 F:mk
361 712 88 27 162:08,
467 712 46 22 145:
523 712 34 26 07,
574 712 81 22 200:31
673 712 41 21 och
732 712 45 21 167:
787 711 32 21 74.

170 786 40 22 Det
229 787 61 21 torde
310 787 45 21 icke
371 788 43 20 lida
430 788 67 27 något
512 788 79 28 tvifvel,
613 789 31 19 att
660 788 71 20 denna
747 787 57 27 höga
819 786 38 22 be-

102 827 110 27 skattning
230 828 23 20 af
269 828 130 21 hemmanen
416 829 28 26 pä
460 822 71 27 Äland
547 828 29 21 till
593 830 45 19 stor
654 828 32 21 del
703 827 117 22 föranledis
836 827 24 21 af

102 867 42 22 den
165 868 94 21 inkomst
277 874 78 21 genom
370 868 52 22 fiske
439 869 114 21 desamma
568 869 85 21 fordom
668 868 71 22 kunde
755 868 103 28 päräkna.

103 907 49 21 Men
173 908 47 21 icke
238 908 53 22 blott
311 911 31 19 att
358 909 71 22 denna
447 909 93 22 inkomst
558 916 90 15 numera
663 909 147 27 väsendtligen
827 908 31 22 af-

103 949 60 26 tagit,
187 949 61 21 äfven
272 950 5 20 i
299 949 62 28 öfrigt
385 950 64 21 hafva
470 951 27 20 de
516 951 142 21 ekonomiska
673 950 163 21 förhållandena
853 949 4 20 i

103 989 72 22 denna
191 989 95 22 landsdel
302 990 102 27 betydligt
420 991 135 21 försämrats.
581 991 95 21 Sålunda
692 992 39 20 har
747 991 111 27 sjöfarten,

103 1037 48 14 som
171 1032 58 19 ännu
244 1031 33 21 för
292 1031 98 27 omkring
406 1032 30 21 tio
453 1033 24 20 år
493 1032 68 21 sedan
578 1039 39 14 var
632 1032 98 26 lönande,
747 1032 24 21 år
787 1031 32 22 för
835 1032 24 20 år

102 1071 45 26 gått
165 1071 70 21 nedåt,
252 1071 82 21 hvartill
352 1072 93 21 orsaken
462 1072 53 21 varit
534 1072 44 21 dels
595 1072 26 21 de
637 1072 48 27 låga
696 1072 162 25 fraktsatserna,

104 1117 49 15 men
177 1111 182 28 hulfvudsakligast
379 1113 139 26 svårigheten
541 1112 34 21 för
596 1113 127 26 segelfartyg
742 1112 23 21 af
779 1114 33 23 trä
829 1114 28 19 att

104 1151 74 21 kunna
193 1151 133 22 konkurrera
342 1153 48 20 med
407 1153 102 21 nutidens
526 1153 114 27 ångfartyg
656 1153 22 21 af
689 1153 54 26 jern.

173 1227 36 21 Att
231 1221 80 28 Ålands
330 1228 140 26 innevånare,
495 1228 90 22 oaktadt
603 1228 63 21 deras
686 1228 119 21 förnämsta
821 1227 38 20 nä-

104 1268 127 27 ringskällor
247 1269 36 20 allt
298 1275 59 14 mera
374 1269 88 27 utsinat,
479 1269 56 21 dock
548 1269 81 21 mäktat
642 1270 74 25 utgöra
729 1269 49 20 dem
789 1269 71 20 åsatla

104 1308 95 27 pålagor,
223 1309 61 20 torde
307 1309 73 20 kunna
404 1309 107 21 förklarus
532 1315 80 21 genom
633 1309 26 20 de
674 1309 47 20 icke
737 1308 124 27 obetvdliga

104 1348 147 27 besparingar,
271 1355 47 14 som
337 1349 26 21 de
384 1349 67 21 under
470 1349 90 27 tidigare
576 1355 153 21 gynsammare
744 1348 116 21 förhållan-

103 1389 42 21 den
162 1389 83 27 lyckats
260 1390 58 26 göra.
341 1389 28 22 Sä
385 1390 64 20 framt
466 1390 56 21 dock
535 1390 135 22 dervarande
680 1390 113 20 hemmans
805 1388 56 28 sjelf-

104 1430 92 20 bestånd
212 1430 46 20 icke
274 1430 51 20 skall
343 1431 57 20 inom
417 1431 42 21 den
476 1433 112 19 närmaste
604 1430 113 21 framtiden
729 1430 131 27 äfventyras,
