1048 1731
277 141 273 23 Petitionsbetänkande
566 142 40 22 N:o
620 142 34 22 33.
803 143 14 20 5

227 203 54 18 skulle
293 203 83 24 utvidgas
390 203 30 18 och
432 203 108 22 förvandlas
552 204 29 17 till
592 205 26 16 ett
628 204 119 23 fullständigt
758 204 87 19 åttaklas-

227 232 37 23 sigt
275 232 73 23 lyceum.

159 278 120 23 Helsingfors,
289 278 34 17 den
338 279 6 16 1
359 277 88 18 Februari
461 279 49 17 1888.

160 331 19 20 T.
194 331 26 20 W.
237 329 124 28 Lagerstedt.
616 331 16 20 J.
650 331 125 21 Malkamäki.

91 427 55 18 TIL.

160 455 158 22 (Ofversättning).

239 500 52 18 Till
311 500 169 18 Hedervärda
498 500 206 18 Bondeständet!

160 547 62 22 Enligt
235 546 91 18 statistisk
339 546 69 18 årsbok
421 546 29 18 för
463 546 85 18 sistlidne
560 546 20 18 år
592 547 24 17 bo
629 547 5 17 i
645 547 60 23 Borgå
714 547 41 18 stad
763 548 33 17 och
806 549 40 16 när-

91 576 78 22 belägna
182 575 78 17 socknar
276 576 62 20 26,106
351 574 60 18 finska
424 574 73 18 talande
510 580 92 17 personer.
626 575 63 17 Denna
706 576 68 17 talrika
786 576 60 17 finska

91 604 107 22 befolkning
216 604 20 16 är
255 603 28 17 för
300 603 113 17 närvarande
432 603 41 17 icke
476 599 11 32 i
503 603 74 17 tillfälle
596 605 28 16 att
642 604 59 17 skaffa
713 604 40 18 sina
765 604 47 18 barn
824 609 23 13 en

91 632 57 23 högre
160 632 87 22 bildning,
260 632 75 17 emedan
348 633 93 16 närmaste
453 632 42 17 stad
508 632 40 17 icke
561 637 43 17 eger
620 632 56 22 högre
692 632 48 18 finsk
759 632 88 18 lärdoms-

92 661 57 17 skola.
174 661 38 17 Den
224 660 60 18 finska
300 660 130 23 befolkningen
443 660 5 18 i
461 660 60 23 Borgå
537 660 42 18 stad
591 660 34 18 och
638 660 115 23 omgifvande
765 661 82 17 kommu-

91 695 32 12 ner
143 690 34 17 har
195 689 39 17 icke
252 689 57 18 heller
326 689 33 17 råd
378 690 28 16 att
422 689 58 17 sända
495 689 41 17 sina
548 689 46 17 barn
607 689 27 18 till
648 689 70 17 landets
735 689 112 18 hufvudstad

93 718 114 22 Helsingfors
220 718 29 17 för
260 719 28 16 att
300 718 70 17 erhälla
382 717 138 23 undervisning,
537 718 75 17 emedan
626 719 66 21 vägens
710 718 55 23 längd
777 718 70 18 flerstä-

92 746 32 18 des
137 748 54 20 utgör
204 746 51 17 öfver
267 746 26 17 tio
305 746 32 17 mil
351 746 32 18 och
396 746 199 18 lefnadskostnaderna
608 746 91 18 dessutom
708 746 32 18 der
749 746 58 18 blifva
817 746 30 23 dy-

92 780 41 12 rare
146 776 23 16 än
182 775 5 17 i
200 780 21 12 en
234 774 139 22 landsortsstad,
386 776 49 16 utom
449 776 28 16 att
488 774 79 23 mängen
580 774 52 18 fader
644 775 30 17 vid
686 775 46 17 sista
743 775 104 18 hösttermi-

94 808 44 13 nens
151 804 65 22 början
229 803 92 23 nödgades
333 803 28 17 till
375 803 47 23 följd
435 803 21 18 af
467 804 48 17 brist
527 804 24 22 pä
564 805 88 21 utrymme
671 804 81 18 derifrän
764 804 84 18 hemföra

94 832 34 18 sitt
141 832 50 18 barn.

161 860 8 17 I
182 860 88 18 anseende
283 860 28 18 till
323 860 51 18 detta
386 860 89 18 sakernas
488 860 41 23 läge
542 860 33 18 och
588 861 5 17 i
606 860 121 18 betraktande
736 861 27 21 af,
773 862 28 16 att
807 866 42 12 man

92 890 61 16 ansett
171 889 68 22 nödigt,
256 890 27 16 att
296 890 5 16 i
315 889 60 23 Borgä
393 889 42 17 stad
447 889 24 23 pä
483 890 71 17 statens
573 889 103 18 bekostnad
694 889 107 18 underhälla
821 891 29 16 ett

92 917 118 23 fullständigt
226 917 69 23 lyceum
314 918 29 17 för
361 918 34 17 den
414 918 79 17 svenska
512 918 75 17 talande
604 918 135 22 befolkningen.
758 923 38 12 som
809 918 41 18 icke

93 948 103 15 motsvarar
214 946 39 23 fyra
266 946 108 18 femtedelar
386 946 21 18 af
419 946 59 18 denna
491 948 37 16 orts
541 946 60 18 finska
613 947 74 17 talande
703 947 113 22 folkmängd,
829 949 20 15 är

90 974 34 23 jag
138 974 106 23 Ofvertygad
257 979 34 16 om,
303 977 28 15 att
343 974 134 18 bondeståndet
494 974 41 18 icke
549 975 57 17 heller
620 975 28 17 för
660 975 35 18 den
707 975 59 18 finska
779 975 70 18 befolk-

94 1003 76 22 ningens
183 1003 45 17 barn
240 1003 59 17 häller
311 1005 58 20 vägen
382 1003 28 17 till
423 1003 86 22 kunskap
528 1003 33 18 och
578 1003 84 23 bildning
678 1003 71 23 stängd,
762 1006 45 15 utan
819 1009 31 17 ge-

94 1036 42 13 nom
148 1031 64 18 remiss
224 1031 28 18 till
271 1031 124 23 vederbörligt
413 1031 72 18 utskott
501 1031 61 23 gifver
575 1032 33 17 sitt
621 1032 98 17 understöd
731 1032 20 17 &t
763 1034 26 15 ett
803 1033 47 22 peti-

95 1059 123 24 tionsförslag,

265 1088 47 18 att
306 1084 14 32 i
326 1088 63 23 Borgä
406 1088 42 17 stad
464 1088 39 18 med
521 1088 103 18 statsmedel
642 1089 101 18 inrättades
755 1090 26 17 ett
795 1089 54 22 finsk-

231 1117 82 23 spräkigt
321 1116 161 24 parallel-lyceum.

163 1145 120 23 Helsingfors,
296 1146 35 17 den
346 1147 5 15 1
367 1146 90 17 Februari
471 1147 49 17 1888.

603 1169 65 22 Johan
683 1169 96 22 Alastalo.

94 1266 50 17 IV.

231 1333 53 18 Till
302 1333 147 24 vällofliga
468 1334 244 23 Borgareståndet!

164 1380 170 23 Stadsfullmäktige
347 1381 5 17 i
365 1380 56 18 Wasa
434 1380 57 18 hafva
504 1380 27 18 uti
543 1380 79 23 bilagda,
636 1380 28 18 till
676 1380 73 18 stadens
757 1384 92 18 represen-

95 1410 61 16 tanter
170 1409 30 17 vid
218 1409 94 22 pågående
330 1409 89 23 landtdag
438 1409 60 17 stälda
511 1409 102 21 skrifvelse,
624 1409 56 22 jemte
693 1408 30 18 det
735 1408 22 18 de
769 1408 82 23 påpekat

164 1448 97 18 Allmänna
273 1449 174 18 Besvärsutskottets
459 1449 109 17 betänkande
581 1448 35 18 N:o
632 1449 30 17 27.
