1048 1731
285 128 237 24 Petitionsbetänkande
539 130 36 21 N:o
591 129 34 23 48.
781 130 25 20 11

336 225 245 28 Reservation.

147 288 27 21 Vi
190 288 115 27 uppskatta
319 287 34 22 till
369 287 52 22 fullo
437 287 72 28 vigten
525 287 24 21 af
564 288 40 21 den
620 288 7 20 i
643 287 146 28 föreliggande
800 295 36 20 pe-

77 322 187 21 titionsmemorial
286 322 77 21 väckta
386 321 75 28 frågan
480 321 112 22 äfvensom
608 322 149 27 önskligheten
773 322 24 21 af
810 329 26 14 en

77 355 139 28 omsorgsfull
230 356 113 27 utredning
359 355 133 22 beträffande
505 356 140 27 möjligheten
662 356 23 21 af
693 357 100 26 tjensters
805 357 32 20 in-

77 390 106 27 dragning
204 390 39 22 och
266 390 194 26 lönereduktioner,
483 390 88 21 hvilken
589 390 114 27 utredning
719 391 54 21 dock
789 391 47 21 icke

76 425 44 20 kan
142 425 87 21 baseras
249 425 28 26 pä
292 425 81 21 sådana
387 424 143 21 summariska
545 423 168 28 sifferuppgifter
728 425 40 21 och
781 425 54 26 jäm-

77 459 96 26 förelser,
182 465 45 16 som
242 459 105 21 utskottet
362 459 116 26 meddelar,
493 460 52 19 utan
562 458 108 21 erfordrar
684 465 26 15 en
725 465 110 21 noggrann

76 493 102 27 pröfning
199 493 24 21 af
237 493 25 21 de
277 493 49 21 med
341 493 58 21 olika
413 493 90 27 tjenster
518 493 103 21 förenade
636 493 127 27 äligganden
779 495 56 20 samt

76 528 124 21 nuvarande
222 528 78 21 studie-
323 527 39 22 och
385 527 207 21 lefnadskostnader.
623 527 69 21 Sedan
715 528 120 21 emellertid

76 562 104 21 Finlands
202 562 102 21 Ständers
327 562 138 20 statsutskott
483 561 36 21 vid
535 562 158 26 granskningen
708 562 24 21 af
745 562 90 21 Finans-

77 596 160 26 expeditionens
260 596 7 20 i
289 596 120 26 Kejserliga
425 596 93 21 Senaten
533 596 35 20 till
583 602 29 14 nu
628 595 128 22 församlade
772 596 62 21 Stän-

78 630 36 21 der
137 630 83 27 afgifna
242 630 91 21 relation
351 636 34 15 om
401 630 142 21 statsverkets
559 630 98 20 tillständ
673 630 161 26 uppmärksam-

76 666 46 19 mat
141 664 45 27 just
208 670 81 15 samma
312 664 61 27 fräga
395 666 55 19 samt
473 664 6 21 i
503 664 38 21 sitt
559 664 134 21 betänkande
717 664 118 22 framhällit

77 698 149 27 önskligheten
243 698 61 22 deraf
318 700 46 25 ,,att
380 698 108 27 Styrelsen
504 700 50 25 toge
569 698 68 21 under
647 698 107 28 allvarligt
765 698 69 22 öfver-

76 733 98 27 vägande
197 733 36 21 det
247 732 24 22 af
284 732 133 28 Regeringen
432 732 36 22 vid
488 732 41 21 den
545 734 59 20 stora
620 733 107 21 allmänna
742 733 92 21 löneför-

76 767 116 27 höjningen
209 767 28 27 pä
255 767 117 22 1870-talet
387 767 83 26 väckta,
486 773 50 14 men
552 767 27 21 dä
594 767 119 21 äsidosatta
728 767 105 27 spörsmä-

76 802 36 25 let,
136 801 105 21 huruvida
262 802 47 20 icke
331 808 77 20 genom
423 808 26 14 en
466 801 123 27 förenkling
604 801 31 21 uti
650 802 146 26 anordningen
811 802 24 20 af

76 836 118 21 ärendenas
209 836 130 27 behandling
355 836 39 21 och
409 836 203 27 expeditionssättet
627 836 35 20 vid
674 836 159 21 vederbörande

76 870 231 28 embetsmyndigheter
330 870 52 21 eller
405 870 126 21 annorledes
547 876 26 15 en
589 870 34 21 del
639 870 88 27 tjenster
742 870 40 22 och
797 871 36 21 be-

76 904 119 27 fattningar
217 904 71 22 kunde
303 906 51 20 utan
374 910 49 15 men
438 904 115 27 indragas'*
570 906 56 20 samt
638 904 80 27 jämväl
733 905 99 27 påpekat,

76 940 33 19 att
132 938 25 21 de
180 939 121 21 nuvarande
323 938 207 22 tidsförhällandena
548 945 64 15 mana
628 938 33 22 till
676 945 26 15 en
717 939 116 21 undersök-

75 973 58 27 ning,
149 973 105 21 huruvida
276 973 46 21 icke
345 979 26 15 en
389 973 165 22 lönereduktion
569 973 29 27 pä
613 980 26 14 en
655 973 33 21 del
703 973 45 22 häll
763 974 71 21 kunde

75 1007 162 27 ifrägakomma,
249 1007 28 21 dä
287 1007 72 22 vidare
375 1007 100 28 samtliga
491 1007 67 22 Ständ
574 1007 85 22 förenat
673 1008 33 27 sig
721 1015 35 14 om
771 1008 62 21 dessa

75 1041 133 27 uttalanden,
223 1041 74 22 hvilka
311 1041 64 22 alltsä
389 1042 87 21 komma
491 1044 32 19 att
534 1042 110 27 Styrelsen
655 1042 109 27 delgifvas,
776 1042 57 21 finna

75 1075 21 21 vi
121 1075 136 28 öfverflödigt
281 1077 37 25 att,
344 1076 27 27 pä
396 1078 43 19 sätt
456 1077 106 20 utskottet
578 1076 116 27 föreslagit,
713 1076 120 21 Ständerna

75 1109 55 27 änyo
145 1116 101 21 upprepa,
262 1110 55 21 hvad
333 1111 26 20 de
374 1111 66 20 redan
456 1117 26 14 en
497 1110 57 27 gäng
570 1111 88 21 beslutit
673 1111 120 27 godkänna.

143 1161 31 20 Pä
190 1161 66 21 sädan
271 1161 68 27 grund
355 1161 96 27 föresläs,

281 1215 31 18 att
323 1213 154 26 förevarande
489 1213 216 27 petitionsmemorial
714 1214 57 27 finge
779 1214 54 26 för-

209 1246 69 27 falla.

144 1297 24 23 W.
184 1297 24 23 W.
223 1297 21 23 af
258 1297 93 24 Schultén.
604 1299 64 23 Viktor
683 1293 78 35 Öhberg.

143 1331 25 28 Hj.
185 1331 77 24 Schildt.
604 1333 43 23 Emil
663 1333 78 28 Nyberg.

143 1366 19 23 V.
178 1372 17 17 v.
212 1366 104 24 Rehausen.
604 1367 19 23 C.
641 1367 17 23 F.
675 1367 110 29 Tojkander.

142 1456 103 19 Allmänna
259 1458 180 17 Bosvärsutskottets
451 1458 117 18 betänkande
582 1460 36 15 N:n
633 1459 23 16 39
