<?xml version="1.0" encoding="UTF-8"?>
<alto xmlns="http://www.loc.gov/standards/alto/ns-v3#" xmlns:xlink="http://www.w3.org/1999/xlink" xmlns:xsi="http://www.w3.org/2001/XMLSchema-instance" xsi:schemaLocation="http://www.loc.gov/standards/alto/ns-v3# http://www.loc.gov/alto/v3/alto-3-0.xsd">
	<Description>
		<MeasurementUnit>pixel</MeasurementUnit>
		<sourceImageInformation>
			<fileName>/tmp/tess_c9oc78y9_input.PNG</fileName>
		</sourceImageInformation>
		<OCRProcessing ID="OCR_0">
			<ocrProcessingStep>
				<processingSoftware>
					<softwareName>tesseract 5.3.4</softwareName>
				</processingSoftware>
			</ocrProcessingStep>
		</OCRProcessing>
	</Description>
	<Layout>
		<Page WIDTH="1048" HEIGHT="1731" PHYSICAL_IMG_NR="0" ID="page_0">
			<PrintSpace HPOS="0" VPOS="0" WIDTH="1048" HEIGHT="1731">
				<ComposedBlock ID="cblock_0" HPOS="340" VPOS="123" WIDTH="507" HEIGHT="25">
					<TextBlock ID="block_0" HPOS="340" VPOS="123" WIDTH="507" HEIGHT="25">
						<TextLine ID="line_0" HPOS="340" VPOS="123" WIDTH="507" HEIGHT="25">
							<String ID="string_0" HPOS="340" VPOS="123" WIDTH="211" HEIGHT="25" WC="0.83" CONTENT="Petitionsbetänkande"/><SP WIDTH="18" VPOS="123" HPOS="551"/>
							<String ID="string_1" HPOS="569" VPOS="124" WIDTH="33" HEIGHT="23" WC="0.79" CONTENT="N:o"/><SP WIDTH="16" VPOS="124" HPOS="602"/>
							<String ID="string_2" HPOS="618" VPOS="123" WIDTH="13" HEIGHT="24" WC="0.94" CONTENT="I."/><SP WIDTH="190" VPOS="123" HPOS="631"/>
							<String ID="string_3" HPOS="821" VPOS="124" WIDTH="26" HEIGHT="21" WC="0.95" CONTENT="55"/>
						</TextLine>
					</TextBlock>
				</ComposedBlock>
				<ComposedBlock ID="cblock_1" HPOS="495" VPOS="259" WIDTH="38" HEIGHT="18">
					<TextBlock ID="block_1" HPOS="495" VPOS="259" WIDTH="38" HEIGHT="18">
						<TextLine ID="line_1" HPOS="495" VPOS="259" WIDTH="38" HEIGHT="18">
							<String ID="string_4" HPOS="495" VPOS="259" WIDTH="38" HEIGHT="18" WC="0.80" CONTENT="24."/>
						</TextLine>
					</TextBlock>
				</ComposedBlock>
				<ComposedBlock ID="cblock_2" HPOS="114" VPOS="307" WIDTH="766" HEIGHT="200">
					<TextBlock ID="block_2" HPOS="114" VPOS="307" WIDTH="766" HEIGHT="200">
						<TextLine ID="line_2" HPOS="182" VPOS="307" WIDTH="694" HEIGHT="28">
							<String ID="string_5" HPOS="182" VPOS="309" WIDTH="58" HEIGHT="22" WC="0.93" CONTENT="Från"/><SP WIDTH="15" VPOS="309" HPOS="240"/>
							<String ID="string_6" HPOS="255" VPOS="308" WIDTH="161" HEIGHT="22" WC="0.92" CONTENT="Bondeständet"/><SP WIDTH="16" VPOS="308" HPOS="416"/>
							<String ID="string_7" HPOS="432" VPOS="315" WIDTH="27" HEIGHT="15" WC="0.96" CONTENT="en"/><SP WIDTH="15" VPOS="315" HPOS="459"/>
							<String ID="string_8" HPOS="474" VPOS="308" WIDTH="24" HEIGHT="22" WC="0.96" CONTENT="af"/><SP WIDTH="14" VPOS="308" HPOS="498"/>
							<String ID="string_9" HPOS="512" VPOS="309" WIDTH="56" HEIGHT="21" WC="0.96" CONTENT="Herr"/><SP WIDTH="16" VPOS="309" HPOS="568"/>
							<String ID="string_10" HPOS="584" VPOS="308" WIDTH="26" HEIGHT="22" WC="0.96" CONTENT="K."/><SP WIDTH="12" VPOS="308" HPOS="610"/>
							<String ID="string_11" HPOS="622" VPOS="309" WIDTH="34" HEIGHT="21" WC="0.93" CONTENT="W."/><SP WIDTH="14" VPOS="309" HPOS="656"/>
							<String ID="string_12" HPOS="670" VPOS="307" WIDTH="100" HEIGHT="22" WC="0.90" CONTENT="Hollmén"/><SP WIDTH="13" VPOS="307" HPOS="770"/>
							<String ID="string_13" HPOS="783" VPOS="307" WIDTH="93" HEIGHT="28" WC="0.92" CONTENT="ingifven"/>
						</TextLine>
						<TextLine ID="line_3" HPOS="114" VPOS="342" WIDTH="765" HEIGHT="29">
							<String ID="string_14" HPOS="114" VPOS="344" WIDTH="91" HEIGHT="27" WC="0.92" CONTENT="petition"/><SP WIDTH="23" VPOS="344" HPOS="205"/>
							<String ID="string_15" HPOS="228" VPOS="343" WIDTH="79" HEIGHT="26" WC="0.92" CONTENT="derom,"/><SP WIDTH="25" VPOS="343" HPOS="307"/>
							<String ID="string_16" HPOS="332" VPOS="344" WIDTH="33" HEIGHT="20" WC="0.96" CONTENT="att"/><SP WIDTH="22" VPOS="344" HPOS="365"/>
							<String ID="string_17" HPOS="387" VPOS="343" WIDTH="154" HEIGHT="22" WC="0.93" CONTENT="instrumental"/><SP WIDTH="18" VPOS="343" HPOS="541"/>
							<String ID="string_18" HPOS="559" VPOS="343" WIDTH="160" HEIGHT="26" WC="0.93" CONTENT="undersökning"/><SP WIDTH="15" VPOS="343" HPOS="719"/>
							<String ID="string_19" HPOS="734" VPOS="342" WIDTH="67" HEIGHT="21" WC="0.92" CONTENT="mätte"/><SP WIDTH="16" VPOS="342" HPOS="801"/>
							<String ID="string_20" HPOS="817" VPOS="342" WIDTH="62" HEIGHT="21" WC="0.93" CONTENT="verk-"/>
						</TextLine>
						<TextLine ID="line_4" HPOS="116" VPOS="375" WIDTH="764" HEIGHT="30">
							<String ID="string_21" HPOS="116" VPOS="378" WIDTH="74" HEIGHT="22" WC="0.93" CONTENT="ställas"/><SP WIDTH="22" VPOS="378" HPOS="190"/>
							<String ID="string_22" HPOS="212" VPOS="379" WIDTH="55" HEIGHT="20" WC="0.93" CONTENT="samt"/><SP WIDTH="23" VPOS="379" HPOS="267"/>
							<String ID="string_23" HPOS="290" VPOS="377" WIDTH="187" HEIGHT="27" WC="0.92" CONTENT="kostnadsförslag"/><SP WIDTH="23" VPOS="377" HPOS="477"/>
							<String ID="string_24" HPOS="500" VPOS="379" WIDTH="110" HEIGHT="26" WC="0.91" CONTENT="uppgöras"/><SP WIDTH="22" VPOS="379" HPOS="610"/>
							<String ID="string_25" HPOS="632" VPOS="377" WIDTH="34" HEIGHT="21" WC="0.96" CONTENT="för"/><SP WIDTH="22" VPOS="377" HPOS="666"/>
							<String ID="string_26" HPOS="688" VPOS="383" WIDTH="25" HEIGHT="15" WC="0.93" CONTENT="en"/><SP WIDTH="14" VPOS="383" HPOS="713"/>
							<String ID="string_27" HPOS="727" VPOS="377" WIDTH="90" HEIGHT="27" WC="0.93" CONTENT="jernväg"/><SP WIDTH="14" VPOS="377" HPOS="817"/>
							<String ID="string_28" HPOS="831" VPOS="375" WIDTH="49" HEIGHT="22" WC="0.93" CONTENT="frän"/>
						</TextLine>
						<TextLine ID="line_5" HPOS="115" VPOS="405" WIDTH="762" HEIGHT="34">
							<String ID="string_29" HPOS="115" VPOS="413" WIDTH="65" HEIGHT="21" WC="0.96" CONTENT="Karis"/><SP WIDTH="16" VPOS="413" HPOS="180"/>
							<String ID="string_30" HPOS="196" VPOS="412" WIDTH="78" HEIGHT="21" WC="0.96" CONTENT="station"/><SP WIDTH="15" VPOS="412" HPOS="274"/>
							<String ID="string_31" HPOS="289" VPOS="411" WIDTH="28" HEIGHT="28" WC="0.95" CONTENT="pä"/><SP WIDTH="15" VPOS="411" HPOS="317"/>
							<String ID="string_32" HPOS="332" VPOS="412" WIDTH="75" HEIGHT="27" WC="0.86" CONTENT="Hangö"/><SP WIDTH="17" VPOS="412" HPOS="407"/>
							<String ID="string_33" HPOS="424" VPOS="412" WIDTH="73" HEIGHT="21" WC="0.92" CONTENT="banan"/><SP WIDTH="15" VPOS="412" HPOS="497"/>
							<String ID="string_34" HPOS="512" VPOS="412" WIDTH="34" HEIGHT="21" WC="0.96" CONTENT="till"/><SP WIDTH="16" VPOS="412" HPOS="546"/>
							<String ID="string_35" HPOS="562" VPOS="411" WIDTH="50" HEIGHT="22" WC="0.97" CONTENT="Salo"/><SP WIDTH="16" VPOS="411" HPOS="612"/>
							<String ID="string_36" HPOS="628" VPOS="411" WIDTH="40" HEIGHT="22" WC="0.93" CONTENT="och"/><SP WIDTH="13" VPOS="411" HPOS="668"/>
							<String ID="string_37" HPOS="681" VPOS="411" WIDTH="95" HEIGHT="22" WC="0.93" CONTENT="derifrän"/><SP WIDTH="11" VPOS="411" HPOS="776"/>
							<String ID="string_38" HPOS="787" VPOS="411" WIDTH="33" HEIGHT="21" WC="0.93" CONTENT="till"/><SP WIDTH="10" VPOS="411" HPOS="820"/>
							<String ID="string_39" HPOS="830" VPOS="405" WIDTH="47" HEIGHT="27" WC="0.90" CONTENT="Äbo"/>
						</TextLine>
						<TextLine ID="line_6" HPOS="116" VPOS="441" WIDTH="763" HEIGHT="32">
							<String ID="string_40" HPOS="116" VPOS="447" WIDTH="52" HEIGHT="21" WC="0.95" CONTENT="eller"/><SP WIDTH="15" VPOS="447" HPOS="168"/>
							<String ID="string_41" HPOS="183" VPOS="453" WIDTH="71" HEIGHT="14" WC="0.96" CONTENT="annan"/><SP WIDTH="15" VPOS="453" HPOS="254"/>
							<String ID="string_42" HPOS="269" VPOS="447" WIDTH="87" HEIGHT="26" WC="0.93" CONTENT="lämplig"/><SP WIDTH="14" VPOS="447" HPOS="356"/>
							<String ID="string_43" HPOS="370" VPOS="446" WIDTH="69" HEIGHT="27" WC="0.96" CONTENT="punkt"/><SP WIDTH="16" VPOS="446" HPOS="439"/>
							<String ID="string_44" HPOS="455" VPOS="446" WIDTH="28" HEIGHT="27" WC="0.93" CONTENT="pä"/><SP WIDTH="19" VPOS="446" HPOS="483"/>
							<String ID="string_45" HPOS="502" VPOS="437" WIDTH="67" HEIGHT="40" WC="0.9" CONTENT="Äbo—-"/><SP WIDTH="3" VPOS="437" HPOS="569"/>
							<String ID="string_46" HPOS="572" VPOS="437" WIDTH="143" HEIGHT="40" WC="0.18" CONTENT="Tammerfors"/><SP WIDTH="14" VPOS="437" HPOS="715"/>
							<String ID="string_47" HPOS="729" VPOS="445" WIDTH="85" HEIGHT="27" WC="0.92" CONTENT="bandel,"/><SP WIDTH="11" VPOS="445" HPOS="814"/>
							<String ID="string_48" HPOS="825" VPOS="445" WIDTH="54" HEIGHT="22" WC="0.92" CONTENT="hvil-"/>
						</TextLine>
						<TextLine ID="line_7" HPOS="116" VPOS="480" WIDTH="538" HEIGHT="27">
							<String ID="string_49" HPOS="116" VPOS="481" WIDTH="42" HEIGHT="21" WC="0.93" CONTENT="ken"/><SP WIDTH="15" VPOS="481" HPOS="158"/>
							<String ID="string_50" HPOS="173" VPOS="481" WIDTH="90" HEIGHT="26" WC="0.92" CONTENT="petition"/><SP WIDTH="16" VPOS="481" HPOS="263"/>
							<String ID="string_51" HPOS="279" VPOS="481" WIDTH="7" HEIGHT="21" WC="0.93" CONTENT="i"/><SP WIDTH="15" VPOS="481" HPOS="286"/>
							<String ID="string_52" HPOS="301" VPOS="480" WIDTH="156" HEIGHT="27" WC="0.92" CONTENT="öfversättning"/><SP WIDTH="16" VPOS="480" HPOS="457"/>
							<String ID="string_53" HPOS="473" VPOS="482" WIDTH="25" HEIGHT="20" WC="0.96" CONTENT="är"/><SP WIDTH="15" VPOS="482" HPOS="498"/>
							<String ID="string_54" HPOS="513" VPOS="481" WIDTH="25" HEIGHT="21" WC="0.93" CONTENT="sä"/><SP WIDTH="15" VPOS="481" HPOS="538"/>
							<String ID="string_55" HPOS="553" VPOS="481" WIDTH="101" HEIGHT="26" WC="0.92" CONTENT="lydande:"/>
						</TextLine>
					</TextBlock>
				</ComposedBlock>
				<ComposedBlock ID="cblock_3" HPOS="273" VPOS="550" WIDTH="450" HEIGHT="21">
					<TextBlock ID="block_3" HPOS="273" VPOS="550" WIDTH="450" HEIGHT="21">
						<TextLine ID="line_8" HPOS="273" VPOS="550" WIDTH="450" HEIGHT="21">
							<String ID="string_56" HPOS="273" VPOS="551" WIDTH="50" HEIGHT="19" WC="0.93" CONTENT="Till"/><SP WIDTH="20" VPOS="551" HPOS="323"/>
							<String ID="string_57" HPOS="343" VPOS="550" WIDTH="167" HEIGHT="20" WC="0.91" CONTENT="Hedervärda"/><SP WIDTH="16" VPOS="550" HPOS="510"/>
							<String ID="string_58" HPOS="526" VPOS="551" WIDTH="197" HEIGHT="20" WC="0.85" CONTENT="Bondeständet."/>
						</TextLine>
					</TextBlock>
				</ComposedBlock>
				<ComposedBlock ID="cblock_4" HPOS="118" VPOS="601" WIDTH="770" HEIGHT="542">
					<TextBlock ID="block_4" HPOS="118" VPOS="601" WIDTH="764" HEIGHT="112">
						<TextLine ID="line_9" HPOS="187" VPOS="601" WIDTH="694" HEIGHT="21">
							<String ID="string_59" HPOS="187" VPOS="602" WIDTH="9" HEIGHT="20" WC="0.95" CONTENT="I"/><SP WIDTH="16" VPOS="602" HPOS="196"/>
							<String ID="string_60" HPOS="212" VPOS="608" WIDTH="73" HEIGHT="14" WC="0.96" CONTENT="samma"/><SP WIDTH="14" VPOS="608" HPOS="285"/>
							<String ID="string_61" HPOS="299" VPOS="602" WIDTH="44" HEIGHT="19" WC="0.95" CONTENT="män"/><SP WIDTH="16" VPOS="602" HPOS="343"/>
							<String ID="string_62" HPOS="359" VPOS="608" WIDTH="42" HEIGHT="13" WC="0.93" CONTENT="som"/><SP WIDTH="16" VPOS="608" HPOS="401"/>
							<String ID="string_63" HPOS="417" VPOS="602" WIDTH="45" HEIGHT="19" WC="0.91" CONTENT="värt"/><SP WIDTH="15" VPOS="602" HPOS="462"/>
							<String ID="string_64" HPOS="477" VPOS="602" WIDTH="58" HEIGHT="20" WC="0.91" CONTENT="lands"/><SP WIDTH="16" VPOS="602" HPOS="535"/>
							<String ID="string_65" HPOS="551" VPOS="602" WIDTH="138" HEIGHT="19" WC="0.92" CONTENT="stambanenät"/><SP WIDTH="15" VPOS="602" HPOS="689"/>
							<String ID="string_66" HPOS="704" VPOS="602" WIDTH="70" HEIGHT="19" WC="0.92" CONTENT="nalkas"/><SP WIDTH="17" VPOS="602" HPOS="774"/>
							<String ID="string_67" HPOS="791" VPOS="602" WIDTH="34" HEIGHT="19" WC="0.93" CONTENT="sitt"/><SP WIDTH="11" VPOS="602" HPOS="825"/>
							<String ID="string_68" HPOS="836" VPOS="601" WIDTH="45" HEIGHT="19" WC="0.92" CONTENT="full-"/>
						</TextLine>
						<TextLine ID="line_10" HPOS="118" VPOS="630" WIDTH="763" HEIGHT="25">
							<String ID="string_69" HPOS="118" VPOS="631" WIDTH="98" HEIGHT="23" WC="0.92" CONTENT="ändande,"/><SP WIDTH="16" VPOS="631" HPOS="216"/>
							<String ID="string_70" HPOS="232" VPOS="631" WIDTH="100" HEIGHT="24" WC="0.92" CONTENT="upplifvas"/><SP WIDTH="15" VPOS="631" HPOS="332"/>
							<String ID="string_71" HPOS="347" VPOS="631" WIDTH="36" HEIGHT="19" WC="0.96" CONTENT="hos"/><SP WIDTH="16" VPOS="631" HPOS="383"/>
							<String ID="string_72" HPOS="399" VPOS="631" WIDTH="25" HEIGHT="19" WC="0.96" CONTENT="de"/><SP WIDTH="12" VPOS="631" HPOS="424"/>
							<String ID="string_73" HPOS="436" VPOS="630" WIDTH="59" HEIGHT="20" WC="0.93" CONTENT="flesta"/><SP WIDTH="16" VPOS="630" HPOS="495"/>
							<String ID="string_74" HPOS="511" VPOS="635" WIDTH="61" HEIGHT="19" WC="0.91" CONTENT="orter,"/><SP WIDTH="16" VPOS="635" HPOS="572"/>
							<String ID="string_75" HPOS="588" VPOS="636" WIDTH="42" HEIGHT="14" WC="0.96" CONTENT="som"/><SP WIDTH="16" VPOS="636" HPOS="630"/>
							<String ID="string_76" HPOS="646" VPOS="631" WIDTH="31" HEIGHT="19" WC="0.93" CONTENT="vid"/><SP WIDTH="15" VPOS="631" HPOS="677"/>
							<String ID="string_77" HPOS="692" VPOS="630" WIDTH="189" HEIGHT="24" WC="0.90" CONTENT="bansträckningar-"/>
						</TextLine>
						<TextLine ID="line_11" HPOS="119" VPOS="659" WIDTH="763" HEIGHT="25">
							<String ID="string_78" HPOS="119" VPOS="666" WIDTH="36" HEIGHT="13" WC="0.93" CONTENT="nas"/><SP WIDTH="16" VPOS="666" HPOS="155"/>
							<String ID="string_79" HPOS="171" VPOS="660" WIDTH="141" HEIGHT="24" WC="0.91" CONTENT="uppdragande"/><SP WIDTH="16" VPOS="660" HPOS="312"/>
							<String ID="string_80" HPOS="328" VPOS="660" WIDTH="65" HEIGHT="18" WC="0.93" CONTENT="blifvit"/><SP WIDTH="15" VPOS="660" HPOS="393"/>
							<String ID="string_81" HPOS="408" VPOS="660" WIDTH="120" HEIGHT="23" WC="0.90" CONTENT="äsidosatta,"/><SP WIDTH="15" VPOS="660" HPOS="528"/>
							<String ID="string_82" HPOS="543" VPOS="660" WIDTH="75" HEIGHT="24" WC="0.96" CONTENT="hoppet"/><SP WIDTH="16" VPOS="660" HPOS="618"/>
							<String ID="string_83" HPOS="634" VPOS="665" WIDTH="30" HEIGHT="13" WC="0.96" CONTENT="om"/><SP WIDTH="16" VPOS="665" HPOS="664"/>
							<String ID="string_84" HPOS="680" VPOS="662" WIDTH="29" HEIGHT="16" WC="0.93" CONTENT="att"/><SP WIDTH="16" VPOS="662" HPOS="709"/>
							<String ID="string_85" HPOS="725" VPOS="659" WIDTH="58" HEIGHT="20" WC="0.96" CONTENT="äfven"/><SP WIDTH="16" VPOS="659" HPOS="783"/>
							<String ID="string_86" HPOS="799" VPOS="659" WIDTH="24" HEIGHT="19" WC="0.88" CONTENT="dei"/><SP WIDTH="28" VPOS="659" HPOS="823"/>
							<String ID="string_87" HPOS="851" VPOS="659" WIDTH="31" HEIGHT="19" WC="0.88" CONTENT="sin"/>
						</TextLine>
						<TextLine ID="line_12" HPOS="118" VPOS="688" WIDTH="625" HEIGHT="28">
							<String ID="string_88" HPOS="118" VPOS="692" WIDTH="34" HEIGHT="16" WC="0.94" CONTENT="tur"/><SP WIDTH="14" VPOS="692" HPOS="152"/>
							<String ID="string_89" HPOS="166" VPOS="688" WIDTH="57" HEIGHT="20" WC="0.94" CONTENT="skola"/><SP WIDTH="16" VPOS="688" HPOS="223"/>
							<String ID="string_90" HPOS="239" VPOS="689" WIDTH="6" HEIGHT="18" WC="0.96" CONTENT="i"/><SP WIDTH="16" VPOS="689" HPOS="245"/>
							<String ID="string_91" HPOS="261" VPOS="688" WIDTH="55" HEIGHT="20" WC="0.96" CONTENT="detta"/><SP WIDTH="15" VPOS="688" HPOS="316"/>
							<String ID="string_92" HPOS="331" VPOS="688" WIDTH="114" HEIGHT="20" WC="0.93" CONTENT="hänseende"/><SP WIDTH="16" VPOS="688" HPOS="445"/>
							<String ID="string_93" HPOS="461" VPOS="688" WIDTH="64" HEIGHT="20" WC="0.90" CONTENT="blifva"/><SP WIDTH="15" VPOS="688" HPOS="525"/>
							<String ID="string_94" HPOS="540" VPOS="688" WIDTH="203" HEIGHT="28" WC="0.92" CONTENT="uppmärksammade."/>
						</TextLine>
					</TextBlock>
					<TextBlock ID="block_5" HPOS="119" VPOS="716" WIDTH="767" HEIGHT="341">
						<TextLine ID="line_13" HPOS="188" VPOS="716" WIDTH="695" HEIGHT="25">
							<String ID="string_95" HPOS="188" VPOS="717" WIDTH="32" HEIGHT="19" WC="0.92" CONTENT="Då"/><SP WIDTH="13" VPOS="717" HPOS="220"/>
							<String ID="string_96" HPOS="233" VPOS="718" WIDTH="108" HEIGHT="22" WC="0.92" CONTENT="jernvägen"/><SP WIDTH="15" VPOS="718" HPOS="341"/>
							<String ID="string_97" HPOS="356" VPOS="717" WIDTH="44" HEIGHT="19" WC="0.96" CONTENT="från"/><SP WIDTH="21" VPOS="717" HPOS="400"/>
							<String ID="string_98" HPOS="421" VPOS="717" WIDTH="135" HEIGHT="24" WC="0.95" CONTENT="Helsingfors,"/><SP WIDTH="15" VPOS="717" HPOS="556"/>
							<String ID="string_99" HPOS="571" VPOS="717" WIDTH="71" HEIGHT="24" WC="0.95" CONTENT="Hangö"/><SP WIDTH="17" VPOS="717" HPOS="642"/>
							<String ID="string_100" HPOS="659" VPOS="717" WIDTH="36" HEIGHT="19" WC="0.93" CONTENT="och"/><SP WIDTH="15" VPOS="717" HPOS="695"/>
							<String ID="string_101" HPOS="710" VPOS="711" WIDTH="45" HEIGHT="25" WC="0.96" CONTENT="Åbo"/><SP WIDTH="16" VPOS="711" HPOS="755"/>
							<String ID="string_102" HPOS="771" VPOS="719" WIDTH="22" HEIGHT="17" WC="0.93" CONTENT="är"/><SP WIDTH="15" VPOS="719" HPOS="793"/>
							<String ID="string_103" HPOS="808" VPOS="716" WIDTH="75" HEIGHT="24" WC="0.96" CONTENT="dragen"/>
						</TextLine>
						<TextLine ID="line_14" HPOS="119" VPOS="745" WIDTH="764" HEIGHT="27">
							<String ID="string_104" HPOS="119" VPOS="746" WIDTH="31" HEIGHT="19" WC="0.96" CONTENT="till"/><SP WIDTH="15" VPOS="746" HPOS="150"/>
							<String ID="string_105" HPOS="165" VPOS="746" WIDTH="25" HEIGHT="19" WC="0.93" CONTENT="de"/><SP WIDTH="22" VPOS="746" HPOS="190"/>
							<String ID="string_106" HPOS="212" VPOS="746" WIDTH="43" HEIGHT="18" WC="0.92" CONTENT="inre"/><SP WIDTH="23" VPOS="746" HPOS="255"/>
							<String ID="string_107" HPOS="278" VPOS="746" WIDTH="81" HEIGHT="19" WC="0.96" CONTENT="delarna"/><SP WIDTH="16" VPOS="746" HPOS="359"/>
							<String ID="string_108" HPOS="375" VPOS="745" WIDTH="22" HEIGHT="19" WC="0.96" CONTENT="af"/><SP WIDTH="13" VPOS="745" HPOS="397"/>
							<String ID="string_109" HPOS="410" VPOS="746" WIDTH="77" HEIGHT="24" WC="0.96" CONTENT="landet,"/><SP WIDTH="16" VPOS="746" HPOS="487"/>
							<String ID="string_110" HPOS="503" VPOS="746" WIDTH="60" HEIGHT="24" WC="0.93" CONTENT="följer"/><SP WIDTH="16" VPOS="746" HPOS="563"/>
							<String ID="string_111" HPOS="579" VPOS="745" WIDTH="63" HEIGHT="27" WC="0.93" CONTENT="deraf,"/><SP WIDTH="16" VPOS="745" HPOS="642"/>
							<String ID="string_112" HPOS="658" VPOS="748" WIDTH="29" HEIGHT="17" WC="0.93" CONTENT="att"/><SP WIDTH="14" VPOS="748" HPOS="687"/>
							<String ID="string_113" HPOS="701" VPOS="746" WIDTH="108" HEIGHT="24" WC="0.92" CONTENT="jernvägen"/><SP WIDTH="15" VPOS="746" HPOS="809"/>
							<String ID="string_114" HPOS="824" VPOS="746" WIDTH="59" HEIGHT="22" WC="0.96" CONTENT="utgör"/>
						</TextLine>
						<TextLine ID="line_15" HPOS="120" VPOS="761" WIDTH="763" HEIGHT="42">
							<String ID="string_115" HPOS="120" VPOS="780" WIDTH="25" HEIGHT="14" WC="0.96" CONTENT="en"/><SP WIDTH="15" VPOS="780" HPOS="145"/>
							<String ID="string_116" HPOS="160" VPOS="774" WIDTH="99" HEIGHT="24" WC="0.96" CONTENT="betydligt"/><SP WIDTH="14" VPOS="774" HPOS="259"/>
							<String ID="string_117" HPOS="273" VPOS="774" WIDTH="68" HEIGHT="29" WC="0.96" CONTENT="längre"/><SP WIDTH="16" VPOS="774" HPOS="341"/>
							<String ID="string_118" HPOS="357" VPOS="761" WIDTH="152" HEIGHT="37" WC="0.91" CONTENT="föreningslänk"/><SP WIDTH="16" VPOS="761" HPOS="509"/>
							<String ID="string_119" HPOS="525" VPOS="770" WIDTH="71" HEIGHT="32" WC="0.96" CONTENT="mellan"/><SP WIDTH="16" VPOS="770" HPOS="596"/>
							<String ID="string_120" HPOS="612" VPOS="761" WIDTH="85" HEIGHT="33" WC="0.96" CONTENT="nämnda"/><SP WIDTH="10" VPOS="761" HPOS="697"/>
							<String ID="string_121" HPOS="707" VPOS="777" WIDTH="61" HEIGHT="21" WC="0.96" CONTENT="orter,"/><SP WIDTH="12" VPOS="777" HPOS="768"/>
							<String ID="string_122" HPOS="780" VPOS="776" WIDTH="24" HEIGHT="17" WC="0.93" CONTENT="än"/><SP WIDTH="11" VPOS="776" HPOS="804"/>
							<String ID="string_123" HPOS="815" VPOS="774" WIDTH="68" HEIGHT="19" WC="0.91" CONTENT="lands-"/>
						</TextLine>
						<TextLine ID="line_16" HPOS="119" VPOS="797" WIDTH="764" HEIGHT="35">
							<String ID="string_124" HPOS="119" VPOS="805" WIDTH="70" HEIGHT="22" WC="0.96" CONTENT="vägen."/><SP WIDTH="30" VPOS="805" HPOS="189"/>
							<String ID="string_125" HPOS="219" VPOS="803" WIDTH="54" HEIGHT="19" WC="0.96" CONTENT="Från"/><SP WIDTH="22" VPOS="803" HPOS="273"/>
							<String ID="string_126" HPOS="295" VPOS="797" WIDTH="44" HEIGHT="25" WC="0.96" CONTENT="Åbo"/><SP WIDTH="23" VPOS="797" HPOS="339"/>
							<String ID="string_127" HPOS="362" VPOS="804" WIDTH="30" HEIGHT="18" WC="0.94" CONTENT="till"/><SP WIDTH="23" VPOS="804" HPOS="392"/>
							<String ID="string_128" HPOS="415" VPOS="804" WIDTH="72" HEIGHT="23" WC="0.95" CONTENT="Hangö"/><SP WIDTH="25" VPOS="804" HPOS="487"/>
							<String ID="string_129" HPOS="512" VPOS="806" WIDTH="23" HEIGHT="17" WC="0.96" CONTENT="är"/><SP WIDTH="15" VPOS="806" HPOS="535"/>
							<String ID="string_130" HPOS="550" VPOS="803" WIDTH="199" HEIGHT="29" WC="0.92" CONTENT="landsvägssträckan"/><SP WIDTH="16" VPOS="803" HPOS="749"/>
							<String ID="string_131" HPOS="765" VPOS="802" WIDTH="42" HEIGHT="20" WC="0.93" CONTENT="140"/><SP WIDTH="16" VPOS="802" HPOS="807"/>
							<String ID="string_132" HPOS="823" VPOS="806" WIDTH="60" HEIGHT="20" WC="0.92" CONTENT="verst,"/>
						</TextLine>
						<TextLine ID="line_17" HPOS="120" VPOS="826" WIDTH="763" HEIGHT="30">
							<String ID="string_133" HPOS="120" VPOS="832" WIDTH="187" HEIGHT="24" WC="0.91" CONTENT="jernvägssträckan"/><SP WIDTH="16" VPOS="832" HPOS="307"/>
							<String ID="string_134" HPOS="323" VPOS="831" WIDTH="47" HEIGHT="20" WC="0.96" CONTENT="346."/><SP WIDTH="31" VPOS="831" HPOS="370"/>
							<String ID="string_135" HPOS="401" VPOS="832" WIDTH="76" HEIGHT="19" WC="0.95" CONTENT="Mellan"/><SP WIDTH="24" VPOS="832" HPOS="477"/>
							<String ID="string_136" HPOS="501" VPOS="832" WIDTH="81" HEIGHT="20" WC="0.95" CONTENT="Ekenäs"/><SP WIDTH="20" VPOS="832" HPOS="582"/>
							<String ID="string_137" HPOS="602" VPOS="832" WIDTH="36" HEIGHT="20" WC="0.96" CONTENT="och"/><SP WIDTH="16" VPOS="832" HPOS="638"/>
							<String ID="string_138" HPOS="654" VPOS="826" WIDTH="44" HEIGHT="25" WC="0.95" CONTENT="Åbo"/><SP WIDTH="16" VPOS="826" HPOS="698"/>
							<String ID="string_139" HPOS="714" VPOS="834" WIDTH="22" HEIGHT="17" WC="0.93" CONTENT="är"/><SP WIDTH="15" VPOS="834" HPOS="736"/>
							<String ID="string_140" HPOS="751" VPOS="832" WIDTH="132" HEIGHT="23" WC="0.91" CONTENT="landsvägens"/>
						</TextLine>
						<TextLine ID="line_18" HPOS="120" VPOS="860" WIDTH="764" HEIGHT="24">
							<String ID="string_141" HPOS="120" VPOS="860" WIDTH="60" HEIGHT="24" WC="0.96" CONTENT="längd"/><SP WIDTH="16" VPOS="860" HPOS="180"/>
							<String ID="string_142" HPOS="196" VPOS="860" WIDTH="41" HEIGHT="19" WC="0.93" CONTENT="102"/><SP WIDTH="16" VPOS="860" HPOS="237"/>
							<String ID="string_143" HPOS="253" VPOS="863" WIDTH="60" HEIGHT="21" WC="0.91" CONTENT="verst,"/><SP WIDTH="19" VPOS="863" HPOS="313"/>
							<String ID="string_144" HPOS="332" VPOS="861" WIDTH="120" HEIGHT="23" WC="0.89" CONTENT="jernvägens"/><SP WIDTH="17" VPOS="861" HPOS="452"/>
							<String ID="string_145" HPOS="469" VPOS="860" WIDTH="48" HEIGHT="20" WC="0.96" CONTENT="308."/><SP WIDTH="31" VPOS="860" HPOS="517"/>
							<String ID="string_146" HPOS="548" VPOS="861" WIDTH="85" HEIGHT="23" WC="0.95" CONTENT="Följden"/><SP WIDTH="24" VPOS="861" HPOS="633"/>
							<String ID="string_147" HPOS="657" VPOS="860" WIDTH="58" HEIGHT="20" WC="0.95" CONTENT="häraf"/><SP WIDTH="14" VPOS="860" HPOS="715"/>
							<String ID="string_148" HPOS="729" VPOS="863" WIDTH="22" HEIGHT="17" WC="0.96" CONTENT="är"/><SP WIDTH="16" VPOS="863" HPOS="751"/>
							<String ID="string_149" HPOS="767" VPOS="863" WIDTH="29" HEIGHT="16" WC="0.96" CONTENT="att"/><SP WIDTH="15" VPOS="863" HPOS="796"/>
							<String ID="string_150" HPOS="811" VPOS="860" WIDTH="25" HEIGHT="19" WC="0.93" CONTENT="de"/><SP WIDTH="16" VPOS="860" HPOS="836"/>
							<String ID="string_151" HPOS="852" VPOS="865" WIDTH="32" HEIGHT="14" WC="0.91" CONTENT="or-"/>
						</TextLine>
						<TextLine ID="line_19" HPOS="121" VPOS="888" WIDTH="763" HEIGHT="25">
							<String ID="string_152" HPOS="121" VPOS="892" WIDTH="37" HEIGHT="20" WC="0.96" CONTENT="ter,"/><SP WIDTH="16" VPOS="892" HPOS="158"/>
							<String ID="string_153" HPOS="174" VPOS="894" WIDTH="42" HEIGHT="14" WC="0.96" CONTENT="som"/><SP WIDTH="15" VPOS="894" HPOS="216"/>
							<String ID="string_154" HPOS="231" VPOS="891" WIDTH="36" HEIGHT="17" WC="0.96" CONTENT="äro"/><SP WIDTH="16" VPOS="891" HPOS="267"/>
							<String ID="string_155" HPOS="283" VPOS="890" WIDTH="83" HEIGHT="23" WC="0.96" CONTENT="belägna"/><SP WIDTH="15" VPOS="890" HPOS="366"/>
							<String ID="string_156" HPOS="381" VPOS="890" WIDTH="72" HEIGHT="18" WC="0.96" CONTENT="mellan"/><SP WIDTH="17" VPOS="890" HPOS="453"/>
							<String ID="string_157" HPOS="470" VPOS="890" WIDTH="86" HEIGHT="19" WC="0.96" CONTENT="nämnda"/><SP WIDTH="16" VPOS="890" HPOS="556"/>
							<String ID="string_158" HPOS="572" VPOS="890" WIDTH="74" HEIGHT="23" WC="0.96" CONTENT="städer,"/><SP WIDTH="17" VPOS="890" HPOS="646"/>
							<String ID="string_159" HPOS="663" VPOS="890" WIDTH="88" HEIGHT="23" WC="0.96" CONTENT="begagna"/><SP WIDTH="10" VPOS="890" HPOS="751"/>
							<String ID="string_160" HPOS="761" VPOS="889" WIDTH="30" HEIGHT="23" WC="0.93" CONTENT="sig"/><SP WIDTH="10" VPOS="889" HPOS="791"/>
							<String ID="string_161" HPOS="801" VPOS="888" WIDTH="83" HEIGHT="20" WC="0.92" CONTENT="hufvud-"/>
						</TextLine>
						<TextLine ID="line_20" HPOS="122" VPOS="917" WIDTH="763" HEIGHT="26">
							<String ID="string_162" HPOS="122" VPOS="918" WIDTH="96" HEIGHT="24" WC="0.90" CONTENT="sakligast"/><SP WIDTH="23" VPOS="918" HPOS="218"/>
							<String ID="string_163" HPOS="241" VPOS="918" WIDTH="22" HEIGHT="19" WC="0.96" CONTENT="af"/><SP WIDTH="14" VPOS="918" HPOS="263"/>
							<String ID="string_164" HPOS="277" VPOS="918" WIDTH="118" HEIGHT="24" WC="0.96" CONTENT="landsvägen"/><SP WIDTH="17" VPOS="918" HPOS="395"/>
							<String ID="string_165" HPOS="412" VPOS="918" WIDTH="33" HEIGHT="20" WC="0.96" CONTENT="för"/><SP WIDTH="15" VPOS="918" HPOS="445"/>
							<String ID="string_166" HPOS="460" VPOS="921" WIDTH="105" HEIGHT="22" WC="0.96" CONTENT="transport"/><SP WIDTH="15" VPOS="921" HPOS="565"/>
							<String ID="string_167" HPOS="580" VPOS="918" WIDTH="22" HEIGHT="20" WC="0.96" CONTENT="af"/><SP WIDTH="14" VPOS="918" HPOS="602"/>
							<String ID="string_168" HPOS="616" VPOS="924" WIDTH="65" HEIGHT="14" WC="0.94" CONTENT="varor."/><SP WIDTH="31" VPOS="924" HPOS="681"/>
							<String ID="string_169" HPOS="712" VPOS="918" WIDTH="8" HEIGHT="19" WC="0.96" CONTENT="I"/><SP WIDTH="17" VPOS="918" HPOS="720"/>
							<String ID="string_170" HPOS="737" VPOS="918" WIDTH="63" HEIGHT="19" WC="0.93" CONTENT="denna"/><SP WIDTH="17" VPOS="918" HPOS="800"/>
							<String ID="string_171" HPOS="817" VPOS="917" WIDTH="68" HEIGHT="19" WC="0.92" CONTENT="lands-"/>
						</TextLine>
						<TextLine ID="line_21" HPOS="122" VPOS="946" WIDTH="764" HEIGHT="25">
							<String ID="string_172" HPOS="122" VPOS="947" WIDTH="33" HEIGHT="19" WC="0.95" CONTENT="del"/><SP WIDTH="23" VPOS="947" HPOS="155"/>
							<String ID="string_173" HPOS="178" VPOS="946" WIDTH="53" HEIGHT="20" WC="0.95" CONTENT="finna"/><SP WIDTH="22" VPOS="946" HPOS="231"/>
							<String ID="string_174" HPOS="253" VPOS="947" WIDTH="19" HEIGHT="19" WC="0.95" CONTENT="vi"/><SP WIDTH="23" VPOS="947" HPOS="272"/>
							<String ID="string_175" HPOS="295" VPOS="947" WIDTH="60" HEIGHT="19" WC="0.95" CONTENT="likväl"/><SP WIDTH="20" VPOS="947" HPOS="355"/>
							<String ID="string_176" HPOS="375" VPOS="947" WIDTH="24" HEIGHT="19" WC="0.96" CONTENT="de"/><SP WIDTH="16" VPOS="947" HPOS="399"/>
							<String ID="string_177" HPOS="415" VPOS="947" WIDTH="22" HEIGHT="19" WC="0.96" CONTENT="af"/><SP WIDTH="15" VPOS="947" HPOS="437"/>
							<String ID="string_178" HPOS="452" VPOS="948" WIDTH="49" HEIGHT="19" WC="0.96" CONTENT="våra"/><SP WIDTH="16" VPOS="948" HPOS="501"/>
							<String ID="string_179" HPOS="517" VPOS="948" WIDTH="94" HEIGHT="23" WC="0.96" CONTENT="socknar,"/><SP WIDTH="16" VPOS="948" HPOS="611"/>
							<String ID="string_180" HPOS="627" VPOS="953" WIDTH="42" HEIGHT="13" WC="0.95" CONTENT="som"/><SP WIDTH="15" VPOS="953" HPOS="669"/>
							<String ID="string_181" HPOS="684" VPOS="947" WIDTH="82" HEIGHT="24" WC="0.95" CONTENT="tidigast"/><SP WIDTH="15" VPOS="947" HPOS="766"/>
							<String ID="string_182" HPOS="781" VPOS="947" WIDTH="82" HEIGHT="18" WC="0.96" CONTENT="kommit"/><SP WIDTH="16" VPOS="947" HPOS="863"/>
							<String ID="string_183" HPOS="879" VPOS="946" WIDTH="7" HEIGHT="19" WC="0.96" CONTENT="i"/>
						</TextLine>
						<TextLine ID="line_22" HPOS="122" VPOS="975" WIDTH="764" HEIGHT="25">
							<String ID="string_184" HPOS="122" VPOS="976" WIDTH="116" HEIGHT="23" WC="0.95" CONTENT="åtnjutande"/><SP WIDTH="23" VPOS="976" HPOS="238"/>
							<String ID="string_185" HPOS="261" VPOS="975" WIDTH="22" HEIGHT="20" WC="0.95" CONTENT="af"/><SP WIDTH="20" VPOS="975" HPOS="283"/>
							<String ID="string_186" HPOS="303" VPOS="976" WIDTH="67" HEIGHT="23" WC="0.95" CONTENT="odling"/><SP WIDTH="19" VPOS="976" HPOS="370"/>
							<String ID="string_187" HPOS="389" VPOS="976" WIDTH="37" HEIGHT="19" WC="0.94" CONTENT="och"/><SP WIDTH="23" VPOS="976" HPOS="426"/>
							<String ID="string_188" HPOS="449" VPOS="976" WIDTH="89" HEIGHT="20" WC="0.94" CONTENT="flertalet"/><SP WIDTH="22" VPOS="976" HPOS="538"/>
							<String ID="string_189" HPOS="560" VPOS="976" WIDTH="22" HEIGHT="19" WC="0.96" CONTENT="af"/><SP WIDTH="21" VPOS="976" HPOS="582"/>
							<String ID="string_190" HPOS="603" VPOS="977" WIDTH="48" HEIGHT="18" WC="0.93" CONTENT="våra"/><SP WIDTH="13" VPOS="977" HPOS="651"/>
							<String ID="string_191" HPOS="664" VPOS="975" WIDTH="96" HEIGHT="25" WC="0.92" CONTENT="jernbruk"/><SP WIDTH="15" VPOS="975" HPOS="760"/>
							<String ID="string_192" HPOS="775" VPOS="977" WIDTH="36" HEIGHT="18" WC="0.96" CONTENT="äro"/><SP WIDTH="16" VPOS="977" HPOS="811"/>
							<String ID="string_193" HPOS="827" VPOS="975" WIDTH="59" HEIGHT="19" WC="0.95" CONTENT="äfven"/>
						</TextLine>
						<TextLine ID="line_23" HPOS="122" VPOS="1003" WIDTH="764" HEIGHT="25">
							<String ID="string_194" HPOS="122" VPOS="1004" WIDTH="37" HEIGHT="19" WC="0.96" CONTENT="här"/><SP WIDTH="15" VPOS="1004" HPOS="159"/>
							<String ID="string_195" HPOS="174" VPOS="1004" WIDTH="90" HEIGHT="24" WC="0.95" CONTENT="belägna."/><SP WIDTH="29" VPOS="1004" HPOS="264"/>
							<String ID="string_196" HPOS="293" VPOS="1005" WIDTH="87" HEIGHT="19" WC="0.88" CONTENT="Trakten"/><SP WIDTH="16" VPOS="1005" HPOS="380"/>
							<String ID="string_197" HPOS="396" VPOS="1007" WIDTH="23" HEIGHT="17" WC="0.96" CONTENT="är"/><SP WIDTH="15" VPOS="1007" HPOS="419"/>
							<String ID="string_198" HPOS="434" VPOS="1005" WIDTH="33" HEIGHT="19" WC="0.96" CONTENT="för"/><SP WIDTH="16" VPOS="1005" HPOS="467"/>
							<String ID="string_199" HPOS="483" VPOS="1005" WIDTH="48" HEIGHT="19" WC="0.96" CONTENT="våra"/><SP WIDTH="15" VPOS="1005" HPOS="531"/>
							<String ID="string_200" HPOS="546" VPOS="1005" WIDTH="138" HEIGHT="19" WC="0.96" CONTENT="förhållanden"/><SP WIDTH="16" VPOS="1005" HPOS="684"/>
							<String ID="string_201" HPOS="700" VPOS="1007" WIDTH="39" HEIGHT="17" WC="0.93" CONTENT="tätt"/><SP WIDTH="10" VPOS="1007" HPOS="739"/>
							<String ID="string_202" HPOS="749" VPOS="1004" WIDTH="79" HEIGHT="24" WC="0.92" CONTENT="bebygd"/><SP WIDTH="21" VPOS="1004" HPOS="828"/>
							<String ID="string_203" HPOS="849" VPOS="1003" WIDTH="37" HEIGHT="20" WC="0.96" CONTENT="och"/>
						</TextLine>
						<TextLine ID="line_24" HPOS="123" VPOS="1033" WIDTH="109" HEIGHT="24">
							<String ID="string_204" HPOS="123" VPOS="1033" WIDTH="109" HEIGHT="24" WC="0.95" CONTENT="förmögen."/>
						</TextLine>
					</TextBlock>
					<TextBlock ID="block_6" HPOS="122" VPOS="1061" WIDTH="766" HEIGHT="82">
						<TextLine ID="line_25" HPOS="192" VPOS="1061" WIDTH="695" HEIGHT="25">
							<String ID="string_205" HPOS="192" VPOS="1062" WIDTH="38" HEIGHT="23" WC="0.96" CONTENT="Jag"/><SP WIDTH="23" VPOS="1062" HPOS="230"/>
							<String ID="string_206" HPOS="253" VPOS="1067" WIDTH="58" HEIGHT="14" WC="0.96" CONTENT="anser"/><SP WIDTH="22" VPOS="1067" HPOS="311"/>
							<String ID="string_207" HPOS="333" VPOS="1062" WIDTH="34" HEIGHT="19" WC="0.96" CONTENT="det"/><SP WIDTH="22" VPOS="1062" HPOS="367"/>
							<String ID="string_208" HPOS="389" VPOS="1062" WIDTH="44" HEIGHT="20" WC="0.91" CONTENT="icke"/><SP WIDTH="25" VPOS="1062" HPOS="433"/>
							<String ID="string_209" HPOS="458" VPOS="1063" WIDTH="71" HEIGHT="23" WC="0.90" CONTENT="nödigt"/><SP WIDTH="23" VPOS="1063" HPOS="529"/>
							<String ID="string_210" HPOS="552" VPOS="1065" WIDTH="30" HEIGHT="16" WC="0.93" CONTENT="att"/><SP WIDTH="14" VPOS="1065" HPOS="582"/>
							<String ID="string_211" HPOS="596" VPOS="1062" WIDTH="126" HEIGHT="24" WC="0.92" CONTENT="vidlyftigare"/><SP WIDTH="16" VPOS="1062" HPOS="722"/>
							<String ID="string_212" HPOS="738" VPOS="1061" WIDTH="96" HEIGHT="20" WC="0.93" CONTENT="motivera"/><SP WIDTH="15" VPOS="1061" HPOS="834"/>
							<String ID="string_213" HPOS="849" VPOS="1061" WIDTH="38" HEIGHT="19" WC="0.93" CONTENT="föl-"/>
						</TextLine>
						<TextLine ID="line_26" HPOS="122" VPOS="1090" WIDTH="766" HEIGHT="25">
							<String ID="string_214" HPOS="122" VPOS="1090" WIDTH="60" HEIGHT="23" WC="0.91" CONTENT="jande"/><SP WIDTH="16" VPOS="1090" HPOS="182"/>
							<String ID="string_215" HPOS="198" VPOS="1090" WIDTH="175" HEIGHT="25" WC="0.91" CONTENT="petitionsförslag,"/><SP WIDTH="17" VPOS="1090" HPOS="373"/>
							<String ID="string_216" HPOS="390" VPOS="1091" WIDTH="31" HEIGHT="19" WC="0.96" CONTENT="för"/><SP WIDTH="16" VPOS="1091" HPOS="421"/>
							<String ID="string_217" HPOS="437" VPOS="1091" WIDTH="78" HEIGHT="20" WC="0.96" CONTENT="hvilket"/><SP WIDTH="15" VPOS="1091" HPOS="515"/>
							<String ID="string_218" HPOS="530" VPOS="1092" WIDTH="33" HEIGHT="23" WC="0.96" CONTENT="jag"/><SP WIDTH="15" VPOS="1092" HPOS="563"/>
							<String ID="string_219" HPOS="578" VPOS="1091" WIDTH="61" HEIGHT="24" WC="0.96" CONTENT="vågar"/><SP WIDTH="11" VPOS="1091" HPOS="639"/>
							<String ID="string_220" HPOS="650" VPOS="1091" WIDTH="58" HEIGHT="24" WC="0.96" CONTENT="bedja"/><SP WIDTH="11" VPOS="1091" HPOS="708"/>
							<String ID="string_221" HPOS="719" VPOS="1097" WIDTH="31" HEIGHT="13" WC="0.96" CONTENT="om"/><SP WIDTH="13" VPOS="1097" HPOS="750"/>
							<String ID="string_222" HPOS="763" VPOS="1090" WIDTH="125" HEIGHT="19" WC="0.96" CONTENT="hedervärda"/>
						</TextLine>
						<TextLine ID="line_27" HPOS="123" VPOS="1119" WIDTH="292" HEIGHT="24">
							<String ID="string_223" HPOS="123" VPOS="1119" WIDTH="161" HEIGHT="20" WC="0.92" CONTENT="Bondeståndets"/><SP WIDTH="15" VPOS="1119" HPOS="284"/>
							<String ID="string_224" HPOS="299" VPOS="1120" WIDTH="116" HEIGHT="23" WC="0.96" CONTENT="understöd,"/>
						</TextLine>
					</TextBlock>
				</ComposedBlock>
				<ComposedBlock ID="cblock_5" HPOS="263" VPOS="1175" WIDTH="630" HEIGHT="223">
					<TextBlock ID="block_7" HPOS="263" VPOS="1175" WIDTH="630" HEIGHT="223">
						<TextLine ID="line_28" HPOS="329" VPOS="1175" WIDTH="561" HEIGHT="28">
							<String ID="string_225" HPOS="329" VPOS="1178" WIDTH="32" HEIGHT="18" WC="0.96" CONTENT="att"/><SP WIDTH="22" VPOS="1178" HPOS="361"/>
							<String ID="string_226" HPOS="383" VPOS="1177" WIDTH="146" HEIGHT="26" WC="0.96" CONTENT="Regeringen"/><SP WIDTH="23" VPOS="1177" HPOS="529"/>
							<String ID="string_227" HPOS="552" VPOS="1178" WIDTH="64" HEIGHT="19" WC="0.96" CONTENT="nästa"/><SP WIDTH="23" VPOS="1178" HPOS="616"/>
							<String ID="string_228" HPOS="639" VPOS="1183" WIDTH="94" HEIGHT="13" WC="0.96" CONTENT="sommar"/><SP WIDTH="21" VPOS="1183" HPOS="733"/>
							<String ID="string_229" HPOS="754" VPOS="1176" WIDTH="67" HEIGHT="19" WC="0.96" CONTENT="måtte"/><SP WIDTH="22" VPOS="1176" HPOS="821"/>
							<String ID="string_230" HPOS="843" VPOS="1175" WIDTH="47" HEIGHT="20" WC="0.96" CONTENT="låta"/>
						</TextLine>
						<TextLine ID="line_29" HPOS="263" VPOS="1204" WIDTH="627" HEIGHT="27">
							<String ID="string_231" HPOS="263" VPOS="1206" WIDTH="125" HEIGHT="19" WC="0.96" CONTENT="verkställa"/><SP WIDTH="15" VPOS="1206" HPOS="388"/>
							<String ID="string_232" HPOS="403" VPOS="1206" WIDTH="161" HEIGHT="19" WC="0.96" CONTENT="instrumental"/><SP WIDTH="19" VPOS="1206" HPOS="564"/>
							<String ID="string_233" HPOS="583" VPOS="1205" WIDTH="166" HEIGHT="26" WC="0.96" CONTENT="undersökning"/><SP WIDTH="14" VPOS="1205" HPOS="749"/>
							<String ID="string_234" HPOS="763" VPOS="1205" WIDTH="28" HEIGHT="19" WC="0.93" CONTENT="af"/><SP WIDTH="10" VPOS="1205" HPOS="791"/>
							<String ID="string_235" HPOS="801" VPOS="1204" WIDTH="89" HEIGHT="25" WC="0.92" CONTENT="ifråga-"/>
						</TextLine>
						<TextLine ID="line_30" HPOS="264" VPOS="1232" WIDTH="627" HEIGHT="29">
							<String ID="string_236" HPOS="264" VPOS="1235" WIDTH="95" HEIGHT="19" WC="0.95" CONTENT="varande"/><SP WIDTH="15" VPOS="1235" HPOS="359"/>
							<String ID="string_237" HPOS="374" VPOS="1236" WIDTH="99" HEIGHT="25" WC="0.96" CONTENT="terräng"/><SP WIDTH="14" VPOS="1236" HPOS="473"/>
							<String ID="string_238" HPOS="487" VPOS="1236" WIDTH="58" HEIGHT="18" WC="0.92" CONTENT="samt"/><SP WIDTH="15" VPOS="1236" HPOS="545"/>
							<String ID="string_239" HPOS="560" VPOS="1236" WIDTH="98" HEIGHT="25" WC="0.92" CONTENT="uppgöra"/><SP WIDTH="14" VPOS="1236" HPOS="658"/>
							<String ID="string_240" HPOS="672" VPOS="1234" WIDTH="90" HEIGHT="25" WC="0.96" CONTENT="förslag"/><SP WIDTH="13" VPOS="1234" HPOS="762"/>
							<String ID="string_241" HPOS="775" VPOS="1233" WIDTH="38" HEIGHT="19" WC="0.93" CONTENT="till"/><SP WIDTH="11" VPOS="1233" HPOS="813"/>
							<String ID="string_242" HPOS="824" VPOS="1232" WIDTH="67" HEIGHT="25" WC="0.92" CONTENT="jern-"/>
						</TextLine>
						<TextLine ID="line_31" HPOS="264" VPOS="1261" WIDTH="627" HEIGHT="28">
							<String ID="string_243" HPOS="264" VPOS="1263" WIDTH="194" HEIGHT="26" WC="0.92" CONTENT="vägssträckning"/><SP WIDTH="19" VPOS="1263" HPOS="458"/>
							<String ID="string_244" HPOS="477" VPOS="1263" WIDTH="71" HEIGHT="26" WC="0.90" CONTENT="jemte"/><SP WIDTH="19" VPOS="1263" HPOS="548"/>
							<String ID="string_245" HPOS="567" VPOS="1262" WIDTH="232" HEIGHT="25" WC="0.91" CONTENT="kostnadsberäkning"/><SP WIDTH="13" VPOS="1262" HPOS="799"/>
							<String ID="string_246" HPOS="812" VPOS="1261" WIDTH="37" HEIGHT="20" WC="0.96" CONTENT="för"/><SP WIDTH="15" VPOS="1261" HPOS="849"/>
							<String ID="string_247" HPOS="864" VPOS="1267" WIDTH="27" HEIGHT="14" WC="0.96" CONTENT="en"/>
						</TextLine>
						<TextLine ID="line_32" HPOS="264" VPOS="1289" WIDTH="627" HEIGHT="29">
							<String ID="string_248" HPOS="264" VPOS="1292" WIDTH="64" HEIGHT="24" WC="0.92" CONTENT="linie,"/><SP WIDTH="25" VPOS="1292" HPOS="328"/>
							<String ID="string_249" HPOS="353" VPOS="1298" WIDTH="45" HEIGHT="13" WC="0.96" CONTENT="som"/><SP WIDTH="23" VPOS="1298" HPOS="398"/>
							<String ID="string_250" HPOS="421" VPOS="1292" WIDTH="76" HEIGHT="20" WC="0.96" CONTENT="skulle"/><SP WIDTH="23" VPOS="1292" HPOS="497"/>
							<String ID="string_251" HPOS="520" VPOS="1292" WIDTH="54" HEIGHT="26" WC="0.96" CONTENT="utgå"/><SP WIDTH="21" VPOS="1292" HPOS="574"/>
							<String ID="string_252" HPOS="595" VPOS="1292" WIDTH="54" HEIGHT="19" WC="0.96" CONTENT="från"/><SP WIDTH="22" VPOS="1292" HPOS="649"/>
							<String ID="string_253" HPOS="671" VPOS="1291" WIDTH="69" HEIGHT="20" WC="0.96" CONTENT="Karis"/><SP WIDTH="21" VPOS="1291" HPOS="740"/>
							<String ID="string_254" HPOS="761" VPOS="1290" WIDTH="80" HEIGHT="20" WC="0.96" CONTENT="station"/><SP WIDTH="20" VPOS="1290" HPOS="841"/>
							<String ID="string_255" HPOS="861" VPOS="1289" WIDTH="30" HEIGHT="27" WC="0.96" CONTENT="på"/>
						</TextLine>
						<TextLine ID="line_33" HPOS="264" VPOS="1319" WIDTH="629" HEIGHT="28">
							<String ID="string_256" HPOS="264" VPOS="1320" WIDTH="150" HEIGHT="27" WC="0.92" CONTENT="Hangöbanan"/><SP WIDTH="23" VPOS="1320" HPOS="414"/>
							<String ID="string_257" HPOS="437" VPOS="1321" WIDTH="40" HEIGHT="19" WC="0.93" CONTENT="och"/><SP WIDTH="24" VPOS="1321" HPOS="477"/>
							<String ID="string_258" HPOS="501" VPOS="1321" WIDTH="85" HEIGHT="26" WC="0.91" CONTENT="dragas"/><SP WIDTH="20" VPOS="1321" HPOS="586"/>
							<String ID="string_259" HPOS="606" VPOS="1321" WIDTH="38" HEIGHT="19" WC="0.95" CONTENT="till"/><SP WIDTH="20" VPOS="1321" HPOS="644"/>
							<String ID="string_260" HPOS="664" VPOS="1319" WIDTH="51" HEIGHT="21" WC="0.96" CONTENT="Salo"/><SP WIDTH="14" VPOS="1319" HPOS="715"/>
							<String ID="string_261" HPOS="729" VPOS="1319" WIDTH="90" HEIGHT="26" WC="0.95" CONTENT="köping,"/><SP WIDTH="16" VPOS="1319" HPOS="819"/>
							<String ID="string_262" HPOS="835" VPOS="1319" WIDTH="58" HEIGHT="19" WC="0.95" CONTENT="samt"/>
						</TextLine>
						<TextLine ID="line_34" HPOS="265" VPOS="1347" WIDTH="627" HEIGHT="29">
							<String ID="string_263" HPOS="265" VPOS="1349" WIDTH="102" HEIGHT="20" WC="0.91" CONTENT="derifrån"/><SP WIDTH="15" VPOS="1349" HPOS="367"/>
							<String ID="string_264" HPOS="382" VPOS="1349" WIDTH="38" HEIGHT="20" WC="0.96" CONTENT="till"/><SP WIDTH="15" VPOS="1349" HPOS="420"/>
							<String ID="string_265" HPOS="435" VPOS="1345" WIDTH="47" HEIGHT="24" WC="0.96" CONTENT="Åbo"/><SP WIDTH="15" VPOS="1345" HPOS="482"/>
							<String ID="string_266" HPOS="497" VPOS="1350" WIDTH="59" HEIGHT="19" WC="0.96" CONTENT="eller"/><SP WIDTH="14" VPOS="1350" HPOS="556"/>
							<String ID="string_267" HPOS="570" VPOS="1350" WIDTH="72" HEIGHT="26" WC="0.96" CONTENT="någon"/><SP WIDTH="15" VPOS="1350" HPOS="642"/>
							<String ID="string_268" HPOS="657" VPOS="1349" WIDTH="80" HEIGHT="20" WC="0.96" CONTENT="station"/><SP WIDTH="10" VPOS="1349" HPOS="737"/>
							<String ID="string_269" HPOS="747" VPOS="1348" WIDTH="30" HEIGHT="26" WC="0.96" CONTENT="på"/><SP WIDTH="10" VPOS="1348" HPOS="777"/>
							<String ID="string_270" HPOS="787" VPOS="1347" WIDTH="105" HEIGHT="20" WC="0.96" CONTENT="bandelen"/>
						</TextLine>
						<TextLine ID="line_35" HPOS="265" VPOS="1373" WIDTH="236" HEIGHT="25">
							<String ID="string_271" HPOS="265" VPOS="1373" WIDTH="45" HEIGHT="25" WC="0.91" CONTENT="Åbo"/><SP WIDTH="8" VPOS="1373" HPOS="310"/>
							<String ID="string_272" HPOS="318" VPOS="1390" WIDTH="13" HEIGHT="3" WC="0.69" CONTENT="-"/><SP WIDTH="11" VPOS="1390" HPOS="331"/>
							<String ID="string_273" HPOS="342" VPOS="1378" WIDTH="159" HEIGHT="20" WC="0.96" CONTENT="Tammerfors."/>
						</TextLine>
					</TextBlock>
				</ComposedBlock>
				<ComposedBlock ID="cblock_6" HPOS="128" VPOS="1427" WIDTH="765" HEIGHT="57">
					<TextBlock ID="block_8" HPOS="128" VPOS="1427" WIDTH="765" HEIGHT="57">
						<TextLine ID="line_36" HPOS="197" VPOS="1427" WIDTH="696" HEIGHT="28">
							<String ID="string_274" HPOS="197" VPOS="1429" WIDTH="70" HEIGHT="20" WC="0.93" CONTENT="Denna"/><SP WIDTH="15" VPOS="1429" HPOS="267"/>
							<String ID="string_275" HPOS="282" VPOS="1430" WIDTH="47" HEIGHT="19" WC="0.92" CONTENT="linie"/><SP WIDTH="16" VPOS="1430" HPOS="329"/>
							<String ID="string_276" HPOS="345" VPOS="1430" WIDTH="36" HEIGHT="19" WC="0.96" CONTENT="har"/><SP WIDTH="15" VPOS="1430" HPOS="381"/>
							<String ID="string_277" HPOS="396" VPOS="1430" WIDTH="63" HEIGHT="19" WC="0.96" CONTENT="redan"/><SP WIDTH="17" VPOS="1430" HPOS="459"/>
							<String ID="string_278" HPOS="476" VPOS="1431" WIDTH="27" HEIGHT="24" WC="0.96" CONTENT="på"/><SP WIDTH="15" VPOS="1431" HPOS="503"/>
							<String ID="string_279" HPOS="518" VPOS="1430" WIDTH="101" HEIGHT="20" WC="0.96" CONTENT="enskildes"/><SP WIDTH="11" VPOS="1430" HPOS="619"/>
							<String ID="string_280" HPOS="630" VPOS="1430" WIDTH="111" HEIGHT="19" WC="0.93" CONTENT="bekostnad"/><SP WIDTH="10" VPOS="1430" HPOS="741"/>
							<String ID="string_281" HPOS="751" VPOS="1427" WIDTH="142" HEIGHT="21" WC="0.92" CONTENT="underkastats"/>
						</TextLine>
						<TextLine ID="line_37" HPOS="128" VPOS="1456" WIDTH="765" HEIGHT="28">
							<String ID="string_282" HPOS="128" VPOS="1457" WIDTH="71" HEIGHT="20" WC="0.93" CONTENT="okulär"/><SP WIDTH="15" VPOS="1457" HPOS="199"/>
							<String ID="string_283" HPOS="214" VPOS="1458" WIDTH="155" HEIGHT="26" WC="0.95" CONTENT="undersökning,"/><SP WIDTH="23" VPOS="1458" HPOS="369"/>
							<String ID="string_284" HPOS="392" VPOS="1458" WIDTH="83" HEIGHT="20" WC="0.96" CONTENT="hvarför"/><SP WIDTH="24" VPOS="1458" HPOS="475"/>
							<String ID="string_285" HPOS="499" VPOS="1458" WIDTH="59" HEIGHT="20" WC="0.91" CONTENT="äfven"/><SP WIDTH="16" VPOS="1458" HPOS="558"/>
							<String ID="string_286" HPOS="574" VPOS="1459" WIDTH="78" HEIGHT="19" WC="0.91" CONTENT="kartor-"/><SP WIDTH="16" VPOS="1459" HPOS="652"/>
							<String ID="string_287" HPOS="668" VPOS="1458" WIDTH="37" HEIGHT="20" WC="0.96" CONTENT="och"/><SP WIDTH="15" VPOS="1458" HPOS="705"/>
							<String ID="string_288" HPOS="720" VPOS="1456" WIDTH="173" HEIGHT="24" WC="0.96" CONTENT="kostnadsförslag"/>
						</TextLine>
					</TextBlock>
				</ComposedBlock>
				<ComposedBlock ID="cblock_7" HPOS="197" VPOS="1496" WIDTH="401" HEIGHT="24">
					<TextBlock ID="block_9" HPOS="197" VPOS="1496" WIDTH="401" HEIGHT="24">
						<TextLine ID="line_38" HPOS="197" VPOS="1496" WIDTH="401" HEIGHT="24">
							<String ID="string_289" HPOS="197" VPOS="1497" WIDTH="191" HEIGHT="23" WC="0.91" CONTENT="Jernvägsutskottets"/><SP WIDTH="13" VPOS="1497" HPOS="388"/>
							<String ID="string_290" HPOS="401" VPOS="1496" WIDTH="120" HEIGHT="19" WC="0.96" CONTENT="betänkande"/><SP WIDTH="14" VPOS="1496" HPOS="521"/>
							<String ID="string_291" HPOS="535" VPOS="1499" WIDTH="35" HEIGHT="16" WC="0.89" CONTENT="N:o"/><SP WIDTH="12" VPOS="1499" HPOS="570"/>
							<String ID="string_292" HPOS="582" VPOS="1498" WIDTH="16" HEIGHT="16" WC="0.96" CONTENT="2."/>
						</TextLine>
					</TextBlock>
				</ComposedBlock>
			</PrintSpace>
		</Page>
	</Layout>
</alto>
