1048 1731
241 121 13 20 2
444 121 209 24 Petitlonsbetänkande
669 121 34 24 N:o
715 121 20 24 6.

212 181 64 18 denna
291 182 93 24 landtdag
396 183 103 24 föredraga
511 184 57 18 dessa
580 184 96 23 allmogen
689 183 120 18 besvärande
822 183 149 18 missförhällan-

213 211 36 17 den
268 211 30 18 för
317 212 28 16 att
363 211 20 18 få
401 212 44 18 dem
458 213 116 22 aflägsnade,
586 213 62 22 vågar
658 213 35 23 jag
705 212 80 23 utbedja
798 213 40 22 mig
851 212 120 23 högvördiga

212 240 156 18 Presteständets
380 241 105 18 understöd
497 241 31 18 för
541 242 53 17 detta
606 242 45 17 mitt
662 241 172 24 petitionstörslag.

281 269 45 17 Man
343 269 74 18 känner
429 270 32 18 väl
473 270 37 17 och
522 270 68 23 klagar
602 270 44 18 med
659 270 43 17 skäl
715 269 94 23 deröfver,
822 271 29 16 att
863 270 107 23 zigenarne

211 297 44 18 med
273 297 20 18 få
311 298 104 24 undantag,
434 300 7 17 i
460 299 105 18 allmänhet
583 299 42 18 icke
643 299 48 23 vilja
702 299 47 23 foga
761 299 31 23 sig
804 299 62 18 under
878 305 24 11 en
914 299 56 17 krist-

210 326 29 23 lig
251 326 122 24 uppfostran,
386 327 87 18 hvarken
486 328 6 17 i
505 327 24 18 lif
540 329 46 16 eller
597 328 47 22 lära,
657 328 36 17 och
705 329 30 16 att
746 327 24 18 de
778 327 97 24 offentligt
883 327 50 18 lefva
943 327 27 17 uti

210 355 43 18 icke
274 355 149 20 sanktionerade
441 357 112 23 äktenskap,
572 357 82 17 sålunda
672 357 108 22 utgörande
799 357 105 22 anstötliga
921 356 49 17 före-

210 384 70 18 dömen
297 385 6 16 i
321 385 167 23 församlingarna.
518 385 67 18 Kändt
603 388 21 15 är
642 385 64 22 äfven,
719 387 29 16 att
760 385 23 17 de
796 387 33 16 äro
842 385 21 18 så
875 391 50 12 vana
937 384 33 18 vid

210 415 28 16 ett
256 413 158 23 kringflackande
433 413 27 21 lif,
478 413 127 18 förebärande
624 420 42 11 som
678 414 42 17 skäl
733 413 71 24 härtill,
816 415 29 16 att
857 414 24 17 de
893 414 76 17 tillhöra

210 442 61 17 Kains
290 443 92 22 (troligen
401 443 40 18 afse
459 443 23 18 de
495 443 78 22 Chams)
586 442 119 18 förbannade
718 443 55 22 slägt,
787 443 80 17 hvarför
879 443 32 17 det
923 448 46 12 vore

208 471 43 17 dem
265 471 88 23 omöjligt
369 473 29 16 att
409 472 90 18 nedsätta
511 472 31 23 sig
553 472 25 23 på
590 473 28 16 ett
630 471 55 18 ställe
697 471 32 18 för
741 473 28 16 att
781 472 64 17 såsom
857 473 59 16 annat
927 471 42 18 folk

210 500 45 18 med
267 500 72 24 redligt
351 501 65 17 arbete
429 501 70 17 lifnära
511 501 36 23 sig,
560 501 77 17 hvadan
650 501 55 17 deras
712 501 127 17 allmännaste
847 501 74 23 näring,
930 500 39 18 för-

209 531 54 15 utom
282 530 76 22 vanligt
376 530 243 22 kastrerings-handtverk,
638 532 22 15 är
674 530 48 22 lätja
735 530 36 17 och
783 530 71 23 tiggeri
867 531 55 22 samt,
935 530 34 17 der

208 558 50 18 intet
275 558 105 24 godvilligt
397 558 64 24 gifves
479 559 48 23 dem,
546 559 54 17 stöld.
631 559 10 17 I
659 558 105 24 synnerhet
783 558 142 22 sommartiden,
945 558 24 18 då

209 587 60 23 öfrigt
281 587 41 17 folk
335 587 86 18 befinner
433 588 31 22 sig
475 588 24 22 på
511 587 87 18 utarbete
616 587 41 18 ofta
669 588 55 23 långt
737 587 42 18 från
791 587 85 18 hemmet
889 587 36 18 och
937 593 32 12 en-

209 616 44 18 dast
265 616 65 23 någon
342 616 63 24 åldrig
417 622 71 18 person
500 616 47 18 eller
558 616 108 18 värdinnan
679 616 44 18 med
736 616 71 18 barnen
815 616 63 18 finnes
886 616 81 22 hemma,

208 645 83 17 likasom
304 645 37 17 ock
352 646 7 16 i
371 645 72 18 afsides
456 645 36 17 och
505 645 71 23 ensligt
602 646 69 22 belägna
683 645 71 23 gårdar
766 645 36 17 och
815 646 43 22 torp
871 647 33 15 äro
917 645 50 23 zige-

208 680 60 12 narne
287 680 23 12 en
329 674 78 23 verklig
424 674 48 22 fasa,
487 676 22 21 ty
521 674 33 18 vid
566 674 72 18 sådana
651 674 90 18 tillfällen
753 675 46 22 taga
811 674 23 18 de
846 674 52 18 såväl
912 674 55 18 kvar-

208 705 30 16 ter
256 710 42 12 som
316 703 43 18 fritt
376 704 102 23 uppehälle
495 704 49 17 både
556 703 30 18 för
599 704 31 22 sig
642 704 70 22 sjelfva
725 703 36 18 och
774 704 42 16 sina
828 703 83 21 kreatur,
924 703 43 18 dem

208 732 23 18 de
250 732 55 24 släpa
322 732 45 18 med
385 733 36 23 sig,
440 732 37 18 och
495 732 24 18 då
532 732 32 18 det
576 732 22 18 så
610 732 57 18 faller
679 732 31 23 sig
722 732 70 23 lägligt
804 732 86 17 bortföra
903 732 23 17 de
938 732 30 17 till

208 761 35 17 och
262 762 45 17 med
324 761 33 18 vid
375 762 30 17 sin
423 760 62 19 affärd
498 761 82 23 gårdens
593 761 148 23 tillhörigheter.
765 761 203 23 Anmärkningsvärdt

208 792 21 15 är
241 790 66 22 likväl,
320 792 29 15 att
361 790 103 23 zigenaren
477 791 71 22 ytterst
560 792 61 15 sällan
634 790 45 22 stjäl
694 790 2 17 i
711 790 29 17 sin
753 790 122 18 hemsocken.

276 818 155 24 Zigenarfrägan
455 821 22 15 är
501 818 144 24 otvifvelaktigt
669 824 23 12 en
712 819 20 17 af
753 818 23 18 de
796 820 50 16 mest
868 818 95 18 svärlösta

207 847 59 18 Detta
283 847 60 18 hafva
361 847 124 23 lagstiftarne
500 848 91 22 nogsamt
603 847 37 17 fätt
653 847 67 22 erfara,
733 848 7 16 i
753 847 32 17 det
797 847 23 18 de
832 847 61 18 under
905 847 62 17 skilda

207 876 50 18 tider
281 876 84 23 vidtagit
388 876 51 18 olika
463 876 119 23 stadganden
608 876 81 18 rörande
709 876 114 22 zigenarnes
846 876 121 22 behandling.

207 905 70 18 Denna
295 905 56 23 fräga
363 907 22 15 är
397 905 55 17 desto
466 905 79 17 svärare
558 906 28 16 att
599 904 73 24 afgöra,
685 910 42 12 som
739 905 102 17 tidsandan
853 905 73 17 kanske
938 904 29 18 till

207 934 35 18 och
262 934 44 19 med
325 934 30 18 för
373 934 79 23 mycket
469 934 95 17 förfäktar
596 940 24 12 den
637 934 112 23 personliga
768 934 89 21 friheten,
874 933 93 18 ehuruväl

206 963 76 18 skiluad
301 963 59 18 borde
378 965 57 21 göras
447 963 71 18 mellan
531 963 109 23 lagbunden
653 962 60 19 frihet
725 963 36 17 och
774 963 62 23 laglös
849 962 60 18 frihet
921 962 46 18 eller

206 992 105 23 sjelfsväld,
333 992 36 17 och
385 992 80 18 emedan
481 992 36 17 den
531 992 51 23 äsigt
594 992 22 17 sä
628 991 38 18 fast
678 992 36 17 har
725 992 73 17 inrotat
809 992 31 23 sig
852 992 36 17 hos
900 991 66 22 folket,

206 1023 28 15 att
252 1027 46 12 man
310 1021 43 18 icke
364 1022 39 16 kan
415 1021 66 17 fordra
493 1021 61 22 nägot
566 1021 85 22 verkligt
663 1020 66 19 arbete
742 1020 21 18 af
774 1026 23 12 en
810 1021 95 22 zigenare,
918 1020 48 18 hvil-

206 1050 37 17 ken
261 1056 52 15 man,
331 1049 98 24 troligtvis
447 1049 22 18 af
484 1049 70 22 rädsla,
569 1049 43 18 icke
629 1049 60 24 vägar
701 1049 51 18 neka
764 1055 23 12 en
799 1049 86 23 allmosa,
898 1055 31 12 om
941 1051 25 16 än

205 1078 39 18 han
265 1079 30 17 till
313 1079 42 17 sina
373 1077 148 24 kroppskrafter
539 1084 47 12 vore
605 1084 23 12 en
646 1078 119 23 fullkomligt
777 1077 96 19 arbetsför
890 1083 75 18 person.

205 1107 30 18 Dä
247 1107 46 22 han,
306 1107 63 18 säsom
382 1107 76 23 vanligt
469 1109 27 18 är,
509 1107 83 18 infinner
604 1107 31 23 sig
647 1107 44 18 med
703 1107 61 23 familj
779 1107 36 18 och
827 1107 49 22 häst,
884 1107 82 23 undfäg-

204 1142 35 12 nas
260 1137 45 18 hela
321 1136 72 23 hopen,
412 1136 101 18 hvaremot
531 1135 22 18 af
568 1136 69 23 hvarje
655 1142 69 16 annan,
743 1135 58 18 äfven
817 1136 36 18 den
866 1135 99 24 fattigaste

204 1165 107 18 arbetsföre
329 1165 128 24 medborgare
475 1165 82 22 fordras,
576 1166 28 16 att
620 1165 39 17 han
671 1171 72 17 genom
755 1165 72 23 redligt
839 1165 65 18 arbete
917 1165 49 18 skall

204 1195 70 17 lifnära
286 1195 31 22 sig
330 1194 37 18 och
379 1194 30 17 sin
422 1193 68 24 familj,
503 1193 37 18 och
552 1199 62 17 anses,
626 1200 32 11 om
670 1194 38 17 han
721 1193 92 24 päträffas
821 1194 99 23 tiggande,
929 1194 36 18 slik

204 1223 99 24 egenskap
320 1223 37 18 hos
375 1223 72 18 honom
465 1223 65 22 sädan,
549 1224 29 16 att
593 1223 39 17 han
644 1223 31 17 för
688 1223 45 18 dess
742 1223 51 18 skull
805 1223 30 17 till
847 1223 30 17 sin
890 1223 75 18 hemort

203 1253 105 23 förpassas.
333 1253 36 17 Om
388 1258 63 12 annan
470 1251 128 24 medborgare
616 1251 97 24 offentligt
728 1251 62 19 lefver
802 1252 6 17 i
821 1252 66 22 ,,civilt
899 1252 66 18 äkten-

204 1282 65 23 skap",
281 1284 22 15 är
314 1281 40 18 han
366 1282 55 17 snart
433 1287 40 17 nog
485 1281 61 18 under
557 1281 133 23 kyrkotukten
703 1281 114 22 hemfallen;
832 1287 45 12 men
889 1281 76 23 zigena-

202 1316 41 17 ren,
262 1317 44 11 som
323 1310 61 18 oftast
399 1310 62 18 lefver
473 1310 7 17 i
493 1309 58 22 civilt,
562 1310 22 23 ja
595 1310 30 17 till
638 1310 36 18 och
687 1310 44 17 med
743 1310 6 17 i
762 1309 203 24 mormonäktenskap,

202 1339 31 18 får
250 1339 55 18 lefva
322 1339 117 22 oantastadt,
456 1339 80 18 emedan
549 1345 45 11 man
608 1339 31 18 för
650 1339 49 18 hans
712 1338 158 23 kringflackande
882 1338 83 18 letnads-

202 1370 49 17 sätts
270 1368 50 18 skull
338 1368 43 18 icke
399 1368 38 18 kan
457 1367 20 19 fä
497 1367 73 19 honom
582 1367 52 19 stäld
645 1367 62 19 under
719 1367 107 24 kyrkotukt
838 1367 47 18 eller
897 1367 35 18 ock
945 1367 21 18 af

202 1398 33 17 det
252 1398 49 23 skäl,
315 1408 21 2 —
348 1396 75 19 hvilket
439 1397 36 23 jag
492 1398 41 17 tror
550 1402 48 13 vara
615 1393 85 22 särdeles
713 1396 42 18 ofta
766 1396 163 22 förekommande,
943 1407 21 3 —

201 1428 29 16 att
247 1426 99 24 nämligen
364 1425 47 19 flere
429 1425 22 19 af
469 1426 44 18 dem
530 1426 43 18 icke
589 1427 34 17 äro
635 1424 96 19 inskrifna
742 1425 7 17 i
761 1425 65 23 någon
839 1425 125 23 församlings

200 1456 142 23 kyrkoböcker.

271 1490 103 19 Allmänna
387 1490 181 18 Besvärsutskottets
581 1490 116 18 betänkande
710 1489 38 18 N:o
760 1490 17 18 4.
