1048 1731
297 121 222 24 Petitionsbetänkande
536 123 34 22 N:o
586 121 20 24 2.
779 122 26 21 35

218 185 50 26 ving
280 185 29 26 af
320 185 92 27 Kajana
427 185 34 27 elf
465 186 46 26 för
517 186 69 19 större
596 185 115 26 farkoster,
721 186 28 19 än
757 185 38 20 ock
802 192 34 13 om

218 219 135 26 uppgörande
366 219 33 26 på
411 219 78 26 grund
501 220 31 26 af
543 219 80 20 teknisk
638 218 159 29 undersökning
810 220 31 26 af

216 252 187 28 kostnadsförslag
426 253 35 20 till
481 253 59 20 detta
556 255 97 25 företag,
675 253 26 20 så
725 256 32 17 att
773 249 63 24 Stän-

216 287 66 20 derna
297 287 68 27 blefve
380 287 9 21 i
401 287 88 27 tillfälle
504 290 34 18 att
552 288 70 19 uttala
636 287 31 26 sig
684 294 33 13 om
732 285 103 22 kanalise-

220 321 147 27 ringsarbetets
377 322 121 27 utförande.

145 600 13 21 I
172 601 234 27 petitionsmemorialet.
421 602 97 26 antydes,
528 603 32 19 att
576 608 25 14 en
616 601 50 27 plan
682 600 101 22 förevarit
798 606 35 15 re-

78 635 41 21 dan
144 636 52 20 1842
220 637 32 20 att
267 636 151 27 genomgräfva
433 638 63 19 näset
510 636 37 21 vid
561 635 110 22 Bromarfs
685 636 68 26 kyrka
768 635 7 21 i
791 634 41 22 och

80 669 33 21 för
127 670 199 28 kanalanläggning.
342 670 42 21 Vid
399 670 79 21 nämda
493 670 101 26 tidpunkt
604 668 227 29 uppgjordes
736 664 10 38 i
755 668 76 29 sjelfva

77 704 75 21 verket
172 706 30 19 ett
217 704 80 28 förslag
312 704 33 21 för
360 705 112 26 öppnande
486 704 24 21 af
523 710 27 15 en
566 704 118 21 inomskärs
700 704 69 21 farled
784 703 48 21 från

78 738 134 27 Helsingfors
226 738 34 22 till
274 733 47 27 Åbo
336 738 115 22 förmedels
467 739 134 27 anläggande
616 738 23 21 af
652 738 88 21 kanaler
755 744 77 21 genom

78 772 108 22 Porkkala
207 772 72 22 landet
301 773 39 21 och
361 773 72 21 Obnäs
457 773 7 21 i
479 773 114 27 Kyrkslätt
609 773 77 21 socken
701 774 57 20 samt
773 774 59 19 tvärs

77 812 77 21 genom
168 807 75 27 Hangö
260 807 71 21 landet
346 808 35 20 vid
396 808 99 26 Lappvik
509 807 65 21 hamn
590 807 40 21 och
645 807 100 27 slutligen
754 812 77 22 genom

76 840 110 22 Bromarfs
200 842 45 20 näs.

147 875 64 21 Detta
233 876 144 26 kanalsystem
399 876 70 20 skulle
484 876 86 20 ansluta
585 875 32 21 till
634 875 39 21 den
688 875 92 27 tidigare
795 874 37 21 be-

76 909 72 21 slutna
170 909 38 21 och
231 909 61 21 äfven
315 910 65 21 sedan
401 910 90 21 utförda
513 910 108 21 Strömma
644 909 63 21 kanal
725 909 8 21 i
748 908 83 21 Kimito

76 944 78 21 socken
176 943 39 22 och
237 944 70 21 tillåta
322 944 107 21 farkoster
444 946 34 19 att
493 950 89 21 passera
596 944 49 21 hela
660 943 108 22 afståndet
783 943 48 20 från

75 977 135 28 Helsingfors
225 978 34 21 till
273 973 47 26 Åbo
336 979 7 20 i
359 979 64 20 smult
437 980 82 20 vatten.
536 979 33 20 De
584 978 33 21 för
632 978 105 27 företaget
753 977 79 21 beräk-

74 1013 55 20 nade
144 1013 143 20 kostnaderna
302 1014 59 26 stego
377 1013 54 20 dock
447 1013 35 21 till
497 1013 24 21 så
536 1013 57 26 höga
607 1013 82 26 belopp,
704 1011 127 28 uppgående

74 1047 33 20 till
123 1047 80 20 inemot
218 1047 35 21 nio
269 1047 106 21 millioner
389 1047 68 26 mark,
475 1049 32 19 att
523 1047 119 21 detsamma
655 1047 72 20 visade
742 1046 33 27 sig
783 1048 48 19 out-

74 1081 88 21 förbart.
193 1081 46 20 Den
254 1081 33 21 för
301 1081 110 22 Bromarfs
425 1081 66 21 kanal
507 1081 123 21 beräknade
644 1081 119 21 kostnaden
783 1081 48 26 steg

73 1115 35 21 till
124 1115 76 26 37,495
219 1115 76 21 Rubel.

144 1149 82 27 Nyttan
241 1149 24 21 af
279 1156 25 14 en
320 1150 66 21 sädan
401 1151 66 20 kanal
483 1151 7 20 i
506 1151 132 20 närvarande
654 1150 30 21 tid
694 1150 37 21 vill
747 1149 85 21 utskot-

73 1185 32 19 tet
119 1183 48 21 icke
181 1183 100 27 bestrida,
298 1184 27 21 dä
340 1185 107 26 seglatsen
463 1185 81 21 mellan
559 1185 26 21 de
600 1186 63 25 orter,
679 1190 44 15 som
734 1183 59 27 ligga
802 1182 29 27 pä

73 1217 106 22 hvardera
201 1217 60 22 sidan
283 1218 23 21 af
322 1220 67 25 näset,
405 1219 7 20 i
428 1219 44 27 hög
488 1219 54 27 grad
558 1219 68 21 skulle
641 1218 133 21 underlättas
790 1217 40 20 och

71 1254 68 25 vägen
156 1252 106 21 förkortas
277 1259 76 21 genom
368 1253 100 21 kanalen.

140 1287 10 20 I
173 1287 43 20 alla
234 1287 113 21 händelser
361 1289 25 19 är
401 1288 55 21 dock
473 1288 48 21 dess
537 1287 110 28 betydelse
662 1286 24 21 af
701 1286 82 28 ganska
798 1285 34 21 in-

71 1321 91 21 skränkt
176 1321 57 20 lokal
248 1323 69 25 natur,
333 1321 40 22 och
387 1322 40 21 har
443 1322 38 21 det
497 1323 59 26 synts
571 1322 106 21 utskottet
690 1320 140 27 sakenligast,

71 1357 32 19 att
118 1355 158 22 vederbörande
290 1356 127 21 kommuner
432 1356 41 22 och
489 1358 64 25 orter,
569 1356 73 22 hvilka
656 1355 64 22 hafva
737 1355 92 21 intresse

70 1389 69 27 häraf,
154 1390 69 20 vända
238 1390 33 27 sig
285 1390 84 22 direkte
383 1390 34 22 till
433 1391 108 27 styrelsen
555 1391 49 21 med
620 1390 106 26 anhällan,
743 1391 33 19 att
787 1389 41 21 den

69 1424 69 21 mätte
152 1426 50 25 taga
216 1424 171 28 kanalföretaget
402 1425 69 21 under
486 1425 107 27 pröfning.

138 1458 187 22 Jernvägsutskottets
338 1458 117 18 betänkande
467 1459 38 17 N:o
519 1459 17 17 3.
