1048 1731
223 139 14 21 4
409 139 239 24 Motionsbetänkande
664 140 38 23 N:o
717 140 22 24 9.

332 204 92 19 träffande
437 205 83 18 konkurs
534 205 47 18 eller
593 205 176 24 tvängsförsäljning
782 206 20 19 af
810 207 84 24 jernväg.
917 208 38 18 Det

333 233 34 18 bör
379 233 75 18 derföre
467 239 56 13 anses
536 240 39 12 som
588 239 24 14 en
624 234 61 19 fördel
699 235 20 18 sä
731 235 30 18 väl
773 235 29 18 för
815 236 139 23 obligationsin-

333 261 102 19 nehafvare
452 268 39 13 som
504 263 29 18 för
544 263 92 23 köparen,
649 269 29 12 om
688 264 103 23 jernvägen
804 265 37 17 kan
854 265 57 22 säljas
923 265 30 18 sä-

331 290 64 23 lunda,
407 293 29 16 att
449 291 167 23 obligationslänet
627 292 68 19 blifver
707 292 135 19 beständande.

195 319 10 23 $
218 320 10 16 8
242 321 21 16 är
275 324 23 13 en
311 319 20 19 af
343 320 37 23 mig
393 320 66 23 tillagd
473 321 10 23 $
495 321 133 18 innehållande
637 321 118 19 föreskrifter
763 327 29 13 om
801 322 112 23 kungörelse
922 327 31 13 an-

332 349 72 24 gående
422 349 144 24 inställelsedäg
582 351 7 17 i
602 351 88 23 jernvägs
708 351 83 18 konkurs
804 353 48 16 samt
864 357 29 13 om
905 351 46 18 kon-

331 378 156 24 kursförsäljning
500 379 19 18 af
528 379 84 24 jernväg.

193 406 11 23 $
216 407 9 17 9
239 408 21 17 är
273 411 23 14 en
309 407 21 18 af
345 407 43 23 mig,
407 407 48 18 efter
473 410 91 17 mönstret
579 408 21 19 af
615 408 37 19 den
664 409 81 18 svenska
756 409 55 23 lagen
825 415 29 12 om
867 408 84 19 enskilda

329 435 106 24 jernvägar,
448 436 67 24 tillagd
528 437 16 23 $,
557 443 40 12 som
610 437 50 19 afser
673 440 27 16 att
712 437 115 19 förekomma
839 438 29 18 för
875 438 75 18 allmän-

331 465 57 18 heten
406 465 81 24 menliga
505 465 73 19 afbrott
596 466 6 18 i
618 466 169 24 jernvägstrafiken
799 467 7 17 i
818 467 101 23 anledning
931 467 20 18 af

330 494 103 23 utmätning
446 494 47 18 eller
505 495 89 18 konkurs.

192 522 22 23 $$
228 524 20 16 10
261 523 35 18 och
311 525 18 15 11
344 525 32 17 äro
389 524 119 22 likalydande
521 524 43 18 med
576 524 22 24 $$
610 525 11 17 8
635 524 34 18 och
682 526 9 16 9
704 525 6 17 i
723 524 36 18 den
772 530 17 12 n.
801 530 52 18 prop.
866 524 29 18 till
905 526 43 16 1877

329 552 30 18 års
372 552 96 24 landtdag,
481 553 48 18 dock
541 553 41 18 med
595 558 23 13 en
631 553 46 18 liten
691 553 150 23 omformulering
854 553 20 19 af
885 553 10 23 &
909 555 21 16 10
943 554 6 18 i

329 581 84 23 enlighet
419 582 42 18 med
470 582 35 18 den
514 582 102 24 stilisering
624 584 43 16 1877
676 583 30 18 ärs
715 582 77 19 ständer
800 582 54 23 gäfvo
863 582 61 18 denna
933 583 16 23 $.

344 674 135 28 Förordning
495 682 32 14 om
542 675 119 28 inteckning
677 676 7 21 i
693 676 98 28 jernväg.

549 733 39 20 81.

256 768 29 22 Är
302 772 113 18 koncession
432 771 11 19 å
455 772 211 24 jernvägsanläggning
677 772 86 23 beviljad
775 772 102 24 menighet,
889 772 58 24 bolag

186 801 47 19 eller
250 800 76 19 enskild
343 806 70 18 person
429 800 36 18 och
481 800 34 18 har
529 800 125 24 jordomräde
668 801 28 18 till
710 801 114 22 densamma,
837 801 60 23 enligt
909 802 37 18 för-

186 830 105 24 ordningen
303 829 22 19 af
335 830 36 18 den
385 831 21 15 12
418 829 106 19 December
537 830 45 16 1864
593 828 99 25 angående
705 830 143 23 expropriation
860 830 19 18 af
892 830 53 18 mark

184 860 32 18 för
233 859 80 18 allmänt
329 858 64 23 behof,
407 858 65 18 blifvit
483 858 85 23 lagligen
581 858 93 24 afskiljdt,
687 863 47 13 vare
746 858 110 24 inteckning
868 858 6 18 i
886 858 59 19 sådan

185 888 116 23 anläggning
319 887 61 19 under
396 885 142 20 nedanstäende
554 886 66 19 vilkor
634 886 74 19 tilläten
721 887 29 18 till
763 887 90 18 säkerhet
865 886 30 19 för
907 887 36 19 for-

186 918 47 18 dran
245 917 6 18 i
263 916 104 24 penningar
380 916 47 18 eller
438 921 58 13 varor
508 916 29 17 till
550 916 48 18 visst
610 916 76 23 belopp,
698 916 69 18 hvilka
774 915 115 19 försträckts
897 916 47 18 eller

184 947 76 18 komma
279 947 29 17 att
326 945 117 18 försträckas
460 945 116 24 jernvägens
596 950 57 18 egare
669 945 28 18 till
714 945 73 23 vägens
804 945 139 23 fullbordando,

182 975 101 19 underhäll
295 975 46 18 eller
353 973 130 24 begagnande,
495 972 22 20 sä
530 973 36 18 ock
578 974 31 18 för
621 979 61 13 annan
694 973 52 24 gäld,
759 979 40 13 som
811 974 22 17 af
836 974 106 23 jernvägen

182 1004 120 19 omedelbart
314 1004 73 17 härrör.
412 1003 33 18 Om
458 1003 110 23 inteckning
580 1003 6 17 i
595 1003 89 23 jernväg,
697 1008 41 13 som
751 1003 59 18 redan
822 1002 119 23 fullbordats,

181 1039 47 13 vare
241 1033 32 23 lag
286 1037 76 14 samma.

249 1061 114 24 Inteckning
375 1061 6 18 i
391 1061 84 24 jernväg
486 1060 75 18 medför
572 1060 100 19 enahanda
684 1061 54 22 pant-
751 1059 36 19 och
799 1059 124 20 förmänsrätt
935 1061 5 18 i

178 1090 181 25 jernvägsomrädet
375 1090 43 18 med
435 1089 45 19 derä
491 1089 99 24 befintliga
602 1089 114 23 byggnader
729 1089 35 18 och
777 1088 62 23 öfriga
851 1089 50 18 fasta
913 1089 26 18 in-

179 1120 112 23 rättningar,
304 1119 99 19 äfvensom
416 1119 24 18 de
453 1118 28 18 till
491 1119 108 22 jernvägen
611 1118 85 18 hörande
708 1117 107 18 lokomotiv
823 1117 36 18 och
867 1123 73 18 vagnar

180 1151 49 17 samt
245 1154 61 13 annan
324 1148 29 19 för
370 1147 82 18 trafiken
468 1147 100 18 anskaffad
580 1147 61 23 rörlig
653 1147 92 22 materiel,
759 1152 40 13 som
812 1146 109 24 inteckning
933 1147 6 18 i

179 1179 38 18 fast
233 1178 92 23 egendom
339 1177 59 23 enligt
409 1177 69 17 allmän
491 1176 36 23 lag.
552 1175 214 24 Jernvägsanläggning
778 1175 43 18 med
834 1175 51 18 hvad
898 1176 40 18 der-

178 1207 28 18 till
221 1207 56 18 hörer
289 1205 30 20 mä
332 1206 17 23 ej
363 1205 66 22 delvis,
442 1207 45 16 utan
500 1205 68 18 endast
580 1205 5 17 i
599 1205 45 18 dess
656 1205 65 18 helhet
733 1203 104 20 intecknas.

537 1264 9 20 $
560 1264 16 16 2.

244 1305 114 22 Inteckning
376 1305 5 17 i
397 1304 82 23 jernväg
496 1303 58 19 sökes
571 1303 34 18 vid
622 1303 145 18 underdomstol
783 1302 6 18 i
805 1302 36 19 den
855 1304 35 20 ort,
903 1303 33 17 der

172 1335 117 22 jernvägens
307 1333 82 24 styrelse
407 1333 59 23 enligt
483 1333 35 18 den
535 1332 29 19 för
580 1332 116 23 anläggning
709 1331 54 19 deraf
775 1331 101 18 utfärdade
888 1331 47 18 kon-

174 1363 73 19 eession
267 1363 47 17 eller
332 1361 92 20 särskildt
442 1361 107 24 stadgande
568 1361 34 18 har
620 1361 34 19 sitt
670 1362 52 21 säte;
740 1359 36 19 och
788 1359 37 19 bör
837 1359 98 19 sökanden

170 1392 60 23 jemte
243 1392 86 23 skriftlig
341 1390 107 24 ansökning
459 1390 36 18 och
508 1390 37 18 den
557 1390 96 24 handling,
665 1389 26 24 pä
703 1389 62 24 grund
779 1388 70 19 hvaraf
860 1388 64 18 intook

172 1422 45 22 ning
229 1420 78 23 önskas,
319 1420 29 18 till
361 1420 107 18 domstolen
480 1419 89 18 inlemna:

241 1452 28 16 1:0
281 1449 105 19 resolution
398 1448 12 19 å
421 1448 85 24 beviljad
522 1448 114 18 koncession
648 1448 31 18 för
688 1446 245 25 jernvägsanläggningen;

239 1484 142 25 Lagutskottets
394 1482 114 19 betänkande
522 1483 36 17 N:o
571 1483 27 19 18,

868 1398 66 8 ntock-
