1048 1731
297 123 240 23 Petitionsbetänkande
553 124 35 22 N:o
606 124 21 22 2.
799 125 25 20 11

95 194 44 13 man
155 187 63 20 förstå
233 188 38 19 den
286 187 171 20 förtröstansfulla
472 187 182 24 tillfredsställelse,
670 193 41 14 som
726 189 128 24 petitionen
845 183 14 34 i

96 217 90 23 Ladogas
207 216 122 19 vidsträckta
344 217 78 22 omnejd
438 216 138 23 framkallade,
597 217 37 18 och
650 217 23 19 de
690 217 163 26 förhoppningar,

96 246 44 19 med
155 245 65 19 hvilka
236 245 24 18 de
276 244 21 19 af
311 245 116 23 regeringen
443 245 38 19 och
497 245 21 19 af
533 245 106 19 Kexholms
654 246 44 19 stad
709 245 144 20 föranstaltade

96 274 196 23 undersökningarna
307 273 22 18 af
342 273 142 24 befolkningen
500 273 80 24 följdes.

165 303 30 18 Då
210 308 25 13 nu
251 302 110 19 emellertid
377 302 37 19 den
431 301 20 20 af
467 303 112 18 Ständerna
594 303 87 22 begärda
697 303 72 23 nådiga
779 309 74 18 propo-

96 331 84 20 sitionen
196 331 98 19 uteblifvit
309 331 37 18 och
362 331 43 18 icke
421 331 65 18 heller
501 331 57 18 torde
575 331 32 19 vid
623 331 64 19 denna
702 331 95 24 landtdag
809 332 44 18 dem

96 360 118 23 föreläggas,
235 359 36 19 har
289 359 33 24 jag
337 361 66 16 ansett
418 359 39 24 mig
472 359 45 20 icke
533 359 67 19 kunna
616 360 104 19 underlåta
735 362 30 17 att
780 360 73 19 beröra

96 389 66 19 denna
176 388 171 24 maktpåliggande
363 387 56 24 fråga
435 389 51 18 samt
501 391 31 16 att
547 388 101 19 vördsamt
662 389 80 18 arhålla
758 394 30 13 om
803 388 50 19 Bor-

96 417 135 24 gareståndets
254 416 119 19 medverkan
396 416 31 19 för
451 417 46 19 dess
520 417 84 25 lösning,
629 417 36 19 och
689 417 34 19 det
738 417 22 19 så
775 417 78 24 mycket

95 446 62 18 hellre
173 451 47 20 som,
237 445 60 23 enligt
312 445 50 18 hvad
378 445 84 22 tidigare
479 445 22 19 af
515 445 112 19 Ständerna
642 446 89 25 uttalats,
748 451 22 13 en
787 446 31 19 del
833 445 22 20 af

96 474 106 19 omordade
218 473 222 24 kanaliseringsföretag
456 476 23 17 är
495 476 29 17 att
540 479 57 14 anses
614 474 63 19 såsom
694 477 29 16 ett
731 475 121 22 nödvändigt

96 503 122 24 supplement
233 503 30 19 till
279 503 36 19 den
331 502 98 19 Karelska
439 503 116 23 jernvägen,
570 508 31 14 om
612 503 58 19 hvars
680 503 103 24 byggande
795 503 57 19 Stän-

96 532 62 19 derna
173 532 32 18 vid
222 532 63 18 denna
299 531 95 23 landtdag
409 532 58 18 torde
483 531 62 19 blifva
560 532 6 18 i
582 532 78 19 tillfälle
675 534 30 17 att
721 532 82 19 besluta.

163 566 66 20 Under
252 566 140 23 förutsättning
415 568 29 16 att
463 566 87 19 berörda
563 566 83 24 jernväg
660 566 76 19 komme
752 568 29 17 att
796 566 55 19 ledas

95 600 70 18 genom
187 594 80 20 Jääskis
290 594 83 20 sockens
397 594 99 26 kyrkoby,
515 594 41 22 har
579 595 64 19 denna
658 595 25 23 by
698 596 62 23 gjorts
777 595 29 19 till
822 596 30 17 ut-

95 623 125 25 gångspunkt
235 623 30 19 för
281 623 171 23 undersökningen
471 629 30 13 om
517 624 127 23 möjligheten
660 623 21 19 af
693 624 37 18 och
741 624 110 18 kostnaden

95 652 31 18 för
149 652 149 24 ifrågavarande
322 652 185 23 kanalanläggning,
529 652 79 18 hvilken
624 652 147 23 undersökning
785 652 67 19 härin-

95 680 41 20 tills
159 681 106 19 verkstälts
288 680 122 19 beträffande
435 681 161 23 kanaliseringen
620 680 20 19 af
658 680 101 20 Wuoksen
775 680 76 19 flodens

95 710 60 18 nedre
171 710 46 24 lopp
234 710 6 18 i
256 710 23 18 de
295 709 50 19 båda
361 714 78 18 grenar,
456 715 70 17 genom
542 709 66 19 hvilka
624 710 37 18 den
677 712 104 21 utmynnar
796 709 6 19 i
813 709 38 19 La-

94 738 58 23 doga,
168 738 36 19 och
221 738 79 25 utvisar,
324 737 61 24 enligt
400 737 87 20 officiela
503 738 149 23 meddelanden,
669 738 33 19 det
717 738 69 19 dervid
802 744 49 18 upp-

94 767 71 23 gjorda
180 766 199 24 kostnadsförslaget,
395 769 30 16 att
441 766 113 20 Wuoksens
570 766 134 24 kanalisering
719 767 30 19 till
765 769 28 16 ett
804 766 47 24 djup

94 794 22 20 af
138 794 12 20 9
170 794 30 20 fot
214 795 6 18 i
236 795 36 19 den
289 800 59 14 norra
363 800 74 18 grenen
453 795 44 19 från
515 796 61 23 sagda
592 796 83 18 sockens
690 796 63 23 kyrka
768 795 31 19 till
814 795 38 19 La-

94 824 52 23 doga
168 823 52 19 förbi
242 824 105 18 Kexholms
372 824 43 18 stad
439 824 109 18 beräknats
571 824 91 23 medtaga
683 830 24 12 en
729 824 86 19 kostnad
831 822 22 20 af

95 851 112 26 1,738,932
230 852 61 23 mark,
315 855 49 17 samt
387 858 23 13 en
427 852 181 24 kanalanläggning
628 853 6 18 i
650 853 37 18 den
703 853 59 19 södra
777 858 74 18 grenen

93 880 43 20 från
153 886 72 14 samma
239 881 63 23 kyrka
318 886 69 18 genom
403 881 106 19 Kiviniemi
526 883 67 23 ström,
610 882 85 18 Suvanto
711 881 30 24 sjö
757 881 37 19 och
805 881 48 19 Tai-

92 910 46 23 pale
154 909 28 19 elf
195 910 29 18 till
240 910 81 22 Ladoga
336 910 5 18 i
357 910 124 23 Metsäpirtti
497 910 67 24 kapell
580 910 54 18 invid
649 910 66 24 Ryska
726 912 85 22 gränsen
826 915 24 13 en

93 938 86 19 kostnad
195 938 21 19 af
230 937 112 25 1,152,494
358 938 61 20 mark.

162 973 93 18 Deremot
277 972 64 24 hafva,
365 973 38 23 mig
426 974 117 24 veterligen,
563 973 143 19 förberedande
722 973 93 23 ätgärder
831 971 21 20 af

92 1001 75 24 antydd
182 1001 135 19 beskaffenhet
331 1002 85 18 rörande
433 1007 24 13 en
474 1002 179 23 kanalanläggning
669 1001 43 19 frän
727 1001 80 19 Jääskis
819 1001 32 18 till

92 1029 84 24 Wiborg
198 1030 43 19 icke
265 1030 58 19 skett.
354 1030 46 19 Men
417 1030 63 19 ehuru
496 1031 40 22 det,
553 1031 25 23 pä
594 1031 62 22 grund
672 1030 20 19 af
706 1030 51 19 hvad
773 1030 31 19 vid
821 1035 30 13 se-

92 1061 57 16 naste
165 1059 94 23 landtdag
274 1059 6 18 i
297 1059 59 18 saken
373 1059 127 26 framhällits,
517 1061 23 16 är
554 1062 30 16 att
600 1061 88 21 antagas,
704 1059 33 18 det
753 1064 23 13 en
789 1058 61 19 sädan

92 1087 179 24 kanalanläggning
293 1087 39 19 kan
355 1090 48 16 utan
424 1087 130 20 öfverhöfvan
570 1087 52 24 höga
637 1087 107 19 kostnader
759 1087 91 24 inrättas,

92 1115 54 19 lärer
168 1116 43 18 med
235 1116 116 25 densamma,
375 1116 22 19 sä
419 1116 62 23 vigtig
501 1117 37 18 den
554 1119 25 16 än
596 1122 52 19 vore,
665 1116 57 25 dock,
738 1115 51 19 intill
805 1115 44 19 dess

92 1146 91 17 närmare
206 1145 105 23 utredning
333 1145 120 18 härutinnan
470 1145 70 18 hunnit
555 1144 133 23 införskaffas,
704 1145 67 18 kunna
786 1143 64 24 anstä,

92 1175 49 16 enär
164 1178 23 13 en
210 1173 87 23 segelled
320 1173 43 19 frän
387 1173 84 24 Ladoga
494 1174 29 18 till
546 1173 80 20 Jääskis
642 1173 48 19 eller
705 1173 64 24 nägon
785 1177 66 14 annan

91 1201 64 24 punkt
170 1201 12 19 ä
197 1201 36 20 den
250 1202 98 19 Karelska
364 1202 65 19 banan
446 1203 57 18 torde
520 1202 50 19 böra
586 1207 56 14 anses
658 1201 143 20 tillfredsställa
817 1201 34 18 det

91 1229 64 20 första
180 1231 36 18 och
239 1233 50 16 mest
310 1231 110 23 trängande
444 1230 95 19 behofvet
562 1230 22 19 af
605 1231 191 18 kommunikationer
819 1229 31 19 för

90 1257 137 24 ifrägakomna
243 1259 95 20 landsort.

160 1287 37 19 Vid
220 1288 70 19 sädant
313 1287 124 20 förhällande
460 1288 65 19 skulle
548 1287 221 24 kanaliseringsarbetet
787 1287 5 18 i
809 1287 37 18 den

91 1317 100 18 närmaste
213 1316 104 19 framtiden
341 1317 78 18 komma
439 1318 31 17 att
486 1317 84 19 omfatta
586 1317 70 19 endast
670 1315 180 21 Wuoksenflodens

90 1344 62 19 nedre
176 1345 52 24 lopp.
260 1345 75 19 Härvid
357 1345 83 24 uppstär
465 1345 26 19 dä
506 1345 77 26 frägan,
599 1345 96 19 huruvida
710 1345 55 19 detta
781 1344 69 19 arbete

91 1373 63 19 borde
177 1373 117 20 verkställas
317 1374 6 18 i
344 1373 37 19 den
397 1380 62 13 norra
476 1375 50 18 eller
542 1375 59 19 södra
616 1380 79 18 grenen,
726 1373 45 19 Men
789 1373 61 19 ehuru

91 1401 204 25 kanalanläggningen
311 1403 6 18 i
333 1402 37 20 den
387 1408 60 14 norra
464 1408 74 18 grenen
554 1403 65 19 blefve
634 1403 59 24 nägot
704 1403 78 23 dyrare,
793 1402 57 18 torde

91 1430 52 20 dock
159 1431 64 19 såsom
239 1431 107 19 ständerna
362 1431 104 19 allaredan
485 1432 77 25 uttalat,
586 1432 20 19 åt
622 1432 111 18 densamma
749 1431 50 18 böra
814 1430 36 24 gif-

91 1464 33 14 vas
148 1458 106 26 företräde,
279 1460 80 18 emedan
383 1460 116 23 derigenom
523 1466 24 13 en
570 1462 64 18 större
657 1460 31 19 del
710 1459 21 20 af
745 1459 44 19 vårt
804 1458 47 20 land

162 1497 191 23 Jernvägsutskottets
366 1497 121 19 betänkande
499 1500 36 16 N:o
548 1498 18 18 3.
