1048 1731
324 130 210 23 Petitionsbetänkande
550 130 33 23 N:o
600 130 13 23 I.
820 130 13 22 3

309 189 32 18 att
367 187 82 27 nödiga
479 187 104 28 åtgärder
612 188 65 20 måtte
701 188 100 27 vidtagas
821 187 42 28 för

245 220 146 28 Uleåborgska
402 221 132 27 jernvägens
550 223 89 18 snarast
653 221 91 28 möjliga
754 221 109 22 utsträck-

230 255 65 27 ening
311 255 34 20 till
362 255 96 20 Svenska
472 255 144 27 riksgränsen
630 255 37 20 vid
685 255 91 22 Torneå.

174 312 122 24 Helsingfors
313 313 37 18 den
367 313 12 19 3
395 313 97 20 Februari
510 312 61 21 1888.

175 373 20 21 A.
211 373 20 20 HI.
247 372 109 27 Chydenius.
588 373 20 22 A.
624 373 20 22 0.
661 374 98 21 Snellman.

176 407 20 20 H.
211 407 20 20 E.
247 406 112 21 Gummerus.
589 408 65 20 Ossian
669 408 93 27 Bergbom.

175 440 64 21 Alarik
255 440 119 21 Hasselblatt.
586 441 62 22 Alfred
663 441 84 24 Hedman,

177 474 31 21 Th.
225 474 96 27 Tallgvist.
590 475 21 21 K.
628 476 20 20 H.
664 476 89 21 Renlund.

177 508 19 21 €.
212 508 19 21 €.
248 508 95 22 Sanmark.
588 510 78 21 Mauritz
682 510 92 27 Hallberg.

177 542 20 21 F.
212 542 135 28 Neppenström.

177 730 58 22 Frän
256 730 160 22 Bondeständet
439 737 27 15 en
489 731 24 21 af
527 732 43 20 Hrr
585 732 29 20 M.
630 732 101 26 Niemelä,
747 732 16 21 I.
780 732 87 21 Hoikka

109 764 39 22 och
161 764 25 22 A.
202 765 134 21 Rautaniemi
351 765 92 26 ingifven
458 766 92 26 petition
566 766 79 26 derom,
662 768 31 19 att
708 766 160 26 undersökning

108 798 68 22 mätte
191 798 127 22 verkställas
336 799 33 21 för
385 805 25 15 en
423 799 227 27 jernvägssträckning
665 800 78 22 mellan
758 800 109 26 Uleäborg

109 833 40 21 och
172 832 83 22 Torneä
278 834 55 20 samt
355 834 32 20 att
409 833 64 27 nädig
489 834 133 26 proposition
638 840 34 15 om
687 834 68 22 denna
768 834 100 27 jernvägs

109 867 111 27 byggande
242 867 67 21 mätte
332 866 121 28 föreläggas
476 869 50 20 näst
549 869 200 22 sammanträdande
769 868 98 26 Ständer,

109 901 87 21 hvilken
211 901 89 27 petition
315 903 24 19 är
354 902 7 20 i
377 902 155 27 öfversättning
548 902 24 22 sä
588 901 101 29 lydande:

269 971 50 18 Till
335 971 166 19 Hedervärda
516 972 196 19 Bondeständet.

179 1027 39 19 Vid
237 1027 138 24 Uleäborgska
391 1028 74 19 banans
482 1027 154 24 invigningsfest
650 1028 84 19 förliden
750 1028 46 19 höst
810 1027 59 20 fram-

110 1057 51 18 hölls
180 1056 81 19 allmänt
282 1056 6 18 i
311 1056 67 19 festtal
401 1056 37 19 ock
453 1055 253 25 lyckönskningstelegram
722 1057 37 18 den
775 1056 94 24 förhopp-

110 1085 54 23 ning,
187 1087 29 16 att
238 1081 161 22 Österbottniska
414 1085 66 18 banan
496 1085 34 19 vid
545 1084 64 20 första
624 1085 77 18 tillfälle
717 1084 63 19 skulle
796 1084 74 19 förlän-

102 1119 43 22 gas
164 1113 52 19 ända
230 1113 30 18 till
276 1113 84 19 svenska
375 1113 136 24 riksgränsen.
529 1113 49 19 Sant
594 1115 22 17 är
632 1113 56 19 äfven
704 1116 29 16 att
749 1113 37 19 den
803 1106 67 35 Öster-

110 1141 104 20 bottniska
228 1141 72 24 banan,
309 1141 26 20 dä
350 1141 38 19 den
404 1142 63 18 slutar
483 1142 7 18 i
505 1141 109 26 Uleåborg,
630 1144 22 17 är
667 1142 69 19 endast
752 1141 62 19 delvis
825 1141 45 19 full-

110 1170 83 19 bordad.
223 1169 91 24 Afsigten
337 1170 44 19 med
405 1170 196 19 kommunikationer
626 1172 22 17 är
672 1173 29 16 att
723 1170 70 19 förena
817 1172 54 16 stora

110 1199 113 18 landsdelar
246 1199 44 18 med
312 1199 111 18 hvarandra
449 1199 38 18 och
510 1201 30 16 att
562 1199 55 18 bilda
640 1204 23 13 en
685 1197 187 24 förbindningslänk

110 1227 72 19 mellan
198 1227 64 19 skilda
277 1226 42 20 folk
335 1227 37 19 och
387 1227 63 18 riken.
474 1227 96 19 Hvarken
586 1227 86 19 Finland
687 1226 185 23 öfverhufvudtaget

110 1255 50 19 eller
182 1255 34 19 det
238 1255 123 20 vidsträckta
383 1252 131 22 Österbotten
537 1256 40 19 kan
596 1255 60 19 hafva
672 1255 35 19 full
722 1257 56 22 nytta
794 1254 21 19 af
829 1255 43 18 deri

110 1283 82 20 utförda
211 1284 112 23 jernvägar,
346 1283 68 20 förrän
437 1284 24 18 de
478 1283 70 20 förena
564 1284 68 19 landet
647 1284 44 19 med
705 1283 166 24 grannländerna.

110 1312 100 24 Ryssland
233 1314 22 17 är
277 1313 62 18 redan
361 1312 94 19 förenadt
470 1313 46 18 med
532 1318 40 20 oss,
588 1318 43 13 men
648 1312 43 19 frän
707 1312 80 23 Sverige
803 1313 35 18 äro
854 1312 19 18 vi

111 1343 53 17 ännu
186 1340 87 20 afskilda
288 1346 69 18 genom
373 1342 29 17 ett
417 1340 78 19 afbrott
511 1340 21 19 af
547 1341 39 19 tolf
599 1341 39 18 mil.
669 1341 60 19 Detta
745 1340 76 19 afbrott
836 1339 38 20 bör

111 1369 147 20 undanskaffas.

180 1398 42 19 För
244 1398 48 19 vära
313 1398 106 24 jernvägar
440 1398 38 18 har
502 1403 45 13 man
569 1398 46 18 sökt
630 1399 30 17 att
674 1397 53 19 finna
742 1397 31 19 för
788 1396 85 20 trafiken

111 1426 94 24 lämpliga
220 1426 197 28 aflastningeplatser.
448 1426 82 19 Sådana
545 1428 35 17 äro
597 1426 29 19 S:t
642 1426 125 23 Petersburg,
783 1425 90 25 Wiborg,

111 1455 132 24 Helsingfors,
266 1455 77 25 Hangö,
364 1454 51 26 Åbo,
431 1454 70 26 Wasa,
517 1454 113 19 Jakobstad
646 1454 36 20 och
697 1454 108 23 Uleåborg.
836 1454 39 18 Vid

180 1493 191 23 Jernvägsutskottets
383 1492 118 18 betänkande
513 1492 39 18 N:o
565 1492 17 18 2.
