1048 1731
160 123 378 26 Petitionsbetänkande
553 124 54 23 N:o
624 125 49 22 39.

311 497 95 25 Allmänna
426 497 190 25 Besvärsutskottets
632 497 118 25 betänkande
765 498 31 24 N:o

243 532 28 29 31,
286 532 6 24 i
308 532 101 28 anledning
423 532 22 24 af
459 532 97 24 särskilda
571 532 32 24 till
614 532 90 29 samtliga
715 532 80 24 stånden

244 566 73 30 ingifna
332 566 165 30 petitionsförslag
513 566 97 29 angående
625 566 90 30 tidsenlig
731 566 66 24 under-

246 600 74 29 visning
335 601 6 23 i
357 600 106 25 helsovärd.

110 665 70 22 Jemte
195 665 104 22 särskilda
309 664 199 28 protokollsutdrag
518 664 64 22 hafva
590 664 33 21 till
635 664 112 22 Allmänna
758 664 40 21 Be-

42 700 175 21 svärsutskottets
240 699 157 27 handläggning
419 698 132 22 remitterats
573 698 158 22 nedanstående
746 698 52 27 peti-

42 734 175 22 tionsmemorial:

144 802 46 17 Till
203 801 144 24 Höglofliga
359 801 186 23 Ridderskapet
558 801 45 17 och
615 801 79 17 Adeln.

110 859 40 23 Jag
162 859 69 18 dristar
243 859 40 23 mig
295 860 46 22 taga
353 859 32 17 det
401 858 113 23 Höglofliga
526 858 92 18 Ståndets
630 858 171 24 uppmärksamhet

42 888 7 18 i
61 888 83 23 anspråk
162 887 31 19 för
210 889 27 17 ett
255 887 161 22 sakförhåilande,
435 892 43 12 som
496 887 60 17 redan
574 887 34 17 vid
620 889 75 15 senaste
707 887 94 23 landtdag

42 922 36 12 var
89 916 81 18 föremål
188 916 31 18 för
235 916 118 18 Ständernas
371 916 132 22 behjertande.
528 916 40 22 Jag
586 921 66 12 menar
668 916 36 18 den
717 918 84 19 omstän-

42 945 39 22 het,
93 947 29 16 att
134 945 66 18 landet
210 945 42 18 icke
264 945 72 18 företer
348 945 21 17 så
381 951 115 17 gynsamma
509 945 85 17 sanitära
607 944 138 23 förhållanden,
759 950 42 12 som

42 979 45 12 man
105 974 65 18 kunde
187 973 59 18 hafva
263 973 42 18 skäl
323 975 29 16 att
370 975 63 20 vänta,
453 975 24 21 på
495 973 65 23 grund
572 973 22 18 af
609 973 43 18 dess
671 973 130 18 öfverhufvud

43 1003 63 17 sunda
122 1003 90 23 jordmån
223 1002 37 18 och
272 1002 72 21 klimat,
363 1002 44 17 dess
418 1002 55 23 glesa
488 1001 116 24 befolkning
616 1002 36 17 och
664 1001 105 18 frånvaron
782 1004 20 15 at

43 1033 61 16 större
120 1031 196 23 sammanhopningar
328 1030 21 18 af
359 1031 118 17 menniskor.
502 1029 95 18 Siffrorna
612 1031 38 16 tala
662 1031 34 17 sitt
708 1031 94 22 omutliga

43 1059 58 24 språk
114 1060 36 17 och
162 1060 42 17 visa
216 1061 29 16 att
257 1059 121 22 dödligheten
391 1059 36 18 och
439 1059 80 18 dermed
531 1058 59 18 äfven
601 1059 130 23 sjukligheten
744 1059 7 18 i
762 1059 40 17 lan-

44 1088 32 18 det
88 1088 94 23 betydligt
194 1088 115 23 öfverstiger
321 1088 23 17 de
356 1089 66 16 vestra
433 1087 174 24 grannländernas,
625 1087 44 18 med
681 1088 66 17 hvilka
759 1088 44 17 vårt

43 1117 46 18 land
100 1117 7 17 i
119 1117 107 18 klimatiskt
238 1117 35 17 och
285 1117 69 17 socialt
370 1117 111 17 hänseende
493 1118 87 16 närmast
592 1116 38 17 kan
643 1117 159 18 sammanställas.

44 1145 56 18 Huru
112 1145 108 24 betydande
236 1145 63 18 denna
311 1145 44 18 vårt
366 1145 55 18 lands
433 1145 166 23 underlägsenhet
611 1147 21 16 är
644 1145 86 24 framgår
742 1145 61 22 deraf,

44 1176 29 17 att
90 1179 32 13 om
140 1174 123 23 dödligheten
275 1174 7 17 i
294 1173 82 18 Finland
389 1176 33 19 (nu
435 1175 35 16 220
485 1174 24 23 på
524 1175 68 21 10,000)
605 1179 47 13 vore
665 1174 38 17 lika
715 1174 34 23 låg
761 1180 42 12 som

44 1203 7 18 i
62 1203 81 23 Sverige
161 1204 45 21 (175,
219 1203 24 23 på
262 1203 68 22 10,000)
349 1203 75 22 årligen
437 1203 91 23 omkring
540 1203 53 21 9,500
604 1203 127 18 menniskolif
741 1203 62 18 skulle

44 1232 111 23 inbesparas
172 1231 37 18 och
227 1237 31 12 om
276 1232 112 17 densamma
406 1231 124 18 motsvarade
548 1231 76 24 Norges
643 1233 41 21 (166
695 1232 26 23 på
735 1233 69 22 10,000)

45 1261 37 18 den
99 1260 62 24 årliga
179 1260 128 23 besparingen
324 1265 47 13 vore
390 1261 62 20 11,300
469 1259 28 18 lif.
519 1260 40 23 Jag
577 1260 61 23 vågar
653 1260 50 18 hålla
716 1260 47 22 före,
776 1262 29 16 att

45 1290 62 18 denna
119 1289 75 18 landets
204 1289 143 23 jämförelsevis
359 1290 54 16 stora
425 1288 109 23 dödssiffra,
547 1289 59 18 hvars
620 1289 98 24 betydelse
731 1289 73 18 äfven
794 1284 12 34 i

45 1318 122 19 ekonomiskt
184 1318 109 18 hänseende
312 1318 17 23 ej
348 1317 31 18 får
395 1317 144 23 underskattas,
558 1320 22 15 är
592 1317 113 24 välförtjent
717 1320 28 15 att
757 1323 48 13 vara

45 1347 80 18 föremål
137 1347 31 18 för
179 1347 49 18 både
240 1349 142 16 statsmännens
395 1347 36 17 och
443 1347 121 18 Ständernas
576 1347 177 23 uppmärksamhet.

114 1376 108 18 Orsakerna
239 1376 30 18 till
287 1376 111 19 densamma
416 1378 34 15 äro
466 1377 46 16 utan
525 1375 70 18 tvifvel
607 1376 140 23 mångahanda,
760 1382 44 12 men

45 1410 24 12 en
87 1404 138 24 hutvudsaklig
243 1404 36 18 och
297 1404 63 18 direkt
371 1404 99 18 verkande
488 1404 60 18 sådan
561 1404 64 24 ligger
636 1405 6 17 i
655 1410 22 12 en
691 1404 54 24 hög
735 1400 10 32 i
757 1404 48 23 grad

46 1432 103 24 bristfällig
160 1433 109 18 kännedom
284 1438 32 12 om
331 1432 37 18 och
380 1432 124 24 tillämpning
516 1433 23 17 af
549 1433 37 18 den
599 1433 96 18 allmänna
708 1433 99 18 helsovår-

114 1468 101 18 Allmänna
227 1468 176 18 Besvärsutskottets
417 1467 116 18 betänkande
549 1469 34 16 N:o
597 1468 29 17 31.
