1048 1731
305 123 245 25 Petitionsbetänkande
566 125 36 21 N:o
619 124 12 22 I.
795 126 28 20 33

449 251 39 18 15.

160 323 57 22 Från
235 322 160 22 Prestaståndet
411 329 26 15 en
453 322 24 22 af
490 322 33 21 Hr
537 322 20 22 J.
572 322 121 22 Johansson
708 323 92 27 ingifven
815 330 36 20 pe-

90 358 64 22 tition
178 358 78 25 derom,
279 358 32 20 att
325 357 8 20 i
347 358 108 20 närmaste
471 356 88 21 framtid
575 363 26 15 en
614 357 90 27 jernväg
718 357 67 22 måtte
800 357 52 27 byg-

90 399 38 20 gas
144 392 47 21 från
206 391 140 22 Tammerfors
361 391 34 20 till
409 390 142 27 Björneborg,
566 397 46 14 som
628 391 69 21 skulle
713 391 76 27 dragas
800 398 52 15 norr

91 432 35 15 om
146 426 69 21 Kumo
231 425 30 21 elf
273 425 33 21 till
321 424 130 22 hafskusten.
482 425 77 21 Denna
573 425 91 26 petition
679 427 25 19 är
719 425 7 21 i
742 425 110 22 öfversätt-

91 460 51 27 ning
157 459 24 22 så
196 459 98 27 lydande:

246 534 49 20 Till
310 534 162 24 Högvördiga
487 533 206 21 Prestaståndet.

161 591 56 19 Huru
239 591 95 19 Finlands
357 591 44 19 folk
415 591 36 19 har
467 590 104 25 uppfattat
586 591 173 24 nödvändigheten
775 592 21 20 af
809 592 40 19 för-

92 620 92 19 bättrade
208 620 250 22 kommunikationsmedel,
482 620 69 18 derom
574 620 48 19 bära
638 620 24 18 de
676 620 65 20 under
755 621 50 19 sista
820 621 29 19 år-

93 648 81 20 tionden
193 648 7 19 i
214 648 45 19 vårt
276 648 46 19 land
338 648 77 24 byggda
427 648 134 24 jernvägarne
578 648 129 20 vittnesbörd.
738 648 9 19 I
763 654 24 14 en
802 648 50 25 följd

94 676 21 20 af
128 677 22 19 år
165 677 37 19 har
216 682 44 14 man
275 677 52 19 varit
343 679 101 22 upptagen
460 676 22 20 af
495 676 188 24 byggnadsföretag,
699 677 38 19 och
752 677 36 19 allt
803 677 48 19 fort-

92 704 82 20 farande
198 706 121 18 undersökas
338 711 39 18 nya
391 705 70 23 banor,
477 706 81 18 maskor
573 706 6 18 i
596 707 55 17 nätet
665 705 85 20 föreslås
765 706 38 19 och
817 712 35 18 pe-

92 734 83 19 titioner
197 734 68 19 härom
287 733 90 25 ingifvas.
407 733 234 25 Meningsskiljaktighet
660 734 106 19 förefinnes
788 734 64 20 öfver-

92 762 75 19 hufvud
190 762 18 24 ej
231 768 30 14 om
283 762 92 20 behofvet
391 762 21 19 af
425 768 40 18 nya
481 762 72 23 banor;
570 763 59 18 deras
644 762 103 24 betydelse
762 762 32 20 för
809 763 43 19 lan-

93 791 45 19 dets
160 791 103 19 materiela
277 790 180 20 framåtskridande
473 793 24 17 är
512 791 68 19 dertill
597 796 38 18 nog
650 791 59 26 känd,
725 796 44 14 men
785 792 67 19 derom

93 821 23 17 är
138 825 44 13 man
206 820 17 23 ej
242 825 53 18 ense,
311 820 48 18 hvar
374 819 87 24 följande
477 819 70 19 maska
562 819 37 19 bör
615 820 76 24 knytas,
708 820 81 19 hvilken
804 820 49 19 länk

94 848 7 18 i
116 848 81 19 främsta
212 851 82 15 rummet
309 850 22 17 är
346 848 118 23 nödvändig.
493 848 41 18 Det
548 848 37 19 har
600 848 18 24 ej
634 848 81 19 saknats
731 848 74 24 förslag
821 854 32 13 om

94 882 39 18 nya
147 876 72 23 banor;
235 876 33 19 vid
283 876 49 20 sista
347 876 94 24 landtdag
457 876 60 19 hafva
533 876 75 19 sädana
623 877 69 19 väckts
707 876 7 19 i
725 877 77 25 mängd,
815 877 37 19 och

94 910 31 14 om
147 910 24 14 en
194 904 32 19 del
248 904 21 20 af
289 905 24 19 de
332 910 39 18 nya
387 904 101 24 förslagen
505 904 91 24 förfallit,
613 904 58 20 hafva
687 905 88 19 deremot
790 905 63 19 andra

93 933 77 20 bevisat
193 933 29 23 sig
245 938 36 19 ega
299 935 64 18 större
379 933 88 19 lifskraft
483 933 38 19 och
536 933 52 24 änyo
604 933 91 24 uppstätt
711 935 50 18 samt
775 933 78 20 fordrat

94 962 35 19 sitt
151 961 166 24 förverkligande.
346 961 39 20 Till
408 962 24 19 de
455 962 125 19 sistnämnda
599 962 37 19 hör
650 962 8 19 i
672 962 83 19 främsta
769 965 84 16 rummet

93 990 61 19 linien
178 989 291 25 Björneborg
314 985 15 33 —
339 989 130 25 Tammerfors.
499 989 71 20 Under
592 991 70 23 loppet
684 990 21 19 af
722 993 30 16 ett
766 996 37 18 par
818 991 33 18 de-

94 1019 81 18 cennier
190 1019 36 18 har
241 1019 64 18 denna
320 1019 47 18 linie
383 1019 86 24 dryftats
485 1019 38 19 och
538 1019 131 23 undersökts;
685 1019 33 19 vid
734 1019 43 24 fyra
787 1019 65 19 landt-

94 1047 61 23 dagar
177 1046 59 20 hafva
257 1047 109 24 petitioner
388 1047 68 19 derom
472 1047 77 22 väckts,
566 1047 37 19 och
618 1053 44 13 man
678 1047 40 19 kan
733 1047 45 20 icke
793 1049 60 18 vänta

94 1077 30 17 att
138 1075 135 24 petitionerna
287 1075 96 26 upphöra,
399 1075 42 19 förr
457 1078 25 16 än
499 1076 62 18 saken
577 1075 66 20 blifvit
658 1081 24 14 en
693 1075 112 24 verklighet
815 1076 38 19 och

92 1103 66 19 banan
178 1103 284 24 Björneborg
313 1099 15 33 —
338 1103 124 24 Tammerfors
477 1104 73 24 byggd.
581 1103 126 20 Beträffande
723 1104 130 24 ändpunkten

93 1131 31 20 för
147 1131 160 25 Björneborgska
329 1132 64 19 banan
411 1131 89 20 förefans
516 1133 32 18 till
564 1134 30 17 att
608 1133 57 23 börja
680 1133 44 18 med
739 1133 59 23 ingen
812 1138 41 13 me-

93 1160 202 24 ningsskiljaktighet.
325 1160 132 20 Tammerfors
478 1167 35 13 var
529 1161 63 24 enligt
607 1161 50 19 allas
672 1161 60 19 tanke
749 1161 37 19 den
802 1161 52 19 enda

93 1188 81 24 möjliga
188 1190 39 23 ort,
242 1189 100 19 hvarifrån
358 1189 37 19 den
411 1195 39 18 nya
465 1189 65 19 banan
547 1189 63 19 borde
625 1192 47 21 taga
687 1190 30 19 sin
729 1189 76 24 början,
816 1189 37 19 och

94 1217 24 18 de
140 1216 64 20 första
218 1217 178 24 undersökningar,
412 1217 83 19 hvartill
511 1217 54 20 såväl
582 1220 65 17 staten
663 1223 40 14 som
719 1217 134 24 Björneborgs

94 1245 44 19 stad
154 1245 34 23 gaf
200 1245 117 26 understöd,
332 1246 58 23 gingo
405 1247 22 17 ut
443 1246 25 23 på
484 1248 31 17 att
530 1245 53 20 finna
599 1247 38 18 den
652 1246 124 24 lämpligaste
792 1245 61 19 linien

93 1273 73 19 mellan
188 1273 123 24 Björneborg
333 1275 37 18 och
393 1274 139 20 Tammerfors,
563 1274 61 19 Först
646 1275 22 18 år
691 1273 55 20 1882
769 1273 84 24 begynte

93 1307 45 14 man
162 1301 61 20 tänka
244 1302 26 24 på
292 1308 38 19 nya
353 1302 133 25 ändpunkter,
502 1302 71 20 främst
588 1303 105 24 Loimijoki
709 1302 38 20 och
762 1302 91 26 Urdiala,

93 1336 44 13 men
159 1331 192 23 jernvägsutskottet
373 1331 33 19 vid
429 1330 57 20 1885
510 1331 33 19 års
566 1331 96 24 landtdag
683 1331 82 19 fasthöll
784 1330 70 20 fortfa-

93 1359 62 19 rande
178 1359 131 20 Tammerfors
325 1359 64 20 såsom
405 1359 38 19 den
459 1359 126 25 lämpligaste
602 1360 135 24 ändpunkten.
770 1359 84 19 Utskot-

94 1389 29 17 tet
145 1388 85 24 yttrade:
255 1402 4 9 ,
261 1388 47 23 Vill
330 1394 45 14 man
397 1388 44 19 åter
463 1388 7 19 i
494 1388 83 20 främsta
599 1391 82 17 rummet
703 1388 50 20 söka
775 1388 80 23 betjena

94 1416 100 19 inlandets
209 1416 66 26 trafik,
291 1417 22 19 så
327 1419 23 17 är
365 1416 133 20 Tammerfors
513 1417 39 19 den
564 1417 130 24 naturligaste
705 1416 149 24 utgångspunk-

93 1444 56 24 ten",
172 1450 43 13 men
230 1445 7 18 i
252 1445 94 19 händelse
362 1445 64 19 banan
442 1445 90 19 kommer
546 1446 33 18 till
595 1446 58 19 stånd
668 1450 69 19 genom
753 1444 102 20 enskildes

160 1482 191 23 Jernvägsutskottets
364 1483 117 17 detänkande
495 1485 34 16 N:o
542 1483 18 18 2.
775 1483 10 17 3
