1048 1731
271 138 255 23 Petitionsbetänkande
541 144 36 17 n:o
594 138 28 23 51.
773 140 27 21 15

67 205 67 21 lunda
155 205 73 21 kunna
250 205 53 26 hysa
324 205 40 20 den
380 205 65 21 säkra
459 204 173 28 förhoppningen
648 206 32 20 att
695 205 134 28 Regeringen

66 239 56 21 skall
138 238 18 27 ej
172 239 81 21 mindre
269 245 53 20 egna
337 238 75 27 frägan
428 239 41 20 den
485 239 99 26 allsidiga
600 238 107 27 pröfning,
723 245 45 15 som
783 241 45 20 äm-

66 274 49 20 nets
130 273 45 26 vigt
189 273 92 26 kräfver,
297 273 52 20 utan
364 272 63 22 äfven
442 273 131 27 tillbörligen
589 273 80 22 beakta
678 273 57 22 hvad
745 274 85 21 utskot-

66 309 32 20 tet
113 307 47 21 haft
175 309 52 19 äran
243 307 64 21 ofvan
322 306 82 22 anföra.

136 341 32 22 Pä
189 341 70 27 grund
279 341 64 21 häraf
361 341 33 21 fär
410 341 105 22 utskottet
529 341 112 22 vördsamt
655 341 80 22 föreslä
749 343 31 20 ett
795 341 34 22 sä-

68 376 53 21 dant
136 375 111 22 uttalande

273 413 29 18 att
324 412 125 25 Ständerna,
470 412 48 25 fullt
536 413 116 24 förvissade
673 418 33 14 om
721 414 29 18 att
764 413 64 24 Rege-

204 447 79 24 ringen,
305 447 64 19 sedan
384 447 40 19 den
439 452 91 14 numera
546 447 52 24 tagit
610 446 80 25 frägan
705 447 67 20 under
784 447 42 25 för-

206 481 56 25 nyad
277 481 138 25 ompröfning,
425 481 53 20 skall
493 480 24 21 sä
533 480 51 26 begå
598 482 30 19 att
640 481 24 20 de
674 482 8 18 i
692 482 136 24 petitionerna

206 516 129 19 omnämnda
356 514 200 26 missförhållanden
578 516 74 25 varda,
672 515 25 21 så
717 516 42 20 vidt
777 516 50 25 möj-

204 550 42 25 ligt,
270 550 121 26 aflägsnade
413 550 36 20 och
472 551 30 19 att
521 550 24 20 de
560 550 106 25 åtgärder,
682 556 44 14 som
741 551 8 19 i
763 550 65 25 afsigt

206 586 29 18 att
256 585 88 19 hämma
363 585 108 19 veneriska
485 584 136 26 sjukdomars
636 585 111 24 spridning
759 585 67 24 fram-

205 619 52 20 deles
279 619 135 25 tilläfventyrs
433 619 102 25 vidtagas,
551 620 87 20 komma
652 620 29 19 att
695 618 32 21 stå
742 620 8 18 i
765 619 61 25 öfver-

205 654 150 19 ensstämmelse
377 654 47 19 med
445 654 98 24 gällande
566 654 40 25 lag,
628 659 50 14 anse
689 654 138 24 petitionerna

205 688 41 20 icke
269 688 50 20 böra
341 688 29 20 till
390 688 71 20 vidare
476 687 77 25 ätgärd
566 687 53 26 från
635 688 129 20 Ständernas
779 688 49 20 sida

202 722 116 25 föranleda.

137 852 11 21 I
170 853 99 21 ärendets
284 853 87 26 slutliga
385 853 131 27 behandling
531 852 66 22 hafva
612 852 89 28 deltagit
715 852 112 22 ordföran-

68 887 41 21 den
131 886 91 22 friherre
237 887 26 21 R.
283 888 26 20 A.
325 887 85 27 Wrede,
425 887 147 21 ledamöterne
588 887 70 27 Prytz,
673 887 95 21 Herman
783 886 43 21 Rå-

67 921 73 28 bergh,
155 921 165 28 Schwartzberg,
331 922 106 27 Tallgrén,
449 922 115 27 Stenbäck,
574 921 125 27 Rönnbäck,
710 921 25 21 A.
747 916 78 32 Öberg,

68 955 144 27 Tuomikoski,
231 956 108 27 Vuolijoki
355 957 39 20 och
409 956 99 21 Hollmén
524 957 57 20 samt
596 956 140 27 suppleanten
751 955 75 27 Jäger-

67 990 76 21 skiöld.

136 1036 132 27 Helsingfors
283 1037 41 20 den
340 1037 27 21 23
383 1037 43 26 Maj
444 1037 61 21 1888.

133 1492 137 23 Lagutskottets
282 1492 117 19 betänkande
411 1498 32 13 n:o
456 1494 28 17 24.
