<?xml version="1.0" encoding="UTF-8"?>
<alto xmlns="http://www.loc.gov/standards/alto/ns-v3#" xmlns:xlink="http://www.w3.org/1999/xlink" xmlns:xsi="http://www.w3.org/2001/XMLSchema-instance" xsi:schemaLocation="http://www.loc.gov/standards/alto/ns-v3# http://www.loc.gov/alto/v3/alto-3-0.xsd">
	<Description>
		<MeasurementUnit>pixel</MeasurementUnit>
		<sourceImageInformation>
			<fileName>/tmp/tess_a8dbco85_input.PNG</fileName>
		</sourceImageInformation>
		<OCRProcessing ID="OCR_0">
			<ocrProcessingStep>
				<processingSoftware>
					<softwareName>tesseract 5.3.4</softwareName>
				</processingSoftware>
			</ocrProcessingStep>
		</OCRProcessing>
	</Description>
	<Layout>
		<Page WIDTH="1048" HEIGHT="1731" PHYSICAL_IMG_NR="0" ID="page_0">
			<PrintSpace HPOS="0" VPOS="0" WIDTH="1048" HEIGHT="1731">
				<ComposedBlock ID="cblock_0" HPOS="181" VPOS="105" WIDTH="510" HEIGHT="26">
					<TextBlock ID="block_0" HPOS="181" VPOS="105" WIDTH="510" HEIGHT="26">
						<TextLine ID="line_0" HPOS="181" VPOS="105" WIDTH="510" HEIGHT="26">
							<String ID="string_0" HPOS="181" VPOS="105" WIDTH="376" HEIGHT="26" WC="0.59" CONTENT="Petitionsbetänkande"/><SP WIDTH="15" VPOS="105" HPOS="557"/>
							<String ID="string_1" HPOS="572" VPOS="105" WIDTH="54" HEIGHT="24" WC="0.96" CONTENT="N:o"/><SP WIDTH="16" VPOS="105" HPOS="626"/>
							<String ID="string_2" HPOS="642" VPOS="106" WIDTH="49" HEIGHT="23" WC="0.95" CONTENT="42."/>
						</TextLine>
					</TextBlock>
				</ComposedBlock>
				<ComposedBlock ID="cblock_1" HPOS="262" VPOS="409" WIDTH="551" HEIGHT="133">
					<TextBlock ID="block_1" HPOS="262" VPOS="409" WIDTH="551" HEIGHT="133">
						<TextLine ID="line_1" HPOS="332" VPOS="409" WIDTH="481" HEIGHT="26">
							<String ID="string_3" HPOS="332" VPOS="410" WIDTH="117" HEIGHT="24" WC="0.93" CONTENT="Allmänna"/><SP WIDTH="15" VPOS="410" HPOS="449"/>
							<String ID="string_4" HPOS="464" VPOS="409" WIDTH="247" HEIGHT="25" WC="0.91" CONTENT="Besvärsutskottets"/><SP WIDTH="16" VPOS="409" HPOS="711"/>
							<String ID="string_5" HPOS="727" VPOS="409" WIDTH="86" HEIGHT="26" WC="0.82" CONTENT="botän-"/>
						</TextLine>
						<TextLine ID="line_2" HPOS="263" VPOS="443" WIDTH="550" HEIGHT="30">
							<String ID="string_6" HPOS="263" VPOS="444" WIDTH="74" HEIGHT="25" WC="0.95" CONTENT="kande"/><SP WIDTH="15" VPOS="444" HPOS="337"/>
							<String ID="string_7" HPOS="352" VPOS="444" WIDTH="37" HEIGHT="25" WC="0.95" CONTENT="N:o"/><SP WIDTH="9" VPOS="444" HPOS="389"/>
							<String ID="string_8" HPOS="398" VPOS="444" WIDTH="27" HEIGHT="24" WC="0.95" CONTENT="83"/><SP WIDTH="8" VPOS="444" HPOS="425"/>
							<String ID="string_9" HPOS="433" VPOS="443" WIDTH="39" HEIGHT="25" WC="0.96" CONTENT="med"/><SP WIDTH="11" VPOS="443" HPOS="472"/>
							<String ID="string_10" HPOS="483" VPOS="443" WIDTH="101" HEIGHT="30" WC="0.96" CONTENT="anledning"/><SP WIDTH="10" VPOS="443" HPOS="584"/>
							<String ID="string_11" HPOS="594" VPOS="443" WIDTH="21" HEIGHT="25" WC="0.97" CONTENT="af"/><SP WIDTH="9" VPOS="443" HPOS="615"/>
							<String ID="string_12" HPOS="624" VPOS="444" WIDTH="28" HEIGHT="25" WC="0.96" CONTENT="ett"/><SP WIDTH="8" VPOS="444" HPOS="652"/>
							<String ID="string_13" HPOS="660" VPOS="444" WIDTH="31" HEIGHT="25" WC="0.93" CONTENT="till"/><SP WIDTH="8" VPOS="444" HPOS="691"/>
							<String ID="string_14" HPOS="699" VPOS="445" WIDTH="114" HEIGHT="25" WC="0.90" CONTENT="Bondestän-"/>
						</TextLine>
						<TextLine ID="line_3" HPOS="262" VPOS="478" WIDTH="551" HEIGHT="31">
							<String ID="string_15" HPOS="262" VPOS="479" WIDTH="31" HEIGHT="24" WC="0.93" CONTENT="det"/><SP WIDTH="22" VPOS="479" HPOS="293"/>
							<String ID="string_16" HPOS="315" VPOS="478" WIDTH="80" HEIGHT="29" WC="0.92" CONTENT="ingifvet"/><SP WIDTH="16" VPOS="478" HPOS="395"/>
							<String ID="string_17" HPOS="411" VPOS="478" WIDTH="171" HEIGHT="31" WC="0.91" CONTENT="petitionsförslag,"/><SP WIDTH="15" VPOS="478" HPOS="582"/>
							<String ID="string_18" HPOS="597" VPOS="479" WIDTH="94" HEIGHT="28" WC="0.96" CONTENT="angående"/><SP WIDTH="15" VPOS="479" HPOS="691"/>
							<String ID="string_19" HPOS="706" VPOS="479" WIDTH="107" HEIGHT="25" WC="0.95" CONTENT="ordnandet"/>
						</TextLine>
						<TextLine ID="line_4" HPOS="262" VPOS="512" WIDTH="406" HEIGHT="30">
							<String ID="string_20" HPOS="262" VPOS="514" WIDTH="21" HEIGHT="24" WC="0.96" CONTENT="af"/><SP WIDTH="13" VPOS="514" HPOS="283"/>
							<String ID="string_21" HPOS="296" VPOS="513" WIDTH="131" HEIGHT="29" WC="0.96" CONTENT="fattigvården"/><SP WIDTH="15" VPOS="513" HPOS="427"/>
							<String ID="string_22" HPOS="442" VPOS="513" WIDTH="30" HEIGHT="24" WC="0.93" CONTENT="vid"/><SP WIDTH="15" VPOS="513" HPOS="472"/>
							<String ID="string_23" HPOS="487" VPOS="512" WIDTH="115" HEIGHT="26" WC="0.90" CONTENT="industriela"/><SP WIDTH="14" VPOS="512" HPOS="602"/>
							<String ID="string_24" HPOS="616" VPOS="513" WIDTH="52" HEIGHT="25" WC="0.96" CONTENT="verk."/>
						</TextLine>
					</TextBlock>
				</ComposedBlock>
				<ComposedBlock ID="cblock_2" HPOS="58" VPOS="569" WIDTH="755" HEIGHT="99">
					<TextBlock ID="block_2" HPOS="58" VPOS="569" WIDTH="755" HEIGHT="99">
						<TextLine ID="line_5" HPOS="129" VPOS="569" WIDTH="684" HEIGHT="30">
							<String ID="string_25" HPOS="129" VPOS="570" WIDTH="77" HEIGHT="22" WC="0.88" CONTENT="Jemte"/><SP WIDTH="22" VPOS="570" HPOS="206"/>
							<String ID="string_26" HPOS="228" VPOS="569" WIDTH="213" HEIGHT="30" WC="0.88" CONTENT="protokollsutdrag"/><SP WIDTH="22" VPOS="569" HPOS="441"/>
							<String ID="string_27" HPOS="463" VPOS="569" WIDTH="37" HEIGHT="22" WC="0.96" CONTENT="för"/><SP WIDTH="22" VPOS="569" HPOS="500"/>
							<String ID="string_28" HPOS="522" VPOS="569" WIDTH="46" HEIGHT="22" WC="0.96" CONTENT="den"/><SP WIDTH="22" VPOS="569" HPOS="568"/>
							<String ID="string_29" HPOS="590" VPOS="571" WIDTH="26" HEIGHT="20" WC="0.96" CONTENT="27"/><SP WIDTH="16" VPOS="571" HPOS="616"/>
							<String ID="string_30" HPOS="632" VPOS="570" WIDTH="61" HEIGHT="22" WC="0.96" CONTENT="Mars"/><SP WIDTH="24" VPOS="570" HPOS="693"/>
							<String ID="string_31" HPOS="717" VPOS="571" WIDTH="42" HEIGHT="21" WC="0.92" CONTENT="har"/><SP WIDTH="14" VPOS="571" HPOS="759"/>
							<String ID="string_32" HPOS="773" VPOS="570" WIDTH="40" HEIGHT="22" WC="0.90" CONTENT="he-"/>
						</TextLine>
						<TextLine ID="line_6" HPOS="58" VPOS="604" WIDTH="755" HEIGHT="22">
							<String ID="string_33" HPOS="58" VPOS="605" WIDTH="113" HEIGHT="21" WC="0.92" CONTENT="dervärda"/><SP WIDTH="22" VPOS="605" HPOS="171"/>
							<String ID="string_34" HPOS="193" VPOS="604" WIDTH="174" HEIGHT="22" WC="0.92" CONTENT="Bondeståndet"/><SP WIDTH="21" VPOS="604" HPOS="367"/>
							<String ID="string_35" HPOS="388" VPOS="604" WIDTH="37" HEIGHT="21" WC="0.96" CONTENT="till"/><SP WIDTH="26" VPOS="604" HPOS="425"/>
							<String ID="string_36" HPOS="451" VPOS="604" WIDTH="127" HEIGHT="21" WC="0.93" CONTENT="Allmänna"/><SP WIDTH="21" VPOS="604" HPOS="578"/>
							<String ID="string_37" HPOS="599" VPOS="604" WIDTH="214" HEIGHT="22" WC="0.92" CONTENT="Besvärsutskottet"/>
						</TextLine>
						<TextLine ID="line_7" HPOS="58" VPOS="638" WIDTH="592" HEIGHT="30">
							<String ID="string_38" HPOS="58" VPOS="639" WIDTH="130" HEIGHT="29" WC="0.91" CONTENT="hänskjutit"/><SP WIDTH="15" VPOS="639" HPOS="188"/>
							<String ID="string_39" HPOS="203" VPOS="640" WIDTH="34" HEIGHT="20" WC="0.96" CONTENT="ett"/><SP WIDTH="14" VPOS="640" HPOS="237"/>
							<String ID="string_40" HPOS="251" VPOS="639" WIDTH="26" HEIGHT="21" WC="0.96" CONTENT="så"/><SP WIDTH="14" VPOS="639" HPOS="277"/>
							<String ID="string_41" HPOS="291" VPOS="638" WIDTH="102" HEIGHT="29" WC="0.93" CONTENT="lydande"/><SP WIDTH="15" VPOS="638" HPOS="393"/>
							<String ID="string_42" HPOS="408" VPOS="638" WIDTH="242" HEIGHT="28" WC="0.91" CONTENT="petitionsmemorial:"/>
						</TextLine>
					</TextBlock>
				</ComposedBlock>
				<ComposedBlock ID="cblock_3" HPOS="210" VPOS="697" WIDTH="457" HEIGHT="19">
					<TextBlock ID="block_3" HPOS="210" VPOS="697" WIDTH="457" HEIGHT="19">
						<TextLine ID="line_8" HPOS="210" VPOS="697" WIDTH="457" HEIGHT="19">
							<String ID="string_43" HPOS="210" VPOS="697" WIDTH="48" HEIGHT="19" WC="0.93" CONTENT="Till"/><SP WIDTH="24" VPOS="697" HPOS="258"/>
							<String ID="string_44" HPOS="282" VPOS="697" WIDTH="165" HEIGHT="19" WC="0.91" CONTENT="Hedervärda"/><SP WIDTH="22" VPOS="697" HPOS="447"/>
							<String ID="string_45" HPOS="469" VPOS="697" WIDTH="198" HEIGHT="19" WC="0.90" CONTENT="Bondeståndet."/>
						</TextLine>
					</TextBlock>
				</ComposedBlock>
				<ComposedBlock ID="cblock_4" HPOS="58" VPOS="748" WIDTH="756" HEIGHT="684">
					<TextBlock ID="block_4" HPOS="58" VPOS="748" WIDTH="756" HEIGHT="511">
						<TextLine ID="line_9" HPOS="128" VPOS="748" WIDTH="685" HEIGHT="24">
							<String ID="string_46" HPOS="128" VPOS="748" WIDTH="42" HEIGHT="20" WC="0.96" CONTENT="När"/><SP WIDTH="15" VPOS="748" HPOS="170"/>
							<String ID="string_47" HPOS="185" VPOS="754" WIDTH="23" HEIGHT="13" WC="0.96" CONTENT="en"/><SP WIDTH="16" VPOS="754" HPOS="208"/>
							<String ID="string_48" HPOS="224" VPOS="750" WIDTH="64" HEIGHT="18" WC="0.93" CONTENT="större"/><SP WIDTH="15" VPOS="750" HPOS="288"/>
							<String ID="string_49" HPOS="303" VPOS="748" WIDTH="105" HEIGHT="20" WC="0.92" CONTENT="industriel"/><SP WIDTH="16" VPOS="748" HPOS="408"/>
							<String ID="string_50" HPOS="424" VPOS="748" WIDTH="119" HEIGHT="24" WC="0.93" CONTENT="anläggning"/><SP WIDTH="11" VPOS="748" HPOS="543"/>
							<String ID="string_51" HPOS="554" VPOS="748" WIDTH="127" HEIGHT="24" WC="0.91" CONTENT="uppställes"/><SP WIDTH="-7" VPOS="748" HPOS="681"/>
							<String ID="string_52" HPOS="674" VPOS="744" WIDTH="12" HEIGHT="32" WC="0.91" CONTENT="å"/><SP WIDTH="5" VPOS="744" HPOS="686"/>
							<String ID="string_53" HPOS="691" VPOS="749" WIDTH="65" HEIGHT="23" WC="0.93" CONTENT="någon"/><SP WIDTH="11" VPOS="749" HPOS="756"/>
							<String ID="string_54" HPOS="767" VPOS="749" WIDTH="46" HEIGHT="19" WC="0.92" CONTENT="där-"/>
						</TextLine>
						<TextLine ID="line_10" HPOS="59" VPOS="777" WIDTH="753" HEIGHT="25">
							<String ID="string_55" HPOS="59" VPOS="777" WIDTH="41" HEIGHT="19" WC="0.96" CONTENT="tills"/><SP WIDTH="16" VPOS="777" HPOS="100"/>
							<String ID="string_56" HPOS="116" VPOS="777" WIDTH="21" HEIGHT="19" WC="0.93" CONTENT="af"/><SP WIDTH="14" VPOS="777" HPOS="137"/>
							<String ID="string_57" HPOS="151" VPOS="777" WIDTH="140" HEIGHT="19" WC="0.92" CONTENT="storiudustrin"/><SP WIDTH="16" VPOS="777" HPOS="291"/>
							<String ID="string_58" HPOS="307" VPOS="777" WIDTH="84" HEIGHT="19" WC="0.91" CONTENT="oberörd"/><SP WIDTH="16" VPOS="777" HPOS="391"/>
							<String ID="string_59" HPOS="407" VPOS="777" WIDTH="96" HEIGHT="25" WC="0.89" CONTENT="landsort,"/><SP WIDTH="24" VPOS="777" HPOS="503"/>
							<String ID="string_60" HPOS="527" VPOS="777" WIDTH="79" HEIGHT="19" WC="0.92" CONTENT="utöfvar"/><SP WIDTH="15" VPOS="777" HPOS="606"/>
							<String ID="string_61" HPOS="621" VPOS="778" WIDTH="36" HEIGHT="18" WC="0.90" CONTENT="den"/><SP WIDTH="16" VPOS="778" HPOS="657"/>
							<String ID="string_62" HPOS="673" VPOS="777" WIDTH="100" HEIGHT="24" WC="0.90" CONTENT="sjelffallet"/><SP WIDTH="15" VPOS="777" HPOS="773"/>
							<String ID="string_63" HPOS="788" VPOS="783" WIDTH="24" HEIGHT="13" WC="0.96" CONTENT="en"/>
						</TextLine>
						<TextLine ID="line_11" HPOS="58" VPOS="805" WIDTH="754" HEIGHT="25">
							<String ID="string_64" HPOS="58" VPOS="806" WIDTH="8" HEIGHT="19" WC="0.96" CONTENT="i"/><SP WIDTH="15" VPOS="806" HPOS="66"/>
							<String ID="string_65" HPOS="81" VPOS="806" WIDTH="39" HEIGHT="24" WC="0.96" CONTENT="hög"/><SP WIDTH="22" VPOS="806" HPOS="120"/>
							<String ID="string_66" HPOS="142" VPOS="806" WIDTH="48" HEIGHT="24" WC="0.93" CONTENT="grad"/><SP WIDTH="23" VPOS="806" HPOS="190"/>
							<String ID="string_67" HPOS="213" VPOS="806" WIDTH="86" HEIGHT="19" WC="0.92" CONTENT="lifvande"/><SP WIDTH="23" VPOS="806" HPOS="299"/>
							<String ID="string_68" HPOS="322" VPOS="806" WIDTH="73" HEIGHT="19" WC="0.96" CONTENT="verkan"/><SP WIDTH="22" VPOS="806" HPOS="395"/>
							<String ID="string_69" HPOS="417" VPOS="806" WIDTH="27" HEIGHT="24" WC="0.96" CONTENT="på"/><SP WIDTH="22" VPOS="806" HPOS="444"/>
							<String ID="string_70" HPOS="466" VPOS="805" WIDTH="45" HEIGHT="20" WC="0.96" CONTENT="hela"/><SP WIDTH="23" VPOS="805" HPOS="511"/>
							<String ID="string_71" HPOS="534" VPOS="808" WIDTH="64" HEIGHT="17" WC="0.95" CONTENT="orten."/><SP WIDTH="30" VPOS="808" HPOS="598"/>
							<String ID="string_72" HPOS="628" VPOS="806" WIDTH="30" HEIGHT="19" WC="0.91" CONTENT="En"/><SP WIDTH="15" VPOS="806" HPOS="658"/>
							<String ID="string_73" HPOS="673" VPOS="806" WIDTH="70" HEIGHT="24" WC="0.95" CONTENT="mängd"/><SP WIDTH="15" VPOS="806" HPOS="743"/>
							<String ID="string_74" HPOS="758" VPOS="806" WIDTH="54" HEIGHT="19" WC="0.96" CONTENT="förut"/>
						</TextLine>
						<TextLine ID="line_12" HPOS="60" VPOS="834" WIDTH="751" HEIGHT="24">
							<String ID="string_75" HPOS="60" VPOS="834" WIDTH="111" HEIGHT="20" WC="0.90" CONTENT="slumrande"/><SP WIDTH="25" VPOS="834" HPOS="171"/>
							<String ID="string_76" HPOS="196" VPOS="834" WIDTH="123" HEIGHT="20" WC="0.93" CONTENT="arbetskraft"/><SP WIDTH="24" VPOS="834" HPOS="319"/>
							<String ID="string_77" HPOS="343" VPOS="834" WIDTH="158" HEIGHT="24" WC="0.90" CONTENT="fruktbargöres,"/><SP WIDTH="25" VPOS="834" HPOS="501"/>
							<String ID="string_78" HPOS="526" VPOS="834" WIDTH="194" HEIGHT="24" WC="0.90" CONTENT="befolkningssiffran"/><SP WIDTH="23" VPOS="834" HPOS="720"/>
							<String ID="string_79" HPOS="743" VPOS="835" WIDTH="68" HEIGHT="23" WC="0.92" CONTENT="stiger,"/>
						</TextLine>
						<TextLine ID="line_13" HPOS="60" VPOS="862" WIDTH="754" HEIGHT="26">
							<String ID="string_80" HPOS="60" VPOS="864" WIDTH="66" HEIGHT="24" WC="0.96" CONTENT="prisen"/><SP WIDTH="21" VPOS="864" HPOS="126"/>
							<String ID="string_81" HPOS="147" VPOS="863" WIDTH="26" HEIGHT="24" WC="0.96" CONTENT="på"/><SP WIDTH="15" VPOS="863" HPOS="173"/>
							<String ID="string_82" HPOS="188" VPOS="863" WIDTH="35" HEIGHT="20" WC="0.96" CONTENT="allt"/><SP WIDTH="15" VPOS="863" HPOS="223"/>
							<String ID="string_83" HPOS="238" VPOS="864" WIDTH="33" HEIGHT="18" WC="0.96" CONTENT="det"/><SP WIDTH="16" VPOS="864" HPOS="271"/>
							<String ID="string_84" HPOS="287" VPOS="868" WIDTH="40" HEIGHT="14" WC="0.93" CONTENT="som"/><SP WIDTH="15" VPOS="868" HPOS="327"/>
							<String ID="string_85" HPOS="342" VPOS="863" WIDTH="60" HEIGHT="19" WC="0.90" CONTENT="hörer"/><SP WIDTH="15" VPOS="863" HPOS="402"/>
							<String ID="string_86" HPOS="417" VPOS="863" WIDTH="30" HEIGHT="19" WC="0.93" CONTENT="till"/><SP WIDTH="16" VPOS="863" HPOS="447"/>
							<String ID="string_87" HPOS="463" VPOS="862" WIDTH="65" HEIGHT="20" WC="0.92" CONTENT="lifvets"/><SP WIDTH="16" VPOS="862" HPOS="528"/>
							<String ID="string_88" HPOS="544" VPOS="863" WIDTH="90" HEIGHT="19" WC="0.92" CONTENT="nödtorft"/><SP WIDTH="10" VPOS="863" HPOS="634"/>
							<String ID="string_89" HPOS="644" VPOS="863" WIDTH="62" HEIGHT="24" WC="0.89" CONTENT="höjes,"/><SP WIDTH="15" VPOS="863" HPOS="706"/>
							<String ID="string_90" HPOS="721" VPOS="863" WIDTH="37" HEIGHT="20" WC="0.96" CONTENT="och"/><SP WIDTH="11" VPOS="863" HPOS="758"/>
							<String ID="string_91" HPOS="769" VPOS="864" WIDTH="45" HEIGHT="18" WC="0.96" CONTENT="med"/>
						</TextLine>
						<TextLine ID="line_14" HPOS="60" VPOS="892" WIDTH="753" HEIGHT="24">
							<String ID="string_92" HPOS="60" VPOS="897" WIDTH="24" HEIGHT="14" WC="0.93" CONTENT="en"/><SP WIDTH="15" VPOS="897" HPOS="84"/>
							<String ID="string_93" HPOS="99" VPOS="892" WIDTH="93" HEIGHT="23" WC="0.91" CONTENT="rikligare"/><SP WIDTH="16" VPOS="892" HPOS="192"/>
							<String ID="string_94" HPOS="208" VPOS="892" WIDTH="119" HEIGHT="23" WC="0.96" CONTENT="omsättning"/><SP WIDTH="14" VPOS="892" HPOS="327"/>
							<String ID="string_95" HPOS="341" VPOS="892" WIDTH="60" HEIGHT="23" WC="0.96" CONTENT="följer"/><SP WIDTH="15" VPOS="892" HPOS="401"/>
							<String ID="string_96" HPOS="416" VPOS="893" WIDTH="65" HEIGHT="18" WC="0.96" CONTENT="större"/><SP WIDTH="15" VPOS="893" HPOS="481"/>
							<String ID="string_97" HPOS="496" VPOS="892" WIDTH="102" HEIGHT="24" WC="0.96" CONTENT="möjlighet"/><SP WIDTH="14" VPOS="892" HPOS="598"/>
							<String ID="string_98" HPOS="612" VPOS="892" WIDTH="32" HEIGHT="19" WC="0.96" CONTENT="för"/><SP WIDTH="16" VPOS="892" HPOS="644"/>
							<String ID="string_99" HPOS="660" VPOS="895" WIDTH="55" HEIGHT="16" WC="0.96" CONTENT="orten"/><SP WIDTH="11" VPOS="895" HPOS="715"/>
							<String ID="string_100" HPOS="726" VPOS="894" WIDTH="29" HEIGHT="17" WC="0.96" CONTENT="att"/><SP WIDTH="10" VPOS="894" HPOS="755"/>
							<String ID="string_101" HPOS="765" VPOS="892" WIDTH="48" HEIGHT="24" WC="0.96" CONTENT="höja"/>
						</TextLine>
						<TextLine ID="line_15" HPOS="60" VPOS="918" WIDTH="752" HEIGHT="27">
							<String ID="string_102" HPOS="60" VPOS="918" WIDTH="29" HEIGHT="26" WC="0.96" CONTENT="sig"/><SP WIDTH="15" VPOS="918" HPOS="89"/>
							<String ID="string_103" HPOS="104" VPOS="920" WIDTH="6" HEIGHT="19" WC="0.96" CONTENT="i"/><SP WIDTH="16" VPOS="920" HPOS="110"/>
							<String ID="string_104" HPOS="126" VPOS="920" WIDTH="39" HEIGHT="20" WC="0.92" CONTENT="alla"/><SP WIDTH="15" VPOS="920" HPOS="165"/>
							<String ID="string_105" HPOS="180" VPOS="920" WIDTH="113" HEIGHT="20" WC="0.92" CONTENT="afseenden."/><SP WIDTH="23" VPOS="920" HPOS="293"/>
							<String ID="string_106" HPOS="316" VPOS="920" WIDTH="47" HEIGHT="19" WC="0.96" CONTENT="Men"/><SP WIDTH="15" VPOS="920" HPOS="363"/>
							<String ID="string_107" HPOS="378" VPOS="920" WIDTH="45" HEIGHT="19" WC="0.96" CONTENT="med"/><SP WIDTH="15" VPOS="920" HPOS="423"/>
							<String ID="string_108" HPOS="438" VPOS="920" WIDTH="26" HEIGHT="19" WC="0.96" CONTENT="all"/><SP WIDTH="16" VPOS="920" HPOS="464"/>
							<String ID="string_109" HPOS="480" VPOS="921" WIDTH="66" HEIGHT="18" WC="0.96" CONTENT="denna"/><SP WIDTH="15" VPOS="921" HPOS="546"/>
							<String ID="string_110" HPOS="561" VPOS="920" WIDTH="117" HEIGHT="25" WC="0.96" CONTENT="välsignelse"/><SP WIDTH="16" VPOS="920" HPOS="678"/>
							<String ID="string_111" HPOS="694" VPOS="920" WIDTH="49" HEIGHT="25" WC="0.96" CONTENT="följa"/><SP WIDTH="11" VPOS="920" HPOS="743"/>
							<String ID="string_112" HPOS="754" VPOS="920" WIDTH="58" HEIGHT="20" WC="0.96" CONTENT="äfven"/>
						</TextLine>
						<TextLine ID="line_16" HPOS="60" VPOS="949" WIDTH="753" HEIGHT="24">
							<String ID="string_113" HPOS="60" VPOS="949" WIDTH="152" HEIGHT="19" WC="0.91" CONTENT="storindustrins"/><SP WIDTH="23" VPOS="949" HPOS="212"/>
							<String ID="string_114" HPOS="235" VPOS="949" WIDTH="122" HEIGHT="24" WC="0.91" CONTENT="skuggsidor."/><SP WIDTH="30" VPOS="949" HPOS="357"/>
							<String ID="string_115" HPOS="387" VPOS="949" WIDTH="48" HEIGHT="19" WC="0.96" CONTENT="Med"/><SP WIDTH="23" VPOS="949" HPOS="435"/>
							<String ID="string_116" HPOS="458" VPOS="949" WIDTH="37" HEIGHT="20" WC="0.95" CONTENT="och"/><SP WIDTH="24" VPOS="949" HPOS="495"/>
							<String ID="string_117" HPOS="519" VPOS="949" WIDTH="82" HEIGHT="19" WC="0.96" CONTENT="bredvid"/><SP WIDTH="15" VPOS="949" HPOS="601"/>
							<String ID="string_118" HPOS="616" VPOS="949" WIDTH="52" HEIGHT="20" WC="0.92" CONTENT="ökad"/><SP WIDTH="15" VPOS="949" HPOS="668"/>
							<String ID="string_119" HPOS="683" VPOS="949" WIDTH="89" HEIGHT="24" WC="0.91" CONTENT="välmåga"/><SP WIDTH="15" VPOS="949" HPOS="772"/>
							<String ID="string_120" HPOS="787" VPOS="949" WIDTH="26" HEIGHT="24" WC="0.96" CONTENT="på"/>
						</TextLine>
						<TextLine ID="line_17" HPOS="60" VPOS="977" WIDTH="753" HEIGHT="26">
							<String ID="string_121" HPOS="60" VPOS="983" WIDTH="24" HEIGHT="14" WC="0.96" CONTENT="en"/><SP WIDTH="16" VPOS="983" HPOS="84"/>
							<String ID="string_122" HPOS="100" VPOS="978" WIDTH="32" HEIGHT="19" WC="0.96" CONTENT="del"/><SP WIDTH="15" VPOS="978" HPOS="132"/>
							<String ID="string_123" HPOS="147" VPOS="977" WIDTH="40" HEIGHT="20" WC="0.96" CONTENT="håll"/><SP WIDTH="15" VPOS="977" HPOS="187"/>
							<String ID="string_124" HPOS="202" VPOS="977" WIDTH="66" HEIGHT="26" WC="0.96" CONTENT="följer,"/><SP WIDTH="17" VPOS="977" HPOS="268"/>
							<String ID="string_125" HPOS="285" VPOS="978" WIDTH="64" HEIGHT="19" WC="0.96" CONTENT="såsom"/><SP WIDTH="16" VPOS="978" HPOS="349"/>
							<String ID="string_126" HPOS="365" VPOS="977" WIDTH="87" HEIGHT="24" WC="0.96" CONTENT="skuggan"/><SP WIDTH="16" VPOS="977" HPOS="452"/>
							<String ID="string_127" HPOS="468" VPOS="977" WIDTH="58" HEIGHT="24" WC="0.96" CONTENT="följer"/><SP WIDTH="16" VPOS="977" HPOS="526"/>
							<String ID="string_128" HPOS="542" VPOS="978" WIDTH="65" HEIGHT="24" WC="0.96" CONTENT="ljuset,"/><SP WIDTH="23" VPOS="978" HPOS="607"/>
							<String ID="string_129" HPOS="630" VPOS="981" WIDTH="63" HEIGHT="16" WC="0.96" CONTENT="större"/><SP WIDTH="16" VPOS="981" HPOS="693"/>
							<String ID="string_130" HPOS="709" VPOS="978" WIDTH="104" HEIGHT="24" WC="0.96" CONTENT="fattigdom"/>
						</TextLine>
						<TextLine ID="line_18" HPOS="60" VPOS="1006" WIDTH="752" HEIGHT="24">
							<String ID="string_131" HPOS="60" VPOS="1006" WIDTH="37" HEIGHT="19" WC="0.96" CONTENT="och"/><SP WIDTH="24" VPOS="1006" HPOS="97"/>
							<String ID="string_132" HPOS="121" VPOS="1006" WIDTH="69" HEIGHT="19" WC="0.96" CONTENT="elände"/><SP WIDTH="23" VPOS="1006" HPOS="190"/>
							<String ID="string_133" HPOS="213" VPOS="1007" WIDTH="25" HEIGHT="23" WC="0.96" CONTENT="på"/><SP WIDTH="22" VPOS="1007" HPOS="238"/>
							<String ID="string_134" HPOS="260" VPOS="1007" WIDTH="69" HEIGHT="19" WC="0.94" CONTENT="andra."/><SP WIDTH="30" VPOS="1007" HPOS="329"/>
							<String ID="string_135" HPOS="359" VPOS="1006" WIDTH="58" HEIGHT="20" WC="0.92" CONTENT="Såväl"/><SP WIDTH="20" VPOS="1006" HPOS="417"/>
							<String ID="string_136" HPOS="437" VPOS="1007" WIDTH="37" HEIGHT="18" WC="0.96" CONTENT="den"/><SP WIDTH="16" VPOS="1007" HPOS="474"/>
							<String ID="string_137" HPOS="490" VPOS="1007" WIDTH="65" HEIGHT="23" WC="0.96" CONTENT="legala"/><SP WIDTH="15" VPOS="1007" HPOS="555"/>
							<String ID="string_138" HPOS="570" VPOS="1007" WIDTH="131" HEIGHT="23" WC="0.96" CONTENT="fattigvården"/><SP WIDTH="16" VPOS="1007" HPOS="701"/>
							<String ID="string_139" HPOS="717" VPOS="1012" WIDTH="42" HEIGHT="14" WC="0.96" CONTENT="som"/><SP WIDTH="16" VPOS="1012" HPOS="759"/>
							<String ID="string_140" HPOS="775" VPOS="1007" WIDTH="37" HEIGHT="18" WC="0.96" CONTENT="den"/>
						</TextLine>
						<TextLine ID="line_19" HPOS="61" VPOS="1035" WIDTH="753" HEIGHT="24">
							<String ID="string_141" HPOS="61" VPOS="1035" WIDTH="91" HEIGHT="19" WC="0.93" CONTENT="enskilda"/><SP WIDTH="22" VPOS="1035" HPOS="152"/>
							<String ID="string_142" HPOS="174" VPOS="1035" WIDTH="151" HEIGHT="23" WC="0.91" CONTENT="välgörenheten"/><SP WIDTH="21" VPOS="1035" HPOS="325"/>
							<String ID="string_143" HPOS="346" VPOS="1037" WIDTH="55" HEIGHT="21" WC="0.96" CONTENT="tages"/><SP WIDTH="16" VPOS="1037" HPOS="401"/>
							<String ID="string_144" HPOS="417" VPOS="1035" WIDTH="58" HEIGHT="19" WC="0.96" CONTENT="häraf"/><SP WIDTH="13" VPOS="1035" HPOS="475"/>
							<String ID="string_145" HPOS="488" VPOS="1035" WIDTH="7" HEIGHT="18" WC="0.96" CONTENT="i"/><SP WIDTH="16" VPOS="1035" HPOS="495"/>
							<String ID="string_146" HPOS="511" VPOS="1035" WIDTH="87" HEIGHT="24" WC="0.95" CONTENT="anspråk"/><SP WIDTH="16" VPOS="1035" HPOS="598"/>
							<String ID="string_147" HPOS="614" VPOS="1035" WIDTH="25" HEIGHT="24" WC="0.96" CONTENT="på"/><SP WIDTH="15" VPOS="1035" HPOS="639"/>
							<String ID="string_148" HPOS="654" VPOS="1038" WIDTH="28" HEIGHT="16" WC="0.96" CONTENT="ett"/><SP WIDTH="14" VPOS="1038" HPOS="682"/>
							<String ID="string_149" HPOS="696" VPOS="1035" WIDTH="42" HEIGHT="19" WC="0.96" CONTENT="helt"/><SP WIDTH="15" VPOS="1035" HPOS="738"/>
							<String ID="string_150" HPOS="753" VPOS="1037" WIDTH="61" HEIGHT="18" WC="0.96" CONTENT="annat"/>
						</TextLine>
						<TextLine ID="line_20" HPOS="61" VPOS="1063" WIDTH="752" HEIGHT="25">
							<String ID="string_151" HPOS="61" VPOS="1065" WIDTH="40" HEIGHT="17" WC="0.96" CONTENT="sätt"/><SP WIDTH="22" VPOS="1065" HPOS="101"/>
							<String ID="string_152" HPOS="123" VPOS="1066" WIDTH="25" HEIGHT="16" WC="0.96" CONTENT="än"/><SP WIDTH="23" VPOS="1066" HPOS="148"/>
							<String ID="string_153" HPOS="171" VPOS="1063" WIDTH="49" HEIGHT="22" WC="0.96" CONTENT="förr,"/><SP WIDTH="23" VPOS="1063" HPOS="220"/>
							<String ID="string_154" HPOS="243" VPOS="1064" WIDTH="25" HEIGHT="19" WC="0.96" CONTENT="då"/><SP WIDTH="23" VPOS="1064" HPOS="268"/>
							<String ID="string_155" HPOS="291" VPOS="1064" WIDTH="70" HEIGHT="19" WC="0.93" CONTENT="endast"/><SP WIDTH="20" VPOS="1064" HPOS="361"/>
							<String ID="string_156" HPOS="381" VPOS="1064" WIDTH="146" HEIGHT="23" WC="0.90" CONTENT="jordbrukaren"/><SP WIDTH="24" VPOS="1064" HPOS="527"/>
							<String ID="string_157" HPOS="551" VPOS="1064" WIDTH="49" HEIGHT="19" WC="0.96" CONTENT="eller"/><SP WIDTH="15" VPOS="1064" HPOS="600"/>
							<String ID="string_158" HPOS="615" VPOS="1063" WIDTH="84" HEIGHT="20" WC="0.96" CONTENT="fiskaren"/><SP WIDTH="16" VPOS="1063" HPOS="699"/>
							<String ID="string_159" HPOS="715" VPOS="1064" WIDTH="26" HEIGHT="24" WC="0.96" CONTENT="på"/><SP WIDTH="15" VPOS="1064" HPOS="741"/>
							<String ID="string_160" HPOS="756" VPOS="1066" WIDTH="57" HEIGHT="17" WC="0.96" CONTENT="orten"/>
						</TextLine>
						<TextLine ID="line_21" HPOS="60" VPOS="1091" WIDTH="753" HEIGHT="25">
							<String ID="string_161" HPOS="60" VPOS="1091" WIDTH="93" HEIGHT="20" WC="0.92" CONTENT="utöfvade"/><SP WIDTH="24" VPOS="1091" HPOS="153"/>
							<String ID="string_162" HPOS="177" VPOS="1093" WIDTH="30" HEIGHT="18" WC="0.93" CONTENT="sin"/><SP WIDTH="23" VPOS="1093" HPOS="207"/>
							<String ID="string_163" HPOS="230" VPOS="1092" WIDTH="144" HEIGHT="23" WC="0.88" CONTENT="stillsammare,"/><SP WIDTH="23" VPOS="1092" HPOS="374"/>
							<String ID="string_164" HPOS="397" VPOS="1093" WIDTH="54" HEIGHT="18" WC="0.96" CONTENT="olika"/><SP WIDTH="14" VPOS="1093" HPOS="451"/>
							<String ID="string_165" HPOS="465" VPOS="1094" WIDTH="107" HEIGHT="17" WC="0.96" CONTENT="motsatser"/><SP WIDTH="15" VPOS="1094" HPOS="572"/>
							<String ID="string_166" HPOS="587" VPOS="1093" WIDTH="75" HEIGHT="19" WC="0.96" CONTENT="mindre"/><SP WIDTH="16" VPOS="1093" HPOS="662"/>
							<String ID="string_167" HPOS="678" VPOS="1092" WIDTH="135" HEIGHT="24" WC="0.96" CONTENT="befrämjande"/>
						</TextLine>
						<TextLine ID="line_22" HPOS="60" VPOS="1120" WIDTH="753" HEIGHT="25">
							<String ID="string_168" HPOS="60" VPOS="1120" WIDTH="131" HEIGHT="19" WC="0.95" CONTENT="verksamhet."/><SP WIDTH="30" VPOS="1120" HPOS="191"/>
							<String ID="string_169" HPOS="221" VPOS="1121" WIDTH="39" HEIGHT="19" WC="0.96" CONTENT="Det"/><SP WIDTH="22" VPOS="1121" HPOS="260"/>
							<String ID="string_170" HPOS="282" VPOS="1121" WIDTH="75" HEIGHT="19" WC="0.96" CONTENT="händer"/><SP WIDTH="22" VPOS="1121" HPOS="357"/>
							<String ID="string_171" HPOS="379" VPOS="1121" WIDTH="26" HEIGHT="19" WC="0.96" CONTENT="då"/><SP WIDTH="22" VPOS="1121" HPOS="405"/>
							<String ID="string_172" HPOS="427" VPOS="1121" WIDTH="37" HEIGHT="19" WC="0.96" CONTENT="lätt"/><SP WIDTH="22" VPOS="1121" HPOS="464"/>
							<String ID="string_173" HPOS="486" VPOS="1123" WIDTH="30" HEIGHT="17" WC="0.96" CONTENT="att"/><SP WIDTH="15" VPOS="1123" HPOS="516"/>
							<String ID="string_174" HPOS="531" VPOS="1121" WIDTH="31" HEIGHT="19" WC="0.96" CONTENT="för"/><SP WIDTH="16" VPOS="1121" HPOS="562"/>
							<String ID="string_175" HPOS="578" VPOS="1122" WIDTH="37" HEIGHT="18" WC="0.96" CONTENT="den"/><SP WIDTH="17" VPOS="1122" HPOS="615"/>
							<String ID="string_176" HPOS="632" VPOS="1121" WIDTH="99" HEIGHT="24" WC="0.93" CONTENT="offentliga"/><SP WIDTH="15" VPOS="1121" HPOS="731"/>
							<String ID="string_177" HPOS="746" VPOS="1121" WIDTH="67" HEIGHT="23" WC="0.91" CONTENT="fattig-"/>
						</TextLine>
						<TextLine ID="line_23" HPOS="60" VPOS="1149" WIDTH="753" HEIGHT="26">
							<String ID="string_178" HPOS="60" VPOS="1149" WIDTH="81" HEIGHT="24" WC="0.66" CONTENT="vården,"/><SP WIDTH="24" VPOS="1149" HPOS="141"/>
							<String ID="string_179" HPOS="165" VPOS="1149" WIDTH="60" HEIGHT="20" WC="0.96" CONTENT="sådan"/><SP WIDTH="16" VPOS="1149" HPOS="225"/>
							<String ID="string_180" HPOS="241" VPOS="1150" WIDTH="37" HEIGHT="18" WC="0.96" CONTENT="den"/><SP WIDTH="16" VPOS="1150" HPOS="278"/>
							<String ID="string_181" HPOS="294" VPOS="1149" WIDTH="61" HEIGHT="24" WC="0.96" CONTENT="enligt"/><SP WIDTH="14" VPOS="1149" HPOS="355"/>
							<String ID="string_182" HPOS="369" VPOS="1149" WIDTH="33" HEIGHT="24" WC="0.96" CONTENT="lag"/><SP WIDTH="16" VPOS="1149" HPOS="402"/>
							<String ID="string_183" HPOS="418" VPOS="1149" WIDTH="61" HEIGHT="20" WC="0.96" CONTENT="finnes"/><SP WIDTH="16" VPOS="1149" HPOS="479"/>
							<String ID="string_184" HPOS="495" VPOS="1150" WIDTH="77" HEIGHT="19" WC="0.96" CONTENT="ordnad"/><SP WIDTH="16" VPOS="1150" HPOS="572"/>
							<String ID="string_185" HPOS="588" VPOS="1150" WIDTH="36" HEIGHT="19" WC="0.96" CONTENT="hos"/><SP WIDTH="16" VPOS="1150" HPOS="624"/>
							<String ID="string_186" HPOS="640" VPOS="1156" WIDTH="37" HEIGHT="19" WC="0.95" CONTENT="oss,"/><SP WIDTH="16" VPOS="1156" HPOS="677"/>
							<String ID="string_187" HPOS="693" VPOS="1149" WIDTH="58" HEIGHT="21" WC="0.93" CONTENT="svåra"/><SP WIDTH="16" VPOS="1149" HPOS="751"/>
							<String ID="string_188" HPOS="767" VPOS="1149" WIDTH="46" HEIGHT="24" WC="0.92" CONTENT="bry-"/>
						</TextLine>
						<TextLine ID="line_24" HPOS="61" VPOS="1177" WIDTH="753" HEIGHT="26">
							<String ID="string_189" HPOS="61" VPOS="1177" WIDTH="65" HEIGHT="20" WC="0.91" CONTENT="derier"/><SP WIDTH="23" VPOS="1177" HPOS="126"/>
							<String ID="string_190" HPOS="149" VPOS="1178" WIDTH="78" HEIGHT="24" WC="0.96" CONTENT="uppstå,"/><SP WIDTH="22" VPOS="1178" HPOS="227"/>
							<String ID="string_191" HPOS="249" VPOS="1178" WIDTH="68" HEIGHT="19" WC="0.96" CONTENT="hvilka"/><SP WIDTH="22" VPOS="1178" HPOS="317"/>
							<String ID="string_192" HPOS="339" VPOS="1179" WIDTH="17" HEIGHT="23" WC="0.96" CONTENT="ej"/><SP WIDTH="17" VPOS="1179" HPOS="356"/>
							<String ID="string_193" HPOS="373" VPOS="1178" WIDTH="31" HEIGHT="19" WC="0.96" CONTENT="stå"/><SP WIDTH="15" VPOS="1178" HPOS="404"/>
							<String ID="string_194" HPOS="419" VPOS="1179" WIDTH="6" HEIGHT="18" WC="0.96" CONTENT="i"/><SP WIDTH="16" VPOS="1179" HPOS="425"/>
							<String ID="string_195" HPOS="441" VPOS="1179" WIDTH="118" HEIGHT="23" WC="0.96" CONTENT="proportion"/><SP WIDTH="15" VPOS="1179" HPOS="559"/>
							<String ID="string_196" HPOS="574" VPOS="1179" WIDTH="44" HEIGHT="18" WC="0.96" CONTENT="med"/><SP WIDTH="16" VPOS="1179" HPOS="618"/>
							<String ID="string_197" HPOS="634" VPOS="1179" WIDTH="44" HEIGHT="19" WC="0.93" CONTENT="dess"/><SP WIDTH="15" VPOS="1179" HPOS="678"/>
							<String ID="string_198" HPOS="693" VPOS="1178" WIDTH="121" HEIGHT="25" WC="0.91" CONTENT="följdriktigt"/>
						</TextLine>
						<TextLine ID="line_25" HPOS="61" VPOS="1205" WIDTH="753" HEIGHT="27">
							<String ID="string_199" HPOS="61" VPOS="1205" WIDTH="58" HEIGHT="20" WC="0.96" CONTENT="äfven"/><SP WIDTH="22" VPOS="1205" HPOS="119"/>
							<String ID="string_200" HPOS="141" VPOS="1207" WIDTH="60" HEIGHT="23" WC="0.95" CONTENT="något"/><SP WIDTH="15" VPOS="1207" HPOS="201"/>
							<String ID="string_201" HPOS="216" VPOS="1207" WIDTH="63" HEIGHT="19" WC="0.96" CONTENT="ökade"/><SP WIDTH="19" VPOS="1207" HPOS="279"/>
							<String ID="string_202" HPOS="298" VPOS="1207" WIDTH="88" HEIGHT="24" WC="0.96" CONTENT="förmåga"/><SP WIDTH="15" VPOS="1207" HPOS="386"/>
							<String ID="string_203" HPOS="401" VPOS="1208" WIDTH="30" HEIGHT="18" WC="0.94" CONTENT="att"/><SP WIDTH="14" VPOS="1208" HPOS="431"/>
							<String ID="string_204" HPOS="445" VPOS="1207" WIDTH="65" HEIGHT="19" WC="0.96" CONTENT="lemna"/><SP WIDTH="14" VPOS="1207" HPOS="510"/>
							<String ID="string_205" HPOS="524" VPOS="1207" WIDTH="55" HEIGHT="24" WC="0.96" CONTENT="hjelp"/><SP WIDTH="17" VPOS="1207" HPOS="579"/>
							<String ID="string_206" HPOS="596" VPOS="1207" WIDTH="36" HEIGHT="20" WC="0.96" CONTENT="och"/><SP WIDTH="15" VPOS="1207" HPOS="632"/>
							<String ID="string_207" HPOS="647" VPOS="1207" WIDTH="115" HEIGHT="25" WC="0.96" CONTENT="understöd,"/><SP WIDTH="16" VPOS="1207" HPOS="762"/>
							<String ID="string_208" HPOS="778" VPOS="1207" WIDTH="36" HEIGHT="18" WC="0.96" CONTENT="der"/>
						</TextLine>
						<TextLine ID="line_26" HPOS="60" VPOS="1235" WIDTH="222" HEIGHT="24">
							<String ID="string_209" HPOS="60" VPOS="1235" WIDTH="72" HEIGHT="19" WC="0.96" CONTENT="sådant"/><SP WIDTH="14" VPOS="1235" HPOS="132"/>
							<String ID="string_210" HPOS="146" VPOS="1237" WIDTH="23" HEIGHT="17" WC="0.93" CONTENT="är"/><SP WIDTH="14" VPOS="1237" HPOS="169"/>
							<String ID="string_211" HPOS="183" VPOS="1235" WIDTH="99" HEIGHT="24" WC="0.90" CONTENT="behöfligt."/>
						</TextLine>
					</TextBlock>
					<TextBlock ID="block_5" HPOS="59" VPOS="1263" WIDTH="755" HEIGHT="169">
						<TextLine ID="line_27" HPOS="128" VPOS="1263" WIDTH="686" HEIGHT="24">
							<String ID="string_212" HPOS="128" VPOS="1263" WIDTH="92" HEIGHT="20" WC="0.92" CONTENT="Inträffar"/><SP WIDTH="23" VPOS="1263" HPOS="220"/>
							<String ID="string_213" HPOS="243" VPOS="1264" WIDTH="25" HEIGHT="19" WC="0.96" CONTENT="dä"/><SP WIDTH="23" VPOS="1264" HPOS="268"/>
							<String ID="string_214" HPOS="291" VPOS="1270" WIDTH="23" HEIGHT="13" WC="0.96" CONTENT="en"/><SP WIDTH="23" VPOS="1270" HPOS="314"/>
							<String ID="string_215" HPOS="337" VPOS="1269" WIDTH="53" HEIGHT="14" WC="0.93" CONTENT="mera"/><SP WIDTH="15" VPOS="1269" HPOS="390"/>
							<String ID="string_216" HPOS="405" VPOS="1264" WIDTH="118" HEIGHT="23" WC="0.92" CONTENT="vidtgäende"/><SP WIDTH="17" VPOS="1264" HPOS="523"/>
							<String ID="string_217" HPOS="540" VPOS="1265" WIDTH="176" HEIGHT="18" WC="0.92" CONTENT="arbetsinställelse"/><SP WIDTH="16" VPOS="1265" HPOS="716"/>
							<String ID="string_218" HPOS="732" VPOS="1264" WIDTH="32" HEIGHT="19" WC="0.96" CONTENT="vid"/><SP WIDTH="16" VPOS="1264" HPOS="764"/>
							<String ID="string_219" HPOS="780" VPOS="1263" WIDTH="34" HEIGHT="19" WC="0.97" CONTENT="det"/>
						</TextLine>
						<TextLine ID="line_28" HPOS="60" VPOS="1292" WIDTH="753" HEIGHT="26">
							<String ID="string_220" HPOS="60" VPOS="1292" WIDTH="117" HEIGHT="19" WC="0.91" CONTENT="industriela"/><SP WIDTH="22" VPOS="1292" HPOS="177"/>
							<String ID="string_221" HPOS="199" VPOS="1292" WIDTH="75" HEIGHT="26" WC="0.96" CONTENT="verket,"/><SP WIDTH="25" VPOS="1292" HPOS="274"/>
							<String ID="string_222" HPOS="299" VPOS="1293" WIDTH="48" HEIGHT="19" WC="0.93" CONTENT="eller"/><SP WIDTH="15" VPOS="1293" HPOS="347"/>
							<String ID="string_223" HPOS="362" VPOS="1293" WIDTH="107" HEIGHT="24" WC="0.92" CONTENT="nedlägges"/><SP WIDTH="16" VPOS="1293" HPOS="469"/>
							<String ID="string_224" HPOS="485" VPOS="1293" WIDTH="57" HEIGHT="19" WC="0.96" CONTENT="detta"/><SP WIDTH="14" VPOS="1293" HPOS="542"/>
							<String ID="string_225" HPOS="556" VPOS="1293" WIDTH="42" HEIGHT="19" WC="0.96" CONTENT="helt"/><SP WIDTH="15" VPOS="1293" HPOS="598"/>
							<String ID="string_226" HPOS="613" VPOS="1293" WIDTH="36" HEIGHT="19" WC="0.93" CONTENT="och"/><SP WIDTH="15" VPOS="1293" HPOS="649"/>
							<String ID="string_227" HPOS="664" VPOS="1293" WIDTH="68" HEIGHT="25" WC="0.92" CONTENT="hället,"/><SP WIDTH="16" VPOS="1293" HPOS="732"/>
							<String ID="string_228" HPOS="748" VPOS="1292" WIDTH="65" HEIGHT="19" WC="0.93" CONTENT="säsom"/>
						</TextLine>
						<TextLine ID="line_29" HPOS="59" VPOS="1321" WIDTH="754" HEIGHT="25">
							<String ID="string_229" HPOS="59" VPOS="1321" WIDTH="37" HEIGHT="19" WC="0.96" CONTENT="lätt"/><SP WIDTH="23" VPOS="1321" HPOS="96"/>
							<String ID="string_230" HPOS="119" VPOS="1321" WIDTH="39" HEIGHT="19" WC="0.93" CONTENT="kan"/><SP WIDTH="22" VPOS="1321" HPOS="158"/>
							<String ID="string_231" HPOS="180" VPOS="1321" WIDTH="79" HEIGHT="20" WC="0.95" CONTENT="inträffa"/><SP WIDTH="16" VPOS="1321" HPOS="259"/>
							<String ID="string_232" HPOS="275" VPOS="1321" WIDTH="43" HEIGHT="20" WC="0.93" CONTENT="med"/><SP WIDTH="15" VPOS="1321" HPOS="318"/>
							<String ID="string_233" HPOS="333" VPOS="1321" WIDTH="48" HEIGHT="20" WC="0.96" CONTENT="våra"/><SP WIDTH="14" VPOS="1321" HPOS="381"/>
							<String ID="string_234" HPOS="395" VPOS="1321" WIDTH="72" HEIGHT="24" WC="0.96" CONTENT="dagars"/><SP WIDTH="15" VPOS="1321" HPOS="467"/>
							<String ID="string_235" HPOS="482" VPOS="1322" WIDTH="6" HEIGHT="18" WC="0.93" CONTENT="i"/><SP WIDTH="16" VPOS="1322" HPOS="488"/>
							<String ID="string_236" HPOS="504" VPOS="1321" WIDTH="39" HEIGHT="24" WC="0.96" CONTENT="hög"/><SP WIDTH="15" VPOS="1321" HPOS="543"/>
							<String ID="string_237" HPOS="558" VPOS="1323" WIDTH="49" HEIGHT="22" WC="0.93" CONTENT="grad"/><SP WIDTH="15" VPOS="1323" HPOS="607"/>
							<String ID="string_238" HPOS="622" VPOS="1321" WIDTH="73" HEIGHT="24" WC="0.93" CONTENT="rörliga"/><SP WIDTH="16" VPOS="1321" HPOS="695"/>
							<String ID="string_239" HPOS="711" VPOS="1321" WIDTH="102" HEIGHT="25" WC="0.86" CONTENT="storslöjd,"/>
						</TextLine>
						<TextLine ID="line_30" HPOS="59" VPOS="1349" WIDTH="754" HEIGHT="25">
							<String ID="string_240" HPOS="59" VPOS="1349" WIDTH="39" HEIGHT="20" WC="0.95" CONTENT="kan"/><SP WIDTH="23" VPOS="1349" HPOS="98"/>
							<String ID="string_241" HPOS="121" VPOS="1355" WIDTH="24" HEIGHT="14" WC="0.95" CONTENT="en"/><SP WIDTH="23" VPOS="1355" HPOS="145"/>
							<String ID="string_242" HPOS="168" VPOS="1350" WIDTH="55" HEIGHT="23" WC="0.95" CONTENT="liten,"/><SP WIDTH="21" VPOS="1350" HPOS="223"/>
							<String ID="string_243" HPOS="244" VPOS="1351" WIDTH="21" HEIGHT="23" WC="0.93" CONTENT="ja"/><SP WIDTH="22" VPOS="1351" HPOS="265"/>
							<String ID="string_244" HPOS="287" VPOS="1349" WIDTH="57" HEIGHT="20" WC="0.92" CONTENT="äfven"/><SP WIDTH="16" VPOS="1349" HPOS="344"/>
							<String ID="string_245" HPOS="360" VPOS="1351" WIDTH="37" HEIGHT="18" WC="0.96" CONTENT="den"/><SP WIDTH="17" VPOS="1351" HPOS="397"/>
							<String ID="string_246" HPOS="414" VPOS="1352" WIDTH="79" HEIGHT="21" WC="0.93" CONTENT="största,"/><SP WIDTH="17" VPOS="1352" HPOS="493"/>
							<String ID="string_247" HPOS="510" VPOS="1351" WIDTH="148" HEIGHT="19" WC="0.91" CONTENT="landskommun"/><SP WIDTH="15" VPOS="1351" HPOS="658"/>
							<String ID="string_248" HPOS="673" VPOS="1350" WIDTH="38" HEIGHT="19" WC="0.93" CONTENT="lätt"/><SP WIDTH="15" VPOS="1350" HPOS="711"/>
							<String ID="string_249" HPOS="726" VPOS="1349" WIDTH="87" HEIGHT="20" WC="0.92" CONTENT="drabbas"/>
						</TextLine>
						<TextLine ID="line_31" HPOS="59" VPOS="1378" WIDTH="755" HEIGHT="25">
							<String ID="string_250" HPOS="59" VPOS="1378" WIDTH="21" HEIGHT="20" WC="0.96" CONTENT="af"/><SP WIDTH="19" VPOS="1378" HPOS="80"/>
							<String ID="string_251" HPOS="99" VPOS="1384" WIDTH="23" HEIGHT="13" WC="0.96" CONTENT="en"/><SP WIDTH="24" VPOS="1384" HPOS="122"/>
							<String ID="string_252" HPOS="146" VPOS="1378" WIDTH="22" HEIGHT="20" WC="0.90" CONTENT="sä"/><SP WIDTH="22" VPOS="1378" HPOS="168"/>
							<String ID="string_253" HPOS="190" VPOS="1379" WIDTH="52" HEIGHT="19" WC="0.90" CONTENT="ökad"/><SP WIDTH="22" VPOS="1379" HPOS="242"/>
							<String ID="string_254" HPOS="264" VPOS="1379" WIDTH="183" HEIGHT="24" WC="0.92" CONTENT="fattigvärdstunga,"/><SP WIDTH="16" VPOS="1379" HPOS="447"/>
							<String ID="string_255" HPOS="463" VPOS="1381" WIDTH="29" HEIGHT="17" WC="0.93" CONTENT="att"/><SP WIDTH="16" VPOS="1381" HPOS="492"/>
							<String ID="string_256" HPOS="508" VPOS="1380" WIDTH="112" HEIGHT="19" WC="0.93" CONTENT="densamma"/><SP WIDTH="15" VPOS="1380" HPOS="620"/>
							<String ID="string_257" HPOS="635" VPOS="1379" WIDTH="38" HEIGHT="19" WC="0.93" CONTENT="blir"/><SP WIDTH="15" VPOS="1379" HPOS="673"/>
							<String ID="string_258" HPOS="688" VPOS="1379" WIDTH="80" HEIGHT="24" WC="0.93" CONTENT="omöjlig"/><SP WIDTH="16" VPOS="1379" HPOS="768"/>
							<String ID="string_259" HPOS="784" VPOS="1380" WIDTH="30" HEIGHT="17" WC="0.96" CONTENT="att"/>
						</TextLine>
						<TextLine ID="line_32" HPOS="59" VPOS="1406" WIDTH="755" HEIGHT="26">
							<String ID="string_260" HPOS="59" VPOS="1407" WIDTH="55" HEIGHT="20" WC="0.78" CONTENT="bära."/><SP WIDTH="30" VPOS="1407" HPOS="114"/>
							<String ID="string_261" HPOS="144" VPOS="1407" WIDTH="28" HEIGHT="24" WC="0.95" CONTENT="Ty"/><SP WIDTH="23" VPOS="1407" HPOS="172"/>
							<String ID="string_262" HPOS="195" VPOS="1408" WIDTH="100" HEIGHT="23" WC="0.96" CONTENT="samtidigt"/><SP WIDTH="19" VPOS="1408" HPOS="295"/>
							<String ID="string_263" HPOS="314" VPOS="1408" WIDTH="44" HEIGHT="18" WC="0.96" CONTENT="med"/><SP WIDTH="15" VPOS="1408" HPOS="358"/>
							<String ID="string_264" HPOS="373" VPOS="1410" WIDTH="30" HEIGHT="17" WC="0.96" CONTENT="att"/><SP WIDTH="15" VPOS="1410" HPOS="403"/>
							<String ID="string_265" HPOS="418" VPOS="1408" WIDTH="37" HEIGHT="19" WC="0.93" CONTENT="den"/><SP WIDTH="16" VPOS="1408" HPOS="455"/>
							<String ID="string_266" HPOS="471" VPOS="1408" WIDTH="85" HEIGHT="24" WC="0.91" CONTENT="lifligare"/><SP WIDTH="16" VPOS="1408" HPOS="556"/>
							<String ID="string_267" HPOS="572" VPOS="1409" WIDTH="151" HEIGHT="23" WC="0.93" CONTENT="omsättningen,"/><SP WIDTH="15" VPOS="1409" HPOS="723"/>
							<String ID="string_268" HPOS="738" VPOS="1406" WIDTH="76" HEIGHT="25" WC="0.91" CONTENT="hvarpä"/>
						</TextLine>
					</TextBlock>
				</ComposedBlock>
				<ComposedBlock ID="cblock_5" HPOS="128" VPOS="1445" WIDTH="512" HEIGHT="19">
					<TextBlock ID="block_6" HPOS="128" VPOS="1445" WIDTH="512" HEIGHT="19">
						<TextLine ID="line_33" HPOS="128" VPOS="1445" WIDTH="512" HEIGHT="19">
							<String ID="string_269" HPOS="128" VPOS="1445" WIDTH="101" HEIGHT="19" WC="0.91" CONTENT="Allmänna"/><SP WIDTH="12" VPOS="1445" HPOS="229"/>
							<String ID="string_270" HPOS="241" VPOS="1446" WIDTH="176" HEIGHT="18" WC="0.91" CONTENT="Besvärsutskottets"/><SP WIDTH="13" VPOS="1446" HPOS="417"/>
							<String ID="string_271" HPOS="430" VPOS="1446" WIDTH="117" HEIGHT="18" WC="0.91" CONTENT="betänkande"/><SP WIDTH="12" VPOS="1446" HPOS="547"/>
							<String ID="string_272" HPOS="559" VPOS="1447" WIDTH="38" HEIGHT="17" WC="0.96" CONTENT="N:o"/><SP WIDTH="13" VPOS="1447" HPOS="597"/>
							<String ID="string_273" HPOS="610" VPOS="1446" WIDTH="30" HEIGHT="18" WC="0.96" CONTENT="33."/>
						</TextLine>
					</TextBlock>
				</ComposedBlock>
			</PrintSpace>
		</Page>
	</Layout>
</alto>
