1048 1731
241 128 14 20 8
449 126 209 25 Petitionsbotänkande
674 133 30 18 n:o
719 127 20 23 6.

216 189 27 27 pä
265 189 115 27 förebragd
403 190 112 21 ömmande
537 189 70 27 grund
622 189 23 22 af
660 190 132 27 Regeringen
807 189 98 28 vidtagas
919 189 8 21 i
942 195 27 16 en

216 223 78 26 mängd
309 223 67 21 andra
390 223 23 22 af
426 225 72 20 staten
512 224 115 26 uppstälda
642 224 107 21 allmänna
763 223 207 27 afgiftsbestämmel-

216 264 41 17 ser,
281 257 39 21 och
343 259 32 20 att
389 257 163 28 ifrågavarande
568 253 184 36 missförhällande
774 257 102 27 måhända
891 257 28 27 pä
935 257 36 22 det

216 293 55 20 mest
293 291 109 27 sakenliga
424 293 45 20 sätt
483 291 133 27 aflägsnades
631 292 46 21 icke
693 298 75 21 genom
784 298 26 15 en
825 292 93 27 generell
932 291 39 22 be-

217 326 128 27 stämmelse,
360 327 53 20 utan
426 326 46 27 just
487 325 145 28 sälunda,jatt
645 326 159 21 vederbörande
814 326 74 21 rektor
897 326 8 21 i
915 325 56 22 före-

217 361 126 20 kommande
366 360 38 21 fall
426 361 40 20 och
485 361 48 20 med
548 360 123 22 företeende
686 361 46 20 skäl
747 361 71 21 kunde
833 361 39 21 hos
887 361 84 20 landets

217 394 98 27 regering
337 395 90 20 utverka
447 401 27 14 en
489 394 238 27 afgiftsfrihetZutöfver
743 395 40 20 den
798 395 7 20 i
819 395 152 26 författningen

217 428 112 27 medgifna.

286 463 11 20 I
319 463 94 26 enlighet
432 463 48 21 med
495 463 39 21 allt
550 463 36 21 det
601 463 90 22 sålunda
705 463 96 27 anförda,
817 463 34 22 får
865 463 106 22 utskottet

218 498 52 20 äran
284 496 90 22 föreslå:

424 551 32 18 att
472 548 130 28 Ständerna,
618 550 69 20 under
702 549 112 21 uttalande
829 549 30 26 af
870 548 41 21 den
921 548 50 27 för-

355 582 119 28 hoppning,
497 585 32 18 att
553 583 167 27 Styrelsen,
680 578 41 37 "dä
737 582 180 28 förhållandena
935 582 37 20 vid

355 616 66 26 något
437 616 97 21 läroverk
545 617 81 21 sådant
632 616 101 28 påkalla,
744 617 119 26 tillstädjer
873 616 99 27 befrielse

356 649 53 25 från
432 650 131 27 erläggande
585 650 31 26 af
633 650 142 28 skolafgiften
793 650 41 27 för
857 653 28 19 ett
904 652 68 19 större

356 684 61 20 antal
440 684 67 20 elever
529 686 29 18 än
581 684 34 21 det
634 685 8 20 i
656 686 28 20 25
700 685 15 27 $
731 685 28 27 af
770 685 82 27 nådiga
869 684 103 21 Skolord-

356 718 80 26 ningen
452 718 30 27 af
493 718 41 20 den
548 720 16 20 2
579 719 168 27 Augusti21872
762 719 119 27 medgifna,
902 719 70 20 lemna

354 752 120 26 petitionen
489 754 53 18 utan
558 752 106 27 afseende.

288 819 139 27 Helsingfors,
450 820 23 21 af
494 820 108 22 allmänna
624 820 197 22 Besvärsutskottet
836 821 41 21 den
892 821 27 21 20
934 821 39 21 Fe-

219 852 73 22 bruari
309 854 60 21 1888.

288 904 11 20 I
323 904 99 22 ärendets
444 905 129 27 behandling
595 905 63 21 hafva
681 906 88 26 deltagit
784 906 116 21 utskottets
915 906 57 21 leda-

220 938 81 20 möter:
325 938 98 27 Ramsay,
444 939 33 25 A.,
499 940 113 24 Norrmén,
627 940 33 26 A.,
675 940 107 26 Järvinen,
798 940 33 25 N.,
847 940 126 25 Blomstedt,

220 971 25 21 K.
269 972 26 24 J.,
319 973 117 26 Nordlund,
460 973 31 25 F.,
514 969 92 32 Öhberg,
629 974 33 25 V.,
681 974 127 27 Tojkander,
825 974 22 21 C.
863 975 30 26 F.,
910 975 63 26 Schy-

221 1005 98 27 bergson,
336 1007 31 26 E.,
383 1007 92 27 Nyberg,
492 1008 31 24 A.,
541 1007 87 27 Ojanen,
644 1008 34 27 K.,
689 1008 122 27 Danielson,
822 1009 25 20 A.
858 1009 30 26 F.,
899 1009 73 20 Päivä-

220 1039 62 26 rinta,
299 1040 30 24 P.,
345 1040 78 27 Pöysti,
439 1041 31 25 E.,
487 1041 39 21 och
542 1042 145 26 suppleanter:
703 1042 88 25 Schildt,
803 1043 42 27 Hj.,
855 1043 118 26 Rehausen,

220 1073 32 23 V.,
268 1073 90 22 friherre
375 1075 94 23 Palmén,
485 1075 24 20 E.
525 1075 25 22 G.

299 1488 103 18 Allmänna
415 1490 185 22 Besvärsutskottets'
607 1490 116 18 betänkande
736 1492 37 16 N:o
785 1490 17 19 2.
