1048 1731
136 1368 10 8 s
166 1369 11 8 a

134 1377 13 19 $
165 1378 20 12 2

220 107 24 21 16
419 106 201 25 Motionsbetänkande
630 108 38 23 M:o
678 108 31 23 14.

326 170 71 27 seelse,
419 169 87 22 hvilken
531 171 155 28 mälseganden
713 177 73 15 ensam
809 177 49 22 eger
879 171 69 24 ätala,

327 205 50 15 vare
392 199 56 21 hans
463 199 71 21 ensak.

395 227 139 22 Förverkadt
554 227 103 22 vildbräd
679 228 53 21 eller
753 227 48 22 dess
821 227 66 21 värde
903 228 46 21 till-

321 255 74 27 faller
405 256 161 27 mälseganden,
576 259 58 18 utom
645 257 30 21 dä
685 255 158 28 innehafvaren
854 255 29 27 af
884 256 64 28 jagt-

327 286 46 19 rätt
395 285 102 27 olofligen
505 285 61 26 fällt
579 285 102 21 vilddräd
696 285 59 21 inom
770 287 46 25 eget
831 284 93 27 område,
940 285 9 20 i

327 312 78 22 hvilket
417 313 47 26 fall
479 314 36 21 det
523 313 104 28 fördelas
643 314 46 21 lika
703 320 46 15 som
765 313 94 21 böterna.

383 341 196 29 Mälseganderätt,
602 349 45 14 som
670 342 75 22 tillhör
764 341 92 28 kronan,
871 341 35 21 mä
922 341 29 26 af

326 370 159 22 vederbörande
501 370 111 29 beslagare
626 371 174 28 tillgodonjutas.

387 398 44 22 Vid
445 399 112 22 bristande
572 400 95 27 tillgäng
671 399 135 28 förvandlas
817 399 85 21 böterne
913 398 34 21 till

321 427 103 28 fängelse
446 428 37 21 vid
505 430 72 19 vatten
600 427 38 22 och
654 428 54 21 bröd
723 428 68 27 enligt
805 428 82 21 allmän
903 427 43 28 lag.

602 499 16 25 $
632 499 37 21 21.

384 548 80 22 Denna
473 548 137 29 förordning
625 550 58 21 skall
699 549 60 27 tjena
770 549 35 21 till
815 548 132 27 efterlefnad

321 576 60 27 från
395 578 42 20 den

327 605 39 21 och
382 606 38 20 bör
435 609 29 18 ett
479 607 109 27 exemplar
603 606 71 27 häraf
680 606 78 27 finnas
769 606 136 27 tillgängligt
915 606 32 20 uti

327 634 76 28 hvarje
418 634 188 28 kommunalstuga
618 636 32 26 på
666 635 75 21 landet
755 637 58 19 samt
827 635 9 20 i
850 634 50 21 stad
915 634 32 21 uti

327 662 132 29 Magistrats
473 664 53 20 eller
541 664 162 28 ordningsrätts
712 662 98 28 förrum.

385 720 141 29 Helsingfors
541 721 41 21 den
596 722 15 20 3
627 721 109 21 Februari
751 721 66 21 1888.

777 782 19 24 6.
813 782 82 24 Aminoff.

258 924 97 22 Emedan
377 925 84 22 landets
484 926 92 27 styrelse
598 926 37 21 vid
660 926 53 21 1882
737 925 35 21 ärs
794 925 103 27 landtdag
916 924 33 21 till

190 958 131 23 Ständernas
337 961 121 26 antagande
473 960 134 21 framställde
622 962 32 20 ett
673 960 119 27 lagförslag
815 959 23 21 af
858 959 92 21 hufvud-

190 993 97 28 sakligen
310 994 113 21 enahanda
445 995 56 26 syfte
523 995 49 21 med
588 995 42 26 det,
647 1001 46 15 som
709 993 119 22 innehälles
843 993 7 21 i
866 993 83 22 föreva-

188 1027 67 22 rande
269 1028 89 27 motion,
369 1030 57 26 samt
437 1029 41 21 den
485 1029 129 26 erfarenhet,
624 1035 45 16 som
677 1029 67 21 sedan
753 1028 91 21 nämnde
853 1027 96 21 ständer-

188 1063 58 20 möte
268 1063 93 26 vunnits,
386 1069 62 21 synes
470 1063 100 22 bekräfta
593 1063 36 22 det
644 1063 67 21 redan
727 1063 28 21 dä
770 1062 128 21 framhällna
913 1061 37 22 be-

188 1095 75 22 hofvet
278 1096 24 21 af
315 1097 116 27 ändringar
447 1097 6 21 i
469 1097 105 22 särskilda
590 1097 60 22 delar
665 1097 24 21 af
702 1097 100 27 gällande
816 1096 132 27 förordning,

188 1136 35 15 om
244 1131 48 26 jagt
315 1131 40 21 och
378 1131 99 28 djurfäng
499 1132 8 21 i
521 1132 93 21 Finland
629 1131 24 22 af
667 1132 42 21 den
726 1133 25 19 10
767 1130 103 22 Februari
888 1132 61 25 1868,

189 1170 63 15 anser
267 1165 33 27 sig
315 1166 108 21 utskottet
437 1166 53 21 böra
505 1165 87 22 förorda
608 1166 36 21 det
654 1166 24 21 af
685 1165 136 22 motionären
830 1165 121 26 framlagda

189 1199 118 28 lagförslag
322 1200 70 21 säsom
408 1200 99 27 lämpligt
522 1202 33 20 att
570 1201 74 26 läggas
659 1201 35 20 till
709 1200 70 27 grund
795 1199 33 21 för
839 1205 27 14 en
874 1199 77 21 under-

189 1233 64 28 dänig
268 1234 83 21 motion
367 1241 34 14 om
417 1234 128 22 utfärdande
560 1235 23 20 af
596 1241 29 21 ny
640 1234 127 27 förordning
781 1234 8 21 i
805 1235 78 19 ämnet.
900 1233 50 21 Lik-

188 1267 35 21 väl
245 1268 40 21 har
306 1269 107 21 utskottet
436 1269 69 21 funnit
530 1269 46 21 skäl
600 1269 34 21 till
656 1269 112 26 åtskilliga
784 1267 167 28 anmärkningar

189 1303 58 20 emot
261 1302 146 21 motionärens
423 1303 86 28 förslag,
526 1303 7 20 i
548 1303 82 21 hvilket
646 1303 107 21 utskottet
769 1302 58 27 förty
842 1302 56 27 gjort
914 1303 37 19 än-

190 1335 93 28 dringar,
299 1336 49 21 dem
363 1337 106 21 utskottet
484 1343 28 15 nu
528 1337 38 27 gär
580 1339 32 19 att
627 1337 116 21 motivera:

254 1370 11 21 I
289 1371 12 21 2
325 1371 12 27 $
352 1378 65 15 mom.
433 1372 22 27 a)
477 1371 91 22 föreslår
589 1372 108 21 utskottet
713 1371 41 20 den
770 1370 131 28 förändring,
919 1371 32 19 att

189 1404 132 27 ejderhanen
337 1406 133 27 undantages
485 1406 47 21 från
548 1406 161 27 fridlysningen,
727 1405 46 21 dels
789 1404 89 22 emedan
902 1404 48 21 dess

259 1444 202 19 Ekonomiutskottets
473 1445 121 18 betänkande
606 1445 36 18 N:o
656 1446 26 17 16.
