1048 1731
330 136 208 24 Petitionsbetänkande
555 136 33 24 N:o
604 136 12 23 I.
790 139 25 20 91

90 198 75 21 Denna
186 198 85 27 mening
293 198 129 22 omfattades
441 199 62 22 äfven
518 199 8 21 i
541 205 27 15 en
582 199 133 22 reservation
729 202 46 20 mot
787 200 58 27 jern-

89 233 169 28 vägsutskottets
279 233 36 21 vid
339 234 53 20 1885
415 233 35 21 års
469 233 103 28 landtdag
587 233 137 22 betänkande
739 235 7 20 i
762 235 83 21 föreva-

89 268 66 21 rande
170 267 67 28 fråga.
267 267 150 21 Kostnaderna
432 267 33 22 för
481 274 26 15 en
523 267 79 22 bibana
616 267 34 22 till
666 267 126 28 Trångsund
807 271 37 19 äro

89 302 34 21 väl
139 302 47 21 icke
200 301 127 26 beräknade,
343 308 49 15 men
408 302 69 21 skulle
493 302 32 26 de,
542 302 66 27 enligt
623 302 56 21 hvad
690 303 106 21 utskottet
805 303 40 21 har

90 331 32 33 sig
143 337 86 26 bekant,
252 336 86 21 komma
360 338 33 19 att
415 336 57 27 stiga
495 337 33 20 till
543 337 86 27 mycket
644 338 59 20 stora
717 337 84 27 belopp,
817 337 28 21 då

89 371 81 22 banans
189 371 64 27 längd
268 370 70 21 blefve
352 371 87 26 vidpass
455 372 27 20 20
497 373 59 20 verst
571 371 40 21 och
626 371 66 22 breda
707 372 52 21 sund
775 371 70 22 måste

90 405 104 28 öfvergås,
210 405 33 21 för
258 406 32 20 att
305 405 35 20 vid
355 404 126 28 Trångsund
496 405 49 22 leda
558 406 116 27 jernvägen
684 406 33 21 till
729 406 60 27 djupt
799 407 46 20 vat-

89 441 43 20 ten.

158 473 36 22 Då
213 473 34 22 det
267 473 101 28 derjemte
383 475 24 19 är
421 473 108 22 utskottet
542 474 82 21 bekant
638 475 33 20 att
686 480 76 21 genom
778 474 67 27 enligt

89 508 158 22 vederbörande
262 507 135 28 myndighets
409 507 144 22 förordnande
568 508 109 22 verkstäld
684 508 161 28 undersökning

90 542 131 28 ådagalagts,
237 544 33 20 att
285 542 95 22 farleden
395 542 48 21 från
459 542 126 28 Trångsund
600 543 33 21 till
649 543 89 27 Wiborg
747 544 43 20 kan
801 542 44 22 för-

90 577 75 27 djupas
180 577 33 21 till
229 578 26 20 15
271 576 43 22 fots
328 577 125 27 vattendjup
469 577 68 21 under
552 577 71 27 lägsta
638 578 160 21 vattenståndet
811 576 34 22 för

91 618 26 15 en
132 618 84 15 summa
230 611 24 21 af
269 613 91 25 191,000
375 612 68 26 mark,
461 617 62 21 synes
538 612 80 20 tanken
633 612 28 26 på
675 618 26 15 en
717 612 79 21 bibana
810 611 35 22 till

89 646 125 27 Trångsund
228 646 7 20 i
251 646 43 20 alla
308 646 112 20 händelser
435 646 53 21 böra
503 645 94 22 förfalla.

160 680 125 22 Kostnaden
300 679 33 22 för
346 680 174 27 jernvägsspåret
535 680 34 21 till
584 680 99 27 Wiborgs
699 680 58 21 stads
773 680 71 26 hamn,

89 714 8 21 i
119 714 41 22 den
182 714 24 21 af
221 714 203 28 jernvägsstyrelsen
440 714 115 22 förordade
570 714 40 21 och
625 714 24 21 af
662 714 100 28 Wiborgs
777 714 70 21 stads-

90 748 135 28 fullmäktige
247 748 79 28 gillade
344 748 159 28 sträckningen,
519 748 40 22 har
573 749 115 21 beräknats
703 748 34 22 till
754 749 91 26 155,000

89 784 67 20 mark.
181 783 79 21 Härtill
275 783 96 21 kommer
385 782 75 22 halfva
475 783 101 27 beloppet
592 782 24 22 af
629 784 130 26 uppskattad
769 789 76 21 expro-

88 818 224 27 priationsersättning
327 818 51 20 eller
393 819 80 25 50,000
487 818 69 20 mark.

160 852 30 20 Pä
212 852 68 27 grund
303 851 23 21 af
347 852 36 21 det
399 852 67 27 sagda
489 852 40 20 och
552 852 89 20 emedan
657 852 36 20 det
708 851 24 21 af
745 850 100 28 Wiborgs

90 886 48 21 stad
160 886 102 27 erbjudna
276 886 75 27 bidrag
367 886 33 21 för
415 885 127 22 utförandet
556 885 24 21 af
594 885 161 27 ifrägavarande
771 885 75 21 hamn-

89 920 49 27 spär
159 922 24 19 är
204 920 81 27 ganska
302 920 126 27 betydande,
447 919 34 22 fär
503 920 107 20 utskottet
632 920 109 20 vördsamt
755 919 86 26 föreslä,

90 956 32 20 att
141 954 118 22 Ständerna
273 955 51 20 ville
339 955 33 21 för
387 955 33 21 sin
436 955 35 20 del
486 954 93 21 besluta:

283 1019 32 19 att
337 1017 37 21 hos
396 1017 65 21 Hans
482 1017 126 28 Kejserliga
624 1017 103 26 Majestät
742 1016 9 20 i
765 1015 81 21 under-

227 1051 101 28 dänighet
348 1051 90 21 anhälla
454 1058 35 14 om
504 1051 122 28 utförande
642 1051 45 20 med
703 1051 30 27 af
750 1049 95 28 Wiborgs

226 1086 50 20 stad
291 1086 112 27 utfästade
419 1085 78 28 bidrag
513 1086 31 27 af
556 1093 25 13 en
597 1085 78 21 bibana
682 1085 59 27 från
751 1084 95 28 bangär-

227 1120 40 21 den
283 1120 7 20 i
309 1119 85 29 Wiborg
410 1120 35 21 till
461 1121 89 20 stadens
565 1120 66 21 södra
646 1119 77 26 hamn;
733 1119 112 28 äfvensom

298 1157 31 18 att
348 1155 43 26 för
414 1155 59 20 detta
485 1153 306 29 jernvägsbyggnadsföretag
806 1159 40 14 an-

227 1189 33 20 slä
276 1195 25 14 en
316 1195 84 14 summa
415 1189 32 27 af
457 1189 99 25 205,000
572 1188 69 21 mark.

395 1305 31 18 26
442 1303 41 20 och
499 1305 37 18 27.

159 1366 33 21 Då
208 1365 118 22 Ständerna
340 1365 35 21 vid
392 1366 54 21 1882
463 1365 36 21 års
514 1365 103 27 landtdag
631 1365 82 21 beslöto
725 1365 32 21 att
766 1363 81 22 bereda

90 1400 193 22 Nordösterbotten
298 1400 39 21 och
352 1400 110 27 Uleäborg
475 1399 232 28 jernvägsförbindelse
722 1398 49 22 med
782 1397 64 22 södra

91 1435 86 21 delarne
199 1434 24 22 af
242 1434 73 21 landet
337 1434 61 27 längs
417 1434 41 21 den
474 1434 131 27 sträckning,
622 1440 45 15 som
682 1440 28 14 nu
725 1433 84 27 intages
824 1431 24 21 af

90 1469 120 27 Uleåborgs
222 1469 94 27 jernväg,
333 1468 65 27 följde
414 1468 63 21 deraf
491 1468 139 27 omedelbart,
646 1470 32 19 att
692 1467 74 27 hvarje
781 1466 66 22 tanke

158 1508 190 23 Jernvägsutskottets
361 1507 117 18 betänkande
491 1508 37 17 N:o
540 1508 18 18 2.
