1048 1731
313 127 238 24 Petitionsbetänkande
567 127 33 24 N:o
616 127 13 22 1.
790 129 28 21 97

89 192 41 25 väg
143 190 67 22 mätte
222 191 158 21 instrumentalt
394 191 134 21 undersökas
544 190 112 28 samtidigt
670 191 49 22 med
735 192 40 21 den
791 191 56 22 före-

90 225 74 26 slagna
188 220 150 36 Tammerfors
344 225 81 21 -Kumo
444 225 124 27 jernvägen.
599 225 153 22 Kostnaderna
771 225 34 22 för
820 232 27 15 en

90 259 58 27 dylik
170 259 158 28 undersökning
350 261 37 20 äro
407 259 88 22 relativt
514 259 124 27 obetydliga
656 259 39 22 och
711 259 72 22 fordra
798 261 48 21 icke

89 293 69 22 heller
172 294 73 21 alltför
260 294 49 27 läng
324 293 37 27 tid,
379 294 89 21 emedan
484 295 115 26 terrängen
614 294 62 27 längs
691 295 49 20 med
750 295 49 21 hela
808 295 38 21 ba-

88 333 42 16 nan
149 330 23 19 är
194 329 95 20 utmärkt
304 327 121 28 förmonlig,
440 328 118 21 bestäende
574 327 150 28 förnämligast
739 329 24 20 af
773 329 73 27 jemna

88 362 65 22 äkrar
168 363 40 21 och
223 365 70 25 ängar.

157 419 33 21 Dä
203 419 37 27 jag
255 421 23 19 är
293 419 125 28 öfvertygad
434 419 34 21 för
483 419 36 21 det
535 419 69 21 första
619 419 79 27 derom,
715 421 32 20 att
755 426 26 15 en
789 420 57 21 bana

88 453 48 22 frän
154 453 131 28 Björneborg
306 453 35 22 till
355 453 67 22 Räfsö
438 453 70 28 aldrig
523 453 43 21 kan
582 453 80 28 byggas
677 456 52 19 utan
745 454 101 28 ofantligt

89 488 66 27 dryga
176 488 121 27 kostnader,
320 488 118 27 hvarjemte
453 488 112 27 betydliga
579 488 202 28 penningesummor
795 489 51 21 ärli-

88 528 41 21 gen
144 522 68 22 mäste
227 523 70 21 ansläs
311 523 8 21 i
334 523 39 21 och
389 522 33 22 för
436 522 226 28 reparationsarbeten
677 523 13 21 ä
705 523 70 21 denna
782 524 63 26 bana,

88 556 86 22 hvilken
194 557 67 27 jemte
283 557 46 21 sina
350 557 78 27 många
450 557 65 21 broar
538 559 24 19 är
577 557 114 21 blottstäld
712 557 34 21 för
761 557 84 22 hafvets

88 591 40 21 och
144 591 100 22 drifisens
258 592 129 26 härjningar,
396 591 41 22 och
447 591 34 21 för
497 591 37 21 det
549 591 67 21 andra
632 591 78 27 derom,
721 594 32 19 att
768 592 77 21 Räfsö-

87 625 71 22 banan
174 626 68 27 aldrig
257 626 84 21 komme
356 627 33 19 att
404 625 33 21 för
453 627 32 20 ett
499 626 157 20 vidsträcktare
664 626 87 21 område
759 626 52 21 eller
819 633 26 14 en

88 661 69 20 större
178 660 125 27 befolkning
317 660 97 21 medföra
429 666 27 14 en
472 660 64 21 dessa
551 660 117 21 kostnader
682 660 57 21 helst
753 661 92 21 närmel-

88 694 56 21 sevis
158 695 149 21 motsvarande
322 696 61 25 nytta
391 694 40 22 och
439 694 76 26 fördel,
525 694 43 21 kan
579 694 37 27 jag
624 694 63 22 alltså
695 694 47 21 icke
751 695 94 21 erkänna

88 728 185 28 nödvändigheten
295 728 24 22 af
339 735 26 15 en
388 728 59 28 dylik
469 729 69 21 banas
558 729 117 27 byggande.
706 729 40 21 Om
761 729 83 21 Raumo

88 762 40 22 och
150 762 171 22 Räfsö-banorna
340 762 55 22 först
410 769 75 15 senare
501 763 86 21 komme
602 764 32 20 att
650 763 110 27 samtidigt
767 764 78 20 under-

88 797 69 26 sökas,
174 797 40 21 och
229 804 34 14 om
279 797 109 27 ändtligen
403 804 27 14 en
443 797 125 27 jemförelse
584 797 78 21 mellan
685 798 26 20 de
733 797 34 21 till
782 798 62 20 hvar-

88 831 52 21 dera
159 831 70 21 banan
245 831 138 27 erforderliga
398 832 147 21 kostnaderna
561 834 55 19 samt
631 832 78 20 mellan
725 832 26 20 de
766 831 79 21 förmå-

87 872 44 20 ner,
154 866 73 20 hvilka
248 866 105 20 hvardera
374 866 76 27 bragte
465 866 73 21 landet
554 866 41 21 och
610 866 148 27 förnämligast
773 868 72 19 vestra

87 900 97 26 Finland,
194 900 120 27 klargjorde
325 902 31 19 att
371 900 67 21 Räfsö
454 900 72 22 banan
541 900 48 22 icke
604 900 67 22 borde
680 900 163 27 ifrågakomma,

87 940 49 15 men
159 934 95 21 deremot
276 934 69 21 banan
363 934 34 21 till
419 934 85 22 Raumo
527 941 51 15 vore
596 934 99 28 behöflig,
718 934 72 22 kunde
808 934 37 21 det

86 969 78 26 hända,
180 971 33 19 att
228 969 58 21 såväl
301 969 217 22 landskommunerna
526 975 47 16 som
580 969 101 28 möjligen
689 969 64 22 äfven
761 969 82 22 Raumo

87 1003 49 21 stad
151 1003 85 21 komme
251 1005 32 19 att
298 1003 75 27 frångå
388 1003 47 21 sina
451 1003 59 22 förut
517 1004 51 21 med
575 1004 111 21 bestämda
700 1004 70 21 vilkor
785 1003 60 28 gifna

87 1037 147 27 förbindelser,
258 1037 89 21 emedan
369 1037 26 22 de
417 1037 76 28 insåge
515 1039 33 20 att
563 1038 70 21 banan
651 1038 7 21 i
673 1038 43 21 alla
730 1038 114 21 händelser

86 1071 86 21 komme
186 1073 34 20 att
235 1072 85 27 byggas.

155 1128 40 21 Om
218 1129 95 21 deremot
335 1129 165 21 Raumo-banan
522 1129 131 21 undersökes
669 1129 111 27 samtidigt
795 1129 50 21 med

86 1163 41 21 den
143 1162 69 27 öfriga
228 1163 199 21 Satakunta-banan
442 1163 41 22 och
499 1163 123 22 Ständerna
635 1163 78 27 kunde,
731 1163 28 27 pä
775 1163 70 27 grund

86 1197 24 21 af
130 1203 27 15 en
178 1203 77 21 genom
277 1197 121 28 byggandet
420 1197 24 21 af
465 1198 121 21 sistnämda
608 1198 56 21 bana
681 1197 95 22 erhållen
791 1203 53 21 nog-

85 1238 105 21 grannare
212 1232 126 26 kännedom,
362 1232 85 21 besluta
471 1232 34 27 sig
528 1231 34 22 för
576 1232 122 27 byggandet
713 1231 24 21 af
750 1231 94 22 Raumo-

85 1267 77 26 banan,
186 1266 82 21 säsnart
291 1266 212 27 omständigheterna
528 1267 36 20 det
586 1266 119 27 medgäfve,
728 1265 24 22 sä
775 1265 70 22 skulle

85 1300 143 22 ofvannämda
243 1301 141 20 förbindelser
398 1301 72 20 mästa
484 1301 175 24 vidmakthällas,
682 1300 40 21 och
737 1300 27 21 de
778 1299 66 22 utlof-

84 1335 54 21 vade
160 1335 103 27 bidragen
281 1335 86 21 komma
382 1341 77 21 genom
480 1337 33 19 att
535 1335 109 21 användas
667 1335 33 21 för
719 1335 124 26 jernvägen,

85 1371 32 20 att
132 1369 72 28 hjelpa
219 1369 34 22 till
268 1369 154 22 realiserandet
437 1369 25 21 af
476 1371 73 20 ortens
565 1369 174 27 förhoppningar.

153 1428 11 20 I
186 1428 113 26 anledning
322 1427 24 21 af
367 1428 36 21 det
418 1427 66 22 ofvan
500 1428 73 27 sagda,
590 1427 65 27 vågar
668 1427 37 27 jag
721 1426 123 27 ödmjukast

84 1462 92 21 anhålla.

152 1503 189 22 Jernvägsutskottets
354 1502 113 17 betänkande
481 1503 38 16 N:o
531 1501 18 17 2.
