1048 1731
283 135 208 23 Petitionshetänkande
508 135 32 22 N:o
549 123 34 34 19.
774 135 12 20 1

128 198 40 21 Om
191 200 26 19 än
239 198 106 21 utskottet
365 197 90 22 sälunda
470 203 63 16 anser
548 197 32 27 sig
594 196 47 22 icke
656 196 53 22 böra
723 196 94 27 förneka,

58 233 32 21 att
105 231 144 28 vetenskaplig
264 232 39 21 och
319 232 66 21 delvis
401 233 61 20 äfven
478 231 97 28 praktisk
590 233 61 25 nyttä
666 237 50 16 vore
732 233 31 20 att
777 231 40 22 för-

58 267 63 20 vänta
137 266 22 21 af
172 266 40 21 den
227 266 8 20 i
250 265 59 28 fräga
324 268 56 19 satta
395 266 167 27 publikationen,
580 265 67 22 finner
662 265 105 22 utskottet
782 265 36 22 det

57 300 64 21 likväl
136 300 101 27 riktigare
257 300 39 21 och
311 300 138 27 sakenligare,
466 302 32 19 att
513 300 75 27 frägan
604 299 45 22 icke
664 301 61 25 göres
741 299 32 22 till
788 299 30 21 fö-

58 335 66 21 remäl
147 334 32 21 för
202 341 25 14 en
250 335 89 26 petition
361 334 47 22 från
427 333 208 28 representationens
650 333 52 27 sida,
719 335 51 20 utan
786 335 31 20 att

58 369 36 21 det
110 368 137 22 öfverlemnas
262 369 23 21 ät
300 369 36 21 det
352 368 159 27 vetenskapliga
522 368 104 26 samfund,
637 367 62 22 hvars
710 367 107 22 verksam-

58 403 134 22 hetsomräde
215 403 67 21 denna
305 403 154 26 angelägenhet
478 404 94 20 närmast
588 401 78 27 tillhör,
682 401 39 22 och
736 401 81 22 hvilket

58 437 88 22 besitter
169 437 25 21 de
210 437 31 21 för
257 437 40 22 den
313 443 90 16 sammas
420 437 97 26 allsidiga
532 436 132 22 bedömande
679 435 138 27 erforderliga

58 471 208 26 förutsättningarna,
283 471 104 27 nämligen
403 471 79 22 Finska
496 470 133 27 Vetenskaps
646 470 119 21 Societeten
776 471 40 25 att,

58 505 8 21 i
88 505 100 22 händelse
211 505 40 22 den
273 505 102 22 tillmäter
397 512 26 15 en
448 505 133 27 publikation
604 504 22 22 af
648 504 60 22 ofvan
727 504 91 22 berörda

61 540 131 26 magnetiska
200 540 39 21 och
247 540 176 26 meteorologiska
433 539 159 22 observationer
600 539 40 21 den
650 539 129 21 omfattande
785 544 34 16 ve-

61 574 132 27 tenskapliga
204 574 113 27 betydelse,
329 576 32 19 att
372 574 69 21 denna
451 574 71 20 kunde
532 579 61 16 anses
608 572 32 22 till
655 572 50 22 fullo
721 574 98 26 uppväga

61 608 25 21 de
101 608 119 28 betydande
235 608 114 22 kostnader
364 608 161 27 publikationen
540 608 7 20 i
563 607 59 27 fråga
637 609 48 25 toge
701 607 6 21 i
719 606 98 28 anspråk,

60 642 40 21 hos
114 642 131 27 Regeringen
261 644 51 25 göra
326 642 154 26 framställning
495 642 8 20 i
518 642 72 21 saken.

130 676 50 22 Med
195 676 48 22 stöd
258 676 22 22 af
294 676 35 22 det
345 676 61 22 ofvan
421 676 88 21 anförda
519 675 33 22 får
563 675 69 22 derför
643 674 104 22 utskottet
759 675 60 21 vörd-

61 712 55 20 samt
131 710 83 27 föreslå,
233 712 32 20 att
279 710 83 22 landets
377 710 114 27 höglofliga
506 710 92 22 Ständer
613 709 48 22 ville
676 709 73 21 förena
764 708 32 28 sig
811 709 8 21 i

62 746 31 20 ett
108 744 141 27 underdånigt
264 744 109 22 uttalande
389 744 88 27 derhän,

268 816 31 18 att
316 813 131 25 Ständerna,
467 812 138 28 öfvertygade
622 819 32 14 om
670 814 31 19 att
717 812 100 28 Regerin-

199 855 46 20 gen,
265 848 52 26 ifall
339 847 86 21 Finska
451 847 133 27 Vetenskaps
608 846 116 21 Societeten
747 846 72 20 derom

200 882 105 26 anhåller,
321 882 46 21 icke
383 882 57 20 skall
455 882 118 20 underlåta
589 883 31 19 att
636 882 50 26 taga
701 881 9 19 i
720 880 100 27 öfvervä-

199 916 76 28 gande,
291 916 109 21 huruvida
415 916 49 21 skäl
474 916 124 27 förefinnes
614 917 32 19 att
661 914 78 28 bevilja
751 914 70 28 erfor-

200 951 83 27 derliga
308 951 77 27 anslag
403 951 42 26 för
467 951 9 20 i
494 950 73 27 fråga
590 949 96 22 varande
708 949 112 26 ändamål,

199 985 49 21 ville
263 985 71 21 lemna
347 985 240 27 petitionsmemorialet
602 986 54 19 utan
672 983 108 26 afseende.

132 1041 137 27 Helsingfors,
292 1041 22 22 af
335 1042 106 21 allmänna
465 1041 197 22 Besvärsutskottet
677 1041 40 21 den
733 1041 13 20 9
762 1039 59 28 April

66 1076 60 21 1888.

132 1242 11 21 I
162 1241 169 27 slutbehandling
350 1241 21 21 af
386 1241 59 22 detta
460 1241 78 22 ärende
554 1241 62 22 hafva
631 1241 96 27 deltagit:
753 1240 69 22 ordfö-

66 1277 86 26 randen,
176 1276 77 21 doktor
275 1276 24 21 A.
316 1276 97 27 Ramsay,
429 1275 145 22 ledamöterne
590 1275 24 22 A.
631 1275 109 26 Norrmén,
756 1274 66 22 Juuso

64 1310 108 27 Hedberg,
190 1309 123 27 Blomstedt,
329 1309 108 25 Järvinen,
452 1309 119 27 Nordlund,
588 1309 125 28 Tojkander,
730 1308 92 28 Nyberg,

65 1344 25 21 V.
107 1339 91 32 Öhberg,
215 1344 80 27 Ojanen
311 1344 39 21 och
365 1343 123 22 Päivärinta
503 1345 56 20 samt
574 1344 162 27 suppleanterne
752 1349 17 15 v.
783 1343 40 21 Re-

64 1378 86 26 hausen,
168 1378 87 27 Schildt,
271 1378 103 26 Renlund,
391 1378 96 22 Alastalo
503 1378 39 21 och
559 1378 134 22 Malkamäki.

133 1508 101 18 Allmänna
247 1508 182 26 Besvärsutskottets
439 1509 117 17 betänkande
569 1509 38 17 N:o
620 1509 30 17 14.
