1048 1731
266 157 71 22 Ständ.
353 157 42 22 Pet.
411 169 26 3 —
454 157 142 22 Petitionsbet.
613 157 35 21 N:o
663 157 31 21 17.
825 157 12 20 3

179 221 68 21 Dessa
271 220 84 27 afgifter
378 220 51 26 utgå
452 219 32 22 för
507 220 36 21 det
562 219 137 22 närvarande
716 219 28 21 till
762 221 30 20 ett
808 225 58 15 sam-

111 255 109 27 manlagdt
243 255 62 26 årligt
328 254 77 27 belopp
429 254 20 21 af
472 254 64 26 5,714
553 254 61 21 mark
630 254 27 21 32
673 254 72 27 penni,
761 253 106 22 fördeladt

111 289 96 27 sälunda,
224 291 31 19 att

183 358 100 27 Wiborgs
299 358 47 21 stad
436 359 98 26 erlägger
548 359 64 25 3,428
629 358 60 21 mark
705 359 28 20 60
749 358 33 27 pii.

179 393 177 21 Fredrikshamns
372 393 48 20 stad
480 410 11 9 a
548 393 61 26 1,714
647 410 12 9 ,
703 393 64 26 29,

178 427 115 22 Kexholms
310 427 48 21 stad
481 444 12 9 E
568 427 38 22 571
648 444 12 9 ,
705 427 28 21 4
756 444 13 9 ,

444 461 90 22 Summa
550 462 64 26 5,714
630 461 61 22 mark
706 462 27 21 32
750 462 32 27 pii.

179 532 77 20 Såsom
272 532 23 20 af
308 532 35 21 det
359 531 92 21 anförda
466 532 101 27 framgär,
577 531 65 21 hafva
659 530 164 28 ifrågavarande
835 530 30 21 af-

111 566 62 27 gifter
188 566 163 27 ursprungligen
371 566 80 27 utgjort
465 566 77 27 bidrag
556 566 31 20 till
614 566 115 21 aflönande
752 565 24 21 af
796 565 71 21 lärare

110 600 36 21 vid
168 600 101 21 skolorna
284 600 7 20 i
305 600 28 21 de
355 600 78 26 städer,
457 600 48 22 från
528 600 73 21 hvilka
617 600 112 22 desamma
745 599 118 27 uppburits.

113 634 30 22 De
165 634 64 22 hafva
251 634 91 21 sålunda
365 634 47 22 icke
430 634 79 28 utgjort
525 635 73 27 någon
615 634 57 22 skatt
688 634 5 21 i
710 634 94 27 egentlig
820 640 45 14 me-

111 670 51 26 ning
178 669 41 21 och
234 669 73 21 kunna
323 669 18 27 cj
358 668 65 22 heller
447 676 77 14 senare
540 675 65 15 anses
621 669 65 21 hafva
701 668 84 22 erhållit
802 670 64 18 natur

112 703 24 22 af
148 704 68 20 sådan
238 704 54 21 blott
315 703 78 27 derför,
417 706 32 18 att
464 704 149 27 skyldigheten
630 705 31 19 att
677 703 72 21 aflöna
766 702 100 27 samtliga

111 738 69 21 lärare
203 738 34 21 vid
260 740 82 19 statens
365 738 99 22 läroverk
489 738 126 28 öfvertagits
635 738 23 21 af
671 738 89 21 kronan.
778 733 13 38 1
791 737 74 27 följd

112 772 63 21 häraf
188 772 60 22 torde
263 772 36 21 det
314 772 118 21 ankomma
448 773 77 21 endast
541 773 13 21 å
570 773 135 27 Regeringen
721 774 31 19 att
764 772 102 21 förordna

112 813 36 15 om
164 806 164 28 ifrågavarande
343 806 96 28 afgifters
455 807 147 27 upphörande.

180 841 31 21 Då
227 841 117 21 emellertid
367 841 164 21 ofvannämnda
556 842 74 21 städer
653 842 46 21 icke
722 843 38 19 äro
777 840 88 22 framför

110 876 68 26 öfriga
194 876 71 21 städer
288 876 6 20 i
317 876 72 20 landet
405 876 6 20 i
426 876 127 27 åtnjutande
569 876 23 21 af
601 877 68 26 några
680 876 64 22 dessa
755 875 110 27 exceptio-

111 910 55 21 nella
188 910 83 26 afgifter
293 910 154 21 motsvarande
470 910 116 27 förmåner,
610 912 53 20 utan
683 912 92 20 tvertom
792 916 72 15 exem-

110 945 66 28 pelvis
192 945 74 21 staden
283 945 166 22 Fredrikshamn
466 945 90 22 förlorat
566 946 60 21 såväl
642 946 33 20 sin
685 946 97 26 tidigare,
796 945 4 20 i
812 945 52 21 den-

110 986 84 15 samma
210 980 96 27 förlagda
321 981 69 20 större
406 980 128 27 kretsskola,
552 980 124 21 sedermera
691 980 66 27 högre
769 980 95 21 elemen-

111 1014 101 27 tarskola,
229 1021 46 14 som
292 1015 33 20 sin
338 1015 81 26 jemväl
435 1014 24 21 af
472 1017 73 19 staten
561 1015 148 26 underhållna,
726 1020 90 15 numera
832 1014 33 21 in-

110 1048 83 27 dragna
208 1049 58 27 lägre
281 1049 188 26 elementarskola,
482 1048 100 22 framstår
593 1049 137 27 obilligheten
741 1049 23 21 af
773 1049 92 20 berörda

110 1083 84 27 afgifter
209 1084 24 20 så
249 1084 85 27 mycket
349 1083 105 28 tydligare
471 1090 46 15 som
538 1084 114 21 desamma
668 1083 83 22 drabba
766 1083 27 21 de
809 1083 57 21 olika

110 1117 102 22 städerna
228 1118 5 21 i
250 1120 29 19 ott
296 1118 46 21 icke
359 1118 90 26 rättvist,
467 1118 23 21 af
504 1119 54 21 intet
574 1119 45 20 skäl
636 1125 89 14 numera
736 1118 130 21 motiveradt

110 1152 138 21 förhållande.

180 1187 6 20 I
202 1187 115 27 anledning
338 1187 64 21 häraf
423 1187 42 21 och
489 1187 28 21 dä
540 1187 122 21 Ständerna
680 1187 33 21 för
728 1188 33 20 sin
777 1187 34 20 del
827 1193 38 14 an-

111 1224 40 19 sett
168 1221 36 22 det
218 1229 53 14 vara
286 1222 85 21 rättvist
394 1222 41 21 och
459 1222 94 27 önskligt
575 1224 31 19 att
622 1222 67 27 sagda
705 1222 84 27 afgifter
804 1221 61 22 kom-

111 1263 34 14 me
161 1258 31 19 att
208 1256 92 29 aflyftas,
310 1257 54 21 helst
378 1256 48 21 med
444 1257 102 21 afseende
562 1257 13 20 å
591 1257 35 20 det
642 1257 61 27 ringa
718 1257 84 26 belopp,
819 1263 48 14 som

111 1297 78 20 genom
213 1291 48 22 dem
285 1291 90 28 inflyter,
397 1291 114 22 desamma
527 1291 47 21 icke
590 1293 38 20 äro
645 1291 23 21 af
681 1292 72 27 någon
769 1291 96 21 finansiel

111 1325 109 28 betydelse
235 1326 33 21 för
283 1326 135 26 statsverket,
428 1325 65 22 hafva
504 1325 122 22 Ständerna
642 1328 52 19 trott
709 1326 32 27 sig
757 1326 54 21 böra
826 1326 40 21 hos

111 1360 66 22 Eders
193 1361 117 27 Kejserliga
325 1361 100 27 Majestät
441 1361 7 20 i
464 1361 172 27 underdånighet
652 1361 125 21 hemställa
768 1356 12 36 :

317 1430 106 21 huruvida
443 1430 45 21 icke
510 1430 46 26 den,
580 1430 65 28 enligt
666 1430 147 27 härförinnan
834 1432 32 18 ut-

249 1464 75 21 komna
336 1464 173 28 författningar,
526 1472 25 13 en
566 1465 34 20 del
615 1464 71 21 städer
698 1464 6 21 i
718 1464 95 27 Wiborgs
831 1464 36 20 län
