1048 1731
274 114 209 24 Petitionsbetänkande
499 115 35 23 N:o
550 114 40 23 30.
762 116 25 21 13

59 179 63 21 mark
138 179 27 21 76
180 179 69 27 penni.
279 179 128 21 Hemmanet
423 179 41 21 N:o
483 180 8 19 1
509 178 7 21 i
532 178 98 22 Möckelö
641 179 27 27 by
680 179 40 21 och
731 178 86 22 Jomala

58 213 84 27 socken,
166 213 49 21 med
237 215 38 24 7,01
298 213 90 20 tunland
410 213 53 21 åker
485 213 41 21 och
549 215 39 24 6,23
611 213 92 21 tunland
725 215 47 25 äng,
793 215 25 18 är

59 248 118 27 skattlagdt
187 247 33 22 till
230 247 47 27 13/3,
287 247 88 26 mantal,
386 247 152 21 motsvarande
548 249 10 18 1
567 247 82 21 mantal
657 247 28 27 pä
693 249 53 24 32,:9
755 249 62 19 tunn-

58 281 51 22 land
123 281 110 22 bebrukad
245 281 55 27 jord,
317 281 39 22 och
372 281 48 21 dess
428 281 182 28 kronoutskylder
619 281 33 22 för
660 281 25 22 år
695 282 53 21 1885
757 284 60 25 stego

59 316 34 21 till
110 319 39 19 148
164 316 61 21 mark
235 317 26 20 29
269 315 71 28 penni.
350 315 135 22 Hemmanen
494 316 41 21 N:o
545 317 11 19 2
566 316 7 21 i
581 316 83 27 Finnby
672 316 28 27 by
709 315 39 22 och
759 315 59 22 Sund

60 351 82 26 socken,
159 350 146 21 innefattande
322 350 66 26 151,38
404 350 97 23 tunland,
518 350 63 21 deraf
592 352 52 25 16,85
662 350 89 21 tunland
767 350 52 21 åker

60 385 40 21 och
110 386 52 25 30,91
173 385 88 21 tunland
277 386 46 25 äng,
340 384 40 21 N:o
397 385 12 20 5
425 385 7 20 i
448 391 83 14 samma
545 384 35 27 by,
591 385 49 20 med
660 386 43 25 84,5
721 384 96 26 tunland,

60 419 24 21 af
97 419 73 21 hvilka
180 421 13 19 8
204 419 88 21 tunland
302 419 51 20 åker
364 418 40 21 och
417 420 52 25 12,29
480 419 91 21 tunland
580 421 47 25 äng,
636 419 40 21 N:o
685 421 12 19 6
707 425 35 15 om
753 420 66 24 144,14

61 453 95 26 tunland,
172 453 61 21 deraf
248 455 51 24 14,03
315 453 90 21 tunland
420 452 53 22 åker
488 453 41 21 och
540 455 52 24 23,11
604 453 89 22 tunland
704 455 47 26 äng,
763 454 56 20 samt

61 487 41 22 N:o
127 489 13 20 8
164 494 35 15 om
226 489 65 25 118,64
315 487 97 27 tunland,
439 487 78 21 hvaraf
539 489 39 25 9,82
601 487 89 21 tunland
712 488 52 21 åker
779 487 40 21 och

65 524 51 24 14,77
132 522 89 21 tunland
243 524 46 25 äng,
313 523 36 19 äro
373 522 124 27 skattlagda
512 522 34 21 till
562 528 54 21 resp.
633 522 52 27 2/32,
702 522 53 27 18/39,
771 522 48 27 23/32

66 556 39 22 och
121 556 46 28 17/35
181 556 86 27 mantal,
287 556 82 21 hvilket
384 556 28 27 pä
430 558 9 19 1
456 556 83 21 mantal
554 558 39 25 gör
608 556 120 27 respektive
745 558 73 24 179,4,

66 592 47 26 208,
136 592 68 25 200,54
228 590 39 22 och
283 591 66 26 223,32
365 590 97 27 tunland,
479 590 64 22 deraf
556 591 119 27 respektive
691 591 50 26 56,6,
757 591 62 25 49,94,

66 626 52 26 51,e7
134 625 40 21 och
189 627 53 25 46,29
257 625 89 21 tunland
365 625 112 21 bebrukad
497 625 56 27 jord.
587 626 52 20 1885
662 625 34 21 års
718 625 102 21 kronout-

65 660 86 26 skylder
167 659 33 21 för
215 660 61 21 dessa
290 660 100 20 hemman
405 660 110 27 uppgingo
532 660 34 21 till
580 666 55 20 resp.
651 660 61 20 F:mk
730 660 89 25 162:08,

67 695 46 20 145:
122 696 34 24 07,
173 695 80 20 200:31
270 694 39 21 och
327 696 89 19 167:74.

133 728 43 22 Det
190 728 60 22 torde
265 728 47 22 icke
327 728 44 22 lida
386 728 67 27 nägot
468 728 74 22 tvifvel
561 730 33 19 att
616 728 68 21 denna
705 728 57 26 höga
785 710 35 39 be-

66 762 108 28 skattning
189 762 23 21 af
225 762 125 22 hemmanen
365 762 28 27 pä
408 758 71 26 Äland
494 763 34 21 till
544 764 46 20 stor
610 762 34 22 del
666 762 117 22 föranledts
799 762 23 21 af

65 796 41 22 den
128 796 92 22 inkomst
237 803 75 21 genom
330 796 53 22 fiske
406 797 111 21 desamma
532 796 85 22 fordom
632 796 71 22 kunde
717 796 102 27 päräkna.

66 830 65 22 Detta
145 830 132 22 förhällande
292 831 39 21 har
347 831 55 21 dock
424 832 69 20 under
515 831 27 21 de
565 831 53 21 sista
639 831 84 21 tiderna
744 830 77 22 under-

64 864 48 28 gått
134 866 103 26 väsentlig
257 866 130 26 förändring,
413 865 40 21 och
477 865 61 21 äfven
562 866 7 20 i
584 865 66 26 öfrigt
664 864 63 22 hafva
742 865 79 24 förmö-

66 899 185 27 genhetsvilkoren
279 900 7 21 i
315 900 70 21 denna
417 900 99 21 landsdel
546 900 40 20 allt
614 906 46 14 mer
688 899 133 21 försämrats.

65 932 122 23 Orsakerna
210 934 69 21 dertill
306 934 67 21 finnas
397 934 7 21 i
433 933 154 22 ofvanstående
610 933 212 28 petitionsmemorial

66 967 82 27 ganska
168 968 97 27 utförligt
287 968 96 24 anförda,
403 968 90 21 hvarför
515 967 113 22 Utskottet
650 968 46 21 icke
713 974 62 15 anser
791 968 31 27 sig

65 1002 64 21 hafva
143 1002 46 21 skäl
208 1003 31 21 till
261 1004 33 20 att
316 1003 39 25 här
369 1002 50 27 ingå
434 1003 8 21 i
457 1002 70 27 någon
542 1002 73 21 vidare
630 1002 156 27 framställning
801 1002 23 21 af

67 1036 115 22 desamma.

140 1071 38 21 Att
193 1065 79 28 Ålands
287 1071 134 26 innevånare,
438 1071 92 21 oaktadt
544 1071 63 21 deras
627 1071 194 26 hufvudsakligaste

66 1105 156 26 näringskällor
239 1105 38 21 allt
299 1111 58 16 mera
379 1105 90 26 utsinat,
493 1105 55 21 dock
570 1105 83 21 mäktat
675 1107 77 24 utgöra
774 1105 48 21 dem

68 1138 70 23 åsatta
153 1139 94 27 pålagor,
262 1139 60 22 torde
337 1139 73 22 kunna
425 1139 109 22 förklaras
556 1145 77 21 genom
656 1139 25 21 de
704 1139 46 21 icke
773 1139 50 21 obe-

69 1173 81 27 tydliga
165 1173 144 28 besparingar,
325 1180 45 15 som
386 1174 26 20 de
428 1174 69 21 under
512 1174 91 26 tidigare
618 1179 147 22 gynsammare
781 1173 41 21 för-

66 1207 115 22 hållanden
195 1208 82 27 lyckats
291 1210 58 25 göra.
371 1208 28 21 Så
414 1208 67 21 framt
497 1208 55 21 dock
568 1208 129 21 dervarande
713 1208 110 21 hemmans

66 1242 139 27 sjelfbestånd
227 1242 46 22 icke
295 1242 54 22 skall
367 1243 59 21 inom
443 1243 41 21 den
499 1244 109 19 närmaste
624 1242 113 21 framtiden
752 1241 71 22 äfven-

65 1278 65 25 tyras,
154 1283 62 22 synas
235 1277 117 22 emellertid
367 1277 183 22 skattelättnader
564 1277 34 21 för
614 1276 137 22 oftanämnda
765 1277 58 20 orter

64 1311 67 22 blifva
145 1311 138 28 nödvändiga.

134 1345 43 22 Det
192 1345 44 22 står
251 1346 123 27 visserligen
389 1345 76 28 hvarje
481 1345 84 22 enskild
575 1344 248 28 lägenhetsinnehafvare

68 1382 64 24 öppet
154 1382 33 19 att
208 1380 81 22 ansöka
311 1387 33 15 om
367 1381 213 26 skattenedsättning
602 1380 34 21 för
656 1380 36 21 sitt
713 1379 110 26 hemman;

67 1414 92 24 menedä
174 1414 107 28 påföljden
297 1415 22 21 af
332 1421 27 15 en
375 1415 58 27 dylik
449 1415 102 21 anhållan
561 1414 77 25 blefve,
654 1416 32 20 att
701 1414 123 22 hemmanet

133 1454 157 18 Statsutskottets
303 1454 120 19 betänkande
436 1454 37 18 N:o
488 1456 26 16 12.
