1048 1731
212 82 346 24 Petitionsbetänkande
573 83 55 23 N:o
643 85 48 22 41.

342 420 215 25 Bankutskoettets
580 421 155 24 betänkande
757 421 30 25 N:o
807 421 18 30 5,

276 455 6 23 i
304 454 99 29 anledning
425 454 21 24 af
467 455 30 24 ett
519 455 49 24 inom
591 455 159 29 Borgareståndet
769 455 56 25 väckt

277 489 164 30 petitionsförslag
460 489 96 29 angående
572 489 68 30 skärpt
655 489 83 25 kontroll
752 490 21 24 af
786 490 39 25 sta-

276 524 41 24 tens
333 523 214 31 penningeförvaltning.

142 626 79 22 Genom
243 626 194 28 protokollsutdrag
459 627 22 21 af
503 627 41 21 den
565 628 26 21 10
606 627 95 22 sistlidne
718 628 53 27 april
785 628 40 22 har

72 660 178 27 Borgareständet
279 660 32 22 till
334 660 177 23 Bankutskottets
536 661 128 27 behandling
688 662 137 21 öfverlemnat

72 695 155 21 nedanstående
242 694 187 28 petitionsförslag
419 690 13 37 :

183 776 58 19 Till
263 776 162 24 vällofliga
448 776 266 24 Borgareständet,

141 828 57 24 Ännu
215 832 35 20 har
269 833 17 24 ej
305 838 34 14 ens
358 835 29 17 ett
404 832 23 20 är
441 832 91 24 förflutit,
548 834 58 18 seian
623 839 22 13 en
662 831 66 21 balans
743 833 25 24 pä
782 839 42 14 mer

72 863 25 17 än
112 860 91 24 300,000
217 861 54 20 mark
286 862 44 19 kom
345 862 6 18 i
367 862 62 23 dagen
443 861 35 19 hos
490 862 125 18 kamreraren
627 862 30 18 vid
668 858 155 28 Öfverstyrelsen

72 890 31 18 för
122 890 102 19 Allmänna
238 890 144 25 byggnaderna;
406 890 36 19 och
458 890 59 19 likväl
534 890 30 19 stä
580 891 18 17 vi
614 890 42 19 äter
671 890 50 19 inför
737 893 28 17 ett
780 890 42 20 fak-

72 920 40 17 tum
135 918 21 19 af
176 924 71 14 samma
269 919 84 24 sorgliga
373 921 38 23 art,
431 919 6 18 i
456 919 33 18 det
509 922 28 15 att
561 919 3 18 i
584 918 90 24 Wiborgs
692 919 41 19 läns
749 920 73 18 ränteri

72 949 70 22 yppats
165 953 23 14 en
211 947 72 24 balans,
305 953 40 14 sem
363 948 59 19 sedan
438 953 24 13 en
477 946 49 25 följd
542 948 21 19 af
577 947 22 19 är
614 947 82 24 fortgätt
711 948 36 19 och
763 948 57 19 efter-

72 976 52 19 hand
140 976 53 23 stigit
208 976 30 19 till
253 976 88 24 omkring
356 975 91 24 200,000
464 977 60 18 mark.

141 1004 43 19 Den
198 1010 25 14 nu
237 1005 106 24 upptäckta
359 1005 91 19 balansen
466 1007 22 16 är
503 1005 21 18 sä
540 1005 77 23 mycket
632 1005 135 26 beklagligare,
782 1011 41 13 som

72 1033 38 19 den
128 1033 87 20 inträffat
229 1033 43 20 icke
286 1034 7 19 i
309 1037 28 16 ett
353 1033 52 24 verk,
422 1034 35 18 der
472 1033 63 20 säsom
551 1034 6 18 i
574 1033 248 24 byggnadsöfverstyrelsen

71 1061 238 26 penningeförvaltningen
328 1063 67 18 endast
415 1064 22 17 är
453 1062 61 25 bisak,
531 1065 47 16 utan
593 1062 32 18 vid
640 1064 28 17 ett
683 1061 20 20 af
717 1062 43 19 värt
775 1068 48 18 upp-

71 1090 153 20 bördsväsendes
239 1091 138 25 hufvudorgan,
393 1091 35 18 der
444 1091 111 18 kontrollen
570 1091 75 24 hittills,
661 1096 30 13 om
705 1090 43 26 ock,
759 1091 63 19 såsom

72 1119 34 18 det
128 1121 65 21 tyvärr
215 1119 48 20 visat
285 1120 35 25 sig,
343 1120 43 19 med
409 1121 59 22 orätt,
492 1122 74 17 ansetts
584 1125 46 14 vara
645 1119 73 19 ordnad
733 1119 26 24 pä
773 1119 50 19 ett
813 1115 14 34 i

71 1147 109 20 hufvudsak
195 1147 177 21 tillfredsställande
387 1150 45 17 sätt.

140 1177 10 18 I
171 1179 63 22 öppen
256 1177 37 24 dag
315 1177 61 24 ligger
395 1177 102 24 härjemte,
513 1179 29 16 att
557 1176 63 19 denna
636 1176 73 23 balans,
725 1175 39 20 lika
779 1176 44 19 litet

72 1210 40 14 som
128 1205 36 19 den
180 1205 34 19 hos
229 1205 124 20 kamreraren
367 1206 7 18 i
389 1204 263 25 Byggnadsötverstyrelsen,
665 1204 87 19 inträffat
761 1205 62 19 under

72 1233 171 27 omständigheter,
267 1240 41 14 som
331 1234 132 24 omöjliggjort
485 1233 49 20 eller
556 1239 34 14 ens
612 1233 7 18 i
642 1233 121 24 synnerligen
785 1233 38 24 hög

71 1263 48 23 grad
142 1262 95 19 försvårat
259 1263 100 19 balansens
381 1263 138 24 upptäckande
543 1262 21 19 sä
586 1262 64 23 tidigt,
672 1264 29 17 att
723 1262 36 19 den
778 1262 45 19 icke

71 1291 69 19 hannit
162 1294 71 21 antaga
255 1291 66 20 alltför
335 1294 54 16 stora
404 1291 136 19 dimensioner.
572 1291 90 18 Tvertom
677 1290 50 19 hade
742 1291 31 18 väl
788 1296 34 13 un-

71 1319 106 20 derslefvet
198 1320 139 24 jemförelsevis
360 1320 37 19 lätt
419 1319 64 20 blifvit
502 1319 97 24 upptäckt
614 1319 48 19 eller
677 1319 90 23 möjligen
782 1319 41 19 helt

71 1348 37 19 och
133 1348 60 20 hället
216 1349 75 19 kunnat
314 1348 135 25 förekommas,
475 1348 66 19 derest
567 1348 178 23 kontrollsystemet
773 1348 50 19 varit

70 1377 104 19 verksamt.

139 1414 158 19 Bankutskottets
309 1415 120 18 betänkande
441 1415 35 17 N:o
489 1416 16 17 5.
