1048 1731
287 131 272 24 Petitionsbetänkande
575 132 40 22 N:o
630 131 36 22 33.
795 133 26 21 23

92 196 57 20 vata
166 195 167 28 läroanstalter,
350 196 58 20 utan
423 196 36 19 att
475 194 26 21 Je
517 194 192 29 betänkligheter
723 195 27 21 af
759 195 91 28 hvarje-

94 229 77 22 handa
186 229 55 28 slag,
258 236 48 15 som
322 229 53 22 från
391 229 62 21 vissa
461 229 50 21 håll
519 229 98 21 uttalats
626 231 48 19 mot
682 229 76 22 denna
766 229 83 29 uppfo-

94 263 133 29 stringsidö,
241 263 8 21 i
265 263 45 22 den
325 263 105 21 faktiska
445 263 163 21 erfarenheten
622 263 85 22 vunnit
715 263 40 22 det
763 265 87 20 minsta

95 299 57 21 stöd.
175 297 82 22 Idéens
272 297 124 29 möjlighet
411 297 36 22 för
456 297 28 22 de
492 297 65 29 lägre
567 298 196 21 åldersklasserna
779 305 70 22 synes

95 333 97 21 sälunda
213 332 54 21 fullt
285 332 130 21 bekräftad.
445 332 55 21 Men
519 332 30 21 dä
564 339 32 14 nu
611 332 84 21 härvid
710 333 139 28 ytterligare

95 367 96 21 beaktas
210 367 27 20 de
259 367 51 20 icke
326 367 68 28 ringa
411 367 153 21 ekonomiska
580 367 108 27 fördelar,
704 374 53 14 man
773 367 8 21 i
797 367 54 21 värt

94 400 184 29 glestbefolkade
300 401 56 21 land
379 401 54 21 med
456 401 51 21 dess
523 401 137 28 folkfattiga
670 401 83 27 städer,
770 401 79 22 kunde

95 435 77 22 hemta
188 435 25 22 af
225 442 92 22 gossars
333 435 44 22 och
392 435 93 22 flickors
497 443 171 20 gemensamma
678 435 173 29 undervisning

95 470 13 21 &
131 472 41 25 ort,
190 469 39 22 der
245 470 61 21 skild
326 470 171 28 undervisning
511 469 135 22 erfordrade
661 472 86 19 tvänne
765 470 84 26 skolor,

96 512 66 14 anser
182 504 116 22 utskottet
316 504 77 22 denna
412 504 126 29 möjlighet
552 505 53 21 icke
621 505 56 21 böra
692 505 89 22 lemnas
797 505 53 21 obe-

96 538 100 30 gagnad.
225 534 80 26 Äfven
327 539 151 28 Regeringen
499 546 70 21 synes
586 539 52 21 icke
654 540 49 20 helt
718 540 44 21 och
777 539 74 21 hället

97 574 120 28 obenägen
240 575 35 19 att
297 573 106 28 tillämpa
426 574 77 20 denna
526 574 148 21 ekonomiskt
693 574 158 28 fördelaktiga

96 608 136 28 anordning.
256 608 89 21 Genom
365 608 29 22 H.
409 608 30 21 K.
455 608 54 21 M:ts
524 608 88 28 nådiga
627 608 50 21 bref
687 608 24 22 af
719 608 45 21 den
774 609 26 21 21
812 608 47 21 Ja-'

96 642 67 21 nuari
187 643 52 21 1887
262 642 41 22 har
325 642 120 29 nämligen
460 643 31 28 pä
506 642 80 22 försök
602 643 101 26 tillåtits,
719 644 34 20 att
768 642 83 22 flickor

97 677 92 28 intagas
212 677 8 21 i
235 677 40 21 två
290 677 104 28 klassiga
409 677 211 21 elementarskolan
636 677 7 21 i
660 677 150 21 Mariehamn.
840 677 12 21 I

98 718 86 15 samma
207 711 85 28 nådiga
316 711 54 22 bref
389 711 116 29 päbjudes
521 711 80 21 vidare
618 711 39 22 det
672 711 83 26 vilkor,
771 713 36 19 att
823 711 28 21 de

98 746 106 28 gvinliga
218 746 117 22 elevernas
347 746 65 21 ålder
427 746 52 21 icke
495 746 38 21 mä
549 746 128 28 ofverstiga
692 746 67 28 fylda
776 747 26 20 13
819 746 30 25 är,

98 783 59 19 samt
176 782 34 20 att
231 788 28 14 en
275 780 38 22 del
328 781 26 21 af
367 780 202 28 undervisningen
577 780 42 22 bör
633 782 57 19 utan
705 780 145 28 förhöjning,

97 816 8 20 i
120 815 143 21 läroverkets
280 817 53 24 stat,
342 815 116 21 anförtros
475 816 24 20 åt
514 822 30 14 en
558 814 123 27 lärarinna,
698 814 97 21 hvilken
811 814 41 21 det

96 849 78 21 tillika
190 849 89 29 äligger
295 851 34 19 att
345 849 82 21 utöfva
442 849 73 28 nödig
532 849 93 28 gvinlig
640 848 82 28 tillsyn
737 848 40 22 vid
792 848 59 21 läro-

96 884 169 28 inrättningen.
294 884 47 22 Vid
364 884 166 28 iakttagandet
547 884 26 20 af
593 884 86 20 sädana
693 883 76 21 vilkor
785 882 66 22 torde

99 918 69 21 äfven
184 918 28 21 de
228 918 78 29 längst
330 918 77 22 drifna
423 918 111 29 farhägor
550 918 127 28 försvinna,
692 918 63 21 helst
770 930 27 3 —
813 917 39 21 det

96 953 38 21 mä
150 956 29 18 än
188 953 91 28 engång
294 953 89 22 erinras
399 966 27 3 —
442 953 55 22 idén
505 953 92 22 komme
606 955 34 19 att
648 952 205 29 tillämpas
778 948 13 38 å
798 952 55 29 min-

99 987 40 21 dre
156 989 67 25 orter,
232 987 40 22 der
288 987 93 22 skolans
397 987 85 22 lättare
497 987 112 28 beröring
624 987 52 21 med
687 987 106 21 hemmen
809 986 43 21 och

98 1022 78 21 dessas
193 1024 72 19 större
281 1023 145 28 bekantskap
443 1022 52 21 med
518 1022 132 21 hvarandra
664 1021 137 28 ytterligare
818 1021 33 20 bi-

98 1056 73 28 draga
186 1056 37 21 till
237 1057 147 28 tryggheten,

166 1096 69 21 Hvad
258 1097 25 21 så
305 1097 146 22 vidkommer
475 1097 28 22 de
519 1097 75 21 under
608 1104 66 14 mom.
690 1103 14 15 a
718 1095 135 29 föreslagna

98 1137 48 21 nya
161 1130 108 22 skolorna
283 1131 74 22 finner
369 1132 120 21 Utskottet
504 1132 73 28 ingen
594 1131 127 28 anledning
733 1131 121 27 förebragt

98 1165 38 20 till
159 1167 35 18 att
213 1165 144 22 beträffande
374 1166 69 22 dessa
458 1167 82 28 frångå
556 1167 45 20 den
616 1166 85 28 giltiga
716 1165 43 22 och
774 1165 79 20 välbe-

98 1199 83 21 tänkta
208 1200 99 28 princip,
331 1202 34 19 att
385 1201 128 21 skolbehof
534 1201 26 21 af
581 1202 76 19 staten
679 1200 41 21 bör
742 1199 112 28 tillgodo-

98 1241 42 20 ses,
171 1234 58 21 först
251 1235 41 20 der
315 1235 83 21 sådant
428 1242 84 21 genom
536 1242 29 14 en
587 1235 30 28 pä
638 1235 78 28 privat
737 1237 46 24 väg
807 1233 47 21 till-

98 1268 108 21 kommen
228 1269 77 21 skolas
326 1269 268 22 existensförhällanden
608 1271 99 19 utrönts.
730 1267 125 29 Möjlighe-

98 1307 40 17 ten
162 1303 110 21 särskildt
294 1304 34 21 för
351 1304 48 21 små
415 1303 79 22 städer
511 1305 35 20 att
560 1303 104 28 fullgöra
679 1303 82 21 sådant
776 1302 78 21 vilkor

98 1337 85 26 blefve,
200 1338 69 21 äfven
284 1338 81 27 denna,
382 1338 150 28 väsentligen
547 1337 149 22 underlättad
705 1343 83 22 genom
797 1343 58 22 upp-

98 1371 114 29 tagandet
231 1372 26 21 af
274 1372 289 29 samundervisningsidén
579 1372 8 21 i
603 1371 132 23 förberördt
750 1371 104 28 omfång.

98 1406 70 21 Klart
184 1410 24 18 är
223 1409 34 19 att
273 1408 13 20 å
301 1410 42 24 ort,
361 1408 40 20 der
417 1408 78 20 skilda
510 1407 80 21 skolor
604 1407 36 21 för
656 1406 27 22 de
699 1406 64 22 olika
779 1406 77 20 könen

167 1447 98 18 Allmänna
276 1448 175 17 Besvärsutskottets
463 1448 109 17 betänkande
584 1447 34 18 N:o
630 1448 31 16 27.
