<?xml version="1.0" encoding="UTF-8"?>
<alto xmlns="http://www.loc.gov/standards/alto/ns-v3#" xmlns:xlink="http://www.w3.org/1999/xlink" xmlns:xsi="http://www.w3.org/2001/XMLSchema-instance" xsi:schemaLocation="http://www.loc.gov/standards/alto/ns-v3# http://www.loc.gov/alto/v3/alto-3-0.xsd">
	<Description>
		<MeasurementUnit>pixel</MeasurementUnit>
		<sourceImageInformation>
			<fileName>/tmp/tess_4gyzbp9n_input.PNG</fileName>
		</sourceImageInformation>
		<OCRProcessing ID="OCR_0">
			<ocrProcessingStep>
				<processingSoftware>
					<softwareName>tesseract 5.3.4</softwareName>
				</processingSoftware>
			</ocrProcessingStep>
		</OCRProcessing>
	</Description>
	<Layout>
		<Page WIDTH="1048" HEIGHT="1731" PHYSICAL_IMG_NR="0" ID="page_0">
			<PrintSpace HPOS="0" VPOS="0" WIDTH="1048" HEIGHT="1731">
				<ComposedBlock ID="cblock_0" HPOS="277" VPOS="132" WIDTH="560" HEIGHT="23">
					<TextBlock ID="block_0" HPOS="277" VPOS="132" WIDTH="560" HEIGHT="23">
						<TextLine ID="line_0" HPOS="277" VPOS="132" WIDTH="560" HEIGHT="23">
							<String ID="string_0" HPOS="277" VPOS="132" WIDTH="69" HEIGHT="22" WC="0.92" CONTENT="Ständ."/><SP WIDTH="17" VPOS="132" HPOS="346"/>
							<String ID="string_1" HPOS="363" VPOS="133" WIDTH="43" HEIGHT="21" WC="0.93" CONTENT="Pet."/><SP WIDTH="15" VPOS="133" HPOS="406"/>
							<String ID="string_2" HPOS="421" VPOS="145" WIDTH="28" HEIGHT="3" WC="0.91" CONTENT="—"/><SP WIDTH="17" VPOS="145" HPOS="449"/>
							<String ID="string_3" HPOS="466" VPOS="133" WIDTH="138" HEIGHT="22" WC="0.90" CONTENT="Petitionsbet."/><SP WIDTH="18" VPOS="133" HPOS="604"/>
							<String ID="string_4" HPOS="622" VPOS="133" WIDTH="34" HEIGHT="22" WC="0.96" CONTENT="N:o"/><SP WIDTH="15" VPOS="133" HPOS="656"/>
							<String ID="string_5" HPOS="671" VPOS="134" WIDTH="16" HEIGHT="21" WC="0.95" CONTENT="1."/><SP WIDTH="139" VPOS="134" HPOS="687"/>
							<String ID="string_6" HPOS="826" VPOS="133" WIDTH="11" HEIGHT="22" WC="0.82" CONTENT="7"/>
						</TextLine>
					</TextBlock>
				</ComposedBlock>
				<ComposedBlock ID="cblock_1" HPOS="107" VPOS="195" WIDTH="761" HEIGHT="1277">
					<TextBlock ID="block_1" HPOS="112" VPOS="195" WIDTH="756" HEIGHT="201">
						<TextLine ID="line_1" HPOS="112" VPOS="195" WIDTH="755" HEIGHT="29">
							<String ID="string_7" HPOS="112" VPOS="195" WIDTH="115" HEIGHT="22" WC="0.91" CONTENT="hållanden"/><SP WIDTH="25" VPOS="195" HPOS="227"/>
							<String ID="string_8" HPOS="252" VPOS="195" WIDTH="6" HEIGHT="20" WC="0.96" CONTENT="i"/><SP WIDTH="23" VPOS="195" HPOS="258"/>
							<String ID="string_9" HPOS="281" VPOS="195" WIDTH="68" HEIGHT="22" WC="0.96" CONTENT="andra"/><SP WIDTH="22" VPOS="195" HPOS="349"/>
							<String ID="string_10" HPOS="371" VPOS="196" WIDTH="140" HEIGHT="21" WC="0.96" CONTENT="hänseenden"/><SP WIDTH="26" VPOS="196" HPOS="511"/>
							<String ID="string_11" HPOS="537" VPOS="196" WIDTH="88" HEIGHT="27" WC="0.96" CONTENT="erbjuda"/><SP WIDTH="25" VPOS="196" HPOS="625"/>
							<String ID="string_12" HPOS="650" VPOS="196" WIDTH="59" HEIGHT="21" WC="0.96" CONTENT="vissa"/><SP WIDTH="20" VPOS="196" HPOS="709"/>
							<String ID="string_13" HPOS="729" VPOS="197" WIDTH="138" HEIGHT="27" WC="0.96" CONTENT="svårigheter."/>
						</TextLine>
						<TextLine ID="line_2" HPOS="112" VPOS="229" WIDTH="756" HEIGHT="30">
							<String ID="string_14" HPOS="112" VPOS="230" WIDTH="99" HEIGHT="21" WC="0.96" CONTENT="Trafiken"/><SP WIDTH="16" VPOS="230" HPOS="211"/>
							<String ID="string_15" HPOS="227" VPOS="229" WIDTH="46" HEIGHT="22" WC="0.96" CONTENT="från"/><SP WIDTH="16" VPOS="229" HPOS="273"/>
							<String ID="string_16" HPOS="289" VPOS="229" WIDTH="106" HEIGHT="23" WC="0.96" CONTENT="Savolaks"/><SP WIDTH="15" VPOS="229" HPOS="395"/>
							<String ID="string_17" HPOS="410" VPOS="231" WIDTH="43" HEIGHT="21" WC="0.96" CONTENT="kan"/><SP WIDTH="11" VPOS="231" HPOS="453"/>
							<String ID="string_18" HPOS="464" VPOS="231" WIDTH="127" HEIGHT="27" WC="0.93" CONTENT="visserligen"/><SP WIDTH="15" VPOS="231" HPOS="591"/>
							<String ID="string_19" HPOS="606" VPOS="231" WIDTH="87" HEIGHT="27" WC="0.91" CONTENT="betjena"/><SP WIDTH="16" VPOS="231" HPOS="693"/>
							<String ID="string_20" HPOS="709" VPOS="231" WIDTH="32" HEIGHT="28" WC="0.96" CONTENT="sig"/><SP WIDTH="15" VPOS="231" HPOS="741"/>
							<String ID="string_21" HPOS="756" VPOS="231" WIDTH="23" HEIGHT="22" WC="0.95" CONTENT="af"/><SP WIDTH="14" VPOS="231" HPOS="779"/>
							<String ID="string_22" HPOS="793" VPOS="231" WIDTH="75" HEIGHT="22" WC="0.96" CONTENT="Saima"/>
						</TextLine>
						<TextLine ID="line_3" HPOS="112" VPOS="264" WIDTH="756" HEIGHT="29">
							<String ID="string_23" HPOS="112" VPOS="265" WIDTH="71" HEIGHT="26" WC="0.96" CONTENT="kanal,"/><SP WIDTH="17" VPOS="265" HPOS="183"/>
							<String ID="string_24" HPOS="200" VPOS="271" WIDTH="49" HEIGHT="14" WC="0.96" CONTENT="men"/><SP WIDTH="16" VPOS="271" HPOS="249"/>
							<String ID="string_25" HPOS="265" VPOS="264" WIDTH="75" HEIGHT="27" WC="0.96" CONTENT="frågan"/><SP WIDTH="15" VPOS="264" HPOS="340"/>
							<String ID="string_26" HPOS="355" VPOS="271" WIDTH="36" HEIGHT="15" WC="0.96" CONTENT="om"/><SP WIDTH="24" VPOS="271" HPOS="391"/>
							<String ID="string_27" HPOS="415" VPOS="265" WIDTH="68" HEIGHT="28" WC="0.93" CONTENT="sagda"/><SP WIDTH="19" VPOS="265" HPOS="483"/>
							<String ID="string_28" HPOS="502" VPOS="266" WIDTH="120" HEIGHT="26" WC="0.88" CONTENT="hamnspår"/><SP WIDTH="22" VPOS="266" HPOS="622"/>
							<String ID="string_29" HPOS="644" VPOS="267" WIDTH="24" HEIGHT="20" WC="0.96" CONTENT="är"/><SP WIDTH="23" VPOS="267" HPOS="668"/>
							<String ID="string_30" HPOS="691" VPOS="265" WIDTH="24" HEIGHT="22" WC="0.92" CONTENT="af"/><SP WIDTH="20" VPOS="265" HPOS="715"/>
							<String ID="string_31" HPOS="735" VPOS="266" WIDTH="133" HEIGHT="27" WC="0.91" CONTENT="obestridligt"/>
						</TextLine>
						<TextLine ID="line_4" HPOS="112" VPOS="299" WIDTH="755" HEIGHT="28">
							<String ID="string_32" HPOS="112" VPOS="300" WIDTH="92" HEIGHT="21" WC="0.95" CONTENT="intresse"/><SP WIDTH="16" VPOS="300" HPOS="204"/>
							<String ID="string_33" HPOS="220" VPOS="299" WIDTH="32" HEIGHT="21" WC="0.96" CONTENT="för"/><SP WIDTH="15" VPOS="299" HPOS="252"/>
							<String ID="string_34" HPOS="267" VPOS="299" WIDTH="48" HEIGHT="21" WC="0.96" CONTENT="hela"/><SP WIDTH="16" VPOS="299" HPOS="315"/>
							<String ID="string_35" HPOS="331" VPOS="299" WIDTH="41" HEIGHT="22" WC="0.96" CONTENT="den"/><SP WIDTH="16" VPOS="299" HPOS="372"/>
							<String ID="string_36" HPOS="388" VPOS="300" WIDTH="34" HEIGHT="21" WC="0.95" CONTENT="del"/><SP WIDTH="15" VPOS="300" HPOS="422"/>
							<String ID="string_37" HPOS="437" VPOS="299" WIDTH="24" HEIGHT="22" WC="0.93" CONTENT="af"/><SP WIDTH="12" VPOS="299" HPOS="461"/>
							<String ID="string_38" HPOS="473" VPOS="299" WIDTH="103" HEIGHT="28" WC="0.93" CONTENT="Wiborgs"/><SP WIDTH="15" VPOS="299" HPOS="576"/>
							<String ID="string_39" HPOS="591" VPOS="300" WIDTH="188" HEIGHT="27" WC="0.96" CONTENT="handelsområde,"/><SP WIDTH="24" VPOS="300" HPOS="779"/>
							<String ID="string_40" HPOS="803" VPOS="301" WIDTH="64" HEIGHT="20" WC="0.96" CONTENT="hvars"/>
						</TextLine>
						<TextLine ID="line_5" HPOS="112" VPOS="333" WIDTH="756" HEIGHT="23">
							<String ID="string_41" HPOS="112" VPOS="333" WIDTH="329" HEIGHT="23" WC="0.91" CONTENT="kommunikationsförbindelse"/><SP WIDTH="18" VPOS="333" HPOS="441"/>
							<String ID="string_42" HPOS="459" VPOS="335" WIDTH="88" HEIGHT="20" WC="0.93" CONTENT="komme"/><SP WIDTH="19" VPOS="335" HPOS="547"/>
							<String ID="string_43" HPOS="566" VPOS="337" WIDTH="31" HEIGHT="18" WC="0.93" CONTENT="att"/><SP WIDTH="19" VPOS="337" HPOS="597"/>
							<String ID="string_44" HPOS="616" VPOS="334" WIDTH="117" HEIGHT="22" WC="0.96" CONTENT="förmedlas"/><SP WIDTH="20" VPOS="334" HPOS="733"/>
							<String ID="string_45" HPOS="753" VPOS="334" WIDTH="23" HEIGHT="21" WC="0.93" CONTENT="af"/><SP WIDTH="19" VPOS="334" HPOS="776"/>
							<String ID="string_46" HPOS="795" VPOS="334" WIDTH="73" HEIGHT="22" WC="0.90" CONTENT="Karel-"/>
						</TextLine>
						<TextLine ID="line_6" HPOS="113" VPOS="369" WIDTH="176" HEIGHT="27">
							<String ID="string_47" HPOS="113" VPOS="369" WIDTH="39" HEIGHT="22" WC="0.91" CONTENT="ska"/><SP WIDTH="12" VPOS="369" HPOS="152"/>
							<String ID="string_48" HPOS="164" VPOS="369" WIDTH="125" HEIGHT="27" WC="0.90" CONTENT="jernvägen."/>
						</TextLine>
					</TextBlock>
					<TextBlock ID="block_2" HPOS="112" VPOS="403" WIDTH="756" HEIGHT="201">
						<TextLine ID="line_7" HPOS="181" VPOS="403" WIDTH="686" HEIGHT="28">
							<String ID="string_49" HPOS="181" VPOS="403" WIDTH="41" HEIGHT="21" WC="0.93" CONTENT="Det"/><SP WIDTH="14" VPOS="403" HPOS="222"/>
							<String ID="string_50" HPOS="236" VPOS="403" WIDTH="131" HEIGHT="27" WC="0.91" CONTENT="Wiborgska"/><SP WIDTH="14" VPOS="403" HPOS="367"/>
							<String ID="string_51" HPOS="381" VPOS="404" WIDTH="142" HEIGHT="27" WC="0.91" CONTENT="hamnspåret"/><SP WIDTH="17" VPOS="404" HPOS="523"/>
							<String ID="string_52" HPOS="540" VPOS="404" WIDTH="66" HEIGHT="21" WC="0.96" CONTENT="skulle"/><SP WIDTH="16" VPOS="404" HPOS="606"/>
							<String ID="string_53" HPOS="622" VPOS="404" WIDTH="111" HEIGHT="21" WC="0.96" CONTENT="dessutom"/><SP WIDTH="20" VPOS="404" HPOS="733"/>
							<String ID="string_54" HPOS="753" VPOS="403" WIDTH="35" HEIGHT="21" WC="0.92" CONTENT="vid"/><SP WIDTH="23" VPOS="403" HPOS="788"/>
							<String ID="string_55" HPOS="811" VPOS="403" WIDTH="56" HEIGHT="22" WC="0.92" CONTENT="utfö-"/>
						</TextLine>
						<TextLine ID="line_8" HPOS="112" VPOS="437" WIDTH="756" HEIGHT="29">
							<String ID="string_56" HPOS="112" VPOS="438" WIDTH="77" HEIGHT="21" WC="0.91" CONTENT="randet"/><SP WIDTH="16" VPOS="438" HPOS="189"/>
							<String ID="string_57" HPOS="205" VPOS="437" WIDTH="22" HEIGHT="22" WC="0.96" CONTENT="af"/><SP WIDTH="14" VPOS="437" HPOS="227"/>
							<String ID="string_58" HPOS="241" VPOS="438" WIDTH="66" HEIGHT="27" WC="0.93" CONTENT="sagda"/><SP WIDTH="13" VPOS="438" HPOS="307"/>
							<String ID="string_59" HPOS="320" VPOS="438" WIDTH="91" HEIGHT="27" WC="0.89" CONTENT="jernväg"/><SP WIDTH="16" VPOS="438" HPOS="411"/>
							<String ID="string_60" HPOS="427" VPOS="445" WIDTH="53" HEIGHT="14" WC="0.96" CONTENT="vara"/><SP WIDTH="15" VPOS="445" HPOS="480"/>
							<String ID="string_61" HPOS="495" VPOS="439" WIDTH="31" HEIGHT="20" WC="0.96" CONTENT="till"/><SP WIDTH="16" VPOS="439" HPOS="526"/>
							<String ID="string_62" HPOS="542" VPOS="441" WIDTH="54" HEIGHT="19" WC="0.95" CONTENT="stort"/><SP WIDTH="16" VPOS="441" HPOS="596"/>
							<String ID="string_63" HPOS="612" VPOS="445" WIDTH="61" HEIGHT="21" WC="0.96" CONTENT="gagn,"/><SP WIDTH="20" VPOS="445" HPOS="673"/>
							<String ID="string_64" HPOS="693" VPOS="439" WIDTH="28" HEIGHT="21" WC="0.96" CONTENT="då"/><SP WIDTH="25" VPOS="439" HPOS="721"/>
							<String ID="string_65" HPOS="746" VPOS="439" WIDTH="122" HEIGHT="20" WC="0.95" CONTENT="detsamma"/>
						</TextLine>
						<TextLine ID="line_9" HPOS="113" VPOS="473" WIDTH="754" HEIGHT="28">
							<String ID="string_66" HPOS="113" VPOS="473" WIDTH="6" HEIGHT="20" WC="0.96" CONTENT="i"/><SP WIDTH="16" VPOS="473" HPOS="119"/>
							<String ID="string_67" HPOS="135" VPOS="473" WIDTH="43" HEIGHT="26" WC="0.96" CONTENT="hög"/><SP WIDTH="14" VPOS="473" HPOS="178"/>
							<String ID="string_68" HPOS="192" VPOS="473" WIDTH="53" HEIGHT="26" WC="0.96" CONTENT="grad"/><SP WIDTH="15" VPOS="473" HPOS="245"/>
							<String ID="string_69" HPOS="260" VPOS="473" WIDTH="86" HEIGHT="20" WC="0.96" CONTENT="komme"/><SP WIDTH="16" VPOS="473" HPOS="346"/>
							<String ID="string_70" HPOS="362" VPOS="475" WIDTH="31" HEIGHT="18" WC="0.96" CONTENT="att"/><SP WIDTH="15" VPOS="475" HPOS="393"/>
							<String ID="string_71" HPOS="408" VPOS="473" WIDTH="124" HEIGHT="21" WC="0.96" CONTENT="underlätta"/><SP WIDTH="13" VPOS="473" HPOS="532"/>
							<String ID="string_72" HPOS="545" VPOS="475" WIDTH="138" HEIGHT="26" WC="0.96" CONTENT="transporten"/><SP WIDTH="16" VPOS="475" HPOS="683"/>
							<String ID="string_73" HPOS="699" VPOS="473" WIDTH="24" HEIGHT="21" WC="0.96" CONTENT="af"/><SP WIDTH="13" VPOS="473" HPOS="723"/>
							<String ID="string_74" HPOS="736" VPOS="473" WIDTH="33" HEIGHT="21" WC="0.93" CONTENT="för"/><SP WIDTH="12" VPOS="473" HPOS="769"/>
							<String ID="string_75" HPOS="781" VPOS="473" WIDTH="86" HEIGHT="27" WC="0.90" CONTENT="jernvä-"/>
						</TextLine>
						<TextLine ID="line_10" HPOS="113" VPOS="507" WIDTH="755" HEIGHT="28">
							<String ID="string_76" HPOS="113" VPOS="514" WIDTH="53" HEIGHT="21" WC="0.93" CONTENT="gens"/><SP WIDTH="16" VPOS="514" HPOS="166"/>
							<String ID="string_77" HPOS="182" VPOS="507" WIDTH="66" HEIGHT="21" WC="0.91" CONTENT="behof"/><SP WIDTH="13" VPOS="507" HPOS="248"/>
							<String ID="string_78" HPOS="261" VPOS="507" WIDTH="91" HEIGHT="27" WC="0.91" CONTENT="sjöledes"/><SP WIDTH="11" VPOS="507" HPOS="352"/>
							<String ID="string_79" HPOS="363" VPOS="507" WIDTH="154" HEIGHT="22" WC="0.96" CONTENT="inkommande"/><SP WIDTH="17" VPOS="507" HPOS="517"/>
							<String ID="string_80" HPOS="534" VPOS="509" WIDTH="98" HEIGHT="21" WC="0.96" CONTENT="material"/><SP WIDTH="15" VPOS="509" HPOS="632"/>
							<String ID="string_81" HPOS="647" VPOS="509" WIDTH="42" HEIGHT="21" WC="0.96" CONTENT="och"/><SP WIDTH="15" VPOS="509" HPOS="689"/>
							<String ID="string_82" HPOS="704" VPOS="508" WIDTH="105" HEIGHT="26" WC="0.96" CONTENT="tillbehör,"/><SP WIDTH="17" VPOS="508" HPOS="809"/>
							<String ID="string_83" HPOS="826" VPOS="507" WIDTH="42" HEIGHT="22" WC="0.96" CONTENT="och"/>
						</TextLine>
						<TextLine ID="line_11" HPOS="113" VPOS="542" WIDTH="754" HEIGHT="28">
							<String ID="string_84" HPOS="113" VPOS="542" WIDTH="84" HEIGHT="21" WC="0.96" CONTENT="således"/><SP WIDTH="15" VPOS="542" HPOS="197"/>
							<String ID="string_85" HPOS="212" VPOS="542" WIDTH="67" HEIGHT="21" WC="0.96" CONTENT="borde"/><SP WIDTH="15" VPOS="542" HPOS="279"/>
							<String ID="string_86" HPOS="294" VPOS="548" WIDTH="53" HEIGHT="15" WC="0.95" CONTENT="vara"/><SP WIDTH="15" VPOS="548" HPOS="347"/>
							<String ID="string_87" HPOS="362" VPOS="542" WIDTH="77" HEIGHT="27" WC="0.96" CONTENT="färdigt"/><SP WIDTH="16" VPOS="542" HPOS="439"/>
							<String ID="string_88" HPOS="455" VPOS="543" WIDTH="36" HEIGHT="21" WC="0.96" CONTENT="vid"/><SP WIDTH="15" VPOS="543" HPOS="491"/>
							<String ID="string_89" HPOS="506" VPOS="543" WIDTH="60" HEIGHT="21" WC="0.96" CONTENT="tiden"/><SP WIDTH="15" VPOS="543" HPOS="566"/>
							<String ID="string_90" HPOS="581" VPOS="542" WIDTH="32" HEIGHT="22" WC="0.96" CONTENT="för"/><SP WIDTH="15" VPOS="542" HPOS="613"/>
							<String ID="string_91" HPOS="628" VPOS="543" WIDTH="59" HEIGHT="21" WC="0.93" CONTENT="detta"/><SP WIDTH="20" VPOS="543" HPOS="687"/>
							<String ID="string_92" HPOS="707" VPOS="542" WIDTH="160" HEIGHT="28" WC="0.92" CONTENT="jernvägsföre-"/>
						</TextLine>
						<TextLine ID="line_12" HPOS="112" VPOS="576" WIDTH="202" HEIGHT="28">
							<String ID="string_93" HPOS="112" VPOS="578" WIDTH="48" HEIGHT="26" WC="0.93" CONTENT="tags"/><SP WIDTH="16" VPOS="578" HPOS="160"/>
							<String ID="string_94" HPOS="176" VPOS="576" WIDTH="138" HEIGHT="28" WC="0.91" CONTENT="påbörjande."/>
						</TextLine>
					</TextBlock>
					<TextBlock ID="block_3" HPOS="111" VPOS="611" WIDTH="757" HEIGHT="405">
						<TextLine ID="line_13" HPOS="180" VPOS="611" WIDTH="688" HEIGHT="27">
							<String ID="string_95" HPOS="180" VPOS="612" WIDTH="34" HEIGHT="20" WC="0.96" CONTENT="Ett"/><SP WIDTH="15" VPOS="612" HPOS="214"/>
							<String ID="string_96" HPOS="229" VPOS="611" WIDTH="82" HEIGHT="27" WC="0.96" CONTENT="ganska"/><SP WIDTH="16" VPOS="611" HPOS="311"/>
							<String ID="string_97" HPOS="327" VPOS="611" WIDTH="86" HEIGHT="21" WC="0.95" CONTENT="talande"/><SP WIDTH="15" VPOS="611" HPOS="413"/>
							<String ID="string_98" HPOS="428" VPOS="612" WIDTH="47" HEIGHT="21" WC="0.96" CONTENT="skäl"/><SP WIDTH="16" VPOS="612" HPOS="475"/>
							<String ID="string_99" HPOS="491" VPOS="612" WIDTH="33" HEIGHT="21" WC="0.96" CONTENT="för"/><SP WIDTH="23" VPOS="612" HPOS="524"/>
							<String ID="string_100" HPOS="547" VPOS="614" WIDTH="29" HEIGHT="19" WC="0.96" CONTENT="ett"/><SP WIDTH="23" VPOS="614" HPOS="576"/>
							<String ID="string_101" HPOS="599" VPOS="612" WIDTH="132" HEIGHT="22" WC="0.96" CONTENT="omedelbart"/><SP WIDTH="23" VPOS="612" HPOS="731"/>
							<String ID="string_102" HPOS="754" VPOS="611" WIDTH="114" HEIGHT="22" WC="0.96" CONTENT="utförande"/>
						</TextLine>
						<TextLine ID="line_14" HPOS="113" VPOS="646" WIDTH="755" HEIGHT="28">
							<String ID="string_103" HPOS="113" VPOS="646" WIDTH="23" HEIGHT="21" WC="0.93" CONTENT="af"/><SP WIDTH="13" VPOS="646" HPOS="136"/>
							<String ID="string_104" HPOS="149" VPOS="646" WIDTH="140" HEIGHT="27" WC="0.91" CONTENT="hamnspåret"/><SP WIDTH="15" VPOS="646" HPOS="289"/>
							<String ID="string_105" HPOS="304" VPOS="646" WIDTH="67" HEIGHT="27" WC="0.96" CONTENT="ligger"/><SP WIDTH="15" VPOS="646" HPOS="371"/>
							<String ID="string_106" HPOS="386" VPOS="646" WIDTH="73" HEIGHT="22" WC="0.93" CONTENT="vidare"/><SP WIDTH="17" VPOS="646" HPOS="459"/>
							<String ID="string_107" HPOS="476" VPOS="647" WIDTH="51" HEIGHT="27" WC="0.92" CONTENT="deri,"/><SP WIDTH="17" VPOS="647" HPOS="527"/>
							<String ID="string_108" HPOS="544" VPOS="649" WIDTH="31" HEIGHT="19" WC="0.96" CONTENT="att"/><SP WIDTH="16" VPOS="649" HPOS="575"/>
							<String ID="string_109" HPOS="591" VPOS="647" WIDTH="41" HEIGHT="21" WC="0.96" CONTENT="den"/><SP WIDTH="15" VPOS="647" HPOS="632"/>
							<String ID="string_110" HPOS="647" VPOS="654" WIDTH="28" HEIGHT="14" WC="0.96" CONTENT="nu"/><SP WIDTH="16" VPOS="654" HPOS="675"/>
							<String ID="string_111" HPOS="691" VPOS="647" WIDTH="6" HEIGHT="20" WC="0.93" CONTENT="i"/><SP WIDTH="23" VPOS="647" HPOS="697"/>
							<String ID="string_112" HPOS="720" VPOS="646" WIDTH="91" HEIGHT="28" WC="0.92" CONTENT="Wiborg"/><SP WIDTH="21" VPOS="646" HPOS="811"/>
							<String ID="string_113" HPOS="832" VPOS="646" WIDTH="36" HEIGHT="21" WC="0.96" CONTENT="vid"/>
						</TextLine>
						<TextLine ID="line_15" HPOS="112" VPOS="680" WIDTH="756" HEIGHT="29">
							<String ID="string_114" HPOS="112" VPOS="681" WIDTH="147" HEIGHT="21" WC="0.92" CONTENT="Kirkkoniemi"/><SP WIDTH="16" VPOS="681" HPOS="259"/>
							<String ID="string_115" HPOS="275" VPOS="680" WIDTH="75" HEIGHT="21" WC="0.95" CONTENT="strand"/><SP WIDTH="14" VPOS="680" HPOS="350"/>
							<String ID="string_116" HPOS="364" VPOS="680" WIDTH="110" HEIGHT="28" WC="0.93" CONTENT="befintliga"/><SP WIDTH="15" VPOS="680" HPOS="474"/>
							<String ID="string_117" HPOS="489" VPOS="682" WIDTH="210" HEIGHT="27" WC="0.91" CONTENT="lastningsbryggan,"/><SP WIDTH="24" VPOS="682" HPOS="699"/>
							<String ID="string_118" HPOS="723" VPOS="688" WIDTH="48" HEIGHT="14" WC="0.96" CONTENT="som"/><SP WIDTH="23" VPOS="688" HPOS="771"/>
							<String ID="string_119" HPOS="794" VPOS="681" WIDTH="6" HEIGHT="21" WC="0.95" CONTENT="i"/><SP WIDTH="15" VPOS="681" HPOS="800"/>
							<String ID="string_120" HPOS="815" VPOS="680" WIDTH="53" HEIGHT="22" WC="0.96" CONTENT="flera"/>
						</TextLine>
						<TextLine ID="line_16" HPOS="113" VPOS="715" WIDTH="755" HEIGHT="28">
							<String ID="string_121" HPOS="113" VPOS="716" WIDTH="140" HEIGHT="20" WC="0.96" CONTENT="hänseenden"/><SP WIDTH="14" VPOS="716" HPOS="253"/>
							<String ID="string_122" HPOS="267" VPOS="715" WIDTH="48" HEIGHT="21" WC="0.96" CONTENT="icke"/><SP WIDTH="10" VPOS="715" HPOS="315"/>
							<String ID="string_123" HPOS="325" VPOS="717" WIDTH="24" HEIGHT="19" WC="0.96" CONTENT="är"/><SP WIDTH="10" VPOS="717" HPOS="349"/>
							<String ID="string_124" HPOS="359" VPOS="716" WIDTH="89" HEIGHT="27" WC="0.96" CONTENT="lämplig"/><SP WIDTH="15" VPOS="716" HPOS="448"/>
							<String ID="string_125" HPOS="463" VPOS="716" WIDTH="32" HEIGHT="22" WC="0.96" CONTENT="för"/><SP WIDTH="16" VPOS="716" HPOS="495"/>
							<String ID="string_126" HPOS="511" VPOS="716" WIDTH="97" HEIGHT="27" WC="0.95" CONTENT="trafiken,"/><SP WIDTH="16" VPOS="716" HPOS="608"/>
							<String ID="string_127" HPOS="624" VPOS="716" WIDTH="49" HEIGHT="21" WC="0.96" CONTENT="med"/><SP WIDTH="16" VPOS="716" HPOS="673"/>
							<String ID="string_128" HPOS="689" VPOS="716" WIDTH="101" HEIGHT="21" WC="0.93" CONTENT="afseende"/><SP WIDTH="16" VPOS="716" HPOS="790"/>
							<String ID="string_129" HPOS="806" VPOS="716" WIDTH="14" HEIGHT="20" WC="0.93" CONTENT="å"/><SP WIDTH="14" VPOS="716" HPOS="820"/>
							<String ID="string_130" HPOS="834" VPOS="715" WIDTH="34" HEIGHT="21" WC="0.96" CONTENT="sin"/>
						</TextLine>
						<TextLine ID="line_17" HPOS="112" VPOS="750" WIDTH="755" HEIGHT="28">
							<String ID="string_131" HPOS="112" VPOS="750" WIDTH="151" HEIGHT="21" WC="0.96" CONTENT="konstruktion"/><SP WIDTH="16" VPOS="750" HPOS="263"/>
							<String ID="string_132" HPOS="279" VPOS="750" WIDTH="67" HEIGHT="21" WC="0.92" CONTENT="redan"/><SP WIDTH="15" VPOS="750" HPOS="346"/>
							<String ID="string_133" HPOS="361" VPOS="750" WIDTH="97" HEIGHT="27" WC="0.92" CONTENT="påkallar"/><SP WIDTH="16" VPOS="750" HPOS="458"/>
							<String ID="string_134" HPOS="474" VPOS="751" WIDTH="84" HEIGHT="27" WC="0.96" CONTENT="ganska"/><SP WIDTH="15" VPOS="751" HPOS="558"/>
							<String ID="string_135" HPOS="573" VPOS="751" WIDTH="67" HEIGHT="27" WC="0.93" CONTENT="dryga"/><SP WIDTH="14" VPOS="751" HPOS="640"/>
							<String ID="string_136" HPOS="654" VPOS="750" WIDTH="213" HEIGHT="22" WC="0.92" CONTENT="underhållskostna-"/>
						</TextLine>
						<TextLine ID="line_18" HPOS="113" VPOS="785" WIDTH="755" HEIGHT="28">
							<String ID="string_137" HPOS="113" VPOS="785" WIDTH="38" HEIGHT="21" WC="0.96" CONTENT="der"/><SP WIDTH="15" VPOS="785" HPOS="151"/>
							<String ID="string_138" HPOS="166" VPOS="787" WIDTH="56" HEIGHT="19" WC="0.96" CONTENT="samt"/><SP WIDTH="15" VPOS="787" HPOS="222"/>
							<String ID="string_139" HPOS="237" VPOS="785" WIDTH="60" HEIGHT="21" WC="0.96" CONTENT="inom"/><SP WIDTH="20" VPOS="785" HPOS="297"/>
							<String ID="string_140" HPOS="317" VPOS="786" WIDTH="41" HEIGHT="21" WC="0.96" CONTENT="den"/><SP WIDTH="23" VPOS="786" HPOS="358"/>
							<String ID="string_141" HPOS="381" VPOS="787" WIDTH="53" HEIGHT="20" WC="0.95" CONTENT="allra"/><SP WIDTH="24" VPOS="787" HPOS="434"/>
							<String ID="string_142" HPOS="458" VPOS="789" WIDTH="111" HEIGHT="19" WC="0.96" CONTENT="närmaste"/><SP WIDTH="23" VPOS="789" HPOS="569"/>
							<String ID="string_143" HPOS="592" VPOS="787" WIDTH="113" HEIGHT="21" WC="0.93" CONTENT="framtiden"/><SP WIDTH="23" VPOS="787" HPOS="705"/>
							<String ID="string_144" HPOS="728" VPOS="786" WIDTH="140" HEIGHT="27" WC="0.91" CONTENT="ovilkorligen"/>
						</TextLine>
						<TextLine ID="line_19" HPOS="112" VPOS="821" WIDTH="756" HEIGHT="27">
							<String ID="string_145" HPOS="112" VPOS="821" WIDTH="108" HEIGHT="21" WC="0.96" CONTENT="erfordrar"/><SP WIDTH="11" VPOS="821" HPOS="220"/>
							<String ID="string_146" HPOS="231" VPOS="828" WIDTH="26" HEIGHT="14" WC="0.96" CONTENT="en"/><SP WIDTH="10" VPOS="828" HPOS="257"/>
							<String ID="string_147" HPOS="267" VPOS="821" WIDTH="54" HEIGHT="21" WC="0.96" CONTENT="total"/><SP WIDTH="11" VPOS="821" HPOS="321"/>
							<String ID="string_148" HPOS="332" VPOS="821" WIDTH="143" HEIGHT="27" WC="0.96" CONTENT="ombyggnad,"/><SP WIDTH="18" VPOS="821" HPOS="475"/>
							<String ID="string_149" HPOS="493" VPOS="821" WIDTH="93" HEIGHT="27" WC="0.96" CONTENT="hvarför,"/><SP WIDTH="17" VPOS="821" HPOS="586"/>
							<String ID="string_150" HPOS="603" VPOS="821" WIDTH="42" HEIGHT="21" WC="0.93" CONTENT="ifall"/><SP WIDTH="11" VPOS="821" HPOS="645"/>
							<String ID="string_151" HPOS="656" VPOS="822" WIDTH="140" HEIGHT="26" WC="0.92" CONTENT="hamnspåret"/><SP WIDTH="10" VPOS="822" HPOS="796"/>
							<String ID="string_152" HPOS="806" VPOS="821" WIDTH="62" HEIGHT="21" WC="0.92" CONTENT="kom-"/>
						</TextLine>
						<TextLine ID="line_20" HPOS="112" VPOS="856" WIDTH="756" HEIGHT="28">
							<String ID="string_153" HPOS="112" VPOS="863" WIDTH="35" HEIGHT="15" WC="0.96" CONTENT="me"/><SP WIDTH="15" VPOS="863" HPOS="147"/>
							<String ID="string_154" HPOS="162" VPOS="856" WIDTH="30" HEIGHT="21" WC="0.96" CONTENT="till"/><SP WIDTH="16" VPOS="856" HPOS="192"/>
							<String ID="string_155" HPOS="208" VPOS="856" WIDTH="62" HEIGHT="21" WC="0.96" CONTENT="stånd"/><SP WIDTH="16" VPOS="856" HPOS="270"/>
							<String ID="string_156" HPOS="286" VPOS="856" WIDTH="40" HEIGHT="21" WC="0.93" CONTENT="och"/><SP WIDTH="16" VPOS="856" HPOS="326"/>
							<String ID="string_157" HPOS="342" VPOS="856" WIDTH="205" HEIGHT="28" WC="0.91" CONTENT="lastningsbryggan"/><SP WIDTH="19" VPOS="856" HPOS="547"/>
							<String ID="string_158" HPOS="566" VPOS="856" WIDTH="27" HEIGHT="22" WC="0.95" CONTENT="då"/><SP WIDTH="22" VPOS="856" HPOS="593"/>
							<String ID="string_159" HPOS="615" VPOS="856" WIDTH="70" HEIGHT="22" WC="0.93" CONTENT="kunde"/><SP WIDTH="16" VPOS="856" HPOS="685"/>
							<String ID="string_160" HPOS="701" VPOS="856" WIDTH="115" HEIGHT="26" WC="0.92" CONTENT="undvaras,"/><SP WIDTH="17" VPOS="856" HPOS="816"/>
							<String ID="string_161" HPOS="833" VPOS="856" WIDTH="35" HEIGHT="21" WC="0.96" CONTENT="det"/>
						</TextLine>
						<TextLine ID="line_21" HPOS="112" VPOS="890" WIDTH="755" HEIGHT="28">
							<String ID="string_162" HPOS="112" VPOS="890" WIDTH="159" HEIGHT="28" WC="0.92" CONTENT="kapitalbelopp"/><SP WIDTH="23" VPOS="890" HPOS="271"/>
							<String ID="string_163" HPOS="294" VPOS="890" WIDTH="23" HEIGHT="22" WC="0.93" CONTENT="af"/><SP WIDTH="20" VPOS="890" HPOS="317"/>
							<String ID="string_164" HPOS="337" VPOS="891" WIDTH="78" HEIGHT="27" WC="0.90" CONTENT="40,000"/><SP WIDTH="16" VPOS="891" HPOS="415"/>
							<String ID="string_165" HPOS="431" VPOS="891" WIDTH="69" HEIGHT="26" WC="0.93" CONTENT="mark,"/><SP WIDTH="16" VPOS="891" HPOS="500"/>
							<String ID="string_166" HPOS="516" VPOS="891" WIDTH="85" HEIGHT="21" WC="0.91" CONTENT="hvartill"/><SP WIDTH="15" VPOS="891" HPOS="601"/>
							<String ID="string_167" HPOS="616" VPOS="891" WIDTH="36" HEIGHT="21" WC="0.96" CONTENT="det"/><SP WIDTH="15" VPOS="891" HPOS="652"/>
							<String ID="string_168" HPOS="667" VPOS="891" WIDTH="68" HEIGHT="27" WC="0.93" CONTENT="årliga"/><SP WIDTH="18" VPOS="891" HPOS="735"/>
							<String ID="string_169" HPOS="753" VPOS="891" WIDTH="114" HEIGHT="21" WC="0.91" CONTENT="underhål-"/>
						</TextLine>
						<TextLine ID="line_22" HPOS="111" VPOS="925" WIDTH="757" HEIGHT="28">
							<String ID="string_170" HPOS="111" VPOS="926" WIDTH="29" HEIGHT="21" WC="0.96" CONTENT="let"/><SP WIDTH="16" VPOS="926" HPOS="140"/>
							<String ID="string_171" HPOS="156" VPOS="926" WIDTH="41" HEIGHT="21" WC="0.96" CONTENT="och"/><SP WIDTH="16" VPOS="926" HPOS="197"/>
							<String ID="string_172" HPOS="213" VPOS="926" WIDTH="41" HEIGHT="21" WC="0.96" CONTENT="den"/><SP WIDTH="15" VPOS="926" HPOS="254"/>
							<String ID="string_173" HPOS="269" VPOS="926" WIDTH="118" HEIGHT="27" WC="0.96" CONTENT="periodiskt"/><SP WIDTH="16" VPOS="926" HPOS="387"/>
							<String ID="string_174" HPOS="403" VPOS="926" WIDTH="181" HEIGHT="22" WC="0.96" CONTENT="återkommande"/><SP WIDTH="15" VPOS="926" HPOS="584"/>
							<String ID="string_175" HPOS="599" VPOS="926" WIDTH="165" HEIGHT="27" WC="0.96" CONTENT="ombyggnaden"/><SP WIDTH="16" VPOS="926" HPOS="764"/>
							<String ID="string_176" HPOS="780" VPOS="925" WIDTH="23" HEIGHT="22" WC="0.92" CONTENT="af"/><SP WIDTH="13" VPOS="925" HPOS="803"/>
							<String ID="string_177" HPOS="816" VPOS="926" WIDTH="52" HEIGHT="21" WC="0.90" CONTENT="last-"/>
						</TextLine>
						<TextLine ID="line_23" HPOS="112" VPOS="960" WIDTH="755" HEIGHT="28">
							<String ID="string_178" HPOS="112" VPOS="961" WIDTH="159" HEIGHT="26" WC="0.92" CONTENT="ningsbryggan"/><SP WIDTH="11" VPOS="961" HPOS="271"/>
							<String ID="string_179" HPOS="282" VPOS="960" WIDTH="43" HEIGHT="21" WC="0.96" CONTENT="kan"/><SP WIDTH="11" VPOS="960" HPOS="325"/>
							<String ID="string_180" HPOS="336" VPOS="960" WIDTH="108" HEIGHT="22" WC="0.96" CONTENT="beräknas"/><SP WIDTH="11" VPOS="960" HPOS="444"/>
							<String ID="string_181" HPOS="455" VPOS="961" WIDTH="80" HEIGHT="27" WC="0.93" CONTENT="uppgå,"/><SP WIDTH="16" VPOS="961" HPOS="535"/>
							<String ID="string_182" HPOS="551" VPOS="961" WIDTH="69" HEIGHT="21" WC="0.91" CONTENT="blefve"/><SP WIDTH="16" VPOS="961" HPOS="620"/>
							<String ID="string_183" HPOS="636" VPOS="961" WIDTH="129" HEIGHT="27" WC="0.91" CONTENT="disponibelt"/><SP WIDTH="14" VPOS="961" HPOS="765"/>
							<String ID="string_184" HPOS="779" VPOS="960" WIDTH="33" HEIGHT="21" WC="0.93" CONTENT="för"/><SP WIDTH="16" VPOS="960" HPOS="812"/>
							<String ID="string_185" HPOS="828" VPOS="967" WIDTH="39" HEIGHT="14" WC="0.90" CONTENT="an-"/>
						</TextLine>
						<TextLine ID="line_24" HPOS="112" VPOS="995" WIDTH="160" HEIGHT="21">
							<String ID="string_186" HPOS="112" VPOS="995" WIDTH="38" HEIGHT="21" WC="0.96" CONTENT="dra"/><SP WIDTH="16" VPOS="995" HPOS="150"/>
							<String ID="string_187" HPOS="166" VPOS="995" WIDTH="106" HEIGHT="21" WC="0.95" CONTENT="ändamål."/>
						</TextLine>
					</TextBlock>
					<TextBlock ID="block_4" HPOS="107" VPOS="1029" WIDTH="761" HEIGHT="443">
						<TextLine ID="line_25" HPOS="180" VPOS="1029" WIDTH="687" HEIGHT="28">
							<String ID="string_188" HPOS="180" VPOS="1030" WIDTH="82" HEIGHT="27" WC="0.91" CONTENT="Lägges"/><SP WIDTH="16" VPOS="1030" HPOS="262"/>
							<String ID="string_189" HPOS="278" VPOS="1030" WIDTH="77" HEIGHT="26" WC="0.95" CONTENT="härtill,"/><SP WIDTH="17" VPOS="1030" HPOS="355"/>
							<String ID="string_190" HPOS="372" VPOS="1032" WIDTH="31" HEIGHT="19" WC="0.96" CONTENT="att"/><SP WIDTH="15" VPOS="1032" HPOS="403"/>
							<String ID="string_191" HPOS="418" VPOS="1030" WIDTH="26" HEIGHT="21" WC="0.96" CONTENT="de"/><SP WIDTH="16" VPOS="1030" HPOS="444"/>
							<String ID="string_192" HPOS="460" VPOS="1032" WIDTH="87" HEIGHT="24" WC="0.96" CONTENT="tomter,"/><SP WIDTH="17" VPOS="1032" HPOS="547"/>
							<String ID="string_193" HPOS="564" VPOS="1037" WIDTH="48" HEIGHT="14" WC="0.96" CONTENT="som"/><SP WIDTH="16" VPOS="1037" HPOS="612"/>
							<String ID="string_194" HPOS="628" VPOS="1029" WIDTH="6" HEIGHT="21" WC="0.96" CONTENT="i"/><SP WIDTH="16" VPOS="1029" HPOS="634"/>
							<String ID="string_195" HPOS="650" VPOS="1030" WIDTH="41" HEIGHT="21" WC="0.96" CONTENT="och"/><SP WIDTH="14" VPOS="1030" HPOS="691"/>
							<String ID="string_196" HPOS="705" VPOS="1029" WIDTH="34" HEIGHT="22" WC="0.96" CONTENT="för"/><SP WIDTH="14" VPOS="1029" HPOS="739"/>
							<String ID="string_197" HPOS="753" VPOS="1029" WIDTH="114" HEIGHT="28" WC="0.95" CONTENT="byggande"/>
						</TextLine>
						<TextLine ID="line_26" HPOS="111" VPOS="1064" WIDTH="756" HEIGHT="28">
							<String ID="string_198" HPOS="111" VPOS="1065" WIDTH="24" HEIGHT="21" WC="0.96" CONTENT="af"/><SP WIDTH="21" VPOS="1065" HPOS="135"/>
							<String ID="string_199" HPOS="156" VPOS="1065" WIDTH="165" HEIGHT="27" WC="0.96" CONTENT="ifrågavarande"/><SP WIDTH="25" VPOS="1065" HPOS="321"/>
							<String ID="string_200" HPOS="346" VPOS="1065" WIDTH="81" HEIGHT="21" WC="0.89" CONTENT="bibana"/><SP WIDTH="23" VPOS="1065" HPOS="427"/>
							<String ID="string_201" HPOS="450" VPOS="1065" WIDTH="76" HEIGHT="21" WC="0.89" CONTENT="afsetts"/><SP WIDTH="24" VPOS="1065" HPOS="526"/>
							<String ID="string_202" HPOS="550" VPOS="1067" WIDTH="31" HEIGHT="18" WC="0.93" CONTENT="alt"/><SP WIDTH="23" VPOS="1067" HPOS="581"/>
							<String ID="string_203" HPOS="604" VPOS="1065" WIDTH="143" HEIGHT="26" WC="0.90" CONTENT="expropieras,"/><SP WIDTH="24" VPOS="1065" HPOS="747"/>
							<String ID="string_204" HPOS="771" VPOS="1065" WIDTH="42" HEIGHT="21" WC="0.96" CONTENT="och"/><SP WIDTH="22" VPOS="1065" HPOS="813"/>
							<String ID="string_205" HPOS="835" VPOS="1064" WIDTH="32" HEIGHT="22" WC="0.96" CONTENT="för"/>
						</TextLine>
						<TextLine ID="line_27" HPOS="111" VPOS="1099" WIDTH="756" HEIGHT="27">
							<String ID="string_206" HPOS="111" VPOS="1099" WIDTH="72" HEIGHT="21" WC="0.96" CONTENT="hvilka"/><SP WIDTH="15" VPOS="1099" HPOS="183"/>
							<String ID="string_207" HPOS="198" VPOS="1100" WIDTH="147" HEIGHT="26" WC="0.96" CONTENT="ersättningen"/><SP WIDTH="15" VPOS="1100" HPOS="345"/>
							<String ID="string_208" HPOS="360" VPOS="1099" WIDTH="119" HEIGHT="22" WC="0.95" CONTENT="beräknats"/><SP WIDTH="16" VPOS="1099" HPOS="479"/>
							<String ID="string_209" HPOS="495" VPOS="1100" WIDTH="30" HEIGHT="21" WC="0.92" CONTENT="till"/><SP WIDTH="18" VPOS="1100" HPOS="525"/>
							<String ID="string_210" HPOS="543" VPOS="1100" WIDTH="89" HEIGHT="25" WC="0.91" CONTENT="100,000"/><SP WIDTH="16" VPOS="1100" HPOS="632"/>
							<String ID="string_211" HPOS="648" VPOS="1099" WIDTH="67" HEIGHT="26" WC="0.95" CONTENT="mark,"/><SP WIDTH="24" VPOS="1099" HPOS="715"/>
							<String ID="string_212" HPOS="739" VPOS="1099" WIDTH="62" HEIGHT="22" WC="0.92" CONTENT="deraf"/><SP WIDTH="21" VPOS="1099" HPOS="801"/>
							<String ID="string_213" HPOS="822" VPOS="1099" WIDTH="45" HEIGHT="21" WC="0.92" CONTENT="Wi-"/>
						</TextLine>
						<TextLine ID="line_28" HPOS="110" VPOS="1133" WIDTH="757" HEIGHT="28">
							<String ID="string_214" HPOS="110" VPOS="1133" WIDTH="66" HEIGHT="28" WC="0.96" CONTENT="borgs"/><SP WIDTH="16" VPOS="1133" HPOS="176"/>
							<String ID="string_215" HPOS="192" VPOS="1134" WIDTH="47" HEIGHT="21" WC="0.96" CONTENT="stad"/><SP WIDTH="16" VPOS="1134" HPOS="239"/>
							<String ID="string_216" HPOS="255" VPOS="1133" WIDTH="109" HEIGHT="22" WC="0.96" CONTENT="förbundit"/><SP WIDTH="11" VPOS="1133" HPOS="364"/>
							<String ID="string_217" HPOS="375" VPOS="1134" WIDTH="32" HEIGHT="27" WC="0.96" CONTENT="sig"/><SP WIDTH="11" VPOS="1134" HPOS="407"/>
							<String ID="string_218" HPOS="418" VPOS="1136" WIDTH="31" HEIGHT="19" WC="0.96" CONTENT="att"/><SP WIDTH="8" VPOS="1136" HPOS="449"/>
							<String ID="string_219" HPOS="457" VPOS="1134" WIDTH="75" HEIGHT="21" WC="0.96" CONTENT="betala"/><SP WIDTH="16" VPOS="1134" HPOS="532"/>
							<String ID="string_220" HPOS="548" VPOS="1133" WIDTH="86" HEIGHT="27" WC="0.94" CONTENT="hälften,"/><SP WIDTH="18" VPOS="1133" HPOS="634"/>
							<String ID="string_221" HPOS="652" VPOS="1134" WIDTH="121" HEIGHT="21" WC="0.96" CONTENT="oberoende"/><SP WIDTH="16" VPOS="1134" HPOS="773"/>
							<String ID="string_222" HPOS="789" VPOS="1133" WIDTH="24" HEIGHT="21" WC="0.96" CONTENT="af"/><SP WIDTH="12" VPOS="1133" HPOS="813"/>
							<String ID="string_223" HPOS="825" VPOS="1133" WIDTH="42" HEIGHT="22" WC="0.96" CONTENT="den"/>
						</TextLine>
						<TextLine ID="line_29" HPOS="110" VPOS="1168" WIDTH="757" HEIGHT="28">
							<String ID="string_224" HPOS="110" VPOS="1168" WIDTH="123" HEIGHT="27" WC="0.93" CONTENT="föreslagna"/><SP WIDTH="15" VPOS="1168" HPOS="233"/>
							<String ID="string_225" HPOS="248" VPOS="1168" WIDTH="107" HEIGHT="22" WC="0.91" CONTENT="bibanans"/><SP WIDTH="16" VPOS="1168" HPOS="355"/>
							<String ID="string_226" HPOS="371" VPOS="1169" WIDTH="116" HEIGHT="27" WC="0.96" CONTENT="byggande"/><SP WIDTH="15" VPOS="1169" HPOS="487"/>
							<String ID="string_227" HPOS="502" VPOS="1168" WIDTH="66" HEIGHT="22" WC="0.93" CONTENT="blifva"/><SP WIDTH="15" VPOS="1168" HPOS="568"/>
							<String ID="string_228" HPOS="583" VPOS="1169" WIDTH="107" HEIGHT="26" WC="0.91" CONTENT="behöfliga"/><SP WIDTH="25" VPOS="1169" HPOS="690"/>
							<String ID="string_229" HPOS="715" VPOS="1168" WIDTH="32" HEIGHT="21" WC="0.96" CONTENT="för"/><SP WIDTH="23" VPOS="1168" HPOS="747"/>
							<String ID="string_230" HPOS="770" VPOS="1175" WIDTH="28" HEIGHT="14" WC="0.93" CONTENT="en"/><SP WIDTH="22" VPOS="1175" HPOS="798"/>
							<String ID="string_231" HPOS="820" VPOS="1175" WIDTH="47" HEIGHT="14" WC="0.89" CONTENT="om-"/>
						</TextLine>
						<TextLine ID="line_30" HPOS="110" VPOS="1203" WIDTH="757" HEIGHT="28">
							<String ID="string_232" HPOS="110" VPOS="1203" WIDTH="101" HEIGHT="28" WC="0.96" CONTENT="byggnad"/><SP WIDTH="16" VPOS="1203" HPOS="211"/>
							<String ID="string_233" HPOS="227" VPOS="1203" WIDTH="22" HEIGHT="21" WC="0.96" CONTENT="af"/><SP WIDTH="14" VPOS="1203" HPOS="249"/>
							<String ID="string_234" HPOS="263" VPOS="1203" WIDTH="156" HEIGHT="22" WC="0.96" CONTENT="stationshuset"/><SP WIDTH="10" VPOS="1203" HPOS="419"/>
							<String ID="string_235" HPOS="429" VPOS="1206" WIDTH="59" HEIGHT="19" WC="0.96" CONTENT="samt"/><SP WIDTH="16" VPOS="1206" HPOS="488"/>
							<String ID="string_236" HPOS="504" VPOS="1203" WIDTH="33" HEIGHT="22" WC="0.96" CONTENT="för"/><SP WIDTH="15" VPOS="1203" HPOS="537"/>
							<String ID="string_237" HPOS="552" VPOS="1203" WIDTH="125" HEIGHT="28" WC="0.96" CONTENT="utvidgning"/><SP WIDTH="15" VPOS="1203" HPOS="677"/>
							<String ID="string_238" HPOS="692" VPOS="1203" WIDTH="23" HEIGHT="21" WC="0.91" CONTENT="af"/><SP WIDTH="14" VPOS="1203" HPOS="715"/>
							<String ID="string_239" HPOS="729" VPOS="1203" WIDTH="138" HEIGHT="26" WC="0.91" CONTENT="stationspla-"/>
						</TextLine>
						<TextLine ID="line_31" HPOS="110" VPOS="1237" WIDTH="757" HEIGHT="28">
							<String ID="string_240" HPOS="110" VPOS="1245" WIDTH="49" HEIGHT="19" WC="0.95" CONTENT="nen,"/><SP WIDTH="17" VPOS="1245" HPOS="159"/>
							<String ID="string_241" HPOS="176" VPOS="1238" WIDTH="73" HEIGHT="21" WC="0.96" CONTENT="kunna"/><SP WIDTH="16" VPOS="1238" HPOS="249"/>
							<String ID="string_242" HPOS="265" VPOS="1238" WIDTH="26" HEIGHT="21" WC="0.96" CONTENT="de"/><SP WIDTH="15" VPOS="1238" HPOS="291"/>
							<String ID="string_243" HPOS="306" VPOS="1238" WIDTH="124" HEIGHT="27" WC="0.96" CONTENT="kostnader,"/><SP WIDTH="17" VPOS="1238" HPOS="430"/>
							<String ID="string_244" HPOS="447" VPOS="1245" WIDTH="49" HEIGHT="14" WC="0.93" CONTENT="som"/><SP WIDTH="18" VPOS="1245" HPOS="496"/>
							<String ID="string_245" HPOS="514" VPOS="1239" WIDTH="130" HEIGHT="20" WC="0.91" CONTENT="statsverket"/><SP WIDTH="16" VPOS="1239" HPOS="644"/>
							<String ID="string_246" HPOS="660" VPOS="1238" WIDTH="66" HEIGHT="21" WC="0.93" CONTENT="skulle"/><SP WIDTH="20" VPOS="1238" HPOS="726"/>
							<String ID="string_247" HPOS="746" VPOS="1237" WIDTH="121" HEIGHT="21" WC="0.91" CONTENT="vidkännas"/>
						</TextLine>
						<TextLine ID="line_32" HPOS="110" VPOS="1271" WIDTH="757" HEIGHT="28">
							<String ID="string_248" HPOS="110" VPOS="1279" WIDTH="79" HEIGHT="20" WC="0.96" CONTENT="genom"/><SP WIDTH="15" VPOS="1279" HPOS="189"/>
							<String ID="string_249" HPOS="204" VPOS="1272" WIDTH="114" HEIGHT="21" WC="0.96" CONTENT="utförande"/><SP WIDTH="23" VPOS="1272" HPOS="318"/>
							<String ID="string_250" HPOS="341" VPOS="1272" WIDTH="23" HEIGHT="21" WC="0.96" CONTENT="af"/><SP WIDTH="18" VPOS="1272" HPOS="364"/>
							<String ID="string_251" HPOS="382" VPOS="1273" WIDTH="103" HEIGHT="26" WC="0.96" CONTENT="bibanan,"/><SP WIDTH="17" VPOS="1273" HPOS="485"/>
							<String ID="string_252" HPOS="502" VPOS="1273" WIDTH="98" HEIGHT="21" WC="0.96" CONTENT="minskas"/><SP WIDTH="16" VPOS="1273" HPOS="600"/>
							<String ID="string_253" HPOS="616" VPOS="1273" WIDTH="62" HEIGHT="21" WC="0.96" CONTENT="äfven"/><SP WIDTH="22" VPOS="1273" HPOS="678"/>
							<String ID="string_254" HPOS="700" VPOS="1272" WIDTH="49" HEIGHT="21" WC="0.96" CONTENT="med"/><SP WIDTH="22" VPOS="1272" HPOS="749"/>
							<String ID="string_255" HPOS="771" VPOS="1271" WIDTH="96" HEIGHT="22" WC="0.96" CONTENT="nämnda"/>
						</TextLine>
						<TextLine ID="line_33" HPOS="110" VPOS="1306" WIDTH="758" HEIGHT="27">
							<String ID="string_256" HPOS="110" VPOS="1313" WIDTH="91" HEIGHT="20" WC="0.96" CONTENT="summa,"/><SP WIDTH="17" VPOS="1313" HPOS="201"/>
							<String ID="string_257" HPOS="218" VPOS="1307" WIDTH="50" HEIGHT="21" WC="0.95" CONTENT="eller"/><SP WIDTH="15" VPOS="1307" HPOS="268"/>
							<String ID="string_258" HPOS="283" VPOS="1307" WIDTH="131" HEIGHT="21" WC="0.96" CONTENT="åtminstone"/><SP WIDTH="11" VPOS="1307" HPOS="414"/>
							<String ID="string_259" HPOS="425" VPOS="1308" WIDTH="83" HEIGHT="20" WC="0.96" CONTENT="största"/><SP WIDTH="15" VPOS="1308" HPOS="508"/>
							<String ID="string_260" HPOS="523" VPOS="1307" WIDTH="62" HEIGHT="22" WC="0.96" CONTENT="delen"/><SP WIDTH="16" VPOS="1307" HPOS="585"/>
							<String ID="string_261" HPOS="601" VPOS="1307" WIDTH="64" HEIGHT="22" WC="0.92" CONTENT="deraf."/><SP WIDTH="29" VPOS="1307" HPOS="665"/>
							<String ID="string_262" HPOS="694" VPOS="1307" WIDTH="126" HEIGHT="22" WC="0.96" CONTENT="Kostnaden"/><SP WIDTH="15" VPOS="1307" HPOS="820"/>
							<String ID="string_263" HPOS="835" VPOS="1306" WIDTH="33" HEIGHT="21" WC="0.96" CONTENT="för"/>
						</TextLine>
						<TextLine ID="line_34" HPOS="107" VPOS="1341" WIDTH="760" HEIGHT="27">
							<String ID="string_264" HPOS="107" VPOS="1341" WIDTH="177" HEIGHT="27" WC="0.92" CONTENT="jernvägsspäret"/><SP WIDTH="14" VPOS="1341" HPOS="284"/>
							<String ID="string_265" HPOS="298" VPOS="1341" WIDTH="31" HEIGHT="20" WC="0.93" CONTENT="till"/><SP WIDTH="15" VPOS="1341" HPOS="329"/>
							<String ID="string_266" HPOS="344" VPOS="1341" WIDTH="103" HEIGHT="27" WC="0.92" CONTENT="Wiborgs"/><SP WIDTH="21" VPOS="1341" HPOS="447"/>
							<String ID="string_267" HPOS="468" VPOS="1342" WIDTH="62" HEIGHT="20" WC="0.96" CONTENT="stads"/><SP WIDTH="18" VPOS="1342" HPOS="530"/>
							<String ID="string_268" HPOS="548" VPOS="1342" WIDTH="67" HEIGHT="21" WC="0.96" CONTENT="hamn"/><SP WIDTH="21" VPOS="1342" HPOS="615"/>
							<String ID="string_269" HPOS="636" VPOS="1342" WIDTH="40" HEIGHT="21" WC="0.96" CONTENT="har"/><SP WIDTH="22" VPOS="1342" HPOS="676"/>
							<String ID="string_270" HPOS="698" VPOS="1341" WIDTH="117" HEIGHT="22" WC="0.96" CONTENT="beräknats"/><SP WIDTH="22" VPOS="1341" HPOS="815"/>
							<String ID="string_271" HPOS="837" VPOS="1341" WIDTH="30" HEIGHT="20" WC="0.96" CONTENT="till"/>
						</TextLine>
						<TextLine ID="line_35" HPOS="111" VPOS="1376" WIDTH="756" HEIGHT="28">
							<String ID="string_272" HPOS="111" VPOS="1376" WIDTH="91" HEIGHT="24" WC="0.92" CONTENT="155,000"/><SP WIDTH="16" VPOS="1376" HPOS="202"/>
							<String ID="string_273" HPOS="218" VPOS="1376" WIDTH="67" HEIGHT="26" WC="0.93" CONTENT="mark,"/><SP WIDTH="16" VPOS="1376" HPOS="285"/>
							<String ID="string_274" HPOS="301" VPOS="1376" WIDTH="86" HEIGHT="21" WC="0.92" CONTENT="hvartill"/><SP WIDTH="15" VPOS="1376" HPOS="387"/>
							<String ID="string_275" HPOS="402" VPOS="1376" WIDTH="101" HEIGHT="21" WC="0.93" CONTENT="kommer"/><SP WIDTH="15" VPOS="1376" HPOS="503"/>
							<String ID="string_276" HPOS="518" VPOS="1376" WIDTH="73" HEIGHT="21" WC="0.92" CONTENT="halfva"/><SP WIDTH="21" VPOS="1376" HPOS="591"/>
							<String ID="string_277" HPOS="612" VPOS="1376" WIDTH="100" HEIGHT="28" WC="0.96" CONTENT="beloppet"/><SP WIDTH="20" VPOS="1376" HPOS="712"/>
							<String ID="string_278" HPOS="732" VPOS="1376" WIDTH="23" HEIGHT="21" WC="0.96" CONTENT="af"/><SP WIDTH="16" VPOS="1376" HPOS="755"/>
							<String ID="string_279" HPOS="771" VPOS="1376" WIDTH="96" HEIGHT="21" WC="0.96" CONTENT="nämnda"/>
						</TextLine>
						<TextLine ID="line_36" HPOS="110" VPOS="1410" WIDTH="757" HEIGHT="27">
							<String ID="string_280" HPOS="110" VPOS="1410" WIDTH="301" HEIGHT="27" WC="0.92" CONTENT="expropriationsersättning,"/><SP WIDTH="20" VPOS="1410" HPOS="411"/>
							<String ID="string_281" HPOS="431" VPOS="1411" WIDTH="51" HEIGHT="21" WC="0.93" CONTENT="eller"/><SP WIDTH="22" VPOS="1411" HPOS="482"/>
							<String ID="string_282" HPOS="504" VPOS="1411" WIDTH="79" HEIGHT="26" WC="0.91" CONTENT="50,000"/><SP WIDTH="16" VPOS="1411" HPOS="583"/>
							<String ID="string_283" HPOS="599" VPOS="1411" WIDTH="65" HEIGHT="21" WC="0.93" CONTENT="mark."/><SP WIDTH="17" VPOS="1411" HPOS="664"/>
							<String ID="string_284" HPOS="681" VPOS="1410" WIDTH="88" HEIGHT="22" WC="0.92" CONTENT="Säledes"/><SP WIDTH="23" VPOS="1410" HPOS="769"/>
							<String ID="string_285" HPOS="792" VPOS="1410" WIDTH="75" HEIGHT="21" WC="0.87" CONTENT="inalles"/>
						</TextLine>
						<TextLine ID="line_37" HPOS="110" VPOS="1444" WIDTH="757" HEIGHT="28">
							<String ID="string_286" HPOS="110" VPOS="1444" WIDTH="94" HEIGHT="27" WC="0.92" CONTENT="205,000"/><SP WIDTH="10" VPOS="1444" HPOS="204"/>
							<String ID="string_287" HPOS="214" VPOS="1445" WIDTH="67" HEIGHT="26" WC="0.93" CONTENT="mark,"/><SP WIDTH="17" VPOS="1445" HPOS="281"/>
							<String ID="string_288" HPOS="298" VPOS="1445" WIDTH="113" HEIGHT="26" WC="0.92" CONTENT="angäende"/><SP WIDTH="15" VPOS="1445" HPOS="411"/>
							<String ID="string_289" HPOS="426" VPOS="1445" WIDTH="89" HEIGHT="21" WC="0.92" CONTENT="hvilken"/><SP WIDTH="16" VPOS="1445" HPOS="515"/>
							<String ID="string_290" HPOS="531" VPOS="1445" WIDTH="123" HEIGHT="27" WC="0.92" CONTENT="utgiftspost"/><SP WIDTH="15" VPOS="1445" HPOS="654"/>
							<String ID="string_291" HPOS="669" VPOS="1445" WIDTH="121" HEIGHT="21" WC="0.91" CONTENT="Ständerna"/><SP WIDTH="15" VPOS="1445" HPOS="790"/>
							<String ID="string_292" HPOS="805" VPOS="1444" WIDTH="62" HEIGHT="21" WC="0.92" CONTENT="kom-"/>
						</TextLine>
					</TextBlock>
				</ComposedBlock>
			</PrintSpace>
		</Page>
	</Layout>
</alto>
