<?xml version="1.0" encoding="UTF-8"?>
<alto xmlns="http://www.loc.gov/standards/alto/ns-v3#" xmlns:xlink="http://www.w3.org/1999/xlink" xmlns:xsi="http://www.w3.org/2001/XMLSchema-instance" xsi:schemaLocation="http://www.loc.gov/standards/alto/ns-v3# http://www.loc.gov/alto/v3/alto-3-0.xsd">
	<Description>
		<MeasurementUnit>pixel</MeasurementUnit>
		<sourceImageInformation>
			<fileName>/tmp/tess_6nii49t8_input.PNG</fileName>
		</sourceImageInformation>
		<OCRProcessing ID="OCR_0">
			<ocrProcessingStep>
				<processingSoftware>
					<softwareName>tesseract 5.3.4</softwareName>
				</processingSoftware>
			</ocrProcessingStep>
		</OCRProcessing>
	</Description>
	<Layout>
		<Page WIDTH="1048" HEIGHT="1731" PHYSICAL_IMG_NR="0" ID="page_0">
			<PrintSpace HPOS="0" VPOS="0" WIDTH="1048" HEIGHT="1731">
				<ComposedBlock ID="cblock_0" HPOS="245" VPOS="131" WIDTH="497" HEIGHT="23">
					<TextBlock ID="block_0" HPOS="245" VPOS="131" WIDTH="497" HEIGHT="23">
						<TextLine ID="line_0" HPOS="245" VPOS="131" WIDTH="497" HEIGHT="23">
							<String ID="string_0" HPOS="245" VPOS="132" WIDTH="12" HEIGHT="19" WC="0.96" CONTENT="6"/><SP WIDTH="160" VPOS="132" HPOS="257"/>
							<String ID="string_1" HPOS="417" VPOS="131" WIDTH="238" HEIGHT="23" WC="0.92" CONTENT="Petitionsbetänkande"/><SP WIDTH="16" VPOS="131" HPOS="655"/>
							<String ID="string_2" HPOS="671" VPOS="131" WIDTH="36" HEIGHT="23" WC="0.94" CONTENT="N:o"/><SP WIDTH="16" VPOS="131" HPOS="707"/>
							<String ID="string_3" HPOS="723" VPOS="131" WIDTH="19" HEIGHT="23" WC="0.86" CONTENT="II."/>
						</TextLine>
					</TextBlock>
				</ComposedBlock>
				<ComposedBlock ID="cblock_1" HPOS="213" VPOS="192" WIDTH="764" HEIGHT="1329">
					<TextBlock ID="block_1" HPOS="216" VPOS="192" WIDTH="760" HEIGHT="303">
						<TextLine ID="line_1" HPOS="216" VPOS="192" WIDTH="760" HEIGHT="29">
							<String ID="string_4" HPOS="216" VPOS="192" WIDTH="106" HEIGHT="28" WC="0.93" CONTENT="fartygens"/><SP WIDTH="19" VPOS="192" HPOS="322"/>
							<String ID="string_5" HPOS="341" VPOS="193" WIDTH="92" HEIGHT="28" WC="0.90" CONTENT="lotsning"/><SP WIDTH="21" VPOS="193" HPOS="433"/>
							<String ID="string_6" HPOS="454" VPOS="194" WIDTH="47" HEIGHT="21" WC="0.91" CONTENT="icke"/><SP WIDTH="22" VPOS="194" HPOS="501"/>
							<String ID="string_7" HPOS="523" VPOS="193" WIDTH="69" HEIGHT="22" WC="0.93" CONTENT="skulle"/><SP WIDTH="22" VPOS="193" HPOS="592"/>
							<String ID="string_8" HPOS="614" VPOS="195" WIDTH="83" HEIGHT="26" WC="0.91" CONTENT="uppstä,"/><SP WIDTH="23" VPOS="195" HPOS="697"/>
							<String ID="string_9" HPOS="720" VPOS="194" WIDTH="62" HEIGHT="21" WC="0.93" CONTENT="torde"/><SP WIDTH="23" VPOS="194" HPOS="782"/>
							<String ID="string_10" HPOS="805" VPOS="193" WIDTH="118" HEIGHT="22" WC="0.89" CONTENT="emellertid"/><SP WIDTH="22" VPOS="193" HPOS="923"/>
							<String ID="string_11" HPOS="945" VPOS="194" WIDTH="31" HEIGHT="21" WC="0.97" CONTENT="ett"/>
						</TextLine>
						<TextLine ID="line_2" HPOS="216" VPOS="226" WIDTH="760" HEIGHT="29">
							<String ID="string_12" HPOS="216" VPOS="226" WIDTH="42" HEIGHT="22" WC="0.91" CONTENT="fast"/><SP WIDTH="22" VPOS="226" HPOS="258"/>
							<String ID="string_13" HPOS="280" VPOS="227" WIDTH="133" HEIGHT="22" WC="0.91" CONTENT="anställande"/><SP WIDTH="22" VPOS="227" HPOS="413"/>
							<String ID="string_14" HPOS="435" VPOS="228" WIDTH="23" HEIGHT="22" WC="0.93" CONTENT="af"/><SP WIDTH="21" VPOS="228" HPOS="458"/>
							<String ID="string_15" HPOS="479" VPOS="228" WIDTH="80" HEIGHT="22" WC="0.92" CONTENT="sädana"/><SP WIDTH="23" VPOS="228" HPOS="559"/>
							<String ID="string_16" HPOS="582" VPOS="228" WIDTH="91" HEIGHT="27" WC="0.91" CONTENT="lagligen"/><SP WIDTH="22" VPOS="228" HPOS="673"/>
							<String ID="string_17" HPOS="695" VPOS="228" WIDTH="111" HEIGHT="27" WC="0.92" CONTENT="ansvarige"/><SP WIDTH="23" VPOS="228" HPOS="806"/>
							<String ID="string_18" HPOS="829" VPOS="235" WIDTH="100" HEIGHT="20" WC="0.96" CONTENT="personer"/><SP WIDTH="15" VPOS="235" HPOS="929"/>
							<String ID="string_19" HPOS="944" VPOS="228" WIDTH="32" HEIGHT="21" WC="0.96" CONTENT="för"/>
						</TextLine>
						<TextLine ID="line_3" HPOS="216" VPOS="260" WIDTH="759" HEIGHT="30">
							<String ID="string_20" HPOS="216" VPOS="260" WIDTH="130" HEIGHT="23" WC="0.93" CONTENT="farledernas"/><SP WIDTH="15" VPOS="260" HPOS="346"/>
							<String ID="string_21" HPOS="361" VPOS="263" WIDTH="112" HEIGHT="21" WC="0.92" CONTENT="underhäll"/><SP WIDTH="14" VPOS="263" HPOS="473"/>
							<String ID="string_22" HPOS="487" VPOS="264" WIDTH="55" HEIGHT="20" WC="0.93" CONTENT="samt"/><SP WIDTH="15" VPOS="264" HPOS="542"/>
							<String ID="string_23" HPOS="557" VPOS="263" WIDTH="79" HEIGHT="21" WC="0.92" CONTENT="värden"/><SP WIDTH="16" VPOS="263" HPOS="636"/>
							<String ID="string_24" HPOS="652" VPOS="262" WIDTH="21" HEIGHT="22" WC="0.93" CONTENT="af"/><SP WIDTH="14" VPOS="262" HPOS="673"/>
							<String ID="string_25" HPOS="687" VPOS="263" WIDTH="120" HEIGHT="27" WC="0.92" CONTENT="sjömärken"/><SP WIDTH="16" VPOS="263" HPOS="807"/>
							<String ID="string_26" HPOS="823" VPOS="262" WIDTH="38" HEIGHT="22" WC="0.93" CONTENT="och"/><SP WIDTH="11" VPOS="262" HPOS="861"/>
							<String ID="string_27" HPOS="872" VPOS="269" WIDTH="103" HEIGHT="15" WC="0.92" CONTENT="remmare"/>
						</TextLine>
						<TextLine ID="line_4" HPOS="217" VPOS="294" WIDTH="758" HEIGHT="30">
							<String ID="string_28" HPOS="217" VPOS="294" WIDTH="64" HEIGHT="23" WC="0.93" CONTENT="blifva"/><SP WIDTH="24" VPOS="294" HPOS="281"/>
							<String ID="string_29" HPOS="305" VPOS="296" WIDTH="22" HEIGHT="21" WC="0.93" CONTENT="af"/><SP WIDTH="20" VPOS="296" HPOS="327"/>
							<String ID="string_30" HPOS="347" VPOS="297" WIDTH="76" HEIGHT="27" WC="0.95" CONTENT="nöden,"/><SP WIDTH="23" VPOS="297" HPOS="423"/>
							<String ID="string_31" HPOS="446" VPOS="298" WIDTH="69" HEIGHT="21" WC="0.96" CONTENT="såsom"/><SP WIDTH="24" VPOS="298" HPOS="515"/>
							<String ID="string_32" HPOS="539" VPOS="297" WIDTH="59" HEIGHT="21" WC="0.96" CONTENT="fallet"/><SP WIDTH="22" VPOS="297" HPOS="598"/>
							<String ID="string_33" HPOS="620" VPOS="297" WIDTH="33" HEIGHT="21" WC="0.97" CONTENT="för"/><SP WIDTH="22" VPOS="297" HPOS="653"/>
							<String ID="string_34" HPOS="675" VPOS="297" WIDTH="132" HEIGHT="22" WC="0.96" CONTENT="närvarande"/><SP WIDTH="23" VPOS="297" HPOS="807"/>
							<String ID="string_35" HPOS="830" VPOS="299" WIDTH="24" HEIGHT="19" WC="0.38" CONTENT="är"/><SP WIDTH="14" VPOS="299" HPOS="854"/>
							<String ID="string_36" HPOS="868" VPOS="297" WIDTH="13" HEIGHT="21" WC="0.38" CONTENT="&amp;"/><SP WIDTH="15" VPOS="297" HPOS="881"/>
							<String ID="string_37" HPOS="896" VPOS="296" WIDTH="79" HEIGHT="23" WC="0.93" CONTENT="Saima-"/>
						</TextLine>
						<TextLine ID="line_5" HPOS="217" VPOS="330" WIDTH="758" HEIGHT="28">
							<String ID="string_38" HPOS="217" VPOS="330" WIDTH="159" HEIGHT="28" WC="0.90" CONTENT="vattendragen,"/><SP WIDTH="23" VPOS="330" HPOS="376"/>
							<String ID="string_39" HPOS="399" VPOS="331" WIDTH="82" HEIGHT="22" WC="0.92" CONTENT="hvilkas"/><SP WIDTH="20" VPOS="331" HPOS="481"/>
							<String ID="string_40" HPOS="501" VPOS="332" WIDTH="27" HEIGHT="20" WC="0.91" CONTENT="30"/><SP WIDTH="15" VPOS="332" HPOS="528"/>
							<String ID="string_41" HPOS="543" VPOS="331" WIDTH="67" HEIGHT="22" WC="0.91" CONTENT="lotsar"/><SP WIDTH="15" VPOS="331" HPOS="610"/>
							<String ID="string_42" HPOS="625" VPOS="331" WIDTH="62" HEIGHT="27" WC="0.93" CONTENT="högst"/><SP WIDTH="15" VPOS="331" HPOS="687"/>
							<String ID="string_43" HPOS="702" VPOS="331" WIDTH="68" HEIGHT="22" WC="0.93" CONTENT="sällan"/><SP WIDTH="15" VPOS="331" HPOS="770"/>
							<String ID="string_44" HPOS="785" VPOS="331" WIDTH="77" HEIGHT="22" WC="0.92" CONTENT="anlitas"/><SP WIDTH="15" VPOS="331" HPOS="862"/>
							<String ID="string_45" HPOS="877" VPOS="331" WIDTH="32" HEIGHT="22" WC="0.93" CONTENT="för"/><SP WIDTH="15" VPOS="331" HPOS="909"/>
							<String ID="string_46" HPOS="924" VPOS="331" WIDTH="51" HEIGHT="21" WC="0.93" CONTENT="lots-"/>
						</TextLine>
						<TextLine ID="line_6" HPOS="217" VPOS="361" WIDTH="758" HEIGHT="31">
							<String ID="string_47" HPOS="217" VPOS="364" WIDTH="56" HEIGHT="27" WC="0.95" CONTENT="ning."/><SP WIDTH="30" VPOS="364" HPOS="273"/>
							<String ID="string_48" HPOS="303" VPOS="365" WIDTH="10" HEIGHT="21" WC="0.95" CONTENT="I"/><SP WIDTH="16" VPOS="365" HPOS="313"/>
							<String ID="string_49" HPOS="329" VPOS="365" WIDTH="62" HEIGHT="22" WC="0.93" CONTENT="ofvan"/><SP WIDTH="14" VPOS="365" HPOS="391"/>
							<String ID="string_50" HPOS="405" VPOS="365" WIDTH="88" HEIGHT="22" WC="0.93" CONTENT="berördt"/><SP WIDTH="16" VPOS="365" HPOS="493"/>
							<String ID="string_51" HPOS="509" VPOS="365" WIDTH="98" HEIGHT="22" WC="0.96" CONTENT="afseende"/><SP WIDTH="16" VPOS="365" HPOS="607"/>
							<String ID="string_52" HPOS="623" VPOS="365" WIDTH="65" HEIGHT="22" WC="0.96" CONTENT="borde"/><SP WIDTH="16" VPOS="365" HPOS="688"/>
							<String ID="string_53" HPOS="704" VPOS="365" WIDTH="62" HEIGHT="27" WC="0.95" CONTENT="dock,"/><SP WIDTH="23" VPOS="365" HPOS="766"/>
							<String ID="string_54" HPOS="789" VPOS="365" WIDTH="66" HEIGHT="27" WC="0.93" CONTENT="enligt"/><SP WIDTH="15" VPOS="365" HPOS="855"/>
							<String ID="string_55" HPOS="870" VPOS="361" WIDTH="105" HEIGHT="30" WC="0.88" CONTENT="Öfversty-"/>
						</TextLine>
						<TextLine ID="line_7" HPOS="216" VPOS="398" WIDTH="759" HEIGHT="29">
							<String ID="string_56" HPOS="216" VPOS="398" WIDTH="80" HEIGHT="22" WC="0.93" CONTENT="relsens"/><SP WIDTH="22" VPOS="398" HPOS="296"/>
							<String ID="string_57" HPOS="318" VPOS="399" WIDTH="33" HEIGHT="21" WC="0.93" CONTENT="för"/><SP WIDTH="22" VPOS="399" HPOS="351"/>
							<String ID="string_58" HPOS="373" VPOS="399" WIDTH="50" HEIGHT="22" WC="0.92" CONTENT="lots-"/><SP WIDTH="21" VPOS="399" HPOS="423"/>
							<String ID="string_59" HPOS="444" VPOS="400" WIDTH="39" HEIGHT="21" WC="0.93" CONTENT="och"/><SP WIDTH="23" VPOS="400" HPOS="483"/>
							<String ID="string_60" HPOS="506" VPOS="399" WIDTH="175" HEIGHT="28" WC="0.92" CONTENT="fyrinrättningen"/><SP WIDTH="26" VPOS="399" HPOS="681"/>
							<String ID="string_61" HPOS="707" VPOS="399" WIDTH="91" HEIGHT="27" WC="0.93" CONTENT="mening,"/><SP WIDTH="25" VPOS="399" HPOS="798"/>
							<String ID="string_62" HPOS="823" VPOS="400" WIDTH="82" HEIGHT="21" WC="0.90" CONTENT="innestä"/><SP WIDTH="23" VPOS="400" HPOS="905"/>
							<String ID="string_63" HPOS="928" VPOS="399" WIDTH="47" HEIGHT="22" WC="0.96" CONTENT="med"/>
						</TextLine>
						<TextLine ID="line_8" HPOS="218" VPOS="432" WIDTH="757" HEIGHT="29">
							<String ID="string_64" HPOS="218" VPOS="432" WIDTH="125" HEIGHT="27" WC="0.93" CONTENT="vidtagande"/><SP WIDTH="16" VPOS="432" HPOS="343"/>
							<String ID="string_65" HPOS="359" VPOS="434" WIDTH="22" HEIGHT="21" WC="0.93" CONTENT="af"/><SP WIDTH="13" VPOS="434" HPOS="381"/>
							<String ID="string_66" HPOS="394" VPOS="435" WIDTH="66" HEIGHT="26" WC="0.91" CONTENT="nägra"/><SP WIDTH="15" VPOS="435" HPOS="460"/>
							<String ID="string_67" HPOS="475" VPOS="434" WIDTH="99" HEIGHT="27" WC="0.93" CONTENT="ätgärder"/><SP WIDTH="15" VPOS="434" HPOS="574"/>
							<String ID="string_68" HPOS="589" VPOS="434" WIDTH="32" HEIGHT="21" WC="0.96" CONTENT="till"/><SP WIDTH="17" VPOS="434" HPOS="621"/>
							<String ID="string_69" HPOS="638" VPOS="434" WIDTH="46" HEIGHT="21" WC="0.93" CONTENT="dess"/><SP WIDTH="16" VPOS="434" HPOS="684"/>
							<String ID="string_70" HPOS="700" VPOS="434" WIDTH="149" HEIGHT="21" WC="0.92" CONTENT="erfarenheten"/><SP WIDTH="15" VPOS="434" HPOS="849"/>
							<String ID="string_71" HPOS="864" VPOS="433" WIDTH="111" HEIGHT="28" WC="0.92" CONTENT="ädagaläg-"/>
						</TextLine>
						<TextLine ID="line_9" HPOS="216" VPOS="468" WIDTH="274" HEIGHT="27">
							<String ID="string_72" HPOS="216" VPOS="473" WIDTH="38" HEIGHT="20" WC="0.96" CONTENT="ger"/><SP WIDTH="15" VPOS="473" HPOS="254"/>
							<String ID="string_73" HPOS="269" VPOS="469" WIDTH="31" HEIGHT="20" WC="0.93" CONTENT="ett"/><SP WIDTH="15" VPOS="469" HPOS="300"/>
							<String ID="string_74" HPOS="315" VPOS="468" WIDTH="91" HEIGHT="27" WC="0.93" CONTENT="verkligt"/><SP WIDTH="15" VPOS="468" HPOS="406"/>
							<String ID="string_75" HPOS="421" VPOS="468" WIDTH="69" HEIGHT="22" WC="0.90" CONTENT="behof."/>
						</TextLine>
					</TextBlock>
					<TextBlock ID="block_2" HPOS="214" VPOS="502" WIDTH="761" HEIGHT="268">
						<TextLine ID="line_10" HPOS="285" VPOS="502" WIDTH="690" HEIGHT="28">
							<String ID="string_76" HPOS="285" VPOS="503" WIDTH="19" HEIGHT="20" WC="0.95" CONTENT="4."/><SP WIDTH="30" VPOS="503" HPOS="304"/>
							<String ID="string_77" HPOS="334" VPOS="503" WIDTH="43" HEIGHT="21" WC="0.93" CONTENT="Det"/><SP WIDTH="22" VPOS="503" HPOS="377"/>
							<String ID="string_78" HPOS="399" VPOS="503" WIDTH="77" HEIGHT="27" WC="0.90" CONTENT="belopp"/><SP WIDTH="24" VPOS="503" HPOS="476"/>
							<String ID="string_79" HPOS="500" VPOS="503" WIDTH="22" HEIGHT="21" WC="0.96" CONTENT="af"/><SP WIDTH="21" VPOS="503" HPOS="522"/>
							<String ID="string_80" HPOS="543" VPOS="503" WIDTH="95" HEIGHT="27" WC="0.93" CONTENT="omkring"/><SP WIDTH="17" VPOS="503" HPOS="638"/>
							<String ID="string_81" HPOS="655" VPOS="503" WIDTH="90" HEIGHT="24" WC="0.92" CONTENT="170,000"/><SP WIDTH="16" VPOS="503" HPOS="745"/>
							<String ID="string_82" HPOS="761" VPOS="502" WIDTH="68" HEIGHT="28" WC="0.93" CONTENT="mark,"/><SP WIDTH="15" VPOS="502" HPOS="829"/>
							<String ID="string_83" HPOS="844" VPOS="502" WIDTH="81" HEIGHT="22" WC="0.92" CONTENT="hvilket"/><SP WIDTH="15" VPOS="502" HPOS="925"/>
							<String ID="string_84" HPOS="940" VPOS="502" WIDTH="35" HEIGHT="22" WC="0.93" CONTENT="Se-"/>
						</TextLine>
						<TextLine ID="line_11" HPOS="216" VPOS="537" WIDTH="759" HEIGHT="27">
							<String ID="string_85" HPOS="216" VPOS="538" WIDTH="64" HEIGHT="20" WC="0.91" CONTENT="naten"/><SP WIDTH="23" VPOS="538" HPOS="280"/>
							<String ID="string_86" HPOS="303" VPOS="537" WIDTH="90" HEIGHT="27" WC="0.88" CONTENT="anslagit"/><SP WIDTH="24" VPOS="537" HPOS="393"/>
							<String ID="string_87" HPOS="417" VPOS="540" WIDTH="32" HEIGHT="18" WC="0.93" CONTENT="att"/><SP WIDTH="18" VPOS="540" HPOS="449"/>
							<String ID="string_88" HPOS="467" VPOS="537" WIDTH="91" HEIGHT="27" WC="0.92" CONTENT="utgifvas"/><SP WIDTH="15" VPOS="537" HPOS="558"/>
							<String ID="string_89" HPOS="573" VPOS="537" WIDTH="6" HEIGHT="21" WC="0.96" CONTENT="i"/><SP WIDTH="16" VPOS="537" HPOS="579"/>
							<String ID="string_90" HPOS="595" VPOS="537" WIDTH="54" HEIGHT="21" WC="0.96" CONTENT="form"/><SP WIDTH="15" VPOS="537" HPOS="649"/>
							<String ID="string_91" HPOS="664" VPOS="537" WIDTH="22" HEIGHT="22" WC="0.93" CONTENT="af"/><SP WIDTH="13" VPOS="537" HPOS="686"/>
							<String ID="string_92" HPOS="699" VPOS="537" WIDTH="127" HEIGHT="27" WC="0.92" CONTENT="förmänliga"/><SP WIDTH="14" VPOS="537" HPOS="826"/>
							<String ID="string_93" HPOS="840" VPOS="537" WIDTH="35" HEIGHT="21" WC="0.96" CONTENT="län"/><SP WIDTH="16" VPOS="537" HPOS="875"/>
							<String ID="string_94" HPOS="891" VPOS="537" WIDTH="31" HEIGHT="21" WC="0.93" CONTENT="till"/><SP WIDTH="16" VPOS="537" HPOS="922"/>
							<String ID="string_95" HPOS="938" VPOS="537" WIDTH="37" HEIGHT="21" WC="0.93" CONTENT="hö-"/>
						</TextLine>
						<TextLine ID="line_12" HPOS="214" VPOS="570" WIDTH="761" HEIGHT="29">
							<String ID="string_96" HPOS="214" VPOS="570" WIDTH="65" HEIGHT="26" WC="0.92" CONTENT="jande"/><SP WIDTH="20" VPOS="570" HPOS="279"/>
							<String ID="string_97" HPOS="299" VPOS="571" WIDTH="23" HEIGHT="21" WC="0.93" CONTENT="af"/><SP WIDTH="13" VPOS="571" HPOS="322"/>
							<String ID="string_98" HPOS="335" VPOS="571" WIDTH="188" HEIGHT="28" WC="0.92" CONTENT="skeppsbyggeriet"/><SP WIDTH="14" VPOS="571" HPOS="523"/>
							<String ID="string_99" HPOS="537" VPOS="572" WIDTH="13" HEIGHT="21" WC="0.85" CONTENT="&amp;"/><SP WIDTH="16" VPOS="572" HPOS="550"/>
							<String ID="string_100" HPOS="566" VPOS="572" WIDTH="92" HEIGHT="26" WC="0.96" CONTENT="Ladoga,"/><SP WIDTH="16" VPOS="572" HPOS="658"/>
							<String ID="string_101" HPOS="674" VPOS="572" WIDTH="39" HEIGHT="21" WC="0.93" CONTENT="har"/><SP WIDTH="15" VPOS="572" HPOS="713"/>
							<String ID="string_102" HPOS="728" VPOS="572" WIDTH="71" HEIGHT="21" WC="0.96" CONTENT="såsom"/><SP WIDTH="16" VPOS="572" HPOS="799"/>
							<String ID="string_103" HPOS="815" VPOS="571" WIDTH="61" HEIGHT="21" WC="0.96" CONTENT="ofvan"/><SP WIDTH="16" VPOS="571" HPOS="876"/>
							<String ID="string_104" HPOS="892" VPOS="572" WIDTH="83" HEIGHT="20" WC="0.96" CONTENT="nämnts"/>
						</TextLine>
						<TextLine ID="line_13" HPOS="216" VPOS="604" WIDTH="759" HEIGHT="29">
							<String ID="string_105" HPOS="216" VPOS="604" WIDTH="32" HEIGHT="22" WC="0.93" CONTENT="till"/><SP WIDTH="17" VPOS="604" HPOS="248"/>
							<String ID="string_106" HPOS="265" VPOS="605" WIDTH="94" HEIGHT="28" WC="0.96" CONTENT="betydlig"/><SP WIDTH="16" VPOS="605" HPOS="359"/>
							<String ID="string_107" HPOS="375" VPOS="606" WIDTH="33" HEIGHT="22" WC="0.93" CONTENT="del"/><SP WIDTH="15" VPOS="606" HPOS="408"/>
							<String ID="string_108" HPOS="423" VPOS="606" WIDTH="100" HEIGHT="27" WC="0.92" CONTENT="utgifvits."/><SP WIDTH="30" VPOS="606" HPOS="523"/>
							<String ID="string_109" HPOS="553" VPOS="606" WIDTH="49" HEIGHT="21" WC="0.93" CONTENT="Med"/><SP WIDTH="16" VPOS="606" HPOS="602"/>
							<String ID="string_110" HPOS="618" VPOS="606" WIDTH="89" HEIGHT="27" WC="0.68" CONTENT="tillbjelp"/><SP WIDTH="16" VPOS="606" HPOS="707"/>
							<String ID="string_111" HPOS="723" VPOS="606" WIDTH="22" HEIGHT="21" WC="0.96" CONTENT="af"/><SP WIDTH="14" VPOS="606" HPOS="745"/>
							<String ID="string_112" HPOS="759" VPOS="606" WIDTH="62" HEIGHT="21" WC="0.96" CONTENT="dessa"/><SP WIDTH="15" VPOS="606" HPOS="821"/>
							<String ID="string_113" HPOS="836" VPOS="606" WIDTH="35" HEIGHT="21" WC="0.93" CONTENT="län"/><SP WIDTH="14" VPOS="606" HPOS="871"/>
							<String ID="string_114" HPOS="885" VPOS="605" WIDTH="62" HEIGHT="22" WC="0.96" CONTENT="hafva"/><SP WIDTH="15" VPOS="605" HPOS="947"/>
							<String ID="string_115" HPOS="962" VPOS="606" WIDTH="13" HEIGHT="20" WC="0.96" CONTENT="2"/>
						</TextLine>
						<TextLine ID="line_14" HPOS="216" VPOS="639" WIDTH="759" HEIGHT="28">
							<String ID="string_116" HPOS="216" VPOS="639" WIDTH="112" HEIGHT="22" WC="0.91" CONTENT="skonertar"/><SP WIDTH="22" VPOS="639" HPOS="328"/>
							<String ID="string_117" HPOS="350" VPOS="646" WIDTH="35" HEIGHT="16" WC="0.96" CONTENT="om"/><SP WIDTH="20" VPOS="646" HPOS="385"/>
							<String ID="string_118" HPOS="405" VPOS="641" WIDTH="40" HEIGHT="21" WC="0.96" CONTENT="139"/><SP WIDTH="16" VPOS="641" HPOS="445"/>
							<String ID="string_119" HPOS="461" VPOS="640" WIDTH="40" HEIGHT="22" WC="0.96" CONTENT="och"/><SP WIDTH="18" VPOS="640" HPOS="501"/>
							<String ID="string_120" HPOS="519" VPOS="640" WIDTH="42" HEIGHT="21" WC="0.96" CONTENT="250"/><SP WIDTH="15" VPOS="640" HPOS="561"/>
							<String ID="string_121" HPOS="576" VPOS="646" WIDTH="42" HEIGHT="21" WC="0.96" CONTENT="reg."/><SP WIDTH="17" VPOS="646" HPOS="618"/>
							<String ID="string_122" HPOS="635" VPOS="642" WIDTH="48" HEIGHT="20" WC="0.96" CONTENT="tons"/><SP WIDTH="14" VPOS="642" HPOS="683"/>
							<String ID="string_123" HPOS="697" VPOS="642" WIDTH="56" HEIGHT="20" WC="0.96" CONTENT="samt"/><SP WIDTH="16" VPOS="642" HPOS="753"/>
							<String ID="string_124" HPOS="769" VPOS="641" WIDTH="32" HEIGHT="20" WC="0.93" CONTENT="ett"/><SP WIDTH="14" VPOS="641" HPOS="801"/>
							<String ID="string_125" HPOS="815" VPOS="640" WIDTH="111" HEIGHT="27" WC="0.92" CONTENT="ängfartyg"/><SP WIDTH="15" VPOS="640" HPOS="926"/>
							<String ID="string_126" HPOS="941" VPOS="646" WIDTH="34" HEIGHT="14" WC="0.96" CONTENT="om"/>
						</TextLine>
						<TextLine ID="line_15" HPOS="217" VPOS="673" WIDTH="757" HEIGHT="29">
							<String ID="string_127" HPOS="217" VPOS="674" WIDTH="26" HEIGHT="21" WC="0.94" CONTENT="78"/><SP WIDTH="22" VPOS="674" HPOS="243"/>
							<String ID="string_128" HPOS="265" VPOS="680" WIDTH="44" HEIGHT="21" WC="0.94" CONTENT="reg."/><SP WIDTH="24" VPOS="680" HPOS="309"/>
							<String ID="string_129" HPOS="333" VPOS="676" WIDTH="47" HEIGHT="20" WC="0.93" CONTENT="tons"/><SP WIDTH="24" VPOS="676" HPOS="380"/>
							<String ID="string_130" HPOS="404" VPOS="674" WIDTH="120" HEIGHT="27" WC="0.92" CONTENT="drägtighet"/><SP WIDTH="16" VPOS="674" HPOS="524"/>
							<String ID="string_131" HPOS="540" VPOS="674" WIDTH="67" HEIGHT="22" WC="0.92" CONTENT="blifvit"/><SP WIDTH="15" VPOS="674" HPOS="607"/>
							<String ID="string_132" HPOS="622" VPOS="674" WIDTH="68" HEIGHT="28" WC="0.93" CONTENT="bygda"/><SP WIDTH="16" VPOS="674" HPOS="690"/>
							<String ID="string_133" HPOS="706" VPOS="674" WIDTH="54" HEIGHT="22" WC="0.93" CONTENT="efter"/><SP WIDTH="15" VPOS="674" HPOS="760"/>
							<String ID="string_134" HPOS="775" VPOS="674" WIDTH="112" HEIGHT="27" WC="0.92" CONTENT="godkända"/><SP WIDTH="15" VPOS="674" HPOS="887"/>
							<String ID="string_135" HPOS="902" VPOS="673" WIDTH="72" HEIGHT="22" WC="0.93" CONTENT="ritnin-"/>
						</TextLine>
						<TextLine ID="line_16" HPOS="216" VPOS="708" WIDTH="758" HEIGHT="28">
							<String ID="string_136" HPOS="216" VPOS="714" WIDTH="44" HEIGHT="21" WC="0.93" CONTENT="gar,"/><SP WIDTH="21" VPOS="714" HPOS="260"/>
							<String ID="string_137" HPOS="281" VPOS="708" WIDTH="116" HEIGHT="27" WC="0.92" CONTENT="hvarjemte"/><SP WIDTH="16" VPOS="708" HPOS="397"/>
							<String ID="string_138" HPOS="413" VPOS="709" WIDTH="66" HEIGHT="21" WC="0.93" CONTENT="under"/><SP WIDTH="15" VPOS="709" HPOS="479"/>
							<String ID="string_139" HPOS="494" VPOS="708" WIDTH="84" HEIGHT="28" WC="0.93" CONTENT="bygnad"/><SP WIDTH="15" VPOS="708" HPOS="578"/>
							<String ID="string_140" HPOS="593" VPOS="711" WIDTH="37" HEIGHT="19" WC="0.92" CONTENT="äro"/><SP WIDTH="16" VPOS="711" HPOS="630"/>
							<String ID="string_141" HPOS="646" VPOS="710" WIDTH="76" HEIGHT="20" WC="0.93" CONTENT="tvenne"/><SP WIDTH="15" VPOS="710" HPOS="722"/>
							<String ID="string_142" HPOS="737" VPOS="708" WIDTH="136" HEIGHT="28" WC="0.92" CONTENT="slättoppade"/><SP WIDTH="16" VPOS="708" HPOS="873"/>
							<String ID="string_143" HPOS="889" VPOS="708" WIDTH="85" HEIGHT="22" WC="0.92" CONTENT="skoner-"/>
						</TextLine>
						<TextLine ID="line_17" HPOS="216" VPOS="743" WIDTH="388" HEIGHT="27">
							<String ID="string_144" HPOS="216" VPOS="744" WIDTH="33" HEIGHT="20" WC="0.96" CONTENT="tar"/><SP WIDTH="15" VPOS="744" HPOS="249"/>
							<String ID="string_145" HPOS="264" VPOS="748" WIDTH="35" HEIGHT="16" WC="0.96" CONTENT="om"/><SP WIDTH="16" VPOS="748" HPOS="299"/>
							<String ID="string_146" HPOS="315" VPOS="743" WIDTH="42" HEIGHT="21" WC="0.96" CONTENT="300"/><SP WIDTH="14" VPOS="743" HPOS="357"/>
							<String ID="string_147" HPOS="371" VPOS="749" WIDTH="43" HEIGHT="21" WC="0.96" CONTENT="reg."/><SP WIDTH="17" VPOS="749" HPOS="414"/>
							<String ID="string_148" HPOS="431" VPOS="745" WIDTH="48" HEIGHT="19" WC="0.93" CONTENT="tons"/><SP WIDTH="15" VPOS="745" HPOS="479"/>
							<String ID="string_149" HPOS="494" VPOS="743" WIDTH="110" HEIGHT="22" WC="0.92" CONTENT="hvardera."/>
						</TextLine>
					</TextBlock>
					<TextBlock ID="block_3" HPOS="215" VPOS="776" WIDTH="760" HEIGHT="229">
						<TextLine ID="line_18" HPOS="284" VPOS="776" WIDTH="691" HEIGHT="29">
							<String ID="string_150" HPOS="284" VPOS="777" WIDTH="46" HEIGHT="21" WC="0.96" CONTENT="Den"/><SP WIDTH="23" VPOS="777" HPOS="330"/>
							<String ID="string_151" HPOS="353" VPOS="779" WIDTH="69" HEIGHT="20" WC="0.93" CONTENT="större"/><SP WIDTH="18" VPOS="779" HPOS="422"/>
							<String ID="string_152" HPOS="440" VPOS="778" WIDTH="94" HEIGHT="27" WC="0.93" CONTENT="styrkan,"/><SP WIDTH="16" VPOS="778" HPOS="534"/>
							<String ID="string_153" HPOS="550" VPOS="778" WIDTH="167" HEIGHT="27" WC="0.93" CONTENT="sjödugligheten"/><SP WIDTH="16" VPOS="778" HPOS="717"/>
							<String ID="string_154" HPOS="733" VPOS="777" WIDTH="40" HEIGHT="22" WC="0.93" CONTENT="och"/><SP WIDTH="16" VPOS="777" HPOS="773"/>
							<String ID="string_155" HPOS="789" VPOS="777" WIDTH="88" HEIGHT="22" WC="0.93" CONTENT="relativa"/><SP WIDTH="15" VPOS="777" HPOS="877"/>
							<String ID="string_156" HPOS="892" VPOS="776" WIDTH="83" HEIGHT="29" WC="0.91" CONTENT="rymlig-"/>
						</TextLine>
						<TextLine ID="line_19" HPOS="215" VPOS="811" WIDTH="760" HEIGHT="28">
							<String ID="string_157" HPOS="215" VPOS="811" WIDTH="62" HEIGHT="21" WC="0.96" CONTENT="heten"/><SP WIDTH="16" VPOS="811" HPOS="277"/>
							<String ID="string_158" HPOS="293" VPOS="811" WIDTH="38" HEIGHT="22" WC="0.96" CONTENT="hos"/><SP WIDTH="16" VPOS="811" HPOS="331"/>
							<String ID="string_159" HPOS="347" VPOS="812" WIDTH="60" HEIGHT="21" WC="0.93" CONTENT="dessa"/><SP WIDTH="14" VPOS="812" HPOS="407"/>
							<String ID="string_160" HPOS="421" VPOS="812" WIDTH="70" HEIGHT="27" WC="0.95" CONTENT="fartyg"/><SP WIDTH="14" VPOS="812" HPOS="491"/>
							<String ID="string_161" HPOS="505" VPOS="812" WIDTH="40" HEIGHT="21" WC="0.96" CONTENT="och"/><SP WIDTH="20" VPOS="812" HPOS="545"/>
							<String ID="string_162" HPOS="565" VPOS="812" WIDTH="72" HEIGHT="27" WC="0.96" CONTENT="andra,"/><SP WIDTH="24" VPOS="812" HPOS="637"/>
							<String ID="string_163" HPOS="661" VPOS="818" WIDTH="46" HEIGHT="16" WC="0.90" CONTENT="som"/><SP WIDTH="15" VPOS="818" HPOS="707"/>
							<String ID="string_164" HPOS="722" VPOS="811" WIDTH="107" HEIGHT="22" WC="0.96" CONTENT="måhända"/><SP WIDTH="15" VPOS="811" HPOS="829"/>
							<String ID="string_165" HPOS="844" VPOS="811" WIDTH="85" HEIGHT="22" WC="0.96" CONTENT="komma"/><SP WIDTH="14" VPOS="811" HPOS="929"/>
							<String ID="string_166" HPOS="943" VPOS="812" WIDTH="32" HEIGHT="20" WC="0.96" CONTENT="att"/>
						</TextLine>
						<TextLine ID="line_20" HPOS="215" VPOS="845" WIDTH="760" HEIGHT="28">
							<String ID="string_167" HPOS="215" VPOS="845" WIDTH="79" HEIGHT="28" WC="0.90" CONTENT="byggas"/><SP WIDTH="23" VPOS="845" HPOS="294"/>
							<String ID="string_168" HPOS="317" VPOS="845" WIDTH="54" HEIGHT="22" WC="0.95" CONTENT="efter"/><SP WIDTH="22" VPOS="845" HPOS="371"/>
							<String ID="string_169" HPOS="393" VPOS="852" WIDTH="81" HEIGHT="16" WC="0.89" CONTENT="samma"/><SP WIDTH="22" VPOS="852" HPOS="474"/>
							<String ID="string_170" HPOS="496" VPOS="846" WIDTH="84" HEIGHT="26" WC="0.89" CONTENT="modell,"/><SP WIDTH="23" VPOS="846" HPOS="580"/>
							<String ID="string_171" HPOS="603" VPOS="846" WIDTH="61" HEIGHT="22" WC="0.96" CONTENT="skola"/><SP WIDTH="15" VPOS="846" HPOS="664"/>
							<String ID="string_172" HPOS="679" VPOS="846" WIDTH="34" HEIGHT="22" WC="0.96" CONTENT="väl"/><SP WIDTH="16" VPOS="846" HPOS="713"/>
							<String ID="string_173" HPOS="729" VPOS="846" WIDTH="49" HEIGHT="22" WC="0.96" CONTENT="med"/><SP WIDTH="15" VPOS="846" HPOS="778"/>
							<String ID="string_174" HPOS="793" VPOS="846" WIDTH="59" HEIGHT="21" WC="0.93" CONTENT="tiden"/><SP WIDTH="15" VPOS="846" HPOS="852"/>
							<String ID="string_175" HPOS="867" VPOS="846" WIDTH="56" HEIGHT="26" WC="0.92" CONTENT="gifva"/><SP WIDTH="14" VPOS="846" HPOS="923"/>
							<String ID="string_176" HPOS="937" VPOS="846" WIDTH="38" HEIGHT="21" WC="0.93" CONTENT="im-"/>
						</TextLine>
						<TextLine ID="line_21" HPOS="215" VPOS="880" WIDTH="760" HEIGHT="28">
							<String ID="string_177" HPOS="215" VPOS="880" WIDTH="74" HEIGHT="26" WC="0.92" CONTENT="pulsen"/><SP WIDTH="23" VPOS="880" HPOS="289"/>
							<String ID="string_178" HPOS="312" VPOS="880" WIDTH="33" HEIGHT="21" WC="0.93" CONTENT="till"/><SP WIDTH="22" VPOS="880" HPOS="345"/>
							<String ID="string_179" HPOS="367" VPOS="882" WIDTH="32" HEIGHT="20" WC="0.93" CONTENT="ett"/><SP WIDTH="22" VPOS="882" HPOS="399"/>
							<String ID="string_180" HPOS="421" VPOS="880" WIDTH="127" HEIGHT="22" WC="0.92" CONTENT="rationelare"/><SP WIDTH="23" VPOS="880" HPOS="548"/>
							<String ID="string_181" HPOS="571" VPOS="880" WIDTH="165" HEIGHT="28" WC="0.91" CONTENT="skeppsbyggeri"/><SP WIDTH="23" VPOS="880" HPOS="736"/>
							<String ID="string_182" HPOS="759" VPOS="880" WIDTH="40" HEIGHT="21" WC="0.96" CONTENT="hos"/><SP WIDTH="16" VPOS="880" HPOS="799"/>
							<String ID="string_183" HPOS="815" VPOS="880" WIDTH="40" HEIGHT="21" WC="0.95" CONTENT="den"/><SP WIDTH="16" VPOS="880" HPOS="855"/>
							<String ID="string_184" HPOS="871" VPOS="880" WIDTH="104" HEIGHT="27" WC="0.96" CONTENT="egentliga"/>
						</TextLine>
						<TextLine ID="line_22" HPOS="216" VPOS="914" WIDTH="759" HEIGHT="27">
							<String ID="string_185" HPOS="216" VPOS="914" WIDTH="111" HEIGHT="27" WC="0.91" CONTENT="allmogen."/><SP WIDTH="16" VPOS="914" HPOS="327"/>
							<String ID="string_186" HPOS="343" VPOS="914" WIDTH="51" HEIGHT="22" WC="0.93" CONTENT="Tills"/><SP WIDTH="16" VPOS="914" HPOS="394"/>
							<String ID="string_187" HPOS="410" VPOS="915" WIDTH="71" HEIGHT="21" WC="0.96" CONTENT="vidare"/><SP WIDTH="15" VPOS="915" HPOS="481"/>
							<String ID="string_188" HPOS="496" VPOS="915" WIDTH="40" HEIGHT="21" WC="0.93" CONTENT="har"/><SP WIDTH="14" VPOS="915" HPOS="536"/>
							<String ID="string_189" HPOS="550" VPOS="915" WIDTH="46" HEIGHT="21" WC="0.87" CONTENT="icke"/><SP WIDTH="16" VPOS="915" HPOS="596"/>
							<String ID="string_190" HPOS="612" VPOS="915" WIDTH="38" HEIGHT="21" WC="0.96" CONTENT="hos"/><SP WIDTH="16" VPOS="915" HPOS="650"/>
							<String ID="string_191" HPOS="666" VPOS="915" WIDTH="40" HEIGHT="21" WC="0.96" CONTENT="den"/><SP WIDTH="16" VPOS="915" HPOS="706"/>
							<String ID="string_192" HPOS="722" VPOS="920" WIDTH="83" HEIGHT="16" WC="0.93" CONTENT="samma"/><SP WIDTH="16" VPOS="920" HPOS="805"/>
							<String ID="string_193" HPOS="821" VPOS="914" WIDTH="102" HEIGHT="27" WC="0.92" CONTENT="försports"/><SP WIDTH="16" VPOS="914" HPOS="923"/>
							<String ID="string_194" HPOS="939" VPOS="914" WIDTH="36" HEIGHT="21" WC="0.92" CONTENT="nä-"/>
						</TextLine>
						<TextLine ID="line_23" HPOS="215" VPOS="948" WIDTH="760" HEIGHT="28">
							<String ID="string_195" HPOS="215" VPOS="955" WIDTH="41" HEIGHT="20" WC="0.93" CONTENT="gon"/><SP WIDTH="23" VPOS="955" HPOS="256"/>
							<String ID="string_196" HPOS="279" VPOS="949" WIDTH="42" HEIGHT="27" WC="0.93" CONTENT="häg"/><SP WIDTH="22" VPOS="949" HPOS="321"/>
							<String ID="string_197" HPOS="343" VPOS="951" WIDTH="32" HEIGHT="20" WC="0.93" CONTENT="att"/><SP WIDTH="23" VPOS="951" HPOS="375"/>
							<String ID="string_198" HPOS="398" VPOS="949" WIDTH="115" HEIGHT="27" WC="0.90" CONTENT="öfvergifva"/><SP WIDTH="19" VPOS="949" HPOS="513"/>
							<String ID="string_199" HPOS="532" VPOS="949" WIDTH="50" HEIGHT="22" WC="0.93" CONTENT="eller"/><SP WIDTH="15" VPOS="949" HPOS="582"/>
							<String ID="string_200" HPOS="597" VPOS="949" WIDTH="109" HEIGHT="22" WC="0.93" CONTENT="modifiera"/><SP WIDTH="16" VPOS="949" HPOS="706"/>
							<String ID="string_201" HPOS="722" VPOS="949" WIDTH="36" HEIGHT="22" WC="0.93" CONTENT="det"/><SP WIDTH="15" VPOS="949" HPOS="758"/>
							<String ID="string_202" HPOS="773" VPOS="949" WIDTH="137" HEIGHT="22" WC="0.93" CONTENT="traditionela"/><SP WIDTH="15" VPOS="949" HPOS="910"/>
							<String ID="string_203" HPOS="925" VPOS="948" WIDTH="50" HEIGHT="27" WC="0.93" CONTENT="byg-"/>
						</TextLine>
						<TextLine ID="line_24" HPOS="217" VPOS="983" WIDTH="126" HEIGHT="22">
							<String ID="string_204" HPOS="217" VPOS="983" WIDTH="126" HEIGHT="22" WC="0.92" CONTENT="nadssättet."/>
						</TextLine>
					</TextBlock>
					<TextBlock ID="block_4" HPOS="213" VPOS="1017" WIDTH="764" HEIGHT="473">
						<TextLine ID="line_25" HPOS="285" VPOS="1017" WIDTH="690" HEIGHT="28">
							<String ID="string_205" HPOS="285" VPOS="1019" WIDTH="20" HEIGHT="20" WC="0.92" CONTENT="5."/><SP WIDTH="30" VPOS="1019" HPOS="305"/>
							<String ID="string_206" HPOS="335" VPOS="1018" WIDTH="97" HEIGHT="21" WC="0.92" CONTENT="Primitiv"/><SP WIDTH="16" VPOS="1018" HPOS="432"/>
							<String ID="string_207" HPOS="448" VPOS="1018" WIDTH="39" HEIGHT="22" WC="0.93" CONTENT="och"/><SP WIDTH="15" VPOS="1018" HPOS="487"/>
							<String ID="string_208" HPOS="502" VPOS="1017" WIDTH="117" HEIGHT="28" WC="0.92" CONTENT="bristfällig,"/><SP WIDTH="11" VPOS="1017" HPOS="619"/>
							<String ID="string_209" HPOS="630" VPOS="1017" WIDTH="89" HEIGHT="22" WC="0.91" CONTENT="likasom"/><SP WIDTH="12" VPOS="1017" HPOS="719"/>
							<String ID="string_210" HPOS="731" VPOS="1017" WIDTH="62" HEIGHT="22" WC="0.93" CONTENT="deras"/><SP WIDTH="11" VPOS="1017" HPOS="793"/>
							<String ID="string_211" HPOS="804" VPOS="1017" WIDTH="171" HEIGHT="27" WC="0.92" CONTENT="skeppsbyggeri,"/>
						</TextLine>
						<TextLine ID="line_26" HPOS="214" VPOS="1051" WIDTH="761" HEIGHT="28">
							<String ID="string_212" HPOS="214" VPOS="1053" WIDTH="24" HEIGHT="20" WC="0.92" CONTENT="är"/><SP WIDTH="23" VPOS="1053" HPOS="238"/>
							<String ID="string_213" HPOS="261" VPOS="1051" WIDTH="218" HEIGHT="28" WC="0.92" CONTENT="Ladogaskepparnes"/><SP WIDTH="21" VPOS="1051" HPOS="479"/>
							<String ID="string_214" HPOS="500" VPOS="1053" WIDTH="128" HEIGHT="26" WC="0.96" CONTENT="navigation."/><SP WIDTH="30" VPOS="1053" HPOS="628"/>
							<String ID="string_215" HPOS="658" VPOS="1053" WIDTH="32" HEIGHT="21" WC="0.96" CONTENT="De"/><SP WIDTH="15" VPOS="1053" HPOS="690"/>
							<String ID="string_216" HPOS="705" VPOS="1052" WIDTH="22" HEIGHT="21" WC="0.96" CONTENT="af"/><SP WIDTH="15" VPOS="1052" HPOS="727"/>
							<String ID="string_217" HPOS="742" VPOS="1052" WIDTH="49" HEIGHT="21" WC="0.96" CONTENT="dem"/><SP WIDTH="16" VPOS="1052" HPOS="791"/>
							<String ID="string_218" HPOS="807" VPOS="1051" WIDTH="96" HEIGHT="22" WC="0.93" CONTENT="använda"/><SP WIDTH="14" VPOS="1051" HPOS="903"/>
							<String ID="string_219" HPOS="917" VPOS="1051" WIDTH="58" HEIGHT="21" WC="0.92" CONTENT="kom-"/>
						</TextLine>
						<TextLine ID="line_27" HPOS="214" VPOS="1085" WIDTH="761" HEIGHT="29">
							<String ID="string_220" HPOS="214" VPOS="1092" WIDTH="74" HEIGHT="21" WC="0.91" CONTENT="passer"/><SP WIDTH="15" VPOS="1092" HPOS="288"/>
							<String ID="string_221" HPOS="303" VPOS="1087" WIDTH="62" HEIGHT="21" WC="0.96" CONTENT="torde"/><SP WIDTH="15" VPOS="1087" HPOS="365"/>
							<String ID="string_222" HPOS="380" VPOS="1087" WIDTH="89" HEIGHT="21" WC="0.93" CONTENT="allmänt"/><SP WIDTH="14" VPOS="1087" HPOS="469"/>
							<String ID="string_223" HPOS="483" VPOS="1087" WIDTH="70" HEIGHT="22" WC="0.92" CONTENT="lemna"/><SP WIDTH="15" VPOS="1087" HPOS="553"/>
							<String ID="string_224" HPOS="568" VPOS="1087" WIDTH="83" HEIGHT="27" WC="0.93" CONTENT="mycket"/><SP WIDTH="16" VPOS="1087" HPOS="651"/>
							<String ID="string_225" HPOS="667" VPOS="1087" WIDTH="63" HEIGHT="27" WC="0.92" CONTENT="öfrigt"/><SP WIDTH="15" VPOS="1087" HPOS="730"/>
							<String ID="string_226" HPOS="745" VPOS="1088" WIDTH="35" HEIGHT="19" WC="0.93" CONTENT="att"/><SP WIDTH="15" VPOS="1088" HPOS="780"/>
							<String ID="string_227" HPOS="795" VPOS="1086" WIDTH="72" HEIGHT="26" WC="0.91" CONTENT="önska,"/><SP WIDTH="24" VPOS="1086" HPOS="867"/>
							<String ID="string_228" HPOS="891" VPOS="1085" WIDTH="84" HEIGHT="22" WC="0.92" CONTENT="hvarför"/>
						</TextLine>
						<TextLine ID="line_28" HPOS="215" VPOS="1120" WIDTH="759" HEIGHT="28">
							<String ID="string_229" HPOS="215" VPOS="1121" WIDTH="78" HEIGHT="21" WC="0.93" CONTENT="kursen"/><SP WIDTH="22" VPOS="1121" HPOS="293"/>
							<String ID="string_230" HPOS="315" VPOS="1121" WIDTH="49" HEIGHT="22" WC="0.96" CONTENT="med"/><SP WIDTH="23" VPOS="1121" HPOS="364"/>
							<String ID="string_231" HPOS="387" VPOS="1121" WIDTH="61" HEIGHT="21" WC="0.96" CONTENT="deras"/><SP WIDTH="23" VPOS="1121" HPOS="448"/>
							<String ID="string_232" HPOS="471" VPOS="1121" WIDTH="85" HEIGHT="27" WC="0.89" CONTENT="ledning"/><SP WIDTH="21" VPOS="1121" HPOS="556"/>
							<String ID="string_233" HPOS="577" VPOS="1121" WIDTH="46" HEIGHT="22" WC="0.89" CONTENT="icke"/><SP WIDTH="19" VPOS="1121" HPOS="623"/>
							<String ID="string_234" HPOS="642" VPOS="1121" WIDTH="41" HEIGHT="22" WC="0.93" CONTENT="kan"/><SP WIDTH="16" VPOS="1121" HPOS="683"/>
							<String ID="string_235" HPOS="699" VPOS="1121" WIDTH="83" HEIGHT="22" WC="0.91" CONTENT="erhälla"/><SP WIDTH="15" VPOS="1121" HPOS="782"/>
							<String ID="string_236" HPOS="797" VPOS="1120" WIDTH="113" HEIGHT="27" WC="0.90" CONTENT="tillräcklig"/><SP WIDTH="15" VPOS="1120" HPOS="910"/>
							<String ID="string_237" HPOS="925" VPOS="1126" WIDTH="49" HEIGHT="21" WC="0.93" CONTENT="nog-"/>
						</TextLine>
						<TextLine ID="line_29" HPOS="214" VPOS="1154" WIDTH="761" HEIGHT="29">
							<String ID="string_238" HPOS="214" VPOS="1155" WIDTH="95" HEIGHT="27" WC="0.92" CONTENT="granhet,"/><SP WIDTH="20" VPOS="1155" HPOS="309"/>
							<String ID="string_239" HPOS="329" VPOS="1157" WIDTH="51" HEIGHT="19" WC="0.93" CONTENT="utan"/><SP WIDTH="19" VPOS="1157" HPOS="380"/>
							<String ID="string_240" HPOS="399" VPOS="1156" WIDTH="67" HEIGHT="21" WC="0.93" CONTENT="mäste"/><SP WIDTH="15" VPOS="1156" HPOS="466"/>
							<String ID="string_241" HPOS="481" VPOS="1155" WIDTH="119" HEIGHT="28" WC="0.92" CONTENT="skepparne"/><SP WIDTH="14" VPOS="1155" HPOS="600"/>
							<String ID="string_242" HPOS="614" VPOS="1157" WIDTH="55" HEIGHT="20" WC="0.96" CONTENT="mest"/><SP WIDTH="14" VPOS="1157" HPOS="669"/>
							<String ID="string_243" HPOS="683" VPOS="1155" WIDTH="39" HEIGHT="22" WC="0.96" CONTENT="lita"/><SP WIDTH="16" VPOS="1155" HPOS="722"/>
							<String ID="string_244" HPOS="738" VPOS="1155" WIDTH="28" HEIGHT="26" WC="0.96" CONTENT="pä"/><SP WIDTH="16" VPOS="1155" HPOS="766"/>
							<String ID="string_245" HPOS="782" VPOS="1155" WIDTH="41" HEIGHT="21" WC="0.93" CONTENT="den"/><SP WIDTH="16" VPOS="1155" HPOS="823"/>
							<String ID="string_246" HPOS="839" VPOS="1154" WIDTH="136" HEIGHT="21" WC="0.91" CONTENT="lokalkänne-"/>
						</TextLine>
						<TextLine ID="line_30" HPOS="214" VPOS="1188" WIDTH="761" HEIGHT="29">
							<String ID="string_247" HPOS="214" VPOS="1189" WIDTH="49" HEIGHT="21" WC="0.96" CONTENT="dom"/><SP WIDTH="21" VPOS="1189" HPOS="263"/>
							<String ID="string_248" HPOS="284" VPOS="1189" WIDTH="26" HEIGHT="22" WC="0.93" CONTENT="de"/><SP WIDTH="15" VPOS="1189" HPOS="310"/>
							<String ID="string_249" HPOS="325" VPOS="1189" WIDTH="82" HEIGHT="28" WC="0.92" CONTENT="lyckats"/><SP WIDTH="16" VPOS="1189" HPOS="407"/>
							<String ID="string_250" HPOS="423" VPOS="1189" WIDTH="105" HEIGHT="22" WC="0.93" CONTENT="förvärfva"/><SP WIDTH="14" VPOS="1189" HPOS="528"/>
							<String ID="string_251" HPOS="542" VPOS="1190" WIDTH="37" HEIGHT="27" WC="0.93" CONTENT="sig."/><SP WIDTH="31" VPOS="1190" HPOS="579"/>
							<String ID="string_252" HPOS="610" VPOS="1190" WIDTH="117" HEIGHT="27" WC="0.92" CONTENT="Kryssning"/><SP WIDTH="16" VPOS="1190" HPOS="727"/>
							<String ID="string_253" HPOS="743" VPOS="1189" WIDTH="144" HEIGHT="21" WC="0.92" CONTENT="förekommer"/><SP WIDTH="14" VPOS="1189" HPOS="887"/>
							<String ID="string_254" HPOS="901" VPOS="1188" WIDTH="74" HEIGHT="27" WC="0.96" CONTENT="sällan,"/>
						</TextLine>
						<TextLine ID="line_31" HPOS="214" VPOS="1223" WIDTH="761" HEIGHT="28">
							<String ID="string_255" HPOS="214" VPOS="1225" WIDTH="51" HEIGHT="20" WC="0.90" CONTENT="utan"/><SP WIDTH="23" VPOS="1225" HPOS="265"/>
							<String ID="string_256" HPOS="288" VPOS="1223" WIDTH="96" HEIGHT="22" WC="0.90" CONTENT="afvaktas"/><SP WIDTH="23" VPOS="1223" HPOS="384"/>
							<String ID="string_257" HPOS="407" VPOS="1224" WIDTH="97" HEIGHT="27" WC="0.93" CONTENT="vanligen"/><SP WIDTH="18" VPOS="1224" HPOS="504"/>
							<String ID="string_258" HPOS="522" VPOS="1224" WIDTH="62" HEIGHT="27" WC="0.93" CONTENT="förlig"/><SP WIDTH="16" VPOS="1224" HPOS="584"/>
							<String ID="string_259" HPOS="600" VPOS="1224" WIDTH="48" HEIGHT="21" WC="0.91" CONTENT="vind"/><SP WIDTH="15" VPOS="1224" HPOS="648"/>
							<String ID="string_260" HPOS="663" VPOS="1224" WIDTH="33" HEIGHT="21" WC="0.93" CONTENT="för"/><SP WIDTH="14" VPOS="1224" HPOS="696"/>
							<String ID="string_261" HPOS="710" VPOS="1223" WIDTH="83" HEIGHT="28" WC="0.93" CONTENT="segling"/><SP WIDTH="16" VPOS="1223" HPOS="793"/>
							<String ID="string_262" HPOS="809" VPOS="1223" WIDTH="58" HEIGHT="21" WC="0.96" CONTENT="öfver"/><SP WIDTH="15" VPOS="1223" HPOS="867"/>
							<String ID="string_263" HPOS="882" VPOS="1223" WIDTH="93" HEIGHT="26" WC="0.96" CONTENT="Ladoga."/>
						</TextLine>
						<TextLine ID="line_32" HPOS="214" VPOS="1257" WIDTH="760" HEIGHT="28">
							<String ID="string_264" HPOS="214" VPOS="1257" WIDTH="44" HEIGHT="22" WC="0.96" CONTENT="När"/><SP WIDTH="15" VPOS="1257" HPOS="258"/>
							<String ID="string_265" HPOS="273" VPOS="1264" WIDTH="26" HEIGHT="15" WC="0.93" CONTENT="en"/><SP WIDTH="16" VPOS="1264" HPOS="299"/>
							<String ID="string_266" HPOS="315" VPOS="1258" WIDTH="191" HEIGHT="27" WC="0.92" CONTENT="Ladogaskeppare"/><SP WIDTH="14" VPOS="1258" HPOS="506"/>
							<String ID="string_267" HPOS="520" VPOS="1259" WIDTH="66" HEIGHT="20" WC="0.93" CONTENT="under"/><SP WIDTH="11" VPOS="1259" HPOS="586"/>
							<String ID="string_268" HPOS="597" VPOS="1258" WIDTH="105" HEIGHT="27" WC="0.93" CONTENT="seglatsen"/><SP WIDTH="11" VPOS="1258" HPOS="702"/>
							<String ID="string_269" HPOS="713" VPOS="1257" WIDTH="134" HEIGHT="22" WC="0.91" CONTENT="öfverraskas"/><SP WIDTH="12" VPOS="1257" HPOS="847"/>
							<String ID="string_270" HPOS="859" VPOS="1257" WIDTH="22" HEIGHT="22" WC="0.93" CONTENT="af"/><SP WIDTH="10" VPOS="1257" HPOS="881"/>
							<String ID="string_271" HPOS="891" VPOS="1257" WIDTH="83" HEIGHT="26" WC="0.92" CONTENT="dimma,"/>
						</TextLine>
						<TextLine ID="line_33" HPOS="214" VPOS="1291" WIDTH="762" HEIGHT="28">
							<String ID="string_272" HPOS="214" VPOS="1294" WIDTH="24" HEIGHT="19" WC="0.95" CONTENT="är"/><SP WIDTH="15" VPOS="1294" HPOS="238"/>
							<String ID="string_273" HPOS="253" VPOS="1292" WIDTH="42" HEIGHT="21" WC="0.92" CONTENT="han"/><SP WIDTH="16" VPOS="1292" HPOS="295"/>
							<String ID="string_274" HPOS="311" VPOS="1295" WIDTH="91" HEIGHT="24" WC="0.90" CONTENT="tvungen"/><SP WIDTH="17" VPOS="1295" HPOS="402"/>
							<String ID="string_275" HPOS="419" VPOS="1294" WIDTH="32" HEIGHT="20" WC="0.92" CONTENT="att"/><SP WIDTH="15" VPOS="1294" HPOS="451"/>
							<String ID="string_276" HPOS="466" VPOS="1294" WIDTH="14" HEIGHT="19" WC="0.91" CONTENT="t."/><SP WIDTH="17" VPOS="1294" HPOS="480"/>
							<String ID="string_277" HPOS="497" VPOS="1299" WIDTH="18" HEIGHT="14" WC="0.92" CONTENT="o."/><SP WIDTH="18" VPOS="1299" HPOS="515"/>
							<String ID="string_278" HPOS="533" VPOS="1299" WIDTH="26" HEIGHT="14" WC="0.95" CONTENT="m."/><SP WIDTH="17" VPOS="1299" HPOS="559"/>
							<String ID="string_279" HPOS="576" VPOS="1293" WIDTH="6" HEIGHT="20" WC="0.93" CONTENT="i"/><SP WIDTH="16" VPOS="1293" HPOS="582"/>
							<String ID="string_280" HPOS="598" VPOS="1295" WIDTH="68" HEIGHT="24" WC="0.90" CONTENT="öppen"/><SP WIDTH="15" VPOS="1295" HPOS="666"/>
							<String ID="string_281" HPOS="681" VPOS="1293" WIDTH="31" HEIGHT="26" WC="0.93" CONTENT="sjö"/><SP WIDTH="17" VPOS="1293" HPOS="712"/>
							<String ID="string_282" HPOS="729" VPOS="1291" WIDTH="54" HEIGHT="22" WC="0.96" CONTENT="söka"/><SP WIDTH="15" VPOS="1291" HPOS="783"/>
							<String ID="string_283" HPOS="798" VPOS="1291" WIDTH="61" HEIGHT="22" WC="0.93" CONTENT="kasta"/><SP WIDTH="16" VPOS="1291" HPOS="859"/>
							<String ID="string_284" HPOS="875" VPOS="1291" WIDTH="72" HEIGHT="22" WC="0.92" CONTENT="ankar."/><SP WIDTH="18" VPOS="1291" HPOS="947"/>
							<String ID="string_285" HPOS="965" VPOS="1291" WIDTH="11" HEIGHT="22" WC="0.90" CONTENT="I"/>
						</TextLine>
						<TextLine ID="line_34" HPOS="214" VPOS="1325" WIDTH="762" HEIGHT="28">
							<String ID="string_286" HPOS="214" VPOS="1326" WIDTH="69" HEIGHT="21" WC="0.90" CONTENT="denna"/><SP WIDTH="22" VPOS="1326" HPOS="283"/>
							<String ID="string_287" HPOS="305" VPOS="1326" WIDTH="126" HEIGHT="27" WC="0.90" CONTENT="bristfälliga"/><SP WIDTH="24" VPOS="1326" HPOS="431"/>
							<String ID="string_288" HPOS="455" VPOS="1326" WIDTH="119" HEIGHT="27" WC="0.95" CONTENT="navigation"/><SP WIDTH="19" VPOS="1326" HPOS="574"/>
							<String ID="string_289" HPOS="593" VPOS="1327" WIDTH="67" HEIGHT="26" WC="0.96" CONTENT="ligger"/><SP WIDTH="15" VPOS="1327" HPOS="660"/>
							<String ID="string_290" HPOS="675" VPOS="1333" WIDTH="26" HEIGHT="14" WC="0.96" CONTENT="en"/><SP WIDTH="15" VPOS="1333" HPOS="701"/>
							<String ID="string_291" HPOS="716" VPOS="1326" WIDTH="44" HEIGHT="27" WC="0.96" CONTENT="god"/><SP WIDTH="16" VPOS="1326" HPOS="760"/>
							<String ID="string_292" HPOS="776" VPOS="1325" WIDTH="35" HEIGHT="22" WC="0.96" CONTENT="del"/><SP WIDTH="15" VPOS="1325" HPOS="811"/>
							<String ID="string_293" HPOS="826" VPOS="1325" WIDTH="22" HEIGHT="22" WC="0.93" CONTENT="af"/><SP WIDTH="13" VPOS="1325" HPOS="848"/>
							<String ID="string_294" HPOS="861" VPOS="1325" WIDTH="115" HEIGHT="22" WC="0.92" CONTENT="orsakerna"/>
						</TextLine>
						<TextLine ID="line_35" HPOS="214" VPOS="1359" WIDTH="761" HEIGHT="29">
							<String ID="string_295" HPOS="214" VPOS="1359" WIDTH="32" HEIGHT="22" WC="0.93" CONTENT="till"/><SP WIDTH="16" VPOS="1359" HPOS="246"/>
							<String ID="string_296" HPOS="262" VPOS="1360" WIDTH="26" HEIGHT="22" WC="0.93" CONTENT="de"/><SP WIDTH="15" VPOS="1360" HPOS="288"/>
							<String ID="string_297" HPOS="303" VPOS="1360" WIDTH="172" HEIGHT="28" WC="0.48" CONTENT="skenpsolyekor,"/><SP WIDTH="21" VPOS="1360" HPOS="475"/>
							<String ID="string_298" HPOS="496" VPOS="1367" WIDTH="45" HEIGHT="15" WC="0.93" CONTENT="som"/><SP WIDTH="16" VPOS="1367" HPOS="541"/>
							<String ID="string_299" HPOS="557" VPOS="1363" WIDTH="13" HEIGHT="20" WC="0.83" CONTENT="ä"/><SP WIDTH="15" VPOS="1363" HPOS="570"/>
							<String ID="string_300" HPOS="585" VPOS="1361" WIDTH="186" HEIGHT="27" WC="0.92" CONTENT="Ladoga-vattnen"/><SP WIDTH="15" VPOS="1361" HPOS="771"/>
							<String ID="string_301" HPOS="786" VPOS="1361" WIDTH="24" HEIGHT="21" WC="0.97" CONTENT="sä"/><SP WIDTH="15" VPOS="1361" HPOS="810"/>
							<String ID="string_302" HPOS="825" VPOS="1359" WIDTH="44" HEIGHT="22" WC="0.93" CONTENT="ofta"/><SP WIDTH="15" VPOS="1359" HPOS="869"/>
							<String ID="string_303" HPOS="884" VPOS="1359" WIDTH="91" HEIGHT="23" WC="0.96" CONTENT="inträffa,"/>
						</TextLine>
						<TextLine ID="line_36" HPOS="214" VPOS="1394" WIDTH="762" HEIGHT="28">
							<String ID="string_304" HPOS="214" VPOS="1394" WIDTH="34" HEIGHT="22" WC="0.92" CONTENT="vid"/><SP WIDTH="22" VPOS="1394" HPOS="248"/>
							<String ID="string_305" HPOS="270" VPOS="1396" WIDTH="71" HEIGHT="20" WC="0.96" CONTENT="vestra"/><SP WIDTH="22" VPOS="1396" HPOS="341"/>
							<String ID="string_306" HPOS="363" VPOS="1394" WIDTH="68" HEIGHT="22" WC="0.96" CONTENT="finska"/><SP WIDTH="22" VPOS="1394" HPOS="431"/>
							<String ID="string_307" HPOS="453" VPOS="1395" WIDTH="75" HEIGHT="21" WC="0.93" CONTENT="kusten"/><SP WIDTH="24" VPOS="1395" HPOS="528"/>
							<String ID="string_308" HPOS="552" VPOS="1395" WIDTH="100" HEIGHT="21" WC="0.96" CONTENT="särskildt"/><SP WIDTH="22" VPOS="1395" HPOS="652"/>
							<String ID="string_309" HPOS="674" VPOS="1395" WIDTH="35" HEIGHT="21" WC="0.93" CONTENT="vid"/><SP WIDTH="20" VPOS="1395" HPOS="709"/>
							<String ID="string_310" HPOS="729" VPOS="1394" WIDTH="174" HEIGHT="28" WC="0.92" CONTENT="Taipaleenluoto"/><SP WIDTH="16" VPOS="1394" HPOS="903"/>
							<String ID="string_311" HPOS="919" VPOS="1394" WIDTH="57" HEIGHT="26" WC="0.93" CONTENT="läng-"/>
						</TextLine>
						<TextLine ID="line_37" HPOS="214" VPOS="1427" WIDTH="763" HEIGHT="29">
							<String ID="string_312" HPOS="214" VPOS="1429" WIDTH="94" HEIGHT="21" WC="0.96" CONTENT="sträckta"/><SP WIDTH="21" VPOS="1429" HPOS="308"/>
							<String ID="string_313" HPOS="329" VPOS="1429" WIDTH="75" HEIGHT="27" WC="0.96" CONTENT="grund,"/><SP WIDTH="24" VPOS="1429" HPOS="404"/>
							<String ID="string_314" HPOS="428" VPOS="1429" WIDTH="27" HEIGHT="21" WC="0.93" CONTENT="dä"/><SP WIDTH="20" VPOS="1429" HPOS="455"/>
							<String ID="string_315" HPOS="475" VPOS="1429" WIDTH="123" HEIGHT="27" WC="0.93" CONTENT="fyrfartyget"/><SP WIDTH="16" VPOS="1429" HPOS="598"/>
							<String ID="string_316" HPOS="614" VPOS="1429" WIDTH="111" HEIGHT="21" WC="0.93" CONTENT="derstädes"/><SP WIDTH="16" VPOS="1429" HPOS="725"/>
							<String ID="string_317" HPOS="741" VPOS="1428" WIDTH="48" HEIGHT="22" WC="0.96" CONTENT="icke"/><SP WIDTH="16" VPOS="1428" HPOS="789"/>
							<String ID="string_318" HPOS="805" VPOS="1430" WIDTH="23" HEIGHT="20" WC="0.93" CONTENT="är"/><SP WIDTH="17" VPOS="1430" HPOS="828"/>
							<String ID="string_319" HPOS="845" VPOS="1430" WIDTH="66" HEIGHT="20" WC="0.96" CONTENT="utsatt"/><SP WIDTH="15" VPOS="1430" HPOS="911"/>
							<String ID="string_320" HPOS="926" VPOS="1427" WIDTH="51" HEIGHT="22" WC="0.97" CONTENT="eller"/>
						</TextLine>
						<TextLine ID="line_38" HPOS="213" VPOS="1462" WIDTH="764" HEIGHT="28">
							<String ID="string_321" HPOS="213" VPOS="1463" WIDTH="46" HEIGHT="22" WC="0.92" CONTENT="icke"/><SP WIDTH="16" VPOS="1463" HPOS="259"/>
							<String ID="string_322" HPOS="275" VPOS="1465" WIDTH="24" HEIGHT="19" WC="0.93" CONTENT="är"/><SP WIDTH="14" VPOS="1465" HPOS="299"/>
							<String ID="string_323" HPOS="313" VPOS="1463" WIDTH="78" HEIGHT="27" WC="0.91" CONTENT="synligt"/><SP WIDTH="22" VPOS="1463" HPOS="391"/>
							<String ID="string_324" HPOS="413" VPOS="1463" WIDTH="41" HEIGHT="22" WC="0.93" CONTENT="och"/><SP WIDTH="25" VPOS="1463" HPOS="454"/>
							<String ID="string_325" HPOS="479" VPOS="1463" WIDTH="149" HEIGHT="22" WC="0.92" CONTENT="mistklockans"/><SP WIDTH="23" VPOS="1463" HPOS="628"/>
							<String ID="string_326" HPOS="651" VPOS="1463" WIDTH="101" HEIGHT="27" WC="0.91" CONTENT="ringning"/><SP WIDTH="22" VPOS="1463" HPOS="752"/>
							<String ID="string_327" HPOS="774" VPOS="1462" WIDTH="47" HEIGHT="22" WC="0.91" CONTENT="icke"/><SP WIDTH="16" VPOS="1462" HPOS="821"/>
							<String ID="string_328" HPOS="837" VPOS="1462" WIDTH="69" HEIGHT="27" WC="0.91" CONTENT="höres,"/><SP WIDTH="17" VPOS="1462" HPOS="906"/>
							<String ID="string_329" HPOS="923" VPOS="1463" WIDTH="54" HEIGHT="21" WC="0.96" CONTENT="samt"/>
						</TextLine>
					</TextBlock>
					<TextBlock ID="block_5" HPOS="284" VPOS="1502" WIDTH="503" HEIGHT="19">
						<TextLine ID="line_39" HPOS="284" VPOS="1502" WIDTH="503" HEIGHT="19">
							<String ID="string_330" HPOS="284" VPOS="1502" WIDTH="102" HEIGHT="19" WC="0.93" CONTENT="Allmänna"/><SP WIDTH="12" VPOS="1502" HPOS="386"/>
							<String ID="string_331" HPOS="398" VPOS="1503" WIDTH="178" HEIGHT="18" WC="0.91" CONTENT="Besvärsutskottets"/><SP WIDTH="14" VPOS="1503" HPOS="576"/>
							<String ID="string_332" HPOS="590" VPOS="1503" WIDTH="116" HEIGHT="18" WC="0.92" CONTENT="betänkande"/><SP WIDTH="13" VPOS="1503" HPOS="706"/>
							<String ID="string_333" HPOS="719" VPOS="1504" WIDTH="37" HEIGHT="16" WC="0.93" CONTENT="N:o"/><SP WIDTH="13" VPOS="1504" HPOS="756"/>
							<String ID="string_334" HPOS="769" VPOS="1502" WIDTH="18" HEIGHT="18" WC="0.96" CONTENT="9."/>
						</TextLine>
					</TextBlock>
				</ComposedBlock>
			</PrintSpace>
		</Page>
	</Layout>
</alto>
