1048 1731
283 159 211 25 Petitionsbetänkande
509 158 34 23 N:o
560 157 32 24 37.
771 158 11 20 3

188 227 37 20 för
247 225 125 20 införandet
395 223 28 20 af
441 229 26 14 en
490 223 108 26 tidsenlig
620 223 161 26 undervisning
802 222 10 19 i

189 255 57 20 detta
269 256 62 17 ämne
353 253 82 19 främst
458 251 38 20 vid
517 251 79 20 landes
617 251 114 26 högskola,
754 252 57 19 samt

188 283 71 21 sävidt
287 282 89 25 möjligt
401 281 66 20 äfven
491 280 38 19 vid
552 280 50 19 dess
623 280 76 26 öfriga
721 280 89 21 läroan-

189 313 84 20 stalter.

530 372 22 25 M.
568 371 26 25 W.
610 372 21 24 af
644 372 95 25 Sehultön.

214 546 49 18 Till
275 546 160 24 Högvördiga
447 546 195 18 Presteständet.

118 610 60 23 Ingen
190 609 38 18 kan
240 609 62 18 bättre
313 612 25 15 än
351 610 31 17 det
395 609 122 23 högvördiga
530 609 77 18 ständet
619 609 54 21 fatta,
685 608 80 18 hvilken
777 609 29 17 rol

48 639 90 23 sjukdom
156 638 36 18 och
210 638 37 18 död
265 638 52 24 spela
329 639 7 17 i
348 638 37 18 den
403 638 80 24 fattiges
502 638 50 18 hem.
576 638 76 18 Fadren
667 638 46 18 eller
725 638 79 18 modrei.

48 667 45 23 lagd
105 668 25 23 pä
142 667 119 23 sjukbädden
279 670 22 15 är
319 667 106 18 detsamma
444 673 42 12 som
499 667 39 18 nöd
550 667 36 18 och
600 667 67 18 elände
679 667 30 17 för
721 667 44 18 hela
777 667 28 17 fa-

48 696 74 23 miljen;
143 696 81 18 barnens
237 696 89 23 sjukdom
338 696 36 18 och
386 696 77 18 lidande
475 696 93 18 förlamar
580 696 42 18 äter
634 696 129 18 föräldrarnes
776 702 29 12 ar-

47 724 137 24 betsförmäga.
202 724 73 19 hvilket
293 725 35 17 har
345 725 30 17 till
393 725 48 23 följd
453 726 63 16 större
528 724 47 18 eller
586 724 76 18 mindre
673 724 131 19 umbäranden

46 753 31 17 för
88 753 43 18 alla.

114 782 31 18 Nu
157 782 59 18 hafva
228 783 105 17 emellertid
345 783 36 17 den
394 788 69 13 senare
475 783 65 18 tidens
557 782 115 24 upptäckter
683 783 25 23 pä
720 783 33 18 det
765 789 38 12 me-

46 810 86 18 dicinska
150 811 86 18 omrädet
248 811 28 17 till
289 811 46 18 fullo
348 812 110 23 ädagalagt,
477 814 29 15 att
518 812 34 18 det
563 812 53 17 inom
628 812 23 18 de
664 811 21 18 af
695 812 44 18 Gud
751 813 52 17 satta

45 841 106 21 gränserna
162 840 41 17 stär
214 840 7 17 i
233 840 123 18 menniskans
368 840 59 22 makt,
440 842 29 16 att
481 841 77 23 skydda
569 841 31 23 sig
612 840 31 18 för
655 846 23 13 en
691 840 30 18 hel
730 840 72 24 mängd

45 868 20 17 af
83 868 23 18 de
124 870 50 16 mest
188 868 92 24 härjande
292 869 117 23 sjukdomar,
419 870 22 22 ja
454 872 27 15 att
494 870 33 18 det
539 871 47 16 utan
598 869 69 19 tvifvel
679 870 50 18 skall
741 869 61 19 blifva

44 896 77 24 möjligt
133 898 29 16 att
174 899 63 16 utrota
250 904 23 12 en
285 900 41 16 stor
338 898 31 18 del
381 898 23 18 af
413 898 50 18 dem.

112 925 62 18 Dessa
186 926 106 19 storartade
305 927 114 24 upptäckter
431 927 36 18 har
478 933 45 12 man
539 927 59 18 äfven
610 928 6 17 i
629 927 23 18 de
664 927 67 24 längre
744 927 57 18 fram-

44 953 79 18 skridna
134 954 157 19 kulturländerna
307 957 54 16 vetat
379 956 132 23 tillgodogöra
526 957 36 22 sig.
586 956 42 18 Den
641 956 103 19 Allmänna
757 957 44 18 Hel-

42 983 92 18 sovärden
151 983 36 18 har
204 983 64 19 blifvit
285 990 24 12 en
327 985 22 18 af
359 985 24 18 de
395 985 107 24 vigtigaste
515 985 237 24 administrationsgrenar
764 986 37 17 och

43 1011 77 18 Allmän
140 1012 155 19 Helsovärdslära
316 1016 27 16 ett
364 1014 137 23 obligatoriskt
521 1015 98 18 läroämne
639 1014 31 18 för
689 1015 49 22 dem,
758 1021 42 12 som

42 1039 55 18 skola
108 1040 44 18 leda
164 1041 36 18 och
212 1041 105 19 öfvervaka
329 1043 37 18 den
378 1043 104 18 Allmänna
494 1043 138 19 Helsovärden.

111 1069 29 18 De
152 1070 86 22 resultat,
251 1076 41 12 som
304 1071 7 17 i
323 1071 48 24 följd
389 1072 57 18 deraf
462 1073 98 23 uppnåtts,
580 1075 33 16 äro
630 1073 23 18 de
669 1075 49 16 mest
729 1075 71 16 storar-

41 1096 54 23 tade;
113 1097 89 18 öfverallt
219 1099 62 18 finner
298 1105 45 12 man
356 1102 28 16 ett
397 1100 98 19 oafbrutet
507 1101 38 18 och
557 1101 126 24 regelbundet
695 1102 104 23 aftagande

41 1125 20 17 af
79 1125 106 24 sjuklighet
208 1127 36 18 och
262 1127 105 24 dödlighet.
391 1129 26 18 Så
434 1129 36 18 har
488 1129 126 24 dödligheten
626 1131 7 17 i
645 1130 95 24 England,
757 1137 42 12 som

41 1154 91 18 1850—54
150 1161 34 12 var
202 1157 35 20 22,
255 1157 25 22 pä
299 1158 50 21 1,000
367 1157 90 19 lefvande
469 1159 75 23 stadigt
556 1159 80 23 nedgätt
648 1159 29 17 till
691 1160 34 21 19,6
737 1159 62 18 under

41 1183 96 20 1880
95 1179 10 35 -
112 1183 25 20 84,
156 1184 36 17 och
210 1184 123 24 dödligheten
346 1186 7 17 i
365 1186 82 19 London
465 1187 63 18 under
545 1193 75 12 samma
637 1188 29 17 tid
679 1188 43 17 frän
735 1189 22 17 24
770 1188 29 17 till

39 1212 28 17 20.
86 1211 130 24 Dödligheten
228 1213 7 18 i
247 1213 81 24 Belgien
340 1215 43 18 från
393 1217 35 20 22,2
440 1215 29 18 till
482 1217 35 21 20,7
533 1216 30 18 och
572 1217 4 17 i
582 1216 100 19 Bruxelles
689 1217 43 17 från
738 1217 23 18 32
769 1217 29 17 till

39 1241 28 17 25.
90 1240 11 18 I
118 1241 107 18 Frankrike
243 1242 43 18 från
305 1245 35 20 23,
358 1244 29 17 till
406 1246 36 19 22,5
461 1245 37 18 och
510 1245 6 18 i
529 1245 56 18 Paris
600 1245 44 18 från
660 1247 22 16 28
694 1245 30 18 till
736 1247 27 16 26.
787 1246 10 17 I

39 1269 81 24 Sverige
132 1269 42 19 från
186 1272 36 21 21,s
234 1271 29 18 till
277 1273 33 17 175
323 1272 37 18 och
371 1273 7 18 i
391 1273 113 18 Stockholm
517 1274 44 17 från
574 1275 22 18 34
608 1275 29 17 till
649 1276 27 17 25.

107 1298 10 18 I
136 1299 32 17 det
186 1301 36 16 tätt
240 1300 101 19 befolkade
359 1301 90 24 England
470 1303 45 18 med
536 1303 44 18 dess
600 1303 141 19 millionstäder
760 1304 37 18 och

38 1331 80 13 enorma
129 1327 150 20 fabriksdistrikt
297 1335 57 13 anser
370 1337 45 11 man
428 1331 37 18 den
477 1331 99 19 allmänna
588 1332 126 19 helsovärden
727 1332 21 18 af
760 1333 37 18 den

37 1355 43 23 vigt
92 1355 30 18 för
139 1356 134 20 bibehällande
285 1358 22 18 af
317 1359 24 19 de
352 1359 55 24 lägre
420 1360 111 19 klassernas
543 1361 89 24 förmäga
644 1362 21 18 af
675 1357 122 33 sjelfförsörj-

36 1384 53 23 ning,
108 1386 29 16 att
154 1385 234 25 fattigvärdsstyrelserna
404 1389 34 18 der
450 1390 62 17 tillika
524 1390 84 24 fungera
620 1396 42 12 som
674 1391 122 18 helsovärds-

36 1413 98 18 nämnder.
158 1414 137 20 Förhällandet
312 1416 36 18 har
365 1417 86 19 fortfarit
468 1418 35 18 allt
521 1419 59 18 sedan
599 1420 88 22 England
702 1420 44 18 1848
757 1420 39 18 fick

36 1441 29 17 sin
78 1442 61 18 första
157 1442 96 19 allmänna
268 1444 93 25 helsolag.
385 1446 60 18 Detta
457 1448 56 18 visar,
528 1449 28 16 att
568 1454 45 12 man
626 1448 61 24 aldrig
699 1448 34 18 der
745 1449 51 17 varit

35 1470 88 18 tveksam
136 1476 31 13 om
180 1472 107 24 sanningen
299 1474 22 17 af
331 1474 37 18 den
382 1475 57 18 enkla
452 1478 71 20 satsen,
536 1478 29 16 att
574 1477 24 23 ju
610 1483 41 12 mer
660 1478 89 22 sjukdom
757 1477 37 18 och

104 1505 101 19 Allmänna
217 1508 180 18 Besvärsutskottets
409 1511 116 17 betänkande
538 1513 37 15 N:o
588 1512 30 17 31.
