<?xml version="1.0" encoding="UTF-8"?>
<alto xmlns="http://www.loc.gov/standards/alto/ns-v3#" xmlns:xlink="http://www.w3.org/1999/xlink" xmlns:xsi="http://www.w3.org/2001/XMLSchema-instance" xsi:schemaLocation="http://www.loc.gov/standards/alto/ns-v3# http://www.loc.gov/alto/v3/alto-3-0.xsd">
	<Description>
		<MeasurementUnit>pixel</MeasurementUnit>
		<sourceImageInformation>
			<fileName>/tmp/tess_0utg6vwm_input.PNG</fileName>
		</sourceImageInformation>
		<OCRProcessing ID="OCR_0">
			<ocrProcessingStep>
				<processingSoftware>
					<softwareName>tesseract 5.3.4</softwareName>
				</processingSoftware>
			</ocrProcessingStep>
		</OCRProcessing>
	</Description>
	<Layout>
		<Page WIDTH="1048" HEIGHT="1731" PHYSICAL_IMG_NR="0" ID="page_0">
			<PrintSpace HPOS="0" VPOS="0" WIDTH="1048" HEIGHT="1731">
				<ComposedBlock ID="cblock_0" HPOS="321" VPOS="87" WIDTH="492" HEIGHT="24">
					<TextBlock ID="block_0" HPOS="321" VPOS="87" WIDTH="492" HEIGHT="24">
						<TextLine ID="line_0" HPOS="321" VPOS="87" WIDTH="492" HEIGHT="24">
							<String ID="string_0" HPOS="321" VPOS="87" WIDTH="213" HEIGHT="24" WC="0.70" CONTENT="Potitionsbetänkande"/><SP WIDTH="16" VPOS="87" HPOS="534"/>
							<String ID="string_1" HPOS="550" VPOS="87" WIDTH="36" HEIGHT="23" WC="0.92" CONTENT="M:o"/><SP WIDTH="12" VPOS="87" HPOS="586"/>
							<String ID="string_2" HPOS="598" VPOS="87" WIDTH="12" HEIGHT="22" WC="0.90" CONTENT="I."/><SP WIDTH="191" VPOS="87" HPOS="610"/>
							<String ID="string_3" HPOS="801" VPOS="89" WIDTH="12" HEIGHT="20" WC="0.97" CONTENT="3"/>
						</TextLine>
					</TextBlock>
				</ComposedBlock>
				<ComposedBlock ID="cblock_1" HPOS="81" VPOS="149" WIDTH="766" HEIGHT="404">
					<TextBlock ID="block_1" HPOS="81" VPOS="149" WIDTH="763" HEIGHT="62">
						<TextLine ID="line_1" HPOS="81" VPOS="149" WIDTH="763" HEIGHT="28">
							<String ID="string_4" HPOS="81" VPOS="151" WIDTH="58" HEIGHT="20" WC="0.90" CONTENT="emot"/><SP WIDTH="22" VPOS="151" HPOS="139"/>
							<String ID="string_5" HPOS="161" VPOS="149" WIDTH="85" HEIGHT="22" WC="0.90" CONTENT="Presta-"/><SP WIDTH="16" VPOS="149" HPOS="246"/>
							<String ID="string_6" HPOS="262" VPOS="149" WIDTH="40" HEIGHT="22" WC="0.91" CONTENT="och"/><SP WIDTH="23" VPOS="149" HPOS="302"/>
							<String ID="string_7" HPOS="325" VPOS="149" WIDTH="167" HEIGHT="22" WC="0.91" CONTENT="Bondestånden"/><SP WIDTH="25" VPOS="149" HPOS="492"/>
							<String ID="string_8" HPOS="517" VPOS="149" WIDTH="109" HEIGHT="22" WC="0.95" CONTENT="förkastat"/><SP WIDTH="26" VPOS="149" HPOS="626"/>
							<String ID="string_9" HPOS="652" VPOS="150" WIDTH="126" HEIGHT="27" WC="0.95" CONTENT="detsamma,"/><SP WIDTH="27" VPOS="150" HPOS="778"/>
							<String ID="string_10" HPOS="805" VPOS="149" WIDTH="39" HEIGHT="22" WC="0.95" CONTENT="och"/>
						</TextLine>
						<TextLine ID="line_2" HPOS="81" VPOS="183" WIDTH="584" HEIGHT="28">
							<String ID="string_11" HPOS="81" VPOS="183" WIDTH="98" HEIGHT="22" WC="0.95" CONTENT="kommer"/><SP WIDTH="15" VPOS="183" HPOS="179"/>
							<String ID="string_12" HPOS="194" VPOS="183" WIDTH="90" HEIGHT="21" WC="0.93" CONTENT="sålunda"/><SP WIDTH="13" VPOS="183" HPOS="284"/>
							<String ID="string_13" HPOS="297" VPOS="183" WIDTH="210" HEIGHT="28" WC="0.91" CONTENT="petitionsförslaget"/><SP WIDTH="15" VPOS="183" HPOS="507"/>
							<String ID="string_14" HPOS="522" VPOS="185" WIDTH="34" HEIGHT="20" WC="0.96" CONTENT="att"/><SP WIDTH="16" VPOS="185" HPOS="556"/>
							<String ID="string_15" HPOS="572" VPOS="183" WIDTH="93" HEIGHT="22" WC="0.96" CONTENT="förfalla."/>
						</TextLine>
					</TextBlock>
					<TextBlock ID="block_2" HPOS="82" VPOS="217" WIDTH="765" HEIGHT="233">
						<TextLine ID="line_3" HPOS="154" VPOS="217" WIDTH="690" HEIGHT="28">
							<String ID="string_16" HPOS="154" VPOS="217" WIDTH="124" HEIGHT="22" WC="0.96" CONTENT="Utskottets"/><SP WIDTH="22" VPOS="217" HPOS="278"/>
							<String ID="string_17" HPOS="300" VPOS="217" WIDTH="81" HEIGHT="28" WC="0.96" CONTENT="förslag"/><SP WIDTH="22" VPOS="217" HPOS="381"/>
							<String ID="string_18" HPOS="403" VPOS="217" WIDTH="7" HEIGHT="21" WC="0.96" CONTENT="i"/><SP WIDTH="23" VPOS="217" HPOS="410"/>
							<String ID="string_19" HPOS="433" VPOS="218" WIDTH="117" HEIGHT="27" WC="0.96" CONTENT="anledning"/><SP WIDTH="23" VPOS="218" HPOS="550"/>
							<String ID="string_20" HPOS="573" VPOS="217" WIDTH="25" HEIGHT="22" WC="0.93" CONTENT="af"/><SP WIDTH="19" VPOS="217" HPOS="598"/>
							<String ID="string_21" HPOS="617" VPOS="218" WIDTH="120" HEIGHT="27" WC="0.91" CONTENT="petitionen"/><SP WIDTH="23" VPOS="218" HPOS="737"/>
							<String ID="string_22" HPOS="760" VPOS="218" WIDTH="41" HEIGHT="22" WC="0.96" CONTENT="N:o"/><SP WIDTH="16" VPOS="218" HPOS="801"/>
							<String ID="string_23" HPOS="817" VPOS="217" WIDTH="27" HEIGHT="22" WC="0.95" CONTENT="25"/>
						</TextLine>
						<TextLine ID="line_4" HPOS="82" VPOS="251" WIDTH="763" HEIGHT="28">
							<String ID="string_24" HPOS="82" VPOS="251" WIDTH="46" HEIGHT="27" WC="0.96" CONTENT="har,"/><SP WIDTH="17" VPOS="251" HPOS="128"/>
							<String ID="string_25" HPOS="145" VPOS="251" WIDTH="57" HEIGHT="22" WC="0.95" CONTENT="hvad"/><SP WIDTH="15" VPOS="251" HPOS="202"/>
							<String ID="string_26" HPOS="217" VPOS="251" WIDTH="102" HEIGHT="22" WC="0.96" CONTENT="beträffar"/><SP WIDTH="17" VPOS="251" HPOS="319"/>
							<String ID="string_27" HPOS="336" VPOS="253" WIDTH="8" HEIGHT="19" WC="0.93" CONTENT="1"/><SP WIDTH="18" VPOS="253" HPOS="344"/>
							<String ID="string_28" HPOS="362" VPOS="257" WIDTH="72" HEIGHT="21" WC="0.92" CONTENT="mom.,"/><SP WIDTH="17" VPOS="257" HPOS="434"/>
							<String ID="string_29" HPOS="451" VPOS="252" WIDTH="97" HEIGHT="27" WC="0.96" CONTENT="antagits"/><SP WIDTH="8" VPOS="252" HPOS="548"/>
							<String ID="string_30" HPOS="556" VPOS="251" WIDTH="24" HEIGHT="22" WC="0.96" CONTENT="af"/><SP WIDTH="14" VPOS="251" HPOS="580"/>
							<String ID="string_31" HPOS="594" VPOS="252" WIDTH="44" HEIGHT="21" WC="0.96" CONTENT="alla"/><SP WIDTH="8" VPOS="252" HPOS="638"/>
							<String ID="string_32" HPOS="646" VPOS="251" WIDTH="68" HEIGHT="22" WC="0.96" CONTENT="Stånd"/><SP WIDTH="7" VPOS="251" HPOS="714"/>
							<String ID="string_33" HPOS="721" VPOS="254" WIDTH="60" HEIGHT="19" WC="0.93" CONTENT="utom"/><SP WIDTH="8" VPOS="254" HPOS="781"/>
							<String ID="string_34" HPOS="789" VPOS="252" WIDTH="56" HEIGHT="22" WC="0.91" CONTENT="Bon-"/>
						</TextLine>
						<TextLine ID="line_5" HPOS="83" VPOS="285" WIDTH="763" HEIGHT="27">
							<String ID="string_35" HPOS="83" VPOS="285" WIDTH="119" HEIGHT="27" WC="0.92" CONTENT="deståndet,"/><SP WIDTH="20" VPOS="285" HPOS="202"/>
							<String ID="string_36" HPOS="222" VPOS="292" WIDTH="45" HEIGHT="15" WC="0.97" CONTENT="som"/><SP WIDTH="15" VPOS="292" HPOS="267"/>
							<String ID="string_37" HPOS="282" VPOS="285" WIDTH="46" HEIGHT="22" WC="0.96" CONTENT="helt"/><SP WIDTH="15" VPOS="285" HPOS="328"/>
							<String ID="string_38" HPOS="343" VPOS="285" WIDTH="40" HEIGHT="22" WC="0.96" CONTENT="och"/><SP WIDTH="15" VPOS="285" HPOS="383"/>
							<String ID="string_39" HPOS="398" VPOS="285" WIDTH="69" HEIGHT="22" WC="0.95" CONTENT="hållet"/><SP WIDTH="15" VPOS="285" HPOS="467"/>
							<String ID="string_40" HPOS="482" VPOS="285" WIDTH="109" HEIGHT="22" WC="0.96" CONTENT="förkastat"/><SP WIDTH="15" VPOS="285" HPOS="591"/>
							<String ID="string_41" HPOS="606" VPOS="286" WIDTH="127" HEIGHT="21" WC="0.96" CONTENT="detsamma."/><SP WIDTH="30" VPOS="286" HPOS="733"/>
							<String ID="string_42" HPOS="763" VPOS="286" WIDTH="34" HEIGHT="21" WC="0.85" CONTENT="Då"/><SP WIDTH="15" VPOS="286" HPOS="797"/>
							<String ID="string_43" HPOS="812" VPOS="286" WIDTH="34" HEIGHT="21" WC="0.91" CONTENT="så-"/>
						</TextLine>
						<TextLine ID="line_6" HPOS="82" VPOS="319" WIDTH="764" HEIGHT="28">
							<String ID="string_44" HPOS="82" VPOS="320" WIDTH="68" HEIGHT="25" WC="0.90" CONTENT="lunda"/><SP WIDTH="21" VPOS="320" HPOS="150"/>
							<String ID="string_45" HPOS="171" VPOS="322" WIDTH="33" HEIGHT="19" WC="0.93" CONTENT="tre"/><SP WIDTH="16" VPOS="322" HPOS="204"/>
							<String ID="string_46" HPOS="220" VPOS="319" WIDTH="79" HEIGHT="22" WC="0.92" CONTENT="Stånds"/><SP WIDTH="15" VPOS="319" HPOS="299"/>
							<String ID="string_47" HPOS="314" VPOS="319" WIDTH="111" HEIGHT="27" WC="0.93" CONTENT="pluralitet"/><SP WIDTH="14" VPOS="319" HPOS="425"/>
							<String ID="string_48" HPOS="439" VPOS="320" WIDTH="87" HEIGHT="21" WC="0.95" CONTENT="vunnits"/><SP WIDTH="16" VPOS="320" HPOS="526"/>
							<String ID="string_49" HPOS="542" VPOS="319" WIDTH="34" HEIGHT="22" WC="0.96" CONTENT="för"/><SP WIDTH="16" VPOS="319" HPOS="576"/>
							<String ID="string_50" HPOS="592" VPOS="319" WIDTH="117" HEIGHT="28" WC="0.96" CONTENT="företagets"/><SP WIDTH="14" VPOS="319" HPOS="709"/>
							<String ID="string_51" HPOS="723" VPOS="319" WIDTH="123" HEIGHT="26" WC="0.96" CONTENT="utförande,"/>
						</TextLine>
						<TextLine ID="line_7" HPOS="84" VPOS="353" WIDTH="763" HEIGHT="28">
							<String ID="string_52" HPOS="84" VPOS="354" WIDTH="34" HEIGHT="22" WC="0.96" CONTENT="får"/><SP WIDTH="10" VPOS="354" HPOS="118"/>
							<String ID="string_53" HPOS="128" VPOS="355" WIDTH="107" HEIGHT="21" WC="0.93" CONTENT="utskottet"/><SP WIDTH="10" VPOS="355" HPOS="235"/>
							<String ID="string_54" HPOS="245" VPOS="354" WIDTH="110" HEIGHT="21" WC="0.92" CONTENT="vördsamt"/><SP WIDTH="14" VPOS="354" HPOS="355"/>
							<String ID="string_55" HPOS="369" VPOS="353" WIDTH="89" HEIGHT="28" WC="0.93" CONTENT="inbjuda"/><SP WIDTH="7" VPOS="353" HPOS="458"/>
							<String ID="string_56" HPOS="465" VPOS="354" WIDTH="162" HEIGHT="22" WC="0.92" CONTENT="Bondeståndet"/><SP WIDTH="7" VPOS="354" HPOS="627"/>
							<String ID="string_57" HPOS="634" VPOS="356" WIDTH="33" HEIGHT="19" WC="0.96" CONTENT="att"/><SP WIDTH="7" VPOS="356" HPOS="667"/>
							<String ID="string_58" HPOS="674" VPOS="353" WIDTH="75" HEIGHT="22" WC="0.96" CONTENT="förena"/><SP WIDTH="8" VPOS="353" HPOS="749"/>
							<String ID="string_59" HPOS="757" VPOS="354" WIDTH="32" HEIGHT="27" WC="0.96" CONTENT="sig"/><SP WIDTH="7" VPOS="354" HPOS="789"/>
							<String ID="string_60" HPOS="796" VPOS="353" WIDTH="51" HEIGHT="22" WC="0.96" CONTENT="med"/>
						</TextLine>
						<TextLine ID="line_8" HPOS="83" VPOS="387" WIDTH="763" HEIGHT="28">
							<String ID="string_61" HPOS="83" VPOS="389" WIDTH="27" HEIGHT="21" WC="0.96" CONTENT="de"/><SP WIDTH="20" VPOS="389" HPOS="110"/>
							<String ID="string_62" HPOS="130" VPOS="388" WIDTH="70" HEIGHT="27" WC="0.93" CONTENT="öfriga"/><SP WIDTH="15" VPOS="388" HPOS="200"/>
							<String ID="string_63" HPOS="215" VPOS="387" WIDTH="94" HEIGHT="22" WC="0.92" CONTENT="Stånden"/><SP WIDTH="16" VPOS="387" HPOS="309"/>
							<String ID="string_64" HPOS="325" VPOS="387" WIDTH="39" HEIGHT="22" WC="0.96" CONTENT="och"/><SP WIDTH="18" VPOS="387" HPOS="364"/>
							<String ID="string_65" HPOS="382" VPOS="388" WIDTH="109" HEIGHT="22" WC="0.96" CONTENT="dessutom"/><SP WIDTH="16" VPOS="388" HPOS="491"/>
							<String ID="string_66" HPOS="507" VPOS="388" WIDTH="93" HEIGHT="27" WC="0.93" CONTENT="anhålla,"/><SP WIDTH="12" VPOS="388" HPOS="600"/>
							<String ID="string_67" HPOS="612" VPOS="390" WIDTH="34" HEIGHT="20" WC="0.96" CONTENT="att"/><SP WIDTH="15" VPOS="390" HPOS="646"/>
							<String ID="string_68" HPOS="661" VPOS="388" WIDTH="100" HEIGHT="27" WC="0.96" CONTENT="samtliga"/><SP WIDTH="16" VPOS="388" HPOS="761"/>
							<String ID="string_69" HPOS="777" VPOS="387" WIDTH="69" HEIGHT="22" WC="0.96" CONTENT="Stånd"/>
						</TextLine>
						<TextLine ID="line_9" HPOS="82" VPOS="422" WIDTH="762" HEIGHT="28">
							<String ID="string_70" HPOS="82" VPOS="423" WIDTH="51" HEIGHT="21" WC="0.96" CONTENT="ville"/><SP WIDTH="15" VPOS="423" HPOS="133"/>
							<String ID="string_71" HPOS="148" VPOS="422" WIDTH="111" HEIGHT="22" WC="0.96" CONTENT="remittera"/><SP WIDTH="11" VPOS="422" HPOS="259"/>
							<String ID="string_72" HPOS="270" VPOS="422" WIDTH="74" HEIGHT="27" WC="0.96" CONTENT="frågan"/><SP WIDTH="11" VPOS="422" HPOS="344"/>
							<String ID="string_73" HPOS="355" VPOS="428" WIDTH="35" HEIGHT="15" WC="0.96" CONTENT="om"/><SP WIDTH="11" VPOS="428" HPOS="390"/>
							<String ID="string_74" HPOS="401" VPOS="423" WIDTH="86" HEIGHT="27" WC="0.96" CONTENT="anslags"/><SP WIDTH="10" VPOS="423" HPOS="487"/>
							<String ID="string_75" HPOS="497" VPOS="423" WIDTH="123" HEIGHT="27" WC="0.96" CONTENT="beviljande"/><SP WIDTH="11" VPOS="423" HPOS="620"/>
							<String ID="string_76" HPOS="631" VPOS="423" WIDTH="34" HEIGHT="21" WC="0.95" CONTENT="till"/><SP WIDTH="10" VPOS="423" HPOS="665"/>
							<String ID="string_77" HPOS="675" VPOS="423" WIDTH="169" HEIGHT="21" WC="0.96" CONTENT="statsutskottet."/>
						</TextLine>
					</TextBlock>
					<TextBlock ID="block_3" HPOS="84" VPOS="456" WIDTH="761" HEIGHT="97">
						<TextLine ID="line_10" HPOS="155" VPOS="456" WIDTH="690" HEIGHT="28">
							<String ID="string_78" HPOS="155" VPOS="456" WIDTH="214" HEIGHT="28" WC="0.91" CONTENT="Petitionsförslagen"/><SP WIDTH="22" VPOS="456" HPOS="369"/>
							<String ID="string_79" HPOS="391" VPOS="457" WIDTH="59" HEIGHT="21" WC="0.91" CONTENT="N:ris"/><SP WIDTH="23" VPOS="457" HPOS="450"/>
							<String ID="string_80" HPOS="473" VPOS="457" WIDTH="26" HEIGHT="21" WC="0.96" CONTENT="26"/><SP WIDTH="24" VPOS="457" HPOS="499"/>
							<String ID="string_81" HPOS="523" VPOS="457" WIDTH="40" HEIGHT="22" WC="0.96" CONTENT="och"/><SP WIDTH="25" VPOS="457" HPOS="563"/>
							<String ID="string_82" HPOS="588" VPOS="457" WIDTH="28" HEIGHT="22" WC="0.96" CONTENT="27"/><SP WIDTH="23" VPOS="457" HPOS="616"/>
							<String ID="string_83" HPOS="639" VPOS="457" WIDTH="66" HEIGHT="21" WC="0.95" CONTENT="hafva"/><SP WIDTH="22" VPOS="457" HPOS="705"/>
							<String ID="string_84" HPOS="727" VPOS="457" WIDTH="8" HEIGHT="21" WC="0.96" CONTENT="i"/><SP WIDTH="16" VPOS="457" HPOS="735"/>
							<String ID="string_85" HPOS="751" VPOS="456" WIDTH="94" HEIGHT="28" WC="0.96" CONTENT="enlighet"/>
						</TextLine>
						<TextLine ID="line_11" HPOS="85" VPOS="490" WIDTH="760" HEIGHT="29">
							<String ID="string_86" HPOS="85" VPOS="491" WIDTH="50" HEIGHT="21" WC="0.95" CONTENT="med"/><SP WIDTH="22" VPOS="491" HPOS="135"/>
							<String ID="string_87" HPOS="157" VPOS="491" WIDTH="118" HEIGHT="22" WC="0.95" CONTENT="utskottets"/><SP WIDTH="22" VPOS="491" HPOS="275"/>
							<String ID="string_88" HPOS="297" VPOS="490" WIDTH="81" HEIGHT="28" WC="0.96" CONTENT="förslag"/><SP WIDTH="23" VPOS="490" HPOS="378"/>
							<String ID="string_89" HPOS="401" VPOS="491" WIDTH="24" HEIGHT="21" WC="0.96" CONTENT="af"/><SP WIDTH="16" VPOS="491" HPOS="425"/>
							<String ID="string_90" HPOS="441" VPOS="491" WIDTH="102" HEIGHT="28" WC="0.96" CONTENT="samtliga"/><SP WIDTH="16" VPOS="491" HPOS="543"/>
							<String ID="string_91" HPOS="559" VPOS="491" WIDTH="68" HEIGHT="22" WC="0.96" CONTENT="Stånd"/><SP WIDTH="15" VPOS="491" HPOS="627"/>
							<String ID="string_92" HPOS="642" VPOS="491" WIDTH="48" HEIGHT="22" WC="0.93" CONTENT="icke"/><SP WIDTH="15" VPOS="491" HPOS="690"/>
							<String ID="string_93" HPOS="705" VPOS="493" WIDTH="72" HEIGHT="20" WC="0.92" CONTENT="ansets"/><SP WIDTH="13" VPOS="493" HPOS="777"/>
							<String ID="string_94" HPOS="790" VPOS="491" WIDTH="55" HEIGHT="21" WC="0.96" CONTENT="böra"/>
						</TextLine>
						<TextLine ID="line_12" HPOS="84" VPOS="524" WIDTH="621" HEIGHT="29">
							<String ID="string_95" HPOS="84" VPOS="526" WIDTH="34" HEIGHT="20" WC="0.96" CONTENT="till"/><SP WIDTH="16" VPOS="526" HPOS="118"/>
							<String ID="string_96" HPOS="134" VPOS="525" WIDTH="70" HEIGHT="28" WC="0.96" CONTENT="någon"/><SP WIDTH="16" VPOS="525" HPOS="204"/>
							<String ID="string_97" HPOS="220" VPOS="525" WIDTH="76" HEIGHT="28" WC="0.96" CONTENT="åtgärd"/><SP WIDTH="14" VPOS="525" HPOS="296"/>
							<String ID="string_98" HPOS="310" VPOS="524" WIDTH="49" HEIGHT="22" WC="0.93" CONTENT="från"/><SP WIDTH="16" VPOS="524" HPOS="359"/>
							<String ID="string_99" HPOS="375" VPOS="524" WIDTH="134" HEIGHT="23" WC="0.91" CONTENT="Ständernas"/><SP WIDTH="16" VPOS="524" HPOS="509"/>
							<String ID="string_100" HPOS="525" VPOS="526" WIDTH="47" HEIGHT="21" WC="0.96" CONTENT="sida"/><SP WIDTH="15" VPOS="526" HPOS="572"/>
							<String ID="string_101" HPOS="587" VPOS="526" WIDTH="118" HEIGHT="21" WC="0.96" CONTENT="föranleda."/>
						</TextLine>
					</TextBlock>
				</ComposedBlock>
			</PrintSpace>
		</Page>
	</Layout>
</alto>
