<?xml version="1.0" encoding="UTF-8"?>
<alto xmlns="http://www.loc.gov/standards/alto/ns-v3#" xmlns:xlink="http://www.w3.org/1999/xlink" xmlns:xsi="http://www.w3.org/2001/XMLSchema-instance" xsi:schemaLocation="http://www.loc.gov/standards/alto/ns-v3# http://www.loc.gov/alto/v3/alto-3-0.xsd">
	<Description>
		<MeasurementUnit>pixel</MeasurementUnit>
		<sourceImageInformation>
			<fileName>/tmp/tess_u9qtdlmb_input.PNG</fileName>
		</sourceImageInformation>
		<OCRProcessing ID="OCR_0">
			<ocrProcessingStep>
				<processingSoftware>
					<softwareName>tesseract 5.3.4</softwareName>
				</processingSoftware>
			</ocrProcessingStep>
		</OCRProcessing>
	</Description>
	<Layout>
		<Page WIDTH="1048" HEIGHT="1731" PHYSICAL_IMG_NR="0" ID="page_0">
			<PrintSpace HPOS="0" VPOS="0" WIDTH="1048" HEIGHT="1731">
				<ComposedBlock ID="cblock_0" HPOS="256" VPOS="117" WIDTH="515" HEIGHT="24">
					<TextBlock ID="block_0" HPOS="256" VPOS="117" WIDTH="515" HEIGHT="24">
						<TextLine ID="line_0" HPOS="256" VPOS="117" WIDTH="515" HEIGHT="24">
							<String ID="string_0" HPOS="256" VPOS="119" WIDTH="14" HEIGHT="20" WC="0.96" CONTENT="4"/><SP WIDTH="185" VPOS="119" HPOS="270"/>
							<String ID="string_1" HPOS="455" VPOS="117" WIDTH="211" HEIGHT="24" WC="0.83" CONTENT="Pelitionshetänkande"/><SP WIDTH="16" VPOS="117" HPOS="666"/>
							<String ID="string_2" HPOS="682" VPOS="118" WIDTH="35" HEIGHT="23" WC="0.96" CONTENT="N:o"/><SP WIDTH="15" VPOS="118" HPOS="717"/>
							<String ID="string_3" HPOS="732" VPOS="118" WIDTH="39" HEIGHT="23" WC="0.96" CONTENT="42."/>
						</TextLine>
					</TextBlock>
				</ComposedBlock>
				<ComposedBlock ID="cblock_1" HPOS="227" VPOS="179" WIDTH="762" HEIGHT="166">
					<TextBlock ID="block_1" HPOS="227" VPOS="179" WIDTH="762" HEIGHT="166">
						<TextLine ID="line_1" HPOS="300" VPOS="179" WIDTH="688" HEIGHT="27">
							<String ID="string_4" HPOS="300" VPOS="180" WIDTH="113" HEIGHT="22" WC="0.92" CONTENT="Utskottet"/><SP WIDTH="22" VPOS="180" HPOS="413"/>
							<String ID="string_5" HPOS="435" VPOS="180" WIDTH="34" HEIGHT="21" WC="0.92" CONTENT="fär"/><SP WIDTH="22" VPOS="180" HPOS="469"/>
							<String ID="string_6" HPOS="491" VPOS="180" WIDTH="96" HEIGHT="26" WC="0.92" CONTENT="sälunda,"/><SP WIDTH="16" VPOS="180" HPOS="587"/>
							<String ID="string_7" HPOS="603" VPOS="181" WIDTH="33" HEIGHT="20" WC="0.96" CONTENT="för"/><SP WIDTH="16" VPOS="181" HPOS="636"/>
							<String ID="string_8" HPOS="652" VPOS="181" WIDTH="41" HEIGHT="21" WC="0.93" CONTENT="den"/><SP WIDTH="11" VPOS="181" HPOS="693"/>
							<String ID="string_9" HPOS="704" VPOS="180" WIDTH="101" HEIGHT="21" WC="0.93" CONTENT="händelse"/><SP WIDTH="16" VPOS="180" HPOS="805"/>
							<String ID="string_10" HPOS="821" VPOS="181" WIDTH="32" HEIGHT="20" WC="0.96" CONTENT="att"/><SP WIDTH="16" VPOS="181" HPOS="853"/>
							<String ID="string_11" HPOS="869" VPOS="180" WIDTH="48" HEIGHT="21" WC="0.93" CONTENT="dess"/><SP WIDTH="15" VPOS="180" HPOS="917"/>
							<String ID="string_12" HPOS="932" VPOS="179" WIDTH="56" HEIGHT="27" WC="0.93" CONTENT="äsigt"/>
						</TextLine>
						<TextLine ID="line_2" HPOS="227" VPOS="214" WIDTH="762" HEIGHT="27">
							<String ID="string_13" HPOS="227" VPOS="215" WIDTH="135" HEIGHT="21" WC="0.93" CONTENT="beträffande"/><SP WIDTH="9" VPOS="215" HPOS="362"/>
							<String ID="string_14" HPOS="371" VPOS="215" WIDTH="216" HEIGHT="26" WC="0.92" CONTENT="petitionsförslagets"/><SP WIDTH="12" VPOS="215" HPOS="587"/>
							<String ID="string_15" HPOS="599" VPOS="215" WIDTH="83" HEIGHT="21" WC="0.96" CONTENT="sentida"/><SP WIDTH="8" VPOS="215" HPOS="682"/>
							<String ID="string_16" HPOS="690" VPOS="215" WIDTH="167" HEIGHT="26" WC="0.95" CONTENT="framträdande,"/><SP WIDTH="8" VPOS="215" HPOS="857"/>
							<String ID="string_17" HPOS="865" VPOS="214" WIDTH="46" HEIGHT="22" WC="0.93" CONTENT="icke"/><SP WIDTH="9" VPOS="214" HPOS="911"/>
							<String ID="string_18" HPOS="920" VPOS="220" WIDTH="69" HEIGHT="16" WC="0.78" CONTENT="vunne"/>
						</TextLine>
						<TextLine ID="line_3" HPOS="230" VPOS="248" WIDTH="759" HEIGHT="28">
							<String ID="string_19" HPOS="230" VPOS="249" WIDTH="131" HEIGHT="21" WC="0.92" CONTENT="Ständernas"/><SP WIDTH="8" VPOS="249" HPOS="361"/>
							<String ID="string_20" HPOS="369" VPOS="249" WIDTH="163" HEIGHT="27" WC="0.92" CONTENT="godkännande,"/><SP WIDTH="8" VPOS="249" HPOS="532"/>
							<String ID="string_21" HPOS="540" VPOS="251" WIDTH="53" HEIGHT="19" WC="0.93" CONTENT="utan"/><SP WIDTH="14" VPOS="251" HPOS="593"/>
							<String ID="string_22" HPOS="607" VPOS="249" WIDTH="90" HEIGHT="26" WC="0.93" CONTENT="petition"/><SP WIDTH="15" VPOS="249" HPOS="697"/>
							<String ID="string_23" HPOS="712" VPOS="249" WIDTH="7" HEIGHT="21" WC="0.93" CONTENT="i"/><SP WIDTH="16" VPOS="249" HPOS="719"/>
							<String ID="string_24" HPOS="735" VPOS="251" WIDTH="72" HEIGHT="19" WC="0.92" CONTENT="ämnet"/><SP WIDTH="10" VPOS="251" HPOS="807"/>
							<String ID="string_25" HPOS="817" VPOS="249" WIDTH="89" HEIGHT="26" WC="0.92" CONTENT="ansäges"/><SP WIDTH="11" VPOS="249" HPOS="906"/>
							<String ID="string_26" HPOS="917" VPOS="248" WIDTH="72" HEIGHT="21" WC="0.96" CONTENT="kunna"/>
						</TextLine>
						<TextLine ID="line_4" HPOS="229" VPOS="282" WIDTH="760" HEIGHT="28">
							<String ID="string_27" HPOS="229" VPOS="283" WIDTH="165" HEIGHT="27" WC="0.88" CONTENT="ifrägakomma,"/><SP WIDTH="15" VPOS="283" HPOS="394"/>
							<String ID="string_28" HPOS="409" VPOS="283" WIDTH="110" HEIGHT="21" WC="0.93" CONTENT="vördsamt"/><SP WIDTH="16" VPOS="283" HPOS="519"/>
							<String ID="string_29" HPOS="535" VPOS="283" WIDTH="119" HEIGHT="26" WC="0.91" CONTENT="hemställa,"/><SP WIDTH="10" VPOS="283" HPOS="654"/>
							<String ID="string_30" HPOS="664" VPOS="285" WIDTH="33" HEIGHT="20" WC="0.93" CONTENT="att"/><SP WIDTH="14" VPOS="285" HPOS="697"/>
							<String ID="string_31" HPOS="711" VPOS="283" WIDTH="125" HEIGHT="22" WC="0.92" CONTENT="densamma"/><SP WIDTH="15" VPOS="283" HPOS="836"/>
							<String ID="string_32" HPOS="851" VPOS="283" WIDTH="81" HEIGHT="21" WC="0.92" CONTENT="erhölle"/><SP WIDTH="16" VPOS="283" HPOS="932"/>
							<String ID="string_33" HPOS="948" VPOS="282" WIDTH="41" HEIGHT="21" WC="0.97" CONTENT="den"/>
						</TextLine>
						<TextLine ID="line_5" HPOS="230" VPOS="317" WIDTH="420" HEIGHT="28">
							<String ID="string_34" HPOS="230" VPOS="317" WIDTH="23" HEIGHT="22" WC="0.92" CONTENT="af"/><SP WIDTH="14" VPOS="317" HPOS="253"/>
							<String ID="string_35" HPOS="267" VPOS="318" WIDTH="144" HEIGHT="26" WC="0.92" CONTENT="petitionären"/><SP WIDTH="16" VPOS="318" HPOS="411"/>
							<String ID="string_36" HPOS="427" VPOS="317" WIDTH="121" HEIGHT="27" WC="0.93" CONTENT="föreslagna"/><SP WIDTH="15" VPOS="317" HPOS="548"/>
							<String ID="string_37" HPOS="563" VPOS="317" WIDTH="87" HEIGHT="28" WC="0.92" CONTENT="lydelse,"/>
						</TextLine>
					</TextBlock>
				</ComposedBlock>
				<ComposedBlock ID="cblock_2" HPOS="367" VPOS="373" WIDTH="622" HEIGHT="405">
					<TextBlock ID="block_2" HPOS="367" VPOS="373" WIDTH="622" HEIGHT="405">
						<TextLine ID="line_6" HPOS="438" VPOS="373" WIDTH="550" HEIGHT="28">
							<String ID="string_38" HPOS="438" VPOS="376" WIDTH="32" HEIGHT="19" WC="0.96" CONTENT="att"/><SP WIDTH="15" VPOS="376" HPOS="470"/>
							<String ID="string_39" HPOS="485" VPOS="374" WIDTH="64" HEIGHT="21" WC="0.92" CONTENT="Hans"/><SP WIDTH="16" VPOS="374" HPOS="549"/>
							<String ID="string_40" HPOS="565" VPOS="373" WIDTH="126" HEIGHT="28" WC="0.90" CONTENT="Kejserliga"/><SP WIDTH="16" VPOS="373" HPOS="691"/>
							<String ID="string_41" HPOS="707" VPOS="374" WIDTH="105" HEIGHT="27" WC="0.93" CONTENT="Majestät"/><SP WIDTH="15" VPOS="374" HPOS="812"/>
							<String ID="string_42" HPOS="827" VPOS="373" WIDTH="50" HEIGHT="22" WC="0.96" CONTENT="ville"/><SP WIDTH="14" VPOS="373" HPOS="877"/>
							<String ID="string_43" HPOS="891" VPOS="373" WIDTH="48" HEIGHT="21" WC="0.96" CONTENT="med"/><SP WIDTH="14" VPOS="373" HPOS="939"/>
							<String ID="string_44" HPOS="953" VPOS="373" WIDTH="35" HEIGHT="21" WC="0.96" CONTENT="det"/>
						</TextLine>
						<TextLine ID="line_7" HPOS="370" VPOS="407" WIDTH="619" HEIGHT="28">
							<String ID="string_45" HPOS="370" VPOS="411" WIDTH="99" HEIGHT="18" WC="0.96" CONTENT="snaraste"/><SP WIDTH="16" VPOS="411" HPOS="469"/>
							<String ID="string_46" HPOS="485" VPOS="409" WIDTH="45" HEIGHT="20" WC="0.96" CONTENT="låta"/><SP WIDTH="10" VPOS="409" HPOS="530"/>
							<String ID="string_47" HPOS="540" VPOS="408" WIDTH="93" HEIGHT="21" WC="0.96" CONTENT="tillsätta"/><SP WIDTH="16" VPOS="408" HPOS="633"/>
							<String ID="string_48" HPOS="649" VPOS="415" WIDTH="25" HEIGHT="14" WC="0.93" CONTENT="en"/><SP WIDTH="15" VPOS="415" HPOS="674"/>
							<String ID="string_49" HPOS="689" VPOS="408" WIDTH="89" HEIGHT="21" WC="0.46" CONTENT="Komitö"/><SP WIDTH="11" VPOS="408" HPOS="778"/>
							<String ID="string_50" HPOS="789" VPOS="409" WIDTH="43" HEIGHT="26" WC="0.96" CONTENT="för"/><SP WIDTH="15" VPOS="409" HPOS="832"/>
							<String ID="string_51" HPOS="847" VPOS="410" WIDTH="32" HEIGHT="19" WC="0.93" CONTENT="att"/><SP WIDTH="13" VPOS="410" HPOS="879"/>
							<String ID="string_52" HPOS="892" VPOS="407" WIDTH="97" HEIGHT="28" WC="0.96" CONTENT="granska"/>
						</TextLine>
						<TextLine ID="line_8" HPOS="371" VPOS="441" WIDTH="618" HEIGHT="29">
							<String ID="string_53" HPOS="371" VPOS="443" WIDTH="38" HEIGHT="20" WC="0.92" CONTENT="och"/><SP WIDTH="23" VPOS="443" HPOS="409"/>
							<String ID="string_54" HPOS="432" VPOS="442" WIDTH="88" HEIGHT="28" WC="0.91" CONTENT="afgifva"/><SP WIDTH="22" VPOS="442" HPOS="520"/>
							<String ID="string_55" HPOS="542" VPOS="442" WIDTH="112" HEIGHT="21" WC="0.96" CONTENT="utlåtande"/><SP WIDTH="21" VPOS="442" HPOS="654"/>
							<String ID="string_56" HPOS="675" VPOS="449" WIDTH="40" HEIGHT="18" WC="0.96" CONTENT="om,"/><SP WIDTH="17" VPOS="449" HPOS="715"/>
							<String ID="string_57" HPOS="732" VPOS="442" WIDTH="109" HEIGHT="21" WC="0.95" CONTENT="huruvida"/><SP WIDTH="15" VPOS="442" HPOS="841"/>
							<String ID="string_58" HPOS="856" VPOS="441" WIDTH="38" HEIGHT="22" WC="0.96" CONTENT="och"/><SP WIDTH="15" VPOS="441" HPOS="894"/>
							<String ID="string_59" HPOS="909" VPOS="442" WIDTH="8" HEIGHT="21" WC="0.93" CONTENT="i"/><SP WIDTH="15" VPOS="442" HPOS="917"/>
							<String ID="string_60" HPOS="932" VPOS="441" WIDTH="57" HEIGHT="22" WC="0.96" CONTENT="hvad"/>
						</TextLine>
						<TextLine ID="line_9" HPOS="370" VPOS="477" WIDTH="619" HEIGHT="28">
							<String ID="string_61" HPOS="370" VPOS="484" WIDTH="49" HEIGHT="13" WC="0.92" CONTENT="mon"/><SP WIDTH="22" VPOS="484" HPOS="419"/>
							<String ID="string_62" HPOS="441" VPOS="477" WIDTH="61" HEIGHT="20" WC="0.91" CONTENT="säväl"/><SP WIDTH="21" VPOS="477" HPOS="502"/>
							<String ID="string_63" HPOS="523" VPOS="477" WIDTH="98" HEIGHT="20" WC="0.96" CONTENT="arbetare"/><SP WIDTH="15" VPOS="477" HPOS="621"/>
							<String ID="string_64" HPOS="636" VPOS="483" WIDTH="45" HEIGHT="14" WC="0.93" CONTENT="som"/><SP WIDTH="16" VPOS="483" HPOS="681"/>
							<String ID="string_65" HPOS="697" VPOS="477" WIDTH="157" HEIGHT="28" WC="0.87" CONTENT="arbetsgifvare"/><SP WIDTH="15" VPOS="477" HPOS="854"/>
							<String ID="string_66" HPOS="869" VPOS="477" WIDTH="36" HEIGHT="20" WC="0.97" CONTENT="vid"/><SP WIDTH="15" VPOS="477" HPOS="905"/>
							<String ID="string_67" HPOS="920" VPOS="478" WIDTH="69" HEIGHT="19" WC="0.96" CONTENT="större"/>
						</TextLine>
						<TextLine ID="line_10" HPOS="370" VPOS="510" WIDTH="618" HEIGHT="29">
							<String ID="string_68" HPOS="370" VPOS="512" WIDTH="129" HEIGHT="20" WC="0.92" CONTENT="industriela"/><SP WIDTH="16" VPOS="512" HPOS="499"/>
							<String ID="string_69" HPOS="515" VPOS="511" WIDTH="49" HEIGHT="21" WC="0.93" CONTENT="verk"/><SP WIDTH="16" VPOS="511" HPOS="564"/>
							<String ID="string_70" HPOS="580" VPOS="512" WIDTH="14" HEIGHT="20" WC="0.92" CONTENT="&amp;"/><SP WIDTH="16" VPOS="512" HPOS="594"/>
							<String ID="string_71" HPOS="610" VPOS="512" WIDTH="74" HEIGHT="20" WC="0.96" CONTENT="landet"/><SP WIDTH="16" VPOS="512" HPOS="684"/>
							<String ID="string_72" HPOS="700" VPOS="511" WIDTH="64" HEIGHT="21" WC="0.93" CONTENT="borde"/><SP WIDTH="9" VPOS="511" HPOS="764"/>
							<String ID="string_73" HPOS="773" VPOS="510" WIDTH="172" HEIGHT="29" WC="0.92" CONTENT="skyldigkännas"/><SP WIDTH="11" VPOS="510" HPOS="945"/>
							<String ID="string_74" HPOS="956" VPOS="513" WIDTH="32" HEIGHT="19" WC="0.96" CONTENT="att"/>
						</TextLine>
						<TextLine ID="line_11" HPOS="367" VPOS="544" WIDTH="622" HEIGHT="29">
							<String ID="string_75" HPOS="367" VPOS="546" WIDTH="32" HEIGHT="27" WC="0.91" CONTENT="pä"/><SP WIDTH="24" VPOS="546" HPOS="399"/>
							<String ID="string_76" HPOS="423" VPOS="545" WIDTH="157" HEIGHT="21" WC="0.91" CONTENT="verksammare"/><SP WIDTH="19" VPOS="545" HPOS="580"/>
							<String ID="string_77" HPOS="599" VPOS="548" WIDTH="44" HEIGHT="18" WC="0.96" CONTENT="sätt"/><SP WIDTH="13" VPOS="548" HPOS="643"/>
							<String ID="string_78" HPOS="656" VPOS="548" WIDTH="31" HEIGHT="18" WC="0.92" CONTENT="än"/><SP WIDTH="15" VPOS="548" HPOS="687"/>
							<String ID="string_79" HPOS="702" VPOS="546" WIDTH="88" HEIGHT="20" WC="0.89" CONTENT="härtills"/><SP WIDTH="15" VPOS="546" HPOS="790"/>
							<String ID="string_80" HPOS="805" VPOS="546" WIDTH="57" HEIGHT="20" WC="0.93" CONTENT="varit"/><SP WIDTH="11" VPOS="546" HPOS="862"/>
							<String ID="string_81" HPOS="873" VPOS="545" WIDTH="68" HEIGHT="27" WC="0.90" CONTENT="fallet"/><SP WIDTH="16" VPOS="545" HPOS="941"/>
							<String ID="string_82" HPOS="957" VPOS="544" WIDTH="32" HEIGHT="21" WC="0.91" CONTENT="bi-"/>
						</TextLine>
						<TextLine ID="line_12" HPOS="371" VPOS="580" WIDTH="617" HEIGHT="27">
							<String ID="string_83" HPOS="371" VPOS="580" WIDTH="69" HEIGHT="27" WC="0.91" CONTENT="draga"/><SP WIDTH="23" VPOS="580" HPOS="440"/>
							<String ID="string_84" HPOS="463" VPOS="580" WIDTH="35" HEIGHT="20" WC="0.96" CONTENT="till"/><SP WIDTH="20" VPOS="580" HPOS="498"/>
							<String ID="string_85" HPOS="518" VPOS="580" WIDTH="167" HEIGHT="20" WC="0.92" CONTENT="kommunernas"/><SP WIDTH="12" VPOS="580" HPOS="685"/>
							<String ID="string_86" HPOS="697" VPOS="580" WIDTH="127" HEIGHT="27" WC="0.89" CONTENT="fattigvärd"/><SP WIDTH="15" VPOS="580" HPOS="824"/>
							<String ID="string_87" HPOS="839" VPOS="580" WIDTH="51" HEIGHT="20" WC="0.93" CONTENT="eller"/><SP WIDTH="15" VPOS="580" HPOS="890"/>
							<String ID="string_88" HPOS="905" VPOS="580" WIDTH="83" HEIGHT="20" WC="0.88" CONTENT="inrätta"/>
						</TextLine>
						<TextLine ID="line_13" HPOS="370" VPOS="613" WIDTH="617" HEIGHT="29">
							<String ID="string_89" HPOS="370" VPOS="613" WIDTH="111" HEIGHT="21" WC="0.93" CONTENT="särskilda"/><SP WIDTH="5" VPOS="613" HPOS="481"/>
							<String ID="string_90" HPOS="486" VPOS="614" WIDTH="80" HEIGHT="27" WC="0.93" CONTENT="fattig-"/><SP WIDTH="11" VPOS="614" HPOS="566"/>
							<String ID="string_91" HPOS="577" VPOS="614" WIDTH="39" HEIGHT="20" WC="0.92" CONTENT="och"/><SP WIDTH="8" VPOS="614" HPOS="616"/>
							<String ID="string_92" HPOS="624" VPOS="614" WIDTH="217" HEIGHT="28" WC="0.88" CONTENT="understödsfonder,"/><SP WIDTH="9" VPOS="614" HPOS="841"/>
							<String ID="string_93" HPOS="850" VPOS="616" WIDTH="55" HEIGHT="18" WC="0.93" CONTENT="samt"/><SP WIDTH="10" VPOS="616" HPOS="905"/>
							<String ID="string_94" HPOS="915" VPOS="613" WIDTH="72" HEIGHT="21" WC="0.90" CONTENT="hvilka"/>
						</TextLine>
						<TextLine ID="line_14" HPOS="371" VPOS="648" WIDTH="618" HEIGHT="28">
							<String ID="string_95" HPOS="371" VPOS="648" WIDTH="121" HEIGHT="28" WC="0.94" CONTENT="ändringar"/><SP WIDTH="23" VPOS="648" HPOS="492"/>
							<String ID="string_96" HPOS="515" VPOS="648" WIDTH="29" HEIGHT="27" WC="0.94" CONTENT="af"/><SP WIDTH="10" VPOS="648" HPOS="544"/>
							<String ID="string_97" HPOS="554" VPOS="648" WIDTH="104" HEIGHT="28" WC="0.96" CONTENT="gällande"/><SP WIDTH="17" VPOS="648" HPOS="658"/>
							<String ID="string_98" HPOS="675" VPOS="648" WIDTH="36" HEIGHT="27" WC="0.94" CONTENT="lag"/><SP WIDTH="16" VPOS="648" HPOS="711"/>
							<String ID="string_99" HPOS="727" VPOS="648" WIDTH="38" HEIGHT="21" WC="0.93" CONTENT="och"/><SP WIDTH="10" VPOS="648" HPOS="765"/>
							<String ID="string_100" HPOS="775" VPOS="648" WIDTH="140" HEIGHT="27" WC="0.95" CONTENT="författning"/><SP WIDTH="15" VPOS="648" HPOS="915"/>
							<String ID="string_101" HPOS="930" VPOS="648" WIDTH="8" HEIGHT="20" WC="0.93" CONTENT="i"/><SP WIDTH="15" VPOS="648" HPOS="938"/>
							<String ID="string_102" HPOS="953" VPOS="648" WIDTH="36" HEIGHT="20" WC="0.92" CONTENT="sä-"/>
						</TextLine>
						<TextLine ID="line_15" HPOS="371" VPOS="682" WIDTH="617" HEIGHT="28">
							<String ID="string_103" HPOS="371" VPOS="682" WIDTH="54" HEIGHT="21" WC="0.92" CONTENT="dant"/><SP WIDTH="8" VPOS="682" HPOS="425"/>
							<String ID="string_104" HPOS="433" VPOS="682" WIDTH="101" HEIGHT="28" WC="0.91" CONTENT="afseende"/><SP WIDTH="8" VPOS="682" HPOS="534"/>
							<String ID="string_105" HPOS="542" VPOS="682" WIDTH="102" HEIGHT="28" WC="0.90" CONTENT="möjligen"/><SP WIDTH="10" VPOS="682" HPOS="644"/>
							<String ID="string_106" HPOS="654" VPOS="682" WIDTH="64" HEIGHT="20" WC="0.93" CONTENT="borde"/><SP WIDTH="11" VPOS="682" HPOS="718"/>
							<String ID="string_107" HPOS="729" VPOS="682" WIDTH="126" HEIGHT="26" WC="0.92" CONTENT="tillkomma,"/><SP WIDTH="10" VPOS="682" HPOS="855"/>
							<String ID="string_108" HPOS="865" VPOS="683" WIDTH="38" HEIGHT="20" WC="0.93" CONTENT="och"/><SP WIDTH="10" VPOS="683" HPOS="903"/>
							<String ID="string_109" HPOS="913" VPOS="682" WIDTH="75" HEIGHT="20" WC="0.92" CONTENT="härom"/>
						</TextLine>
						<TextLine ID="line_16" HPOS="371" VPOS="715" WIDTH="618" HEIGHT="29">
							<String ID="string_110" HPOS="371" VPOS="717" WIDTH="34" HEIGHT="20" WC="0.93" CONTENT="till"/><SP WIDTH="16" VPOS="717" HPOS="405"/>
							<String ID="string_111" HPOS="421" VPOS="716" WIDTH="258" HEIGHT="21" WC="0.92" CONTENT="nästsammanträdande"/><SP WIDTH="16" VPOS="716" HPOS="679"/>
							<String ID="string_112" HPOS="695" VPOS="716" WIDTH="107" HEIGHT="28" WC="0.90" CONTENT="landtdag"/><SP WIDTH="16" VPOS="716" HPOS="802"/>
							<String ID="string_113" HPOS="818" VPOS="716" WIDTH="92" HEIGHT="28" WC="0.83" CONTENT="aflemna"/><SP WIDTH="11" VPOS="716" HPOS="910"/>
							<String ID="string_114" HPOS="921" VPOS="715" WIDTH="68" HEIGHT="28" WC="0.96" CONTENT="nådig"/>
						</TextLine>
						<TextLine ID="line_17" HPOS="368" VPOS="751" WIDTH="143" HEIGHT="27">
							<String ID="string_115" HPOS="368" VPOS="751" WIDTH="143" HEIGHT="27" WC="0.96" CONTENT="proposition."/>
						</TextLine>
					</TextBlock>
				</ComposedBlock>
				<ComposedBlock ID="cblock_3" HPOS="235" VPOS="807" WIDTH="753" HEIGHT="56">
					<TextBlock ID="block_3" HPOS="235" VPOS="807" WIDTH="753" HEIGHT="56">
						<TextLine ID="line_18" HPOS="300" VPOS="807" WIDTH="688" HEIGHT="28">
							<String ID="string_116" HPOS="300" VPOS="807" WIDTH="139" HEIGHT="28" WC="0.96" CONTENT="Helsingfors,"/><SP WIDTH="16" VPOS="807" HPOS="439"/>
							<String ID="string_117" HPOS="455" VPOS="808" WIDTH="24" HEIGHT="21" WC="0.96" CONTENT="af"/><SP WIDTH="13" VPOS="808" HPOS="479"/>
							<String ID="string_118" HPOS="492" VPOS="808" WIDTH="112" HEIGHT="21" WC="0.93" CONTENT="Allmänna"/><SP WIDTH="19" VPOS="808" HPOS="604"/>
							<String ID="string_119" HPOS="623" VPOS="808" WIDTH="198" HEIGHT="21" WC="0.91" CONTENT="Besvärsutskottet"/><SP WIDTH="18" VPOS="808" HPOS="821"/>
							<String ID="string_120" HPOS="839" VPOS="808" WIDTH="40" HEIGHT="20" WC="0.96" CONTENT="den"/><SP WIDTH="18" VPOS="808" HPOS="879"/>
							<String ID="string_121" HPOS="897" VPOS="808" WIDTH="25" HEIGHT="20" WC="0.96" CONTENT="16"/><SP WIDTH="23" VPOS="808" HPOS="922"/>
							<String ID="string_122" HPOS="945" VPOS="807" WIDTH="43" HEIGHT="27" WC="0.95" CONTENT="Maj"/>
						</TextLine>
						<TextLine ID="line_19" HPOS="235" VPOS="842" WIDTH="61" HEIGHT="21">
							<String ID="string_123" HPOS="235" VPOS="842" WIDTH="61" HEIGHT="21" WC="0.96" CONTENT="1888."/>
						</TextLine>
					</TextBlock>
				</ComposedBlock>
				<ComposedBlock ID="cblock_4" HPOS="233" VPOS="967" WIDTH="757" HEIGHT="199">
					<TextBlock ID="block_4" HPOS="233" VPOS="967" WIDTH="757" HEIGHT="199">
						<TextLine ID="line_20" HPOS="303" VPOS="967" WIDTH="687" HEIGHT="28">
							<String ID="string_124" HPOS="303" VPOS="967" WIDTH="10" HEIGHT="21" WC="0.93" CONTENT="I"/><SP WIDTH="22" VPOS="967" HPOS="313"/>
							<String ID="string_125" HPOS="335" VPOS="968" WIDTH="100" HEIGHT="21" WC="0.90" CONTENT="ärendets"/><SP WIDTH="22" VPOS="968" HPOS="435"/>
							<String ID="string_126" HPOS="457" VPOS="968" WIDTH="173" HEIGHT="27" WC="0.91" CONTENT="slutbehandling"/><SP WIDTH="22" VPOS="968" HPOS="630"/>
							<String ID="string_127" HPOS="652" VPOS="968" WIDTH="63" HEIGHT="21" WC="0.91" CONTENT="hafva"/><SP WIDTH="23" VPOS="968" HPOS="715"/>
							<String ID="string_128" HPOS="738" VPOS="968" WIDTH="99" HEIGHT="27" WC="0.93" CONTENT="deltagit:"/><SP WIDTH="30" VPOS="968" HPOS="837"/>
							<String ID="string_129" HPOS="867" VPOS="967" WIDTH="123" HEIGHT="22" WC="0.92" CONTENT="Utskottets"/>
						</TextLine>
						<TextLine ID="line_21" HPOS="233" VPOS="1001" WIDTH="756" HEIGHT="28">
							<String ID="string_130" HPOS="233" VPOS="1001" WIDTH="136" HEIGHT="27" WC="0.93" CONTENT="ordförande,"/><SP WIDTH="17" VPOS="1001" HPOS="369"/>
							<String ID="string_131" HPOS="386" VPOS="1002" WIDTH="56" HEIGHT="21" WC="0.92" CONTENT="Frih."/><SP WIDTH="17" VPOS="1002" HPOS="442"/>
							<String ID="string_132" HPOS="459" VPOS="1003" WIDTH="23" HEIGHT="20" WC="0.93" CONTENT="af"/><SP WIDTH="13" VPOS="1003" HPOS="482"/>
							<String ID="string_133" HPOS="495" VPOS="1003" WIDTH="108" HEIGHT="26" WC="0.90" CONTENT="Schult6n,"/><SP WIDTH="17" VPOS="1003" HPOS="603"/>
							<String ID="string_134" HPOS="620" VPOS="1003" WIDTH="28" HEIGHT="21" WC="0.93" CONTENT="M."/><SP WIDTH="16" VPOS="1003" HPOS="648"/>
							<String ID="string_135" HPOS="664" VPOS="1003" WIDTH="41" HEIGHT="25" WC="0.91" CONTENT="W.,"/><SP WIDTH="16" VPOS="1003" HPOS="705"/>
							<String ID="string_136" HPOS="721" VPOS="1003" WIDTH="146" HEIGHT="20" WC="0.92" CONTENT="ledamöterne"/><SP WIDTH="14" VPOS="1003" HPOS="867"/>
							<String ID="string_137" HPOS="881" VPOS="1001" WIDTH="108" HEIGHT="26" WC="0.96" CONTENT="Järvinen,"/>
						</TextLine>
						<TextLine ID="line_22" HPOS="233" VPOS="1035" WIDTH="756" HEIGHT="28">
							<String ID="string_138" HPOS="233" VPOS="1035" WIDTH="33" HEIGHT="26" WC="0.92" CONTENT="N.,"/><SP WIDTH="16" VPOS="1035" HPOS="266"/>
							<String ID="string_139" HPOS="282" VPOS="1036" WIDTH="119" HEIGHT="26" WC="0.93" CONTENT="Nordlund,"/><SP WIDTH="16" VPOS="1036" HPOS="401"/>
							<String ID="string_140" HPOS="417" VPOS="1037" WIDTH="30" HEIGHT="23" WC="0.92" CONTENT="F.,"/><SP WIDTH="23" VPOS="1037" HPOS="447"/>
							<String ID="string_141" HPOS="470" VPOS="1037" WIDTH="126" HEIGHT="26" WC="0.96" CONTENT="Blomstedt,"/><SP WIDTH="16" VPOS="1037" HPOS="596"/>
							<String ID="string_142" HPOS="612" VPOS="1037" WIDTH="26" HEIGHT="21" WC="0.93" CONTENT="K."/><SP WIDTH="16" VPOS="1037" HPOS="638"/>
							<String ID="string_143" HPOS="654" VPOS="1037" WIDTH="27" HEIGHT="23" WC="0.92" CONTENT="J.,"/><SP WIDTH="16" VPOS="1037" HPOS="681"/>
							<String ID="string_144" HPOS="697" VPOS="1037" WIDTH="108" HEIGHT="26" WC="0.93" CONTENT="Hedberg,"/><SP WIDTH="16" VPOS="1037" HPOS="805"/>
							<String ID="string_145" HPOS="821" VPOS="1037" WIDTH="26" HEIGHT="25" WC="0.93" CONTENT="J.,"/><SP WIDTH="16" VPOS="1037" HPOS="847"/>
							<String ID="string_146" HPOS="863" VPOS="1036" WIDTH="126" HEIGHT="27" WC="0.96" CONTENT="Tojkander,"/>
						</TextLine>
						<TextLine ID="line_23" HPOS="233" VPOS="1066" WIDTH="754" HEIGHT="32">
							<String ID="string_147" HPOS="233" VPOS="1069" WIDTH="23" HEIGHT="22" WC="0.90" CONTENT="C."/><SP WIDTH="17" VPOS="1069" HPOS="256"/>
							<String ID="string_148" HPOS="273" VPOS="1070" WIDTH="30" HEIGHT="25" WC="0.90" CONTENT="F.,"/><SP WIDTH="17" VPOS="1070" HPOS="303"/>
							<String ID="string_149" HPOS="320" VPOS="1066" WIDTH="91" HEIGHT="31" WC="0.90" CONTENT="Öhberg,"/><SP WIDTH="24" VPOS="1066" HPOS="411"/>
							<String ID="string_150" HPOS="435" VPOS="1071" WIDTH="32" HEIGHT="26" WC="0.93" CONTENT="V.,"/><SP WIDTH="22" VPOS="1071" HPOS="467"/>
							<String ID="string_151" HPOS="489" VPOS="1071" WIDTH="93" HEIGHT="27" WC="0.93" CONTENT="Nyberg,"/><SP WIDTH="25" VPOS="1071" HPOS="582"/>
							<String ID="string_152" HPOS="607" VPOS="1071" WIDTH="33" HEIGHT="26" WC="0.90" CONTENT="A.,"/><SP WIDTH="24" VPOS="1071" HPOS="640"/>
							<String ID="string_153" HPOS="664" VPOS="1071" WIDTH="81" HEIGHT="26" WC="0.93" CONTENT="Ojanen"/><SP WIDTH="23" VPOS="1071" HPOS="745"/>
							<String ID="string_154" HPOS="768" VPOS="1071" WIDTH="34" HEIGHT="26" WC="0.92" CONTENT="K.,"/><SP WIDTH="17" VPOS="1071" HPOS="802"/>
							<String ID="string_155" HPOS="819" VPOS="1071" WIDTH="127" HEIGHT="25" WC="0.93" CONTENT="Päivärinta,"/><SP WIDTH="19" VPOS="1071" HPOS="946"/>
							<String ID="string_156" HPOS="965" VPOS="1070" WIDTH="22" HEIGHT="21" WC="0.93" CONTENT="P."/>
						</TextLine>
						<TextLine ID="line_24" HPOS="235" VPOS="1105" WIDTH="755" HEIGHT="27">
							<String ID="string_157" HPOS="235" VPOS="1106" WIDTH="56" HEIGHT="19" WC="0.91" CONTENT="samt"/><SP WIDTH="24" VPOS="1106" HPOS="291"/>
							<String ID="string_158" HPOS="315" VPOS="1105" WIDTH="163" HEIGHT="26" WC="0.91" CONTENT="suppleanterne"/><SP WIDTH="24" VPOS="1105" HPOS="478"/>
							<String ID="string_159" HPOS="502" VPOS="1105" WIDTH="87" HEIGHT="27" WC="0.93" CONTENT="Schildt,"/><SP WIDTH="24" VPOS="1105" HPOS="589"/>
							<String ID="string_160" HPOS="613" VPOS="1105" WIDTH="43" HEIGHT="27" WC="0.92" CONTENT="Hj.,"/><SP WIDTH="22" VPOS="1105" HPOS="656"/>
							<String ID="string_161" HPOS="678" VPOS="1112" WIDTH="19" HEIGHT="14" WC="0.93" CONTENT="v."/><SP WIDTH="24" VPOS="1112" HPOS="697"/>
							<String ID="string_162" HPOS="721" VPOS="1105" WIDTH="119" HEIGHT="26" WC="0.93" CONTENT="Rehausen,"/><SP WIDTH="24" VPOS="1105" HPOS="840"/>
							<String ID="string_163" HPOS="864" VPOS="1105" WIDTH="32" HEIGHT="25" WC="0.92" CONTENT="V.,"/><SP WIDTH="19" VPOS="1105" HPOS="896"/>
							<String ID="string_164" HPOS="915" VPOS="1105" WIDTH="75" HEIGHT="20" WC="0.92" CONTENT="Wasa-"/>
						</TextLine>
						<TextLine ID="line_25" HPOS="233" VPOS="1138" WIDTH="756" HEIGHT="28">
							<String ID="string_165" HPOS="233" VPOS="1138" WIDTH="87" HEIGHT="27" WC="0.88" CONTENT="stjerna,"/><SP WIDTH="17" VPOS="1138" HPOS="320"/>
							<String ID="string_166" HPOS="337" VPOS="1139" WIDTH="31" HEIGHT="26" WC="0.92" CONTENT="A.,"/><SP WIDTH="16" VPOS="1139" HPOS="368"/>
							<String ID="string_167" HPOS="384" VPOS="1139" WIDTH="105" HEIGHT="26" WC="0.96" CONTENT="Renlund,"/><SP WIDTH="15" VPOS="1139" HPOS="489"/>
							<String ID="string_168" HPOS="504" VPOS="1139" WIDTH="25" HEIGHT="21" WC="0.93" CONTENT="K."/><SP WIDTH="18" VPOS="1139" HPOS="529"/>
							<String ID="string_169" HPOS="547" VPOS="1139" WIDTH="34" HEIGHT="25" WC="0.91" CONTENT="H.,"/><SP WIDTH="16" VPOS="1139" HPOS="581"/>
							<String ID="string_170" HPOS="597" VPOS="1139" WIDTH="104" HEIGHT="26" WC="0.93" CONTENT="Alastalo,"/><SP WIDTH="15" VPOS="1139" HPOS="701"/>
							<String ID="string_171" HPOS="716" VPOS="1140" WIDTH="28" HEIGHT="26" WC="0.92" CONTENT="J.,"/><SP WIDTH="17" VPOS="1140" HPOS="744"/>
							<String ID="string_172" HPOS="761" VPOS="1139" WIDTH="39" HEIGHT="22" WC="0.96" CONTENT="och"/><SP WIDTH="16" VPOS="1139" HPOS="800"/>
							<String ID="string_173" HPOS="816" VPOS="1139" WIDTH="136" HEIGHT="26" WC="0.96" CONTENT="Malkamäki,"/><SP WIDTH="17" VPOS="1139" HPOS="952"/>
							<String ID="string_174" HPOS="969" VPOS="1139" WIDTH="20" HEIGHT="22" WC="0.96" CONTENT="J."/>
						</TextLine>
					</TextBlock>
				</ComposedBlock>
				<GraphicalElement ID="cblock_5" HPOS="269" VPOS="1447" WIDTH="688" HEIGHT="4"></GraphicalElement >
				<ComposedBlock ID="cblock_6" HPOS="391" VPOS="1458" WIDTH="446" HEIGHT="17">
					<TextBlock ID="block_5" HPOS="391" VPOS="1458" WIDTH="446" HEIGHT="17">
						<TextLine ID="line_26" HPOS="391" VPOS="1458" WIDTH="446" HEIGHT="17">
							<String ID="string_175" HPOS="391" VPOS="1458" WIDTH="110" HEIGHT="17" WC="0.93" CONTENT="Helsingfors,"/><SP WIDTH="10" VPOS="1458" HPOS="501"/>
							<String ID="string_176" HPOS="511" VPOS="1458" WIDTH="187" HEIGHT="14" WC="0.92" CONTENT="Hufvudstadsbladets"/><SP WIDTH="10" VPOS="1458" HPOS="698"/>
							<String ID="string_177" HPOS="708" VPOS="1458" WIDTH="80" HEIGHT="17" WC="0.92" CONTENT="tryckeri,"/><SP WIDTH="10" VPOS="1458" HPOS="788"/>
							<String ID="string_178" HPOS="798" VPOS="1458" WIDTH="39" HEIGHT="13" WC="0.96" CONTENT="1888."/>
						</TextLine>
					</TextBlock>
				</ComposedBlock>
			</PrintSpace>
		</Page>
	</Layout>
</alto>
