1048 1731
814 133 13 20 3

97 194 61 21 Mars
173 194 88 26 anmält,
277 195 32 20 att
323 193 27 22 Vi
365 193 57 22 velat
441 193 114 28 samtycka
572 193 32 21 till
625 193 136 23 utfärdandet
781 193 22 22 af
820 195 37 21 så-

99 229 45 20 dan
159 228 128 27 kungörelse
303 228 6 21 i
325 229 81 26 ämnet,
425 234 48 15 som
493 229 25 20 är
538 227 72 22 införd
632 228 7 21 i
656 228 54 21 Vårt
732 229 125 27 åberopade

99 262 117 23 svarsbref.

456 296 12 27 8
483 297 19 20 6.

171 342 59 21 Hans
241 342 118 27 Kejserliga
368 341 111 28 Majestäts
490 341 81 28 nädiga
586 342 141 27 proposition,
744 343 113 27 angäende

99 377 139 27 förflyttande
257 377 31 20 till
308 376 138 21 statsarkivet
464 376 23 21 af
506 376 182 22 häradsarkivens
709 377 59 21 äldre
788 377 70 22 hand-

101 412 76 26 lingar,
193 411 64 21 hafva
267 411 27 21 Vi
305 411 82 27 antagit
402 411 50 21 med
468 411 78 21 sådant
560 411 80 27 tillägg,
656 411 44 21 Vår
715 411 7 21 i
737 413 74 20 ämnet
827 411 32 22 af-

102 446 61 21 låtna
178 445 148 27 underdåniga
339 445 110 22 skrifvelse
465 444 23 22 af
501 445 43 21 den
560 445 25 21 17
602 445 107 22 nästlidne
723 445 58 22 Mars
797 446 62 22 inne-

101 480 75 21 håller.

460 514 12 27 $
488 514 19 20 7.

173 560 8 20 I
200 559 115 27 anledning
333 558 24 22 af
373 558 40 22 Oss
431 559 97 27 förelagd
546 559 65 27 nådig
631 560 140 27 proposition,
792 560 69 27 angå-

103 594 57 22 ende
175 594 119 21 anvisande
310 593 23 21 af
345 594 70 21 medel
430 593 33 22 för
482 593 159 22 folkskolornas
660 594 8 20 i
686 594 74 22 landet
781 595 79 21 under-

105 629 50 26 håll,
171 628 64 21 hafva
250 628 27 21 Vi
292 628 33 21 för
340 628 139 22 bestridande
495 628 22 21 af
530 628 148 22 kostnaderna
693 628 33 22 för
745 628 115 22 folkskole-

105 663 106 21 väsendet
225 663 68 21 under
309 663 52 21 åren
377 662 62 26 1889,
462 663 55 21 1890
538 662 41 22 och
596 663 54 21 1891
667 662 93 22 faststält
775 665 31 19 ett
821 670 40 14 an-

104 698 55 26 slag,
174 696 128 28 uppgående
321 697 159 27 sammanlagdt
499 696 31 21 till
548 697 114 26 2,841,430
682 698 69 26 mark,
769 698 92 21 hvarom

105 732 28 21 Vi
143 732 7 20 i
160 731 133 27 underdånig
304 730 110 22 skrifvelse
425 730 23 22 af
461 731 42 21 den
520 731 26 21 19
562 731 97 21 sistlidne
673 731 58 21 Mars
746 732 40 21 hos
801 732 61 20 Hans

105 766 120 27 Kejserliga
239 765 100 27 Majestät
355 765 81 21 anmält
451 767 57 19 samt
523 765 67 21 tillika
606 765 107 21 meddelat
729 768 31 18 att
775 766 32 26 Vi,
823 766 39 22 be-

106 800 108 22 träffande
229 799 150 22 anskaffandet
393 799 24 21 af
430 800 70 20 medel
515 799 33 21 för
563 799 139 22 bestridande
718 800 23 21 af
754 800 108 27 ifrågava-

106 835 68 21 rande
185 834 81 27 anslag,
282 834 89 21 komma
382 836 31 18 att
423 834 69 21 uttala
503 833 41 22 Oss
555 834 7 20 i
576 834 45 21 Vår
636 834 149 28 underdåniga
800 834 63 22 skrif-

106 869 59 21 velse
180 868 93 22 rörande
289 868 100 27 samtliga
404 868 36 21 vid
455 868 73 21 denna
542 868 104 27 landtdag
661 868 81 22 äskade
758 869 80 27 anslag.

462 930 47 28 88

176 978 8 21 I
199 978 93 27 enlighet
307 977 49 22 med
376 977 57 21 hvad
451 977 26 21 Vi
495 977 31 20 uti
545 977 111 22 skrifvelse
674 977 26 21 af
719 978 14 21 6
755 977 108 22 nästlidne

107 1012 60 27 April
182 1012 41 21 hos
238 1012 60 21 Hans
313 1011 119 28 Kejserliga
446 1011 102 28 Majestät
562 1012 7 20 i
584 1012 171 27 underdänighet
773 1013 90 26 anmält,

106 1046 67 22 hafva
187 1047 33 28 Vi,
235 1046 7 21 i
258 1046 116 31 anledning
400 1045 23 22 af
439 1046 66 27 nådig
524 1046 142 27 proposition,
690 1053 35 14 om
744 1047 119 20 anvisande

106 1081 26 21 af
145 1081 69 21 medel
229 1081 31 21 till
269 1080 140 21 bestridande
424 1080 24 21 af
460 1081 149 20 kostnaderna
624 1081 33 20 för
672 1080 68 21 finska
755 1081 108 22 militären

106 1115 71 21 under
192 1116 52 20 ären
261 1115 54 21 1889
324 1127 27 2 —
361 1115 61 26 1891,
438 1115 97 26 godkänt
550 1121 28 15 en
592 1115 62 26 utgift
669 1114 32 22 för
716 1115 94 21 militära
825 1117 39 19 än-

106 1149 75 22 damäl]
195 1149 68 22 under
282 1149 96 21 nämnda
397 1150 24 20 är
438 1149 24 21 af
478 1149 160 27 sammanlagdt
659 1150 126 26 16,792,645
803 1149 62 21 mark

107 1185 30 20 24
151 1185 72 26 penni,
239 1184 120 27 hvarjemte
373 1184 142 22 Viisamma
531 1183 111 22 skrifvelse
657 1183 112 25 meddelat,
786 1185 34 19 att
835 1184 30 22 Vi

107 1218 115 27 angående
237 1218 27 21 de
278 1218 121 27 tillgångar,
419 1224 49 15 som
487 1218 33 21 för
538 1217 165 28 ifrågavarande
721 1217 103 22 ändamål
844 1217 23 22 af

109 1251 42 23 Oss
167 1253 93 26 anvisas,
275 1252 88 21 komme
379 1254 32 19 att
430 1253 73 20 lemna
523 1254 101 19 närmare
642 1252 138 27 redogörelse
795 1252 7 20 i
817 1252 48 22 Vär

108 1287 150 26 underdäniga
273 1286 110 22 skrifvelse
399 1287 113 26 angäende
528 1287 100 26 samtliga
646 1287 35 20 vid
701 1286 72 21 denna
792 1286 71 21 landt-

108 1321 45 26 dag
168 1321 81 21 äskade
264 1321 83 26 anslag.

463 1355 12 28 8
490 1356 19 20 9.

178 1396 34 20 Ett
227 1395 24 21 af
263 1395 59 21 Hans
340 1395 119 27 Kejserliga
478 1395 101 27 Majestät
598 1395 32 21 uti
648 1395 65 27 nädig
730 1394 135 28 proposition

109 1428 43 22 Oss
167 1429 104 27 förelagdt
282 1429 81 27 förslag
377 1430 32 20 till
423 1430 133 26 förordning,
565 1429 114 27 angäende
694 1429 134 27 tillämpning
843 1428 24 22 af
