1048 1731
231 98 27 21 10
427 97 210 24 Petitionsbetänkande
654 99 34 22 N:o
704 97 34 24 23.

200 166 111 27 pågående
327 166 91 26 arbetet,
434 167 24 20 så
474 165 94 23 befinnes
584 167 60 21 detta
658 167 47 21 icke
721 173 50 15 vara
786 165 65 23 fallet.
881 166 83 22 Trenne

201 200 23 21 af
237 200 241 27 petitionsmemorialen
501 200 77 22 beröra
600 200 111 28 delningar
734 201 39 22 och
793 200 130 27 regleringar
943 200 22 22 af

201 234 106 22 särskilda
328 234 284 27 provincialläkaredistrikt,
636 235 100 27 åtgärder
756 234 71 23 hvilka
841 241 77 21 genom
933 236 32 19 ett

201 269 96 20 moment
315 267 23 22 af
351 271 84 19 senaste
451 268 159 22 ständerbeslut
624 269 7 21 i
647 269 66 22 saken
729 269 114 27 behörigen
859 268 104 22 beaktats.

201 301 74 22 Andre
297 301 168 28 förslagställare
487 302 86 22 förorda
596 303 131 27 statsbidrag
747 302 31 22 till
797 303 130 27 uppförande
943 301 22 23 af

202 336 138 21 kommunala
357 337 129 27 sjukstugor,
509 338 65 26 något
589 343 46 16 som
651 337 7 21 i
672 337 142 28 nyssnämnda
829 337 70 22 beslut
911 337 53 26 jem-

202 370 35 21 väl
253 370 101 22 särskildt
369 371 40 21 och
423 371 122 27 påtagligen
560 371 7 21 i
582 371 134 27 sakenligare
732 371 54 21 form
801 371 95 22 betonas.
917 371 47 22 Sär-

202 404 69 22 skilde
293 405 140 26 petitionärer
454 405 78 22 föreslå
554 405 73 22 vidare
650 406 7 21 i
680 405 117 22 allmänhet
816 405 101 27 åtgärder
931 404 33 22 till

202 438 139 27 sjukvårdens
357 439 109 21 ordnande
482 439 39 22 och
536 439 70 22 erinra
622 439 77 22 derhos
714 446 35 15 om
764 439 105 27 reglering
884 438 23 22 af
915 445 49 21 pro-

202 472 189 22 vincialläkarenes
416 473 128 22 funktioner.
574 474 34 21 Då
630 474 132 21 sistnämnda
784 473 89 28 förslags
895 473 70 27 syften

202 506 50 22 med
267 507 159 27 nödvändighet
442 507 39 22 och
497 510 50 20 utan
563 507 29 23 all
607 508 72 22 vidare
695 508 84 22 erinran
794 508 68 21 måste
875 507 89 22 beaktas

204 540 41 22 och
267 541 125 27 tillgodoses
415 542 34 21 vid
473 542 36 22 det
530 543 117 27 pägäende,
662 542 129 27 sjukvärden
807 542 6 21 i
830 542 47 22 dess
892 541 73 22 helhet

205 574 132 22 omfattande
357 576 246 26 organisationsarbetet,
627 583 62 21 synas
705 576 104 22 särskilda
824 575 141 28 päminnelser

204 608 76 22 härom
296 610 132 26 opäkallade.
452 610 104 27 Slutligen
571 610 97 22 förordas
683 611 7 21 i
706 613 31 19 ett
752 610 22 22 af
787 610 178 27 petitionsmemo-

204 642 68 22 rialen
291 644 66 20 ökadt
373 644 128 27 statsanslag
516 644 32 22 för
563 644 204 26 kommunalläkare,
784 644 87 26 derhän,
887 645 32 20 att
933 644 32 21 sä-

206 676 53 22 dant
281 677 76 27 bidrag
379 678 54 26 finge
449 679 70 26 uppgä
534 678 33 22 till
583 678 79 22 dubbla
677 678 102 28 beloppet
792 678 21 22 af
827 678 138 22 kommunens

206 717 53 21 egen
275 714 78 24 anpart
367 712 7 21 i
389 712 142 22 läkarelönen.
560 713 58 21 Enär
634 712 119 22 emellertid
768 712 67 22 under
851 712 25 22 de
891 714 75 19 trenne

205 746 31 26 år,
257 752 46 15 som
323 746 89 22 förflutit
426 746 47 22 från
489 747 36 21 det
539 749 85 19 senaste
639 746 163 22 Ständerbeslut
817 746 98 26 fattades,
930 747 37 20 nä-

206 786 42 20 gon
271 780 121 22 erfarenhet
415 781 113 27 omöjligen
545 782 82 20 kunnat
643 782 72 21 vinnas
731 787 36 15 om
782 780 184 28 nödvändigheten

206 813 22 21 af
250 820 26 15 en
299 815 66 21 sådan
389 815 117 27 tillökning,
530 817 55 20 samt
600 816 74 21 skälen
690 815 73 22 härför
777 815 128 21 åtminstone
919 814 47 22 icke

206 848 73 22 kunna
301 855 51 15 vara
375 850 80 21 derhän
477 850 60 21 klara
560 850 39 21 och
621 850 110 26 stadgade,
755 851 31 19 att
805 849 120 22 Ständerna
939 849 28 27 på

206 882 69 27 grund
291 882 22 22 af
327 884 61 21 dessa
403 884 71 22 kunde
489 884 85 26 vidtaga
589 884 88 22 rättelse
697 884 2 21 i
714 884 93 21 nämnda
822 883 75 24 beslut,
912 882 55 22 helst

207 916 60 22 detta
289 917 116 22 innefattar
427 918 124 28 uttryckligt
574 918 110 22 uttalande
700 918 80 27 derom,
797 919 31 20 att
843 917 123 22 statsbidra-

206 952 37 25 get
267 951 20 26 ,i
302 952 55 21 intet
372 952 50 21 fall"
438 953 67 21 borde
519 954 71 26 uppgå
606 953 32 21 till
654 953 65 27 högre
735 952 77 27 belopp
829 954 26 20 än
870 952 98 31 kommu-

207 991 52 16 nens
283 988 48 25 eget
354 986 97 28 tillskott,
475 987 67 22 måste
564 987 34 22 väl
621 987 61 22 äfven
705 987 60 22 detta
783 986 78 27 förslag
876 985 91 22 såsom
953 981 18 39 i

207 1019 73 28 hvarje
296 1020 36 21 fall
347 1021 33 21 för
395 1021 62 27 tidigt
472 1021 62 22 väckt
549 1021 33 22 för
597 1022 132 21 närvarande
745 1020 86 27 afböjas.

277 1055 96 21 Emedan
396 1055 111 22 Utskottet
528 1056 90 21 sålunda
632 1056 46 21 icke
693 1055 70 22 funnit
777 1055 46 22 skäl
838 1054 131 22 förekomma

208 1087 33 22 till
263 1089 72 26 någon
357 1089 130 22 Ständernas
509 1090 76 27 åtgärd
600 1090 7 21 i
623 1090 114 27 anledning
753 1089 22 22 af
789 1089 26 22 de
829 1089 139 22 förevarande

208 1122 215 29 petitionsförslagen,
446 1131 48 14 men
517 1125 13 20 å
552 1125 67 21 andra
638 1125 61 21 sidan
722 1124 55 22 dock
792 1125 70 20 ansett
878 1123 41 22 den
933 1123 36 21 be-

208 1157 162 26 hjertansvärda
386 1158 158 27 angelägenhet,
569 1159 106 22 desamma
690 1159 85 25 beröra,
791 1158 85 27 betinga
892 1159 31 20 ett
938 1163 31 16 er-

209 1191 112 22 kännande
344 1192 35 21 vid
401 1192 82 22 formen
498 1193 32 21 för
546 1193 62 22 deras
623 1193 109 27 sakenliga
748 1192 119 27 afböjande,
883 1191 33 22 får
930 1191 39 22 Ut-

208 1224 82 23 skottet
305 1227 108 21 vördsamt
429 1226 82 27 föreslå,

419 1331 32 19 att
467 1329 131 26 Ständerna,
614 1329 69 21 under
698 1329 115 21 uttalande
829 1329 30 26 af
869 1328 42 21 den
921 1330 50 26 jör-

349 1363 119 28 hoppning,
491 1366 32 18 att
537 1363 141 28 Regeringen,
696 1363 119 21 beaktande
831 1363 26 21 de
873 1363 30 24 af
914 1364 57 20 1885

350 1398 37 20 års
399 1398 94 21 Ständer
502 1398 137 26 framstälda
649 1398 172 27 önskningsmål,
825 1396 147 28 fortfarande

350 1432 107 21 verksamt
480 1432 120 28 befrämjar
623 1432 70 21 helso-
711 1432 40 21 och
766 1431 144 28 sjukvårdens
920 1432 52 27 för-

280 1472 101 18 Allmänna
394 1473 180 18 Besvärsutskottets
586 1473 117 17 betänkande
715 1474 36 16 N:o
765 1473 26 17 18.
