1048 1731
316 141 199 24 Motionsbatänkande
531 141 36 24 N:o
582 141 28 23 14.
817 141 12 20 5

105 207 60 22 gaste.
181 215 28 5 —
223 205 52 20 Från
297 205 157 24 lagstiftningens
476 206 37 19 och
535 205 191 20 administrationens
746 205 42 19 sida
802 205 57 19 torde

105 233 46 24 föga
172 234 65 20 kunna
258 236 84 17 uträttas
357 234 8 19 i
379 234 38 19 den
439 237 61 21 vägen
515 235 63 18 under
594 234 24 19 de
632 233 106 20 bestäende
753 233 106 20 förhällan-

106 262 57 24 dena,
185 266 53 17 utom
261 269 69 18 genom
352 262 51 25 höga
417 263 173 24 skottpenningars
604 262 127 19 utfästande".
761 262 37 19 Väl
813 267 46 14 vore

110 293 33 18 det
158 292 85 19 särdeles
259 291 104 24 gagneligt,
379 297 30 14 om
425 291 6 19 i
446 291 67 24 hvarje
529 291 91 20 kommun
636 297 23 13 en
671 291 118 25 jagtstadga,
799 290 61 19 sädan

106 325 40 14 som
168 321 37 19 den
220 321 6 19 i
242 320 80 25 Sippola
343 319 98 26 kommun,
463 320 65 19 blefve
550 322 83 21 antagen
656 319 36 20 och
707 319 151 20 vidmakthällen

105 355 43 14 men
170 352 30 17 att
220 348 137 24 obligatoriskt
378 348 119 20 föreskrifva
518 349 76 25 sädant,
610 348 62 19 skulle
687 348 110 24 säkerligen
811 348 7 19 i
833 347 25 20 de

105 377 56 20 flesta
183 378 35 19 fall
233 377 60 20 blifva
314 377 95 26 gagnlöst,
425 377 81 20 emedan
520 377 132 20 intresserade
666 377 85 24 kunnige
766 381 94 20 personer

105 405 31 21 för
158 407 69 19 sakens
250 406 125 19 anordnande
398 405 37 21 och
457 405 122 25 fnllgörande
598 406 44 19 icke
658 407 33 18 äro
707 408 29 17 att
751 405 109 25 päräkna
846 401 18 34 i

105 435 67 24 hvarje
194 435 101 24 kommun;
318 434 37 20 och
378 437 46 17 utan
443 435 99 19 enskildes
556 434 115 25 ingripande
686 434 63 19 skulle
764 433 57 20 äfven
836 440 24 14 en

106 463 54 24 dylik
173 463 124 24 jagtordning
312 463 86 24 tydligen
415 463 70 20 förfela
500 463 35 20 sitt
550 463 44 20 mäl.
619 463 10 19 I
639 463 69 24 högsta
719 463 60 20 mätto
789 468 71 20 gagne-

106 492 36 24 ligt
162 497 47 15 vore
231 491 57 21 äfven
306 497 30 15 om
351 492 139 20 kommunerna
508 492 80 20 allmänt
603 492 63 19 skulle
680 492 90 24 vinlägga
785 491 29 25 sig
829 497 32 15 om

106 523 30 17 att
150 520 79 20 försöka
244 520 95 25 befrämja
353 520 164 25 rofdjursynglets
532 521 128 24 uppsökande
675 526 30 14 om
721 521 66 23 vären,
802 520 58 20 otvif-

106 549 94 24 velaktigt
215 550 33 19 det
262 552 50 17 mest
325 550 121 19 verksamma
462 550 72 19 medlet
549 549 31 20 för
595 555 25 14 en
634 550 86 24 djurarts
735 549 124 24 förgörande.

106 578 46 20 Men
166 578 57 20 äfven
237 578 69 20 härvid
321 578 62 20 skulle
399 578 86 25 positiva
494 578 130 20 föreskrifter
639 578 109 24 säkerligen
763 584 62 18 gagna
839 578 22 20 sä

106 607 47 24 godt
168 612 40 14 som
222 607 30 28 till
267 608 56 22 intet,
338 606 83 20 säframt
435 607 46 19 icke
496 608 84 18 intresse
596 607 36 20 och
648 607 124 24 sakkunskap
787 609 35 18 äro
832 610 30 16 att

106 635 93 25 päräkna.
227 636 32 19 An
274 636 75 19 mindre
364 641 47 14 vore
426 636 135 24 päbjudandet
575 635 21 20 af
610 636 107 24 skallgäng,
732 641 129 19 varggropars

106 664 37 20 och
165 664 80 24 gärdars
268 664 118 24 anläggande
401 666 30 18 att
446 664 88 26 förorda,
549 667 47 17 utan
611 664 61 20 borde
687 665 35 19 allt
737 664 70 20 sädant
821 664 39 20 för-

107 692 61 20 blifva
190 692 139 20 öfverlemnadt
343 693 21 19 ät
379 693 99 19 enskildes
493 694 49 18 eller
556 693 149 20 kommunernas
720 692 77 25 försorg
811 693 50 19 lika-

108 727 40 14 som
163 721 31 20 för
208 722 121 19 närvarande
343 724 22 17 är
380 721 63 20 fallet.
457 732 30 4 —
500 722 44 20 Den
560 722 50 20 enda
624 722 83 24 positiva
723 722 94 24 åtgärden
830 722 32 19 för

108 750 237 25 rofdjursförföljelserna,
369 756 40 14 som
431 750 66 20 kunde
520 756 47 14 vara
588 750 45 20 fullt
651 751 62 24 egnad
728 752 29 18 att
772 751 45 19 leda
831 750 31 20 till

108 779 83 24 verkligt
212 780 82 19 resultat
316 784 45 15 vore
384 778 168 21 föreskrifvandet
567 779 37 20 och
619 779 144 20 fastställandet
777 779 22 20 af
811 779 51 24 höga

108 808 160 24 skottpenningar
289 807 32 21 för
342 807 60 20 fällda
424 807 85 25 rofdjur.
538 808 64 20 Dessa
624 808 161 24 skottpenningar
800 808 61 20 borde

108 836 51 20 dock
173 838 56 22 tagas
244 836 22 20 sä
280 836 57 24 höga,
353 839 29 17 att
397 836 155 24 rofdjursjagten
568 836 38 20 kan
621 836 60 20 blifva
695 839 29 17 ett
734 837 83 19 lönande
828 839 34 17 nä-

107 864 98 25 ringsfäng
227 865 32 20 för
280 865 87 19 enskilde
390 871 101 18 personer,
511 865 66 19 hvilka
592 866 58 19 hafva
664 866 37 24 häg
717 866 37 19 och
769 865 94 19 fallenhet

108 893 73 20 härför.
210 893 76 20 Endast
308 894 26 24 pä
355 894 64 19 denna
441 896 37 22 väg
493 894 57 19 torde
566 894 57 20 säker
638 895 59 22 utsigt
711 893 106 21 förefinnas
831 893 32 20 för

107 922 111 25 rofdjurens
232 922 151 27 förminskande,
399 922 37 20 och
452 923 55 19 detta
522 923 63 20 medel
600 923 50 20 skall
665 923 82 24 troligen
762 923 7 19 i
779 923 84 24 längden

106 951 72 24 jemväl
199 951 60 20 blifva
281 952 34 19 det
337 951 104 24 billigaste.
471 951 47 20 Men
534 951 26 20 dä
574 952 34 19 det
622 952 51 19 visat
687 952 36 25 sig,
738 954 29 17 att
783 957 24 14 en
821 954 42 17 stor

108 980 31 19 del
160 980 113 19 kommuner
295 980 44 19 icke
362 980 65 20 kunna
446 979 73 20 förmäs
534 983 30 16 att
578 980 100 20 märkbart
692 980 47 24 höja
753 980 110 25 premierna

107 1008 31 20 för
152 1009 76 19 dödade
243 1008 83 25 rofdjur,
342 1009 61 19 borde
417 1009 121 24 premiernas
554 1009 143 24 minimibelopp
713 1009 31 20 för
759 1009 25 20 de
799 1011 63 18 större

107 1037 100 24 rofdjuren
223 1037 106 20 fastställas
345 1043 69 18 gonom
429 1037 159 24 lagstiftningens
604 1038 134 19 mellankomst
753 1038 36 19 och
805 1039 57 22 göras

107 1065 112 25 likformiga
240 1065 56 20 öfver
317 1066 45 19 hela
383 1066 74 19 landet.
489 1066 29 19 De
537 1066 82 25 rofdjur,
635 1066 33 19 för
681 1066 76 20 hvilkas
773 1066 90 20 dödande

106 1093 39 20 fixa
159 1095 83 24 premier
258 1095 61 19 borde
333 1094 91 26 utfästas,
439 1097 46 17 äro:
501 1100 79 19 vargen,
591 1095 39 24 lon,
640 1095 75 24 jerfven
727 1095 36 20 och
774 1095 89 24 björnen.

106 1122 31 20 Då
152 1129 71 18 vargen
245 1123 103 24 onekligen
364 1125 22 18 är
401 1124 44 19 vårt
460 1123 102 23 farligaste
577 1123 77 25 rofdjur
670 1124 35 19 och
721 1124 44 19 dess
779 1123 84 25 jagande

106 1153 23 18 är
143 1151 90 20 förenadt
247 1152 44 19 med
307 1152 98 24 synnerlig
419 1152 66 25 möda,
501 1152 70 24 omsigt
582 1153 37 19 och
629 1153 107 25 tidspillan,
747 1153 61 18 borde
818 1157 45 19 pre-

106 1180 50 19 mien
172 1180 31 20 för
218 1181 45 19 dess
278 1180 85 20 fällande
379 1180 109 20 fastställas
503 1181 31 18 till
549 1181 57 19 minst
622 1181 41 20 200
678 1181 60 19 mark.
769 1181 40 19 För
824 1181 39 23 lon,

106 1208 78 25 jerfven
206 1209 37 20 och
265 1209 82 24 björnen
369 1209 66 19 kunde
458 1209 88 24 premien
568 1212 70 21 utgöra
656 1209 74 20 hälften
746 1209 57 20 deraf
817 1209 48 20 eller

108 1237 40 20 100
162 1237 63 21 mark,
257 1237 56 20 Dock
329 1243 40 14 som
385 1238 58 19 dessa
453 1237 79 24 rofdjur
542 1249 28 4 —
580 1238 93 19 särskildt
683 1244 71 18 vargen
764 1249 29 3 —
803 1237 61 20 måste

106 1265 102 20 betraktas
230 1271 41 14 som
286 1272 22 14 en
325 1266 75 24 verklig
422 1266 116 25 landspläga
557 1267 37 20 och
609 1267 43 20 icke
668 1269 74 17 ensamt
757 1267 51 19 blott
823 1271 41 14 som

106 1296 30 18 ett
157 1294 59 24 gissel
237 1294 32 20 för
291 1295 83 20 enstaka
389 1297 60 23 orter,
465 1295 63 20 borde
543 1295 109 24 premierna
666 1295 44 20 icke
725 1296 30 19 till
770 1295 45 20 hela
830 1296 35 18 sitt

106 1323 71 25 belopp
200 1323 99 20 ähvälfvas
317 1323 147 26 kommunerna,
479 1326 49 17 utan
542 1324 110 24 halfparten
668 1325 87 23 erläggas
771 1323 21 20 af
805 1326 59 17 stats-

106 1352 78 24 verket;
200 1352 37 19 den
251 1352 62 19 andra
327 1352 75 19 hälften
418 1352 44 19 åter
477 1352 64 19 skulle
556 1353 103 25 lämpligen
674 1353 36 19 och
725 1353 7 18 i
742 1352 123 20 förhällande

107 1381 31 19 till
160 1381 141 20 invänaretalet
323 1380 86 21 fördelas
432 1381 27 24 pä
477 1382 91 23 samtliga
582 1382 112 19 kommuner
708 1382 52 19 inom
776 1382 88 22 häradet,

107 1410 35 19 der
157 1410 66 24 djuret
236 1409 52 21 fälts.
319 1409 41 20 Och
375 1410 27 24 pä
417 1410 34 19 det
467 1410 105 24 omgångar
586 1410 44 20 icke
645 1410 59 20 måtte
718 1416 53 19 yppa
785 1410 30 24 sig
832 1410 33 18 vid

106 1439 120 24 premiernas
247 1438 172 26 utbekommande,
438 1438 64 20 skul!e
517 1438 245 26 kronouppbördsmännen
778 1444 36 18 ega
829 1440 36 22 att,

174 1476 201 19 Ekonomiutskottets
387 1476 123 19 betänkande
526 1476 36 19 N:o
576 1478 26 17 16.
