1048 1731
310 117 237 23 Petitionsbetänkande
563 118 35 22 N:o
615 118 22 22 2.
802 118 26 21 17

100 182 52 19 tider
174 181 64 20 blifvit
256 182 3 18 i
275 182 71 19 nämda
369 181 94 20 afseende
479 181 71 20 främst
574 181 154 24 tillgodosedda,
754 182 102 19 hvaremot

100 210 54 19 kust-
181 211 36 19 och
240 210 97 19 öboarnes
363 210 195 19 kommunikationer
574 210 18 23 ej
608 210 85 19 allenast
708 210 38 19 fått
762 210 95 19 förblifva

99 241 70 17 nästan
186 239 117 26 obeaktade,
319 241 47 17 utan
382 239 30 18 till
429 239 36 19 och
481 239 45 19 med
542 238 116 19 försämrats
673 238 7 19 i
696 238 49 24 föjld
755 239 20 19 af
781 239 75 19 Finska

100 268 36 19 och
152 267 105 20 Bottniska
272 267 92 19 vikarnas
381 267 134 24 kusthöjning.
532 267 60 19 Stora
608 269 91 21 omvägar
714 270 21 16 ut
751 268 30 19 till
790 270 66 22 öppna

98 296 68 20 hafvet
181 297 60 18 måste
257 297 6 18 i
279 296 48 24 följd
343 296 58 19 häraf
417 297 79 24 anlitas,
513 296 126 23 hvarigenom
648 296 123 19 människors
783 297 24 18 lif
819 297 36 19 och

99 325 95 24 egendom
210 325 16 24 ej
243 325 62 19 sällan
321 325 102 19 riskerats.
448 325 65 19 Dessa
529 324 127 24 olägenheter
672 324 63 19 skulle
751 325 25 23 på
784 325 70 24 många

99 355 71 18 ställen
186 354 6 19 i
208 353 47 20 våra
277 353 132 20 kustsocknar
432 353 67 20 kunna
523 353 98 24 afhjelpas
644 358 70 18 genom
736 354 58 23 ringa
813 359 39 13 om-

98 383 108 19 kostnader
221 382 29 19 till
266 384 41 17 stor
323 385 56 21 nytta
394 381 31 20 för
441 382 48 19 våra
504 382 6 19 i
527 381 121 24 skärgården
664 381 133 20 trafikerande
807 382 47 24 ång-

98 411 58 20 båtar
171 411 99 19 äfvensom
285 411 30 19 för
331 410 72 19 fiskare
427 411 37 19 och
488 411 69 19 öboar.
588 410 38 19 Till
642 410 66 23 dylika
731 411 70 19 ställen
817 411 37 19 hör

99 440 103 23 onekligen
225 441 56 17 näset
296 439 32 19 vid
351 439 102 20 Bromarfs
469 439 70 24 kyrka.
570 439 42 19 Här
626 438 63 20 skulle
712 439 97 24 nämligen
830 446 23 13 en

98 468 60 19 kanal
173 468 101 23 högeligen
297 468 112 19 underlätta
432 468 85 19 trafiken
534 468 71 19 mellan
626 467 128 26 Saloköping,
778 468 74 20 Kimito

99 497 36 19 och
151 497 72 23 Bjerno
239 497 90 25 socknar,
353 497 64 24 Finby
440 497 67 24 kapell
531 499 51 17 samt
604 496 74 20 Tenala
701 497 37 19 och
761 497 93 19 Bromarf

99 526 85 19 socknar
200 526 36 19 och
252 526 69 23 Hangö
338 526 50 19 stad.
420 526 121 23 Derigenom
557 531 47 13 vore
620 526 33 18 det
668 526 75 23 möjligt
759 528 29 17 att
804 527 49 18 und-

98 554 47 19 vika
160 554 37 19 den
209 556 65 22 öppna
289 554 68 19 Bolax'
373 554 37 20 och
426 554 70 24 Hangö
513 554 155 24 Vesterfjärden,

166 583 73 19 Finska
261 586 64 16 staten
348 584 36 18 har
404 582 58 20 äfven
482 584 62 18 redan
568 582 22 20 år
607 582 54 20 1842
677 582 44 20 låtit
744 584 109 18 verkställa

98 612 146 23 undersökning
260 612 21 18 af
294 612 87 24 platsens
397 612 116 24 lämplighet
528 611 32 19 för
576 617 23 13 en
615 612 117 23 anläggning
748 612 21 19 af
779 612 72 24 ifråga-

98 640 86 19 varande
207 640 140 20 beskaffenhet.
385 640 78 20 Nämda
486 640 149 24 undersökning
658 646 34 13 var
713 640 84 24 påtänkt
821 641 30 19 till

97 668 136 20 förbättrande
255 668 21 20 af
297 669 36 19 den
349 669 42 19 inre
415 669 108 24 skärgårds
546 668 84 20 trafiken
653 669 82 23 ungefär
751 670 102 24 samtidigt

98 698 44 18 med
157 697 135 20 fulländandet
307 697 21 19 af
341 703 26 13 nu
383 697 102 25 befintliga
498 698 157 19 Strömmakanal
672 698 7 18 i
687 698 74 19 Kimito
770 698 81 20 socken.

168 726 46 19 Icke
237 726 75 19 mindre
334 726 113 24 betydande
475 726 65 20 blefve
564 732 22 13 en
610 726 59 19 kanal
694 726 32 19 vid
749 727 102 19 Bromarfs

97 754 64 24 kyrka
175 755 6 18 i
197 755 114 23 strategiskt
325 755 121 23 hänseende,
463 755 37 19 och
517 756 5 18 i
539 755 93 19 händelse
649 755 21 19 af
684 757 28 17 ett
721 755 84 24 fientligt
816 762 35 13 an-

97 782 35 20 fall
148 783 64 19 kunde
228 784 37 18 den
281 784 99 18 dessutom
397 784 74 19 bereda
480 784 37 18 den
528 784 32 18 vid
570 783 70 24 Hangö
650 784 133 19 stationerade
793 785 57 19 delen

96 811 23 19 af
132 812 78 18 landets
225 812 139 19 handelsflotta
387 812 79 20 tillfälle
483 815 30 17 att
529 812 68 24 längre
612 813 20 18 in
648 813 6 18 i
670 812 121 24 skärgården
807 813 43 19 för-

97 842 53 18 sätta
160 840 44 24 sig
198 836 9 33 i
214 841 97 19 säkerhet.

166 869 46 19 Med
227 869 105 24 anledning
347 868 58 20 häraf
419 868 32 20 får
465 870 35 23 jag
516 870 101 18 vördsamt
632 870 77 19 anhålla
725 873 31 16 att
771 870 78 20 landets

96 902 26 14 nu
138 896 107 21 fösamlade
261 898 84 19 Ständer
361 898 44 19 ville
415 898 37 19 hos
464 898 55 19 Hans
535 898 110 24 Kejserlige
661 898 189 24 Majestät
763 892 12 34 i
783 898 67 24 under-

97 925 93 25 dänighet
205 927 118 24 petitionera
339 932 30 13 om
384 926 116 25 byggandet
515 926 22 20 af
551 932 24 14 en
590 927 60 20 kanal
664 933 69 18 genom
742 930 57 17 näset
817 928 33 19 vid

96 954 93 20 Bromarf
203 955 62 24 kyrka
280 955 25 24 pä
321 955 86 20 kronans
425 955 118 20 bekostnad.

168 1023 129 26 Helsingfors,
313 1024 38 19 den
367 1023 12 20 3
395 1024 99 20 Februari
511 1023 61 22 1888.

593 1103 61 24 Henr.
672 1103 104 29 Räbergh.

453 1286 52 23 10.

164 1341 57 22 Frän
243 1343 179 27 Borgareständet
445 1349 27 16 en
489 1343 22 22 af
523 1343 57 22 Herr
594 1343 24 22 L.
634 1350 18 15 v.
672 1343 71 22 Pfaler
757 1343 92 27 ingifven

74 1367 2 4 *
93 1363 89 43 petition
205 1377 78 25 derom,
307 1379 32 20 att
360 1378 101 27 ätgärder
485 1378 68 22 mätte
576 1378 94 27 vidtagas
685 1378 32 22 för
732 1380 31 20 att
779 1378 70 22 säker-

93 1410 63 22 ställa
178 1417 26 15 en
220 1410 111 23 oafbruten
347 1412 68 21 vinter
430 1411 216 28 sjöfartsförbindelse
672 1412 75 22 mellan
758 1411 91 23 Finland

94 1443 40 23 och
158 1444 102 26 utlandet,
275 1445 85 23 hvilken
375 1446 91 27 petition
483 1448 24 20 är
521 1446 7 21 i
544 1446 149 27 originalskrift
708 1447 23 21 sä
747 1446 102 28 lydande:

163 1484 190 24 Jernvägsutskottets
365 1486 120 18 betänkande
499 1488 35 16 N:o
546 1486 18 17 3.
