1048 1731
244 142 13 20 6
450 141 209 24 Petitionsbetänkande
677 143 36 22 N:o
727 143 26 22 19.

216 203 131 28 ungefärliga
362 204 116 27 beräkning
493 204 22 21 af
529 205 143 22 kostnaderna
687 205 78 25 derför,
778 211 45 15 som
834 204 140 27 petitionären

216 237 104 27 framlagt.
337 238 127 27 Visserligen
481 238 39 21 bör
534 239 88 22 arvodet
637 240 23 21 åt
675 239 40 22 den
731 245 83 22 person,
829 245 46 15 som
891 239 83 20 komme

216 273 33 20 att
270 271 49 22 leda
341 271 155 22 bearbetandet
515 273 39 21 och
570 273 159 26 publicerandet
744 273 22 22 af
780 273 35 21 det
831 273 142 26 föreliggande

215 305 127 27 materialet,
359 306 65 27 enligt
446 307 115 21 utskottets
584 307 89 27 mening,
697 307 98 22 bortfalla
818 313 25 15 ur
866 307 105 27 kalkylen,

216 339 135 22 alldenstund
373 340 113 27 ledningen
508 340 62 22 häraf
584 341 66 27 enligt
674 343 3 24 $
693 342 13 20 2
721 347 62 15 mom.
801 341 12 21 3
829 341 6 21 i
851 341 120 21 Instructio-

216 380 41 15 nen
279 374 33 21 för
334 374 179 27 Meteorologiska
535 375 192 22 Centralanstalten
750 375 34 21 af-
793 375 41 21 den
849 376 27 20 27
889 374 84 27 januari

217 409 55 20 1882
288 408 129 22 tillkommer
431 409 115 21 Direktorn
562 409 32 21 för
609 409 76 22 nämda
701 409 84 22 anstalt.
811 409 78 21 Likasä
904 408 69 21 kunde

216 442 116 27 utgifterna
347 443 34 21 för
395 443 53 27 hyra
463 443 32 21 för
510 443 84 22 lokalen
610 445 55 20 samt
680 443 33 22 för
728 445 71 20 värme
815 443 39 22 och
864 443 110 28 belysning

214 476 110 27 undvikas,
340 477 88 21 emedan
443 477 133 27 Vetenskaps
591 477 120 22 Societeten
726 477 62 22 torde
803 477 70 22 kunna
883 477 88 27 uppläta

218 510 40 22 den
275 511 137 27 erforderliga
427 512 84 21 lokalen
527 512 47 21 med
590 512 84 26 eldning
690 512 39 21 och
744 512 47 26 ljus.
812 505 113 28 Äterstode
941 512 32 20 sä-

216 544 59 22 ledes
297 547 83 20 ensamt
402 546 115 27 utgifterna
539 546 33 21 för
594 546 12 22 5
629 546 165 22 räknebiträden
816 545 13 22 å
844 546 27 21 80
886 545 35 21 mk
936 552 38 20 per

216 579 77 21 mänad
308 579 33 21 för

353 621 13 20 9
382 620 101 22 månader
508 636 4 4 .
544 636 5 5 .
579 636 4 5 .
616 636 4 4 .
651 635 5 5 .
687 637 4 3 .
723 620 63 26 3,600
802 620 35 21 mk

353 654 156 27 skrifmaterial,
517 654 127 26 blanketter,
653 656 39 20 etc.
721 650 12 36 =
744 654 42 22 400
809 670 12 11 ,,

572 705 21 21 in
608 712 82 15 summa
719 706 65 26 4,000
800 705 41 21 mk.

283 751 103 21 Deremot
408 752 37 20 äro
461 751 114 27 utgifterna
590 751 33 21 för
638 752 111 26 tryckning
765 750 40 23 och
820 751 153 21 korrekturläs-

214 784 57 27 ning,
287 784 32 21 till
335 784 82 22 hvilkas
433 785 134 22 bestridande
584 786 141 26 petitionären
740 791 62 21 synes
813 786 76 26 antaga
900 786 31 20 att
942 787 31 19 ett

214 818 64 28 årligt
293 819 74 27 anslag
382 819 22 21 af
418 820 63 26 3,000
497 823 35 18 mk
541 820 67 22 under
616 822 32 19 tre
657 821 35 21 års
703 820 31 21 tiä
746 820 84 21 komme
841 821 32 20 att
883 819 91 22 närmel-

214 852 55 22 sevis
279 852 71 27 förslä,
366 853 87 22 alldeles
469 854 32 21 för
516 854 44 27 lågt
576 854 124 22 beräknade.
717 854 74 26 Enligt
806 854 40 21 den
861 853 112 27 utredning

214 887 108 22 utskottet
337 887 7 21 i
360 888 59 21 detta
434 888 98 22 afseende
542 888 46 22 frän
600 890 30 20 ett
641 888 21 22 af
672 888 86 22 stadens
769 887 115 27 tryckerier
894 887 78 22 inhem-

214 923 39 26 tat,
273 922 69 21 skulle
361 922 106 27 nämligen
482 923 138 27 tryckningen
635 923 7 21 i
657 924 42 21 500
715 930 25 15 ex.
763 922 109 28 (inclusive
887 922 86 22 korrek-

215 956 154 27 turläsningen)
385 957 22 21 af
421 959 82 20 ensamt
513 957 26 22 de
548 957 176 27 meteorologiska
733 957 187 21 observationerna
927 957 46 21 frän

215 991 40 20 den
271 991 28 27 !/;
317 991 55 22 1848
387 991 33 21 till
436 991 40 22 den
493 991 26 28 1/,
536 992 54 21 1882
606 992 84 21 komma
706 993 33 20 att
755 991 53 22 efter
823 991 68 26 lägsta
899 991 73 21 beräk-

214 1024 51 27 ning
283 1027 50 25 taga
348 1025 7 21 i
371 1025 92 27 anspråk
479 1032 25 15 en
519 1025 91 22 kostnad
625 1025 22 22 af
660 1026 79 27 45,000
755 1025 13 22 å
783 1025 77 26 50,000
875 1025 42 24 mk,
932 1025 41 21 för-

214 1060 75 25 utsatt,
312 1061 33 20 att
368 1059 26 22 de
417 1059 93 28 trycktes
532 1059 7 21 i
561 1066 81 15 samma
663 1060 55 26 vidd,
742 1065 81 16 samma
843 1059 76 22 format
935 1059 39 22 och

214 1099 82 16 samma
310 1093 145 27 typografiska
470 1093 106 28 utstyrsel,
592 1093 60 22 hvari
668 1093 180 26 Meteorologiska
863 1093 110 22 Anstalten

216 1127 7 20 i
238 1127 81 27 Upsala
334 1127 33 22 för
383 1128 131 21 närvarande
529 1128 119 27 publicerar
663 1128 45 21 sina
723 1127 166 22 observationer.

285 1168 40 21 Om
341 1168 36 21 det
392 1169 94 26 antages,
505 1170 32 19 att
553 1168 25 21 de
594 1168 119 27 föreslagna
728 1167 182 22 arbetskrafterna
925 1174 49 15 vore

215 1201 128 27 tillräckliga
357 1201 33 22 för
405 1203 32 20 att
453 1202 55 21 inom
524 1202 105 27 förloppet
642 1202 22 21 af
672 1203 13 20 4
695 1203 25 21 år
731 1201 40 22 och
783 1201 66 22 under
859 1201 84 27 ledning
954 1201 22 22 af

214 1234 162 23 föreståndaren
387 1235 33 22 för
432 1236 178 27 Meteorologiska
622 1235 194 23 Centralanstalten
830 1235 74 28 bringa
905 1230 11 38 i
927 1235 48 22 fullt

214 1269 141 28 tryckfärdigt
370 1270 60 21 skick
446 1270 25 21 de
486 1270 21 21 af
517 1271 77 21 nämda
604 1271 79 21 anstalt
693 1270 96 22 samlade
799 1270 176 26 meteorologiska

216 1303 195 27 observationerna,
423 1304 67 22 skulle
501 1305 80 21 således
592 1305 144 22 kostnaderna
744 1304 33 21 för
785 1304 61 21 deras
854 1304 121 27 utgifvande

214 1337 87 22 komma
323 1340 33 19 att
379 1338 54 22 efter
456 1339 66 26 lägsta
546 1339 114 27 beräkning
682 1339 56 26 stiga
761 1337 32 22 till
816 1340 31 19 ett
862 1338 77 27 belopp
955 1338 22 22 af

215 1371 66 23 minst
299 1373 78 26 60,000
391 1372 14 22 &
421 1374 76 24 65,000
513 1373 41 21 mk.
585 1373 72 22 Skulle
672 1373 61 22 äfven
750 1373 27 21 de
792 1373 131 26 magnetiska
938 1373 36 21 ob-

216 1406 160 22 servationerna
391 1407 125 27 publiceras,
533 1408 67 21 måste
615 1407 168 27 uppenbarligen
798 1407 36 21 det
849 1407 76 27 nödiga
940 1414 35 14 an-

216 1440 68 27 slaget
306 1440 105 28 betydligt
431 1442 57 21 ökas.
519 1442 74 26 Någon
608 1444 97 19 närmare
720 1440 120 28 beräkning
855 1440 22 22 af
890 1441 84 21 kostna-

218 1474 65 22 derna
305 1481 35 15 ser
361 1475 32 27 sig
413 1475 116 22 emellertid
545 1476 105 21 utskottet
664 1476 46 21 icke
726 1475 6 21 i
749 1474 82 22 tillfälle
846 1476 32 20 att
893 1474 80 28 afgifva.

288 1514 97 22 Allmänna
399 1515 177 18 Besvärsutskottets
589 1515 114 18 betänkande
716 1517 36 15 N:v
766 1515 29 17 14,
