1048 1731
199 119 26 20 10
385 116 209 32 IMotionsbetänkande
610 116 33 23 M:s
660 115 29 24 13.

168 180 77 26 medel,
269 180 87 21 komma
372 180 25 21 de
413 179 162 28 otvifvelaktigt
590 181 33 20 att
638 179 58 28 gifva
711 178 50 21 vika
776 177 34 22 för
827 178 35 21 det
878 179 55 20 star-

167 215 53 21 kare
236 213 40 22 och
292 213 34 22 för
341 214 137 27 organismen
494 214 123 27 skadligare
632 213 118 22 bränvinet.

279 248 69 21 andra
370 248 61 21 sidan
451 250 24 19 är
492 248 36 21 det
543 248 25 21 af
581 248 106 21 utskottet
703 246 114 22 förordade
833 245 100 28 stadgan-

169 283 37 22 det
222 289 34 15 om
271 282 79 28 högsta
365 283 87 21 tillåtna
467 282 163 22 alkoholhalten
646 282 7 21 i
670 283 25 20 de
711 281 152 27 spritdrycker,
887 286 46 15 som

168 317 24 22 få
207 317 48 22 fritt
271 316 105 28 försäljas,
395 317 78 21 sådant
489 319 32 19 att
537 317 126 26 detsamma,
688 315 63 22 äfven
767 321 35 15 om
818 315 35 20 det
869 313 64 22 efter-

168 351 74 27 lefves,
265 351 48 21 icke
334 350 129 29 förebygger
479 351 161 22 okontrollerad
656 349 127 28 försäljning
799 349 24 21 af
837 348 95 27 drycker,

168 386 75 21 hvilka
267 386 72 20 kunna
360 386 66 21 verka
449 392 42 21 nog
513 385 127 22 berusande.
671 383 63 23 Hvad
760 383 102 22 särskildt
880 382 53 21 barn

168 420 74 27 angår,
268 419 88 22 berusas
382 420 26 21 de
428 420 24 27 ju
475 419 24 22 af
520 420 96 27 drycker,
634 419 73 22 hvilka
729 417 109 22 innehålla
857 417 76 21 endast

183 454 53 27 ågra
251 453 22 22 få
288 455 89 26 procent
392 454 95 26 alkohol,
504 454 71 21 såsom
591 453 129 28 exempelvis
736 453 28 20 öl.

238 488 62 22 Huru
323 489 58 21 svårt
405 489 36 21 det
464 489 110 22 dessutom
591 490 25 20 är
630 490 33 20 att
677 487 111 22 verksamt
803 485 130 28 kringgärda

168 522 277 28 rusdrycksförsäljningen,
463 522 95 28 framgår
568 522 24 22 af
600 522 24 22 så
634 523 53 27 godt
697 528 46 15 som
759 521 87 27 dagliga
861 526 72 15 exem-

168 558 42 27 pel.
241 557 61 21 Inom
318 558 106 21 utskottet
444 557 133 21 förevisades
592 556 130 28 exempelvis
737 555 52 28 prof
802 555 28 27 på
845 554 86 28 politur,

168 598 47 15 som
238 592 7 20 i
265 593 60 20 östra
341 592 86 21 delarne
443 591 24 21 af
481 592 73 21 landet
570 592 63 26 säljes
648 591 8 21 i
662 585 69 27 stora
746 590 131 27 qvantiteter
893 589 40 21 och

168 626 125 27 påtagligen
315 626 48 21 icke
381 626 108 21 användes
505 626 134 21 annorlunda
654 627 27 19 än
697 625 7 21 i
719 624 95 27 utspädd
829 619 55 26 form
901 624 32 20 så-

168 666 48 15 som
240 660 110 27 rusdryck.
381 660 79 21 Medan
485 660 109 27 nämligen
618 660 72 27 vanlig
715 658 82 28 politur
815 657 118 22 innehåller

170 694 68 22 omkr.
263 696 26 19 77
301 694 28 27 %/,
351 694 88 22 alkohol
455 694 40 21 och
512 694 62 27 13%/,
589 694 67 26 hartz,
673 692 110 23 innehöllo
799 692 63 21 dessa
878 691 54 28 prof,

170 728 67 28 enligt
262 728 40 21 här
324 728 111 22 verkstäld
459 728 79 27 analys,
564 728 35 21 det
622 734 40 15 ena
685 730 44 24 67,8
743 727 29 27 %/,
790 726 88 22 alkohol
895 726 38 21 och

170 764 40 25 0,13
222 763 27 26 %/,
273 762 68 28 hartz,
367 763 36 21 det
422 763 67 21 andra
510 764 44 25 79,7
567 762 28 28 %/
614 762 87 22 alkohol
717 762 41 21 och
773 763 40 24 0,27
823 761 26 26 %
865 760 67 21 hartz.

170 797 34 21 Då
219 797 64 27 lagen
299 797 44 21 står
358 797 125 27 vanmäktig
498 799 46 19 mot
560 797 72 27 dylika
647 797 78 27 tilltag,
753 802 64 21 synes
833 795 35 21 det
883 801 51 15 vara

170 831 61 27 ringa
254 831 48 21 skäl
325 831 33 21 för
380 831 86 21 handen
482 833 31 19 att
529 831 107 21 indirekte
651 832 132 26 uppmuntra
799 830 33 20 till
847 829 86 21 utveck-

169 865 45 27 ling
240 865 63 21 deraf
319 872 77 20 genom
411 866 118 27 skärpning
544 865 24 21 af
582 866 26 20 de
623 865 126 22 restriktiva
764 864 107 28 åtgärder,
888 870 45 14 som

170 900 67 21 redan
251 902 38 19 äro
304 900 110 27 vidtagna.

238 934 43 21 För
304 934 67 28 öfrigt
393 936 24 20 är
441 934 41 22 den
504 934 24 21 af
541 934 107 22 utskottet
663 933 117 22 förordade
795 932 139 28 begränsnin-

169 975 42 21 gen
225 968 24 21 af
266 971 24 19 16
299 969 28 26 ?/,
343 969 135 22 alkoholhalt
493 969 79 21 mellan
588 969 26 21 de
629 969 102 28 drycker,
743 974 47 15 som
806 969 37 19 äro
858 967 76 21 under-

168 1003 91 21 kastade
282 1003 266 28 bränvinsförordningens
571 1003 170 26 bestämmelser,
765 1002 41 21 och
825 1001 48 22 dem
889 1007 45 16 som

169 1037 23 21 få
214 1037 48 21 fritt
285 1037 105 28 försäljas,
415 1037 24 22 så
458 1037 112 28 olämpligt
590 1038 55 26 vald,
672 1039 33 20 att
720 1036 54 22 flera
789 1036 40 21 hos
845 1041 35 16 oss
895 1035 40 21 all-

168 1073 60 19 mänt
250 1071 126 28 begagnade
398 1072 113 26 vinsorter,
534 1072 130 27 exempelvis
686 1071 101 27 Tokajer,
804 1070 87 27 Malaga
906 1077 27 14 m.

168 1105 29 26 fl.,
214 1105 65 22 hafva
296 1112 27 15 en
338 1106 142 26 alkoholhalt,
504 1113 46 14 som
566 1107 100 20 stundom
681 1105 137 27 öfverstiger,
835 1105 99 21 stundom

168 1140 136 27 understiger
322 1142 25 19 16
361 1140 33 27 %.
425 1141 46 21 Och
487 1141 73 21 hvilka
574 1141 160 27 förvecklingar
748 1140 37 21 vid
801 1139 79 21 handel
895 1139 40 21 och

168 1175 101 26 kontroll,
287 1181 46 15 som
349 1175 70 21 skulle
435 1175 122 21 föranledas
572 1175 25 21 af
610 1181 27 15 en
652 1175 60 27 dylik
728 1173 143 28 bestämning,
893 1173 42 21 kan

169 1215 51 15 man
236 1209 40 21 lätt
293 1209 74 22 förstå.

237 1243 62 21 Hade
315 1243 107 22 utskottet
437 1243 56 22 helst
508 1243 108 22 vidblifvit
631 1244 37 21 sitt
683 1243 38 21 vid
737 1242 69 21 första
822 1242 113 27 läsningen

168 1277 83 22 fattade
275 1277 70 22 beslut
369 1279 31 20 att
417 1280 56 19 sätta
489 1280 91 25 gränsen
595 1278 34 21 till
646 1279 24 20 12
685 1277 35 28 ?/,,
737 1277 84 22 hvilket
836 1278 98 25 procent-

168 1312 32 21 tal
216 1311 90 22 framför
322 1312 36 21 det
373 1314 95 25 antagna
484 1312 38 21 har
537 1313 41 20 den
593 1313 114 20 bestämda
725 1311 99 22 fördelen
840 1313 33 19 att
889 1311 47 20 icke

168 1346 73 21 afdela
264 1347 25 20 de
313 1353 16 14 s.
353 1347 20 20 k.
399 1347 73 21 starka
488 1347 93 26 vinerna,
598 1347 69 21 skulle
683 1349 58 18 ännu
758 1345 67 27 något
841 1345 47 21 skäl
904 1345 32 20 för

168 1388 27 14 en
211 1381 227 28 lagstiftningsåtgärd
453 1381 67 28 enligt
535 1387 28 16 nu
579 1382 98 27 gällande
692 1387 65 15 norm
771 1381 83 20 kunnat
865 1380 64 20 sökas

168 1415 41 22 och
224 1415 37 21 det
277 1415 46 21 deri
339 1417 33 20 att
387 1422 51 14 man
454 1416 27 20 dä
495 1415 47 21 haft
558 1416 26 21 de
600 1416 97 27 drycker,
715 1421 48 15 som
779 1414 7 21 i
803 1414 36 21 det
850 1413 86 28 dagliga

237 1454 203 18 Ekonomiutskottets
453 1454 121 18 betänkande
586 1454 36 18 N:o
636 1456 26 16 15.
