1048 1731
229 124 12 20 6
416 123 239 24 Petitionsbetänkande
670 125 38 22 N:o
723 123 22 24 2.

200 195 36 14 nas
259 189 44 19 med
326 189 91 24 trafiken,
440 190 78 19 hvadan
541 190 33 19 det
590 192 22 17 är
628 189 81 24 onödigt
725 191 30 16 att
769 187 124 24 vidlyftigare
910 186 49 20 orda

201 223 30 14 om
255 217 68 20 saken.
354 218 29 20 På
405 219 63 24 grund
491 218 22 19 af
532 219 34 19 det
582 219 61 23 sagda
659 218 60 23 vågar
733 218 33 23 jag
783 216 78 19 anhålla
877 221 38 20 om,
931 217 30 18 att

200 246 125 20 hedervärda
346 247 149 20 Bondeståndet
518 247 62 20 måtte
596 247 29 19 till
641 246 135 23 vederbörligt
791 245 87 19 utskotts
894 243 66 20 öfver-

200 275 89 24 vägande
305 276 102 19 remittera
423 275 74 24 förslag
513 281 38 19 om,

408 335 31 18 att
455 332 59 21 Kolu
533 334 41 19 näs
589 333 81 20 mellan
686 329 99 24 Nilakka
802 329 38 21 och
847 327 113 23 Rasvanki

339 361 65 20 måtte
426 361 145 24 kanaliseras,
587 363 56 18 samt
660 361 65 20 Säviö
741 361 67 19 ström
823 354 79 40 mellan
917 357 43 21 Ni-

339 389 66 20 lakka
428 389 39 21 och
489 389 110 21 Pielavesi
622 389 55 28 efter
699 387 68 28 behof
781 386 125 33 fördjupas
921 385 38 34 och

333 417 80 28 förses
433 418 47 21 med
495 419 216 26 slussinrättningar,
725 417 32 27 pä
773 416 34 20 det
823 417 30 19 att
864 415 35 27 fri
915 421 45 20 sjö-

333 447 52 26 fart
400 447 35 20 mä
451 447 162 21 åstadkommas
628 447 59 21 ända
699 446 34 21 till
745 445 77 20 Iisvesi
836 443 124 21 vattendra-

337 481 48 21 gen,
401 475 73 21 hvilka
490 475 87 22 beröras
592 476 30 27 af
634 475 106 22 Savolaks
751 473 101 27 jernväg.

270 539 131 24 Helsingfors,
418 540 37 19 den
471 540 13 19 4
499 541 98 19 Februari
614 540 61 22 1888.

716 626 19 23 K.
751 626 20 23 H.
787 626 103 28 Hornborg.

570 792 21 22 4

271 846 56 21 Frän
352 847 159 23 Presteständet
537 854 25 16 en
578 848 22 22 af
613 849 56 21 Herr
684 848 26 22 N.
727 848 110 22 Järvinens
868 848 90 26 ingifven

203 879 90 27 petition
309 886 34 16 om
358 880 121 28 byggandet
494 882 22 21 af
537 889 25 14 en
579 883 62 21 kanal
657 882 46 22 frän
719 882 84 22 Keitele
819 882 32 21 till
866 882 91 27 Päijäne,

202 913 85 22 hvilken
302 914 7 21 i
325 914 152 29 öfversättning
491 918 24 19 är
530 917 23 21 sä
568 916 100 29 lydande:

356 973 51 20 Till
422 974 164 25 Högvördiga
601 975 204 20 Prestaständet.

272 1031 63 19 Bland
361 1032 100 19 tilltänkta
485 1033 145 24 kanaliserings
656 1033 83 19 arbeten
760 1033 6 18 i
781 1032 92 24 Päijänes
899 1037 60 14 norra

202 1059 118 24 vattendrag
343 1061 64 18 stälde
430 1061 150 20 statsutskottet
602 1062 32 19 vid
651 1061 55 21 1885
723 1062 33 19 års
771 1061 102 24 landtdag,
897 1061 62 19 sedan

202 1087 124 24 sakkunnige
351 1095 96 18 personer
472 1090 64 19 blifvit
555 1091 69 24 hörda,
641 1091 6 18 i
663 1090 83 19 främsta
769 1093 82 16 rummet
873 1089 85 20 kanalen

202 1116 72 19 mellan
302 1117 77 20 Keitele
395 1119 37 18 och
456 1119 88 23 Päijäne.
575 1119 9 19 I
606 1119 34 19 det
653 1120 34 23 jag
706 1119 75 19 vänder
806 1119 38 22 mig
860 1118 29 19 till
905 1120 54 17 stän-

203 1145 61 18 derna
288 1146 43 19 med
354 1146 92 20 anhällan
471 1153 36 17 om,
523 1150 31 16 att
568 1148 107 19 ständerna
697 1148 62 19 mätte
783 1147 78 20 besluta
883 1147 30 23 sig
928 1146 31 19 för

202 1173 113 24 byggandet
338 1175 21 18 af
373 1181 25 13 en
423 1176 59 19 kanal
498 1176 71 19 mellan
594 1176 77 19 Keitele
695 1176 37 19 och
751 1176 90 25 Päijäne,
865 1175 94 19 behöfver

200 1202 34 23 jag
257 1203 84 25 säledes,
365 1203 51 20 hvad
432 1205 65 18 denna
520 1205 70 19 kanals
616 1205 101 19 företräde
742 1204 81 19 framför
846 1204 113 23 föreslagna

202 1230 83 20 kanaler
300 1232 6 18 i
322 1233 63 18 andra
401 1233 116 24 vattendrag
539 1233 100 23 beträffar,
666 1234 71 18 endast
757 1233 82 19 hänvisa
853 1233 30 18 till
899 1234 59 17 stats-

202 1259 109 20 utskottets
327 1260 118 21 förberörda
460 1262 132 24 betänkande,
608 1262 74 19 hvilket
698 1262 65 23 afgafs
779 1262 42 19 dels
838 1261 121 23 ianledning

202 1287 21 19 af
237 1289 128 24 regeringens
380 1290 72 23 nädiga
467 1291 124 24 proposition
609 1291 37 19 N:o
658 1289 33 27 28,
711 1291 44 18 dels
770 1291 6 18 i
793 1290 105 23 anledning
913 1289 22 19 af
948 1289 11 24 &

202 1315 27 20 36
245 1317 6 18 i
266 1317 231 25 Landtdagsordningen,

274 1345 59 20 Hvad
347 1346 44 19 äter
407 1347 170 24 Keitele-Päijäne
588 1347 95 20 kanalens
700 1348 104 23 betydelse
821 1348 5 17 i
838 1347 36 19 och
885 1346 32 19 för
931 1346 29 23 sig

215 1374 4 4 i
314 1381 9 6 r.
355 1381 88 6 uttalade
469 1377 121 10 sakkunnige
638 1377 50 10 vilka
712 1376 21 11 af
755 1376 148 11 statsutskottet
927 1375 30 11 vid

201 1373 119 21 vidkommer,
356 1376 87 20 uttalade
469 1377 129 23 sakkunnige,
624 1377 67 19 hvilka
711 1388 20 8 af
755 1387 149 8 statsutskottot
930 1387 30 7 vid

202 1406 79 16 senaste
304 1404 94 24 landtdag
421 1405 65 19 blefvo
509 1405 125 25 rädfrägade,
658 1406 37 18 den
720 1405 59 23 äsigt,
803 1408 28 16 att
847 1405 113 19 densamma

201 1431 46 19 icke
263 1432 66 20 kunde
345 1434 118 23 uppskattas
479 1434 68 19 alltför
566 1434 54 23 högt,
637 1434 36 19 och
689 1439 43 14 som
749 1434 44 18 stöd
810 1433 31 19 för
855 1433 56 19 detta
925 1432 35 24 pä-

200 1460 83 20 stäende
300 1461 82 19 anförde
397 1468 51 18 man,
465 1465 28 17 att
509 1465 90 17 trävaror
614 1462 44 20 icke
674 1462 78 20 komme
769 1464 30 17 att
813 1467 70 19 genom
898 1461 62 19 kana-

268 1501 191 23 Jernvägsutskottets
471 1500 114 18 betänkande
597 1503 35 15 N:o
646 1501 16 17 3.
