1048 1731
233 91 13 20 2
441 90 211 24 Pelitionshetänkande
668 90 32 24 N:o
716 90 19 24 8.

274 152 205 29 Borgareständet,
495 154 35 20 att
545 152 127 29 godkänna
686 152 164 28 betänkandet,
866 153 43 22 och

275 187 177 22 Bondeständet
460 189 35 20 att
503 187 105 22 förkasta
617 187 160 22 betänkandet
788 187 43 22 och
841 187 126 29 godkänna

205 220 40 22 det
269 221 36 21 uti
327 229 29 14 en
371 221 113 29 vidfogad
499 221 144 22 reservation
658 221 137 22 framstälda
809 221 94 29 förslag,
919 223 48 28 ,att

205 254 138 28 Ständerna,
358 255 127 23 förlitande
500 256 37 29 sig
551 256 31 29 pä
598 256 131 29 Styrelsens
745 255 107 30 ätgärder
867 256 37 22 till
919 256 46 22 för-

204 289 55 22 män
282 289 37 22 för
341 290 42 22 vär
397 290 89 29 sjöfart,
501 290 56 23 ville
572 290 78 22 lemna
664 290 230 29 petitionsförslagen
908 292 57 20 utan

206 323 115 23 afseende.

274 359 37 22 Dä
332 359 98 22 sälunda
445 359 29 22 de
488 359 84 28 beslut,
588 361 82 20 trenne
685 359 75 22 Ständ
775 359 118 29 nämligen
908 359 57 22 Rid-

205 393 125 29 derskapet
345 393 43 22 och
403 393 84 29 Adeln,
503 393 175 22 Presteständet
693 395 60 20 samt
767 393 198 29 Borgareständet

204 427 78 26 fattat,
304 428 72 22 hafva
394 428 9 22 i
418 428 133 22 hufvudsak
566 435 88 15 samma
669 428 115 29 syftemäl,
800 430 60 19 samt
874 428 90 22 Preste-

204 461 105 22 ständets
334 462 81 28 beslut,
438 463 75 22 såsom
530 462 110 23 affattadt
654 462 8 21 i
678 462 117 22 allmänna
811 462 101 29 ordalag,
928 469 36 22 sy-

204 503 41 15 nes
265 496 112 30 förenligt
391 497 53 22 med
459 497 28 22 de
503 499 87 20 tvänne
606 497 92 27 Ständs,
715 497 80 22 hvilka
809 497 105 29 godkänt
928 499 36 19 ut-

204 530 100 23 skottets
326 532 155 27 betänkande,
503 532 37 21 fär
554 532 121 28 utskottet,
700 538 50 15 som
765 531 41 22 vid
821 531 82 22 sädant
918 531 45 22 för-

204 565 110 22 hällande
330 568 77 20 ansett
421 566 186 22 Presteständets
623 566 76 22 beslut
713 566 54 21 med
782 573 28 14 en
825 565 89 22 mindre
929 573 34 14 re-

204 599 246 31 daktionsförändring
465 600 55 22 böra
535 600 82 29 läggas
630 600 37 22 till
677 600 77 29 grund
765 600 36 22 för
811 608 29 14 en
850 607 113 15 samman-

201 634 125 29 jemkning
341 634 26 22 af
379 635 29 21 de
423 635 136 29 skiljaktiga
574 635 128 29 meningar,
715 635 66 21 hvari
792 634 98 22 ständen
901 636 62 20 stan-

203 670 48 24 nat,
275 672 56 18 äran
353 669 96 29 inbjuda
471 669 28 22 de
522 669 128 29 höglofliga
670 669 99 21 ständen
785 671 34 19 att
833 669 53 22 med
901 668 62 22 frän-

204 702 90 29 gäende
318 703 26 21 af
357 704 51 21 sina
424 704 98 28 tidigare
538 704 82 28 beslut,
637 704 77 21 sävidt
729 703 67 22 dessa
810 703 104 22 härifrän
929 703 33 22 af-

203 737 64 27 vika,
282 737 81 23 förena
378 738 36 29 sig
429 745 38 15 om

412 804 31 18 att
466 801 37 21 hos
518 801 66 21 Hans
599 801 126 28 Kejserliga
740 800 104 28 Majestät
859 801 8 20 i
881 801 81 21 under-

343 836 102 28 dänighet
467 836 122 26 hemställa,
604 836 111 21 huruvida
730 835 53 26 icke,
799 836 8 20 i
823 834 139 22 betraktande

342 870 31 28 af
391 870 149 21 Mariehamns
568 871 54 27 läge,
647 870 189 27 ändamälsenliga
859 870 103 28 ätgärder

342 904 73 21 kunde
429 905 101 27 vidtagas
545 905 35 20 till
595 904 154 28 befrämjande
764 904 31 28 af
806 904 85 20 sådana
908 904 54 28 far-

343 942 46 25 tygs
412 940 118 27 inlöpande
554 939 118 26 derstädes,
687 938 74 22 hvilka
777 938 52 21 söka
844 938 117 26 nödhamn,

341 973 94 22 inhemta
457 974 71 25 order,
550 981 104 20 reparera
676 975 52 20 eller
748 973 147 28 proviantera,
914 980 47 14 men

341 1008 46 21 icke
410 1009 37 20 der
469 1009 76 27 intaga
568 1009 52 21 eller
642 1009 94 27 aflemna
759 1009 42 20 last
819 1008 52 21 eller
882 1015 79 20 passa-

340 1050 82 21 gerare.

272 1093 147 29 Helsingfors
445 1093 26 22 af
493 1093 126 22 Allmänna
642 1093 213 22 Besvärsutskottet
880 1092 45 22 den
947 1094 13 20 6

202 1127 68 29 April
287 1129 60 21 1888.

356 1471 109 18 Helsingfors,
476 1471 187 16 Hufvudstadsbladets
673 1471 80 18 tryckeri,
763 1472 40 13 1888.
