1048 1731
188 115 14 21 2
321 115 71 22 Ständ.
408 115 47 22 Mot.
471 127 26 3 —
514 115 132 22 Motionsbet.
663 115 34 22 N:o
712 115 32 21 15.

161 184 118 21 masugnar
301 179 48 20 med
368 177 57 22 vissa
443 177 88 27 lispund
553 179 47 25 jern
616 178 109 27 utgående
741 177 180 28 bergstingsgäst-

162 212 53 27 ning
237 211 49 22 från
308 212 41 21 och
363 213 50 20 med
429 213 24 20 år
470 213 53 20 1889
540 211 48 22 icke
610 212 75 21 vidare
708 211 70 22 skulle
801 211 120 28 uppbäras;

162 249 34 19 att
217 253 71 20 egare,
303 248 153 20 arrendatorer
471 247 40 21 och
529 246 118 22 förvaltare
666 247 25 21 af
706 246 55 21 bruk
781 246 40 21 och
837 253 84 20 masug-

165 288 47 21 nar,
227 281 48 20 från
291 281 75 21 hvilka
381 281 92 28 utgjorts
489 281 231 28 bergstingsgästning,
737 281 69 21 blefve
825 281 98 28 skyldige

162 317 34 19 att
211 315 48 21 från
275 315 41 21 och
331 315 35 21 för
383 316 54 21 1889
453 315 88 28 erlägga
561 316 272 27 spanmålstingsgästning
853 315 69 28 enligt

163 350 27 20 de
207 349 7 21 i
229 349 77 21 härom
327 349 102 27 gällande
451 350 127 27 förordning
603 350 25 21 af
649 351 41 20 den
714 351 27 20 25
756 349 94 22 Januari
868 350 54 21 1886

163 384 107 27 stadgade
289 385 106 25 grunder;
419 386 56 19 samt
489 386 34 19 att
538 384 7 21 i
560 384 106 21 händelse
686 386 41 19 den
744 384 176 27 spanmålstings-

165 418 110 27 gästning,
292 425 45 14 som
353 418 70 21 skulle
438 419 7 20 i
461 419 71 20 stället
548 419 34 20 för
592 419 224 27 bergstingsgästning
827 419 94 26 utgöras,

164 453 8 20 1
188 453 67 20 värde
269 453 130 27 understege
415 453 58 21 hvad
488 454 126 20 nuvarande
634 453 141 21 innehafvare
791 453 24 20 af
831 453 90 21 härads-

167 486 173 28 höfdingetjenst
363 487 24 21 af
409 487 135 21 sistnämnda
570 488 161 27 tingsgästning
757 487 163 27 tillgodonjutit,

164 522 68 20 sedan
256 523 120 20 nämndens
399 522 64 21 andel
486 522 111 27 afdragits,
614 522 113 22 skilnaden
751 522 69 21 skulle
837 523 47 20 dem
901 522 25 21 af

164 555 112 21 allmänna
292 556 70 21 medel
377 558 92 19 ersättas
483 556 54 22 efter
548 556 268 28 medelmarkegångspris.

233 590 122 27 Angående
371 592 98 26 grunden
485 591 32 21 för
534 592 129 26 utgörandet
675 592 24 20 af
706 591 172 27 ifrågavarande,
889 591 34 21 för

165 624 115 22 underhåll
303 625 24 21 af
348 626 26 20 de
396 625 62 21 forna
480 626 221 26 bergstingsrätterna
724 625 90 21 afsedda
829 625 92 27 utskyld,

165 659 122 21 innehåller
302 660 81 26 Kongl.
400 660 87 20 Brefvet
502 660 32 20 till
550 660 190 27 Bergskollegium
756 660 24 20 af
788 660 40 20 den
840 660 25 21 21
878 659 43 27 Maj

166 694 56 21 1744
240 693 68 21 bland
331 696 76 19 annat:
433 694 59 26 ,,Och
514 694 134 21 beträffande
666 694 256 27 bergstingsgästningen,

168 728 24 21 så
208 728 106 21 förmälen
330 728 11 21 I
356 728 146 28 bruksegarne
518 729 75 28 sjelfve
609 729 66 21 hafva
691 729 96 26 erbjudit
802 729 31 27 sig
844 730 32 20 att
887 729 36 20 det

167 763 53 24 året,
236 764 40 19 när
299 762 69 27 tinget
391 763 74 25 hålles,
482 763 52 27 vilja
557 764 72 20 dertill
653 764 94 27 erlägga,
768 764 106 26 nemligen
890 762 35 22 för

166 796 75 28 hvarje
257 796 61 26 härd,
335 797 78 27 knipp-
429 798 40 21 och
485 798 175 21 bleckhammare
676 800 13 20 3
705 798 60 21 daler
781 798 140 27 silfvermynt,

167 831 25 21 af
205 831 74 28 hvarje
295 838 92 20 masugn
402 833 13 21 6
431 833 59 20 daler
505 832 144 28 silfvermynt;
670 833 102 21 hvarmed
788 833 9 20 I
813 832 110 21 förmenen

167 866 163 27 bergmästaren
347 866 40 22 och
403 866 205 28 bergstingsrättens
631 868 121 20 ledamöter
774 866 60 22 skola
850 867 75 21 kunna

166 900 119 21 utkomma.
298 914 25 2 —
340 914 28 2 —
383 914 29 2 —
427 914 28 2 —
470 901 65 21 Detta
551 902 64 20 hafva
632 902 20 20 vi
669 902 41 21 Oss
726 902 6 20 i
748 901 98 27 behörigt
857 901 67 21 öfver-

168 936 99 26 vägande
290 935 87 22 komma
399 936 54 25 låtit,
471 936 39 21 och
533 936 76 21 länder
630 937 50 21 eder
696 936 90 21 härmed
801 935 33 21 till
849 935 76 26 nådigt

170 976 55 19 svar,
242 971 34 19 det
293 970 33 25 Vi,
342 971 7 20 i
365 971 108 20 anseende
489 971 31 20 till
537 972 25 19 de
578 971 77 21 härvid
672 971 91 21 anförde
773 970 47 21 skäl
831 970 39 21 och
881 977 43 14 om-

168 1004 157 27 ständigheter,
335 1005 60 20 detta
411 1006 59 20 edert
486 1005 80 27 förslag
581 1005 82 26 bifalle,
679 1005 76 21 såvida
770 1004 153 27 bruksegarne,

168 1038 7 20 i
191 1039 109 20 anseende
316 1039 33 20 till
360 1040 41 19 den
412 1039 121 27 föreslagna
544 1040 196 27 tingsgästningen,
752 1039 115 26 behörigen
879 1037 47 22 blif-

170 1073 30 21 vit
224 1073 68 21 hörde
308 1073 40 21 och
364 1074 71 20 dertill
458 1074 124 27 samtyckt.«
616 1069 30 26 År
664 1074 55 22 1798
739 1073 62 21 torde
818 1072 109 27 åtskilliga

168 1107 71 21 finska
261 1107 134 28 bruksegare
417 1108 64 21 hafva
496 1109 70 26 ingått
587 1115 26 15 en
631 1108 100 27 förening
747 1115 33 13 om
797 1109 32 19 att
844 1106 35 21 det
895 1107 30 24 år,

167 1143 29 20 då
204 1142 111 27 bergsting
325 1142 60 24 hölls,
393 1143 33 20 till
435 1143 159 26 bergmästaren
604 1143 89 27 erlägga
703 1143 14 20 3
728 1142 100 27 lisp.jern
840 1140 32 21 till
882 1141 45 20 för-

170 1177 117 21 bättrande
303 1176 25 21 af
341 1176 258 28 bergstingsgästningen,
615 1177 96 24 hvilken,
728 1177 49 20 med
797 1175 101 22 afseende
913 1176 14 20 å

168 1213 95 25 myntets
287 1211 129 26 försämring
438 1211 39 21 och
499 1212 44 21 alla
566 1219 74 14 varors
659 1211 103 27 förhöjda
782 1210 50 27 pris,
849 1209 78 27 ansågs

170 1245 137 28 otillräcklig.
338 1245 34 21 Då
386 1245 220 28 bergstingsrätterna
622 1247 7 20 i
645 1245 95 22 Finland
757 1245 122 20 sedermera
894 1243 32 21 in-

169 1281 78 25 drogos
271 1287 78 20 genom
365 1279 152 28 förordningen
538 1280 25 21 af
584 1281 42 20 den
642 1281 28 20 22
686 1279 59 21 Mars
763 1279 55 21 1854
841 1278 40 21 och
900 1279 27 19 de

169 1314 31 21 till
218 1315 66 25 sagde
301 1314 128 21 domstolars
452 1315 162 27 handläggning
633 1315 98 20 hörande
753 1313 42 20 mål
811 1313 39 20 och
866 1313 61 20 ären-

169 1349 41 21 den
227 1348 25 21 af
262 1348 90 28 judiciel
368 1348 148 22 beskaffenhet
532 1349 173 21 öfverlemnades
721 1347 34 21 till
771 1347 156 21 häradsrätter-

169 1390 35 19 na,
220 1384 119 26 stadgades
354 1383 7 21 i
377 1384 33 20 3:e
425 1383 97 27 punkten
534 1384 25 20 al
573 1384 93 20 nämnde
678 1382 139 26 förordning:
835 1381 92 25 ,,Veder-

168 1418 97 21 börande
289 1418 88 20 domare
399 1417 118 27 berättigas
540 1418 102 25 deremot,
663 1419 34 19 att
713 1423 25 14 en
755 1416 53 21 hvar
830 1416 47 20 från
901 1415 27 20 de
