1048 1731
237 158 359 26 Motionsbetänkande
611 165 51 17 n:o
677 160 26 22 8.

346 533 261 25 Ekonomiutskottets
622 534 153 24 betänkande
790 534 30 24 N:o
831 534 20 24 13

296 569 6 23 i
333 568 100 30 anledning
462 568 21 24 af
504 568 31 24 ett
556 568 49 24 inom
630 568 141 24 Presteständet
798 568 55 24 fram-

297 602 62 25 stäldt
375 602 156 29 motionsförslag
546 602 96 30 angående
658 602 79 28 ändring
760 602 21 25 af
801 603 12 27 $
836 602 17 24 HH

296 644 53 18 mom,
365 637 8 24 I
388 637 6 24 i
409 637 88 28 gällande
513 637 112 30 förordning
640 638 95 28 angående
755 638 98 24 hränvins-

296 672 124 30 försäljning.

163 735 56 22 Från
234 735 132 27 högvördiga
381 734 177 22 Presteståendet
580 734 38 22 har
640 735 213 22 Ekonomiutskottet

91 770 42 21 fått
148 770 32 26 sig
194 770 7 21 i
216 770 99 21 afseende
331 769 12 21 å
359 770 40 21 den
415 769 27 27 på
457 770 108 20 utskottet
582 770 154 21 ankommande
759 770 94 21 behand-

92 804 43 26 ling
150 804 97 22 tillsändt
263 805 30 20 ett
309 804 23 21 så
349 804 90 26 lydande
456 804 124 21 memorial:

162 876 173 29 (Öfversättning.)

202 925 60 20 Till
287 925 188 24 högvördiga
500 924 246 21 Presteständet.

160 982 197 20 Ekonomiutskottet
372 983 64 23 yttrar
451 982 7 19 i
474 982 36 19 sitt
526 982 126 20 betänkande
665 982 38 19 N:o
719 981 12 20 5
747 982 33 19 vid
796 981 55 21 1885

92 1011 32 20 års
140 1011 94 24 landtdag
249 1011 44 20 med
308 1011 106 24 anledning
430 1011 21 19 af
465 1011 56 19 Hans
537 1011 113 24 Kejserliga
665 1011 104 24 Majestäts
779 1011 74 24 nådiga

92 1040 126 24 proposition
233 1040 31 19 till
280 1039 95 20 Finlands
392 1040 93 25 Ständer,
501 1039 81 20 hvilken
598 1039 111 20 innehåller
732 1039 73 24 förslag
821 1040 32 19 till

92 1068 141 24 författningar
249 1074 30 14 om
294 1069 91 19 vilkoren
401 1068 31 19 för
447 1069 131 23 tillverkning
590 1068 36 19 och
642 1068 128 24 destillering,
786 1068 67 20 äfven-

92 1103 42 14 som
149 1097 124 24 försäljning,
289 1097 82 24 forsling
387 1099 50 18 samt
451 1097 76 24 upplag
542 1097 22 19 af
581 1097 83 19 bränvin
680 1103 24 14 m.
720 1097 19 20 fl.
756 1097 96 24 drycker:

93 1126 55 24 »För
162 1125 61 24 öfrigt
242 1126 35 19 har
299 1126 100 19 utskottet
421 1125 62 20 infört
506 1126 84 24 skärpta
612 1126 151 25 bestämningar,
786 1126 67 19 hvilka

92 1155 27 18 bl.
135 1160 18 14 a.
169 1154 43 20 afse
227 1156 30 18 att
271 1156 70 23 trygga
357 1154 147 20 sabbatsfriden
528 1156 51 17 samt
601 1155 64 18 lemna
687 1154 166 25 kommunalmyn-

93 1183 116 24 digheterna
224 1183 77 19 tillfälle
317 1185 30 18 att
362 1183 93 24 förbjuda
469 1183 28 20 all
512 1183 213 24 bränvinsförsäljning
740 1183 26 24 på
788 1183 65 20 mark-

94 1211 62 20 nader
170 1211 38 20 och
223 1212 106 23 torgdagar
351 1212 101 20 äfvensom
476 1212 34 19 vid
533 1212 63 19 andra
618 1211 98 24 tillfällen,
740 1212 25 19 då
787 1214 66 17 större

92 1239 149 25 folksamlingar
257 1246 36 18 ega
307 1241 64 20 rum",
400 1241 44 19 Mot
459 1241 67 19 denna
542 1240 120 24 fullkomligt
681 1241 72 23 riktiga
775 1241 78 24 princip

93 1269 36 19 har
144 1269 60 19 likväl
219 1269 26 24 på
261 1271 28 17 ett
304 1269 113 24 betänkligt
432 1271 40 18 sätt
488 1269 74 19 brutits
578 1269 7 19 i
600 1269 119 24 stadgandet
741 1275 30 13 om
794 1269 59 20 brän-

93 1297 193 24 vinsförsäljningen,
301 1298 85 25 hvars
378 1293 13 34 $
405 1297 26 20 11
455 1303 59 14 mom.
539 1297 13 20 1
575 1297 115 20 förordnar:
714 1313 9 10 ,
727 1298 39 19 Vid
788 1298 65 20 helso-

93 1326 64 19 brunn
173 1326 49 19 eller
236 1326 72 20 badort
323 1327 49 19 eller
387 1327 36 19 der
438 1327 175 19 värdshusrörelse
629 1326 21 20 af
664 1332 64 14 annan
748 1327 106 24 anledning

93 1355 39 19 kan
148 1355 31 19 för
194 1355 63 23 någon
273 1355 28 19 tid
317 1355 22 20 af
355 1355 44 19 året
421 1361 48 14 vara
492 1355 22 19 af
536 1355 193 24 omständigheterna
752 1355 101 26 påkallad,

92 1384 32 19 må
139 1383 96 24 rättighet
251 1384 29 19 till
296 1384 232 24 bränvinsutskänkning
542 1384 31 20 för
588 1384 40 20 viss
644 1386 62 18 utsatt
720 1384 29 19 tid
772 1385 26 23 på
821 1390 32 14 ve-

93 1412 136 20 derbörandes
244 1412 87 24 begäran
346 1413 101 20 meddelas
462 1412 22 20 af
499 1414 111 23 magistrat,
625 1414 7 18 i
649 1412 34 20 fall
694 1413 159 24 utskänkningen

93 1440 52 20 afses
161 1443 30 17 att
206 1443 37 22 äga
257 1447 42 13 rum
314 1442 26 24 på
354 1442 55 19 stads
425 1442 89 24 område,
531 1442 37 19 och
584 1441 22 20 af
619 1442 136 24 länestyrelse,
771 1447 31 14 om
815 1442 39 19 den

93 1470 51 19 skall
159 1470 58 19 idkas
232 1470 26 24 på
273 1470 88 20 landet".
393 1470 74 20 Genom
485 1471 57 19 detta
561 1470 109 24 stadgande
693 1470 84 20 erhåller
792 1471 6 18 i
814 1472 40 18 stä-

94 1498 62 20 derna
170 1499 129 23 magistraten
315 1499 37 19 och
367 1499 27 24 på
409 1499 68 20 landet
493 1499 146 24 länestyrelsen
655 1501 55 18 snart
733 1500 56 23 sagdt
812 1500 43 19 oin-

162 1537 189 18 Ekonomiutskottets
364 1537 117 19 betänkande
494 1538 36 17 N:o
543 1537 29 17 13.
