1048 1731
810 143 25 21 19

102 205 63 22 Hans
180 205 101 27 Majestät
295 205 7 20 i
317 205 68 21 nåder
400 204 107 21 stadfästa
528 205 42 21 den
592 204 133 28 förordning,
749 206 115 27 angående

104 241 66 20 sättet
186 240 42 21 och
243 239 121 27 ordningen
379 239 36 21 vid
431 239 169 27 borgmästare-,
616 239 115 22 rådmans-
755 241 42 20 och
817 247 48 15 ma-

104 274 271 27 gistratssekreterare-val
392 274 7 21 i
415 274 110 27 städerna,
549 281 48 14 som
612 274 34 27 Vi,
670 274 53 21 efter
745 275 37 21 det
803 275 61 21 inom

105 309 158 26 Ridderskapet
278 309 42 21 och
335 308 69 21 Adeln
420 310 57 20 samt
492 309 184 26 Borgareståndet
691 309 85 22 motion
798 309 8 21 i
828 315 37 15 sa-

103 343 45 22 ken
163 343 83 26 väckts,
262 342 33 21 för
310 343 45 21 Vår
369 343 35 20 del
419 343 88 21 beslutit
523 343 42 21 och
580 343 90 27 antagit.

459 406 12 28 S
486 406 34 21 55.

175 452 119 28 Angående
309 452 153 27 upphäfvande
478 452 24 21 af
515 452 42 22 den
578 453 26 20 sä
625 452 84 21 kallade
731 452 135 27 bergstings-

106 487 130 27 gästningen
251 487 66 21 hafva
334 487 33 26 Vi,
391 487 54 21 efter
467 487 61 21 inom
550 487 157 27 Ridderskapet
730 487 42 21 och
796 487 70 21 Adeln

107 522 120 22 framstäldt
243 522 182 27 motionsförslag,
441 521 34 22 för
490 522 45 21 Vär
550 522 34 22 del
600 522 82 27 antagit
697 522 70 22 sädan
781 522 85 22 förord-

108 557 57 27 ning,
182 564 48 14 som
245 556 70 22 finnes
329 557 107 27 intagen
431 552 12 36 i
451 557 45 21 Vär
511 557 43 21 den
568 557 28 21 29
611 557 148 21 innevarande
777 556 42 28 Maj
835 556 32 21 till

108 591 60 22 Hans
180 591 117 27 Kejserliga
305 591 100 27 Majestät
413 592 7 20 i
427 592 69 21 saken
505 587 82 36 aflätna
596 587 135 36 underdäniga
748 591 117 22 skrifvelse.

461 654 12 28 8
488 654 34 22 56.

178 701 8 21 I
197 701 116 27 anledning
323 701 20 21 at
353 701 60 21 inom
424 700 185 28 Borgareständet
624 700 121 22 framstäldt
759 700 107 22 motions-

109 735 81 27 förslag
205 735 65 22 hafva
284 736 27 21 Vi
326 735 33 22 för
373 736 45 20 Vär
434 736 34 20 del
483 736 85 26 antagit
583 735 42 21 den
643 735 132 27 förordning,
798 736 69 26 angä-

106 770 58 22 ende
173 771 119 27 ersättning
301 770 23 21 af
330 770 110 21 allmänna
448 770 71 21 medel
535 770 22 21 ät
572 770 84 21 vittnen
670 770 7 20 i
691 770 109 26 brottmål,
819 776 49 15 som

107 804 71 22 finnes
187 804 156 28 intagen
283 800 12 36 i
304 800 36 36 Vär
352 804 70 22 denne
438 804 43 27 dag
491 804 31 21 till
537 804 61 21 Hans
612 804 118 27 Kejserliga
745 804 100 27 Majestät
860 804 8 21 i

108 839 70 21 saken
193 839 81 21 aflätna
289 838 149 28 underdäniga
453 838 119 27 skrifvelse,
587 839 61 20 hvari
664 839 26 21 Vi
709 839 68 21 tillika
798 839 7 21 i
827 846 41 14 un-

110 873 141 27 derdänighet
267 874 95 26 anhällit,
379 875 31 19 att
425 874 61 20 Hans
502 873 101 27 Majestät
618 873 83 21 täcktes
721 874 44 20 läta
780 873 88 27 vidtaga

110 908 27 21 de
153 908 106 27 ätgärder,
275 908 78 26 hvilka,
369 908 34 21 för
417 908 122 27 bringande
554 908 31 21 till
600 908 160 27 verkställighet
782 908 24 21 af
823 907 44 22 för-

108 943 135 27 ordningens
258 943 170 27 bestämningar,
445 943 75 22 kunna
534 943 71 22 finnas
620 943 87 27 nödiga.

461 1007 12 27 8
489 1007 34 21 57.

180 1051 57 22 Efter
252 1051 100 28 pröfning
367 1052 21 21 af
403 1052 27 21 de
446 1052 191 27 petitionsförslag,
653 1052 72 21 hvilka
743 1051 68 21 blifvit
827 1051 40 21 hos

108 1085 45 22 Oss
168 1086 132 27 framstälda,
316 1087 65 21 hafva
395 1087 34 26 Vi,
445 1087 29 27 pä
488 1087 71 27 grund
574 1087 24 21 af
611 1087 45 21 dels
676 1087 41 20 alla
739 1085 48 28 fyra
809 1086 60 21 stän-

109 1120 57 22 dens
182 1121 113 27 enhälliga,
312 1121 45 22 dels
372 1123 33 20 tre
428 1122 76 21 ständs
528 1121 239 22 sammanstämmande
789 1120 78 27 beslut,

110 1155 33 20 uti
154 1155 106 22 särskilda
270 1156 149 27 underdäniga
429 1156 125 21 skrifvelser
563 1156 41 21 hos
614 1156 60 21 Hans
689 1155 118 28 Kejserliga
822 1154 46 21 Ma-

106 1189 71 28 jestät
192 1190 97 21 anhällit:

184 1237 32 20 Ta
231 1238 31 19 att
279 1237 60 21 Hans
351 1236 119 28 Kejserliga
479 1237 102 27 Majestät
590 1237 84 21 täcktes
685 1236 110 27 förelägga
810 1236 61 19 näst-

112 1271 209 21 sammanträdande
336 1271 93 22 Ständer
444 1271 67 28 nädig
525 1271 137 28 proposition
677 1277 36 15 om
728 1269 143 28 upphörande

113 1305 25 21 af
149 1305 41 22 den
208 1305 7 21 i
229 1306 60 21 vissa
303 1306 60 21 delar
377 1305 24 22 af
414 1306 69 21 Wasa
499 1306 43 21 och
557 1305 119 28 Uleåborgs
694 1305 36 21 län
752 1304 66 27 enligt
841 1303 31 21 äl-

113 1339 39 22 dre
167 1340 152 27 författningar
333 1340 48 21 frän
395 1340 155 27 behällningen
564 1340 37 21 vid
616 1340 99 27 samtliga
737 1337 135 29 bouppteck-

113 1375 79 27 ningar
207 1375 108 27 utgäende
331 1376 58 20 skatt
403 1376 31 20 till
449 1376 131 20 lasarettens
595 1374 122 27 underhäll;

183 1416 35 22 2:a
234 1418 32 18 att
281 1416 49 27 den,
346 1416 66 27 enligt
432 1415 145 22 härförinnan
592 1415 107 21 utkomna
720 1413 153 27 författningar

112 1456 30 16 en
158 1450 35 22 del
209 1450 75 22 städer
302 1451 3 20 i
321 1450 103 27 Wiborgs
440 1450 38 22 län
489 1450 119 27 äliggande
624 1449 151 28 skyldigheten
791 1450 31 19 att
837 1453 37 15 me
