1048 1731
213 141 27 19 28
405 138 240 24 Petitionsbetänkande
662 138 38 24 N:o
717 138 14 23 1.

254 197 58 19 Hvad
335 197 43 20 äter
397 197 96 19 beträffar
507 197 142 23 sträckningen
665 196 32 19 för
713 197 39 19 den
768 197 30 19 del
815 197 22 19 af
851 203 96 13 samman-

184 225 179 28 bindningsbanan,
379 231 41 14 som
436 225 59 19 faller
511 225 70 19 mellan
599 225 98 19 Savolaks
713 225 66 19 banan
795 225 36 20 och
848 226 37 19 den
901 225 45 20 blif-

187 254 63 19 vande
274 250 59 23 Östra
356 256 123 20 stambanan,
500 253 23 19 sä
541 253 37 20 fins
594 254 34 19 det
643 253 108 25 knappast,
767 254 44 19 med
827 253 92 20 afseende
935 254 12 19 &

185 282 140 23 folkmängden
349 283 36 19 och
401 283 100 22 odlingen,
517 282 65 23 nägon
598 282 116 23 lämpligare
731 282 115 24 sträckning
861 284 25 17 än
901 283 45 25 den,

185 316 41 13 sam
250 311 71 23 drages
340 311 43 19 frän
399 311 92 23 nordliga
505 311 57 18 delen
579 310 21 19 af
615 311 125 18 Haukivuori
756 311 6 18 i
779 316 23 13 en
818 310 129 24 fortsättning

185 345 70 18 genom
278 339 135 24 gränsbyarne
435 339 6 18 i
457 339 69 19 Jorois
542 339 37 19 och
594 339 78 18 Jokkas
688 341 52 16 samt
755 344 69 18 genom
840 339 106 24 sydligaste

186 368 57 18 delen
268 367 21 19 af
303 368 122 19 Rantasalmi
441 367 30 19 till
487 367 87 24 Nyslott,
591 367 37 19 och
644 367 89 19 derifrän
749 367 56 19 öfver
819 367 128 24 Punkaharju

185 396 30 19 till
238 398 100 17 närmaste
355 397 56 18 ställe
427 396 26 24 pä
469 396 37 19 den
523 395 100 20 blifvande
640 395 73 24 ostliga
729 396 123 19 stambanan.
882 396 65 19 Nord-

185 424 84 23 vestliga
284 425 57 18 delen
357 424 22 19 af
393 425 65 18 denna
474 424 58 23 bana,
548 425 71 18 mellan
630 424 97 19 Savolaks
739 424 64 19 banan
815 425 36 19 och
860 425 85 23 Nyslott,

186 452 63 19 skulle
265 453 77 19 komma
357 455 30 17 att
401 453 25 24 gå
441 453 132 23 tvärsigenom
592 453 34 18 det
641 453 154 18 vidsträcktaste
811 453 135 25 landområde,

186 486 41 13 som
244 481 61 19 finnes
322 482 70 18 mellan
413 481 123 19 sistnämnda
550 481 53 19 bana
619 481 36 19 och
672 481 89 19 Saimens
777 482 116 23 vattendrag
909 481 36 20 och

185 510 76 18 hvilket
277 510 76 19 således
370 512 49 17 mest
434 512 23 17 är
472 510 6 18 i
494 510 61 19 behof
570 510 20 19 af
603 510 89 23 jernväg.

255 538 63 19 Ofvan
341 538 84 20 anförda
447 538 116 24 sträckning
586 538 32 19 för
641 538 262 24 sammanbindningsbanan
923 541 23 17 är

188 566 61 24 enligt
271 567 38 19 min
329 567 58 19 tanke
403 567 22 19 sä
440 568 87 22 naturlig
542 567 38 19 och
595 567 23 19 sä
633 567 84 23 begväm
734 566 31 19 för
781 566 128 20 samfärdseln
925 567 22 19 ät

187 595 39 19 alla
248 595 40 19 häll
311 595 26 24 pä
359 596 24 18 de
407 596 72 22 banor,
495 601 41 13 som
552 596 39 18 den
607 595 63 19 skulle
687 595 78 19 komma
781 598 29 16 att
825 595 76 23 förena,
917 598 29 16 att

188 628 36 18 om,
248 624 65 18 säsom
336 624 87 24 önskligt
441 629 54 19 vore,
511 630 45 12 man
572 623 101 24 verkligen
689 624 38 18 har
742 624 6 18 i
765 624 64 18 sinnet
844 630 23 12 en
884 624 61 19 sädan

187 652 253 26 sammanbindningsbana,
460 658 41 14 som
519 652 195 24 jernvägsutskottet
734 651 55 20 1885
805 652 6 18 i
827 653 34 18 sitt
876 652 69 19 betän-

186 680 65 19 kande
274 681 39 19 N:o
336 680 13 19 3
372 680 131 24 omförmäler,
526 681 127 23 hvarigenom
677 686 61 13 norra
761 680 35 19 och
812 680 134 24 nordvestliga

186 708 84 20 Finland
294 709 63 19 skulle
380 710 79 22 bringas
482 710 6 18 i
511 710 66 18 direkt
594 709 96 19 samband
706 709 45 19 med
765 709 77 19 landets
858 709 88 19 centrala

187 738 36 18 och
239 739 56 17 östra
310 738 56 18 delar
381 741 48 15 samt
445 738 44 18 med
505 738 29 18 S:t
550 738 127 23 Petersburg,
695 737 22 19 sä
733 738 62 18 skulle
811 738 36 18 den
864 737 82 19 framför

186 766 63 18 andra
272 765 87 25 förtjena
381 768 30 17 att
432 766 28 19 bli
483 766 84 19 föremäl
588 766 32 19 för
634 766 150 23 undersökning
799 766 6 18 i
821 766 125 19 ekonomiskt

187 794 36 19 och
239 794 89 19 tekniskt
343 794 118 20 hänseende.

255 822 48 19 Med
325 822 93 20 afseende
441 823 28 23 pä
490 822 50 20 hvad
554 823 35 23 jag
604 822 37 20 här
656 822 43 20 haft
715 824 48 17 äran
779 822 116 26 framställa,
911 828 34 14 an-

186 850 63 19 håller
263 851 34 23 jag
313 852 112 23 ödmjukast
440 854 31 16 att
485 851 131 19 Hedervärda
626 851 151 19 Bondeständet
787 851 85 24 benäget
883 851 62 19 skulle

186 879 79 19 ansluta
281 880 29 22 sig
325 880 29 18 till
370 880 39 18 min
424 880 83 24 petition
525 880 75 23 derom,

393 920 31 18 att
439 918 36 25 dä,
491 918 8 20 i
514 917 221 28 öfverensstämmelse
752 918 48 20 med
811 918 135 20 Ständernas

324 948 27 19 är
365 947 58 21 1885
439 947 73 26 beslut,
529 946 192 27 undersökningen
736 947 9 20 i
760 945 132 22 ekonomiskt
907 947 39 20 och

324 975 93 21 tekniskt
439 975 121 20 hänseende
583 975 136 26 beträffande
742 974 153 28 sträckningen
920 974 30 28 af

323 1010 26 14 en
371 1003 279 28 sammanbindningsbana
672 1002 133 27 verkställes,
828 1009 26 14 en
875 1003 70 20 sädan

323 1031 126 28 sträckning
465 1031 44 27 för
532 1031 74 21 banan
628 1031 69 27 blefve
712 1031 124 25 undersökt,
852 1037 43 15 som
911 1034 35 18 ut-

321 1060 84 27 gående
415 1061 58 26 jrån
488 1062 111 19 närmaste
606 1059 73 28 punkt
686 1060 34 27 på
736 1060 64 21 Wasa
811 1059 72 21 banan
893 1059 53 21 dra-

321 1095 37 20 ges
381 1091 60 24 öjver
456 1087 129 28 Jyväskylä,
600 1095 54 14 norr
670 1095 34 14 om
720 1088 94 28 Kyyvesi
829 1088 35 21 till
880 1088 65 21 Savo-

323 1117 48 20 laks
381 1117 80 25 banan,
476 1119 56 18 samt
548 1117 102 26 derirrån
664 1119 89 24 genaste
768 1119 67 24 vägen
851 1117 34 20 till
899 1117 47 27 Ny-

322 1146 57 24 slott,
403 1145 37 20 och
463 1144 60 27 öfver
542 1145 149 27 Punkaharju
707 1145 35 20 till
757 1147 111 18 närmaste
883 1146 63 20 ställe

319 1175 32 26 på
367 1174 41 20 den
424 1173 112 27 blifvande
554 1173 65 21 Östra
630 1173 139 25 stambanan,
777 1175 56 18 samt
843 1175 32 18 att
885 1175 61 19 näst-

322 1201 208 22 sammanträdande
559 1201 95 21 Ständer
679 1202 66 20 måtte
765 1201 128 28 föreläggas
919 1209 26 14 en

322 1231 76 27 Nådig
417 1230 140 27 proposition
580 1237 32 14 om
638 1229 122 28 byggandet
783 1230 29 25 af
827 1236 25 14 en
875 1230 70 21 sådan

322 1258 282 28 sommanbindningsbana.

253 1299 126 24 Helsingfors
396 1300 37 19 den
449 1299 13 20 3
478 1299 97 20 Februari
592 1298 62 20 1888.

693 1326 64 27 Huugo
773 1325 102 28 Landgren.

252 1379 36 20 Om
303 1379 66 20 denna
383 1380 84 24 petition
483 1379 72 19 förena
570 1379 30 23 sig

251 1423 18 20 €.
286 1423 32 21 Ph.
336 1422 90 22 Lindfors.
729 1422 23 22 M.
769 1422 106 22 Pennanen.

249 1502 183 22 Jernvägsutskottets
445 1504 113 16 betänkande
571 1504 35 16 N:o
618 1502 18 17 2.
