1048 1731
266 139 228 24 Petitonsebtänkande
511 139 37 23 N:o
564 139 39 23 49.
771 140 12 20 5

53 203 109 21 drinkares
173 201 140 28 förpligtande
323 208 76 21 genom
411 202 173 27 domstolsutslag
595 203 32 20 att
642 202 6 21 i
664 201 149 28 förbättrings-

53 237 78 22 anstalt
146 236 84 21 inträda
246 236 39 21 och
301 236 36 21 der
353 236 32 21 till
401 236 69 21 slutad
486 236 40 21 kur
542 236 117 27 gvardröja.

123 282 144 21 Förestående
282 281 211 28 petitionsmemorial
508 281 99 22 förordar
622 288 26 15 en
664 281 21 22 af
699 283 70 20 staten
782 281 31 22 in-

54 317 70 22 rättad
140 315 217 28 förbättringsanstalt
372 315 32 22 för
420 315 106 27 drinkare,
542 316 48 21 icke
605 315 89 22 allenast
707 315 106 27 sjelfmant

54 353 52 20 utan
121 351 6 20 i
143 350 51 27 följd
217 349 20 22 af
260 350 172 27 domstolsutslag
455 350 30 21 dit
508 350 131 21 inträdande.
670 350 31 21 På
716 352 43 19 sätt
774 349 39 22 Ut-

54 386 82 21 skottet
151 384 77 27 erfarit,
240 384 39 21 har
294 384 117 21 emellertid
422 384 202 27 Strafflagsutskott,
641 384 80 21 hvilket
735 384 7 21 i
757 391 56 15 sam-

55 420 106 25 manhang
177 419 48 21 med
239 419 156 26 granskningen
411 418 21 21 af
445 418 102 27 förslaget
563 425 34 14 om
612 425 27 20 ny
654 418 95 27 strafflag
767 417 46 22 haft

56 456 32 19 att
103 453 74 28 pröfva
193 453 36 22 det
243 453 90 21 sålunda
347 453 146 26 ifrågakomna
504 459 41 21 nya
555 453 130 21 korrektivet
699 454 44 20 mot
754 453 58 26 dryc-

56 488 102 26 kenskap,
182 487 46 22 icke
244 487 68 21 funnit
335 487 78 27 skäligt
427 487 68 21 införa
517 487 67 21 sådan
600 486 100 22 straffart.
731 487 46 21 Den
793 486 22 21 af

57 522 141 28 petitionären
213 521 108 27 påyrkade
343 521 146 27 skyldigheten
505 521 32 21 för
560 523 70 19 staten
646 522 31 20 att
692 521 80 22 inrätta
787 527 26 15 en

57 556 70 22 straff-
143 556 39 21 och
198 555 216 27 förbättringsanstalt
429 555 32 21 för
477 555 99 21 drinkare
592 555 39 21 har
646 555 86 21 härmed
751 555 63 22 alltså

57 590 93 22 förfallit.
181 590 136 26 Ifrägasättas
333 590 41 20 kan
391 590 53 21 dock
466 589 130 21 fortfarande
611 589 103 21 huruvida
737 589 77 27 skäligt

58 632 50 14 vore
129 626 31 20 att
175 626 70 20 staten
261 624 92 21 beredde
368 624 26 21 de
409 624 22 21 åt
447 623 173 28 dryckenskapen
636 623 111 22 hemfallne
765 623 50 21 slikt

59 658 82 23 tillfälle
156 658 32 22 till
204 658 132 27 förbättring.

126 704 111 22 Utskottet
252 703 41 22 kan
309 703 130 22 åtminstone
453 704 33 21 för
501 704 60 21 detta
576 704 131 21 närvarande
717 703 46 21 icke
774 703 40 21 för-

61 739 53 22 orda
138 740 32 19 ett
192 739 79 20 statens
295 738 122 26 ingripande
440 737 79 22 härvid.
551 738 73 21 Såsom
648 738 22 21 af
682 737 133 22 förestående

60 774 49 21 data
124 772 92 27 framgår
232 774 23 19 är
270 772 159 26 ifrågavarande
443 772 34 22 idé
493 772 135 27 temmeligen
643 778 32 22 ny.
707 772 36 22 Uti
762 772 54 21 intet

60 809 65 20 annat
140 806 121 27 europeiskt
284 806 50 22 land
349 806 62 22 hafva
427 806 69 28 dylika
519 806 104 22 anstalter
638 813 73 20 genom
735 808 80 20 statens

60 842 82 26 försorg
156 840 122 22 tillkommit
293 840 52 21 eller
360 840 145 22 underhällits.
536 841 10 21 I
570 841 25 21 de
617 840 41 27 fall,
675 841 37 21 der
737 840 78 22 anstal-

60 878 60 19 terna
135 874 106 22 befunnits
256 874 72 22 utöfva
343 882 25 14 en
385 875 171 21 erkännansvärd
572 875 139 26 verksamhet,
727 875 39 21 har
783 875 33 21 så-

61 911 50 21 dant
134 910 54 26 förty
213 909 71 21 berott
306 909 105 21 måhända
426 909 32 21 till
473 911 79 19 största
568 910 33 21 del
624 910 27 26 på
673 910 60 21 deras
754 915 62 20 egen-

60 945 53 26 skap
129 946 32 19 att
183 951 49 14 vara
255 944 35 21 det
313 944 119 26 personliga
451 944 39 21 och
513 944 103 21 intensiva
639 944 177 27 privatintressets

61 979 113 26 skapelser.
190 978 9 21 I
210 977 85 22 hvilken
307 984 48 15 mon
366 978 25 21 de
401 978 7 20 i
419 978 100 21 Amerika
529 978 105 21 inrättade
645 978 172 26 förbättringsan-

62 1013 102 22 stalterna
180 1012 53 21 varit
249 1012 21 21 af
283 1013 69 20 staten
369 1012 159 27 upprätthållna
544 1013 38 20 har
596 1013 33 26 sig
644 1013 104 20 utskottet
770 1012 47 21 icke

62 1047 84 21 bekant.
177 1047 10 21 I
202 1046 72 27 hvarje
290 1046 36 21 fall
342 1047 132 20 erfordrades
491 1047 65 26 enligt
571 1047 121 21 Utskottets
708 1046 64 21 tanke
791 1053 26 14 en

63 1081 73 26 längre
158 1080 42 21 tids
221 1080 120 22 erfarenhet
363 1080 45 21 från
424 1083 97 19 närmare
544 1081 42 21 håll
603 1087 33 15 om
660 1081 158 26 ifrågavarande

62 1115 112 22 anstalters
190 1114 134 21 verksamhet
338 1114 33 21 för
381 1116 32 19 att
424 1116 31 19 ett
465 1116 81 20 statens
562 1115 115 26 åtgörande
690 1115 47 21 med
752 1115 65 26 utsigt

62 1149 32 22 till
110 1149 66 26 något
190 1155 54 20 gagn
260 1149 71 21 kunde
347 1149 64 26 derpå
426 1149 92 22 baseras.

130 1194 111 21 Utskottet
263 1195 25 20 är
303 1194 39 21 ock
361 1193 133 28 öfvertygadt
517 1194 79 27 derom,
614 1196 32 19 att
668 1194 151 27 petitionärens

63 1229 79 27 förslag
157 1229 59 21 äfven
232 1228 6 21 i
254 1229 47 21 vårt
316 1229 49 21 land
380 1229 55 21 skall
450 1229 71 21 kunna
536 1230 27 25 på
586 1229 68 26 privat
674 1231 39 24 väg
735 1228 84 22 realise-

63 1270 41 21 ras,
120 1263 55 22 helst
191 1263 117 22 detsamma
323 1263 39 21 bör
376 1265 72 19 kunna
459 1263 62 21 vinna
534 1265 31 19 ett
575 1263 97 27 lämpligt
682 1263 38 21 och
732 1262 87 27 kraftigt

63 1298 48 21 stöd
127 1298 37 21 hos
181 1298 35 21 det
231 1297 96 28 stigande
343 1297 99 22 intresset
463 1297 32 21 för
510 1298 146 27 nykterheten,
672 1297 79 22 hvilket
767 1297 53 27 tagit

64 1333 31 26 sig
111 1332 84 28 uttryck
210 1332 6 21 i
233 1332 38 21 allt
285 1331 50 22 flere
352 1332 119 27 föreningar
487 1331 32 22 för
535 1332 127 21 hithörande
679 1331 140 22 verksamhet.

64 1367 45 21 Och
125 1367 60 25 skall,
201 1367 64 21 sedan
281 1367 79 21 anstalt
375 1366 32 22 för
430 1367 108 21 drinkares
555 1366 144 22 förbättrande
722 1367 27 27 på
771 1372 49 22 nyss

64 1402 80 26 antydd
160 1404 39 24 väg
215 1402 88 20 kommit
319 1402 31 20 till
367 1402 62 21 stånd
444 1403 54 20 samt
514 1402 48 21 dess
577 1401 108 28 betydelse
701 1401 39 21 och
756 1401 63 21 värde

64 1436 41 21 kan
122 1435 22 22 af
157 1436 68 26 någon
241 1436 135 27 grundligare
391 1436 120 21 erfarenhet
527 1436 89 27 belysas,
632 1437 31 19 ett
677 1437 80 20 statens
771 1434 48 22 stöd

133 1475 103 18 Allmänna
248 1475 191 19 Besvärsutskottets
451 1475 121 19 betänkande
584 1475 35 17 N:o
632 1476 28 18 37.
