1048 1731
257 125 14 20 6
441 122 240 23 Petitionsbetänkande
698 122 36 23 N:o
747 122 34 23 48.

299 186 128 27 Uppenbart
449 188 24 19 är
491 186 30 27 ju,
538 187 38 26 att,
598 186 2 21 i
616 192 82 15 samma
713 186 49 21 mån
777 185 164 22 samhällslifvet
956 187 33 19 ut-

227 220 88 21 vecklar
331 220 38 27 sig,
387 220 63 21 äfven
466 222 82 19 statens
563 220 124 21 funktioner
702 220 68 21 måste
785 220 88 21 tillväxa
884 220 7 21 i
902 218 87 23 omfatt-

229 253 52 28 ning
296 254 40 21 och
352 254 69 21 likaså
436 254 120 27 utgifterna
570 254 81 21 härför.
675 254 101 21 Faktiskt
790 254 40 21 har
845 253 122 28 stegringen
982 253 7 20 i

228 289 85 20 statens
335 288 187 27 aflöningsbudget
544 289 7 20 i
574 288 157 27 öfvervägande
753 289 53 26 grad
824 288 76 21 vållats
915 287 24 22 af
952 293 37 21 ny-

229 321 109 22 inrättade
371 323 136 20 ämbetsverk
540 322 136 27 (Statistiska
708 323 163 27 Centralbyrån,
905 321 85 22 Skolöf-

229 356 152 27 verstyrelsen,
412 357 174 27 Polyteknikum,
617 357 131 27 Geologiska
778 359 55 19 samt
863 356 126 27 Arkeologi-

229 389 40 22 ska
299 390 174 27 kommissionen,
505 391 200 27 Lagberedningen)
735 391 52 21 eller
816 391 127 27 utvidgning
968 390 23 21 af

229 423 59 22 förut
310 425 116 21 bestående
449 425 139 27 (landstaten,
611 427 66 25 post-,
701 425 62 26 skol-,
787 425 124 25 tullverket)
937 425 52 21 eller

229 465 78 20 genom
323 459 211 26 sportelinkomsters
550 459 135 28 förvandling
700 460 7 20 i
719 460 82 21 ordnad
811 460 36 21 lön
857 459 132 28 (tullverket,

230 492 240 29 häradshöfdingarne).
501 493 50 22 Men
573 494 48 21 icke
644 494 122 27 obetydliga
789 496 36 19 äro
849 494 26 21 de
888 493 100 26 tillskott,

229 526 74 22 hvilka
319 527 31 21 tid
366 527 55 22 efter
436 534 69 15 annan
521 534 77 21 genom
614 528 196 27 löneförhöjningar
825 528 77 21 införts
917 528 12 21 &
945 530 44 18 sär-

229 560 72 22 skilda
323 563 74 19 stater.
428 562 107 21 Särskildt
557 563 158 21 beaktansvärd
737 564 24 19 är
784 563 7 20 i
814 563 59 21 detta
889 562 100 21 afseende

230 594 40 22 den
294 597 59 19 stora
375 596 108 21 allmänna
505 596 178 28 löneförhöjning,
707 596 87 22 hvartill
809 596 80 28 förslag
905 597 41 21 den
962 598 27 19 20

230 629 45 21 dec.
302 631 53 19 1877
378 630 70 27 afgafs
471 630 24 21 af
516 631 40 20 den
580 630 33 22 för
632 631 59 21 detta
706 631 100 21 ändamål
821 631 99 21 nedsatta
936 637 15 15 s.
967 630 21 21 k.

229 663 272 28 löneregleringskomitén,
525 665 82 21 hvilket
630 664 80 28 förslag
732 665 60 21 Hans
807 665 120 27 Kejserliga
943 665 46 21 Ma-

227 697 69 27 jestät
311 698 41 21 den
368 699 12 20 5
396 698 59 22 Mars
471 699 34 27 (21
522 699 74 27 Febr.)
614 701 52 19 1879
683 700 48 20 med
747 699 60 27 ringa
823 698 103 22 afvikelse
937 699 52 21 fast-

228 732 71 20 stälde
321 732 7 20 i
351 732 221 22 öfverensstämmelse
595 734 49 20 med
663 733 103 21 Senatens
781 733 128 21 förordande
925 733 63 21 skrif-

228 766 59 20 velse
302 766 24 20 af
340 766 40 21 den
399 767 24 21 18
439 767 42 27 maj
499 769 60 19 1878.

299 800 42 22 Det
363 801 97 27 uppdrag
481 802 100 20 bemälda
596 802 80 20 komité
692 802 85 20 erhållit
793 802 62 27 gälde
871 801 45 21 dels
931 801 57 27 pröf-

229 834 52 26 ning
304 834 23 21 af
349 835 25 20 de
396 835 79 21 talrika
499 836 143 26 ansökningar
665 842 33 14 om
721 835 178 27 löneförhöjning,
915 835 74 21 hvilka

229 868 34 20 till
287 868 108 27 Styrelsen
418 869 119 27 inkommit,
562 870 45 20 dels
623 870 136 27 uppgörande
776 869 23 21 af
813 869 80 27 förslag
908 869 81 21 beträf-

231 901 65 22 fande
318 903 127 27 indragning
469 903 24 21 af
507 904 95 26 tjenster,
618 904 73 21 hvilka
706 904 71 21 kunde
792 903 96 22 befinnas
903 904 84 20 umbär-

229 936 51 27 liga.
312 937 165 22 Statsutskottet
499 938 36 21 vid
556 939 140 21 1877—1878
713 938 34 21 års
763 938 145 21 ständermöte
923 938 65 21 fram-

229 970 46 21 höll
290 971 186 28 nödvändigheten
493 972 23 21 af
530 974 32 19 att
578 973 101 21 särskildt
695 973 40 20 den
751 979 74 14 senare
841 973 61 20 delen
917 972 24 21 af
950 973 37 20 ko-

232 1004 78 22 miténs
332 1006 103 27 uppdrag,
452 1006 74 27 frågan
542 1013 35 15 om
593 1007 120 26 förenkling
728 1007 7 20 i
752 1006 163 27 förvaltningen,
932 1012 55 21 resp.

229 1039 124 28 minskning
375 1040 24 21 af
413 1041 181 26 tjenstemännens
610 1041 58 20 antal
683 1041 70 21 blefve
769 1041 24 20 af
806 1041 133 26 Regeringen
954 1041 34 20 väl

229 1074 205 25 uppmärksammad
457 1075 39 21 och
520 1077 32 19 att
575 1075 33 21 för
631 1075 64 27 öfrigt
717 1075 37 21 vid
770 1074 135 27 förhöjandet
920 1074 23 21 af
957 1075 31 20 lö-

229 1113 67 15 nerna
321 1109 109 26 synnerlig
455 1103 133 33 sparsamhet
613 1109 70 21 blefve
710 1109 118 27 iakttagen.
858 1109 42 21 Det
930 1109 58 21 löne-

228 1141 201 29 regleringsförslag
452 1150 49 20 nyss
519 1144 80 20 nämda
614 1144 95 24 komitén
725 1144 48 20 kort
790 1143 65 26 derpå
870 1143 61 27 afgaf
944 1143 46 21 blef

229 1177 121 20 emellertid
366 1179 76 19 nästan
457 1178 136 21 uteslutande
609 1179 31 20 ett
656 1177 270 27 löneförhöjningsförslag.
944 1177 44 21 Ko-

228 1211 68 21 mitén
319 1211 123 21 förklarade
464 1212 107 27 nämligen
594 1212 7 21 i
625 1212 60 27 fråga
709 1219 34 14 om
763 1211 128 27 indragning
906 1211 23 21 af
942 1217 46 15 um-

229 1245 85 27 bärliga
329 1246 89 26 tjenster
433 1246 103 27 följande:

298 1297 5 9 s
305 1280 83 26 Denna
411 1280 61 27 fråga
495 1281 39 20 har
552 1282 58 25 synts
626 1281 96 21 komitén
739 1280 23 21 så
778 1279 139 26 omfattande,
933 1281 33 19 att
982 1279 7 20 i

228 1313 40 22 fall
290 1314 95 21 komitén
408 1315 68 20 skulle
498 1315 72 21 inlåtit
590 1315 33 27 sig
638 1315 7 20 i
661 1321 26 14 en
702 1317 105 23 närmare,
824 1313 13 21 å
852 1319 55 21 egna
922 1313 67 21 detal-

225 1348 76 27 jerade
316 1349 184 27 undersökningar
515 1349 98 27 grundad
628 1349 100 27 pröfning
743 1348 24 21 af
780 1348 75 26 henne,
873 1347 46 21 skäl
933 1347 56 21 varit

228 1384 33 19 att
284 1382 81 27 befara,
388 1384 33 20 att
444 1383 75 27 frågan
542 1383 111 27 lätteligen
676 1383 72 21 kunde
763 1383 86 21 komma
865 1384 32 18 att
913 1388 34 16 om
963 1384 26 18 än

228 1416 48 21 icke
299 1417 45 21 helt
359 1417 40 21 och
414 1417 67 21 hålet
496 1418 150 26 undanskjuta,
664 1417 23 21 så
703 1417 131 21 åtminstone
850 1415 140 22 öfverhöfvan

297 1456 104 18 Allmänna
413 1457 178 17 Besvärsutskuttets
605 1456 116 18 betänkande
735 1458 34 15 N:o
783 1456 30 16 39.
