1048 1731
251 122 28 21 10
470 121 209 24 Petitionsbetänkande
696 121 31 24 N:o
743 121 18 23 7.

223 185 66 21 andra
311 184 105 21 likartade
436 183 76 22 hinder
527 183 95 22 försvära
638 184 130 21 inrättandet
783 184 22 21 af
819 184 109 27 folkskola,
945 185 36 22 der

223 218 66 21 borde
305 217 66 28 enligt
385 218 117 21 utskottets
517 219 56 26 äsigt
589 218 54 21 efter
658 218 105 21 Senatens
773 218 143 27 bepröfvande
924 219 58 22 kom-

222 258 103 15 munerna
348 252 99 21 förunnas
470 251 98 23 befrielse
591 252 46 22 frän
660 252 51 22 eller
734 253 91 26 uppskof
839 253 47 21 med
901 253 80 27 uppfyl-

223 286 72 21 landet
310 286 22 21 af
345 286 7 21 i
367 287 60 26 fräga
442 287 93 21 varande
551 287 124 27 skyldighet.
700 287 10 21 I
725 287 67 21 likhet
807 287 47 21 med
869 287 112 27 petitionä-

223 327 37 14 ren
283 320 39 21 har
344 321 105 21 utskottet
472 322 77 24 ansett,
573 323 31 19 att
624 321 40 21 den
684 321 86 26 statliga
785 316 143 32 förpligtelsen
943 321 39 21 bör

222 354 63 22 träffa
307 355 74 21 endast
401 355 26 21 de
442 355 132 26 kommuner,
590 355 72 21 hvilka
677 355 23 21 af
714 355 87 22 tredska
817 355 52 22 eller
884 355 97 27 likgiltig-

222 389 37 21 het
274 391 102 20 motsätta
391 389 31 27 sig
437 389 117 22 folkskolas
570 389 116 22 införande.

291 423 39 21 Att
346 423 61 22 dessa
421 423 131 27 kommuner,
576 423 71 22 derest
662 430 26 15 en
704 423 21 22 af
739 424 82 26 Regent
837 424 38 21 och
891 423 91 22 Ständer

223 456 90 22 stadfäst
332 457 35 27 lag
381 457 58 28 älagt
455 458 47 21 dem
518 457 128 22 folkskolors
661 458 129 26 inrättande,
805 458 46 21 icke
867 457 67 22 skulle
949 457 33 22 till

223 491 48 21 dem
293 491 66 22 sända
382 491 45 22 sina
447 491 59 27 barn,
523 494 23 19 är
561 491 129 28 fullkomligt
705 491 127 23 osannolikt.
863 492 56 21 Alli
935 493 47 25 eget

220 524 59 27 land,
293 526 17 26 ej
323 526 81 21 mindre
415 528 26 19 än
453 526 6 21 i
471 526 97 22 utlandet
583 532 83 15 vunnen
683 526 120 22 erfarenhet
818 526 61 26 visar,
888 528 32 20 att
930 526 52 21 folk-

222 559 107 27 skolorna,
348 560 37 21 der
401 560 26 21 de
443 561 27 26 pä
485 560 69 27 grund
570 560 24 21 af
606 560 153 27 lagstadgande
775 560 6 20 i
797 566 25 15 en
838 560 99 21 kommun
952 560 31 21 in-

223 592 60 27 förts,
306 594 114 26 ingalunda
443 596 86 20 stannat
551 597 65 19 toma.
644 607 8 1 -
675 594 100 21 Tvärtom
795 594 68 21 håller
877 594 105 21 utskottet

223 626 33 22 för
278 628 113 26 sannolikt,
414 630 32 20 att
469 631 81 19 ensamt
573 628 105 22 fattandet
697 628 23 22 af
733 630 32 19 ett
781 628 154 21 ständerbeslut
951 628 32 21 till

223 660 82 23 förmån
316 661 33 22 för
359 662 36 21 det
405 663 6 20 i
420 662 59 26 fråga
489 662 91 22 varande
592 662 203 27 petitionsförslaget
805 662 53 21 skall
869 663 26 25 på
907 663 76 25 många

223 695 44 21 håll
287 695 62 28 bryta
368 696 35 21 det
418 697 107 21 motstånd
540 696 119 21 folkskolan
675 702 28 16 nu
719 698 64 19 röner
797 696 39 21 och
852 698 31 19 att
899 696 39 21 den
953 696 30 21 fö-

223 729 98 27 reslagna
343 730 144 27 förpligtelsen
511 730 56 28 förty
587 730 69 22 skulle
671 730 86 22 komma
772 732 32 20 att
819 730 88 21 faktiskt
922 729 61 22 träffa

224 763 76 22 endast
315 764 20 21 få
351 764 131 21 kommuner.

293 798 43 21 För
351 800 31 19 att
397 798 7 21 i
420 798 107 27 möjligast
543 798 130 22 vidsträckta
688 800 49 20 mån
748 798 121 22 underlätta
879 798 40 21 den
931 798 52 22 före-

224 832 74 27 slagna
317 832 116 22 reformens
455 832 165 27 genomförande
643 832 85 22 förenar
744 832 31 27 sig
790 833 104 21 utskottet
909 832 6 21 i
931 833 52 26 peti-

224 866 108 22 tionärens
355 866 87 27 önskan,
466 869 32 19 att
519 867 132 26 Regeringen
673 867 49 21 ville
738 867 128 21 understöda
886 866 97 27 fattigare

224 900 126 22 kommuner
365 903 94 19 närmast
474 901 34 21 vid
524 901 142 27 uppförandet
676 901 23 21 af
708 900 144 23 folkskolehus
863 907 75 21 genom
948 901 35 21 be-

224 934 93 27 viljande
339 935 23 21 af
382 935 131 27 förmånliga,
538 935 107 21 eventuelt
667 935 6 21 i
696 935 56 22 vissa
774 935 37 21 fall
826 935 101 21 räntefria
941 935 41 21 lån.

224 969 49 21 Alla
289 972 96 19 närmare
401 969 157 27 bestämningar
577 969 130 22 beträffande
720 969 71 28 dylika
801 969 35 22 lån
847 970 60 21 torde
919 969 64 28 lämp-

224 1003 64 27 ligast
303 1003 50 22 bero
370 1005 27 26 på
412 1004 143 27 Regeringens
571 1004 103 27 pröfning.

294 1038 31 21 På
339 1038 69 27 grund
423 1038 22 21 af
460 1039 35 20 det
511 1038 89 21 anförda
615 1039 33 20 får
663 1039 106 21 utskottet
780 1039 106 20 vördsamt
897 1038 84 22 föreslå:

432 1081 31 17 att
479 1078 85 21 landets
579 1079 117 26 höglofliga
713 1078 94 21 Ständer
818 1079 8 20 i
837 1078 146 27 underdånig-

363 1113 34 20 het
416 1113 96 25 anhålla,
537 1115 31 18 att
587 1112 61 21 Hans
665 1112 126 28 Kejserliga
807 1112 103 26 Majestät
926 1112 57 21 täck-

362 1149 29 18 tes
408 1149 50 24 taga
475 1147 7 19 i
497 1147 166 27 öfvervägande,
679 1147 110 20 huruvida
804 1146 45 21 icke
865 1146 48 21 skäl
929 1153 54 18 vore,

363 1183 31 18 att
405 1181 121 27 förelägga
542 1181 25 20 de
583 1181 130 23 kommuner,
731 1187 44 14 som
791 1188 29 13 nu
836 1180 69 21 sakna
920 1181 64 26 högre

357 1215 120 27 folkskola,
493 1217 32 18 att
542 1216 57 19 inom
615 1216 42 19 viss
673 1215 33 20 tid
722 1222 25 13 en
763 1215 54 21 hvar
827 1215 83 20 inrätta
919 1215 65 20 minst

363 1257 25 12 en
409 1249 77 27 sådan,
508 1249 69 20 derest
594 1249 44 20 icke
654 1249 112 21 särskilda
782 1249 47 20 skäl
845 1249 74 20 kunna
931 1250 53 25 för-

363 1283 79 21 anleda
458 1283 100 27 uppskof
568 1284 52 20 eller
637 1284 106 27 befrielse,
760 1286 55 18 samt

363 1320 31 18 att
417 1317 64 21 Hans
505 1317 126 28 Kejserliga
656 1317 105 27 Majestät
784 1318 50 20 ville
854 1323 75 22 genom
953 1317 32 20 be-

363 1348 96 63 Tjänade
475 1352 30 27 af
510 1352 144 27 förmånliga
670 1353 37 19 lån
724 1351 143 27 understödja
875 1351 109 28 fattigare

363 1386 9 20 k
664 1387 42 21 det
722 1387 30 24 af
766 1386 149 21 folkskolekus.

758 1401 140 13 JOoksnoienn.

503 1387 35 13 vid
554 1388 68 12 upofö

475 1402 5 5 v
503 1402 35 6 via
555 1394 71 20 uppje

294 1422 137 37 Helsingfors,
449 1402 28 46 af
497 1427 113 21 Allmänna
632 1427 198 21 Besvärsutskottet
846 1426 40 22 den
901 1427 27 20 27
944 1426 39 21 Fe-

225 1460 73 22 bruari
314 1462 60 20 1888.

295 1500 101 18 Allmänna
409 1501 174 17 Besvärsutskottets
596 1502 111 16 betänkande
720 1502 36 16 N:o
769 1501 17 17 5.
