1048 1731
269 155 242 24 Petitionsbetänkande
528 155 36 22 N:o
580 154 36 24 30.
779 156 13 20 5

63 219 70 20 mildra
148 219 24 20 de
187 219 63 19 hårda
265 219 144 24 verkningarna
424 218 22 19 af
463 219 34 18 det
515 218 105 24 aftagande
632 218 58 20 fisket
699 219 50 19 hade
760 213 60 26 Ålän-

63 248 71 23 ningen
157 248 31 19 väl
210 248 28 19 uti
261 248 29 19 sin
313 247 78 24 sjöfart,
413 253 45 13 men
473 247 59 19 äfven
548 247 65 20 denna
628 247 141 20 inkomstkälla
784 249 37 19 har

63 277 66 24 börjat
151 277 43 19 sina
212 278 28 21 ut,
256 276 125 24 naturligtvis
397 276 21 19 af
432 281 74 14 samma
522 276 84 19 orsaker
621 282 41 13 som
678 276 93 20 öfverallt
786 283 34 14 an-

63 305 111 26 norstädes,
197 305 35 19 der
250 305 144 24 segelfartygen
410 304 38 19 fått
463 304 46 19 vika
525 304 32 20 för
572 305 38 18 den
626 305 194 24 öfverhandtagande

63 333 83 29 trafiken
170 333 44 20 med
235 333 80 24 ångare.
345 333 132 24 Rättvisligen
501 333 37 19 bör
558 333 52 20 dock
630 333 105 26 erkännas,
751 337 30 16 att
796 335 25 18 de

62 356 104 25 Åländska
188 363 113 23 sjömännen
324 362 36 19 och
384 361 91 25 fartygen
498 362 46 19 med
567 362 188 24 anmärkningsvärd
771 365 49 17 mot-

64 390 122 20 ståndskraft
208 391 91 24 upptagit
320 391 151 19 konkurrensen
496 391 37 18 och
548 391 7 18 i
572 391 33 18 det
619 390 78 24 längsta
712 391 64 24 bjudit
790 391 31 19 till

63 421 30 18 att
106 419 84 20 uthärda
205 420 118 23 densamma,
347 419 62 20 ehuru
426 419 55 19 detta
496 419 116 19 sträfvande
628 425 68 18 genom
713 420 24 19 de
753 420 67 19 särde-

63 449 29 18 les
115 448 45 24 låga
182 447 101 20 frakterna
305 448 44 19 icke
368 448 77 19 kunnat
461 448 74 19 krönas
550 448 45 19 med
611 448 37 19 den
664 448 107 25 framgång,
787 449 34 19 det

63 477 51 19 hade
129 477 100 24 förtjenat.
251 477 10 19 I
276 477 66 19 stället
357 477 62 18 måste
435 482 44 13 man
495 477 117 19 konstatera
628 477 34 19 det
676 477 86 24 sorgliga
777 477 43 20 fak-

63 508 47 22 tum,
128 507 30 18 att
173 505 99 25 fartygens
288 505 60 24 antal,
364 505 42 19 dels
422 511 71 18 genom
508 505 124 24 försäljning,
648 506 42 19 dels
705 512 70 18 genom
790 506 30 20 in-

64 534 82 20 träffade
169 534 119 24 sjöolyckor,
311 534 52 20 varit
385 535 29 18 uti
429 534 115 24 beständigt
560 534 112 24 aftagande,
687 538 48 16 utan
751 537 29 18 att
794 535 27 24 på

64 569 69 13 senare
156 564 51 18 tider
229 563 99 24 knappast
350 563 60 24 något
433 563 51 19 enda
506 563 82 19 kommit
603 563 30 19 till
648 563 87 20 hvarken
751 569 70 18 genom

64 592 116 24 nybyggnad
196 592 49 19 eller
259 592 40 24 köp
315 591 80 20 utifrån.
423 592 77 23 Lägges
516 592 74 23 härtill,
606 594 30 16 att
651 592 122 24 svårigheten
789 592 32 19 för

65 620 137 20 anskaffandet
225 620 21 19 af
267 620 92 24 lämpliga
381 620 97 24 ångbåtar
494 620 59 19 ökats
569 626 69 18 genom
654 620 131 24 påläggandet
801 620 21 20 af

64 649 36 19 tull
118 649 12 19 å
145 649 73 19 sådana
232 648 65 25 fartyg
313 648 20 20 af
347 650 75 18 mindre
439 651 24 17 än
479 648 111 24 sjuhundra
605 651 44 17 tons
666 649 111 24 drägtighet
791 648 29 20 äf-

64 683 80 14 vensom
166 678 37 19 ock
225 677 12 20 å
251 677 31 20 för
297 678 175 24 ångbåtsbyggnad
487 678 127 23 nödvändiga
629 678 118 23 råmaterial,
763 678 58 19 torde

65 706 33 19 det
120 712 48 13 vara
188 706 73 20 enhvar
275 706 60 24 klart,
350 709 29 17 att
395 707 111 23 utsigterna
522 706 32 19 för
569 706 26 19 all
611 706 70 24 sjöfart
696 706 63 20 under
773 708 48 18 när-

64 735 86 19 varande
173 735 28 19 tid
224 737 35 18 äro
281 741 42 13 mer
343 738 24 17 än
383 735 103 20 tröstlösa.
517 735 58 19 Hvad
590 734 51 20 skall
657 735 25 19 då
697 730 124 29 Ålänningen

64 766 46 21 taga
132 764 30 23 sig
181 762 42 21 till?
239 775 25 2 —
281 764 48 18 Idka
343 764 120 23 jordbruket
479 763 36 20 och
532 764 45 19 dess
592 763 124 24 binäringar;
732 770 43 13 men
791 763 29 20 äf-

64 798 37 13 ven
120 792 117 19 härutinnan
257 792 104 24 ställa'sig
375 792 112 24 utsigterna
502 792 32 19 för
549 790 74 22 honom
638 792 91 20 mörkare
745 795 24 17 än
785 798 35 14 an-

64 821 111 19 norstädes.
204 820 35 20 Om
259 821 34 24 jag
315 820 88 25 förbigår
426 821 38 19 den
487 820 104 25 fördyring
614 820 21 20 af
651 821 116 23 jordbruks-
784 821 36 19 och

64 849 160 26 mejeriredskap,
240 855 41 13 som
297 850 62 28 under
374 849 50 19 form
440 849 21 19 af
475 850 37 18 tull
528 850 61 19 sedan
606 850 22 18 år
644 848 54 21 1885
714 852 70 22 tynger
795 850 26 24 på

65 878 105 23 desamma,
185 878 99 19 äfvensom
299 873 76 24 Ålands
391 878 76 19 mindre
483 878 55 19 areal
554 878 22 19 af
589 878 103 20 bebrukad
707 879 37 19 och
759 878 62 20 bruk-

64 907 36 19 bar
113 906 53 24 jord,
186 907 90 24 qvarstår
291 907 52 19 dock
358 907 94 19 häradets
469 906 86 20 afskilda
571 907 36 19 och
623 907 62 19 under
701 907 37 19 fem
754 906 67 20 tolfte-

64 935 56 20 delar
141 935 21 20 af
183 935 42 20 året
247 938 49 17 nära
318 941 39 19 nog
379 935 118 25 afspärrade
517 936 44 23 läge
577 936 65 19 såsom
658 941 22 14 en
696 936 83 19 hämsko
795 935 26 24 på

64 964 37 28 den
124 964 111 23 utveckling
257 965 58 19 dessa
337 964 144 24 handteringar
503 965 66 18 kunde
585 964 65 25 fröjda
666 965 29 23 sig
710 965 63 23 öfver,
789 970 31 14 om

63 987 65 25 Åland
149 993 51 19 hade
221 993 88 20 tillträde
331 993 31 19 till
385 999 24 13 en
425 995 65 18 större
506 993 117 19 marknads-
639 993 36 19 och
691 993 128 24 afsättnings-

63 1021 52 24 plats
131 1021 43 20 året
189 1027 36 14 om.

131 1050 36 19 Att
181 1050 39 19 alla
235 1050 24 19 de
275 1050 128 24 uppräknade
419 1049 201 20 missförhållandena
635 1050 64 20 blifvit
713 1050 107 24 behörigen

63 1078 194 24 uppmärksammade
273 1078 57 29 äfven
346 1079 138 25 annorstädes,
500 1078 87 25 framgår
602 1079 60 19 bland
677 1081 62 17 annat
753 1079 26 23 af,
791 1081 30 17 att

64 1106 199 21 Guvernörsembetet
285 1108 6 18 i
314 1101 45 26 Åbo
383 1108 32 19 län
439 1094 63 32 under
517 1107 48 20 flere
580 1107 23 20 år
619 1108 28 18 uti
663 1108 42 19 sina
721 1108 29 19 till
766 1107 55 20 Hans

63 1135 112 24 Kejserliga
196 1135 95 29 Majestät
312 1135 75 25 afgifna
409 1136 155 19 årsberättelser
586 1136 102 24 föreslagit
706 1136 115 19 skattened-

63 1164 88 24 sättning
173 1163 31 20 för
225 1165 76 19 Ålands
324 1165 69 25 härad,
414 1164 81 19 hvarför
515 1165 39 19 ock
575 1165 35 24 jag
629 1171 25 13 nu
670 1165 36 19 har
721 1167 48 17 äran
784 1165 37 18 hos

62 1192 104 25 Välloflige
189 1192 168 25 Borgareständet
379 1180 101 33 vördsamt
496 1193 74 20 föreslå
586 1199 31 14 om
633 1193 122 23 underdånig
770 1193 50 24 peti-

62 1222 42 19 tion
120 1221 22 20 af
155 1221 108 20 Ständerne
279 1222 78 19 derom:

265 1280 32 19 att
317 1277 64 22 Hans
400 1278 126 27 Kejserliga
541 1277 107 28 Majestät
663 1277 79 22 täcktes
757 1277 8 21 i
779 1278 42 21 nå-

198 1306 38 21 der
249 1306 116 27 förordna,
381 1309 34 18 att
429 1308 79 19 räntor
523 1306 38 21 och
578 1307 85 20 muntal
674 1307 13 20 å
699 1305 122 29 lägenheter

198 1335 57 20 inom
277 1329 87 28 Ålands
383 1335 78 21 härad.
478 1335 74 21 hvilka
562 1335 43 26 för
620 1335 155 21 århundraden
790 1342 31 14 se-

177 1365 2 2 *
199 1363 44 21 dan
259 1363 72 28 blifvit
345 1364 128 28 skattlagda
488 1366 58 19 samt
560 1371 96 19 numera,
675 1364 33 21 till
717 1363 65 28 följd
795 1363 29 26 af

199 1392 68 22 redan
285 1400 25 14 en
327 1393 77 27 längre
419 1393 34 21 tid
467 1392 101 22 rådande
583 1392 135 22 ekonomiska
728 1392 93 28 förhål-

199 1422 80 20 landen
301 1422 38 20 och
361 1421 127 27 minskning
503 1422 9 20 i
526 1421 110 21 särskilda
647 1421 122 27 förmåner,
785 1422 34 20 så-

198 1456 44 15 som
258 1450 57 27 fiske
338 1450 39 21 och
398 1450 90 27 sjöfart,
504 1450 22 27 ej
540 1450 63 28 gifva
614 1450 42 26 för
672 1450 58 21 tiden
746 1450 73 21 beräk-

132 1488 155 19 Statsutskottets
299 1488 122 19 betänkande
433 1489 37 18 N:o
483 1490 26 17 12.
