1048 1731
258 118 13 20 2
475 117 210 24 Petitionsbetänkande
701 117 32 23 N:o
749 117 39 23 44.

230 181 159 24 stämmobeslut,
405 187 42 14 som
462 182 7 19 i
485 182 66 19 denna
570 181 36 20 sak
621 181 67 21 blifvit
703 182 31 19 till
751 187 32 14 oss
799 181 154 21 öfverlemnade.
969 182 25 19 Vi

229 210 81 24 bilägga
332 211 81 19 härmed
432 210 156 25 petitionslistor
603 209 45 20 frän
664 210 27 21 23
707 211 74 23 städer,
796 211 163 20 undertecknade
975 210 21 20 af

229 238 132 20 tillsammans
382 237 78 26 22,162
476 244 104 20 personer,
596 239 56 19 hvari
669 239 88 20 anhälles
773 239 43 20 dels
833 245 31 14 om
879 239 60 20 totalt
954 239 39 20 för-

230 267 48 24 bud,
301 267 43 20 dels
367 273 32 14 om
421 267 148 20 förberedande
588 267 95 24 ätgärder
697 267 33 20 för
744 269 30 18 att
789 268 7 19 i
811 273 25 14 en
852 273 47 14 snar
913 267 80 20 framtid

230 296 27 19 nä
279 296 56 19 detta
358 297 45 22 mål,
422 296 37 19 och
475 295 66 20 likaså
556 295 58 20 listor
629 295 44 20 från
691 296 25 19 15
733 296 174 20 landskommuner
921 297 72 19 under-

230 324 108 20 tecknade'
353 324 22 19 af
392 323 63 25 8,370
471 329 98 19 personer
584 323 32 20 för
630 323 116 26 förbudslag
761 326 52 18 samt
828 325 95 24 derjemte
939 325 54 20 kom-

229 353 219 19 munalstämmobeslut
468 353 44 19 frän
529 351 41 20 176
586 353 122 25 kommuner,
724 353 71 20 hvaraf
811 353 41 20 152
868 353 32 20 för
915 353 78 21 absolut

230 380 73 21 förbud
323 382 37 19 och
375 381 28 20 24
419 381 32 20 för
466 383 65 18 större
546 380 51 20 eller
612 381 76 20 mindre
704 381 169 25 inskränkningar
888 383 7 18 i
909 388 27 14 nu
951 383 41 23 gäl-

230 409 60 21 lande
306 409 147 25 förordningar.

299 438 30 19 Ur
351 439 60 19 dessa
432 439 120 23 handlingar
575 438 110 25 framlyser'
702 439 109 24 otvetydigt
832 445 24 14 en
871 441 77 19 önskan
963 442 30 18 att

231 469 29 17 ett
283 469 56 17 snart
361 467 40 19 slut
424 467 61 20 mätte
505 469 58 22 göras
579 467 26 24 pä
620 473 24 13 en
659 467 125 24 handtering,
799 467 73 21 hvaraf
885 469 107 24 petitionä-

230 500 59 15 rerne
305 495 72 20 endast
392 497 59 19 vänta
469 495 64 21 skada
548 495 31 20 för
594 495 48 20 land
657 495 37 21 och
709 495 50 20 folk.
789 496 40 20 För
845 502 49 20 egen
910 498 31 20 del
957 500 35 18 äro

229 524 20 19 vi
265 524 58 20 äfven
346 524 45 20 fullt
410 524 129 25 öfvertygade
555 530 31 14 om
602 526 30 18 att
646 524 259 27 rusdryckshandteringen,
921 528 7 18 i
943 527 49 19 hvil-

229 552 41 20 ken
293 552 51 20 form
367 553 38 19 den
421 555 24 17 än
462 554 31 18 mä
508 553 84 23 tillätas,
608 552 58 20 alltid
681 555 23 17 är
719 554 63 23 egnad
797 555 31 18 att
842 555 62 19 verka
919 556 72 19 förstö-

229 581 64 19 rande
315 582 26 24 pä
364 582 111 23 samhället,
500 582 38 19 och
554 582 24 19 de
594 582 52 19 enda
661 582 165 24 betänkligheter,
843 589 42 14 som
900 585 91 23 möjligen

229 609 67 20 kunde
304 632 6 4 ;
309 610 64 26 hålla
397 616 32 14 oss
452 610 90 26 tillbaka,
563 610 47 19 bero
627 610 25 24 pä
667 610 140 20 medvetandet
822 610 21 20 af
857 614 30 17 att
901 613 8 18 i
924 613 68 19 landet

229 638 64 20 finnas
309 638 126 20 vidsträckta
450 639 37 19 och
502 638 147 25 inflytelserika
664 638 86 24 kretsar,
766 639 68 20 hvilka
848 640 45 20 icke
909 641 83 19 bedöma

228 666 71 24 frägan
322 667 44 20 frän
390 673 73 14 samma
479 667 126 24 ständpunkt
625 672 41 14 som
682 668 25 23 vi,
724 668 37 19 och
777 668 78 20 hvilkas
871 670 99 20 motständ
985 670 7 18 i

227 695 40 25 hög
281 696 50 24 grad
345 696 66 19 kunde
427 696 115 24 äfventyray
557 695 99 25 följderna
671 695 22 20 af
705 701 25 14 en
745 697 66 23 möjlig
826 698 81 20 reform.

296 724 61 20 Detta
379 725 107 24 motstånd,
507 725 25 19 de
550 730 31 14 om
604 726 35 18 äro
662 724 19 19 vi
703 724 118 25 förvissade,
845 726 59 20 beror
920 728 70 19 endast

229 752 31 20 till
283 758 25 14 en
331 753 56 24 ringa
410 754 84 20 bräkdel
516 753 26 25 pä
564 753 76 19 sädana
662 753 114 24 personliga
799 754 51 24 skäl,
868 757 41 18 mot
924 756 67 19 hvilka

229 781 69 24 hvarje
321 782 121 24 bevisföring
465 785 22 17 är
507 782 93 23 fruktlös;
616 782 6 18 i
638 782 46 19 vida
699 784 74 22 vägnar
788 782 61 24 högre
865 784 48 24 grad
928 784 62 26 måste

229 810 88 20 motiven"
341 811 66 19 dertill
429 812 60 19 sökas
505 811 50 22 deri,
570 813 30 17 att
615 810 69 24 frågan
700 813 52 17 ännu
767 813 23 17 är
803 812 146 23 jemförelsevis
964 818 26 19 ny

230 838 37 20 hos
291 844 32 14 oss
340 840 37 19 och
393 839 44 20 icke
452 840 71 19 hunnit
538 838 62 20 blifva
615 839 22 19 sä
653 839 87 24 allsidigt
755 839 116 25 bearbetad,
887 846 42 14 som
945 841 44 25 den,

229 866 34 20 för
285 869 30 18 att
337 868 67 19 kunna
426 869 61 19 verka
505 874 25 13 en
546 868 72 19 allmän
634 868 129 23 omstämning
778 868 6 18 i
801 869 122 20 tänkesättet
937 870 53 19 inom

231 896 38 19 den
286 902 53 14 mera
354 897 101 19 tänkande
471 897 37 19 och
524 896 101 24 skeptiskt
640 896 85 24 anlagda
741 896 58 20 delen
815 897 21 19 af
850 898 139 24 allmänheten,

229 924 65 20 mäste
317 930 53 15 vara.
401 925 54 20 Enär
471 925 111 20 emellertid
598 925 74 20 tanken
687 925 26 25 pä
729 927 28 18 ett
773 925 122 21 afskaffande
911 926 22 21 af
946 932 44 14 rus-

230 953 219 25 dryckshandteringen
472 954 70 24 i,alla
564 954 106 19 händelser
694 954 61 19 redan
778 955 70 19 hunnit
870 955 64 26 djupt:
949 958 42 17 rot-

229 981 54 21 fästa
305 983 30 23 sig
356 983 7 18 i
385 983 78 24 ganska
482 983 125 19 vidsträckta
629 983 86 23 kretsar,
738 983 37 19 och
791 989 24 13 en
831 983 63 20 sädan
909 984 80 24 reform,

229 1010 96 21 förutsatt
346 1013 30 18 att
398 1012 38 19 den
459 1011 40 20 kan
523 1011 131 24 genomföras,
675 1011 71 20 endast
761 1011 39 20 kan
815 1012 62 19 verka
891 1013 100 23 gagneligt

229 1040 38 19 och
291 1040 6 19 i
319 1040 51 19 intet
392 1040 93 19 afseende
509 1040 88 24 skadligt
613 1040 26 24 pä
654 1040 69 19 landet
737 1040 6 19 i
759 1040 30 19 sin
805 1040 72 25 helhet,
893 1047 47 14 vore
957 1041 34 20 det

229 1068 73 20 endast
317 1074 24 14 en
357 1069 58 19 enkel
430 1069 50 24 gärd
495 1068 22 20 af
531 1069 84 19 rättvisa
630 1070 30 18 att
677 1069 41 19 läta
733 1069 38 19 den
787 1069 114 20 vederfaras
917 1075 73 14 samma

229 1097 181 24 uppmärksamhet,
427 1103 42 14 som
483 1097 83 20 kommit
580 1097 79 24 mänget
675 1099 60 18 annat
749 1097 151 25 reformförslag
910 1098 22 19 af
940 1099 49 18 min-

230 1126 36 19 dre
282 1126 166 24 genomgripande
463 1126 42 24 vigt
524 1126 31 19 till
572 1126 38 25 del,
626 1127 30 18 att
671 1126 124 19 undersökas
811 1126 21 20 af
846 1132 24 13 en
886 1126 67 20 derför
969 1126 22 20 af

229 1154 79 20 landets
324 1155 84 24 styrelse
423 1155 81 19 nedsatt
515 1155 83 23 komit6,
614 1155 86 23 hvilken,
716 1155 26 24 pä
757 1155 63 23 grund
836 1155 22 19 af
871 1155 24 19 de
910 1155 80 24 upplys-

229 1183 72 24 ningar
316 1183 38 19 den
369 1183 78 20 komme
463 1185 29 18 att
507 1183 123 24 införskaffa,
648 1183 71 24 jemväl
734 1183 63 19 borde
813 1183 76 20 erhälla
904 1185 86 23 uppdra-

229 1214 34 21 get
285 1213 30 18 att
336 1214 94 22 upprätta
445 1212 75 23 förslag
535 1212 31 19 till
582 1214 28 17 ett
626 1212 76 23 slutligt
717 1212 102 19 ordnande
835 1211 22 20 af
871 1212 119 25 lagstiftnin-

229 1246 39 18 gen
283 1241 86 18 rörande
385 1241 126 24 rusdrycker,

299 1268 116 24 Syftemälet
430 1269 45 19 med
490 1269 38 20 den
544 1269 75 19 komit6
635 1269 19 20 vi
670 1269 49 24 väga
734 1268 75 20 föreslä
825 1269 63 20 skulle
905 1270 84 19 sälunda

230 1303 49 14 vara
295 1297 109 24 tväfaldigt.

298 1326 40 19 För
358 1326 34 19 det
407 1325 64 20 första
485 1326 63 19 borde
564 1326 87 19 komitön
667 1326 84 19 insamla
766 1326 60 20 säkra
841 1326 46 19 data
904 1327 85 19 rörande

229 1354 74 20 hittills
329 1355 90 23 gällande
443 1354 243 25 rusdryckslagstiftnings
709 1355 98 19 inverkan
829 1355 26 24 pä
878 1355 45 19 värt
945 1357 45 22 eget

228 1382 52 21 folk.
310 1383 211 24 Sammanställningar
536 1384 22 18 af
571 1385 101 23 uppgifter
686 1384 45 19 frän
747 1382 117 22 brännerier
879 1384 37 19 och
931 1384 60 24 sprii-

229 1411 167 25 förädlingsverk,
426 1412 241 24 utskänkningsbolagens
686 1407 7 34 =
700 1412 160 24 ärsberättelser,
891 1412 100 24 uppgifter

300 1450 202 18 Ekonomiutskottets
515 1450 125 23 betänkande
649 1450 36 18 N:o
700 1452 25 16 17.
