1048 1731
225 117 378 26 Petitionsbetänkande
618 126 50 17 n:o
679 121 32 22 9.

367 423 124 24 Allmänna
528 423 253 28 Besvärsutskottets
815 423 36 24 be-

297 457 122 24 tänkande
444 457 31 25 N:o
501 457 10 24 7?
533 457 40 24 med
590 457 99 29 anledning
704 457 21 24 af
738 458 66 24 tvenne
819 458 33 24 till

300 492 91 29 Borgare-
413 491 34 25 och
471 491 141 25 Bondeståndet
633 491 102 25 inlemnade
753 492 99 28 petitions-

300 526 72 28 förslag
397 533 28 17 om
450 526 106 31 beviljande
581 526 21 24 af
623 526 60 29 årligt
705 526 102 25 understöd
831 527 21 25 åt

300 560 94 24 inhemske
409 560 149 25 skriftställare.

164 630 69 21 Jemte
262 629 198 27 protokollsutdrag
484 629 23 21 af
528 629 41 21 den
594 630 18 25 7,
636 635 54 21 resp.
713 631 14 20 4
749 630 104 22 Februari

95 664 65 22 hafva
184 664 103 26 Borgare-
310 663 39 21 och
371 663 168 22 Bondestånden
562 664 34 20 till
618 664 113 21 Allmänna
753 664 101 22 Besvärs-

97 698 117 22 utskottets
236 698 128 26 behandling
387 697 142 22 öfverlemnat
551 699 77 21 tvenne
652 698 23 21 så
694 698 92 28 lydande
800 699 55 27 peti-

95 732 147 26 tionsförslag:

167 790 167 27 (Öfversättning.)

258 852 49 17 Till
319 851 134 23 vällofliga
467 851 227 23 Borgareståndet!

168 908 68 18 Såsom
256 908 65 21 kändt,
333 908 36 18 har
381 908 43 18 vårt
436 908 56 18 lands
505 908 93 24 regering
611 908 59 18 redan
682 909 60 17 under
755 908 61 18 åratal
827 910 28 16 ta-

100 937 30 23 git
149 937 31 23 sig
197 943 25 12 an
233 936 38 19 och
281 937 44 18 med
337 936 109 24 betydande
459 938 120 22 statsanslag
592 936 103 24 befrämjat
707 938 37 17 den
756 938 101 17 inhemska

100 966 88 21 konsten,
212 966 63 17 såsom
299 966 113 17 dramatisk-
437 966 38 17 och
498 966 136 22 mälarekonst,
658 967 63 17 musik
746 966 37 18 och
803 967 54 22 sång.

100 995 44 17 Den
168 994 94 23 originala
285 994 101 18 inhemska
406 995 173 18 skönlitteraturen
599 995 36 17 har
654 995 86 18 deremot
759 995 51 18 ända
829 995 29 17 till

99 1023 49 18 våra
167 1023 60 23 dagar
246 1023 25 24 på
288 1023 30 18 sin
335 1024 36 17 lott
391 1024 76 17 erhållit
483 1025 70 16 nästan
566 1024 50 17 intet
628 1023 20 18 af
660 1023 61 18 denna
733 1024 125 23 regeringens

100 1057 84 18 omsorg.

169 1080 35 17 Att
222 1080 36 18 den
270 1081 74 17 ändock
355 1081 49 18 både
416 1080 97 24 förtjenar
525 1081 36 18 och
573 1080 93 19 behöfver
677 1082 27 17 ett
717 1081 62 24 dylikt
791 1081 68 23 skydd,

101 1109 51 17 lärer
164 1109 59 22 ingen
234 1109 85 18 förneka.

171 1137 29 24 Ty
219 1138 115 23 näppeligen
352 1138 55 17 torde
423 1144 46 12 man
481 1138 67 17 kunna
560 1138 50 18 neka
622 1139 28 16 att
663 1138 83 18 erkänna
758 1138 37 18 den
807 1139 53 17 stora

103 1166 105 23 betydelse,
226 1172 42 12 som
287 1167 7 17 i
315 1166 106 24 synnerhet
441 1168 28 16 ett
489 1167 43 18 litet
544 1166 41 18 folk
598 1167 35 17 bör
644 1167 82 17 tillmäta
738 1167 122 17 skönlittera-

102 1196 63 19 turen,
182 1195 79 18 hvilken
279 1195 120 24 återspeglar
416 1195 73 18 folkets
513 1195 91 18 karaktär
617 1195 36 18 och
664 1195 68 23 lägger
743 1195 7 17 i
762 1194 63 24 dagen
838 1195 23 18 de

102 1223 37 18 hos
150 1223 62 18 folket
223 1224 84 17 rådande
319 1224 105 23 egenheter
436 1224 37 17 och
486 1223 164 24 äskädningssätt.
674 1223 75 18 Genom
760 1223 38 18 den
811 1229 50 18 egna

102 1252 171 18 skönlitteraturen
293 1253 29 17 lär
339 1252 62 19 folket
418 1254 29 16 att
459 1253 67 17 känna
538 1253 31 22 sig
582 1252 54 23 sjelft
648 1252 35 18 och
695 1252 38 17 kan
745 1251 33 18 det
791 1251 71 19 bevara

103 1281 31 17 sin
158 1281 135 24 sjelfständiga
315 1281 105 18 nationella
443 1281 94 18 karaktär
558 1283 47 16 utan
624 1282 28 16 att
671 1281 30 18 för
720 1280 78 24 mycket
812 1286 50 12 sam-

103 1310 116 17 mansmälta
237 1310 44 18 med
298 1311 52 22 yttre
368 1311 93 22 element;
481 1310 33 17 det
531 1310 39 17 kan
588 1309 81 18 sålunda
688 1309 61 18 bättre
761 1309 60 18 häfda
833 1310 30 17 sin

103 1338 51 23 plats
166 1338 57 18 bland
235 1339 118 17 nationerna.

173 1367 41 18 Och
233 1368 29 17 att
279 1367 35 18 vär
328 1367 102 19 inhemska
441 1363 100 23 litteratur
553 1369 21 16 är
586 1367 7 18 i
605 1366 61 19 behof
675 1366 22 18 af
707 1366 62 24 skydd
781 1366 37 18 och
830 1372 34 12 un-

102 1396 86 22 derstöd,
202 1396 85 24 framgår
299 1396 51 18 klart
362 1396 22 18 af
394 1397 62 23 några
469 1396 20 18 få
501 1396 71 22 siffror,
584 1396 68 18 hvilka
663 1396 42 18 visa
717 1395 100 18 hurudana
829 1395 36 17 ho-

104 1430 59 12 norar
182 1425 29 17 till
231 1425 87 24 exempel
337 1426 47 17 våra
401 1427 52 16 mest
465 1425 133 18 framstående
610 1424 141 24 finskspråkiga
763 1423 102 19 författare

103 1453 27 23 pä
142 1453 179 19 skönlitteraturens
334 1454 78 18 område
424 1454 32 18 för
469 1454 42 18 sina
524 1454 80 18 arbeten
618 1453 77 18 erhålla.
716 1452 150 19 Undertecknad

174 1490 98 16 Allmänna
284 1489 171 17 Besvärsutskottets
470 1489 114 17 betänkande
596 1488 34 18 N:o
644 1488 16 17 7.
