1048 1731
299 123 72 23 Ständ.
386 123 42 22 Pet.
444 136 27 3 —
488 123 141 23 Petitionsbet.
648 124 34 21 N:o
697 124 18 22 1.
847 123 14 22 3

203 187 30 21 På
243 187 64 21 dessa
317 187 46 21 skäl
375 187 64 21 hafva
450 187 123 21 Ständerna
584 189 72 19 ansett
672 187 77 27 frågan
765 194 36 15 om
816 187 74 21 åstad-

134 221 131 22 kommande
281 221 22 21 af
317 228 26 15 en
356 222 92 27 jernväg
463 222 80 21 mellan
559 222 107 27 Uleåborg
682 222 42 21 och
745 222 85 22 Torneå
849 227 41 21 ega

135 256 41 21 den
187 257 49 26 vigt,
252 258 32 19 att
296 256 157 22 förberedande
469 257 101 26 åtgärder
586 257 108 26 snarligen
709 256 68 23 borde
791 257 99 26 vidtagas

134 297 79 22 genom
229 291 150 21 instrumental
394 291 163 27 undersökning
572 291 24 20 af
608 291 88 27 lämplig
712 292 125 26 sträckning
858 291 33 21 för

135 326 41 21 den
203 325 107 22 blifvande
338 325 72 21 banan
437 325 113 22 äfvensom
573 326 140 26 uppgörande
735 325 22 21 af
774 325 117 22 kostnads-

134 360 80 27 förslag
229 359 32 22 för
277 360 131 21 densamma,
440 360 31 21 Då
487 360 26 21 de
531 360 79 26 många
626 360 41 21 och
683 360 68 21 breda
766 360 95 21 elfvarne
884 360 6 20 i

135 395 72 21 denna
221 395 57 20 trakt
293 396 38 19 äro
347 395 6 20 i
368 395 43 27 hög
422 395 54 26 grad
491 395 121 26 hinderliga
627 394 33 21 för
675 394 214 27 landsvägstrafiken,

134 429 68 22 borde
217 429 206 27 kostnadsförslaget
439 429 106 21 innelatta
556 429 119 27 beräkning
691 429 64 21 äfven
770 429 33 21 för
817 429 72 25 broar,

135 464 71 21 hvilka
221 464 66 21 tillika
301 463 72 22 kunde
393 464 87 27 betjena
503 463 214 27 landsvägstrafiken,
742 464 41 21 och
806 464 84 27 hoppas

134 499 122 21 Ständerna
271 500 31 19 att
317 499 6 20 i
339 499 70 21 sinom
425 499 31 20 tid
471 499 22 21 få
508 499 34 21 del
558 498 23 21 af
594 498 111 22 resultatet
726 498 23 22 af
768 498 64 22 dessa
850 505 41 14 un-

135 533 164 27 dersökningar,
315 533 33 21 för
359 536 30 18 att
401 533 74 21 kunna
486 533 68 21 uttala
565 534 31 26 sig
613 540 35 14 om
665 533 123 21 utförandet
803 532 24 22 af
839 532 51 22 ifrå-

135 568 124 28 gavarande
272 568 96 28 jernväg.

204 632 45 22 Den
271 632 66 21 sedan
358 632 53 21 1872
433 632 36 21 års
487 632 104 26 landtdag
610 631 24 21 af
653 632 60 20 såväl
737 632 83 26 Regent
843 637 48 15 som

135 666 92 22 Ständer
242 666 220 28 uppmärksammade
478 666 76 28 frågan
570 673 36 15 om
622 672 27 15 en
663 666 227 26 sammanbindnings-

135 701 59 21 bana
209 701 59 21 öfver
283 701 116 27 Jyväskylä
411 702 94 20 emellan
520 701 69 21 Wasa
602 701 91 27 jernväg
709 701 41 21 och
766 701 41 21 den
823 700 68 22 redan

135 736 63 26 länge
214 736 109 26 påtänkta,
333 742 91 14 numera
444 736 23 20 af
484 736 123 20 Ständerna
627 736 99 20 beslutna
745 737 59 19 östra
824 736 67 20 stam-

135 770 74 21 banan
223 770 40 21 har
275 770 80 27 jemväl
365 770 36 21 vid
412 770 73 22 denna
496 770 103 27 landtdag
614 770 67 21 blifvit
697 772 109 26 upptagen
821 770 6 20 i
844 771 47 19 sär-

136 804 69 22 skilda
220 805 188 27 petitionsförslag,
431 805 114 21 vittnande
564 812 36 14 om
619 807 30 19 ett
668 805 59 27 lifligt
748 806 92 20 intresse
859 804 33 22 för

136 840 72 21 denna
220 840 239 26 jernvägsförbindelso.

205 874 79 28 Nyttan
300 876 20 19 al
336 877 31 18 att
383 874 116 22 förmedels
515 880 27 16 on
558 874 47 22 från
626 876 69 20 vester
715 874 29 21 till
756 875 59 21 öster
833 876 59 19 tvärs

136 915 80 21 genom
231 909 72 21 landet
318 909 83 27 gående
414 909 93 27 jernväg
523 909 99 21 förbinda
638 909 26 21 de
680 908 47 22 från
742 915 51 15 norr
810 908 30 21 till
856 910 36 20 sö-

137 944 38 21 der
194 944 92 27 löpande
304 944 133 27 stambanor,
459 944 73 21 hvilka
551 944 102 27 antingen
672 945 37 20 äro
730 944 94 27 anlagda
842 944 51 21 eller

136 979 31 20 till
187 978 112 21 utförande
317 979 106 26 beslutna,
439 979 64 21 torde
521 979 47 21 icke
586 979 74 21 kunna
679 979 49 21 med
749 979 46 20 skäl
814 978 79 27 ifråga-

137 1015 73 20 sättas.
241 1013 92 22 Landets
349 1016 72 19 vestra
441 1014 44 21 och
505 1015 60 20 östra
584 1014 58 21 delar
665 1015 37 20 äro
725 1013 7 21 i
753 1013 104 22 afseende
880 1014 13 20 å

136 1047 221 22 kulturförhållanden
379 1049 43 20 och
445 1049 114 20 industriel
574 1049 137 20 verksamhet
731 1048 84 27 ganska
835 1047 58 22 olika

137 1082 128 27 hvarandra,
282 1083 41 20 och
339 1083 67 21 redan
423 1083 85 21 derföre
532 1085 24 19 är
576 1089 26 15 en
623 1083 97 27 förening
741 1083 23 21 af
781 1083 112 20 desamma

137 1123 79 20 genom
229 1117 91 27 jernväg
335 1117 93 27 naturlig
444 1118 43 21 och
502 1117 106 28 påkallad.

207 1151 39 21 Det
269 1153 24 20 är
313 1152 56 21 dock
389 1152 83 27 tydligt,
496 1154 32 19 att
548 1151 123 22 utförandet
690 1151 23 22 af
730 1151 163 21 sammanbind-

138 1186 136 27 ningsbanan
290 1187 6 20 i
312 1187 49 21 hela
379 1187 49 21 dess
447 1187 127 26 sträckning
588 1187 46 20 icke
650 1187 43 20 kan
708 1186 6 20 i
730 1186 61 27 fråga
805 1185 89 22 komma

138 1221 68 21 innan
221 1221 26 22 de
262 1221 75 27 banor,
360 1221 73 21 hvilka
449 1222 129 21 densamma
594 1221 52 21 skall
666 1221 81 26 förena,
771 1221 72 26 någon
863 1220 31 21 tid

138 1255 68 22 blifvit
221 1256 134 27 trafikerade,
371 1257 42 20 och
429 1257 124 21 erfarenhet
569 1256 124 27 derigenom
709 1255 86 21 vunnits
814 1255 80 21 beträf-

138 1290 64 22 fande
225 1291 26 21 de
273 1291 136 27 lämpligaste
427 1291 275 28 anknytningspunkterna.
737 1289 28 22 Af
781 1290 113 27 petitions-

139 1325 108 27 förslagen
272 1326 100 27 framgår,
399 1328 31 19 alt
456 1327 74 26 någon
555 1325 100 22 bestämd
673 1325 55 27 åsigt
743 1325 7 20 i
766 1325 58 21 detta
840 1325 55 21 afse-

140 1360 60 27 ende,
217 1360 57 22 hvad
294 1361 101 21 beträffar
418 1361 156 27 sträckningen
599 1360 46 22 från
668 1360 115 28 Jyväskylä
806 1361 89 25 österut,

140 1397 58 20 ännu
214 1396 47 21 icke
276 1396 56 27 gjort
347 1396 32 27 sig
398 1396 107 27 gällande.
535 1396 49 21 Icke
604 1396 82 20 mindre
705 1397 28 19 än
751 1395 42 21 fem
813 1394 83 27 ganska

140 1431 44 21 vidt
200 1432 69 20 skilda
284 1432 82 26 förslag
388 1431 67 22 hafva
472 1432 110 26 nämligen
597 1430 104 28 uppstälts
717 1429 33 21 för
769 1430 127 20 densamma
