1048 1731
291 125 239 25 Petitionsbetänkande
547 126 35 22 N:o
599 126 21 21 2.
793 125 26 20 13

249 190 50 19 Till
315 189 142 24 Vällofliga
472 189 223 24 Borgareståndet.

163 235 180 24 Stadsfullmägtige
359 235 6 18 i
382 235 78 23 Kajana
475 235 44 19 stad
537 235 58 18 hafva
610 240 69 18 genom
690 235 71 24 utdrag
772 241 23 13 ur
802 240 46 19 pro-

93 263 90 24 tokollet,
209 263 53 20 fördt
277 264 32 18 vid
325 264 58 19 deras
407 264 145 19 sammanträde
572 264 36 18 den
625 263 12 19 3
654 263 89 19 sistlidne
758 263 89 23 Januari,

94 293 73 18 lemnat
182 293 37 23 mig
235 293 30 18 del
281 293 21 18 af
317 298 22 13 en
364 293 70 22 mängd
461 292 154 25 önskningsmål,
642 297 40 14 som
706 295 67 16 ortens
792 293 57 18 inne-

95 321 71 19 vånare
190 321 32 19 vid
237 323 28 17 ett
281 321 119 24 föregående
424 321 37 23 dag
484 321 68 22 hållet,
576 321 69 18 talrikt
663 321 72 18 besökt
750 323 51 16 möte
817 324 30 15 ut-

94 351 58 22 talat,
175 350 43 19 med
234 350 91 19 anhållan
341 352 30 16 att
387 350 34 23 jag
437 350 36 19 bos
489 349 109 24 Vällofliga
620 349 167 24 Borgareståndet
802 349 45 18 ville

93 379 111 19 framställa
220 379 57 18 dessa
292 378 149 23 önskningsmål
457 379 6 18 i
479 378 50 19 form
546 378 21 19 af
581 378 112 24 petitioner.

167 407 8 18 I
191 407 23 19 de
230 408 103 23 vigtigaste
356 407 113 24 punkterna
493 407 171 23 tillmötesgående
687 407 52 18 mina
761 406 87 18 valmäns

94 436 84 23 önskan,
194 436 83 19 utbeder
291 437 33 22 jag
340 436 37 23 mig
393 441 26 13 nu
435 438 30 17 att
480 435 51 20 först
547 435 20 20 få
582 435 113 24 ödmjukast
710 434 81 25 påkalla
802 434 46 19 Väl-

95 464 69 23 lofliga
181 465 88 18 ståndets
292 465 89 23 benägna
404 465 174 23 uppmärksamhet
594 465 6 18 i
616 470 23 13 en
656 464 61 25 fråga,
733 469 42 13 som
791 469 57 18 synes

95 498 48 14 vara
168 493 20 19 af
212 496 41 16 stor
277 493 101 24 betydelse
404 493 31 19 för
461 493 91 19 bemälda
575 493 44 19 stad
640 493 35 19 och
699 492 149 24 kringliggande

94 522 96 20 landsort.

167 618 77 25 Kajana
260 618 27 20 elf
301 619 43 19 med
361 620 42 18 sina
419 619 76 25 många,
511 620 63 18 strida
592 619 64 19 forsar
672 621 27 22 är,
716 624 41 13 som
767 617 80 24 bekant,

96 648 96 18 alltsedan
218 647 53 20 1840
295 648 49 18 talet
367 648 82 18 försedd
464 648 44 18 med
524 650 72 16 tvenne
612 648 79 24 slussar,
708 646 99 20 inrättade
823 646 25 23 på

96 676 24 19 de
143 676 88 19 svåraste
257 676 90 22 ställena,
364 676 37 19 den
419 682 36 13 ena
471 676 32 19 vid
518 672 70 24 Ämmä
604 675 108 24 vattenfall,
732 676 37 18 den
785 674 62 20 andra

95 705 33 19 vid
144 704 122 20 Koivukoski
289 704 48 24 fors,
353 705 61 23 begge
433 705 6 18 i
457 705 80 19 stadens
554 707 98 17 närmaste
667 704 76 25 närhet,
760 709 43 13 men
819 702 28 20 af-

95 734 62 18 sedda
180 734 123 18 uteslutande
326 734 31 18 för
380 734 99 23 tjärbåtar
501 734 37 19 och
554 734 79 19 derföre
663 733 64 24 bygda
743 732 22 19 så
780 732 67 23 smala,

95 764 30 17 att
140 762 70 18 endast
225 762 67 23 dylika
307 762 100 19 farkoster
423 763 66 18 kunna
505 768 83 18 passera
604 768 69 18 genom
684 762 49 20 dem,
753 760 94 20 Emeller-

94 790 30 19 tid
149 790 104 20 trafikeras
268 791 7 18 i
289 791 48 19 våra
360 792 61 22 dagar
446 791 52 19 Uleä
520 792 55 18 träsk
598 791 12 19 å
626 796 36 14 ena
685 790 36 19 och
745 790 104 19 Sotkamo-

95 819 77 19 Kuhmo
188 820 53 23 sjöar
257 820 11 18 å
283 820 62 18 andra
361 820 56 18 sidan
433 820 22 18 af
469 820 97 24 ångbåtar
582 820 36 19 oeh
634 819 123 25 lastpråmar,
781 818 66 19 hvilka

95 848 49 19 hvar
159 848 26 23 på
200 848 34 18 sitt
249 848 40 19 håll
305 848 96 20 förmedla
417 851 103 21 transport
536 848 21 20 af
571 848 55 20 såväl
636 848 47 24 gods
695 854 41 12 som
745 852 102 20 personer,

95 879 47 17 utan
159 879 29 16 att
202 876 66 20 kunna
291 877 112 24 ombesörja
428 878 65 23 någon
510 877 146 24 genomgående
672 876 67 23 trafik,
755 876 22 18 så
793 876 56 22 länge

95 904 91 20 forsarne
202 905 6 18 i
223 905 77 24 Kajana
315 906 29 18 elf
358 906 59 20 ställa
432 906 71 20 hinder
519 907 95 19 deremot.
645 905 83 19 Hvilken
745 904 105 24 olägenhet

96 933 32 20 för
143 933 77 24 Kajana
235 935 50 24 stad,
302 940 22 14 en
341 934 111 20 vidsträckt
475 936 100 19 landsorts
598 934 51 20 enda
671 934 178 24 handelscentrum,

95 968 26 13 en
137 963 61 18 sådan
214 963 49 19 brist
283 964 1 18 i
300 963 219 20 kommunikationerna
534 964 83 23 medför,
634 966 22 16 är
671 963 36 19 lätt
722 962 72 19 insedt.
811 961 39 20 Det

96 993 23 18 är
134 991 52 20 dock
201 991 44 20 icke
261 992 50 19 blott
327 993 69 18 staden
413 992 37 19 och
467 993 45 19 dess
535 993 188 22 handelsintressen,
740 994 47 16 utan
802 991 48 23 jem-

96 1020 32 19 väl
144 1020 24 19 de
183 1020 69 23 många
268 1021 36 18 och
329 1024 54 16 stora
406 1021 162 24 landskomuner,
584 1021 67 19 hvilka
667 1023 34 16 äro
717 1020 85 23 belägna
817 1019 33 18 vid

96 1048 151 26 ofvannämnda,
264 1049 29 19 till
316 1050 57 19 tiotal
396 1050 33 19 mil
445 1050 30 24 sig
493 1050 123 19 utbredande
642 1049 59 25 sjöar,
717 1054 41 13 som
774 1048 41 19 lida
831 1047 21 20 af

95 1077 66 19 denna
176 1077 55 20 brist.
263 1077 41 20 Och
330 1079 112 18 densamma
465 1084 47 14 vore
536 1079 61 19 likväl
619 1078 75 24 ganska
713 1078 38 19 lätt
766 1077 85 24 afhjelpt

96 1107 50 18 samt
162 1111 24 14 en
202 1105 127 26 oberäknelig
345 1107 77 19 lättnad
438 1107 32 19 för
486 1107 86 20 trafiken
588 1112 77 14 vunnen
676 1105 175 28 (,paikkakunnan

96 1134 100 19 liikkeelle
212 1137 127 17 arvaamaton
355 1136 121 25 helpoitus*,
497 1137 65 18 såsom
578 1136 61 19 orden
655 1136 45 23 lyda
716 1135 5 19 i
737 1134 113 24 åberopade

95 1163 199 26 protokollsutdrag),
310 1165 7 18 i
333 1164 33 19 fall
383 1165 78 23 Kajana
477 1165 28 19 elf
520 1165 64 19 blefve
599 1165 26 24 på
640 1170 24 13 en
680 1164 79 19 sträcka
775 1163 22 19 af
806 1163 45 23 föga

96 1197 42 14 mer
153 1194 24 17 än
194 1190 49 28 11/,
267 1196 54 15 verst
343 1193 126 24 fullständigt
492 1194 133 19 kanaliserad.
656 1193 46 19 Man
725 1191 86 20 skrifver
826 1191 25 24 pä

95 1221 80 18 enskild
197 1223 37 21 väg
257 1221 30 19 till
309 1222 45 23 mig,
377 1224 30 17 att
422 1222 37 19 den
477 1222 132 23 dalsänkning
627 1222 21 19 af
662 1221 81 24 ungefär
759 1219 11 20 1
787 1222 64 17 versts

96 1249 67 26 längd,
187 1255 41 13 som
243 1250 26 23 pä
284 1255 61 14 norra
369 1251 56 18 sidan
449 1250 22 19 af
486 1251 64 19 elfven
574 1254 56 20 tager
649 1251 28 18 sin
694 1250 69 23 början
780 1249 71 18 mellan

96 1278 193 24 Kyynäspäänniemi
305 1279 36 19 och
357 1279 134 24 Linnanpelto
508 1280 37 19 och
560 1280 36 23 gär
611 1285 40 18 upp
666 1281 40 17 mot
721 1279 82 18 Kuurna
811 1277 40 26 vik,

95 1307 63 19 borde
174 1307 83 24 erbjuda
272 1307 80 24 lämplig
368 1310 81 21 terräng
473 1308 30 19 för
519 1308 97 19 kanalens
632 1308 117 23 anläggning
765 1307 6 18 i
787 1307 65 18 denna

96 1335 33 20 del
145 1335 21 19 af
180 1336 100 19 sträckan.
299 1336 75 19 Mellan
390 1337 83 18 Kuurna
490 1337 32 18 vik
539 1337 36 19 och
590 1336 133 25 Rehjänselkä
739 1336 36 19 har
790 1336 62 18 redan

96 1364 84 24 tidigare
196 1370 24 14 en
236 1365 49 19 bred
300 1365 92 24 gräfning
415 1365 68 19 blifvit
508 1366 64 24 gjord,
588 1365 72 20 ämnad
679 1367 29 17 att
723 1365 64 19 lemna
802 1363 49 20 flod-

96 1395 76 17 vattnet
188 1394 28 18 ett
231 1394 100 23 hastigare
347 1394 74 24 aflopp,
444 1400 44 13 men
505 1395 65 19 denna
585 1394 90 24 gräfning
691 1394 51 19 skall
757 1393 44 19 icke
817 1398 34 14 ens

95 1421 33 20 för
144 1422 34 18 sitt
193 1423 138 23 ursprungliga
347 1423 90 19 ändamål
456 1423 65 19 blifvit
538 1423 91 24 fullföljd.
660 1423 42 19 Den
718 1422 66 19 kunde
801 1421 51 20 dock

95 1456 27 14 nu
138 1450 32 20 vid
186 1456 24 14 en
225 1449 126 21 förestäende
367 1452 136 23 kanalisering
519 1452 77 19 komma
612 1452 31 19 väl
659 1452 29 18 till
703 1457 54 19 pass,
773 1450 26 20 dä
814 1450 38 19 den

166 1488 192 22 Jernvägsutskottets
370 1490 119 17 betänkande
501 1491 37 17 N:o
551 1490 17 17 3.
