1048 1731
294 120 209 31 Petitionsbatänkande
520 120 34 23 N:o
571 119 33 24 37.
793 121 12 20 5

73 183 69 18 elände
160 183 62 24 vägar
237 183 36 23 jag
290 183 80 23 hoppas,
390 184 28 16 att
437 182 123 23 högvördiga
571 182 77 18 ständet
661 183 44 17 ville
718 182 117 18 understöda

73 217 25 14 en
110 212 82 24 petition
203 212 7 17 i
223 211 32 18 det
267 211 56 24 syfte,

280 272 32 18 att
331 270 36 19 för
382 269 39 20 den
437 269 115 20 allmänna
567 269 157 20 helsovärdens
738 269 97 20 befräm-

208 299 69 26 jande
291 299 8 19 i
314 299 74 19 landet
403 299 9 19 i
426 298 98 20 främsta
547 300 94 18 rummet
663 304 26 14 en
711 299 94 19 lärostol
826 299 9 18 i

212 328 84 26 hygien
311 327 72 20 blefve
399 327 37 20 vid
450 327 124 26 högskolan
589 327 104 23 inrättad,
713 329 57 18 samt
785 327 50 20 der-

212 358 50 18 näst
283 356 108 26 lämpliga
415 356 108 26 åtgärder
543 355 73 20 blefve
631 355 104 26 vidtagna
750 355 37 20 för
802 357 33 18 ut-

212 385 107 20 bredande
333 385 28 19 af
373 391 26 13 en
414 385 142 19 allmännare
571 384 102 26 kunskup
688 385 9 19 i
712 384 57 20 detta
785 385 50 25 vig-

212 414 48 26 tiga
275 414 118 19 läroämne.

144 463 123 24 Helsingfors
279 463 36 18 den
330 465 6 16 1
351 463 92 18 Februari
457 463 50 18 1888.

631 497 63 26 A.W.
709 498 52 31 Lyra.

235 624 45 18 Till
299 624 138 24 Vällofliga
454 624 220 24 Borgareständet.

145 682 30 18 Dä
192 687 44 13 man
251 682 72 22 jemför
335 682 36 18 den
384 682 62 23 ärliga
458 682 191 23 medeldödligheten
661 682 7 17 i
679 682 44 17 värt
735 681 44 18 land
792 680 43 19 med

76 710 123 24 dödligheten
216 711 6 17 i
240 711 46 17 vära
303 712 65 16 vestra
386 711 136 23 grannländer,
543 710 81 24 Sverige
646 710 37 18 och
701 710 70 24 Norge,
792 710 43 17 med

75 739 67 19 hvilka
153 740 82 17 Finland
247 740 7 17 i
266 740 107 17 klimatiskt
385 739 38 19 och
435 740 69 17 socialt
516 739 112 18 hänseende
640 739 43 18 bäst
691 739 38 17 kan
736 738 99 24 jemföras,

76 768 21 18 sä
114 768 63 19 finner
194 774 45 12 man
255 770 28 16 att
293 768 126 23 jemförelsen
431 768 79 18 utfaller
523 770 106 22 ogynsamt
640 768 31 18 för
683 768 87 18 Finland.
793 768 43 18 Den

75 797 61 24 ärliga
148 797 124 23 dödligheten
287 798 4 17 i
302 797 65 23 Norge
380 799 22 16 är
416 798 32 17 166
460 798 26 23 pä
499 798 63 21 10,000

190 826 7 18 i
210 826 78 23 Sverige
300 826 105 22 (1881—84)
420 827 32 17 175
471 840 10 8 ,
500 827 62 20 10,000

190 854 7 18 i
209 854 81 18 Finland
302 855 105 22 (1872—76)
419 856 34 17 223
473 868 10 10 ,,
502 856 63 20 10,000

293 884 114 22 '(1877—81)
419 885 34 17 233
472 897 11 8 ,,
501 884 63 17 10000

299 912 106 23 (1882—88)
418 913 35 17 214
471 926 11 8 ,,
502 912 67 22 10,000.

145 940 69 18 Denna
233 940 78 18 relativt
330 942 53 16 stora
401 940 102 24 dödlighet
521 940 37 19 och
577 940 78 19 dermed
672 940 7 18 i
696 939 141 24 sammanhang

76 969 78 18 stående
166 971 61 16 större
240 969 105 24 sjuklighet
357 969 6 18 i
375 970 44 17 vårt
431 970 47 17 land
490 969 83 18 innebär
585 975 23 12 en
623 969 108 24 betydande
743 969 50 23 årlig
803 975 33 11 na-

75 997 131 19 tionalförlust
218 998 36 18 och
267 998 43 18 dess
322 999 144 18 inskränkande
483 999 51 17 skall
546 999 58 17 lända
615 998 30 18 till
657 998 135 18 fosterlandets
806 997 31 18 bä-

76 1028 35 21 sta,
123 1027 25 23 pä
160 1033 73 12 samma
245 1027 53 23 gäng
310 1033 87 12 summan
410 1027 22 18 af
442 1027 79 18 lidande
534 1027 38 18 och
581 1027 68 18 elände
657 1027 49 18 skall
714 1026 122 19 förminskas.

144 1055 38 18 Det
200 1057 22 16 är
239 1056 37 17 den
294 1056 97 17 allmänna
411 1056 142 19 helsovärdens
575 1056 78 23 uppgift
670 1057 27 16 att
717 1055 120 18 förekomma

75 1084 122 23 sjukdomars
215 1085 102 23 uppkomst
333 1085 36 18 och
381 1085 122 23 utbredning
515 1085 39 18 och
566 1085 112 23 derigenom
691 1084 58 19 äfven
761 1084 76 18 minska

76 1112 117 19 dödsfallens
211 1114 57 17 antal.
292 1113 42 18 Den
349 1113 58 18 söker
419 1115 62 16 vinna
493 1114 44 17 sina
550 1114 89 23 syftemål
652 1119 70 18 genom
734 1113 25 24 pä
772 1115 65 16 veten-

75 1141 89 24 skapliga
182 1142 167 23 undersökningar
368 1143 104 22 grundade
493 1142 124 19 föreskrifter
636 1142 116 18 beträffande
769 1142 68 17 anord-

75 1170 73 18 nandet
160 1170 21 18 af
191 1171 38 17 alla
245 1171 71 18 sädana
334 1171 141 22 förhällanden,
493 1171 68 18 hvilka
574 1171 66 18 kunna
652 1171 79 18 inverka
743 1171 25 23 pä
780 1171 57 17 sund-

75 1199 64 21 heten,
157 1199 64 18 såsom
239 1199 147 24 byggnadssätt,
404 1200 106 23 renlighet,
528 1199 193 24 vattenförsörjning,
733 1199 104 18 litsmedel-

74 1227 90 22 kontroll,
177 1228 90 23 ätgärder
278 1230 40 16 mot
331 1229 143 18 smittosamma
486 1229 126 22 sjukdomars
625 1228 100 24 spridning
737 1233 25 12 m.
774 1233 25 12 m.

144 1256 44 22 Vår,
201 1256 37 18 den
253 1258 22 17 22
290 1257 106 18 December
409 1258 45 17 1879
467 1257 103 18 utfärdade
582 1256 189 23 Helsovärdsstadga
782 1256 53 18 inne-

74 1285 62 18 håller
153 1285 72 18 sådana
243 1285 126 22 föreskrifter,
387 1291 45 13 men
445 1286 114 18 densamma
571 1285 114 19 förutsätter
697 1285 90 24 kunskap
800 1285 36 18 och

75 1315 39 16 rätt
130 1313 126 24 uppfattning
274 1313 22 19 af
311 1315 55 17 deras
380 1315 100 23 betydelse
492 1315 37 18 hos
542 1315 24 18 de
578 1315 132 23 medborgare,
726 1320 42 12 som
781 1314 56 18 skola

74 1342 87 24 tillämpa
173 1343 43 18 dem
229 1343 46 18 eller
287 1343 22 17 af
319 1343 56 18 deras
387 1343 127 24 tillämpning
526 1343 86 18 beröras.
635 1343 30 18 En
677 1343 60 18 sädan
747 1343 90 24 kunskap

74 1371 72 18 saknas
157 1371 7 18 i
176 1371 97 25 väsentlig
290 1372 49 24 grad
350 1373 8 17 i
369 1372 44 18 vårt
431 1373 52 17 land.
507 1373 47 18 Icke
572 1378 35 13 ens
623 1373 78 17 läkarne
713 1372 74 18 erhälla
799 1372 37 18 den

74 1400 109 24 utbildning
195 1401 6 17 i
214 1401 159 22 helsovärdslära,
387 1402 64 18 denna
463 1402 121 23 vetenskaps
596 1402 74 18 snabba
681 1402 112 22 utveckling
806 1401 31 18 be-

74 1429 70 23 tingar,
163 1432 46 15 enär
225 1429 107 24 högskolan
347 1430 72 18 saknar
432 1436 25 13 en
470 1430 85 18 särskild
567 1430 123 24 läraretjenst
701 1430 7 18 i
721 1430 52 18 detta
785 1430 51 22 fack,

144 1464 103 18 Allmänna
260 1464 181 19 Besvärsutskottets
454 1465 118 18 betänkande
586 1467 35 16 N:o
635 1465 29 19 31;
