1048 1731
233 110 355 25 Motionsbetänkande
603 117 51 17 n:o
670 112 44 21 15.

373 488 448 23 EkonomiutskottetsbetänkandeN:o
830 487 25 22 20

307 525 5 20 i
337 524 100 28 anledning
458 524 21 21 af
499 525 27 20 ett
544 524 6 21 i
573 523 134 28 Ridderskapet
737 523 32 21 och
799 522 56 22 Adeln

305 558 55 22 väckt
381 558 149 27 motionsförslag
552 565 27 14 om
601 557 127 29 upphäfvande
750 557 21 21 af
787 557 32 21 den
836 556 20 22 sä

305 593 72 21 kallade
391 593 225 28 hergstingsgästningen,

170 696 56 22 Frän
248 695 118 27 Höglofliga
381 696 155 26 Ridderskapet
552 695 39 21 och
606 694 67 22 Adeln
687 695 40 21 har
742 694 115 22 Ekonomi-

101 730 105 22 utskottet
220 730 40 22 fätt
274 730 7 20 i
297 730 97 21 afseende
409 730 13 20 &
437 729 117 27 beredning
570 731 105 25 emottaga
691 731 31 19 ett
733 730 23 20 sä
766 728 90 28 lydande

101 764 176 27 motionsförslag:

181 868 51 19 Till
248 867 154 25 Höglofliga
417 868 198 24 Ridderskapet
630 868 44 19 och
689 867 88 20 Adeln.

171 923 33 20 Då
225 924 204 25 Bergstingsrätterne
451 924 7 19 i
479 924 86 20 Finland
585 924 77 25 jemlikt
681 924 112 24 Kejserliga
807 924 50 19 För-

102 953 110 24 ordningen
235 953 37 19 den
291 952 26 20 22
333 953 55 20 Mars
406 952 56 21 1854
477 953 103 24 upphörde
597 953 36 20 och
649 954 67 18 desses
729 953 129 24 jurisdiktion

102 982 120 19 underlades
247 981 174 26 Häradsrätterne,
447 982 135 23 berättigades
607 982 148 19 vederbörande
777 982 81 19 domare

102 1013 30 17 att
150 1011 74 19 enhvar
238 1010 44 19 frän
297 1011 24 18 de
336 1011 52 18 bruk
403 1011 38 19 och
456 1016 112 20 masugnar,
591 1016 42 14 som
648 1016 48 14 voro
711 1009 53 21 inom
780 1010 78 19 domsa-

102 1045 38 17 gan
162 1039 89 26 belägna,
274 1039 90 24 uppbära
387 1039 38 19 den
448 1039 33 19 för
502 1039 152 24 Bergmästaren
673 1039 104 20 faststälda
795 1039 62 23 tings-

102 1068 98 23 gästning,
223 1083 5 10 ,
231 1067 103 26 utgående
355 1067 78 25 jemlikt
448 1067 168 24 författningarne
631 1068 7 19 i
652 1068 101 23 stängjern
769 1067 44 20 med
828 1069 31 17 tre

101 1096 80 25 lispund
204 1095 43 20 frän
269 1096 68 24 hvarje
360 1096 164 24 stängjernshärd
540 1097 36 19 och
596 1096 117 25 knippverk,
729 1102 34 13 sex
779 1096 80 24 lispund

101 1124 44 20 frän
164 1130 80 18 masugn
260 1125 37 19 och
312 1127 30 17 tre
358 1125 80 24 lispund
453 1124 45 20 frän
513 1125 83 24 suluugn
613 1125 33 19 vid
660 1125 153 24 kopparverken
828 1124 31 19 till

102 1153 80 24 delning
205 1153 81 20 emelan
303 1153 87 24 Lagman
407 1153 37 20 och
459 1153 162 24 Häradshöfding
636 1154 61 23 enligt
711 1154 24 19 de
751 1153 32 20 för
798 1153 61 23 tings-

101 1182 127 24 gästningens
251 1182 108 23 utgörande
381 1183 7 18 i
411 1182 108 19 allmänhet
538 1183 96 24 stadgade
654 1181 105 25 grunder",
789 1181 70 20 Ehuru

102 1211 38 18 den
156 1211 59 19 andel
230 1210 21 20 af
265 1211 64 19 denna
344 1217 15 13 s.
375 1211 20 19 k.
411 1211 212 24 bergstingsgästning,
638 1216 41 14 som
694 1211 113 19 tillkommit
817 1210 43 23 lag-

101 1245 91 20 mannen,
215 1239 50 24 icke,
288 1240 6 18 i
317 1239 62 20 likhet
401 1239 45 19 med
462 1240 39 19 den
517 1240 21 19 åt
552 1240 72 19 honom
640 1240 94 23 anslagna
749 1238 110 25 spanmåls-

102 1268 176 24 tingsgästningen,
293 1268 133 24 uttryckligen
442 1267 67 20 blifvit
524 1268 89 27 aflyftad,
629 1268 52 19 lärer
691 1268 113 19 densamma
814 1267 45 19 icke

102 1296 68 20 vidare
192 1297 106 24 uppbäras.
329 1297 95 19 Deremot
439 1297 59 23 utgår
513 1297 123 19 fortfarande
652 1297 37 19 den
705 1297 31 19 del
752 1295 21 20 af
787 1295 73 24 ifråga-

102 1325 87 20 varande
212 1325 150 24 tingsgästning,
385 1331 42 14 som
443 1325 91 20 tillfaller
548 1325 161 24 häradshöfding,
725 1327 48 17 enär
789 1324 72 20 ofvan-

102 1353 114 25 åberopade
238 1353 116 25 förordning
375 1354 45 20 icke
443 1353 67 20 blifvit
525 1360 69 18 genom
610 1355 76 23 Nådiga
700 1353 159 24 Förordningen,

102 1383 102 24 angående
225 1383 85 23 lindring
325 1384 6 18 i
347 1383 181 23 tingsgästningens
545 1384 108 23 utgörande
669 1383 36 19 och
721 1382 57 20 deraf
792 1382 67 19 föran-

102 1412 60 19 ledda
178 1411 91 24 åtgärder
284 1411 123 20 beträffande
423 1412 175 19 häradsrätternas
614 1412 110 24 aflönande,
740 1411 65 24 gifven
822 1410 37 19 den

172 1449 201 19 Ekonomiutskottets
386 1449 123 19 betänkande
521 1450 36 17 N:o
570 1450 27 18 20.
