1048 1731
222 130 14 21 2

193 195 40 21 bör
255 201 40 21 ega
310 201 54 21 rum,
384 195 115 28 lämpligen
517 195 71 22 kunde
603 195 100 23 hänföras
718 195 45 22 alla
777 195 120 22 hemstälda
911 195 42 22 mål

193 231 56 20 samt
264 229 103 28 derjemte
382 229 50 28 mål,
448 230 111 27 angående
574 231 62 21 stöld.
666 230 44 22 För
719 231 32 21 att
761 230 140 22 förevarande
910 230 43 22 för-

192 263 191 28 fattningsförslag,
399 265 38 21 der
451 265 119 22 detsamma
584 265 70 21 blefve
669 265 42 27 lag,
727 265 55 21 dock
797 264 68 22 skulle
880 264 73 23 kunna

192 298 108 28 tillämpas
323 298 63 22 äfven
408 299 7 22 i
434 299 40 22 fall
489 299 38 22 det
542 299 120 22 Ständerna
676 299 112 27 förelagda
803 298 102 28 förslaget
920 299 33 22 till

192 339 28 22 ny
235 332 98 29 strafflag
347 333 71 22 blefve
433 333 76 28 gilladt
523 334 40 21 och
578 334 115 27 faststäldt,
707 334 40 21 har
757 333 105 22 utskottet
873 333 80 22 formu-

192 367 56 22 lerat
271 368 37 21 sitt
329 367 82 28 förslag
425 368 7 21 i
449 369 108 21 närmaste
574 368 221 23 öfverensstämmelse
809 368 50 21 med
874 367 26 22 de
915 367 36 22 be-

192 403 139 27 stämningar,
353 409 47 15 som
422 403 103 27 förslaget
546 403 34 21 till
602 403 125 27 förordning
751 409 34 15 om
805 402 111 22 införande
931 403 23 21 af

192 437 125 28 strafflagen
339 437 119 22 innehåller
479 438 111 27 angående
608 438 159 27 hemställning,
782 437 65 22 likväl
862 437 90 22 sålunda

192 473 32 20 att
246 472 163 27 ifrågavarande
431 472 118 27 ersättning
568 472 72 22 kunde
660 473 65 21 vittne
741 472 148 27 tillerkännas,
904 471 47 22 icke

191 506 92 23 allenast
305 507 8 21 i
335 507 26 21 de
381 506 50 28 mål,
449 507 73 21 hvilka
544 507 110 27 verkligen
672 507 131 27 hemställas,
819 508 52 20 utan
886 507 7 21 i
908 506 43 22 alla

191 540 50 28 mål,
263 541 73 22 hvilka
358 544 37 20 äro
415 541 24 22 af
456 542 41 21 den
515 540 149 23 beskaffenhet
678 543 33 20 att
726 541 27 21 de
768 542 73 20 kunna
855 541 96 22 medföra

191 576 156 27 hemställning.
377 575 32 22 På
427 576 70 28 grund
517 575 64 22 häraf
599 576 39 21 och
657 576 28 22 då
699 575 162 23 Presteståndet
876 577 23 21 är
915 582 35 15 en-

190 612 56 21 samt
267 618 35 14 om
325 611 36 21 sitt
380 611 71 22 beslut
471 612 32 20 att
523 610 100 22 nedsätta
642 610 232 28 ersättningsbeloppet
888 610 33 22 till
938 611 10 21 1

190 645 68 28 mark,
273 645 34 22 får
322 645 106 23 utskottet
441 646 110 21 vördsamt
566 645 113 22 hemställa

328 682 32 20 att
375 681 105 27 samtliga
495 679 67 23 stånd
571 680 49 22 ville
628 681 39 27 för
675 681 38 24 $:n
722 680 121 27 godkänna
851 680 98 28 följande

327 716 91 27 lydelse:

396 750 16 22 I
423 750 47 22 mål
484 750 39 22 der
538 750 86 22 allmän
638 749 109 28 åklagare
760 748 14 22 å
785 750 102 26 tjenstens
897 751 50 25 väg-

325 791 46 16 nar
393 785 87 22 tilltalat
501 784 76 28 någon
594 785 39 27 för
652 784 62 27 brott,
734 783 73 22 hvarä
827 784 125 27 dödsstraff

326 820 51 22 eller
399 820 90 22 tukthus
500 819 34 28 på
549 819 71 27 lifstid
634 819 51 22 eller
699 819 9 21 i
723 819 64 27 högst
801 825 39 15 sex
855 818 28 22 år
897 819 52 21 eller

326 855 101 27 deröfver
448 855 46 21 kan
513 854 63 28 följa,
596 854 51 22 eller
667 854 38 22 ock
718 854 39 27 för
771 853 57 22 stöld
842 854 51 21 eller
907 854 40 22 del-

326 889 96 28 aktighet
444 890 9 21 i
475 888 89 23 sådana
584 889 55 22 brott
656 895 51 21 eger
722 888 48 28 den,
786 895 48 15 som
849 890 29 26 af
889 888 59 22 åkla-

327 930 71 22 garen
413 924 115 28 åberopats
543 923 76 23 såsom
634 924 65 22 vittne
715 924 39 21 och
768 924 85 21 inställt
866 924 35 27 sig
911 924 37 22 vid

326 959 99 28 domstol,
441 959 34 28 på
495 959 75 22 derom
589 959 66 28 gjord
673 959 100 28 begäran
793 959 38 22 och
850 958 98 29 såframt

325 995 107 21 domaren
451 995 97 27 pröfvar
570 993 82 23 sådant
666 994 90 27 skäligt,
769 994 39 27 för
822 993 37 22 sin
872 994 76 22 instäl-

326 1029 49 22 lelse
397 1029 65 28 njuta
483 1029 123 27 ersättning
628 1029 29 27 af
672 1029 120 21 allmänna
811 1028 69 22 medel
898 1029 50 21 med

326 1063 65 28 högst
404 1070 27 15 en
445 1063 66 22 mark
526 1064 28 21 50
565 1063 70 28 penni
648 1063 33 22 till
690 1063 88 22 vittnets
787 1063 115 27 uppehälle
909 1064 39 27 för

327 1099 76 27 hvarje
417 1099 52 27 dag,
484 1104 48 16 som
544 1099 39 27 för
597 1104 68 16 resan
675 1097 40 23 och
725 1097 109 22 vistandet
843 1098 37 21 vid
889 1098 58 21 dom-

326 1133 68 22 stolen
404 1133 122 28 erfordras,
537 1133 39 22 och
586 1133 117 27 dessutom,
715 1133 72 21 derest
795 1133 87 21 vittnets
891 1133 56 21 hem-

325 1169 43 21 vist
387 1170 31 28 är
438 1168 81 27 beläget
537 1167 31 28 pä
587 1168 68 21 minst
674 1168 29 21 10
717 1167 124 22 kilometers
856 1167 92 28 afständ

324 1202 58 29 frän
407 1203 35 22 det
463 1203 68 27 ställe,
554 1203 40 21 der
616 1202 120 22 domstolen
759 1203 188 26 sammanträder,

326 1237 197 28 skjutspenningar
535 1238 39 27 för
588 1243 27 16 en
629 1237 51 22 häst
693 1237 66 28 fram
774 1236 38 23 och
825 1236 54 28 äter,
889 1237 58 27 eller,

326 1273 39 21 der
376 1273 115 27 jernvägs-
505 1272 52 22 eller
572 1271 196 28 ängbätslägenhet
780 1271 45 22 kan
833 1271 38 28 för
880 1277 68 16 resan

326 1307 51 22 eller
399 1306 75 28 nägon
495 1307 34 21 del
548 1307 69 27 deraf
628 1306 119 27 begagnas,
763 1305 68 28 afgift
843 1306 38 27 för
895 1305 52 22 billi-

327 1343 61 26 gaste
405 1342 62 27 plats
481 1340 14 23 å
510 1340 82 28 bantäg
606 1341 52 22 eller
672 1339 90 29 ångbåt.
781 1351 21 4 —
820 1340 127 22 Enahanda

326 1378 47 20 rätt
387 1377 33 21 till
434 1376 123 28 ersättning
572 1376 131 22 tillkommer
718 1376 49 26 den,
782 1381 49 16 som
845 1375 8 21 i
866 1374 47 23 mål
923 1376 28 27 af

326 1412 101 22 nämnda
448 1411 144 27 beskaffenhet
614 1411 69 27 blifvit
703 1410 68 28 enligt
785 1410 104 22 domstols
901 1410 46 28 för-

327 1446 114 22 ordnande
454 1446 100 22 inkallad
572 1444 76 24 säsom
662 1446 75 27 vittne,
751 1445 52 22 eller
817 1445 30 27 af
857 1444 90 28 äklaga-

259 1492 138 24 Lagutskotteis
409 1491 116 19 betänkande
536 1496 32 13 n:o
580 1492 17 18 9.
