1048 1731
191 122 27 20 54
379 122 237 24 Petitionsbetänkande
632 123 36 22 N:o
683 121 14 24 1.

162 186 127 23 landsvägen.
313 186 53 19 Frän
382 180 44 26 Äbo
439 187 34 28 till
489 187 71 23 Hangö
576 189 23 16 är
614 187 121 23 landsvägen
753 185 40 20 140
810 189 60 21 verst,
880 192 44 14 men

160 215 107 24 jernvägen
285 213 49 22 346.
364 215 53 20 Frän
432 215 46 20 Äbo
494 216 29 19 till
539 215 81 20 Ekenäs
636 217 23 18 är
673 215 122 24 landsvägen
812 214 41 20 102
864 217 60 24 verst,

161 249 44 13 men
220 244 107 23 jernvägen
344 243 48 21 308.
416 244 30 19 En
463 244 49 24 följd
528 243 58 20 häraf
600 247 23 16 är
638 244 125 23 naturligtvis
780 246 30 17 att
825 244 37 19 den
879 244 46 19 mel-

162 272 33 19 lan
211 273 58 18 dessa
284 273 68 18 städer
367 273 84 24 belägna
467 273 80 19 trakten
563 272 32 20 för
611 273 29 18 sin
657 275 153 22 varutransport
825 273 100 24 begagnar

162 301 30 23 sig
207 301 20 19 af
241 301 128 24 landsvägen.

230 329 92 20 Nämnda
337 330 55 19 trakt
407 330 36 19 har
459 330 60 19 likväl
543 333 29 16 att
588 331 84 23 uppvisa
687 329 98 20 Finlands
801 330 65 19 äldsta
881 329 42 19 kul-

162 358 138 24 tur-socknar;
317 359 57 19 äfven
391 359 78 19 landets
484 358 64 24 flesta,
565 359 37 19 och
618 359 104 19 deribland
739 359 45 18 dess
796 359 65 19 äldsta
870 359 53 24 jern-

162 386 51 19 bruk
229 389 35 17 äro
281 387 36 19 der
332 387 91 24 belägna.

229 416 42 19 Allt
287 416 55 19 detta
357 419 23 16 är
395 416 36 19 allt
445 415 32 20 för
493 417 30 18 väl
539 417 69 24 kändt,
625 417 36 19 allt
676 416 32 19 för
719 416 42 19 ofta
771 415 112 20 framhället
893 415 32 20 för

162 445 30 18 att
205 444 34 23 jag
255 445 36 18 här
306 445 95 19 behöfver
417 446 51 24 ånyo
485 451 89 19 upprepa
590 446 36 19 och
643 445 104 20 framhålla
761 445 40 18 det.

231 473 38 23 Jag
292 474 33 18 vill
348 474 71 19 endast
439 477 72 16 nämna
526 477 30 16 att
572 475 52 19 efter
639 475 24 18 de
680 474 84 19 okulära
779 473 145 19 undersöknin-

162 506 36 18 gar
220 501 21 19 af
261 501 48 21 flere
333 502 112 25 föreslagna
469 503 146 25 sträckningar,
631 510 41 13 som
688 503 26 24 pä
730 502 145 20 ofvannämnda
890 507 34 14 en-

162 530 65 19 skilda
250 536 106 18 personers
379 532 112 20 bekostnad
507 532 65 20 blifvit
588 533 129 22 verkställda,
733 532 37 18 och
787 531 56 19 öfver
858 530 67 20 hvilka

163 558 70 20 kartor
249 560 36 18 och
301 560 196 24 kostnadsförslager
512 561 58 19 äfven
586 562 67 18 kunna
669 564 108 21 presteras,
789 560 38 19 den
839 560 31 18 för
880 562 45 16 när-

162 588 87 18 varande
264 588 114 24 lämpligast
393 589 86 20 befunna
502 590 140 23 sträckningen
658 592 23 17 är
696 590 38 18 den
750 589 45 19 från
811 588 58 19 Karis
885 590 40 17 sta-

162 616 42 19 tion
226 616 5 20 å
247 616 190 26 Hangö—Hyvinge
452 619 65 19 banan
534 619 52 19 förbi
601 619 76 19 Billnäs
693 618 55 19 Bruk
764 617 37 19 och
817 617 64 19 Skuru
891 616 34 24 by,

162 646 45 18 med
223 648 28 16 ett
267 646 46 24 spår
329 646 86 20 derifrän
440 648 30 18 till
493 648 131 22 Skuruhamn,
642 648 31 18 vid
689 647 66 19 ändan
771 646 22 19 af
807 646 38 19 den
860 646 6 18 i
882 646 42 18 lan-

163 674 34 18 det
212 674 55 24 längt
281 675 128 23 inskjutande
425 676 110 24 Pojoviken
552 676 36 19 och
604 679 29 16 ett
648 679 61 16 annat
725 676 30 18 till
771 675 82 19 Fiskars
863 674 61 23 Bruk,

163 702 22 19 sä
201 703 67 19 vidare
291 703 52 19 förbi
367 704 73 19 Koskis
463 705 54 19 Bruk
533 705 30 19 till
579 705 110 23 Paarskylä
705 705 6 18 i
727 704 73 23 Bjernä
817 703 37 19 och
869 703 55 23 längs

164 731 38 19 den
226 732 83 23 bördiga
332 733 74 23 Bjernä
430 734 58 18 dalen
511 734 29 18 till
564 734 54 23 Salo,
642 737 50 15 samt
711 732 88 20 derifrän
815 732 30 19 till
861 732 63 23 nägon

163 760 70 25 punkt,
249 764 14 15 t.
280 766 30 14 ex.
326 762 55 18 Aura
397 762 37 19 och
450 762 76 19 Mellilä
541 763 97 18 stationer
660 763 5 18 å
681 756 44 25 Åbo
742 762 72 18 banan.

229 789 47 19 Men
292 795 26 13 nu
335 790 100 20 erfordras
452 796 23 14 en
491 791 137 19 instrumental
645 790 149 23 undersökning
810 789 31 20 för
852 792 29 16 att
891 789 34 19 de-

163 816 72 20 finitivt
258 818 108 20 bestämma
389 820 37 18 den
451 820 56 19 bästa
530 820 147 24 sträckningen,
701 818 102 20 äfvensom
820 821 27 16 ett
863 818 62 24 derpå

163 846 100 23 grundadt
285 851 111 19 noggrannt
419 848 179 24 kostnadsförslag,
618 854 41 14 som
675 848 67 19 kunde
759 847 118 23 framläggas
892 846 33 19 vid

162 876 59 18 nästa
243 875 148 25 Ständermöte;
416 877 69 19 såvida
506 877 44 19 icke
567 877 128 19 derförinnan
713 880 29 15 ett
758 876 86 18 enskildt
859 875 65 25 bolag,

162 903 81 20 hvarom
260 904 57 24 fråga
332 905 57 19 äfven
406 906 102 19 allaredan
527 906 57 21 varit,
600 906 70 19 hunnit
685 906 57 18 bilda
757 905 29 23 sig
803 904 30 20 för
849 907 29 16 att
893 904 30 19 så-

163 937 41 14 som
227 933 66 24 privat
316 933 77 24 företag
415 935 68 19 utföra
498 935 112 24 byggandet
626 935 22 18 af
662 935 65 19 denna
743 934 52 19 bana
811 933 36 20 och
863 933 62 19 redan

164 961 79 19 erhällit
259 962 119 19 koncession
395 963 54 20 derå.

231 991 38 23 Jag
292 992 61 23 vågar
375 992 68 19 derför
466 998 26 13 nu
510 992 74 19 föreslå
599 995 29 16 att
644 992 150 23 Ridderskapet
809 991 37 19 och
861 990 64 19 Adeln

164 1019 44 18 ville
225 1019 78 20 besluta
319 1020 29 19 till
365 1026 22 13 en
404 1021 83 24 petition
504 1021 74 26 derom,

369 1079 32 18 att
416 1077 118 28 Styrelsen
550 1079 66 19 måtte
632 1079 69 19 under
716 1078 71 25 loppet
801 1077 28 20 af
840 1077 85 20 instun-

301 1105 69 21 dande
385 1113 96 14 sommar
502 1107 46 20 låta
564 1107 168 20 instrumentalt
748 1106 123 19 undersöka
885 1106 40 19 den

301 1135 144 26 lämpligaste
467 1136 162 25 sträckningen
652 1136 36 19 för
711 1141 27 14 en
758 1135 101 26 jernväg
873 1134 53 19 från

301 1163 70 26 Karis
385 1165 87 24 station,
489 1165 36 19 via
540 1164 57 24 Salo,
612 1165 37 19 till
671 1165 73 25 någon
757 1164 72 25 punkt
843 1163 14 20 å
872 1163 54 19 Abo-

301 1192 83 25 banan;
407 1195 57 18 samt
485 1193 46 20 låta
553 1195 98 24 uppgöra
666 1192 197 26 kostnadsförslag
877 1191 49 20 der-

302 1221 73 24 öfver;

164 1271 45 24 och,
231 1271 44 21 ifall
297 1273 22 19 af
339 1273 146 24 godkännande
508 1274 22 19 af
544 1275 55 18 detta
614 1275 44 18 mitt
673 1274 83 23 förslag,
773 1273 82 24 inbjuda
871 1272 55 19 Med-

163 1300 84 19 ständen
263 1304 30 16 att
309 1302 29 23 sig
354 1303 67 18 derom
438 1303 75 19 förena.

232 1341 125 24 Helsingfors
374 1343 37 18 den
428 1342 13 19 3
457 1343 96 19 Februari
570 1342 61 20 1888.

677 1392 73 22 Edvard
765 1392 92 27 Hisinger.

231 1496 194 23 Jernvägsutskottets
438 1497 116 17 betänkande
567 1499 34 16 N:o
613 1498 16 16 2.
