1048 1731
303 107 209 24 Petitionsbetänkande
528 107 33 23 N:o
577 106 20 24 2.
780 106 26 21 39

79 177 42 20 sen,
145 171 71 21 kunde
238 172 50 19 utan
312 171 73 21 alltför
404 173 58 19 stora
477 171 118 22 kostnader
610 173 63 25 göras
689 171 33 22 för
738 171 98 27 fartygen

80 206 86 21 säkrare
182 208 54 18 samt
250 211 60 15 mera
324 206 151 21 motsvarande
491 206 115 27 sjöfartens
621 205 71 22 behof.

135 239 172 22 Kommissionen
321 239 81 21 uttalar
413 239 60 28 först,
483 242 32 19 att
526 240 44 21 alla
580 239 106 28 åtgärder,
698 240 74 21 hvilka
782 240 54 27 möj-

79 274 56 27 ligen
158 274 70 21 kunde
251 273 162 28 ifrågakomma,
434 274 6 21 i
456 275 55 20 intet
526 274 123 21 hänseende
664 273 56 28 finge
736 274 101 21 störande

79 308 88 22 inverka
181 308 28 27 på
223 307 168 27 vintertrafiken,
408 308 87 21 hvilken
510 308 138 27 möjliggöres
664 307 76 22 främst
755 309 81 26 derige-

80 349 49 15 nom
144 345 33 19 att
191 342 73 21 hafvet
279 343 76 20 vräker
371 342 22 21 in
408 343 56 20 ända
479 343 34 21 till
526 342 174 27 jernvägsmolon
716 343 40 20 och
771 343 7 20 i
793 342 44 21 för-

80 377 64 28 ening
162 377 48 21 med
226 377 40 20 den
281 376 47 21 från
343 376 182 22 Tulluddssundet
540 377 152 21 inkommande
707 377 41 21 och
763 376 74 21 utmed

80 411 101 22 stranden
196 411 33 21 till
244 411 197 27 Jernvägshamnen
456 411 82 28 gående
554 413 67 19 ström
640 411 138 26 öppenhåller
791 411 47 20 inre

80 445 60 22 sidan
163 445 23 21 af
206 447 56 25 yttre
283 445 79 22 molon.
392 445 185 22 Kommissionens
600 445 80 27 förslag
695 445 7 21 i
719 445 66 27 öfrigt
799 445 39 27 går

80 481 24 20 ut
118 480 28 27 på
161 479 132 22 anställande
308 479 24 22 af
345 486 125 21 noggranna
484 480 186 27 undersökningar
685 479 24 22 af
722 480 93 21 hamnen
830 479 8 21 i

80 514 76 28 Hangö
180 514 39 21 och
240 515 138 26 uppgörande
400 514 24 21 af
446 515 132 27 detaljerade
601 514 87 28 förslag'
703 514 7 21 i
727 514 62 28 syfte,
805 515 33 20 att

78 548 192 28 jernvägshamnen
293 548 109 28 fördjupas
425 556 77 20 genom
524 549 121 27 muddring,
669 551 32 19 att
724 549 76 21 den's.
816 548 21 20 k.

81 600 10 9 y
93 582 109 27 Mellersta
223 583 103 21 hamnen"
348 583 69 21 skulle
440 586 63 24 göras
527 584 34 20 till
584 590 26 14 en
626 584 96 26 skyddad
737 583 53 21 redd
805 582 34 21 för

82 617 150 27 vinterliggare
255 619 55 19 samt
325 618 33 20 till
373 618 166 27 lossningsplats
555 618 34 20 för
605 619 68 19 större
690 618 77 26 fartyg,
783 618 56 20 samt

83 652 39 20 den
146 658 15 14 s.
184 652 21 20 k.
228 647 75 31 ,Östra
325 652 103 21 hamnen”
451 654 63 25 göras
530 652 90 26 lämplig
636 652 32 20 för
683 651 92 21 trafiken
790 651 49 21 med

82 686 135 27 kustängare.

151 720 124 21 Oberoende
290 720 23 21 af
327 720 62 22 dessa
397 720 100 28 ätgärder
506 720 91 22 föreslär
605 720 168 22 kommissionen
782 719 57 22 utfö-

82 754 67 22 rande
168 754 24 21 af
208 760 41 21 nya
261 754 156 28 jernvägsspär,
434 754 124 28 förhöjning
574 754 23 22 af
610 756 57 26 yttre
682 754 61 21 sidan
758 754 23 21 af
794 760 45 15 mo-

84 789 42 26 lon,
142 788 138 22 anskaffande
295 788 24 22 af
333 795 25 15 en
373 789 82 27 kraftig
469 789 117 27 bogserbät
602 789 108 21 äfvensom
726 788 23 22 af
756 788 84 28 dykeri-

84 825 114 25 apparater
212 823 39 21 och
266 824 134 20 anställande
415 823 24 21 af
453 824 87 27 dykare.

152 858 31 20 Pä
198 858 67 26 grund
280 857 23 21 af
317 858 179 21 kommissionens
515 858 113 21 uttalande
643 857 64 21 hafva
722 857 118 21 undersök-

84 892 75 26 ningar
175 894 71 19 senast
260 892 67 20 under
343 891 134 22 sistförlidna
491 892 24 21 år
530 892 117 21 verkstälts
662 892 39 21 och
717 892 69 21 skilda
797 891 44 26 för-

84 926 46 27 slag
161 926 39 21 och
222 926 247 28 kostnadsberäkningar
491 927 119 27 uppgjorts,
634 926 72 21 hvilka
729 926 56 27 stiga
807 925 34 22 till

84 961 82 26 ganska
187 961 55 26 höga
264 961 83 26 belopp.
378 961 69 21 Dessa
469 961 81 27 förslag
566 963 36 19 äro
619 960 15 22 f.
649 967 20 14 n.
685 961 67 20 under
767 951 74 40 Öfver-

86 995 113 26 styrelsens
214 995 33 20 för
261 997 50 25 väg-
327 995 40 21 och
381 995 228 28 vattenbyggnaderna
624 995 137 27 granskning.

154 1029 43 21 Det
212 1029 89 21 anförda
315 1029 111 22 bekräftar
441 1029 115 28 tillfyllest,
572 1031 33 20 att
620 1029 108 27 Styrelsen
743 1030 64 26 egnat
815 1034 27 15 en

86 1062 95 28 oaflätlig
196 1064 189 26 uppmärksamhet
399 1064 23 21 ät
438 1063 116 28 sjöfartens
569 1064 28 26 pä
607 1064 76 27 Hangö
694 1063 148 26 befrämjande

85 1099 55 19 samt
162 1097 64 21 redan
249 1097 91 28 vidtagit
363 1098 52 21 eller
437 1097 111 22 förberedt
570 1097 129 28 vidtgäende
719 1096 122 28 åtgärder
824 1092 19 37 i

86 1131 58 21 detta
167 1131 61 27 syfte.
258 1132 65 21 Detta
344 1132 67 27 gäller
427 1132 103 21 särskildt
546 1132 41 21 den
603 1132 7 20 i
625 1131 217 27 petitionsmemoria-

85 1165 30 21 let
130 1165 92 21 berörda
235 1166 187 27 nödvändigheten
437 1168 32 19 att
485 1167 80 20 bereda
581 1168 69 19 större
665 1172 47 15 rum
721 1165 33 22 för
763 1165 77 26 fartyg,

85 1199 62 22 äfven
162 1199 157 28 vinterliggare,
336 1201 7 20 i
358 1200 77 27 Hangö
452 1201 71 20 hamn.

155 1233 170 22 Vidkommande
341 1235 36 21 det
393 1235 123 21 äfvenledes
531 1235 112 26 påpekade
658 1233 100 22 behofvet
769 1233 24 20 af
801 1239 42 21 nya

85 1268 59 27 fyrar
159 1269 12 20 &
186 1269 65 20 linien
274 1269 89 27 Hangö—
373 1263 130 38 Stockholm,
516 1271 24 19 är
555 1269 107 21 utskottet
677 1269 47 20 icke
739 1268 4 21 i
757 1267 86 22 tillfälle

86 1304 32 20 att
132 1303 124 22 konstatera
271 1303 124 27 detsamma,
411 1310 50 15 men
477 1306 24 19 är
515 1304 108 21 utskottet
638 1303 54 21 dock
707 1302 136 27 öfvertygadt

86 1344 40 20 om,
148 1340 32 19 att
196 1338 113 27 Styrelsen,
325 1339 8 20 i
348 1339 103 20 händelse
467 1340 32 19 ett
515 1339 77 20 sädant
607 1338 66 21 behof
687 1337 109 27 verkligen
812 1336 32 21 fö-

86 1371 96 27 refinnes,
206 1372 46 22 icke
275 1372 56 22 skall
354 1372 119 22 försumma
489 1374 32 20 att
537 1379 55 21 egna
607 1372 32 21 sin
655 1371 189 28 uppmärksamhet

86 1406 64 21 äfven
166 1406 65 22 derät.

154 1446 189 22 Jernvägsutskottets
355 1446 119 18 betänkande
488 1448 34 16 N:o
536 1446 18 17 3.
