1048 1731
237 139 26 21 72
434 138 210 25 Petitionsbotänkande
660 139 34 24 N:o
711 138 12 23 1.

207 201 76 22 erfarit
301 201 4 20 i
320 203 173 26 gynnsammaste
509 202 102 21 händelse
625 202 44 21 kan
683 201 69 22 blifva
767 201 63 22 fallet
845 202 58 21 inom
918 201 48 28 fyra

206 236 30 26 är,
252 235 93 22 återstår
361 236 53 22 dock
429 243 27 14 en
471 237 51 20 länk
537 236 79 21 mellan
632 237 69 21 denna
715 236 57 21 bana
787 236 46 28 och|
843 236 83 21 Torneå
943 235 25 22 af

206 270 87 27 vidpass
316 270 26 21 12
364 271 49 21 mils
435 271 72 27 längd,
530 271 87 21 hvilken
632 270 34 22 för
681 271 27 21 de
722 270 71 22 finska
807 271 120 21 intressena
941 272 25 19 är

206 304 89 21 alldeles
310 305 127 28 nödvändig.
461 305 113 22 Huruvida
588 305 87 27 Sverige
691 305 56 21 skall
761 304 60 22 finna
835 305 36 21 det
886 304 79 21 fördel-

206 339 71 28 aktigt
299 341 32 20 att
353 340 111 21 utsträcka
479 340 47 21 sina
539 340 114 27 jernvägar
668 340 56 21 ända
738 339 35 22 till
789 339 136 28 riksgränsen
941 340 24 19 är

206 374 83 27 ganska
318 374 92 21 osäkert.
448 374 92 27 Sålänge
562 374 80 21 nämda
664 373 200 28 förbindningslänk
887 373 78 21 saknas

206 408 40 21 och
262 408 83 21 säledes
360 409 90 26 nyckeln
465 409 34 20 till
514 408 92 22 trafiken
621 409 80 20 mellan
715 408 93 21 Finland
823 409 39 21 och
878 407 87 28 Sverige

205 444 24 19 är
244 443 69 26 borta,
329 443 43 20 kan
387 449 26 14 en
426 443 89 27 jernväg
531 442 47 22 från
593 443 110 27 Uleåborg
717 443 34 20 till
767 443 84 21 Torneå
861 442 104 22 tillmätas

206 477 75 21 endast
297 483 82 15 samma
392 477 111 27 betydelse
518 483 46 15 som
578 477 68 21 andra
660 477 69 21 banor
743 477 8 20 i
766 477 37 21 det
817 477 46 21 inre
879 476 25 21 af
919 476 46 21 lan-

206 512 41 21 det.
278 511 112 22 Utskottet
412 512 38 20 vill
472 514 57 19 ännu
551 518 101 20 upprepa,
675 513 33 20 att
731 511 68 21 ehuru
815 512 36 21 det
865 512 99 26 nogsamt

205 546 57 21 inser
277 546 40 21 och
333 546 104 21 erkänner
453 546 41 21 den
509 548 58 20 stora
577 546 125 27 betydelsen
712 545 25 21 af
745 546 154 21 internationel
906 546 58 26 jern-

203 580 184 28 vägsförbindelse
401 580 50 22 med
467 580 93 28 Sverige,
576 581 36 21 det
627 580 66 22 likväl
708 580 48 21 icke
773 586 30 16 nu
823 581 42 21 kan
877 580 87 21 förorda

205 614 106 28 åtgärder,
334 614 74 22 hvilka
430 614 69 22 skulle
521 614 46 22 afse
589 614 157 22 förberedelser
769 614 34 22 för
826 614 115 22 utförande
956 614 8 20 i

204 650 109 20 närmaste
328 648 88 22 framtid
430 648 25 22 af
467 649 71 21 banan
553 649 33 21 till
602 648 89 28 Torneå,
708 649 91 21 emedan
816 649 108 21 utskottet
939 650 25 19 är

204 683 137 28 öfvertygadt
363 690 40 20 om,
420 685 32 19 att
467 684 44 20 alla
526 684 128 27 tillgörande
668 684 8 20 i
692 684 61 20 detta
767 683 57 27 syfte
841 685 56 19 ännu
912 689 51 15 vore

204 718 109 27 förtidiga.
343 718 66 21 Detta
424 718 68 27 gäller
507 718 102 21 särskildt
622 718 131 28 vidtagande
769 717 25 21 af
807 717 156 22 undersöknin-

204 758 44 22 gar,
270 752 58 21 såväl
344 752 140 21 ekonomiska
499 758 45 15 som
559 752 110 26 tekniska;
685 754 23 25 ty
724 752 27 21 då
766 752 84 21 banans
867 751 96 22 öfvervä-

204 787 68 27 gande
295 786 166 22 internationela
481 786 109 28 betydelse
613 787 112 25 erkännes,
745 788 24 19 är
784 786 37 22 det
837 786 78 27 tydligt
930 787 33 20 att

204 821 40 21 den
267 821 40 21 ock
329 822 96 20 kommer
440 822 33 20 att
487 820 89 27 utföras,
592 821 28 21 då
635 821 129 27 tidpunkten
780 820 72 22 derför
867 822 24 19 är
906 820 55 27 inne,

204 855 62 22 äfven
281 862 35 14 om
332 856 144 20 kostnaderna
490 855 70 21 blefve
572 855 157 27 jemförelsevis
745 855 62 27 höga.

271 890 32 21 På
317 890 69 27 grund
401 889 24 21 af
439 890 36 21 det
490 890 66 27 sagda
570 889 34 21 får
618 890 108 21 utskottet
741 890 112 20 vördsamt
864 888 89 22 föreslå:

424 967 31 18 att
467 964 151 28 förevarande
634 965 36 20 två
682 964 219 28 petitionsmemorial
915 963 47 21 icke

336 999 43 27 för
401 999 139 20 närvarande
562 999 65 21 måtte
650 999 35 21 till
707 999 74 27 någon
805 998 79 28 åtgärd
902 998 59 27 från

343 1032 136 25 Ständernas
493 1033 50 20 sida
554 1033 130 28 föranleda.

270 1290 11 21 I
303 1290 237 27 petitionsmemorialet
561 1290 110 27 angående
694 1296 27 15 en
736 1289 81 22 bibana
831 1289 34 22 till
880 1289 80 21 Brahe-

202 1324 48 21 stad
265 1324 132 21 återhämtas
411 1325 8 20 i
434 1324 120 22 hufvudsak
569 1325 112 20 enahanda
696 1324 68 21 motiv
779 1324 33 21 till
828 1323 84 22 förmån
927 1323 34 22 för

201 1364 26 16 en
243 1358 66 22 sådan
324 1358 62 27 bana,
403 1365 45 15 som
463 1359 100 21 anfördes
578 1359 7 21 i
600 1365 27 15 en
641 1359 93 27 petition
750 1358 7 21 i
773 1358 70 22 denna
853 1357 62 29 fråga
923 1357 37 23 vid

203 1393 54 21 1885
274 1392 35 22 års
324 1392 110 28 landtdag.

273 1427 42 21 Det
330 1429 24 19 är
369 1428 84 27 tydligt,
469 1429 32 20 att
515 1428 131 21 Brahestads
661 1428 80 21 handel
758 1428 40 21 och
814 1426 145 22 affärsrörelse

201 1461 126 28 ytterligare
349 1462 56 21 skall
419 1462 28 27 gå
461 1462 70 26 nedåt,
548 1468 34 16 om
598 1462 75 22 staden
689 1462 48 21 icke
753 1461 86 22 förenas
854 1461 49 21 med
919 1461 40 21 den

269 1507 191 23 Jernvägsutskottets
472 1507 116 17 betänkande
601 1507 36 18 N:o
649 1507 18 18 2.
