1048 1731
239 149 13 19 8
427 147 211 24 Petitionshetänkande
653 147 40 24 N:o
707 147 36 24 46.

210 209 57 22 hvad
289 209 76 22 härvid
388 210 55 21 varit
465 210 91 27 möjligt.
586 209 43 22 Vid
645 210 76 22 sådant
735 211 126 26 kompetent
876 210 97 22 öfvervä-

211 244 70 27 gande
303 244 55 21 skall
379 244 108 22 mähända
501 246 91 25 utvägar
606 243 97 28 päfinnas
719 244 33 22 för
767 246 34 20 att
814 245 37 21 vid
865 245 107 27 ifrägava-

211 278 66 21 rande
300 277 161 29 öfverflyttning
483 278 88 22 tillfullo
594 278 122 28 tillgodose]
731 278 61 22 äfven
809 278 163 23 forstundervis-

211 312 90 27 ningens
323 313 114 26 praktiska
460 313 53 26 sida,
530 313 26 24 de
579 313 178 28 betänkligheter,
781 319 47 16 som
843 313 129 22 härutinnan

211 347 72 21 kunde
298 347 71 26 hysas,
385 347 90 21 sälunda
490 346 116 27 försvinna,
622 347 41 22 och
678 347 7 21 i
701 347 53 28 följd
767 347 65 22 häraf
841 347 132 22 forstunder-

211 381 113 27 visningen
339 381 7 20 i
361 381 73 22 landet
449 381 107 22 anordnas
570 381 30 27 pä
614 383 32 20 ett
662 383 49 25 sätt,
727 387 46 16 som
788 383 121 20 motsvarar
923 382 49 21 dess

211 415 182 28 genomgripande
415 415 111 28 betydelse
548 415 34 22 för
604 421 26 15 en
654 415 23 22 af
698 415 83 22 landets
798 415 120 22 förnämsta
940 416 32 21 in-

211 449 150 22 komstkällor.

283 483 113 22 Utskottet
412 483 33 22 fär
460 483 56 28 förty
531 483 157 31 vördsammast
703 483 79 22 föreslä
797 490 26 14 en
838 483 133 28 underdänig

211 517 92 27 petition
318 518 88 27 derhän,

487 582 32 18 att
542 586 25 14 en
583 579 78 21 komite
675 580 31 26 af
715 579 139 29 sakkunniga
866 586 105 21 personer

420 614 65 20 måtte
504 614 106 20 tillsättas
619 615 42 25 jör
676 616 31 18 att
722 616 99 25 uppgöra
831 614 90 28 förslag
937 620 34 15 om

421 648 135 20 inrättandet
580 648 30 27 af
627 654 26 14 en
663 648 173 27 fackafdelning
849 648 40 26 för
899 648 72 27 forst-

419 682 170 27 vetenskaperna
612 681 38 21 vid
668 682 153 28 polytekniska
840 682 107 21 institutet
963 682 9 20 i

420 716 140 28 Helsingfors
576 718 56 19 samt
651 718 38 24 att,
705 716 55 27 efter
772 717 33 26 pä
820 716 25 21 sä
859 718 44 18 sätt
917 722 54 14 vun-

421 757 40 14 nen
484 750 192 28 detaljutredning,
693 750 35 21 till
749 750 84 28 slutligt
848 749 123 28 afgörande

419 786 103 25 upptoges
536 784 87 28 frågan
639 790 33 14 om
683 784 144 28 jörjlyttning
843 784 30 27 af
883 784 35 20 det
933 784 37 20 hä-

418 826 37 20 gre
472 818 186 27 forstlärovärket
681 818 8 20 i
707 818 66 20 Evois
790 818 34 21 till
840 818 81 20 nämda
937 818 33 20 in-

419 853 68 20 stitut.

281 903 136 27 Helsingfors
439 903 24 21 af
483 903 116 21 Allmänna
613 902 198 22 Besvärsutskottet
826 903 41 21 den
885 904 24 20 16
926 902 44 27 Maj

214 937 62 22 1888.

269 1103 10 21 I
295 1103 100 21 ärendets
411 1103 172 27 slutbehandling
598 1102 65 22 hafva
678 1102 90 27 deltagit
783 1102 122 21 Utskottets
921 1102 48 21 ord-

211 1137 90 21 förande
323 1137 49 21 frih.
395 1137 29 21 M.
448 1138 32 20 W.
496 1137 24 21 af
534 1137 108 26 Schulten,
659 1137 146 20 ledamöterne
819 1136 99 27 Ramsay,
936 1137 33 26 A.,

210 1171 110 27 Järvinen,
344 1171 33 27 N.,
393 1171 118 27 Nordlund,
534 1172 32 26 F.,
589 1171 126 26 Blomstedt,
731 1171 26 20 K.
773 1171 28 26 J.,
817 1170 107 27 Hedberg,
941 1171 27 25 J.,

210 1205 129 28 Tojkander,
355 1205 22 22 C.
387 1206 30 27 F.,
433 1201 93 32 Öhberg,
542 1206 33 26 V.,
592 1206 92 27 Nyberg,
701 1205 25 21 A.
743 1204 88 27 Ojanen,
847 1204 34 27 K.,
893 1205 76 21 Päivä-

210 1240 63 26 rinta,
290 1240 30 26 P.,
337 1240 122 27 Danielson,
476 1241 25 20 A.
517 1240 40 21 och
576 1240 163 27 suppleanlerne
754 1239 89 26 Schildt,
860 1239 43 26 Hj.,
919 1239 51 21 Wa-

210 1274 107 27 sastjerna
332 1275 32 26 A.,
380 1275 104 26 Renlund,
499 1274 27 21 K.
542 1275 27 20 H.
586 1274 40 21 och
641 1274 104 26 Alastalo,
761 1274 20 21 J.

279 1478 104 18 Allmänna
395 1478 188 18 Besvärsutskottets
596 1478 120 18 betänkande
729 1477 35 18 N:o
777 1478 28 17 35.
