1048 1731
275 144 230 22 Petitionsbetänkande
522 144 34 21 N:o
571 144 37 21 40.
777 145 14 20 5

66 207 35 28 Ty
125 207 39 20 det
193 207 71 20 måste
280 206 140 28 visserligen
443 213 67 14 anses
534 205 183 28 otvifvelaktigt,
741 208 34 19 att
791 213 28 14 en

65 241 111 28 rikligare
207 241 100 27 tillmätt,
339 240 67 21 säker
437 240 104 28 aflöning
569 241 30 27 på
621 240 130 28 flerfaldigt
773 242 47 19 sätt

66 275 90 22 komme
180 277 35 19 att
236 275 55 28 höja
305 275 148 21 länsmännes
468 275 87 20 sociala
573 274 113 28 ställning
702 275 117 21 öfverhut-

66 310 54 21 vud.
151 310 45 21 Det
222 309 83 22 arvode
335 309 152 21 länsmännen
518 309 100 28 tidigare
649 309 105 28 åtnjutit,
785 310 35 19 ut-

66 343 102 29 görande
183 345 42 21 800
240 343 45 29 mk,
300 343 53 22 med
369 344 42 21 200
426 343 77 21 marks
519 343 136 28 förhöjning
669 343 60 21 efter
741 344 26 21 10
775 343 43 21 och

68 379 24 21 15
108 379 37 20 års
168 378 155 28 tjenstgöring
352 377 42 22 har
423 385 84 21 genom
538 377 52 22 nåd.
614 377 167 22 förordnandet
796 378 26 21 af

66 413 44 21 den
125 413 13 22 6
154 420 60 14 mars
231 413 53 22 1879
301 412 66 21 ökats
384 412 37 21 till
439 413 62 26 1,600
516 412 39 21 mk
571 412 52 21 med
636 419 86 14 samma
732 411 87 28 förhöj-

65 447 59 28 ning
146 447 26 21 af
191 448 42 21 200
252 447 39 21 mk
306 447 59 21 efter
382 448 27 21 10
424 446 43 22 och
487 447 24 21 15
527 447 36 20 års
579 446 164 29 tjenstgöring.
773 446 46 21 Det

65 481 103 22 tillskott
187 482 8 21 i
216 481 169 22 löneförmåner
401 481 100 22 sålunda
515 481 135 29 medgifvits
666 481 153 22 länsmännen

64 518 121 26 motväges
208 516 129 22 emellertid
360 516 26 21 af
405 524 29 13 en
450 516 108 28 betydlig
573 516 125 21 reduktion
714 516 8 21 i
738 516 28 21 de
783 516 35 21 in-

65 551 102 21 komster
182 551 28 21 de
229 551 99 28 tidigare
344 550 52 22 haft
411 551 8 21 i
435 550 115 22 särskilda
566 550 106 29 sportlar.
703 550 117 23 Särskildt

64 586 38 21 mä
110 586 109 28 påpekas,
227 587 35 20 att
270 586 128 28 allmogens
407 585 106 22 växande
523 585 67 21 skrif-
600 585 43 21 och
651 585 169 29 läskunnighet

65 620 87 26 verkat,
168 622 34 20 att
212 620 151 22 länsmännen
378 627 97 15 numera
490 620 51 22 icke
552 621 25 21 sä
592 620 50 22 ofta
654 627 47 15 som
716 620 49 21 förr
778 620 41 21 vid

65 655 125 28 rättegång
210 654 89 22 anlitas.
331 655 127 28 Samtidigt
473 654 42 22 har
532 656 13 20 ä
560 655 72 21 andra
648 655 67 21 sidan
731 655 88 28 skjuts-

64 689 81 28 legans
161 688 136 29 förhöjande
313 689 43 21 och
371 689 148 29 penningens
536 689 130 29 sjunkande
681 689 71 22 värde
763 689 56 22 ökat

65 724 28 21 de
108 723 52 22 med
176 723 112 29 tjenstens
304 724 129 21 utöfvande
449 724 111 22 förenade
576 724 131 22 kostnader.

134 758 103 22 Allmänt
253 758 73 22 kändt
342 762 25 18 är
383 758 66 29 dock,
466 761 35 19 att
516 759 29 22 de
560 759 126 21 inkomster
702 758 115 22 länsmän-

65 801 46 13 nen
126 793 92 29 ätnjuta
233 793 8 21 i
257 793 62 21 olika
335 793 65 21 delar
416 794 27 21 af
455 794 81 21 landet
552 798 39 17 äro
603 794 150 28 synnerligen
763 800 54 14 vex-

64 827 76 22 lande.
171 828 83 21 Medan
273 827 28 22 de
317 828 13 21 å
345 836 29 13 en
390 828 39 21 del
445 830 62 19 orter
522 828 66 22 torde
604 829 79 28 uppgå
697 828 39 22 till
753 830 65 26 4,000

64 864 13 19 a
91 863 65 25 6,000
171 862 39 21 mk
225 862 44 21 och
284 866 62 18 ännu
362 870 55 19 mer,
434 866 39 18 äro
489 862 29 22 de
534 862 177 29 otvifvelaktigt
721 863 14 21 ä
745 862 72 22 andra

64 899 62 19 orter
142 897 69 21 altför
226 898 98 28 knappa.
340 898 85 28 Någon
441 898 86 22 allmän
535 898 188 29 löneförhöjning
734 899 25 21 ät
766 899 52 21 kro-

63 932 184 22 nolänsmännen
274 940 66 14 anser
362 932 37 29 sig
414 933 116 22 utskottet
545 933 73 22 under
634 934 83 21 sädant
732 933 85 22 förhäl-

63 966 69 22 lande
148 967 50 21 icke
215 967 78 22 kunna
308 967 91 28 föreslä,
415 962 57 39 utan:
484 968 42 21 vill
537 968 115 21 utskottet
663 969 76 20 endast
751 969 66 28 päpe-

63 1001 31 22 ka
108 1001 205 29 nödvändigheten
321 1003 27 20 af
361 1004 36 19 att
412 1002 28 21 do
457 1002 143 29 ojämnheter
615 1003 44 21 och
669 1003 90 27 brister,
769 1010 48 14 som

63 1035 126 22 förefinnas
200 1036 8 21 i
223 1036 28 21 de
266 1037 367 28 medlänsmansbefattningarne
644 1037 110 22 förenade
763 1037 54 21 eko-

63 1071 107 21 nomiska
192 1071 121 28 förmäner,
336 1072 73 21 mätte
425 1072 26 21 af
465 1071 121 28 Styrelsen
601 1072 214 28 uppmärksammas

63 1105 43 21 och
129 1105 79 22 sävidt
228 1105 88 29 görligt
331 1106 117 29 afhjelpas
464 1106 95 28 derhän,
576 1108 35 19 att
627 1106 187 21 kronolänsmän-

62 1147 58 14 nens
136 1139 151 22 ekonomiska
301 1141 114 28 ställning
431 1141 80 20 blefve
523 1140 144 29 tillbörligen
677 1141 138 28 betryggad.

132 1174 158 22 Petitionären
316 1175 41 21 har
380 1175 123 28 föreslagit
526 1183 29 13 en
578 1176 72 27 utväg
671 1177 34 19 att
724 1175 93 21 minska

64 1209 153 22 statsverkets
235 1209 99 29 utgifter
349 1210 37 21 för
397 1217 29 14 en
436 1210 85 21 reform
532 1209 88 22 isädan
634 1209 112 29 riktning.
763 1209 54 21 Han

63 1243 105 22 förordar
182 1244 118 29 nämligen
309 1252 29 14 en
355 1245 119 21 successiv
485 1244 169 29 indragningaf
660 1244 156 29 kronofogde-

62 1277 134 29 tjensterna.
212 1279 121 22 Utskottet
348 1287 67 13 anser
425 1279 136 26 önskvärdt,
570 1281 34 19 att
612 1279 40 22 det
661 1279 154 28 öfverflödiga

62 1312 43 21 och
118 1312 136 23 invecklade
266 1313 209 29 skrifsystem,som
487 1313 36 22 för
527 1313 145 22 närvarande
680 1313 135 22 räderinom

62 1347 225 29 administrationen,
297 1347 77 22 kunde
385 1347 147 22 inskränkas.
543 1348 85 21 Derom
643 1347 70 22 hafva
727 1347 88 22 dockä-

62 1382 104 28 sigterna
177 1383 62 21 inom
245 1383 116 21 utskottet
367 1383 62 21 varit
438 1383 89 28 delade,
535 1383 116 21 huruvida
658 1383 8 21 i
673 1383 73 21 första
754 1390 61 14 rum-

62 1419 47 19 met
131 1417 153 29 kronofogde-
300 1418 57 22 eller
371 1418 306 28 häradskrifvartjensterna
694 1418 72 22 borde
782 1418 33 22 af-

130 1457 98 18 Allmänna
240 1458 173 20 Besvärsutskottets
425 1459 110 19 betänkande
547 1459 37 18 N:o
596 1460 30 18 32.
