1048 1731
291 130 273 22 Petitionsbetänkande
581 131 39 21 N:o
634 130 36 23 33.
798 132 27 21 25

98 193 97 28 karleby
218 205 26 3 —
267 193 74 21 såsom
365 192 26 21 af
412 193 77 20 siffror
513 193 8 20 i
544 193 256 28 petitionsmemorialet
821 194 33 21 äf-

101 235 45 14 ven
168 227 101 28 framgår
284 239 27 4 —
327 227 75 21 delvis
426 234 56 14 vore
499 227 118 28 obehöflig
633 227 48 22 dels
697 229 50 20 åter
763 229 91 21 komme

100 264 35 20 att
157 261 107 22 störande
286 261 98 22 inverka
405 262 30 27 på
451 261 39 22 det
505 261 118 28 behöfliga
638 262 142 23 elevantalet
796 263 9 21 i
820 270 34 14 se-

98 297 120 21 minariets
241 296 12 21 å
275 298 67 19 orten
362 295 164 22 normalskola.
557 296 148 21 Inrättandet
721 297 25 21 af
759 299 35 20 ett
809 297 44 22 ele-

100 330 198 22 mentarläroverk
313 330 8 21 i
336 330 185 21 Fredrikshamn
537 337 69 21 synes
624 330 111 29 slutligen
751 332 25 21 så
792 339 62 20 myc-

99 365 40 21 ket
153 365 89 21 mindre
258 364 93 29 skäligt,
367 371 50 14 som
432 365 46 21 slik
494 365 184 28 läroinrättning
693 365 8 21 i
717 365 40 22 det
772 365 83 22 närbe-

102 399 70 28 lägna
196 399 80 21 Kotka
300 401 109 26 nogsamt
431 399 66 21 torde
521 399 172 22 tillfredsställa
717 400 136 28 omnejdens

101 433 127 22 skolbehof.

168 468 33 21 På
216 468 76 28 grund
308 467 26 22 af
348 467 39 22 det
403 468 99 21 sålunda
518 468 98 21 anförda
631 469 35 20 får
681 468 124 22 Utskottet
819 472 36 17 rö-

100 503 71 21 rande
187 502 27 22 de
229 502 74 22 under
318 510 69 14 mom.
402 510 14 14 a
433 503 173 21 sammanförda
624 503 231 29 petitionsförslagen

99 537 118 22 vördsamt
231 537 90 27 föreslå,

305 591 33 19 att
357 589 86 22 landets
467 590 114 28 höglofliga
597 590 95 21 Ständer
707 589 49 21 ville
771 590 38 20 hos
824 589 30 21 H.

237 623 28 21 K.
281 623 44 21 M:t
338 624 9 20 i
363 624 177 28 underdånighet
557 624 97 24 anhålla,
671 624 34 21 det
720 624 29 20 H.
767 623 28 21 K.
813 623 43 21 M:t

237 658 9 20 i
260 658 69 21 nåder
349 658 78 22 täcktes
449 659 78 26 tillåta,
538 660 33 20 att
581 658 81 28 jemväl
676 658 75 27 flickor
766 658 89 28 intagas

237 692 8 20 i
260 694 81 19 statens
356 692 23 21 2-
397 693 36 21 och
449 693 124 28 4-kiassiga
588 692 187 22 elementarskolor
791 692 14 21 å
819 692 36 21 sä-

237 726 60 22 dana
320 728 63 24 orter,
408 728 39 20 der
469 728 95 20 särskild
585 728 27 26 af
624 729 71 19 staten
709 726 146 22 underhållen

237 760 109 28 flickskola
369 762 44 21 icke
433 762 73 26 finnes
521 762 92 28 förlagd,
636 762 109 27 äfvensom
767 763 34 20 att
815 762 40 20 nå-

237 795 48 28 diga
302 795 153 29 Kungörelsen
471 796 28 28 af
511 797 43 21 den
568 796 26 22 11
610 796 112 22 December
738 796 67 26 1884,
815 802 40 15 an-

236 830 81 27 gående
332 830 99 22 vilkoren
445 831 36 27 för
491 832 93 26 privata
593 831 164 21 läroanstalters
776 830 80 22 under-

237 864 112 28 stödjande
357 865 46 21 med
411 866 123 20 statsmedel
542 866 64 20 måtte
612 866 69 21 vinna
686 866 70 20 sådan
765 864 92 27 tillämp-

237 898 62 28 ning,
315 900 33 20 att
360 900 86 27 jemväl.
456 900 108 21 samskola
579 900 71 21 kunde
660 900 83 21 komma
758 900 8 20 i
781 898 76 28 ätnju-

240 933 64 21 tande
327 934 24 27 af
371 935 181 24 statsunderstöd,
570 934 119 22 beräknadt
703 934 55 27 efter
773 941 82 14 samma

236 968 117 27 principer,
369 975 45 14 som
430 969 129 22 subvention
576 969 35 28 för
624 969 107 28 gosskola;
747 972 60 18 samt

307 1005 34 19 att
363 1003 128 22 Ständerna
514 1005 9 20 i
542 1004 67 28 öfrigt
623 1004 49 21 ville
687 1004 71 21 lemna
773 1003 83 28 ifråga-

238 1038 97 21 varande
347 1039 222 26 petitionsmemorial
585 1040 57 20 utan
657 1039 106 26 afseende.

171 1091 92 27 Frågan
278 1097 37 14 om
331 1091 134 20 inrättande
482 1091 25 20 af
520 1090 151 28 fullständigt
681 1090 71 21 finskt
763 1090 95 27 lyceum

103 1123 9 21 i
134 1123 149 23 Nikolaistad
305 1125 91 20 förevar
419 1125 73 21 redan
513 1125 41 21 vid
570 1127 91 19 senaste
676 1124 113 27 landtdag
805 1131 52 14 men

102 1165 63 15 vann
181 1159 29 21 då
224 1159 131 28 petitionen
370 1159 81 21 härom
467 1159 52 21 icke
536 1159 94 28 önsklig
638 1158 219 28 ständermajoritet.

104 1193 45 22 Det
162 1193 197 29 bildningsbehof,
379 1201 49 14 som
445 1195 7 20 i
469 1195 77 20 denna
561 1194 101 28 petition
676 1193 123 26 uttalades,
816 1192 42 21 har

103 1228 99 21 sålunda
224 1229 42 20 allt
288 1228 141 22 fortfarande
455 1229 62 21 måst
540 1227 182 22 tillfredsställas
744 1226 53 22 med
819 1233 39 14 en-

104 1263 88 21 skildes
214 1263 121 28 betydliga
357 1263 169 28 uppoffringar.
558 1263 143 28 Visserligen
724 1262 42 21 har
786 1261 73 22 sedan

107 1298 26 20 år
148 1298 55 21 1884
218 1305 83 20 genom
317 1297 154 22 statsverkets
486 1298 94 27 försorg
596 1305 29 13 en
640 1296 157 29 finskspråkig
814 1295 45 22 ele-

104 1332 159 22 mentarskola
283 1332 62 21 trädt
366 1333 7 20 i
389 1332 155 25 verksamhet,
562 1332 43 21 och
620 1331 91 29 uppnår
726 1331 77 21 denna
819 1331 40 20 vid

104 1366 155 22 innevarande
283 1367 85 21 läseårs
391 1367 92 28 utgång
503 1367 38 21 sin
557 1366 97 28 slutliga
668 1365 139 29 utveckling
822 1365 38 21 till

104 1400 119 29 4-klassig.
253 1401 120 21 Förnekas
393 1401 47 21 kan
462 1401 50 21 icke
528 1403 36 19 att
578 1400 95 22 härmed
689 1400 126 28 anspråket
829 1400 30 28 på

172 1440 99 18 Allmänna
281 1441 174 18 Besvärsutskottets
467 1440 109 18 betänkande
581 1440 35 18 N:o
623 1441 30 17 27.
