1048 1731
264 140 13 20 4
463 138 210 23 Petitionsbetänkande
689 139 34 22 N:o
739 138 35 23 48.

236 201 32 21 uti
283 201 146 26 anordningen
445 200 22 22 af
481 201 119 21 ärendenas
610 200 130 28 behandling
751 201 39 21 och
801 201 197 28 expeditionssättet

236 235 36 20 vid
292 234 161 22 vederbörande
468 235 232 27 embetsmyndigheter
715 235 52 22 eller
781 235 126 22 annorledes
923 241 26 15 en
964 234 33 22 del

235 269 90 27 tjenster
341 269 40 21 och
397 269 143 27 befattningar
554 269 72 22 kunde
641 271 51 20 utan
708 275 49 16 men
772 269 105 27 indragas.

306 304 67 21 Detta
395 303 171 22 statsutskottets
589 303 111 22 uttalande
722 303 40 22 har
777 303 23 22 af
817 303 99 28 samtliga
931 302 66 23 Stånd

237 337 69 22 blifvit
320 337 116 27 godkändt.

304 371 68 22 Ofvan
395 371 91 22 berörda
508 371 60 26 fråga
590 371 40 22 har
646 371 83 22 således
745 371 46 21 icke
807 371 67 22 heller
891 371 34 22 vid
939 371 58 21 inne-

238 405 93 22 varande
353 405 102 27 landtdag
479 405 90 27 undgått
591 405 131 22 Ständernas
742 405 193 27 uppmärksamhet.
965 405 34 21 Då

237 439 119 22 emellertid
381 439 58 22 inom
463 439 161 22 Bondeståndet
646 441 31 20 ett
699 438 180 28 petitionsförslag
898 439 99 27 ingifvits,

237 473 124 27 påyrkande
375 475 32 20 att
421 473 133 27 Regeringen
569 475 50 25 toge
634 473 7 21 i
657 473 160 27 öfvervägande,
833 472 104 22 huruvida
952 473 46 21 icke

238 507 47 21 skäl
307 514 52 15 vore
381 510 33 19 att
436 507 85 27 vidtaga
536 507 102 27 åtgärder
652 507 33 21 till
700 507 114 22 reduktion
829 506 22 22 af
866 507 25 21 de
906 506 93 22 fördelar

238 541 226 27 tjenstemannabanan
486 542 99 26 erbjuder
604 541 54 27 eller
674 541 129 22 åtminstone
819 543 32 19 att
866 541 46 21 icke
927 540 72 22 vidare

238 575 42 22 öka
296 575 26 21 de
337 582 88 20 samma,
441 576 40 21 och
497 576 59 21 detta
570 575 182 27 petitionsförslag
768 575 129 27 hänskjutits
912 574 33 22 till
955 574 44 22 All-

238 611 77 19 männa
337 609 207 22 Besvärsutskottets
566 609 165 27 handläggning,
755 609 39 21 har
808 609 106 21 utskottet
929 610 70 20 ansett

237 643 32 27 sig
292 642 53 22 böra
360 643 7 21 i
383 643 69 22 denna
474 643 60 27 fräga
549 643 117 27 framlägga
681 644 67 26 nägra
763 643 106 27 uppgifter
883 643 33 21 till
931 642 68 27 belys-

238 677 51 27 ning
304 676 22 22 af
341 677 40 21 den
396 683 86 15 samma.

311 711 34 21 En
361 712 6 20 i
383 711 63 27 detalj
463 711 81 27 gäende
559 711 159 27 undersökning
733 710 22 22 af
765 711 35 21 det
811 710 109 28 vidlyftiga
929 712 70 25 spörs-

239 744 43 22 mä!
298 744 143 28 föreliggande
457 744 180 28 petitionsförslag
654 744 63 22 berör
732 745 39 21 har
785 744 47 22 icke
847 744 81 22 kunnat
942 744 57 22 inom

238 778 107 22 utskottet
360 778 7 22 i
381 778 61 28 fräga
456 779 92 21 komma.
573 779 33 21 En
626 779 66 21 sädan
707 778 158 28 undersökning
879 778 75 22 kräfde
968 780 32 20 ett

239 812 74 22 arbete
336 812 59 27 längt
417 812 84 22 utöfver
515 813 56 21 hvad
586 812 117 22 utskottets
718 813 86 27 knappa
819 812 30 22 tid
865 812 134 28 möjliggjort.

239 846 63 28 Uppä
322 848 66 25 något
410 846 7 22 i
439 846 144 22 enskildbeler
603 847 82 26 gående
707 846 133 22 bedömande
863 846 22 22 af
898 845 79 29 frågan,
993 846 7 20 i

238 880 57 21 hvad
315 881 48 21 mån
379 880 32 22 för
426 881 132 21 närvarande
573 880 99 27 gällande
687 880 118 27 aflöningar
819 880 62 22 torde
896 880 53 22 böra
963 886 36 15 an-

239 920 34 15 ses
297 914 63 21 altför
383 914 66 28 dryga
467 916 54 20 samt
536 914 7 21 i
558 914 86 22 hvilken
660 914 127 27 omfattning
803 914 40 22 och
857 915 57 21 inom
929 914 71 22 hvilka

239 948 136 22 embetsverk
397 949 88 26 tjenster
504 949 71 21 kunde
591 948 105 27 afskaffas,
712 948 37 22 vill
764 948 105 22 utskottet
883 948 56 28 förty
953 948 47 22 icke

239 982 68 21 inlåta
329 982 38 27 sig,
392 984 51 20 utan
458 982 7 21 i
480 983 71 21 stället
569 982 112 22 framhålla
699 983 66 26 några
781 982 131 28 synpunkter
927 982 22 22 af
962 981 37 22 all-

239 1018 50 19 män
304 1018 40 19 art.

311 1050 86 22 Främst
419 1050 40 22 bör
477 1050 75 22 härvid
566 1051 95 26 påpekas
677 1051 40 21 den
733 1050 116 28 synnerligt
863 1050 74 22 starka
951 1057 48 21 pro-

239 1084 103 27 gression,
366 1084 88 22 hvarvid
476 1085 115 26 utgifterna
606 1085 33 22 för
654 1087 82 20 statens
751 1085 92 22 embets-
859 1084 40 22 och
913 1085 86 27 tjenste-

239 1118 119 21 mannakår
379 1119 66 21 sedan
467 1120 32 20 ett
521 1125 39 21 par
576 1119 112 22 decennier
706 1119 95 26 tilltagit.
832 1119 31 22 Ur
879 1119 40 22 den
933 1119 65 26 tablå,

238 1158 47 15 som
308 1153 60 21 detta
390 1153 98 21 afseende
509 1153 110 22 meddelas
634 1154 70 21 såsom
723 1153 71 27 bilaga
808 1153 26 27 A,
849 1153 36 22 må
899 1153 100 22 särskildt

237 1185 93 28 följande
346 1185 69 23 siffror
430 1186 94 23 anföras:

307 1470 104 19 Allmänna
423 1471 180 18 Besvärsutskottets
615 1471 124 17 Betänkande
751 1470 38 18 N:o
801 1470 31 18 39.
