1048 1731
210 165 14 20 4
342 165 72 22 Ständ.
430 165 42 21 Pet.
488 177 27 2 —
532 165 141 22 Petitionsbet.
690 165 35 22 N:o
741 165 35 22 26.

180 227 71 22 blefve
268 227 72 22 ökadt.
371 227 80 22 Härvid
474 233 54 16 anse
550 228 33 27 sig
606 227 122 22 Ständerna
748 228 54 21 böra
817 227 122 27 framhålla,

180 264 33 19 att
229 262 72 27 dylika
316 262 95 28 mindre;
419 261 250 28 förlossningsanstalter
685 262 196 29 borde"förefinnas
892 262 48 21 icke

181 296 78 22 endast
280 297 7 20 i
311 297 259 26 läneresidensstäderna,
594 299 54 19 utan
663 297 92 21 inrättas
771 296 64 22 äfven
850 297 37 20 vid
902 297 39 20 all-

181 332 62 20 mänt
266 331 89 27 sjukhus
379 331 12 21 &
417 331 68 21 andra
508 333 58 20 orter
586 331 7 21 i
616 331 42 22 den
678 332 53 21 män
745 330 103 23 behofvet
863 331 78 21 sädant

181 365 93 21 kräfver.
304 365 29 22 Sä
348 365 69 27 torde,
433 365 33 22 för
481 368 32 18 att
528 365 77 22 anföra
621 367 30 20 ett
666 366 105 27 exempel,
788 365 5 21 i
809 365 85 22 landets
909 365 31 21 till

182 400 175 21 innevänartalet
381 400 68 27 tredje
476 400 48 21 stad
549 400 146 22 Tammerfors
720 401 50 21 med
793 400 50 21 dess
863 400 77 21 talrika

178 434 230 27 -arbetarebefolkning
431 441 27 15 en
482 435 84 21 mindre
585 435 224 27 förlossningsanstalt
825 434 116 27 lämpligen

182 469 78 20 kunna
276 468 115 28 förläggas.

253 538 38 26 Dä,
315 539 75 20 säsom
412 538 64 22 ofvan
500 538 94 28 antydts,
611 538 35 22 det
661 538 108 28 behöfliga
786 538 80 21 antalet
883 538 58 27 sjuk-

182 572 85 22 bäddar
283 574 13 20 å
311 573 106 21 särskilda
433 576 58 18 orter
506 573 48 21 icke
569 573 55 21 låter
639 573 33 27 sig
687 574 28 26 pä
730 572 94 22 förhand
839 573 50 21 med
904 572 38 22 be-

182 607 111 21 stämdhet
316 607 112 27 fastställa,
452 607 65 21 hafva
538 607 122 21 Ständerna
675 607 33 21 för
725 608 26 21 de
767 607 118 21 kostnader
900 607 42 21 den

183 641 124 27 föreslagna
333 642 108 21 reformen
465 642 88 21 komme
576 644 32 18 att
630 644 51 25 taga
702 642 6 21 i
729 642 96 26 anspråk
841 642 100 27 uppgjort

183 676 55 21 blott
254 682 27 16 en
297 676 119 27 ungefärlig
431 676 125 27 beräkning.

253 744 104 28 Anslaget
380 744 33 22 för
435 744 26 22 de
484 751 29 14 nu
538 745 137 21 existerande
691 745 148 27 provisionela
854 745 88 21 förloss-

184 779 199 27 ningsanstalterna
406 780 83 26 uppgår
504 779 33 21 för
552 780 137 20 närvarande
705 780 31 20 till
751 779 66 27 8,000
831 780 61 20 mark
908 780 35 21 år-

184 814 65 26 ligen,
274 814 42 21 och
339 814 40 20 har
395 814 41 21 den
451 814 93 21 faktiska
559 814 123 22 kostnaden
697 814 33 22 för
746 814 65 21 dessa
827 814 115 21 inrättnin-

182 854 42 21 gar
239 848 70 22 under
325 850 87 19 senaste
428 849 25 20 år
468 848 6 21 i
485 848 101 22 medeltal
596 849 81 27 utgjort
687 848 65 27 7,595
763 848 62 21 mark
837 849 26 21 79
874 850 67 25 penni

185 882 52 22 eller
252 882 33 22 för
300 882 75 28 hvarje
390 882 103 28 sjuksäng
508 883 6 20 i
530 883 65 21 rundt
609 883 31 21 tal
650 883 42 21 536
703 883 68 21 mark.
802 882 71 22 Blefve
885 883 58 27 sjuk-

185 917 112 27 platserna
319 917 36 21 vid
377 917 74 28 hvarje
475 917 23 21 af
510 917 166 28 ifrågavarande
692 918 249 27 förlossningsanstalter

185 951 71 22 ökade
272 952 30 21 till
318 953 19 25 6,
353 952 67 21 skulle
436 952 90 27 således,
543 959 36 14 om
595 953 134 21 anstalterna
744 953 7 20 i
768 951 63 28 öfrigt
846 952 97 21 bibehöl-

185 987 32 21 les
238 987 29 27 på
285 993 86 14 samma
391 986 30 21 fot
440 993 47 15 som
503 993 35 22 nu,
554 987 122 21 kostnaden
692 987 33 21 för
741 987 51 20 dem
807 987 89 21 komma
913 989 30 19 att

186 1021 79 26 belöpa
281 1021 32 26 sig
328 1021 31 20 till
373 1021 79 26 22,500
467 1021 61 21 mark
544 1021 88 27 årligen.
662 1021 123 22 Emellertid
801 1021 62 21 torde
879 1021 64 21 dessa

185 1055 152 27 inrättningar,
363 1062 36 14 om
422 1055 112 22 desamma
554 1056 106 27 utvidgas,
683 1056 48 21 icke
755 1055 55 21 böra
834 1055 109 22 anordnas

186 1090 79 21 endast
280 1090 147 27 provisoriskt,
443 1091 73 20 såsom
532 1090 105 21 härintills
653 1091 55 21 varit
724 1090 66 26 fallet,
801 1092 53 19 utan
865 1090 80 21 erhålla

184 1131 31 15 en
230 1125 50 21 med
291 1125 96 20 kronans
403 1124 88 27 sjukhus
506 1125 7 20 i
528 1125 118 21 allmänhet
656 1125 240 22 öfverensstämmande
908 1131 35 14 or-

186 1159 131 28 ganisation,
333 1159 42 22 och
391 1159 6 20 i
413 1159 78 21 sådant
506 1159 36 21 fall
556 1159 88 22 komme
655 1159 118 28 utgifterna
784 1159 33 21 för
827 1159 115 21 inrättnin-

186 1201 69 20 garna
278 1196 32 19 att
335 1194 56 26 stiga
405 1193 48 22 icke
471 1193 53 22 blott
539 1194 86 21 relativt
645 1194 29 21 till
690 1194 37 21 det
743 1193 105 22 förökade
863 1193 82 22 antalet

185 1229 137 26 sjukplatser.
353 1228 40 21 Det
407 1228 40 21 har
468 1228 118 21 beräknats
609 1230 32 19 att
663 1227 124 22 kostnaden
810 1227 33 22 för
865 1228 79 21 under-

186 1263 67 21 hållet
268 1263 24 21 af
305 1269 27 15 en
347 1262 231 27 barnbördsafdelning
594 1269 36 15 om
645 1263 13 21 6
674 1263 131 26 sjuksängar
820 1262 36 21 vid
871 1263 74 26 hvarje

186 1297 141 27 länesjukhus
349 1297 7 20 i
377 1297 74 21 landet
469 1297 57 28 (med
542 1297 112 27 undantag
669 1297 24 21 af
705 1297 114 21 allmänna
834 1296 111 27 sjukhuset

187 1332 7 20 i
210 1331 141 28 Helsingfors)
375 1331 87 22 komme
482 1334 31 19 att
528 1331 99 22 medföra
642 1338 28 15 en
685 1332 56 26 årlig
756 1331 61 27 utgift
833 1331 24 21 af
870 1331 75 21 inalles

184 1367 83 26 32,000
291 1367 61 21 mark
375 1367 51 21 eller
448 1366 99 28 omkring
572 1367 79 27 24,000
666 1366 64 22 mark
746 1365 84 23 utöfver
845 1366 58 21 hvad
918 1366 26 21 de

188 1401 148 27 provisionela
358 1400 279 28 förlossningsanstalterna
658 1401 35 21 för
712 1400 139 22 närvarande
874 1401 61 21 kosta

188 1436 75 20 Likväl
273 1436 62 21 torde
345 1435 55 21 böra
410 1435 131 27 framhällas,
558 1438 32 19 att
604 1436 50 21 hela
669 1436 61 21 detta
747 1435 58 21 antal
817 1435 129 27 sjuksängar

186 1470 49 22 icke
251 1470 36 21 vid
302 1470 42 22 alla
359 1470 138 22 länelasarett
512 1470 118 22 tillsvidare
640 1470 95 22 behöfde
747 1470 96 20 inrättas.
869 1469 7 21 I
888 1470 59 21 detta
