1048 1731
182 120 13 20 6
319 119 71 22 Ständ.
405 120 47 21 Mot.
469 132 26 4 —
512 120 130 22 Motionsbet.
658 120 35 21 N:o
708 120 31 22 15.

292 185 31 19 vet
338 183 34 21 till
386 183 182 27 Bergskollegium
583 183 31 28 af
626 183 40 21 den
679 185 29 19 21
723 183 50 26 Maj
788 184 57 19 1744
859 185 57 18 samt

291 224 74 14 senare
379 217 220 27 öfverenskommelser
614 217 37 21 och
662 217 75 28 påbud
751 217 92 28 utgjorts
855 217 58 28 från

293 251 60 27 bruk,
368 259 118 20 masugnar
500 254 54 19 samt
570 252 70 21 andra
651 253 62 26 jern-
724 251 37 21 och
776 251 137 28 kopparverk,

292 286 55 21 skall
369 286 97 27 upphöra
489 288 31 19 att
537 287 53 26 utgå
609 287 57 27 efter
684 287 33 20 det
732 285 181 28 häradshöfding,

293 327 44 14 som
359 321 34 20 till
414 321 59 27 dylik
496 321 158 27 tingsgästning
673 321 41 27 för
736 321 136 20 närvarande
887 322 27 18 är

293 355 123 27 berättigad,
429 356 59 27 från
510 355 90 27 tjensten
616 356 85 27 afgått;
723 355 101 20 skolande
841 354 71 21 samti-

291 389 47 28 digt
352 389 84 21 dermed
451 390 40 21 den
507 389 98 28 befrielse
616 390 59 27 från
685 389 118 28 utgörande
813 389 30 28 af
849 396 63 20 span-

291 424 214 27 mälstingsgästning
524 425 104 26 upphöra,
644 431 43 14 som
701 431 74 21 genom
790 423 123 28 specialpri-

292 459 115 26 vilegierna
419 458 42 27 för
475 459 126 27 bergverken
617 459 39 21 och
666 459 79 20 bruken
755 459 30 26 af
793 459 40 20 den
843 460 13 19 9
866 458 47 20 Au-

291 493 58 27 gusti
365 494 56 20 1673
436 495 26 19 är
477 493 128 28 bruksegare
620 494 8 20 i
643 493 98 21 Finland
752 493 114 21 tillerkänd
876 492 36 21 och

291 528 69 20 under
381 534 59 14 mom.
456 528 21 27 c)
496 528 4 20 i
515 529 14 19 3
544 529 15 26 $
574 528 31 27 af
620 528 162 28 förordningen
805 527 110 28 angående

292 562 96 28 lindring
403 562 8 21 i
426 563 196 27 tingsgästningens
644 562 119 28 utgörande
781 562 31 28 af
831 562 39 21 den
884 562 30 20 25

292 596 97 21 Januari
404 598 57 20 1886
476 597 120 27 bekräftad.

223 636 106 22 Finlands
345 637 94 21 Ständer
453 638 126 21 framhärda
594 640 41 19 etc.

222 676 141 29 Helsingfors,
380 678 42 21 den
437 679 28 21 29
481 678 42 28 Maj
542 679 61 21 1888.

181 1430 134 24 Helsingfors,
328 1432 18 17 J.
360 1432 75 18 Simelii
448 1432 112 23 arfvingars
573 1432 253 24 boktryckeri-aktiebolag,
838 1433 51 17 1888.
