1048 1731
286 136 272 23 Petitionsbetänkande
575 137 38 21 N:o
628 137 35 21 33.
797 137 28 22 35

99 206 69 22 synes
192 199 48 28 mig
262 207 55 14 vara
338 200 31 28 på
389 199 37 21 sin
449 199 62 28 plats
536 199 64 21 såväl
614 199 38 21 för
662 200 35 20 att
712 199 78 29 stödja
807 199 46 22 den

97 234 99 28 princip,
213 234 88 28 hvarpå
319 235 92 20 senaste
427 233 206 29 skollagstiftning
644 237 25 17 är
684 233 104 28 baserad,
799 241 50 14 som

98 269 38 21 för
155 270 35 20 att
204 269 79 21 anvisa
299 269 24 20 åt
337 268 29 21 de
380 267 80 22 lokala
475 267 207 29 önskningsmålen
698 269 46 21 den
759 269 89 28 riktiga

97 306 77 25 vägen
188 303 37 21 för
241 303 127 21 desammas
383 302 145 28 realisering.
558 302 48 29 Jag
620 303 72 28 vågar
707 304 91 22 dertöre
813 305 39 20 fö-

97 337 67 28 reslå,
176 339 35 19 att
231 337 124 21 ständerna
370 337 53 21 med
438 337 152 21 förkastande
607 337 26 21 af
646 337 28 21 de
689 338 163 28 petitionsför-

98 371 56 28 slag,
177 378 48 15 som
239 371 61 28 gälla
321 371 146 22 inrättandet
483 371 26 21 af
522 379 48 20 nya
586 371 77 22 skolor
678 371 8 22 i
701 372 145 28 Nykarleby,

96 405 78 29 Borgå
193 406 43 21 och
251 405 183 22 Fredrikshamn
450 407 61 20 samt
525 405 155 29 utvidgandet
696 407 26 21 af
736 407 111 21 skolorna

97 440 8 21 i
119 440 154 27 Nikolaistad,
289 441 99 28 Kajana,
405 440 93 29 Nystad
513 440 44 23 och
573 440 133 28 Sordavala,
721 441 56 22 ville
793 441 58 28 god-

96 475 78 22 känna
188 482 29 14 en
231 475 102 28 petition
348 475 8 21 i
372 475 40 22 det
428 476 71 28 syfte,

303 542 32 19 att
356 539 111 29 Styrelsen
489 541 66 21 måtte
576 541 98 28 fullfölja
696 544 98 26 systemet
816 544 35 20 att

233 574 124 28 tillräckligt
378 574 170 22 subventionera
566 576 90 27 privata
677 576 75 26 skolor,
769 577 75 22 hvilka

232 608 105 28 framgått
367 616 30 14 ur
425 611 30 19 ett
482 609 113 29 allvarligt
618 610 229 29 bidningssträfvande

231 645 62 26 samt,
316 644 8 20 i
346 644 42 21 den
409 650 52 15 mon
483 646 84 20 statens
583 644 116 29 tillgångar
715 646 34 22 det
765 646 80 27 tillåta,

232 680 50 26 taga
297 678 70 22 wnder
380 678 110 29 pröfning
504 679 86 22 sådana
604 680 79 21 skolors
694 680 152 29 öfvertagande

231 712 28 27 af
277 714 77 25 staten,
377 713 75 22 hvilka
473 720 77 21 genom
575 716 29 19 ett
618 714 104 22 konstant
737 716 36 20 och
789 715 56 28 bety-

231 747 70 21 dande
323 747 108 22 elevanta!
454 748 82 22 bevisat
557 749 32 27 sig
610 749 57 27 fylla
681 751 30 20 ett
725 750 36 21 väl
775 757 69 21 grun-

231 782 52 20 dadt
298 781 69 27 behof.

360 845 25 21 M.
400 846 29 21 W.
444 846 21 21 af
481 846 103 22 Schulten.

230 906 87 22 Härom
332 907 94 22 förenar
443 908 37 28 sig

648 974 27 27 Hj.
692 974 85 21 Schildt.

157 1450 98 18 Allmänna
266 1450 173 20 Besvärsutskottets
451 1452 110 18 betänkande
573 1452 33 18 N:o
619 1453 30 18 27.
