1048 1731
303 113 208 23 Petitionsbetänkande
527 113 33 24 N:o
576 113 19 23 3.
787 114 12 21 5

80 176 76 21 mande
178 175 24 22 år
225 176 53 21 1889
301 176 91 22 inträffa.
423 177 42 21 Det
486 177 40 21 har
546 177 106 26 nämligen
666 176 57 22 visat
738 177 32 26 sig
785 176 45 21 dels

80 210 101 27 omöjligt,
204 211 45 20 dels
269 210 126 22 åtminstone
411 213 78 24 ytterst
503 211 135 27 betungande
654 211 32 20 för
701 211 26 21 de
742 211 88 26 fåtaliga

80 245 40 21 och
141 244 77 27 fattiga
239 245 142 26 inbyggarene
396 245 7 21 i
418 245 149 27 Lappmarken
589 247 32 19 att
636 245 141 27 behjelpligen
792 251 38 15 un-

80 279 97 22 derhålla
192 279 26 21 de
233 279 54 21 efter
302 279 105 27 sydligare
422 279 132 22 landsdelars
570 279 147 22 förhållanden
731 279 98 27 lämpade

80 316 71 25 vägar,
175 319 44 16 som
242 313 143 27 härförinnan,
410 314 126 27 exempelvis
559 314 77 21 mellan
651 313 124 22 Rovaniemi
791 313 39 21 och

80 347 128 26 Kemiträsk,
231 347 67 22 finnas
321 348 96 27 anlagda,
433 350 32 19 ett
480 347 139 27 förhällande,
634 347 81 22 hvilket
729 347 79 27 jemväl
823 347 7 21 i

80 383 59 21 detta
154 383 150 26 sammanhang
319 389 62 20 synes
395 382 93 27 förtjena
503 382 127 21 beaktande.
660 381 169 22 Vidkommande

80 417 99 26 slutligen
194 417 40 21 den
249 417 63 21 trafik
328 417 40 21 den
383 417 126 26 föreslagna,
526 417 48 26 dyrt
590 417 89 26 anlagda
702 418 55 19 samt
773 415 58 22 svärt

81 450 141 22 underhällna
235 453 67 25 vägen
318 451 83 21 komme
417 453 32 19 att
459 451 111 26 förmedla,
582 451 60 21 torde
654 451 122 21 densamma
784 450 45 21 icke

80 485 72 21 kunna
160 486 126 26 uppskattas
298 485 23 22 sä
329 486 58 27 högt,
396 487 33 20 att
443 485 65 27 något
523 486 117 27 trängande
656 486 65 21 behof
734 485 23 22 af
762 486 68 26 vägen

80 519 55 27 finge
150 526 61 16 anses
225 520 108 27 föreligga.
363 520 10 21 I
389 520 67 22 likhet
471 520 48 22 med
535 520 42 21 alla
592 520 67 27 öfriga
668 522 65 25 vägar
743 520 6 21 i
760 520 69 26 Lapp-

82 554 86 21 marken
184 554 68 22 blefve
265 554 78 27 jemväl
359 554 69 22 denna
444 555 76 21 endast
534 554 34 22 för
578 554 138 22 samfärdseln
727 560 103 16 sommar-

81 588 30 21 tid
126 589 33 21 till
181 588 69 28 någon
273 588 86 26 bätnad,
375 595 47 15 men
438 589 96 21 deremot
548 589 68 21 under
630 589 89 26 vintern,
735 588 94 28 igenyrd,

81 622 93 22 hvarken
189 623 82 21 använd
287 623 51 21 eller
353 623 129 21 användbar.
503 623 71 21 Enare
588 623 101 27 byamäns
704 622 126 22 samfärdsel

81 657 47 21 med
144 657 103 27 sydligare
263 657 82 21 trakter
361 659 60 25 tager
437 656 33 22 för
481 658 132 20 närvarande
624 663 25 15 en
660 657 59 27 längt
729 657 101 27 ostligare

82 692 45 25 väg,
143 691 85 21 hvilken
244 691 106 21 sannolikt
366 691 61 22 äfven
442 691 114 22 framdeles
571 692 83 21 komme
665 693 32 19 att
705 691 124 21 bibehällas.

82 725 97 21 Trafiken
195 726 13 20 å
223 726 193 26 guldvaskerierna,
427 726 117 21 bestående
553 726 146 26 förnämligast
709 726 7 20 i
723 726 108 26 proviant-

82 761 108 25 transport
212 759 47 21 från
282 760 129 26 Rovaniemi,
442 760 108 27 begagnar
571 760 33 21 för
634 760 36 21 det
699 760 131 20 närvarande

82 795 66 25 vägen
170 794 275 22 Rovaniemi—-Kemiträsk
469 796 54 20 samt
546 794 51 22 derä
622 795 94 21 Kittinen
741 794 89 26 flodväg,

82 828 83 21 hvilken
186 830 46 25 väg,
256 828 69 22 säsom
340 829 75 26 ginast,
431 829 79 26 jemväl
525 828 23 22 af
562 828 92 22 flertalet
668 828 65 21 bland
747 828 84 21 arbets-

81 862 125 26 manskapet
221 863 80 21 tillitas.
332 863 46 21 Den
393 863 65 27 jemte
473 863 175 21 vaskeritrafiken
663 865 54 19 mest
732 862 98 22 anmärk-

81 896 127 27 ningsvärda
222 897 79 21 rörelse
320 898 3 20 i
339 898 156 26 Lappmarken,
511 898 41 21 den
570 897 72 27 ärliga,
657 897 80 27 ganska
752 896 79 22 talrika

81 931 153 27 utvandringen
257 932 32 21 till
311 932 173 27 arbetsförtjenst
506 932 35 21 vid
559 932 26 21 de
607 931 79 22 norska
700 931 130 26 fiskerierna,

81 965 83 22 komme
184 965 77 27 jemväl
284 966 46 21 icke
345 967 7 20 i
367 966 70 27 någon
456 967 116 21 nämnvärd
587 973 49 14 mon
652 968 31 19 att
698 972 77 21 genom
790 965 41 21 den

81 999 117 27 föreslagra
211 1002 65 25 vägen
293 1000 156 27 underhjelpas,
466 1001 45 20 dels
527 1001 88 21 emedan
631 1000 154 26 utvandringen
795 1005 36 15 an-

81 1034 72 21 trädes
174 1034 66 21 redan
258 1034 27 27 pä
300 1035 121 20 värvintern
438 1035 39 21 och
493 1035 47 21 dels
556 1035 88 21 emedan
658 1034 130 25 hemfärden,
803 1033 28 27 pä

81 1067 158 28 försommaren,
262 1069 93 21 fördelar
377 1069 32 26 sig
433 1069 54 21 efter
512 1069 146 21 hemorternas
679 1069 68 20 skilda
762 1067 69 28 läge
820 1063 16 37 i

81 1101 51 22 flera
146 1103 232 26 vandrare-strömmar,
394 1103 23 21 af
431 1103 73 21 hvilka
519 1103 55 22 blott
589 1109 26 15 en
629 1109 75 20 genom
715 1102 66 27 sagda
791 1103 40 26 väg

81 1136 70 21 kunde
166 1137 63 20 vinna
239 1137 64 27 nägot
313 1137 8 20 i
331 1137 165 27 begvämlighet.
518 1137 201 27 Uppmärksammas
731 1136 100 27 slutligen

81 1172 32 19 att
134 1170 107 22 måhända
262 1171 131 27 postgängen
416 1171 125 22 sommartid
563 1171 68 22 blefve
646 1171 64 27 något
725 1170 105 22 snabbare

81 1206 26 19 än
130 1205 40 21 den
192 1206 127 26 nuvarande,
343 1205 22 22 af
387 1205 42 22 den
444 1206 60 21 äldre
519 1207 67 25 vägen
602 1205 52 22 hvar
668 1205 106 26 fjortonde
790 1204 41 26 dag

80 1239 137 26 förmedlade,
233 1241 61 20 torde
310 1240 42 21 alla
367 1240 48 21 med
432 1240 40 21 den
488 1246 41 21 nya
544 1241 67 26 vägen
626 1239 99 22 förenade
737 1238 94 22 fördelar

80 1273 114 27 behörigen
211 1274 61 21 hafva
288 1275 143 26 uppskattats.

148 1308 63 21 Klart
225 1310 24 19 är
264 1311 32 19 att
311 1309 118 24 Utskottet,
444 1309 6 20 i
467 1309 113 26 anledning
595 1308 23 21 af
631 1307 133 22 förestående
780 1307 51 22 data

80 1342 38 21 och
139 1343 150 26 upplysningar
311 1345 118 25 yttermera
451 1343 81 21 stärkts
552 1343 7 20 i
574 1343 46 20 sina
634 1342 71 21 tvifvel
721 1341 109 28 angående

80 1377 131 27 skäligheten
225 1378 7 20 i
247 1378 139 21 förevarande
401 1378 184 26 petitionsförslag
605 1377 88 21 likasom
709 1377 40 21 ock
763 1376 66 27 angå-

79 1412 53 20 ende
147 1412 150 26 lämpligheten
313 1412 23 21 af
349 1412 40 21 den
406 1412 87 21 dermed
509 1412 145 20 framkastade
666 1411 164 27 specialfrågans

78 1446 115 26 afgörande
218 1446 38 21 hos
281 1446 83 21 landets
387 1446 99 22 Ständer.
523 1446 93 21 Likvisst
640 1446 53 20 hade
718 1445 111 21 Utskottet

146 1486 98 17 Allmänna
256 1487 175 16 Besvärsutskottets
441 1487 114 17 betänkande
567 1491 29 12 n:o
609 1486 17 17 1.
