1048 1731
232 125 25 20 12
419 123 235 24 Petitionsbetänkande
668 125 38 22 N:o
722 125 21 22 2.

201 187 76 20 komme
301 189 30 16 att
353 187 89 25 betjenas
463 189 37 18 och
517 189 31 18 vid
565 189 96 18 Kexholm
678 188 107 19 förefinnes
801 193 23 14 en
841 189 38 23 god
895 189 63 22 hamn,

201 217 70 18 medan
295 215 71 20 kusten
389 217 33 19 vid
445 217 81 24 Taipale
550 220 22 16 är
588 217 119 24 fullkomligt
723 219 64 22 öppen
803 217 37 19 och
857 223 22 12 en
896 217 64 19 erfor-

202 245 62 22 derlig
279 245 177 24 hamnanläggning
473 246 109 23 derstädes,
599 246 77 19 hvilken
693 246 101 19 dessutom
805 245 100 19 sannolikt
914 246 44 19 icke

201 273 66 18 kunde
283 273 61 18 blifva
359 273 45 20 fullt
419 275 121 22 användbar,
564 275 63 18 skulle
643 275 92 23 medtaga
749 274 115 23 kostnader,
885 275 23 18 de
924 275 36 18 der

201 302 6 18 i
223 302 89 23 betydlig
328 307 44 14 mon
389 303 62 19 skulle
467 304 87 23 utjemna
570 303 117 19 differensen
704 304 6 18 i
727 303 24 18 de
767 303 84 18 anförda
862 303 32 19 två
904 303 54 18 kost-

201 331 159 22 nadsförslagen.

270 359 29 19 På
321 359 63 24 grund
407 359 22 20 af
449 360 51 19 hvad
517 361 33 23 jag
566 361 36 18 här
618 361 58 18 ofvan
692 359 43 20 haft
751 362 47 17 äran
815 359 69 20 anföra
899 360 60 23 vågar

200 388 33 23 jag
257 388 100 19 vördsamt
378 388 80 22 föreslå,
475 391 28 17 att
519 389 78 19 landets
614 389 85 19 Ständer
715 388 60 20 måtte
790 389 35 18 hos
841 389 54 18 Hans
911 388 46 24 Kej-

202 417 72 23 serliga
290 417 94 23 Majestät
400 417 6 18 i
422 417 156 24 underdånighet
594 418 85 23 anhålla,

409 516 31 18 att
464 513 63 21 Hans
543 513 125 28 Kejserliga
683 513 106 27 Majestät
804 513 80 21 täcktes
898 513 60 27 före-

339 542 65 27 lägga
420 542 83 21 landets
514 542 260 21 nästsammanträdande
785 542 94 20 Ständer
889 542 69 28 nådig

336 571 138 26 proposition
497 578 33 13 om
554 571 128 27 utförandet
705 571 27 27 af
753 570 176 27 kanaliseringen
949 572 9 19 i

339 598 41 21 den
403 606 66 13 norra
490 606 80 20 grenen
593 600 29 26 af
646 600 115 20 Wuoksens
777 599 64 20 nedre
856 599 51 27 lopp
922 600 36 20 till

339 627 70 21 sådan
425 627 156 27 utsträckning,
602 630 30 18 att
648 628 41 20 den
705 627 175 27 segelbargjorda
895 627 62 21 delen

340 656 30 26 af
387 656 148 27 vattendraget
554 656 82 21 komme
656 658 32 18 att
703 658 70 19 sättas
788 656 8 20 i
812 656 70 20 direkt
897 656 60 20 berö-

339 685 50 26 ring
412 685 47 20 med
481 685 41 20 den
545 685 111 26 blifvande
679 684 113 21 Karelska
813 684 144 26 stambanan;

339 713 109 27 äfvensom
471 716 31 18 att
524 714 162 26 undersökning
702 713 68 27 blefve
785 712 117 22 verkställd
912 713 44 27 för

339 742 119 20 utredande
480 742 29 26 af
527 742 119 20 kostnaden
661 742 44 27 för
720 742 189 26 kanaliseringens
924 742 32 20 vi-

339 770 52 20 dare
401 770 151 27 fortsättande
567 771 35 20 till
612 770 86 21 Finska
709 770 63 21 viken
784 770 61 21 invid
863 770 93 27 Wiborgs

338 798 55 21 stad.

269 925 131 24 Helsingfors,
416 926 37 19 den
470 925 12 20 4
498 926 96 19 Februari
611 926 61 19 1888.

670 988 84 23 Valentin
771 987 114 24 Gummerus.

567 1233 21 16 7.

267 1284 57 21 Från
346 1285 180 26 Borgareståndet
548 1293 25 14 en
596 1287 96 26 petition,
714 1286 94 27 ingifven
824 1286 23 21 af
861 1287 54 20 Herr
930 1286 23 21 P.

198 1317 24 21 E.
246 1317 85 25 Ervast,
347 1319 80 24 derom,
446 1321 32 19 att
492 1319 27 27 på
535 1322 81 19 statens
632 1321 121 21 bekostnad
769 1320 66 21 måtte
851 1320 104 21 verkstäl-

197 1351 32 22 las
253 1352 149 21 instrumental
418 1354 158 27 undersökning
591 1355 39 21 och
646 1357 109 25 uppgöras
771 1354 184 27 kostnadsförslag

196 1385 34 21 för
245 1386 144 28 kanalisering
409 1388 23 20 af
445 1388 83 26 Kajana
544 1388 34 25 elf,
594 1392 56 18 samt
665 1393 32 18 att
713 1389 72 27 Nådig
800 1389 132 27 proposition
947 1388 8 21 i

198 1422 72 19 ämnet
293 1420 68 22 blefve
377 1423 250 21 nästsammanträdande
644 1424 93 21 Ständer
752 1423 101 27 förelagd,
869 1423 86 21 hvilken

197 1454 90 26 petition
303 1455 7 21 i
326 1455 153 27 originalskrift
494 1458 24 19 är
534 1456 23 22 så
572 1457 101 26 lydande:

266 1494 193 23 Jernvägsutskottets
471 1496 115 18 betänkande
599 1498 35 17 N:o
648 1497 16 18 3.
