1048 1731
311 129 232 22 Petitionsbetänkande
559 129 35 21 N:o
609 129 35 22 35.
812 130 14 21 5

102 191 90 23 komme
214 193 35 19 att
270 191 9 21 i
302 197 87 14 samma
411 190 58 29 grad
485 197 49 15 som
550 190 46 22 den
611 197 32 15 nu
658 191 103 21 varande
777 191 78 21 känna

100 226 36 22 sin
151 225 145 23 omedelbara
311 225 158 28 samhörighet
484 225 54 22 med
554 225 28 22 de
597 225 148 26 folkklasser,
762 225 93 22 hvilkas

101 261 57 22 barn
173 264 39 18 äro
227 260 46 21 den
284 267 87 14 samma
386 259 159 22 anförtrodda.

169 293 151 30 Berättigade
343 293 65 22 torde
432 293 104 22 deremot
558 293 143 22 ätminstone
719 294 38 21 för
773 301 29 14 en
817 293 38 22 del

101 331 60 20 orter
183 336 56 14 vara
260 329 29 21 de
311 328 124 28 klagomäl,
455 327 83 22 hvilka
554 328 69 21 äfven
638 328 8 21 i
661 328 194 28 petitionsförsla-

100 366 40 26 get
162 363 93 26 uttalas,
278 364 35 20 att
328 363 61 21 brist
403 362 126 21 förefinnes
545 363 31 28 pä
590 362 112 29 lämpliga
717 363 138 22 lärarekraf-

104 400 36 20 ter
154 399 36 20 för
204 397 44 22 den
264 397 182 22 ambulatoriska
461 397 140 21 folkskolan.
632 397 45 21 Det
692 399 62 20 rätta
769 398 87 21 medlet

104 435 34 19 att
154 432 102 29 aflägsna
271 433 34 20 ett
320 431 83 22 sädant
418 431 205 22 missförhällande
639 432 65 21 torde
725 432 131 22 emellertid

103 474 55 15 vara
173 467 50 21 icke
240 465 145 22 inrättandet
400 466 27 21 af
440 465 102 28 dyrbara
558 466 141 26 seminarier,
716 467 82 21 hvilka
809 467 46 21 mä-

122 501 60 23 ända
204 501 89 21 komme
316 502 35 20 att
366 500 49 22 lida
430 500 60 22 brist
506 501 30 28 pä
552 500 83 28 elever,
652 507 52 15 men
719 501 38 21 väl
773 504 36 19 att
825 501 28 22 de

103 535 181 23 ambulatoriska
298 535 103 21 lärarnes
416 535 174 21 löneförmäner
605 536 72 28 nägot
692 536 134 22 förbättras.

168 570 46 22 Det
229 577 69 21 synes
313 570 36 20 för
365 569 72 28 öfrigt
452 576 49 15 som
517 577 38 14 om
571 570 109 28 kyrkliga
691 570 44 22 och
745 570 110 28 religiösa

103 605 50 22 skäl
176 605 8 21 i
206 604 71 28 högre
293 604 58 28 grad
367 607 30 18 än
413 603 78 22 direkt
507 604 109 21 omtanke
632 604 38 21 för
684 604 171 22 folkundervis-

101 640 100 28 ningens
224 638 100 29 höjande
340 638 76 22 skulle
431 638 119 22 föranledt
565 638 40 22 det
620 638 161 29 föreliggande
796 640 61 28 peti-

102 674 179 28 tionsförslaget.
311 673 54 22 Med
384 673 92 28 hänsyn
492 673 82 22 härtill
589 674 37 20 mä
642 674 94 26 erinras,
753 676 34 20 att
802 677 55 25 prä-

104 708 129 29 sterskapet
252 712 55 24 äger
324 707 45 22 full
385 709 46 19 rätt
447 709 35 20 att
498 708 8 20 i
521 714 61 22 resp.
598 708 164 28 församlingar
779 708 78 22 öfver-

105 743 60 22 vaka
186 742 171 22 folkskolornas
381 739 44 24 och
447 742 98 28 specielt
560 742 29 21 de
606 742 183 22 ambulatoriska
804 743 52 21 sko-

102 777 77 22 lornas
201 776 147 22 verksamhet
371 776 43 22 och
437 776 179 29 undervisning,
640 777 8 21 i
672 776 31 22 all
726 777 131 28 synnerhet

102 811 319 29 religionsundervisningen.
451 811 44 21 Om
517 811 9 21 i
549 810 68 22 dessa
636 811 98 29 stycken
750 811 51 22 skäl
816 812 38 21 till

104 846 118 28 klagomål
236 846 146 25 förefunnits,
398 845 65 22 torde
479 845 39 21 väl
534 845 84 22 sådant
633 846 140 22 åtminstone
789 846 8 21 i
813 847 41 21 nä-

104 888 47 22 gon
172 881 53 21 män
248 880 55 22 böra
318 880 141 22 tillskrifvas
474 880 60 21 brist
549 880 31 28 pä
595 880 135 28 tillräcklig,
747 880 106 22 verksam

104 914 82 29 tillsyn
201 915 52 21 frän
268 915 28 21 de
311 914 110 29 kyrkliga
435 914 209 29 myndigheternas
660 914 55 22 sida.

170 949 34 22 Pä
218 949 77 29 grund
311 949 26 22 af
349 949 71 22 ofvan
436 949 99 22 anförda
550 949 52 22 skäl
618 949 38 22 fär
670 949 78 22 derför
764 949 90 22 utskot-

102 985 34 20 tet
151 984 117 21 vördsamt
283 983 91 28 föreslä,

307 1061 34 20 att
363 1059 85 22 landets
471 1059 113 28 höglojliga
608 1059 95 21 Ständer
717 1059 50 21 ville
782 1059 71 22 lemna

239 1094 145 27 förevarande
396 1093 188 28 petitionsförslag
600 1095 57 20 utan
672 1093 105 27 afseende.

169 1163 155 28 Helsingfors,
347 1163 25 21 af
392 1162 125 22 Allmänna
540 1162 217 21 Besvärsutskottet
781 1162 45 21 den
841 1163 13 21 9

102 1197 46 29 maj
166 1198 59 21 1888.

168 1365 11 21 I
205 1365 106 21 ärendets
334 1364 194 28 slutbehandling;
550 1364 71 22 hafva
644 1363 110 29 deltagit:
778 1363 77 22 ordfö-

100 1399 95 28 randen,
221 1399 52 22 frih,
297 1400 29 22 M.
353 1401 36 20 W.
415 1399 26 21 af
462 1398 120 27 Schulten,
608 1398 156 22 ledamöterne
785 1398 70 22 Ram-

169 1440 98 18 Allmänna
279 1440 175 18 Besvärsutskottets
465 1439 110 18 betänkande
588 1440 37 17 N:o
637 1439 31 17 29.
