1048 1731
350 111 200 24 Motionsbetänkande
566 111 32 23 N:o
610 111 30 22 14.
817 112 24 19 17

111 174 190 21 åstadkommande
316 175 125 26 derigenom
456 175 115 25 försvåras,
588 176 52 19 enär
647 173 96 22 hanarne
753 173 56 22 efter
819 173 53 21 frid-

110 208 155 27 lysningstiden
283 209 116 26 uppehålla
418 209 33 27 sig
465 211 38 19 ute
517 209 29 27 på
561 208 80 26 hafvet,
658 208 38 21 der
716 208 26 21 de
765 210 37 19 äro
825 207 47 22 oåt-

110 243 101 27 komliga,
227 243 46 20 dels
288 243 40 21 ock
343 243 90 21 emedan
449 243 152 21 erfarenheten
615 243 62 26 visat,
698 244 32 19 att
752 242 119 27 reglemen-

111 277 99 22 terandet
225 276 23 21 af
265 277 131 27 ejderjagten
419 277 94 22 minskat
537 276 280 28 skärgärdsbefolkningens
839 276 32 21 in-

110 313 68 20 tresse
193 311 33 22 för
241 311 112 28 roffäglars
368 312 110 21 utödande
493 312 8 21 i
517 312 27 21 de
559 312 89 25 trakter,
672 311 39 21 der
733 311 73 26 ejdern
821 310 50 20 häc-

110 345 45 27 kar,
179 347 56 20 samt
250 345 165 28 ejderhanarnes
433 346 195 27 undanskjutande,
644 345 37 21 der
697 345 76 21 sådant
788 344 83 21 undan-

110 380 81 27 tagsvis
213 379 92 26 tillätits,
321 380 110 21 befunnits
454 381 47 20 icke
520 380 66 21 lända
602 380 34 21 till
651 379 123 27 minskning
790 378 23 22 af
827 378 44 21 till-

110 414 84 27 gängen
208 413 28 27 pä
251 414 69 21 denna
335 414 98 27 fägelart.

180 448 10 21 I
212 455 63 14 mom.
299 449 22 26 b)
344 449 24 20 af
389 455 82 15 samma
487 449 11 27 $
514 449 40 20 har
568 449 108 21 utskottet
691 448 66 21 bland
772 447 99 28 skadliga

111 482 69 28 fåglar
195 482 66 21 infört
277 482 75 21 labben
369 483 39 21 och
423 483 135 28 hafstruten,
574 483 7 20 i
597 483 106 21 anseende
711 483 33 21 till
753 482 41 21 den
803 482 68 21 skada

111 517 27 21 de
158 516 83 22 föröfva
262 517 29 27 pä
312 517 68 21 fisken
403 520 56 19 samt
479 518 81 27 jemväl
582 518 28 26 pä
630 518 67 20 andra
719 517 80 27 fäglars
822 518 48 25 ägg.

111 551 102 21 Deremot
237 551 40 21 har
301 552 106 21 utskottet
432 552 48 21 frän
505 552 155 26 skadedjurens
685 552 59 21 antal
771 550 100 22 uteslutit

113 586 85 26 vräken,
222 586 87 21 hvilken
331 586 7 21 i
361 586 77 27 sjelfva
460 586 76 21 verket
558 586 7 21 i
588 586 105 21 anseende
711 586 34 21 till
761 586 41 20 den
822 585 49 27 jagt

112 620 123 21 densamma
257 620 101 21 anställer
380 620 29 27 pä
431 627 95 21 gnagare
542 620 39 22 och
597 626 76 20 ormar,
697 620 74 21 hvilka
793 621 78 25 utgöra

112 654 48 21 dess
174 654 166 28 hufvudsakliga
355 654 56 27 föda,
427 656 79 20 medan
522 655 42 21 den
580 655 76 21 endast
670 654 155 27 undantagsvis
833 660 38 14 an-

111 689 71 27 griper
197 689 66 21 andra
279 688 68 28 fåglar
363 689 39 21 och
419 690 28 20 då
462 690 77 21 endast
554 688 110 28 smäfägel,
688 691 24 19 är
727 691 32 19 att
779 687 92 22 hänföra

111 723 33 21 till
159 723 84 27 nyttiga
258 723 75 27 fäglar.

180 757 32 21 De
234 757 7 21 i
263 758 12 26 $
298 759 12 19 3
333 757 123 28 föreslagna
479 758 117 27 ändringar
611 757 45 21 afse
672 758 75 21 endast
762 754 129 30 uttrycks-
879 750 11 40 $
907 754 20 22 3.

112 793 71 20 sättet.

179 826 10 20 I
212 832 74 14 senare
309 832 63 15 mom.
395 826 25 20 af
440 826 12 28 $
477 829 11 18 7
511 826 41 21 har
567 826 106 22 utskottet
689 826 111 27 föreslagit
815 827 33 19 att
864 823 29 27 i$
909 825 20 20 7.

111 860 72 20 stället
206 859 32 22 för
261 860 66 21 orden
349 860 24 27 ,å
395 860 52 22 fält"
470 860 82 22 införes
575 861 61 21 ordet
652 860 90 28 ,,park''.
773 860 97 21 Emedan

110 893 119 22 åkerfälten
245 894 7 21 i
267 894 118 22 allmänhet
400 895 99 27 begynna
514 896 43 20 tätt
572 895 60 21 invid
651 895 90 27 gårdens
756 894 115 28 åbyggnad

110 930 56 20 samt
182 928 60 22 ordet
257 928 40 22 fält
312 929 43 21 kan
369 929 114 27 uppfattas
498 929 7 21 i
521 930 83 27 ganska
619 929 117 22 vidsträckt
751 928 118 28 betydelse,

111 963 69 21 skulle
203 964 132 26 antagandet
349 963 24 22 af
387 964 41 21 den
452 964 136 27 ordalydelse
609 964 134 21 motionären
758 963 113 27 föreslagit

109 999 83 20 utsätta
215 997 76 22 katten
315 1004 45 15 som
380 999 55 20 dock
451 999 91 20 allmänt
558 999 104 20 erkännes
676 1005 52 14 vara
743 1000 31 19 ett
789 997 81 28 nyttigt

108 1031 95 28 husdjur,
227 1031 34 22 för
280 1032 61 21 faran
357 1034 32 19 att
404 1033 37 21 vid
457 1033 37 21 det
509 1033 81 21 minsta
605 1032 136 28 aflägsnande
757 1032 47 21 från
820 1032 50 21 hus-

109 1067 112 26 knutarne,
245 1066 81 21 förlora
348 1067 68 21 lifvet.
447 1067 104 21 Deremot
575 1067 62 21 torde
659 1067 86 22 kattens
760 1066 110 22 vistelse
858 1062 15 36 i

108 1101 60 26 park,
185 1101 103 21 innebära
303 1101 66 22 sådan
384 1102 57 21 våda
456 1101 34 21 för
506 1101 150 28 sångfåglarne
672 1101 6 21 i
692 1102 129 25 densamma,
837 1101 34 20 att

109 1135 63 21 dessa
186 1137 45 19 mot
247 1141 25 15 en
289 1135 58 28 dylik
364 1135 47 22 fara
426 1136 55 21 böra
497 1137 62 26 tagas
574 1136 32 21 uti
621 1136 63 27 hägn.

177 1169 43 22 Vid
242 1169 53 22 sista
316 1177 63 14 mom.
403 1170 7 21 i
433 1170 12 27 &
462 1173 13 18 8
491 1170 40 21 har
546 1170 58 21 inom
619 1171 106 20 utskottet
740 1169 131 22 framhållits
882 1170 13 20 8
911 1168 20 21 8.

109 1205 32 19 att
164 1203 66 28 fågel-
253 1204 39 21 och
315 1204 140 27 harfångsten
478 1205 51 20 med
547 1211 75 15 snaror
637 1204 102 22 vintertid
754 1204 48 21 icke
818 1203 53 21 alle-

108 1239 49 20 nast
179 1238 58 21 inom
259 1239 161 26 Lappmarkens
443 1239 70 22 härad
535 1241 53 19 utan
600 1239 79 27 jemväl
694 1239 7 20 i
717 1238 66 21 andra
799 1237 72 22 lands-

109 1272 65 27 delar,
196 1272 39 21 och
250 1273 103 21 särskildt
368 1273 128 28 Uleåborgs,
512 1273 67 21 Wasa
594 1273 39 22 och
648 1273 83 26 Kuopio
747 1273 42 25 län,
806 1273 64 26 utgör

109 1313 26 14 en
151 1306 68 27 vigtig
233 1307 40 21 och
288 1307 93 21 lönande
396 1307 155 22 förvärfskälla
566 1307 33 22 för
614 1314 27 14 en
656 1307 47 21 icke
720 1307 61 27 ringa
797 1306 35 21 del
848 1305 24 22 af

108 1341 85 21 landets
216 1340 151 29 innebyggare.
397 1342 51 21 Med
464 1342 103 21 afseende
590 1342 12 21 å
626 1342 68 21 denna
709 1341 161 27 omständighet

108 1376 40 20 har
161 1376 111 26 utskottet,
291 1376 103 22 ehuruväl
410 1376 176 28 fångstmetoden
601 1376 80 21 medels
697 1382 62 15 snara
775 1376 42 20 kan
833 1376 36 20 be-

108 1410 89 22 tecknas
220 1410 70 21 såsom
312 1411 136 27 upprörande
473 1410 35 22 för
530 1411 246 27 mensklighetskänslan
792 1410 7 21 i
815 1409 54 27 följd

178 1449 202 19 Ekonomiutskottets
392 1450 125 19 betänkande
529 1450 36 18 N:o
580 1451 25 17 16.

765 1485 12 16 2
