1048 1731
210 165 12 20 2
345 165 71 21 Ständ.
433 165 42 21 Pet.
490 177 29 2 —
535 165 140 21 Petitionsbet.
692 165 35 21 N:o
741 163 31 21 15.

253 227 105 22 Gällande
381 227 140 28 skolordning
544 227 24 21 af
588 227 42 22 den
646 228 12 21 8
674 225 91 29 Augusti
783 226 55 21 1872
854 226 89 26 stadgar

183 267 118 22 emellertid
325 267 4 20 i
353 267 12 27 8
386 268 33 26 77,
436 269 32 20 att
483 267 79 22 besvär
578 267 59 22 öfver
652 268 97 25 varning,
767 273 49 14 som
831 265 24 22 af
868 261 75 26 Öfver-

183 308 106 27 styrelsen
304 307 33 22 för
353 307 152 22 skolväsendet
521 308 90 21 ådömes
627 308 77 26 lärare,
721 307 46 21 icke
783 308 43 25 äga
834 313 54 20 rum,
898 312 45 15 me-

185 349 43 20 dan
252 348 98 21 deremot
365 348 92 27 ändring
472 348 7 20 i
495 342 182 33 Öfverstyrelsens
693 347 70 26 utslag
779 347 32 21 får
827 347 72 27 sökas,
916 347 28 21 då

184 388 94 27 utslaget
294 387 57 22 afser
366 389 130 26 suspension
512 388 49 21 med
576 388 76 21 förlust
668 388 23 21 af
705 389 72 25 någon
793 387 34 22 del
844 387 23 22 af
880 388 64 21 lönen

183 429 51 20 eller
249 428 119 27 afsättning
383 428 47 21 från
445 429 94 26 tjensten
555 429 41 20 och
612 428 75 21 förlust
703 428 24 21 af
739 427 42 22 alla
797 428 89 21 dermed
902 428 42 21 för-

186 468 69 21 enade
272 467 165 22 löneförmoner.

253 537 107 21 Fränsedt
383 537 35 22 det
441 537 173 27 inkonsegventa
637 538 51 26 deri,
713 539 29 19 att
765 537 80 21 besvär
863 538 46 20 icke
925 537 21 21 få

186 577 89 21 anföras
298 577 61 21 öfver
381 578 70 26 utslag
473 578 7 19 i
503 579 30 19 ett
555 577 41 27 fall,
619 578 79 20 medan
715 578 34 20 det
765 577 6 20 i
788 578 69 20 andra
872 578 34 20 fall
923 579 23 19 är

184 618 83 26 tillåtet,
292 624 65 20 synes
380 618 35 20 det
430 617 93 27 förtjena
541 620 31 18 att
587 618 131 26 framhållas,
736 617 104 22 hurusom
856 618 91 26 varning

186 657 24 21 af
224 658 81 26 antydd
321 660 34 18 art
370 658 47 21 icke
433 658 44 21 kan
491 658 111 21 betraktas
618 659 75 21 såsom
709 660 30 20 ett
750 658 63 21 straff
821 658 24 21 af
853 660 25 20 så
886 658 61 27 ringa

187 698 118 26 betydelse,
323 700 31 19 att
369 698 133 21 besvärsrätt
518 698 34 21 vid
568 699 50 21 dess
634 698 124 22 ådömande
769 697 25 22 af
803 699 69 21 sådan
883 699 64 21 orsak

188 738 49 20 med
263 738 47 20 skäl
333 738 71 21 kunde
427 738 109 22 förmenas
558 739 76 21 lärare.
672 739 29 21 Af
722 733 172 33 Öfverstyrelson
916 738 32 22 för

188 777 154 22 skolväsendet
365 778 70 27 gifven
459 779 90 27 varning
571 780 43 20 kan
637 780 109 26 nemligen
768 779 34 21 för
825 780 41 20 den
890 779 61 22 deraf

189 817 92 22 träffade
297 818 98 21 medföra
410 825 27 15 en
453 819 127 21 ekonomisk
595 820 82 26 förlust,
694 819 81 22 snarlik
787 821 43 19 rätt
840 820 108 27 betydliga

188 856 68 22 böter.
287 858 7 20 I
318 858 51 27 följd
391 858 24 21 af
435 859 68 21 sådan
526 860 91 27 varning
632 861 43 21 kan
691 861 86 21 läraren
795 860 107 22 eventuelt
917 860 33 22 för

189 898 75 26 längre
280 898 51 21 eller
346 898 87 22 kortare
448 900 31 20 tid
493 900 28 27 gå
536 900 97 27 förlustig
649 902 35 20 det
700 900 68 26 årliga
784 901 166 27 tilläggsarvode

191 938 24 21 af
227 939 43 20 600
285 938 31 21 till
334 939 62 26 1,000
411 940 68 26 mark,
496 940 78 22 hvilket
590 941 66 28 enligt
672 940 156 28 förordningen
839 941 23 21 af
871 942 42 21 den
923 942 28 20 23

191 977 94 28 Augusti
310 979 55 21 1883
388 980 90 21 tilldelas
500 981 76 26 lärare,
593 988 48 15 som
656 983 69 20 under
743 982 58 21 vissa
816 982 25 21 är
855 981 97 22 innehaft

190 1024 27 15 en
241 1019 43 20 och
299 1025 86 15 samma
400 1019 120 28 befattning
536 1022 41 20 och
592 1022 59 21 skött
666 1023 131 21 densamma
812 1021 141 28 oförvitligen.

190 1057 32 28 Ty
245 1059 93 27 varning
361 1059 23 22 af
397 1060 165 27 ifrägavarande
576 1064 34 19 art
625 1063 62 21 torde
703 1063 76 20 kunna
794 1062 111 27 innebära,
923 1065 31 19 att

192 1099 175 28 tjenstgöringen
383 1101 47 21 icke
445 1101 56 21 varit
516 1101 112 28 oförvitlig.

262 1168 38 21 Att
316 1169 70 21 lärare
403 1169 5 20 i
424 1169 51 28 följd
491 1170 23 21 af
527 1171 79 21 ädömd
623 1172 91 27 varning
726 1171 43 21 kan
780 1172 28 26 gå
817 1171 36 21 sitt
861 1171 95 27 tilläggs-

194 1208 83 21 arvode
300 1208 104 28 förlustig,
428 1211 24 20 är
474 1211 47 21 icke
544 1212 76 21 endast
637 1213 87 26 möjligt.
756 1211 97 22 Faktiskt
869 1211 39 21 har
925 1211 32 21 in-

192 1247 84 27 träffat,
300 1251 32 18 att
355 1249 116 28 Styrelsen,
488 1251 47 22 med
556 1252 116 27 anledning
688 1252 23 21 af
726 1251 69 22 sådan
811 1252 98 26 varning,
925 1251 33 22 för

194 1289 30 19 ett
240 1287 36 21 års
292 1289 31 20 tid
339 1289 65 21 nekat
419 1290 70 22 lärare
504 1291 72 28 tillägg
592 1292 6 20 i
614 1293 97 26 arvodet,
729 1291 85 22 hvartill
831 1292 70 21 denne
918 1298 39 15 an-

195 1333 53 14 nars
265 1329 56 20 varit
336 1329 127 28 berättigad.

268 1390 46 22 Den
330 1392 157 28 inskränkning
502 1394 6 20 i
523 1394 81 22 lärares
620 1394 142 26 besvärsrätt,
774 1394 87 22 hvilken
869 1394 33 22 för
909 1396 51 20 när-

196 1431 97 21 varande
310 1433 25 19 är
350 1432 97 27 stadgad,
463 1434 40 20 har
517 1434 53 20 först
586 1440 80 21 genom
681 1435 45 21 den
742 1440 28 15 nu
786 1434 100 27 gällande
902 1435 58 21 skol-
