<?xml version="1.0" encoding="UTF-8"?>
<alto xmlns="http://www.loc.gov/standards/alto/ns-v3#" xmlns:xlink="http://www.w3.org/1999/xlink" xmlns:xsi="http://www.w3.org/2001/XMLSchema-instance" xsi:schemaLocation="http://www.loc.gov/standards/alto/ns-v3# http://www.loc.gov/alto/v3/alto-3-0.xsd">
	<Description>
		<MeasurementUnit>pixel</MeasurementUnit>
		<sourceImageInformation>
			<fileName>/tmp/tess_5oztybeq_input.PNG</fileName>
		</sourceImageInformation>
		<OCRProcessing ID="OCR_0">
			<ocrProcessingStep>
				<processingSoftware>
					<softwareName>tesseract 5.3.4</softwareName>
				</processingSoftware>
			</ocrProcessingStep>
		</OCRProcessing>
	</Description>
	<Layout>
		<Page WIDTH="1048" HEIGHT="1731" PHYSICAL_IMG_NR="0" ID="page_0">
			<PrintSpace HPOS="0" VPOS="0" WIDTH="1048" HEIGHT="1731">
				<ComposedBlock ID="cblock_0" HPOS="223" VPOS="123" WIDTH="546" HEIGHT="22">
					<TextBlock ID="block_0" HPOS="223" VPOS="123" WIDTH="546" HEIGHT="22">
						<TextLine ID="line_0" HPOS="223" VPOS="123" WIDTH="546" HEIGHT="22">
							<String ID="string_0" HPOS="223" VPOS="124" WIDTH="15" HEIGHT="20" WC="0.97" CONTENT="4"/><SP WIDTH="149" VPOS="124" HPOS="238"/>
							<String ID="string_1" HPOS="387" VPOS="123" WIDTH="275" HEIGHT="22" WC="0.91" CONTENT="Petitionsbetänkande"/><SP WIDTH="17" VPOS="123" HPOS="662"/>
							<String ID="string_2" HPOS="679" VPOS="124" WIDTH="41" HEIGHT="21" WC="0.96" CONTENT="N:o"/><SP WIDTH="15" VPOS="124" HPOS="720"/>
							<String ID="string_3" HPOS="735" VPOS="123" WIDTH="34" HEIGHT="22" WC="0.96" CONTENT="33."/>
						</TextLine>
					</TextBlock>
				</ComposedBlock>
				<ComposedBlock ID="cblock_1" HPOS="195" VPOS="181" WIDTH="761" HEIGHT="1026">
					<TextBlock ID="block_1" HPOS="195" VPOS="181" WIDTH="760" HEIGHT="337">
						<TextLine ID="line_1" HPOS="196" VPOS="181" WIDTH="759" HEIGHT="27">
							<String ID="string_4" HPOS="196" VPOS="186" WIDTH="27" HEIGHT="22" WC="0.93" CONTENT="sig"/><SP WIDTH="13" VPOS="186" HPOS="223"/>
							<String ID="string_5" HPOS="236" VPOS="185" WIDTH="81" HEIGHT="18" WC="0.92" CONTENT="känbart"/><SP WIDTH="12" VPOS="185" HPOS="317"/>
							<String ID="string_6" HPOS="329" VPOS="185" WIDTH="57" HEIGHT="18" WC="0.96" CONTENT="bland"/><SP WIDTH="13" VPOS="185" HPOS="386"/>
							<String ID="string_7" HPOS="399" VPOS="185" WIDTH="54" HEIGHT="18" WC="0.96" CONTENT="södra"/><SP WIDTH="12" VPOS="185" HPOS="453"/>
							<String ID="string_8" HPOS="465" VPOS="181" WIDTH="129" HEIGHT="22" WC="0.96" CONTENT="Österbottens"/><SP WIDTH="13" VPOS="181" HPOS="594"/>
							<String ID="string_9" HPOS="607" VPOS="185" WIDTH="60" HEIGHT="18" WC="0.96" CONTENT="finska"/><SP WIDTH="11" VPOS="185" HPOS="667"/>
							<String ID="string_10" HPOS="678" VPOS="186" WIDTH="75" HEIGHT="17" WC="0.96" CONTENT="talande"/><SP WIDTH="12" VPOS="186" HPOS="753"/>
							<String ID="string_11" HPOS="765" VPOS="185" WIDTH="106" HEIGHT="23" WC="0.96" CONTENT="befolkning"/><SP WIDTH="13" VPOS="185" HPOS="871"/>
							<String ID="string_12" HPOS="884" VPOS="186" WIDTH="35" HEIGHT="18" WC="0.89" CONTENT="har"/><SP WIDTH="6" VPOS="186" HPOS="919"/>
							<String ID="string_13" HPOS="925" VPOS="192" WIDTH="30" HEIGHT="11" WC="0.89" CONTENT="va-"/>
						</TextLine>
						<TextLine ID="line_2" HPOS="196" VPOS="214" WIDTH="759" HEIGHT="23">
							<String ID="string_14" HPOS="196" VPOS="215" WIDTH="24" HEIGHT="16" WC="0.96" CONTENT="rit"/><SP WIDTH="19" VPOS="215" HPOS="220"/>
							<String ID="string_15" HPOS="239" VPOS="214" WIDTH="80" HEIGHT="17" WC="0.95" CONTENT="orsaken"/><SP WIDTH="18" VPOS="214" HPOS="319"/>
							<String ID="string_16" HPOS="337" VPOS="214" WIDTH="31" HEIGHT="17" WC="0.95" CONTENT="till"/><SP WIDTH="18" VPOS="214" HPOS="368"/>
							<String ID="string_17" HPOS="386" VPOS="214" WIDTH="114" HEIGHT="18" WC="0.96" CONTENT="inrättandet"/><SP WIDTH="18" VPOS="214" HPOS="500"/>
							<String ID="string_18" HPOS="518" VPOS="214" WIDTH="21" HEIGHT="17" WC="0.96" CONTENT="af"/><SP WIDTH="17" VPOS="214" HPOS="539"/>
							<String ID="string_19" HPOS="556" VPOS="214" WIDTH="72" HEIGHT="23" WC="0.96" CONTENT="privata"/><SP WIDTH="12" VPOS="214" HPOS="628"/>
							<String ID="string_20" HPOS="640" VPOS="214" WIDTH="61" HEIGHT="18" WC="0.93" CONTENT="finska"/><SP WIDTH="12" VPOS="214" HPOS="701"/>
							<String ID="string_21" HPOS="713" VPOS="215" WIDTH="58" HEIGHT="22" WC="0.92" CONTENT="lyceet"/><SP WIDTH="12" VPOS="215" HPOS="771"/>
							<String ID="string_22" HPOS="783" VPOS="215" WIDTH="6" HEIGHT="16" WC="0.93" CONTENT="i"/><SP WIDTH="12" VPOS="215" HPOS="789"/>
							<String ID="string_23" HPOS="801" VPOS="214" WIDTH="120" HEIGHT="19" WC="0.91" CONTENT="Nikolaistad"/><SP WIDTH="14" VPOS="214" HPOS="921"/>
							<String ID="string_24" HPOS="935" VPOS="215" WIDTH="20" HEIGHT="17" WC="0.96" CONTENT="år"/>
						</TextLine>
						<TextLine ID="line_3" HPOS="199" VPOS="242" WIDTH="756" HEIGHT="23">
							<String ID="string_25" HPOS="199" VPOS="244" WIDTH="48" HEIGHT="17" WC="0.96" CONTENT="1880."/><SP WIDTH="26" VPOS="244" HPOS="247"/>
							<String ID="string_26" HPOS="273" VPOS="242" WIDTH="69" HEIGHT="18" WC="0.93" CONTENT="Genom"/><SP WIDTH="18" VPOS="242" HPOS="342"/>
							<String ID="string_27" HPOS="360" VPOS="243" WIDTH="73" HEIGHT="22" WC="0.90" CONTENT="Nädiga"/><SP WIDTH="20" VPOS="243" HPOS="433"/>
							<String ID="string_28" HPOS="453" VPOS="243" WIDTH="130" HEIGHT="17" WC="0.90" CONTENT="Resolutionen"/><SP WIDTH="19" VPOS="243" HPOS="583"/>
							<String ID="string_29" HPOS="602" VPOS="243" WIDTH="21" HEIGHT="17" WC="0.96" CONTENT="af"/><SP WIDTH="17" VPOS="243" HPOS="623"/>
							<String ID="string_30" HPOS="640" VPOS="243" WIDTH="34" HEIGHT="18" WC="0.96" CONTENT="den"/><SP WIDTH="18" VPOS="243" HPOS="674"/>
							<String ID="string_31" HPOS="692" VPOS="244" WIDTH="22" HEIGHT="17" WC="0.96" CONTENT="27"/><SP WIDTH="18" VPOS="244" HPOS="714"/>
							<String ID="string_32" HPOS="732" VPOS="243" WIDTH="51" HEIGHT="17" WC="0.96" CONTENT="Mars"/><SP WIDTH="12" VPOS="243" HPOS="783"/>
							<String ID="string_33" HPOS="795" VPOS="243" WIDTH="21" HEIGHT="17" WC="0.96" CONTENT="år"/><SP WIDTH="13" VPOS="243" HPOS="816"/>
							<String ID="string_34" HPOS="829" VPOS="244" WIDTH="44" HEIGHT="17" WC="0.96" CONTENT="1885"/><SP WIDTH="11" VPOS="244" HPOS="873"/>
							<String ID="string_35" HPOS="884" VPOS="243" WIDTH="71" HEIGHT="18" WC="0.96" CONTENT="täcktes"/>
						</TextLine>
						<TextLine ID="line_4" HPOS="195" VPOS="271" WIDTH="760" HEIGHT="23">
							<String ID="string_36" HPOS="195" VPOS="271" WIDTH="52" HEIGHT="18" WC="0.93" CONTENT="Hans"/><SP WIDTH="22" VPOS="271" HPOS="247"/>
							<String ID="string_37" HPOS="269" VPOS="271" WIDTH="104" HEIGHT="23" WC="0.91" CONTENT="Kejserliga"/><SP WIDTH="21" VPOS="271" HPOS="373"/>
							<String ID="string_38" HPOS="394" VPOS="271" WIDTH="89" HEIGHT="22" WC="0.92" CONTENT="Majestät"/><SP WIDTH="18" VPOS="271" HPOS="483"/>
							<String ID="string_39" HPOS="501" VPOS="271" WIDTH="20" HEIGHT="18" WC="0.93" CONTENT="af"/><SP WIDTH="17" VPOS="271" HPOS="521"/>
							<String ID="string_40" HPOS="538" VPOS="271" WIDTH="107" HEIGHT="18" WC="0.91" CONTENT="statsmedel"/><SP WIDTH="12" VPOS="271" HPOS="645"/>
							<String ID="string_41" HPOS="657" VPOS="271" WIDTH="69" HEIGHT="23" WC="0.91" CONTENT="bevilja"/><SP WIDTH="13" VPOS="271" HPOS="726"/>
							<String ID="string_42" HPOS="739" VPOS="273" WIDTH="63" HEIGHT="20" WC="0.93" CONTENT="16,000"/><SP WIDTH="12" VPOS="273" HPOS="802"/>
							<String ID="string_43" HPOS="814" VPOS="271" WIDTH="51" HEIGHT="18" WC="0.96" CONTENT="mark"/><SP WIDTH="13" VPOS="271" HPOS="865"/>
							<String ID="string_44" HPOS="878" VPOS="277" WIDTH="28" HEIGHT="12" WC="0.93" CONTENT="om"/><SP WIDTH="9" VPOS="277" HPOS="906"/>
							<String ID="string_45" HPOS="915" VPOS="272" WIDTH="40" HEIGHT="17" WC="0.91" CONTENT="äret"/>
						</TextLine>
						<TextLine ID="line_5" HPOS="196" VPOS="299" WIDTH="759" HEIGHT="24">
							<String ID="string_46" HPOS="196" VPOS="300" WIDTH="30" HEIGHT="17" WC="0.96" CONTENT="för"/><SP WIDTH="19" VPOS="300" HPOS="226"/>
							<String ID="string_47" HPOS="245" VPOS="300" WIDTH="30" HEIGHT="21" WC="0.96" CONTENT="sju"/><SP WIDTH="18" VPOS="300" HPOS="275"/>
							<String ID="string_48" HPOS="293" VPOS="299" WIDTH="22" HEIGHT="18" WC="0.93" CONTENT="är"/><SP WIDTH="18" VPOS="299" HPOS="315"/>
							<String ID="string_49" HPOS="333" VPOS="299" WIDTH="69" HEIGHT="18" WC="0.92" CONTENT="framät"/><SP WIDTH="18" VPOS="299" HPOS="402"/>
							<String ID="string_50" HPOS="420" VPOS="299" WIDTH="19" HEIGHT="18" WC="0.90" CONTENT="ät"/><SP WIDTH="19" VPOS="299" HPOS="439"/>
							<String ID="string_51" HPOS="458" VPOS="299" WIDTH="52" HEIGHT="18" WC="0.92" CONTENT="detta"/><SP WIDTH="17" VPOS="299" HPOS="510"/>
							<String ID="string_52" HPOS="527" VPOS="300" WIDTH="137" HEIGHT="23" WC="0.92" CONTENT="privatlyceum,"/><SP WIDTH="20" VPOS="300" HPOS="664"/>
							<String ID="string_53" HPOS="684" VPOS="300" WIDTH="28" HEIGHT="17" WC="0.93" CONTENT="för"/><SP WIDTH="13" VPOS="300" HPOS="712"/>
							<String ID="string_54" HPOS="725" VPOS="300" WIDTH="56" HEIGHT="17" WC="0.91" CONTENT="hvars"/><SP WIDTH="12" VPOS="300" HPOS="781"/>
							<String ID="string_55" HPOS="793" VPOS="299" WIDTH="94" HEIGHT="18" WC="0.92" CONTENT="underhäll"/><SP WIDTH="14" VPOS="299" HPOS="887"/>
							<String ID="string_56" HPOS="901" VPOS="300" WIDTH="54" HEIGHT="18" WC="0.96" CONTENT="södra"/>
						</TextLine>
						<TextLine ID="line_6" HPOS="196" VPOS="324" WIDTH="759" HEIGHT="27">
							<String ID="string_57" HPOS="196" VPOS="324" WIDTH="131" HEIGHT="22" WC="0.96" CONTENT="Österbottens"/><SP WIDTH="19" VPOS="324" HPOS="327"/>
							<String ID="string_58" HPOS="346" VPOS="328" WIDTH="40" HEIGHT="17" WC="0.96" CONTENT="folk"/><SP WIDTH="18" VPOS="328" HPOS="386"/>
							<String ID="string_59" HPOS="404" VPOS="328" WIDTH="48" HEIGHT="18" WC="0.93" CONTENT="hade"/><SP WIDTH="19" VPOS="328" HPOS="452"/>
							<String ID="string_60" HPOS="471" VPOS="328" WIDTH="55" HEIGHT="17" WC="0.96" CONTENT="offrat"/><SP WIDTH="19" VPOS="328" HPOS="526"/>
							<String ID="string_61" HPOS="545" VPOS="328" WIDTH="21" HEIGHT="18" WC="0.96" CONTENT="sä"/><SP WIDTH="17" VPOS="328" HPOS="566"/>
							<String ID="string_62" HPOS="583" VPOS="329" WIDTH="79" HEIGHT="22" WC="0.94" CONTENT="mycket,"/><SP WIDTH="26" VPOS="329" HPOS="662"/>
							<String ID="string_63" HPOS="688" VPOS="329" WIDTH="56" HEIGHT="17" WC="0.93" CONTENT="Detta"/><SP WIDTH="11" VPOS="329" HPOS="744"/>
							<String ID="string_64" HPOS="755" VPOS="328" WIDTH="118" HEIGHT="23" WC="0.91" CONTENT="statsanslag,"/><SP WIDTH="13" VPOS="328" HPOS="873"/>
							<String ID="string_65" HPOS="886" VPOS="329" WIDTH="21" HEIGHT="17" WC="0.93" CONTENT="sä"/><SP WIDTH="11" VPOS="329" HPOS="907"/>
							<String ID="string_66" HPOS="918" VPOS="329" WIDTH="37" HEIGHT="17" WC="0.92" CONTENT="väl-"/>
						</TextLine>
						<TextLine ID="line_7" HPOS="196" VPOS="356" WIDTH="758" HEIGHT="24">
							<String ID="string_67" HPOS="196" VPOS="357" WIDTH="83" HEIGHT="18" WC="0.96" CONTENT="kommet"/><SP WIDTH="18" VPOS="357" HPOS="279"/>
							<String ID="string_68" HPOS="297" VPOS="356" WIDTH="31" HEIGHT="18" WC="0.96" CONTENT="det"/><SP WIDTH="19" VPOS="356" HPOS="328"/>
							<String ID="string_69" HPOS="347" VPOS="358" WIDTH="24" HEIGHT="16" WC="0.96" CONTENT="än"/><SP WIDTH="18" VPOS="358" HPOS="371"/>
							<String ID="string_70" HPOS="389" VPOS="362" WIDTH="38" HEIGHT="13" WC="0.96" CONTENT="var,"/><SP WIDTH="18" VPOS="362" HPOS="427"/>
							<String ID="string_71" HPOS="445" VPOS="361" WIDTH="33" HEIGHT="13" WC="0.96" CONTENT="var"/><SP WIDTH="19" VPOS="361" HPOS="478"/>
							<String ID="string_72" HPOS="497" VPOS="357" WIDTH="47" HEIGHT="17" WC="0.93" CONTENT="dock"/><SP WIDTH="18" VPOS="357" HPOS="544"/>
							<String ID="string_73" HPOS="562" VPOS="357" WIDTH="40" HEIGHT="17" WC="0.96" CONTENT="icke"/><SP WIDTH="18" VPOS="357" HPOS="602"/>
							<String ID="string_74" HPOS="620" VPOS="357" WIDTH="110" HEIGHT="23" WC="0.95" CONTENT="tillräckligt"/><SP WIDTH="13" VPOS="357" HPOS="730"/>
							<String ID="string_75" HPOS="743" VPOS="357" WIDTH="5" HEIGHT="18" WC="0.96" CONTENT="i"/><SP WIDTH="12" VPOS="357" HPOS="748"/>
							<String ID="string_76" HPOS="760" VPOS="362" WIDTH="60" HEIGHT="13" WC="0.93" CONTENT="annan"/><SP WIDTH="12" VPOS="362" HPOS="820"/>
							<String ID="string_77" HPOS="832" VPOS="357" WIDTH="87" HEIGHT="18" WC="0.96" CONTENT="händelse"/><SP WIDTH="12" VPOS="357" HPOS="919"/>
							<String ID="string_78" HPOS="931" VPOS="359" WIDTH="23" HEIGHT="16" WC="0.97" CONTENT="än"/>
						</TextLine>
						<TextLine ID="line_8" HPOS="196" VPOS="385" WIDTH="759" HEIGHT="24">
							<String ID="string_79" HPOS="196" VPOS="387" WIDTH="27" HEIGHT="16" WC="0.93" CONTENT="att"/><SP WIDTH="14" VPOS="387" HPOS="223"/>
							<String ID="string_80" HPOS="237" VPOS="385" WIDTH="105" HEIGHT="18" WC="0.93" CONTENT="läroverket"/><SP WIDTH="13" VPOS="385" HPOS="342"/>
							<String ID="string_81" HPOS="355" VPOS="385" WIDTH="26" HEIGHT="18" WC="0.93" CONTENT="alt"/><SP WIDTH="14" VPOS="385" HPOS="381"/>
							<String ID="string_82" HPOS="395" VPOS="385" WIDTH="92" HEIGHT="22" WC="0.93" CONTENT="framgent"/><SP WIDTH="12" VPOS="385" HPOS="487"/>
							<String ID="string_83" HPOS="499" VPOS="385" WIDTH="90" HEIGHT="18" WC="0.92" CONTENT="förblefve"/><SP WIDTH="13" VPOS="385" HPOS="589"/>
							<String ID="string_84" HPOS="602" VPOS="385" WIDTH="114" HEIGHT="23" WC="0.91" CONTENT="fyrklassigt,"/><SP WIDTH="19" VPOS="385" HPOS="716"/>
							<String ID="string_85" HPOS="735" VPOS="385" WIDTH="82" HEIGHT="22" WC="0.92" CONTENT="hvarför,"/><SP WIDTH="13" VPOS="385" HPOS="817"/>
							<String ID="string_86" HPOS="830" VPOS="385" WIDTH="23" HEIGHT="18" WC="0.96" CONTENT="dä"/><SP WIDTH="12" VPOS="385" HPOS="853"/>
							<String ID="string_87" HPOS="865" VPOS="391" WIDTH="22" HEIGHT="12" WC="0.96" CONTENT="en"/><SP WIDTH="12" VPOS="391" HPOS="887"/>
							<String ID="string_88" HPOS="899" VPOS="386" WIDTH="56" HEIGHT="23" WC="0.97" CONTENT="högre"/>
						</TextLine>
						<TextLine ID="line_9" HPOS="196" VPOS="413" WIDTH="759" HEIGHT="24">
							<String ID="string_89" HPOS="196" VPOS="414" WIDTH="51" HEIGHT="17" WC="0.88" CONTENT="klass"/><SP WIDTH="19" VPOS="414" HPOS="247"/>
							<String ID="string_90" HPOS="266" VPOS="414" WIDTH="107" HEIGHT="21" WC="0.93" CONTENT="inrättades,"/><SP WIDTH="14" VPOS="414" HPOS="373"/>
							<String ID="string_91" HPOS="387" VPOS="419" WIDTH="22" HEIGHT="12" WC="0.96" CONTENT="en"/><SP WIDTH="18" VPOS="419" HPOS="409"/>
							<String ID="string_92" HPOS="427" VPOS="414" WIDTH="51" HEIGHT="22" WC="0.97" CONTENT="lägre"/><SP WIDTH="17" VPOS="414" HPOS="478"/>
							<String ID="string_93" HPOS="495" VPOS="413" WIDTH="54" HEIGHT="18" WC="0.93" CONTENT="alltid"/><SP WIDTH="18" VPOS="413" HPOS="549"/>
							<String ID="string_94" HPOS="567" VPOS="414" WIDTH="59" HEIGHT="18" WC="0.92" CONTENT="mäste"/><SP WIDTH="17" VPOS="414" HPOS="626"/>
							<String ID="string_95" HPOS="643" VPOS="414" WIDTH="92" HEIGHT="23" WC="0.89" CONTENT="indragas."/><SP WIDTH="30" VPOS="414" HPOS="735"/>
							<String ID="string_96" HPOS="765" VPOS="414" WIDTH="111" HEIGHT="23" WC="0.89" CONTENT="Härigenom"/><SP WIDTH="19" VPOS="414" HPOS="876"/>
							<String ID="string_97" HPOS="895" VPOS="414" WIDTH="60" HEIGHT="17" WC="0.96" CONTENT="skulle"/>
						</TextLine>
						<TextLine ID="line_10" HPOS="198" VPOS="442" WIDTH="756" HEIGHT="23">
							<String ID="string_98" HPOS="198" VPOS="443" WIDTH="51" HEIGHT="17" WC="0.92" CONTENT="detta"/><SP WIDTH="13" VPOS="443" HPOS="249"/>
							<String ID="string_99" HPOS="262" VPOS="443" WIDTH="95" HEIGHT="17" WC="0.87" CONTENT="läroverks"/><SP WIDTH="13" VPOS="443" HPOS="357"/>
							<String ID="string_100" HPOS="370" VPOS="443" WIDTH="46" HEIGHT="17" WC="0.96" CONTENT="sista"/><SP WIDTH="12" VPOS="443" HPOS="416"/>
							<String ID="string_101" HPOS="428" VPOS="443" WIDTH="44" HEIGHT="17" WC="0.93" CONTENT="eller"/><SP WIDTH="12" VPOS="443" HPOS="472"/>
							<String ID="string_102" HPOS="484" VPOS="443" WIDTH="40" HEIGHT="18" WC="0.93" CONTENT="8:de"/><SP WIDTH="12" VPOS="443" HPOS="524"/>
							<String ID="string_103" HPOS="536" VPOS="443" WIDTH="50" HEIGHT="17" WC="0.92" CONTENT="klass"/><SP WIDTH="20" VPOS="443" HPOS="586"/>
							<String ID="string_104" HPOS="606" VPOS="443" WIDTH="33" HEIGHT="17" WC="0.93" CONTENT="och"/><SP WIDTH="13" VPOS="443" HPOS="639"/>
							<String ID="string_105" HPOS="652" VPOS="443" WIDTH="105" HEIGHT="22" WC="0.92" CONTENT="derigenom"/><SP WIDTH="13" VPOS="443" HPOS="757"/>
							<String ID="string_106" HPOS="770" VPOS="442" WIDTH="116" HEIGHT="23" WC="0.91" CONTENT="natarligtvis"/><SP WIDTH="13" VPOS="442" HPOS="886"/>
							<String ID="string_107" HPOS="899" VPOS="443" WIDTH="55" HEIGHT="17" WC="0.90" CONTENT="ocksä"/>
						</TextLine>
						<TextLine ID="line_11" HPOS="197" VPOS="471" WIDTH="757" HEIGHT="23">
							<String ID="string_108" HPOS="197" VPOS="471" WIDTH="42" HEIGHT="18" WC="0.93" CONTENT="hela"/><SP WIDTH="18" VPOS="471" HPOS="239"/>
							<String ID="string_109" HPOS="257" VPOS="471" WIDTH="110" HEIGHT="21" WC="0.92" CONTENT="läroverket,"/><SP WIDTH="20" VPOS="471" HPOS="367"/>
							<String ID="string_110" HPOS="387" VPOS="471" WIDTH="73" HEIGHT="18" WC="0.96" CONTENT="komma"/><SP WIDTH="18" VPOS="471" HPOS="460"/>
							<String ID="string_111" HPOS="478" VPOS="472" WIDTH="27" HEIGHT="17" WC="0.92" CONTENT="att"/><SP WIDTH="18" VPOS="472" HPOS="505"/>
							<String ID="string_112" HPOS="523" VPOS="471" WIDTH="83" HEIGHT="22" WC="0.92" CONTENT="upphöra"/><SP WIDTH="21" VPOS="471" HPOS="606"/>
							<String ID="string_113" HPOS="627" VPOS="471" WIDTH="40" HEIGHT="18" WC="0.93" CONTENT="med"/><SP WIDTH="19" VPOS="471" HPOS="667"/>
							<String ID="string_114" HPOS="686" VPOS="471" WIDTH="92" HEIGHT="23" WC="0.92" CONTENT="utgängen"/><SP WIDTH="19" VPOS="471" HPOS="778"/>
							<String ID="string_115" HPOS="797" VPOS="471" WIDTH="20" HEIGHT="18" WC="0.93" CONTENT="af"/><SP WIDTH="16" VPOS="471" HPOS="817"/>
							<String ID="string_116" HPOS="833" VPOS="471" WIDTH="121" HEIGHT="18" WC="0.91" CONTENT="värterminen"/>
						</TextLine>
						<TextLine ID="line_12" HPOS="198" VPOS="501" WIDTH="83" HEIGHT="17">
							<String ID="string_117" HPOS="198" VPOS="503" WIDTH="20" HEIGHT="14" WC="0.96" CONTENT="är"/><SP WIDTH="13" VPOS="503" HPOS="218"/>
							<String ID="string_118" HPOS="231" VPOS="501" WIDTH="50" HEIGHT="17" WC="0.94" CONTENT="1892."/>
						</TextLine>
					</TextBlock>
					<TextBlock ID="block_2" HPOS="197" VPOS="524" WIDTH="758" HEIGHT="340">
						<TextLine ID="line_13" HPOS="268" VPOS="524" WIDTH="685" HEIGHT="27">
							<String ID="string_119" HPOS="268" VPOS="528" WIDTH="43" HEIGHT="18" WC="0.96" CONTENT="Man"/><SP WIDTH="14" VPOS="528" HPOS="311"/>
							<String ID="string_120" HPOS="325" VPOS="528" WIDTH="36" HEIGHT="18" WC="0.90" CONTENT="kan"/><SP WIDTH="16" VPOS="528" HPOS="361"/>
							<String ID="string_121" HPOS="377" VPOS="528" WIDTH="106" HEIGHT="23" WC="0.90" CONTENT="visserligen"/><SP WIDTH="14" VPOS="528" HPOS="483"/>
							<String ID="string_122" HPOS="497" VPOS="528" WIDTH="83" HEIGHT="18" WC="0.93" CONTENT="häremot"/><SP WIDTH="12" VPOS="528" HPOS="580"/>
							<String ID="string_123" HPOS="592" VPOS="528" WIDTH="71" HEIGHT="22" WC="0.91" CONTENT="anföra,"/><SP WIDTH="13" VPOS="528" HPOS="663"/>
							<String ID="string_124" HPOS="676" VPOS="530" WIDTH="28" HEIGHT="16" WC="0.96" CONTENT="att"/><SP WIDTH="12" VPOS="530" HPOS="704"/>
							<String ID="string_125" HPOS="716" VPOS="529" WIDTH="55" HEIGHT="17" WC="0.96" CONTENT="södra"/><SP WIDTH="12" VPOS="529" HPOS="771"/>
							<String ID="string_126" HPOS="783" VPOS="524" WIDTH="126" HEIGHT="22" WC="0.93" CONTENT="Österbottens"/><SP WIDTH="12" VPOS="524" HPOS="909"/>
							<String ID="string_127" HPOS="921" VPOS="528" WIDTH="32" HEIGHT="18" WC="0.92" CONTENT="fin-"/>
						</TextLine>
						<TextLine ID="line_14" HPOS="198" VPOS="556" WIDTH="756" HEIGHT="24">
							<String ID="string_128" HPOS="198" VPOS="558" WIDTH="34" HEIGHT="17" WC="0.92" CONTENT="ska"/><SP WIDTH="13" VPOS="558" HPOS="232"/>
							<String ID="string_129" HPOS="245" VPOS="557" WIDTH="76" HEIGHT="17" WC="0.92" CONTENT="talande"/><SP WIDTH="12" VPOS="557" HPOS="321"/>
							<String ID="string_130" HPOS="333" VPOS="556" WIDTH="108" HEIGHT="23" WC="0.92" CONTENT="befolkning"/><SP WIDTH="14" VPOS="556" HPOS="441"/>
							<String ID="string_131" HPOS="455" VPOS="556" WIDTH="40" HEIGHT="18" WC="0.92" CONTENT="icke"/><SP WIDTH="12" VPOS="556" HPOS="495"/>
							<String ID="string_132" HPOS="507" VPOS="556" WIDTH="35" HEIGHT="18" WC="0.97" CONTENT="har"/><SP WIDTH="12" VPOS="556" HPOS="542"/>
							<String ID="string_133" HPOS="554" VPOS="557" WIDTH="41" HEIGHT="17" WC="0.92" CONTENT="skäl"/><SP WIDTH="12" VPOS="557" HPOS="595"/>
							<String ID="string_134" HPOS="607" VPOS="559" WIDTH="29" HEIGHT="15" WC="0.93" CONTENT="att"/><SP WIDTH="11" VPOS="559" HPOS="636"/>
							<String ID="string_135" HPOS="647" VPOS="557" WIDTH="80" HEIGHT="23" WC="0.93" CONTENT="beklaga"/><SP WIDTH="12" VPOS="557" HPOS="727"/>
							<String ID="string_136" HPOS="739" VPOS="557" WIDTH="33" HEIGHT="23" WC="0.93" CONTENT="sig,"/><SP WIDTH="13" VPOS="557" HPOS="772"/>
							<String ID="string_137" HPOS="785" VPOS="557" WIDTH="80" HEIGHT="20" WC="0.91" CONTENT="emedan,"/><SP WIDTH="14" VPOS="557" HPOS="865"/>
							<String ID="string_138" HPOS="879" VPOS="562" WIDTH="28" HEIGHT="13" WC="0.93" CONTENT="om"/><SP WIDTH="13" VPOS="562" HPOS="907"/>
							<String ID="string_139" HPOS="920" VPOS="557" WIDTH="34" HEIGHT="17" WC="0.92" CONTENT="ock"/>
						</TextLine>
						<TextLine ID="line_15" HPOS="198" VPOS="585" WIDTH="755" HEIGHT="23">
							<String ID="string_140" HPOS="198" VPOS="586" WIDTH="120" HEIGHT="22" WC="0.88" CONTENT="privatlyceet"/><SP WIDTH="18" VPOS="586" HPOS="318"/>
							<String ID="string_141" HPOS="336" VPOS="585" WIDTH="77" HEIGHT="22" WC="0.92" CONTENT="upphör,"/><SP WIDTH="19" VPOS="585" HPOS="413"/>
							<String ID="string_142" HPOS="432" VPOS="585" WIDTH="35" HEIGHT="17" WC="0.96" CONTENT="den"/><SP WIDTH="19" VPOS="585" HPOS="467"/>
							<String ID="string_143" HPOS="486" VPOS="585" WIDTH="5" HEIGHT="17" WC="0.96" CONTENT="i"/><SP WIDTH="18" VPOS="585" HPOS="491"/>
							<String ID="string_144" HPOS="509" VPOS="585" WIDTH="37" HEIGHT="17" WC="0.93" CONTENT="alla"/><SP WIDTH="16" VPOS="585" HPOS="546"/>
							<String ID="string_145" HPOS="562" VPOS="585" WIDTH="98" HEIGHT="18" WC="0.92" CONTENT="händelser"/><SP WIDTH="12" VPOS="585" HPOS="660"/>
							<String ID="string_146" HPOS="672" VPOS="585" WIDTH="29" HEIGHT="18" WC="0.93" CONTENT="fär"/><SP WIDTH="11" VPOS="585" HPOS="701"/>
							<String ID="string_147" HPOS="712" VPOS="586" WIDTH="74" HEIGHT="17" WC="0.91" CONTENT="behälla"/><SP WIDTH="13" VPOS="586" HPOS="786"/>
							<String ID="string_148" HPOS="799" VPOS="586" WIDTH="34" HEIGHT="17" WC="0.96" CONTENT="den"/><SP WIDTH="12" VPOS="586" HPOS="833"/>
							<String ID="string_149" HPOS="845" VPOS="586" WIDTH="21" HEIGHT="17" WC="0.97" CONTENT="af"/><SP WIDTH="11" VPOS="586" HPOS="866"/>
							<String ID="string_150" HPOS="877" VPOS="587" WIDTH="58" HEIGHT="16" WC="0.96" CONTENT="staten"/><SP WIDTH="14" VPOS="587" HPOS="935"/>
							<String ID="string_151" HPOS="949" VPOS="586" WIDTH="4" HEIGHT="16" WC="0.96" CONTENT="i"/>
						</TextLine>
						<TextLine ID="line_16" HPOS="198" VPOS="613" WIDTH="753" HEIGHT="23">
							<String ID="string_152" HPOS="198" VPOS="614" WIDTH="117" HEIGHT="17" WC="0.91" CONTENT="Nikolaistad"/><SP WIDTH="20" VPOS="614" HPOS="315"/>
							<String ID="string_153" HPOS="335" VPOS="613" WIDTH="92" HEIGHT="18" WC="0.90" CONTENT="inrättade"/><SP WIDTH="18" VPOS="613" HPOS="427"/>
							<String ID="string_154" HPOS="445" VPOS="613" WIDTH="33" HEIGHT="18" WC="0.93" CONTENT="och"/><SP WIDTH="19" VPOS="613" HPOS="478"/>
							<String ID="string_155" HPOS="497" VPOS="613" WIDTH="121" HEIGHT="18" WC="0.92" CONTENT="underhällna"/><SP WIDTH="17" VPOS="613" HPOS="618"/>
							<String ID="string_156" HPOS="635" VPOS="614" WIDTH="60" HEIGHT="17" WC="0.96" CONTENT="finska"/><SP WIDTH="18" VPOS="614" HPOS="695"/>
							<String ID="string_157" HPOS="713" VPOS="614" WIDTH="51" HEIGHT="22" WC="0.93" CONTENT="lägre"/><SP WIDTH="18" VPOS="614" HPOS="764"/>
							<String ID="string_158" HPOS="782" VPOS="614" WIDTH="169" HEIGHT="18" WC="0.91" CONTENT="elementarskolan."/>
						</TextLine>
						<TextLine ID="line_17" HPOS="197" VPOS="642" WIDTH="757" HEIGHT="23">
							<String ID="string_159" HPOS="197" VPOS="643" WIDTH="34" HEIGHT="17" WC="0.96" CONTENT="Att"/><SP WIDTH="13" VPOS="643" HPOS="231"/>
							<String ID="string_160" HPOS="244" VPOS="642" WIDTH="34" HEIGHT="18" WC="0.96" CONTENT="sist"/><SP WIDTH="14" VPOS="642" HPOS="278"/>
							<String ID="string_161" HPOS="292" VPOS="642" WIDTH="80" HEIGHT="17" WC="0.89" CONTENT="nämnda"/><SP WIDTH="13" VPOS="642" HPOS="372"/>
							<String ID="string_162" HPOS="385" VPOS="642" WIDTH="52" HEIGHT="17" WC="0.93" CONTENT="skola"/><SP WIDTH="21" VPOS="642" HPOS="437"/>
							<String ID="string_163" HPOS="458" VPOS="642" WIDTH="56" HEIGHT="17" WC="0.96" CONTENT="likväl"/><SP WIDTH="14" VPOS="642" HPOS="514"/>
							<String ID="string_164" HPOS="528" VPOS="642" WIDTH="40" HEIGHT="18" WC="0.96" CONTENT="icke"/><SP WIDTH="12" VPOS="642" HPOS="568"/>
							<String ID="string_165" HPOS="580" VPOS="642" WIDTH="53" HEIGHT="22" WC="0.92" CONTENT="fyller"/><SP WIDTH="8" VPOS="642" HPOS="633"/>
							<String ID="string_166" HPOS="641" VPOS="642" WIDTH="180" HEIGHT="23" WC="0.87" CONTENT="bildningsbehofvet"/><SP WIDTH="12" VPOS="642" HPOS="821"/>
							<String ID="string_167" HPOS="833" VPOS="643" WIDTH="6" HEIGHT="16" WC="0.96" CONTENT="i"/><SP WIDTH="12" VPOS="643" HPOS="839"/>
							<String ID="string_168" HPOS="851" VPOS="642" WIDTH="31" HEIGHT="18" WC="0.96" CONTENT="det"/><SP WIDTH="11" VPOS="642" HPOS="882"/>
							<String ID="string_169" HPOS="893" VPOS="642" WIDTH="61" HEIGHT="18" WC="0.96" CONTENT="finska"/>
						</TextLine>
						<TextLine ID="line_18" HPOS="199" VPOS="667" WIDTH="756" HEIGHT="25">
							<String ID="string_170" HPOS="199" VPOS="671" WIDTH="54" HEIGHT="17" WC="0.95" CONTENT="södra"/><SP WIDTH="20" VPOS="671" HPOS="253"/>
							<String ID="string_171" HPOS="273" VPOS="667" WIDTH="124" HEIGHT="24" WC="0.93" CONTENT="Österbotten,"/><SP WIDTH="19" VPOS="667" HPOS="397"/>
							<String ID="string_172" HPOS="416" VPOS="670" WIDTH="47" HEIGHT="18" WC="0.93" CONTENT="inses"/><SP WIDTH="13" VPOS="670" HPOS="463"/>
							<String ID="string_173" HPOS="476" VPOS="670" WIDTH="36" HEIGHT="18" WC="0.93" CONTENT="lätt"/><SP WIDTH="10" VPOS="670" HPOS="512"/>
							<String ID="string_174" HPOS="522" VPOS="670" WIDTH="58" HEIGHT="21" WC="0.92" CONTENT="deraf,"/><SP WIDTH="13" VPOS="670" HPOS="580"/>
							<String ID="string_175" HPOS="593" VPOS="672" WIDTH="28" HEIGHT="16" WC="0.96" CONTENT="att"/><SP WIDTH="13" VPOS="672" HPOS="621"/>
							<String ID="string_176" HPOS="634" VPOS="671" WIDTH="30" HEIGHT="17" WC="0.96" CONTENT="det"/><SP WIDTH="12" VPOS="671" HPOS="664"/>
							<String ID="string_177" HPOS="676" VPOS="671" WIDTH="56" HEIGHT="17" WC="0.96" CONTENT="bland"/><SP WIDTH="13" VPOS="671" HPOS="732"/>
							<String ID="string_178" HPOS="745" VPOS="671" WIDTH="22" HEIGHT="17" WC="0.96" CONTENT="de"/><SP WIDTH="13" VPOS="671" HPOS="767"/>
							<String ID="string_179" HPOS="780" VPOS="672" WIDTH="22" HEIGHT="18" WC="0.92" CONTENT="78"/><SP WIDTH="12" VPOS="672" HPOS="802"/>
							<String ID="string_180" HPOS="814" VPOS="671" WIDTH="65" HEIGHT="21" WC="0.92" CONTENT="elever,"/><SP WIDTH="12" VPOS="671" HPOS="879"/>
							<String ID="string_181" HPOS="891" VPOS="670" WIDTH="64" HEIGHT="18" WC="0.93" CONTENT="hvilka"/>
						</TextLine>
						<TextLine ID="line_19" HPOS="199" VPOS="699" WIDTH="756" HEIGHT="23">
							<String ID="string_182" HPOS="199" VPOS="701" WIDTH="28" HEIGHT="16" WC="0.96" CONTENT="för"/><SP WIDTH="19" VPOS="701" HPOS="227"/>
							<String ID="string_183" HPOS="246" VPOS="699" WIDTH="115" HEIGHT="18" WC="0.95" CONTENT="närvarande"/><SP WIDTH="19" VPOS="699" HPOS="361"/>
							<String ID="string_184" HPOS="380" VPOS="699" WIDTH="69" HEIGHT="17" WC="0.96" CONTENT="besöka"/><SP WIDTH="18" VPOS="699" HPOS="449"/>
							<String ID="string_185" HPOS="467" VPOS="699" WIDTH="69" HEIGHT="21" WC="0.96" CONTENT="skolan,"/><SP WIDTH="16" VPOS="699" HPOS="536"/>
							<String ID="string_186" HPOS="552" VPOS="699" WIDTH="59" HEIGHT="18" WC="0.95" CONTENT="finnas"/><SP WIDTH="19" VPOS="699" HPOS="611"/>
							<String ID="string_187" HPOS="630" VPOS="701" WIDTH="28" HEIGHT="20" WC="0.95" CONTENT="47,"/><SP WIDTH="17" VPOS="701" HPOS="658"/>
							<String ID="string_188" HPOS="675" VPOS="705" WIDTH="39" HEIGHT="12" WC="0.96" CONTENT="som"/><SP WIDTH="12" VPOS="705" HPOS="714"/>
							<String ID="string_189" HPOS="726" VPOS="700" WIDTH="25" HEIGHT="22" WC="0.93" CONTENT="pä"/><SP WIDTH="12" VPOS="700" HPOS="751"/>
							<String ID="string_190" HPOS="763" VPOS="700" WIDTH="74" HEIGHT="18" WC="0.92" CONTENT="skolans"/><SP WIDTH="12" VPOS="700" HPOS="837"/>
							<String ID="string_191" HPOS="849" VPOS="702" WIDTH="28" HEIGHT="15" WC="0.93" CONTENT="tre"/><SP WIDTH="12" VPOS="702" HPOS="877"/>
							<String ID="string_192" HPOS="889" VPOS="700" WIDTH="66" HEIGHT="22" WC="0.92" CONTENT="högsta"/>
						</TextLine>
						<TextLine ID="line_20" HPOS="198" VPOS="728" WIDTH="757" HEIGHT="23">
							<String ID="string_193" HPOS="198" VPOS="728" WIDTH="73" HEIGHT="18" WC="0.96" CONTENT="klasser"/><SP WIDTH="12" VPOS="728" HPOS="271"/>
							<String ID="string_194" HPOS="283" VPOS="728" WIDTH="40" HEIGHT="17" WC="0.96" CONTENT="läsa"/><SP WIDTH="12" VPOS="728" HPOS="323"/>
							<String ID="string_195" HPOS="335" VPOS="728" WIDTH="51" HEIGHT="17" WC="0.93" CONTENT="latin."/><SP WIDTH="19" VPOS="728" HPOS="386"/>
							<String ID="string_196" HPOS="405" VPOS="728" WIDTH="28" HEIGHT="17" WC="0.96" CONTENT="Då"/><SP WIDTH="12" VPOS="728" HPOS="433"/>
							<String ID="string_197" HPOS="445" VPOS="733" WIDTH="24" HEIGHT="12" WC="0.93" CONTENT="nu"/><SP WIDTH="13" VPOS="733" HPOS="469"/>
							<String ID="string_198" HPOS="482" VPOS="728" WIDTH="128" HEIGHT="22" WC="0.92" CONTENT="privatlyceets"/><SP WIDTH="13" VPOS="728" HPOS="610"/>
							<String ID="string_199" HPOS="623" VPOS="728" WIDTH="55" HEIGHT="18" WC="0.93" CONTENT="femte"/><SP WIDTH="12" VPOS="728" HPOS="678"/>
							<String ID="string_200" HPOS="690" VPOS="728" WIDTH="51" HEIGHT="18" WC="0.92" CONTENT="klass"/><SP WIDTH="13" VPOS="728" HPOS="741"/>
							<String ID="string_201" HPOS="754" VPOS="728" WIDTH="91" HEIGHT="23" WC="0.92" CONTENT="indrages,"/><SP WIDTH="12" VPOS="728" HPOS="845"/>
							<String ID="string_202" HPOS="857" VPOS="730" WIDTH="32" HEIGHT="16" WC="0.96" CONTENT="äro"/><SP WIDTH="13" VPOS="730" HPOS="889"/>
							<String ID="string_203" HPOS="902" VPOS="728" WIDTH="53" HEIGHT="18" WC="0.96" CONTENT="dessa"/>
						</TextLine>
						<TextLine ID="line_21" HPOS="198" VPOS="756" WIDTH="756" HEIGHT="23">
							<String ID="string_204" HPOS="198" VPOS="757" WIDTH="50" HEIGHT="22" WC="0.93" CONTENT="lägre"/><SP WIDTH="13" VPOS="757" HPOS="248"/>
							<String ID="string_205" HPOS="261" VPOS="756" WIDTH="176" HEIGHT="18" WC="0.91" CONTENT="elementärskolans"/><SP WIDTH="13" VPOS="756" HPOS="437"/>
							<String ID="string_206" HPOS="450" VPOS="756" WIDTH="45" HEIGHT="17" WC="0.93" CONTENT="latin"/><SP WIDTH="13" VPOS="756" HPOS="495"/>
							<String ID="string_207" HPOS="508" VPOS="756" WIDTH="75" HEIGHT="18" WC="0.96" CONTENT="läsande"/><SP WIDTH="17" VPOS="756" HPOS="583"/>
							<String ID="string_208" HPOS="600" VPOS="756" WIDTH="59" HEIGHT="18" WC="0.93" CONTENT="elever"/><SP WIDTH="12" VPOS="756" HPOS="659"/>
							<String ID="string_209" HPOS="671" VPOS="756" WIDTH="106" HEIGHT="18" WC="0.92" CONTENT="nödsakade"/><SP WIDTH="13" VPOS="756" HPOS="777"/>
							<String ID="string_210" HPOS="790" VPOS="758" WIDTH="27" HEIGHT="16" WC="0.97" CONTENT="att"/><SP WIDTH="12" VPOS="758" HPOS="817"/>
							<String ID="string_211" HPOS="829" VPOS="757" WIDTH="86" HEIGHT="22" WC="0.93" CONTENT="antingen"/><SP WIDTH="12" VPOS="757" HPOS="915"/>
							<String ID="string_212" HPOS="927" VPOS="756" WIDTH="27" HEIGHT="18" WC="0.80" CONTENT="af-"/>
						</TextLine>
						<TextLine ID="line_22" HPOS="197" VPOS="784" WIDTH="757" HEIGHT="24">
							<String ID="string_213" HPOS="197" VPOS="786" WIDTH="55" HEIGHT="22" WC="0.91" CONTENT="bryta"/><SP WIDTH="19" VPOS="786" HPOS="252"/>
							<String ID="string_214" HPOS="271" VPOS="785" WIDTH="41" HEIGHT="17" WC="0.96" CONTENT="sina"/><SP WIDTH="18" VPOS="785" HPOS="312"/>
							<String ID="string_215" HPOS="330" VPOS="784" WIDTH="69" HEIGHT="18" WC="0.96" CONTENT="studier"/><SP WIDTH="18" VPOS="784" HPOS="399"/>
							<String ID="string_216" HPOS="417" VPOS="784" WIDTH="45" HEIGHT="18" WC="0.96" CONTENT="eller"/><SP WIDTH="19" VPOS="784" HPOS="462"/>
							<String ID="string_217" HPOS="481" VPOS="786" WIDTH="27" HEIGHT="16" WC="0.96" CONTENT="att"/><SP WIDTH="18" VPOS="786" HPOS="508"/>
							<String ID="string_218" HPOS="526" VPOS="784" WIDTH="40" HEIGHT="18" WC="0.96" CONTENT="med"/><SP WIDTH="18" VPOS="784" HPOS="566"/>
							<String ID="string_219" HPOS="584" VPOS="787" WIDTH="51" HEIGHT="15" WC="0.93" CONTENT="stora"/><SP WIDTH="14" VPOS="787" HPOS="635"/>
							<String ID="string_220" HPOS="649" VPOS="785" WIDTH="131" HEIGHT="17" WC="0.92" CONTENT="omkostnader"/><SP WIDTH="19" VPOS="785" HPOS="780"/>
							<String ID="string_221" HPOS="799" VPOS="785" WIDTH="85" HEIGHT="17" WC="0.96" CONTENT="fortsätta"/><SP WIDTH="12" VPOS="785" HPOS="884"/>
							<String ID="string_222" HPOS="896" VPOS="785" WIDTH="58" HEIGHT="17" WC="0.96" CONTENT="dem"/><SP WIDTH="-9" VPOS="785" HPOS="954"/>
							<String ID="string_223" HPOS="945" VPOS="780" WIDTH="14" HEIGHT="32" WC="0.95" CONTENT="i"/>
						</TextLine>
						<TextLine ID="line_23" HPOS="198" VPOS="812" WIDTH="756" HEIGHT="38">
							<String ID="string_224" HPOS="198" VPOS="814" WIDTH="110" HEIGHT="27" WC="0.96" CONTENT="exempelvis"/><SP WIDTH="13" VPOS="814" HPOS="308"/>
							<String ID="string_225" HPOS="321" VPOS="813" WIDTH="20" HEIGHT="17" WC="0.93" CONTENT="sä"/><SP WIDTH="12" VPOS="813" HPOS="341"/>
							<String ID="string_226" HPOS="353" VPOS="812" WIDTH="82" HEIGHT="23" WC="0.92" CONTENT="aflägsna"/><SP WIDTH="13" VPOS="812" HPOS="435"/>
							<String ID="string_227" HPOS="448" VPOS="812" WIDTH="62" HEIGHT="18" WC="0.92" CONTENT="städer"/><SP WIDTH="12" VPOS="812" HPOS="510"/>
							<String ID="string_228" HPOS="522" VPOS="818" WIDTH="38" HEIGHT="12" WC="0.96" CONTENT="som"/><SP WIDTH="13" VPOS="818" HPOS="560"/>
							<String ID="string_229" HPOS="573" VPOS="813" WIDTH="96" HEIGHT="37" WC="0.96" CONTENT="Uleåborg,"/><SP WIDTH="12" VPOS="813" HPOS="669"/>
							<String ID="string_230" HPOS="681" VPOS="813" WIDTH="107" HEIGHT="23" WC="0.96" CONTENT="Jyväskylä,"/><SP WIDTH="12" VPOS="813" HPOS="788"/>
							<String ID="string_231" HPOS="800" VPOS="813" WIDTH="118" HEIGHT="21" WC="0.93" CONTENT="Tavastehus,"/><SP WIDTH="13" VPOS="813" HPOS="918"/>
							<String ID="string_232" HPOS="931" VPOS="813" WIDTH="23" HEIGHT="17" WC="0.92" CONTENT="el-"/>
						</TextLine>
						<TextLine ID="line_24" HPOS="198" VPOS="841" WIDTH="307" HEIGHT="23">
							<String ID="string_233" HPOS="198" VPOS="842" WIDTH="27" HEIGHT="17" WC="0.96" CONTENT="ler"/><SP WIDTH="12" VPOS="842" HPOS="225"/>
							<String ID="string_234" HPOS="237" VPOS="842" WIDTH="35" HEIGHT="17" WC="0.95" CONTENT="ock"/><SP WIDTH="13" VPOS="842" HPOS="272"/>
							<String ID="string_235" HPOS="285" VPOS="836" WIDTH="40" HEIGHT="23" WC="0.95" CONTENT="Åbo"/><SP WIDTH="13" VPOS="836" HPOS="325"/>
							<String ID="string_236" HPOS="338" VPOS="841" WIDTH="34" HEIGHT="17" WC="0.96" CONTENT="och"/><SP WIDTH="13" VPOS="841" HPOS="372"/>
							<String ID="string_237" HPOS="385" VPOS="841" WIDTH="120" HEIGHT="23" WC="0.96" CONTENT="Helsingfors."/>
						</TextLine>
					</TextBlock>
					<TextBlock ID="block_3" HPOS="198" VPOS="870" WIDTH="757" HEIGHT="280">
						<TextLine ID="line_25" HPOS="268" VPOS="870" WIDTH="687" HEIGHT="23">
							<String ID="string_238" HPOS="268" VPOS="870" WIDTH="34" HEIGHT="18" WC="0.96" CONTENT="Om"/><SP WIDTH="12" VPOS="870" HPOS="302"/>
							<String ID="string_239" HPOS="314" VPOS="870" WIDTH="63" HEIGHT="17" WC="0.96" CONTENT="härtill"/><SP WIDTH="14" VPOS="870" HPOS="377"/>
							<String ID="string_240" HPOS="391" VPOS="870" WIDTH="67" HEIGHT="22" WC="0.96" CONTENT="lägges,"/><SP WIDTH="13" VPOS="870" HPOS="458"/>
							<String ID="string_241" HPOS="471" VPOS="871" WIDTH="28" HEIGHT="16" WC="0.96" CONTENT="att"/><SP WIDTH="12" VPOS="871" HPOS="499"/>
							<String ID="string_242" HPOS="511" VPOS="870" WIDTH="23" HEIGHT="22" WC="0.96" CONTENT="på"/><SP WIDTH="12" VPOS="870" HPOS="534"/>
							<String ID="string_243" HPOS="546" VPOS="870" WIDTH="22" HEIGHT="18" WC="0.95" CONTENT="de"/><SP WIDTH="14" VPOS="870" HPOS="568"/>
							<String ID="string_244" HPOS="582" VPOS="871" WIDTH="40" HEIGHT="22" WC="0.96" CONTENT="fyra"/><SP WIDTH="12" VPOS="871" HPOS="622"/>
							<String ID="string_245" HPOS="634" VPOS="871" WIDTH="117" HEIGHT="18" WC="0.96" CONTENT="återstående"/><SP WIDTH="12" VPOS="871" HPOS="751"/>
							<String ID="string_246" HPOS="763" VPOS="870" WIDTH="94" HEIGHT="18" WC="0.96" CONTENT="klasserna"/><SP WIDTH="12" VPOS="870" HPOS="857"/>
							<String ID="string_247" HPOS="869" VPOS="871" WIDTH="5" HEIGHT="16" WC="0.91" CONTENT="i"/><SP WIDTH="12" VPOS="871" HPOS="874"/>
							<String ID="string_248" HPOS="886" VPOS="871" WIDTH="69" HEIGHT="21" WC="0.91" CONTENT="privat-"/>
						</TextLine>
						<TextLine ID="line_26" HPOS="198" VPOS="898" WIDTH="757" HEIGHT="23">
							<String ID="string_249" HPOS="198" VPOS="900" WIDTH="57" HEIGHT="21" WC="0.92" CONTENT="lyceet"/><SP WIDTH="21" VPOS="900" HPOS="255"/>
							<String ID="string_250" HPOS="276" VPOS="900" WIDTH="5" HEIGHT="16" WC="0.93" CONTENT="i"/><SP WIDTH="18" VPOS="900" HPOS="281"/>
							<String ID="string_251" HPOS="299" VPOS="898" WIDTH="118" HEIGHT="18" WC="0.90" CONTENT="Nikolaistad"/><SP WIDTH="12" VPOS="898" HPOS="417"/>
							<String ID="string_252" HPOS="429" VPOS="898" WIDTH="26" HEIGHT="18" WC="0.96" CONTENT="alt"/><SP WIDTH="12" VPOS="898" HPOS="455"/>
							<String ID="string_253" HPOS="467" VPOS="900" WIDTH="49" HEIGHT="16" WC="0.96" CONTENT="ännu"/><SP WIDTH="12" VPOS="900" HPOS="516"/>
							<String ID="string_254" HPOS="528" VPOS="898" WIDTH="58" HEIGHT="18" WC="0.96" CONTENT="finnas"/><SP WIDTH="13" VPOS="898" HPOS="586"/>
							<String ID="string_255" HPOS="599" VPOS="901" WIDTH="20" HEIGHT="16" WC="0.96" CONTENT="51"/><SP WIDTH="14" VPOS="901" HPOS="619"/>
							<String ID="string_256" HPOS="633" VPOS="900" WIDTH="64" HEIGHT="20" WC="0.96" CONTENT="elever,"/><SP WIDTH="13" VPOS="900" HPOS="697"/>
							<String ID="string_257" HPOS="710" VPOS="899" WIDTH="72" HEIGHT="18" WC="0.96" CONTENT="hvilket"/><SP WIDTH="12" VPOS="899" HPOS="782"/>
							<String ID="string_258" HPOS="794" VPOS="899" WIDTH="50" HEIGHT="17" WC="0.96" CONTENT="antal"/><SP WIDTH="13" VPOS="899" HPOS="844"/>
							<String ID="string_259" HPOS="857" VPOS="898" WIDTH="98" HEIGHT="23" WC="0.95" CONTENT="ingalunda"/>
						</TextLine>
						<TextLine ID="line_27" HPOS="198" VPOS="927" WIDTH="757" HEIGHT="24">
							<String ID="string_260" HPOS="198" VPOS="929" WIDTH="21" HEIGHT="16" WC="0.96" CONTENT="är"/><SP WIDTH="18" VPOS="929" HPOS="219"/>
							<String ID="string_261" HPOS="237" VPOS="928" WIDTH="59" HEIGHT="23" WC="0.96" CONTENT="ringa,"/><SP WIDTH="19" VPOS="928" HPOS="296"/>
							<String ID="string_262" HPOS="315" VPOS="927" WIDTH="23" HEIGHT="18" WC="0.96" CONTENT="då"/><SP WIDTH="18" VPOS="927" HPOS="338"/>
							<String ID="string_263" HPOS="356" VPOS="932" WIDTH="43" HEIGHT="13" WC="0.94" CONTENT="man"/><SP WIDTH="18" VPOS="932" HPOS="399"/>
							<String ID="string_264" HPOS="417" VPOS="927" WIDTH="88" HEIGHT="18" WC="0.94" CONTENT="betänker"/><SP WIDTH="18" VPOS="927" HPOS="505"/>
							<String ID="string_265" HPOS="523" VPOS="928" WIDTH="51" HEIGHT="17" WC="0.93" CONTENT="detta"/><SP WIDTH="18" VPOS="928" HPOS="574"/>
							<String ID="string_266" HPOS="592" VPOS="928" WIDTH="93" HEIGHT="18" WC="0.91" CONTENT="läroverks"/><SP WIDTH="12" VPOS="928" HPOS="685"/>
							<String ID="string_267" HPOS="697" VPOS="927" WIDTH="133" HEIGHT="24" WC="0.91" CONTENT="ogaranterade"/><SP WIDTH="12" VPOS="927" HPOS="830"/>
							<String ID="string_268" HPOS="842" VPOS="927" WIDTH="34" HEIGHT="18" WC="0.96" CONTENT="och"/><SP WIDTH="12" VPOS="927" HPOS="876"/>
							<String ID="string_269" HPOS="888" VPOS="927" WIDTH="67" HEIGHT="18" WC="0.95" CONTENT="osäkra"/>
						</TextLine>
						<TextLine ID="line_28" HPOS="198" VPOS="956" WIDTH="757" HEIGHT="23">
							<String ID="string_270" HPOS="198" VPOS="957" WIDTH="95" HEIGHT="22" WC="0.96" CONTENT="ställning,"/><SP WIDTH="19" VPOS="957" HPOS="293"/>
							<String ID="string_271" HPOS="312" VPOS="957" WIDTH="20" HEIGHT="16" WC="0.96" CONTENT="så"/><SP WIDTH="19" VPOS="957" HPOS="332"/>
							<String ID="string_272" HPOS="351" VPOS="961" WIDTH="52" HEIGHT="18" WC="0.96" CONTENT="synes"/><SP WIDTH="18" VPOS="961" HPOS="403"/>
							<String ID="string_273" HPOS="421" VPOS="956" WIDTH="31" HEIGHT="17" WC="0.96" CONTENT="det"/><SP WIDTH="18" VPOS="956" HPOS="452"/>
							<String ID="string_274" HPOS="470" VPOS="961" WIDTH="34" HEIGHT="16" WC="0.96" CONTENT="oss,"/><SP WIDTH="19" VPOS="961" HPOS="504"/>
							<String ID="string_275" HPOS="523" VPOS="958" WIDTH="27" HEIGHT="16" WC="0.96" CONTENT="att"/><SP WIDTH="12" VPOS="958" HPOS="550"/>
							<String ID="string_276" HPOS="562" VPOS="957" WIDTH="64" HEIGHT="22" WC="0.96" CONTENT="hvarje"/><SP WIDTH="11" VPOS="957" HPOS="626"/>
							<String ID="string_277" HPOS="637" VPOS="957" WIDTH="96" HEIGHT="17" WC="0.93" CONTENT="tänkande"/><SP WIDTH="12" VPOS="957" HPOS="733"/>
							<String ID="string_278" HPOS="745" VPOS="957" WIDTH="100" HEIGHT="20" WC="0.91" CONTENT="menniska,"/><SP WIDTH="13" VPOS="957" HPOS="845"/>
							<String ID="string_279" HPOS="858" VPOS="961" WIDTH="39" HEIGHT="13" WC="0.93" CONTENT="som"/><SP WIDTH="14" VPOS="961" HPOS="897"/>
							<String ID="string_280" HPOS="911" VPOS="956" WIDTH="44" HEIGHT="17" WC="0.90" CONTENT="ifrar"/>
						</TextLine>
						<TextLine ID="line_29" HPOS="200" VPOS="981" WIDTH="754" HEIGHT="26">
							<String ID="string_281" HPOS="200" VPOS="986" WIDTH="28" HEIGHT="16" WC="0.96" CONTENT="för"/><SP WIDTH="19" VPOS="986" HPOS="228"/>
							<String ID="string_282" HPOS="247" VPOS="985" WIDTH="117" HEIGHT="22" WC="0.96" CONTENT="upplysning,"/><SP WIDTH="13" VPOS="985" HPOS="364"/>
							<String ID="string_283" HPOS="377" VPOS="984" WIDTH="56" HEIGHT="17" WC="0.95" CONTENT="borde"/><SP WIDTH="13" VPOS="984" HPOS="433"/>
							<String ID="string_284" HPOS="446" VPOS="985" WIDTH="43" HEIGHT="20" WC="0.96" CONTENT="inse,"/><SP WIDTH="14" VPOS="985" HPOS="489"/>
							<String ID="string_285" HPOS="503" VPOS="985" WIDTH="4" HEIGHT="16" WC="0.96" CONTENT="i"/><SP WIDTH="13" VPOS="985" HPOS="507"/>
							<String ID="string_286" HPOS="520" VPOS="985" WIDTH="47" HEIGHT="17" WC="0.96" CONTENT="huru"/><SP WIDTH="13" VPOS="985" HPOS="567"/>
							<String ID="string_287" HPOS="580" VPOS="985" WIDTH="36" HEIGHT="22" WC="0.96" CONTENT="hög"/><SP WIDTH="12" VPOS="985" HPOS="616"/>
							<String ID="string_288" HPOS="628" VPOS="985" WIDTH="46" HEIGHT="22" WC="0.96" CONTENT="grad"/><SP WIDTH="13" VPOS="985" HPOS="674"/>
							<String ID="string_289" HPOS="687" VPOS="985" WIDTH="55" HEIGHT="18" WC="0.96" CONTENT="södra"/><SP WIDTH="13" VPOS="985" HPOS="742"/>
							<String ID="string_290" HPOS="755" VPOS="981" WIDTH="126" HEIGHT="22" WC="0.96" CONTENT="Österbottens"/><SP WIDTH="12" VPOS="981" HPOS="881"/>
							<String ID="string_291" HPOS="893" VPOS="984" WIDTH="61" HEIGHT="17" WC="0.96" CONTENT="finska"/>
						</TextLine>
						<TextLine ID="line_30" HPOS="199" VPOS="1012" WIDTH="756" HEIGHT="24">
							<String ID="string_292" HPOS="199" VPOS="1013" WIDTH="75" HEIGHT="18" WC="0.96" CONTENT="talande"/><SP WIDTH="19" VPOS="1013" HPOS="274"/>
							<String ID="string_293" HPOS="293" VPOS="1012" WIDTH="107" HEIGHT="23" WC="0.96" CONTENT="befolkning"/><SP WIDTH="13" VPOS="1012" HPOS="400"/>
							<String ID="string_294" HPOS="413" VPOS="1013" WIDTH="69" HEIGHT="18" WC="0.96" CONTENT="saknar"/><SP WIDTH="12" VPOS="1013" HPOS="482"/>
							<String ID="string_295" HPOS="494" VPOS="1015" WIDTH="27" HEIGHT="16" WC="0.96" CONTENT="ett"/><SP WIDTH="12" VPOS="1015" HPOS="521"/>
							<String ID="string_296" HPOS="533" VPOS="1013" WIDTH="122" HEIGHT="23" WC="0.93" CONTENT="fullständigt,"/><SP WIDTH="13" VPOS="1013" HPOS="655"/>
							<String ID="string_297" HPOS="668" VPOS="1013" WIDTH="120" HEIGHT="23" WC="0.91" CONTENT="åttaklassigt"/><SP WIDTH="12" VPOS="1013" HPOS="788"/>
							<String ID="string_298" HPOS="800" VPOS="1013" WIDTH="74" HEIGHT="23" WC="0.96" CONTENT="lyceum."/><SP WIDTH="25" VPOS="1013" HPOS="874"/>
							<String ID="string_299" HPOS="899" VPOS="1013" WIDTH="56" HEIGHT="17" WC="0.95" CONTENT="Detta"/>
						</TextLine>
						<TextLine ID="line_31" HPOS="199" VPOS="1041" WIDTH="756" HEIGHT="23">
							<String ID="string_300" HPOS="199" VPOS="1042" WIDTH="59" HEIGHT="17" WC="0.95" CONTENT="måste"/><SP WIDTH="13" VPOS="1042" HPOS="258"/>
							<String ID="string_301" HPOS="271" VPOS="1041" WIDTH="118" HEIGHT="23" WC="0.96" CONTENT="naturligtvis"/><SP WIDTH="13" VPOS="1041" HPOS="389"/>
							<String ID="string_302" HPOS="402" VPOS="1041" WIDTH="77" HEIGHT="18" WC="0.96" CONTENT="inrättas"/><SP WIDTH="13" VPOS="1041" HPOS="479"/>
							<String ID="string_303" HPOS="492" VPOS="1042" WIDTH="5" HEIGHT="17" WC="0.93" CONTENT="i"/><SP WIDTH="13" VPOS="1042" HPOS="497"/>
							<String ID="string_304" HPOS="510" VPOS="1041" WIDTH="122" HEIGHT="22" WC="0.92" CONTENT="Nikolaistad,"/><SP WIDTH="12" VPOS="1041" HPOS="632"/>
							<String ID="string_305" HPOS="644" VPOS="1047" WIDTH="38" HEIGHT="12" WC="0.93" CONTENT="som"/><SP WIDTH="14" VPOS="1047" HPOS="682"/>
							<String ID="string_306" HPOS="696" VPOS="1042" WIDTH="149" HEIGHT="22" WC="0.91" CONTENT="ovedersägligen"/><SP WIDTH="12" VPOS="1042" HPOS="845"/>
							<String ID="string_307" HPOS="857" VPOS="1042" WIDTH="37" HEIGHT="17" WC="0.96" CONTENT="kan"/><SP WIDTH="8" VPOS="1042" HPOS="894"/>
							<String ID="string_308" HPOS="902" VPOS="1047" WIDTH="53" HEIGHT="12" WC="0.95" CONTENT="anses"/>
						</TextLine>
						<TextLine ID="line_32" HPOS="199" VPOS="1066" WIDTH="756" HEIGHT="25">
							<String ID="string_309" HPOS="199" VPOS="1071" WIDTH="28" HEIGHT="17" WC="0.96" CONTENT="för"/><SP WIDTH="14" VPOS="1071" HPOS="227"/>
							<String ID="string_310" HPOS="241" VPOS="1071" WIDTH="32" HEIGHT="17" WC="0.96" CONTENT="det"/><SP WIDTH="12" VPOS="1071" HPOS="273"/>
							<String ID="string_311" HPOS="285" VPOS="1070" WIDTH="120" HEIGHT="21" WC="0.96" CONTENT="vidsträckta,"/><SP WIDTH="18" VPOS="1070" HPOS="405"/>
							<String ID="string_312" HPOS="423" VPOS="1070" WIDTH="60" HEIGHT="18" WC="0.96" CONTENT="finska"/><SP WIDTH="12" VPOS="1070" HPOS="483"/>
							<String ID="string_313" HPOS="495" VPOS="1071" WIDTH="54" HEIGHT="17" WC="0.96" CONTENT="södra"/><SP WIDTH="13" VPOS="1071" HPOS="549"/>
							<String ID="string_314" HPOS="562" VPOS="1066" WIDTH="126" HEIGHT="22" WC="0.93" CONTENT="Österbottens"/><SP WIDTH="13" VPOS="1066" HPOS="688"/>
							<String ID="string_315" HPOS="701" VPOS="1070" WIDTH="118" HEIGHT="18" WC="0.92" CONTENT="hufvudstad."/><SP WIDTH="25" VPOS="1070" HPOS="819"/>
							<String ID="string_316" HPOS="844" VPOS="1070" WIDTH="34" HEIGHT="17" WC="0.96" CONTENT="Det"/><SP WIDTH="13" VPOS="1070" HPOS="878"/>
							<String ID="string_317" HPOS="891" VPOS="1071" WIDTH="20" HEIGHT="16" WC="0.96" CONTENT="är"/><SP WIDTH="12" VPOS="1071" HPOS="911"/>
							<String ID="string_318" HPOS="923" VPOS="1070" WIDTH="32" HEIGHT="17" WC="0.96" CONTENT="der"/>
						</TextLine>
						<TextLine ID="line_33" HPOS="199" VPOS="1099" WIDTH="756" HEIGHT="21">
							<String ID="string_319" HPOS="199" VPOS="1100" WIDTH="17" HEIGHT="16" WC="0.96" CONTENT="vi"/><SP WIDTH="20" VPOS="1100" HPOS="216"/>
							<String ID="string_320" HPOS="236" VPOS="1099" WIDTH="5" HEIGHT="17" WC="0.96" CONTENT="i"/><SP WIDTH="21" VPOS="1099" HPOS="241"/>
							<String ID="string_321" HPOS="262" VPOS="1099" WIDTH="78" HEIGHT="18" WC="0.96" CONTENT="främsta"/><SP WIDTH="12" VPOS="1099" HPOS="340"/>
							<String ID="string_322" HPOS="352" VPOS="1101" WIDTH="79" HEIGHT="15" WC="0.93" CONTENT="rummet"/><SP WIDTH="13" VPOS="1101" HPOS="431"/>
							<String ID="string_323" HPOS="444" VPOS="1099" WIDTH="60" HEIGHT="17" WC="0.92" CONTENT="drifva"/><SP WIDTH="13" VPOS="1099" HPOS="504"/>
							<String ID="string_324" HPOS="517" VPOS="1099" WIDTH="33" HEIGHT="17" WC="0.96" CONTENT="vår"/><SP WIDTH="11" VPOS="1099" HPOS="550"/>
							<String ID="string_325" HPOS="561" VPOS="1099" WIDTH="74" HEIGHT="21" WC="0.96" CONTENT="handel,"/><SP WIDTH="13" VPOS="1099" HPOS="635"/>
							<String ID="string_326" HPOS="648" VPOS="1099" WIDTH="31" HEIGHT="18" WC="0.96" CONTENT="det"/><SP WIDTH="12" VPOS="1099" HPOS="679"/>
							<String ID="string_327" HPOS="691" VPOS="1101" WIDTH="20" HEIGHT="16" WC="0.96" CONTENT="är"/><SP WIDTH="13" VPOS="1101" HPOS="711"/>
							<String ID="string_328" HPOS="724" VPOS="1099" WIDTH="56" HEIGHT="17" WC="0.96" CONTENT="också"/><SP WIDTH="13" VPOS="1099" HPOS="780"/>
							<String ID="string_329" HPOS="793" VPOS="1099" WIDTH="27" HEIGHT="17" WC="0.96" CONTENT="dit"/><SP WIDTH="12" VPOS="1099" HPOS="820"/>
							<String ID="string_330" HPOS="832" VPOS="1099" WIDTH="17" HEIGHT="16" WC="0.95" CONTENT="vi"/><SP WIDTH="10" VPOS="1099" HPOS="849"/>
							<String ID="string_331" HPOS="859" VPOS="1099" WIDTH="40" HEIGHT="17" WC="0.96" CONTENT="föra"/><SP WIDTH="13" VPOS="1099" HPOS="899"/>
							<String ID="string_332" HPOS="912" VPOS="1099" WIDTH="43" HEIGHT="17" WC="0.96" CONTENT="våra"/>
						</TextLine>
						<TextLine ID="line_34" HPOS="199" VPOS="1127" WIDTH="263" HEIGHT="23">
							<String ID="string_333" HPOS="199" VPOS="1127" WIDTH="42" HEIGHT="18" WC="0.92" CONTENT="rika"/><SP WIDTH="11" VPOS="1127" HPOS="241"/>
							<String ID="string_334" HPOS="252" VPOS="1127" WIDTH="210" HEIGHT="23" WC="0.91" CONTENT="jordbruksprodukter."/>
						</TextLine>
					</TextBlock>
					<TextBlock ID="block_4" HPOS="200" VPOS="1155" WIDTH="756" HEIGHT="52">
						<TextLine ID="line_35" HPOS="274" VPOS="1155" WIDTH="682" HEIGHT="23">
							<String ID="string_335" HPOS="274" VPOS="1157" WIDTH="8" HEIGHT="16" WC="0.89" CONTENT="I"/><SP WIDTH="20" VPOS="1157" HPOS="282"/>
							<String ID="string_336" HPOS="302" VPOS="1156" WIDTH="90" HEIGHT="17" WC="0.96" CONTENT="anseende"/><SP WIDTH="13" VPOS="1156" HPOS="392"/>
							<String ID="string_337" HPOS="405" VPOS="1156" WIDTH="27" HEIGHT="17" WC="0.96" CONTENT="till"/><SP WIDTH="13" VPOS="1156" HPOS="432"/>
							<String ID="string_338" HPOS="445" VPOS="1156" WIDTH="55" HEIGHT="17" WC="0.96" CONTENT="ofvan"/><SP WIDTH="13" VPOS="1156" HPOS="500"/>
							<String ID="string_339" HPOS="513" VPOS="1156" WIDTH="67" HEIGHT="17" WC="0.96" CONTENT="nämda"/><SP WIDTH="12" VPOS="1156" HPOS="580"/>
							<String ID="string_340" HPOS="592" VPOS="1156" WIDTH="163" HEIGHT="17" WC="0.96" CONTENT="sakförhållanden"/><SP WIDTH="13" VPOS="1156" HPOS="755"/>
							<String ID="string_341" HPOS="768" VPOS="1155" WIDTH="46" HEIGHT="23" WC="0.96" CONTENT="våga"/><SP WIDTH="12" VPOS="1155" HPOS="814"/>
							<String ID="string_342" HPOS="826" VPOS="1155" WIDTH="17" HEIGHT="17" WC="0.93" CONTENT="vi"/><SP WIDTH="12" VPOS="1155" HPOS="843"/>
							<String ID="string_343" HPOS="855" VPOS="1155" WIDTH="101" HEIGHT="18" WC="0.92" CONTENT="härmedels"/>
						</TextLine>
						<TextLine ID="line_36" HPOS="200" VPOS="1184" WIDTH="259" HEIGHT="23">
							<String ID="string_344" HPOS="200" VPOS="1185" WIDTH="4" HEIGHT="16" WC="0.93" CONTENT="i"/><SP WIDTH="14" VPOS="1185" HPOS="204"/>
							<String ID="string_345" HPOS="218" VPOS="1184" WIDTH="149" HEIGHT="23" WC="0.91" CONTENT="underdånighet"/><SP WIDTH="12" VPOS="1184" HPOS="367"/>
							<String ID="string_346" HPOS="379" VPOS="1184" WIDTH="80" HEIGHT="21" WC="0.95" CONTENT="anhålla,"/>
						</TextLine>
					</TextBlock>
				</ComposedBlock>
				<ComposedBlock ID="cblock_2" HPOS="336" VPOS="1235" WIDTH="620" HEIGHT="165">
					<TextBlock ID="block_5" HPOS="336" VPOS="1235" WIDTH="620" HEIGHT="165">
						<TextLine ID="line_37" HPOS="411" VPOS="1235" WIDTH="545" HEIGHT="22">
							<String ID="string_347" HPOS="411" VPOS="1237" WIDTH="28" HEIGHT="16" WC="0.92" CONTENT="att"/><SP WIDTH="17" VPOS="1237" HPOS="439"/>
							<String ID="string_348" HPOS="456" VPOS="1235" WIDTH="118" HEIGHT="18" WC="0.91" CONTENT="Hedervärda"/><SP WIDTH="19" VPOS="1235" HPOS="574"/>
							<String ID="string_349" HPOS="593" VPOS="1235" WIDTH="140" HEIGHT="21" WC="0.89" CONTENT="Bondeståndet,"/><SP WIDTH="19" VPOS="1235" HPOS="733"/>
							<String ID="string_350" HPOS="752" VPOS="1240" WIDTH="38" HEIGHT="13" WC="0.96" CONTENT="som"/><SP WIDTH="12" VPOS="1240" HPOS="790"/>
							<String ID="string_351" HPOS="802" VPOS="1235" WIDTH="52" HEIGHT="17" WC="0.93" CONTENT="alltid"/><SP WIDTH="12" VPOS="1235" HPOS="854"/>
							<String ID="string_352" HPOS="866" VPOS="1235" WIDTH="49" HEIGHT="22" WC="0.92" CONTENT="ifrat"/><SP WIDTH="10" VPOS="1235" HPOS="915"/>
							<String ID="string_353" HPOS="925" VPOS="1235" WIDTH="31" HEIGHT="22" WC="0.96" CONTENT="för"/>
						</TextLine>
						<TextLine ID="line_38" HPOS="338" VPOS="1263" WIDTH="617" HEIGHT="24">
							<String ID="string_354" HPOS="338" VPOS="1264" WIDTH="58" HEIGHT="21" WC="0.95" CONTENT="finska"/><SP WIDTH="19" VPOS="1264" HPOS="396"/>
							<String ID="string_355" HPOS="415" VPOS="1263" WIDTH="64" HEIGHT="23" WC="0.96" CONTENT="folkets"/><SP WIDTH="20" VPOS="1263" HPOS="479"/>
							<String ID="string_356" HPOS="499" VPOS="1263" WIDTH="51" HEIGHT="18" WC="0.96" CONTENT="såväl"/><SP WIDTH="18" VPOS="1263" HPOS="550"/>
							<String ID="string_357" HPOS="568" VPOS="1263" WIDTH="75" HEIGHT="24" WC="0.96" CONTENT="andliga"/><SP WIDTH="18" VPOS="1263" HPOS="643"/>
							<String ID="string_358" HPOS="661" VPOS="1269" WIDTH="38" HEIGHT="12" WC="0.93" CONTENT="som"/><SP WIDTH="17" VPOS="1269" HPOS="699"/>
							<String ID="string_359" HPOS="716" VPOS="1263" WIDTH="95" HEIGHT="18" WC="0.90" CONTENT="materiela"/><SP WIDTH="16" VPOS="1263" HPOS="811"/>
							<String ID="string_360" HPOS="827" VPOS="1263" WIDTH="104" HEIGHT="23" WC="0.96" CONTENT="utveckling,"/><SP WIDTH="16" VPOS="1263" HPOS="931"/>
							<String ID="string_361" HPOS="947" VPOS="1263" WIDTH="8" HEIGHT="17" WC="0.96" CONTENT="i"/>
						</TextLine>
						<TextLine ID="line_39" HPOS="339" VPOS="1291" WIDTH="617" HEIGHT="24">
							<String ID="string_362" HPOS="339" VPOS="1291" WIDTH="141" HEIGHT="24" WC="0.90" CONTENT="underdånighet"/><SP WIDTH="19" VPOS="1291" HPOS="480"/>
							<String ID="string_363" HPOS="499" VPOS="1292" WIDTH="41" HEIGHT="17" WC="0.96" CONTENT="ville"/><SP WIDTH="15" VPOS="1292" HPOS="540"/>
							<String ID="string_364" HPOS="555" VPOS="1292" WIDTH="60" HEIGHT="17" WC="0.96" CONTENT="vända"/><SP WIDTH="17" VPOS="1292" HPOS="615"/>
							<String ID="string_365" HPOS="632" VPOS="1292" WIDTH="28" HEIGHT="23" WC="0.95" CONTENT="sig"/><SP WIDTH="17" VPOS="1292" HPOS="660"/>
							<String ID="string_366" HPOS="677" VPOS="1292" WIDTH="30" HEIGHT="17" WC="0.96" CONTENT="till"/><SP WIDTH="18" VPOS="1292" HPOS="707"/>
							<String ID="string_367" HPOS="725" VPOS="1292" WIDTH="54" HEIGHT="17" WC="0.94" CONTENT="Hans"/><SP WIDTH="18" VPOS="1292" HPOS="779"/>
							<String ID="string_368" HPOS="797" VPOS="1291" WIDTH="100" HEIGHT="23" WC="0.93" CONTENT="Kejserliga"/><SP WIDTH="18" VPOS="1291" HPOS="897"/>
							<String ID="string_369" HPOS="915" VPOS="1291" WIDTH="41" HEIGHT="18" WC="0.90" CONTENT="Ma-"/>
						</TextLine>
						<TextLine ID="line_40" HPOS="336" VPOS="1319" WIDTH="619" HEIGHT="24">
							<String ID="string_370" HPOS="336" VPOS="1321" WIDTH="57" HEIGHT="22" WC="0.82" CONTENT="jestät"/><SP WIDTH="18" VPOS="1321" HPOS="393"/>
							<String ID="string_371" HPOS="411" VPOS="1321" WIDTH="38" HEIGHT="17" WC="0.96" CONTENT="med"/><SP WIDTH="20" VPOS="1321" HPOS="449"/>
							<String ID="string_372" HPOS="469" VPOS="1320" WIDTH="91" HEIGHT="22" WC="0.96" CONTENT="anhållan,"/><SP WIDTH="20" VPOS="1320" HPOS="560"/>
							<String ID="string_373" HPOS="580" VPOS="1321" WIDTH="29" HEIGHT="17" WC="0.96" CONTENT="att"/><SP WIDTH="17" VPOS="1321" HPOS="609"/>
							<String ID="string_374" HPOS="626" VPOS="1321" WIDTH="53" HEIGHT="17" WC="0.96" CONTENT="Hans"/><SP WIDTH="11" VPOS="1321" HPOS="679"/>
							<String ID="string_375" HPOS="690" VPOS="1320" WIDTH="103" HEIGHT="23" WC="0.94" CONTENT="Kejserliga"/><SP WIDTH="12" VPOS="1320" HPOS="793"/>
							<String ID="string_376" HPOS="805" VPOS="1320" WIDTH="88" HEIGHT="23" WC="0.96" CONTENT="Majestät"/><SP WIDTH="10" VPOS="1320" HPOS="893"/>
							<String ID="string_377" HPOS="903" VPOS="1319" WIDTH="8" HEIGHT="18" WC="0.93" CONTENT="i"/><SP WIDTH="11" VPOS="1319" HPOS="911"/>
							<String ID="string_378" HPOS="922" VPOS="1319" WIDTH="33" HEIGHT="18" WC="0.92" CONTENT="nä-"/>
						</TextLine>
						<TextLine ID="line_41" HPOS="339" VPOS="1348" WIDTH="617" HEIGHT="24">
							<String ID="string_379" HPOS="339" VPOS="1349" WIDTH="31" HEIGHT="18" WC="0.96" CONTENT="der"/><SP WIDTH="19" VPOS="1349" HPOS="370"/>
							<String ID="string_380" HPOS="389" VPOS="1349" WIDTH="66" HEIGHT="17" WC="0.96" CONTENT="täcktes"/><SP WIDTH="16" VPOS="1349" HPOS="455"/>
							<String ID="string_381" HPOS="471" VPOS="1349" WIDTH="95" HEIGHT="22" WC="0.95" CONTENT="förordna,"/><SP WIDTH="18" VPOS="1349" HPOS="566"/>
							<String ID="string_382" HPOS="584" VPOS="1350" WIDTH="29" HEIGHT="16" WC="0.96" CONTENT="att"/><SP WIDTH="16" VPOS="1350" HPOS="613"/>
							<String ID="string_383" HPOS="629" VPOS="1349" WIDTH="58" HEIGHT="22" WC="0.96" CONTENT="finska"/><SP WIDTH="19" VPOS="1349" HPOS="687"/>
							<String ID="string_384" HPOS="706" VPOS="1349" WIDTH="51" HEIGHT="23" WC="0.96" CONTENT="lägre"/><SP WIDTH="16" VPOS="1349" HPOS="757"/>
							<String ID="string_385" HPOS="773" VPOS="1348" WIDTH="157" HEIGHT="18" WC="0.96" CONTENT="elementarskolan"/><SP WIDTH="19" VPOS="1348" HPOS="930"/>
							<String ID="string_386" HPOS="949" VPOS="1349" WIDTH="7" HEIGHT="16" WC="0.94" CONTENT="i"/>
						</TextLine>
						<TextLine ID="line_42" HPOS="338" VPOS="1377" WIDTH="615" HEIGHT="23">
							<String ID="string_387" HPOS="338" VPOS="1378" WIDTH="115" HEIGHT="17" WC="0.53" CONTENT="Nikolaistad"/><SP WIDTH="16" VPOS="1378" HPOS="453"/>
							<String ID="string_388" HPOS="469" VPOS="1377" WIDTH="45" HEIGHT="23" WC="0.95" CONTENT="från"/><SP WIDTH="18" VPOS="1377" HPOS="514"/>
							<String ID="string_389" HPOS="532" VPOS="1378" WIDTH="54" HEIGHT="17" WC="0.93" CONTENT="nästa"/><SP WIDTH="16" VPOS="1378" HPOS="586"/>
							<String ID="string_390" HPOS="602" VPOS="1378" WIDTH="71" HEIGHT="17" WC="0.80" CONTENT="höstterr"/><SP WIDTH="55" VPOS="1378" HPOS="673"/>
							<String ID="string_391" HPOS="728" VPOS="1378" WIDTH="63" HEIGHT="22" WC="0.93" CONTENT="början"/><SP WIDTH="13" VPOS="1378" HPOS="791"/>
							<String ID="string_392" HPOS="804" VPOS="1377" WIDTH="47" HEIGHT="17" WC="0.96" CONTENT="klass"/><SP WIDTH="11" VPOS="1377" HPOS="851"/>
							<String ID="string_393" HPOS="862" VPOS="1377" WIDTH="32" HEIGHT="22" WC="0.96" CONTENT="för"/><SP WIDTH="12" VPOS="1377" HPOS="894"/>
							<String ID="string_394" HPOS="906" VPOS="1377" WIDTH="47" HEIGHT="17" WC="0.96" CONTENT="klass"/>
						</TextLine>
					</TextBlock>
				</ComposedBlock>
				<Illustration ID="cblock_3" HPOS="669" VPOS="1378" WIDTH="59" HEIGHT="17"></Illustration>
				<ComposedBlock ID="cblock_4" HPOS="268" VPOS="1422" WIDTH="495" HEIGHT="19">
					<TextBlock ID="block_6" HPOS="268" VPOS="1422" WIDTH="495" HEIGHT="19">
						<TextLine ID="line_43" HPOS="268" VPOS="1422" WIDTH="495" HEIGHT="19">
							<String ID="string_395" HPOS="268" VPOS="1424" WIDTH="99" HEIGHT="16" WC="0.93" CONTENT="Allmänna"/><SP WIDTH="12" VPOS="1424" HPOS="367"/>
							<String ID="string_396" HPOS="379" VPOS="1422" WIDTH="172" HEIGHT="18" WC="0.91" CONTENT="Besvärsutskottets"/><SP WIDTH="11" VPOS="1422" HPOS="551"/>
							<String ID="string_397" HPOS="562" VPOS="1423" WIDTH="110" HEIGHT="18" WC="0.96" CONTENT="betänkande"/><SP WIDTH="11" VPOS="1423" HPOS="672"/>
							<String ID="string_398" HPOS="683" VPOS="1423" WIDTH="36" HEIGHT="18" WC="0.94" CONTENT="N:o"/><SP WIDTH="13" VPOS="1423" HPOS="719"/>
							<String ID="string_399" HPOS="732" VPOS="1424" WIDTH="31" HEIGHT="16" WC="0.94" CONTENT="27."/>
						</TextLine>
					</TextBlock>
				</ComposedBlock>
			</PrintSpace>
		</Page>
	</Layout>
</alto>
