1048 1731
211 109 13 21 2
355 109 71 22 Ständ.
442 109 42 22 Pet.
501 121 27 4 —
545 110 140 22 Petitionsbet.
702 111 34 21 N:o
751 110 28 21 11.

179 172 30 27 pä
240 178 76 15 senare
341 171 56 22 tider
423 172 105 27 vidtagna
554 173 102 26 ätgärder
680 173 49 21 sökt
753 173 123 28 upphjelpa
901 173 41 22 och

181 205 108 28 befrämja
311 205 105 28 sjöfarten
439 207 13 20 &
467 206 98 27 Ladoga,
581 207 39 21 har
636 207 32 21 uti
684 209 31 19 ett
731 207 36 21 vid
783 209 71 19 denna
870 208 71 21 landt-

179 241 43 26 dag
244 240 59 21 inom
326 240 185 27 Borgareständet
532 241 124 22 framstäldt
676 241 185 28 petitionsförslag
877 242 64 21 fram-

180 274 81 25 hällits,
285 274 104 22 hurusom
409 275 127 28 ytterligare
560 277 102 26 ätgärder
683 276 7 21 i
710 277 96 20 nämnda
821 276 55 27 syfte
891 283 52 14 vore

180 309 25 21 af
218 310 121 26 trängande
355 309 68 22 behof
436 309 123 28 päkallade,
576 310 40 21 och
627 311 40 20 har
677 311 7 20 i
695 311 78 21 sädant
785 310 102 22 afseende
898 312 43 20 sär-

180 343 67 22 skildt
258 343 131 22 framhållits
400 345 71 20 såsom
483 344 95 27 önskligt
588 347 32 18 att
631 345 25 20 af
663 345 90 27 Ladoga
765 345 177 27 sjöfartsomräde

180 379 69 20 måtte
272 378 70 21 bildas
364 381 31 18 ett
415 379 147 27 sjelfständigt
578 379 131 21 lotsdistrikt
725 380 50 20 med
790 386 27 14 en
833 379 108 22 distrikts-

180 412 54 25 chef,
255 413 87 20 hvilken
357 413 8 20 i
381 413 102 21 afseende
499 413 14 20 ä
528 413 98 27 insigter,
642 413 155 27 befogenheter
813 413 40 21 och
869 413 70 28 hjelp-

177 447 71 21 medel
270 447 8 20 i
300 447 41 21 och
363 447 34 21 för
419 448 106 27 tjenstens
548 448 107 21 skötande
678 448 69 21 skulle
768 448 107 21 likställas
891 449 48 20 med

178 481 203 22 distriktscheferna
396 482 7 20 i
418 482 87 21 landets
521 483 69 27 öfriga
605 483 137 20 lotsdistrikt.

247 528 41 20 Till
304 528 26 20 de
344 528 24 20 af
377 528 110 27 Styrelsen
498 529 66 20 redan
576 529 103 26 vidtagna
691 529 102 27 ätgärder
803 528 33 20 till
846 528 92 21 befräm-

176 562 72 28 jande
271 562 24 20 af
311 562 106 27 sjöfarten
439 563 14 20 ä
474 562 192 28 Ladoga-vatinen
682 563 45 25 bör,
743 565 61 18 utom
820 564 25 19 de
861 563 7 20 i
883 562 54 27 peti-

176 596 194 22 tionsmemorialet
393 598 137 26 omnämnda,
554 599 31 19 ett
600 598 49 20 icke
665 598 91 26 ovigtigt
777 597 75 27 tillägg
867 598 70 26 göras.

175 631 31 21 Pä
229 631 121 27 Kejserliga
373 631 106 21 Senatens
501 632 161 27 framställning
684 632 41 20 har
744 632 76 26 nädigt
836 631 99 21 tillständ

175 666 121 21 meddelats
319 668 33 18 att
375 666 101 21 använda
498 667 58 20 ända
580 666 32 20 till
635 667 94 25 200,000
755 666 61 20 mark
831 667 24 19 af
869 666 70 21 öfver-

176 700 199 21 skottsstatsmedel
398 700 45 21 dels
466 700 32 21 till
521 701 107 20 räntefria
644 700 52 21 eller
711 701 50 20 med
777 700 35 26 låg
829 701 63 20 ränta
906 700 29 20 lö-

176 736 73 26 pande
272 735 37 20 lån
333 735 22 20 åt
374 742 110 20 personer,
500 734 74 22 hvilka
590 734 106 22 förbunde
712 735 32 27 sig
760 736 33 19 att
809 734 70 27 bygga
894 734 41 21 far-

177 772 37 24 tyg
229 770 8 20 i
253 769 95 27 enlighet
364 770 48 20 med
428 769 25 21 af
466 770 94 20 Senaten
577 769 102 27 godkänd
691 770 83 26 ritning
786 769 33 21 för
830 768 105 28 seglation

177 804 29 26 på
225 804 98 26 Ladoga,
340 804 45 20 dels
401 803 32 21 till
449 803 134 21 bekostande
599 804 25 20 af
638 810 26 14 en
680 803 125 28 fartygsslip
822 804 49 20 med
887 804 47 20 der-

175 838 33 20 till
229 838 98 20 hörande
347 838 83 27 smedja
449 838 36 21 vid
502 838 127 21 Sortanlaks
644 838 36 21 vik
695 838 8 20 i
717 838 116 27 Pyhäjärvi
849 838 87 20 socken.

173 872 43 21 För
240 874 80 19 nämda
343 872 47 28 slip,
414 874 49 19 dess
486 872 83 28 smedja
592 872 40 21 och
655 872 200 27 landningsbrygga
870 872 65 20 hafva

176 907 99 27 omkring
299 908 78 24 30,000
400 907 61 21 mark
485 908 119 24 användts;
628 907 55 21 dock
706 908 70 24 torde,
800 906 54 21 efter
877 906 58 21 hvad

177 941 152 22 erfarenheten
345 941 69 28 gifver
429 942 36 21 vid
480 941 94 27 handen,
591 943 41 19 den
648 942 7 20 i
671 942 60 25 fråga
748 942 96 20 varande
857 941 77 20 inrätt-

175 977 80 26 ningen
268 976 56 21 blott
336 977 29 26 på
375 979 32 18 ett
417 976 217 21 otillfredsställande
645 977 43 20 sätt
698 978 111 19 motsvara
819 975 37 21 sitt
867 976 67 20 ända-

173 1011 50 29 mål,
249 1010 181 27 hufvudsakligen
456 1011 72 20 derför
552 1013 32 18 att
611 1011 126 20 densamma
761 1009 70 21 blifvit
854 1009 79 27 anlagd

174 1046 28 26 på
223 1047 31 19 ett
271 1045 112 27 olämpligt
400 1045 69 25 ställe,
485 1045 87 21 bvarför
587 1045 62 21 äfven
666 1045 62 26 fråga
743 1044 76 21 väckts
834 1051 35 14 om
885 1045 49 20 dess

173 1079 142 28 förflyttande
331 1079 33 21 till
380 1079 123 21 Sordavala.
534 1079 29 21 Af
576 1080 125 20 återstoden
721 1080 90 24 170,000
822 1078 61 21 mark
893 1078 40 21 har

173 1114 68 27 enligt
265 1114 90 27 angifna
375 1115 95 26 grunder
495 1115 90 24 120,000
608 1114 36 20 mk
659 1114 7 20 i
682 1113 43 21 fem
743 1113 71 20 skilda
830 1115 73 24 poster
919 1113 14 20 &

173 1149 80 25 24,000
269 1149 36 20 mk
321 1148 97 27 utgifvits
434 1148 32 21 till
481 1148 36 21 lån
534 1149 22 20 åt
573 1148 106 21 särskilda
695 1154 111 21 personer.

243 1194 121 28 Styrelsens
387 1195 145 26 tillgöranden
555 1194 134 27 ådagalägga
705 1195 33 20 att
755 1195 45 18 stor
815 1193 119 27 uppmärk-

172 1229 85 21 samhet
273 1232 76 25 egnats
361 1230 26 19 de
399 1228 141 22 ekonomiska
550 1228 165 21 förhållandena
726 1228 7 20 i
744 1227 113 21 trakterna
867 1227 66 26 kring

172 1263 91 28 Ladoga
287 1264 40 20 och
350 1263 90 28 specielt
459 1263 184 27 sjöfartsrörelsen
659 1263 27 26 på
703 1263 62 20 detta
781 1264 59 18 stora
855 1261 76 21 innan-

171 1298 44 21 haf.
246 1297 127 22 Emellertid
389 1297 58 21 hålla
463 1297 63 22 äfven
542 1297 122 21 Ständerna
679 1297 46 20 före
741 1298 34 19 att
786 1297 63 20 dessa
859 1295 72 28 tillgö-

171 1333 84 20 randen
271 1333 60 20 ännu
345 1331 47 22 icke
403 1334 108 19 motsvara
523 1332 25 20 de
560 1332 28 27 på
599 1334 62 18 orten
673 1331 134 26 förefintliga
817 1330 112 21 behofven.

240 1378 33 21 En
299 1379 80 26 mängd
401 1378 122 21 olikartade
546 1377 163 27 önsknivgsmål
732 1376 67 21 hafva
821 1376 109 27 nämligen

172 1414 51 20 med
239 1413 103 21 afseende
357 1413 14 20 å
386 1412 264 28 sjöfartsförhällandenas
661 1412 7 20 i
677 1412 94 26 Ladoga
781 1410 150 27 befrämjande
