1048 1731
212 135 373 26 Petitionshetänkande
600 137 54 22 N:o
670 137 28 22 3.

355 516 118 24 Allmänna
489 516 246 24 besvärsutskottets
751 516 81 24 betän-

287 550 76 24 kande
377 550 39 24 N:o
439 550 7 24 I
468 550 39 24 med
528 550 98 28 anledning
641 550 21 24 af
675 551 28 24 ett
719 551 31 24 till
765 550 68 24 Bonde-

288 584 77 24 ståndet
379 584 102 25 inlemnadt
504 584 164 31 petitionsförslag
689 584 93 30 angående
800 591 33 17 an-

287 618 92 30 läggande
394 618 21 24 af
429 625 21 17 en
465 618 92 30 landsväg
572 619 43 24 frän
630 619 69 25 Kittilä
720 619 60 31 kyrka
802 618 31 25 till

287 652 64 25 Enare.

154 722 81 21 Genom
257 721 196 28 protokollsutdrag
472 722 23 22 af
509 722 41 22 den
567 723 9 20 1
594 722 102 22 Februari
706 722 39 22 har
760 722 73 22 heder-

85 757 65 21 värda
160 756 159 22 Bondeståndet
331 756 33 22 till
374 756 113 22 Allmänna
502 757 197 22 Besvärsutskottet
713 757 120 21 remitterat

85 792 31 20 ett
131 791 113 27 sålydande
259 790 220 27 petitionsmemorial:

156 849 167 27 (Öfversättning).

221 893 54 17 Till
295 893 170 19 hedervärda
484 894 214 17 Bondeståndet!

152 933 31 18 Då
195 933 19 18 vi
226 933 55 18 kasta
293 939 24 12 en
329 933 50 18 blick
393 934 25 23 på
429 933 92 18 Finlands
533 933 191 22 kommunikationer,
737 934 66 18 märka
815 934 20 18 vi

85 963 53 17 snart
156 962 49 17 huru
223 962 43 18 dess
283 963 58 17 södra
358 962 30 18 del
408 963 40 17 står
460 963 78 23 mycket
550 962 82 18 framom
644 963 143 23 Lappmarkens
801 963 33 18 hä-

86 991 38 18 rad.
149 991 150 18 Annorstädes
292 987 12 32 i
315 991 44 18 vårt
375 991 45 18 land
438 991 59 18 hafva
515 991 59 18 redan
584 991 110 24 jernvägar,
707 991 79 19 kanaler
799 991 35 18 och

85 1020 118 23 landsvägar
214 1019 63 18 blifvit
294 1020 64 23 bygda
371 1020 44 18 med
428 1020 117 21 statsmedel,
557 1025 45 12 men
614 1020 129 18 innevånarne
755 1021 7 17 i
773 1021 62 23 Lapp-

86 1049 88 18 markens
186 1049 60 18 härad
259 1049 59 18 sakna
331 1049 28 18 till
371 1049 36 18 och
419 1049 44 17 med
478 1049 122 23 landsvägar,
612 1049 21 17 så
646 1050 27 16 att
685 1049 32 18 det
728 1049 61 18 finnes
802 1054 33 13 sex

86 1077 86 22 socknar,
190 1077 33 18 der
241 1079 50 16 ännu
309 1078 46 23 inga
377 1077 116 23 landsvägar
517 1077 123 18 förekomma.
665 1078 66 17 Denna
752 1079 83 16 omstän-

86 1106 66 23 dighet
170 1106 36 17 har
223 1106 54 17 hållit
294 1107 145 23 innebyggarne
457 1107 7 17 i
482 1107 146 23 Lappmarkens
642 1106 60 18 härad
713 1107 22 17 så
747 1108 28 16 att
787 1109 46 21 säga

86 1134 110 24 afspärrade
208 1134 42 18 från
263 1135 36 18 den
311 1135 63 23 öfriga
386 1135 89 18 verldens
488 1135 121 23 gemenskap
622 1137 50 16 samt
683 1135 85 18 hämmat
780 1135 55 18 deras

85 1163 171 18 framåtskridande
274 1164 53 18 såväl
339 1164 6 17 i
357 1164 96 17 materielt
471 1169 42 12 som
531 1164 75 23 andligt
623 1164 108 18 hänseende
743 1164 42 17 trån
799 1164 36 18 den

86 1192 85 18 eländets
184 1191 35 18 och
231 1192 96 18 armodets
340 1193 123 23 ståndpunkt,
482 1193 74 22 hvarpå
574 1193 24 17 de
616 1194 51 16 ännu
679 1192 7 17 i
697 1193 38 22 dag
758 1192 76 18 befinna

85 1221 35 23 sig.
145 1221 112 18 Inneslutna
274 1221 69 18 bakom
367 1221 113 18 ödemarker
498 1221 36 18 och
553 1221 77 23 skogar,
651 1223 45 15 utan
714 1221 121 23 landsvägar,

85 1250 65 17 kunna
162 1249 29 22 de,
203 1250 60 18 under
283 1251 70 16 största
372 1250 55 18 delen
440 1249 21 18 af
472 1250 46 22 året,
530 1249 42 18 icke
584 1250 25 23 på
621 1250 59 23 något
692 1251 38 16 sätt
741 1250 77 17 komma
829 1250 7 17 i

85 1279 116 18 förbindelse
213 1278 43 18 med
267 1279 143 18 Fosterlandets
422 1279 63 17 bättre
497 1279 74 18 trakter
584 1278 46 19 eller
642 1278 20 18 få
674 1279 31 17 del
717 1278 20 18 af
747 1278 89 18 kommu-

85 1307 142 18 nikationernas
242 1307 163 23 bekvämligheter
417 1307 6 18 i
436 1307 57 18 södra
505 1307 55 18 delen
573 1307 21 18 af
612 1307 42 18 vårt
666 1307 49 18 land.
739 1307 96 24 Innebyg-

86 1341 59 18 garne
164 1336 7 17 i
189 1336 142 23 Lappmarkens
350 1336 59 17 härad
429 1336 64 17 känna
509 1335 68 18 fullväl
598 1336 36 17 och
654 1335 83 18 erkänna
749 1336 87 23 benäget,

86 1366 28 16 att
137 1365 57 17 södra
216 1364 74 19 hälften
314 1364 22 18 af
357 1365 44 17 vårt
423 1365 46 17 land
481 1364 36 18 har
529 1363 199 25 företrädesrättighet
740 1365 29 17 till
781 1365 56 18 dessa

86 1393 168 24 bekvämligheter,
267 1394 37 18 och
315 1394 60 17 hafva
386 1394 97 18 härintills
495 1393 75 18 försökt
582 1394 45 22 nöja
640 1394 30 22 sig
682 1394 43 18 med
737 1394 42 18 sina
791 1400 46 17 gan-

85 1423 34 17 ska
132 1422 114 24 bristfälliga
263 1422 138 22 förhållanden,
417 1423 3 17 i
432 1423 52 23 hopp
497 1428 32 12 om
542 1424 28 16 att
582 1423 58 17 också
652 1424 30 16 tör
693 1423 43 17 dem
751 1429 23 11 en
786 1423 51 23 lyck-

85 1452 60 22 ligare
162 1451 28 17 tid
208 1453 75 21 engång
301 1451 49 18 skall
367 1457 42 18 gry.
433 1451 46 18 Men
491 1451 62 19 ehuru
564 1451 48 19 flere
624 1451 119 18 mansåldrar
757 1450 81 19 förflutit

85 1480 58 18 sedan
162 1480 56 18 södra
233 1480 76 18 delarne
327 1480 22 17 af
365 1480 43 18 vårt
426 1480 46 17 land
488 1480 53 23 fingo
554 1480 42 18 sina
608 1480 187 18 kommunikationer
806 1480 31 18 be-

154 1514 101 18 Allmänna
267 1514 178 18 Besvärsutskottets
458 1514 116 18 betänkande
587 1520 32 12 n:o
633 1516 17 16 1.
