1048 1731
264 118 71 21 Ständ.
352 118 41 22 Pet.
410 129 27 4 —
453 117 143 22 Petitionsbet.
612 117 34 21 N:o
662 117 36 22 50.
819 117 13 21 3

102 181 66 21 slutet
184 181 25 20 af
222 181 24 20 år
263 181 54 21 1887
334 179 99 27 utgifvits
449 181 77 19 endast
538 180 79 24 84,740
626 179 67 27 mark;
704 187 48 14 men
761 181 29 20 då
798 181 67 20 dessa

102 220 36 21 lån
154 220 47 21 icke
217 221 90 27 beviljas
323 220 32 21 till
371 220 59 27 lägre
446 219 80 28 belopp
542 221 28 19 än
581 221 62 24 1,500
652 220 61 21 mark
721 222 56 19 samt
786 221 78 20 endast

103 263 45 18 mot
163 261 126 26 inteckning
304 261 7 20 i
327 260 110 27 fastighet,
453 259 65 22 hvars
534 260 180 27 taxeringsvärde
730 261 85 26 uppgår
830 260 33 21 till

103 301 65 20 minst
190 303 33 18 tre
239 301 80 26 gånger
336 301 41 20 den
393 299 132 22 intecknade
541 300 161 21 lånesummans
718 300 88 27 storlek,
822 299 41 22 och

104 342 109 20 dessutom
229 340 136 21 erhållandet
380 340 25 21 af
418 341 96 20 nämnda
530 340 36 21 lån
578 341 24 20 är
610 341 102 20 förenadt
724 341 49 20 med
781 340 82 27 vidlyf-

104 381 45 27 tiga
164 381 123 26 omgångar,
305 381 74 20 kunna
394 382 27 19 de
437 381 77 20 endast
530 380 7 21 i
552 380 165 27 undantagsfall
732 381 89 20 komma
837 381 28 20 de

104 421 82 21 mindre
210 421 40 21 och
269 421 80 20 minsta
361 421 175 27 jordbrukarene
552 421 33 20 till
600 422 64 25 godo.
680 421 67 21 Dessa
765 421 97 20 bebruka

104 461 46 21 ofta
172 461 47 21 icke
243 463 48 25 eget
315 461 100 21 hemman
431 461 40 21 och
487 461 118 21 innehafva
621 461 18 27 ej
657 468 38 14 ens
711 461 62 22 alltid
790 462 73 26 någon

104 501 35 21 del
155 501 24 21 af
192 508 27 14 en
234 501 103 27 lägenhet
352 502 29 26 på
396 501 84 21 sådana
495 501 69 21 vilkor
580 503 33 19 att
628 501 127 28 inteckning
766 502 45 21 deri
819 501 44 21 kan

104 542 96 27 beviljas,
224 541 40 21 och
287 541 62 21 äfven
368 541 7 21 i
398 541 45 25 fall,
461 542 37 20 der
514 542 78 20 sådant
608 549 52 14 vore
675 542 91 27 möjligt,
783 543 37 20 äro
837 543 28 20 de

105 582 87 20 dermed
213 581 103 21 förenade
332 581 184 21 omkostnaderna
532 582 38 20 allt
586 582 33 20 för
635 584 65 23 stora,
715 582 34 21 för
765 584 33 18 att
813 582 51 20 icke

106 623 151 26 upptagandet
272 622 25 21 af
309 622 36 21 lån
361 622 33 20 till
410 623 46 19 små
471 622 80 27 belopp
568 623 126 26 derigenom
703 622 69 21 skulle
781 622 82 22 försvå-

106 669 39 14 ras,
163 662 53 21 Häri
231 663 62 20 torde
309 662 35 21 väl
359 662 64 21 äfven
438 662 22 21 få
476 662 64 21 sökas
557 662 92 22 orsaken
665 662 32 21 till
713 665 33 19 att
757 664 63 20 dessa
827 662 38 21 lån

106 702 70 22 blifvit
192 703 24 20 så
231 702 50 26 föga
297 702 103 22 anlitade.

173 742 102 22 Deremot
291 749 62 21 synes
365 744 41 20 den
423 742 70 28 lifliga
506 742 193 28 efterfrågan,
659 738 39 36 som
715 742 153 22 förstnämnda

108 782 121 28 odlingslån
245 783 55 25 rönt,
316 782 59 28 gifva
390 783 35 21 vid
441 783 95 25 handen,
552 785 33 19 att
602 783 25 20 de
639 785 118 19 motsvarat
766 785 31 19 ett
805 782 61 21 verk-

107 822 39 27 ligt
161 822 70 22 behof.
255 822 45 22 Och
315 830 52 14 anse
384 823 123 21 Ständerna
523 822 58 28 förty
598 823 46 21 skäl
661 823 117 21 förefinnas
787 823 33 21 för
830 822 36 22 be-

108 863 94 27 viljande
218 862 24 22 af
255 864 126 26 ytterligare
393 863 35 21 lån
438 864 22 20 åt
468 863 159 21 kommunerna
636 863 34 21 för
677 866 32 18 att
717 870 78 20 genom
804 864 63 20 dessa

110 903 92 27 utgifvas
217 904 32 20 till
266 904 99 20 enskilda
377 903 153 27 jordbrukare.

176 944 122 21 Frukterna
314 944 24 21 af
352 945 60 20 detta
429 946 78 25 system
517 943 66 22 hafva
592 934 34 31 väl
638 944 17 27 ej
666 945 58 20 ännu
733 943 78 21 hunnit
819 943 50 22 visa

108 985 40 26 sig,
163 992 49 13 men
228 985 44 20 den
288 985 62 26 ringa
366 984 124 21 erfarenhet
506 984 68 25 deraf,
591 991 45 13 som
653 991 28 14 nu
698 985 66 20 redan
780 984 87 21 förefin-

109 1031 44 19 nes,
177 1031 62 20 synes
262 1024 120 21 emellertid
401 1031 64 14 mana
482 1024 32 21 till
530 1027 32 18 att
578 1024 71 27 fortgå
665 1025 28 26 på
709 1025 40 20 den
765 1024 102 27 inslagna

109 1065 75 26 vägen.
200 1065 10 20 I
225 1064 77 27 sjelfva
317 1064 74 22 verket
407 1065 63 20 torde
486 1064 158 21 kommunerna
660 1064 75 27 sjelfva
751 1064 40 21 och
802 1065 67 20 deras

108 1104 174 21 förtroendemän
305 1111 53 14 vara
380 1104 49 21 bäst
452 1105 84 26 egnade
556 1107 32 18 att
605 1105 90 20 bedöma
711 1105 41 20 den
769 1104 99 21 enskilde

106 1145 169 27 jordbrukarens
298 1145 67 21 behof
386 1145 24 21 af
430 1145 272 27 penningeförsträckning
718 1145 39 20 och
773 1145 41 20 den
830 1151 39 20 ga-

110 1185 57 21 ranti
182 1185 55 21 hans
252 1185 147 27 personlighet
414 1185 44 21 kan
474 1186 72 20 lemna
562 1185 33 20 för
610 1185 160 27 penningarnes
786 1185 81 20 använ-

108 1226 71 20 dande
202 1226 28 26 pä
253 1225 62 21 bästa
337 1227 44 19 sätt
403 1225 33 21 till
460 1226 36 20 det
519 1226 51 20 med
585 1225 59 21 länet
660 1225 89 21 afsedda
765 1225 103 20 ändamä-

107 1265 37 21 let.
174 1265 72 28 Några
268 1265 102 22 förluster
389 1265 34 22 för
438 1265 132 22 statsverket
585 1266 13 20 å
614 1265 80 28 dylika,
711 1267 44 19 mot
770 1265 99 21 kommu-

109 1312 53 15 nens
178 1312 161 20 gemensamma
354 1305 139 28 ansvarighet
508 1305 86 28 utgifna
610 1305 36 21 län
662 1306 61 21 torde
738 1305 69 27 knapt
815 1311 55 15 vara

108 1349 33 18 att
164 1346 81 26 befara,
268 1347 28 20 dä
318 1346 36 21 väl
370 1347 68 20 måste
453 1346 131 21 förutsättas
599 1348 33 19 att
648 1345 156 22 kommunerna
819 1345 50 21 icke

108 1386 123 28 lättsinnigt
246 1387 130 21 distribuera
391 1388 26 20 de
433 1387 78 25 medel,
527 1387 33 21 för
576 1386 84 22 hvilkas
677 1386 147 22 återbetalade
840 1386 28 21 de

107 1427 69 21 iklädt
192 1428 32 26 sig
239 1428 146 26 ansvarighet.
