1048 1731
257 114 13 20 8
423 111 244 29 IPetitionsbetänkande
683 112 36 22 N:o
735 112 40 23 44.

228 176 39 19 dan
301 175 54 20 förut
387 175 50 20 hade
470 175 38 20 den
534 175 136 24 obegränsade
695 175 142 25 försäljningen
864 175 21 20 af
908 181 80 18 svagare

228 203 87 25 drycker
334 204 53 19 varit
401 204 30 19 till
447 206 52 17 stort
514 203 83 20 förderf.
620 204 9 19 I
645 204 55 19 detta
715 204 112 19 hänseende
842 204 101 20 medförde
959 209 29 14 se-

227 235 58 16 naste
310 233 105 23 landtdags
441 233 132 23 tillgöranden
596 232 61 19 likväl
672 233 59 23 ingen
747 232 124 25 förbättring.
909 232 80 24 Igenom

228 261 87 19 nämnda
329 261 124 24 bestämning
468 261 102 24 öppnades
587 263 83 17 tvärtom
686 261 39 19 alla
741 261 53 20 förut
809 261 84 24 stängda
901 261 88 20 bommar

229 289 59 20 äfven
313 289 30 19 för
365 290 24 19 de
412 289 144 24 spritdrycker,
571 289 67 19 hvilka
653 289 60 20 hafva
728 289 128 20 förenämnda
871 290 48 19 eller
934 289 55 24 lägre

228 318 131 19 alkoholhalt.
383 317 41 20 Och
440 318 85 19 handeln
542 318 43 19 med
601 318 59 19 dessa
675 319 85 23 drycker
776 319 35 18 har
821 319 6 18 i
839 318 70 25 sjelfva
919 318 71 19 verket

229 347 7 18 i
259 346 46 19 värt
322 346 47 19 land
385 347 62 18 redan
462 347 64 18 under
541 346 132 19 sistförflutna
688 347 22 18 är
725 347 6 18 i
748 347 22 19 sä
784 347 38 23 hög
837 347 49 23 grad
902 346 87 24 tilltagit,

229 376 31 18 att
278 380 43 14 man
339 375 44 19 med
398 375 45 19 fullt
458 375 44 19 skäl
518 375 40 19 kan
573 374 55 20 tvifla
644 375 31 24 pä,
691 375 97 20 huruvida
803 375 38 19 den
857 381 26 13 nu
898 375 91 24 gällande

229 403 238 24 bränvinsförordningen
490 403 77 19 medför
585 403 37 19 den
639 401 90 26 äsyftade
745 406 74 22 nyttan,
836 406 21 21 ty
872 402 57 21 äfven
945 409 43 14 sva-

229 437 47 19 gare
300 432 85 24 drycker
407 432 61 19 verka
491 437 69 18 genom
583 431 132 20 öfverdrifven
739 432 96 24 förtäring
851 432 85 19 rusande
951 432 37 20 och

229 460 92 19 medföra
336 461 84 18 sälunda
435 460 82 20 förderf.
538 460 30 19 De
584 463 35 16 äro
635 461 100 19 sätillvida
750 463 52 17 ännu
817 467 42 13 mer
866 461 122 24 bedrägliga,

230 495 43 13 som
295 494 45 13 man
363 488 31 20 för
416 489 58 19 deras
497 488 98 24 föregifna
619 489 134 24 oskyldighets
769 489 52 19 skull
837 490 18 24 ej
870 489 74 20 förstår
959 491 30 18 att

230 518 118 23 tillräckligt
363 518 48 19 akta
427 518 28 23 sig
470 517 31 20 för
517 518 50 18 dem.
597 517 31 19 En
644 518 70 19 allmän
731 518 115 24 förbudslag
860 520 41 17 mot
916 518 73 19 handel

229 546 46 19 med
290 546 121 24 rusdrycker
426 552 47 14 vore
489 546 61 24 enligt
565 546 35 20 vär
615 546 51 24 äsigt
682 549 28 17 ett
725 547 144 19 verksammare
885 547 64 19 medel
958 546 30 20 till

229 574 226 24 dryckenskapslastens
472 574 129 24 afskaffande,
618 577 24 17 än
658 575 37 19 den
711 581 26 13 nu
753 575 92 23 gällande
859 575 73 24 nädiga
948 575 40 19 för-

230 604 118 23 ordningen.
378 604 47 18 Men
449 609 30 13 om
502 609 24 13 en
547 603 61 19 sådan
623 604 32 22 lag
671 604 18 23 ej
705 609 57 14 anses
778 609 48 14 vara
841 604 66 24 möjlig
922 604 7 18 i
945 604 44 18 vårt

229 632 55 23 land,
293 632 75 18 hvilket
380 632 33 24 jag
429 632 18 23 ej
456 632 38 19 kan
503 632 90 25 bedöma,
602 632 22 19 sä
632 632 31 19 mä
677 638 44 13 man
737 632 118 19 ätminstone
871 632 51 24 gifva
930 631 57 20 äfven

229 660 21 19 ät
273 660 68 24 hvarje
365 660 146 19 stadskommun
527 660 35 19 full
578 661 95 23 rättighet
687 663 30 16 att
732 661 78 19 besluta
825 666 31 14 om
871 661 26 19 all
913 660 74 20 handel

229 689 46 19 med
297 689 121 23 rusdrycker
440 689 26 23 pä
485 689 34 19 sitt
534 690 45 22 eget
595 689 86 20 omräde.
707 688 31 20 Dä
753 689 62 20 skulle
832 690 33 18 det
880 689 107 23 ingalunda

229 716 64 20 finnas
309 717 64 23 någon
390 717 60 19 orsak
465 718 29 18 till
510 717 98 24 klagomål
624 720 41 16 mot
679 718 116 24 regeringen
812 718 48 19 eller
875 717 112 25 folkrepre-

230 746 126 18 sentationen
381 745 98 23 deröfver,
507 747 30 17 att
562 746 197 19 stadskommunerna
785 746 17 24 ej
825 746 66 19 kunna
913 746 6 19 i
943 746 44 19 män

230 773 21 20 af
272 774 62 19 behof
355 774 38 19 och
411 774 6 19 i
433 775 45 18 stöd
494 774 21 19 af
528 774 90 24 gällande
634 774 140 24 författningar
788 776 62 18 värna
865 774 35 20 och
917 774 70 24 uppfo-

229 804 42 18 stra
294 805 30 16 ett
345 803 72 23 sedligt
435 802 24 20 lif
473 803 48 19 eller
535 803 72 19 hindra
623 803 33 19 det
671 802 81 25 förderf,
768 808 41 14 som
825 803 162 24 spritäryckerna

229 830 22 20 af
272 831 52 19 hvad
347 830 136 20 beskaffenhet
505 831 25 19 de
552 837 48 13 vara
618 831 37 23 mä,
671 832 66 18 kunna
753 832 84 19 utbreda
851 832 135 23 isynnerhet
975 826 15 34 i

229 860 25 18 de
270 860 55 23 lägre
341 859 152 20 folkklasserna.
521 859 71 20 Denna
607 860 51 23 äsigt
673 859 95 20 framlade
781 861 35 23 jag
830 860 61 20 redan
908 860 33 19 vid
957 866 29 13 se-

229 890 58 17 naste
303 888 96 24 landtdag
414 887 31 20 för
460 887 99 25 vällofliga
574 888 160 24 borgarständet.

300 916 10 18 I
325 916 44 19 stöd
386 916 21 20 af
420 917 51 19 hvad
485 917 34 23 jag
534 917 36 19 här
586 916 36 20 har
638 919 49 22 sagt,
703 917 89 19 anhäller
805 918 34 23 jag
855 916 67 20 derför
933 917 54 19 säväl

229 945 12 19 ä
257 950 50 18 egna
322 951 41 13 som
380 945 11 19 å
405 946 54 19 mina
473 945 88 20 valmäns
577 948 81 21 vägnar,
673 948 30 17 att
715 945 100 24 vällofliga
822 946 165 23 borgareständet

228 973 62 20 måtte
307 973 68 20 skrida
390 974 30 19 till
436 974 61 19 sådan
513 975 76 22 åtgärd,
606 976 28 17 att
650 980 26 13 nu
691 974 119 20 församlade
822 974 86 19 Ständer
923 974 63 19 skulle

228 1002 8 18 i
258 1002 159 24 underdänighet
438 1002 121 25 petitionera
574 1003 36 19 hos
626 1003 55 19 Hans
696 1003 112 24 Kejserliga
823 1003 101 24 Majestät,
940 1003 46 19 Fin-

229 1030 58 19 lands
304 1030 117 24 Storfurste,

436 1129 31 18 att
483 1126 167 28 tillverkningen
666 1126 38 21 och
715 1127 170 28 försäljningen
901 1126 30 27 af
937 1133 50 14 rus-

368 1155 91 28 drycker
479 1162 77 21 genom
578 1156 137 27 regeringens
733 1156 87 27 försorg
836 1155 65 21 måtte
916 1154 71 28 blifva

363 1183 100 28 föremål
481 1184 44 27 för
547 1191 26 14 en
587 1184 106 28 grundlig
708 1184 170 27 undersökning,
895 1183 91 21 likasom

367 1212 39 20 ock
426 1212 25 21 de
467 1213 31 26 af
509 1213 170 27 lagstiftningen
691 1213 154 27 framkallade
855 1211 132 29 förhållan-

367 1240 56 21 dena
438 1241 9 20 i
462 1241 25 20 de
503 1241 61 25 land,
580 1241 8 20 i
603 1241 74 21 hvilka
688 1241 137 28 förbudslag
835 1241 43 20 helt
889 1240 39 21 och
938 1240 49 21 hål-

367 1269 28 20 let
410 1269 51 21 eller
477 1269 67 21 delvis
560 1271 27 19 är
600 1270 116 28 gällande;
731 1270 39 21 och

435 1300 38 23 att,
496 1305 35 14 om
552 1299 112 20 resultatet
687 1299 31 27 af
736 1299 72 21 denna
823 1297 163 28 undersökning

367 1326 59 21 visar
448 1327 33 27 sig
505 1326 99 28 bestyrka
622 1329 79 26 gagnet
716 1328 32 27 af
758 1334 26 14 en
799 1327 73 21 sådan
887 1327 100 27 lagstift-

365 1355 61 27 ning;
426 1354 41 28 för
477 1355 49 21 vårt
532 1355 60 28 folk,
600 1357 42 26 för
652 1355 260 22 nästsammanträdande
921 1355 64 21 Stän-

367 1384 38 20 der
415 1384 65 20 måtte
484 1384 134 28 föreläggas
626 1385 69 28 nådig
697 1385 139 27 proposition
841 1384 36 20 till
882 1384 104 27 antingen

366 1418 25 14 en
395 1412 44 27 för
445 1413 54 20 våra
503 1412 163 28 förhållanden
674 1405 110 36 afpassad
787 1412 140 28 fullständig
933 1412 54 28 för-

296 1450 201 20 Ekonomiutskottets
510 1452 122 18 betänkande
644 1452 35 18 N:o
693 1454 26 17 17.
