1048 1731
273 125 239 24 Petitionsbetänkande
529 126 35 23 N:o
580 125 22 23 II.
779 127 12 19 7

61 188 35 21 vid
112 189 58 20 östra
184 187 68 22 finska
267 188 76 22 kusten
359 187 145 28 förnämligast
520 188 35 22 vid
567 188 35 22 det
613 188 67 21 likaså
690 187 131 23 vidsträckta

62 222 90 27 grundet
167 222 122 22 Kandusch.

128 256 109 25 Personer,
260 256 109 27 förtrogna
385 257 48 21 med
449 257 26 21 de
490 259 96 25 säregna,
606 256 107 27 primitiva
728 256 94 28 sjöfarts-

61 290 152 27 förhållanden,
229 297 46 16 som
290 293 57 19 ännu
362 293 37 19 äro
415 291 94 22 rådande
520 291 7 21 i
537 291 88 26 Ladoga
632 291 119 26 trakterna,
761 291 62 22 hafva

61 326 70 21 såsom
147 325 35 22 det
197 325 62 22 bästa
274 325 79 22 medlet
368 327 33 20 att
415 325 65 22 bland
496 325 62 22 deras
573 325 125 26 befolkning
708 325 73 28 sprida
790 326 32 20 åt-

61 359 105 22 minstone
188 360 26 21 de
236 359 86 22 enklare
345 359 122 28 begreppen
482 359 22 22 af
518 359 181 26 navigationslära
714 359 109 27 föreslagit

61 393 131 22 inrättandet
207 393 22 22 af
241 400 26 15 en
283 393 116 22 elementär
415 393 195 28 navigationsskola
624 393 8 22 i
642 393 124 23 Sordavala.
790 393 32 22 De

62 427 67 28 årliga
144 428 142 22 kostnaderna
301 428 32 21 för
349 428 40 22 den
406 435 81 15 samma
501 428 76 27 skulle,
593 441 28 3 —
636 428 101 22 förutsatt
745 429 32 21 att
785 434 38 15 un-

62 462 164 27 dervisningen
220 458 12 36 i
241 463 74 21 skolan
330 463 85 21 komme
431 464 32 20 att
478 463 108 21 meddelas
605 462 22 22 af
640 463 69 27 någon
721 463 8 21 i
743 462 77 22 nämda

61 497 48 21 stad
131 497 72 22 bosatt
225 497 117 28 sjökapten,
359 510 27 3 —
403 497 66 28 enligt
491 497 117 27 beräkning
627 497 46 22 icke
688 497 86 22 komma
789 498 32 21 att

62 531 112 28 öfverstiga
197 533 62 24 1,000
274 532 13 21 å
303 532 64 27 1,500
389 532 68 25 mark,
480 532 49 21 med
551 532 82 21 hvilket
655 531 77 29 belopp
751 533 70 21 staten

61 566 70 22 kunde
146 566 162 22 subventionera
323 568 32 20 ett
369 566 71 27 privat
454 566 83 28 företag
552 566 7 21 i
575 566 60 22 detta
650 566 60 28 syfte.

128 601 20 21 6.
177 600 11 22 I
210 600 118 22 motiverna
351 600 32 22 till
399 600 59 22 detta
473 600 181 28 petitionsförslag
669 600 39 22 har
723 600 98 28 förslags-

61 634 103 22 ställaren
186 635 69 21 anfört
279 635 26 22 de
327 635 182 27 omständigheter
532 635 39 22 och
594 635 53 25 skäl,
670 635 71 22 hvilka
756 635 65 27 enligt

61 669 53 22 hans
130 669 55 27 åsigt
200 669 43 22 tala
259 670 32 21 för
314 670 26 21 de
348 669 105 28 tyrkande
461 670 42 21 han
511 669 101 28 uppstält.
622 682 26 3 —
657 669 110 22 Utskottet
782 669 40 22 har

61 704 48 21 med
126 704 97 21 afseende
238 705 13 20 å
266 704 33 22 sin
313 704 191 27 sammansättning
519 704 47 22 icke
582 706 70 20 ansett
667 704 32 27 sig
713 710 40 21 ega
762 704 59 21 kom-

61 740 75 25 petens
151 740 32 19 att
197 738 7 21 i
220 738 63 27 detalj
299 738 74 28 prötva
389 738 26 22 de
431 738 58 22 olika
500 738 86 28 förslag,
598 738 72 22 hvilka
679 738 69 22 blifvit
757 738 64 22 fram-

61 772 69 22 stälda
145 772 32 22 för
193 775 30 19 ett
238 772 147 22 förbättrande
400 772 23 22 af
432 772 246 28 sjöfartsförhållandena
687 773 28 27 på
725 773 94 27 Ladoga,

61 806 52 22 eller
127 806 55 28 gifva
198 808 64 26 något
277 807 22 23 af
313 808 48 21 dem
376 807 37 21 sitt
429 807 105 22 särskilda
548 807 79 21 förord.
656 807 112 22 Utskottet
783 813 36 15 an-

61 846 35 16 ser
110 841 32 27 sig
157 842 74 21 endast
245 842 53 21 böra
309 854 26 2 —
346 842 68 21 under
429 842 126 27 påpekande
570 841 23 22 af
607 842 36 21 det
658 843 58 20 stora
730 842 90 21 intresse

62 875 32 22 för
109 876 49 22 hela
172 877 46 21 vårt
240 876 50 22 land
305 882 26 16 en
347 876 34 22 väl
396 876 82 22 ordnad
494 876 40 22 och
553 876 63 22 säker
637 876 73 27 sjöfart
732 877 27 27 pä
779 876 40 22 La-

62 910 55 27 doga
132 910 30 27 sjö
178 912 56 26 äger,
250 910 140 28 synnerligast
405 916 47 16 som
468 911 70 21 denna
552 910 74 27 sjöfart
641 910 32 22 för
687 910 132 22 närvarande

62 944 55 22 visar
132 951 26 15 en
177 945 88 22 tendens
280 945 33 22 till
328 945 83 27 lifaktig
426 945 128 28 utveckling,
572 957 24 4 —
614 945 116 28 framhålla,
746 947 33 20 att
794 945 26 21 de

61 978 70 28 behof,
154 979 81 22 hvilkas
256 979 92 28 fyllande
371 979 42 22 alla
429 979 63 22 ofvan
507 979 120 22 relaterade
642 979 77 28 förslag
734 985 84 22 gemen-

60 1015 56 20 samt
130 1013 50 27 afse,
196 1014 154 27 otvifvelaktigt
365 1014 110 27 verkligen
490 1014 109 27 föreligga.

129 1047 40 22 Om
184 1048 81 22 således
281 1049 106 21 utskottet
401 1049 48 21 icke
465 1050 71 20 ansett
551 1049 32 27 sig
598 1048 52 22 böra
672 1050 51 25 göra
738 1050 31 20 ett
784 1047 35 22 be-

60 1082 80 21 stämdt
152 1082 93 28 yrkande
256 1084 28 26 på
297 1084 69 26 någon
382 1083 92 22 särskild
485 1083 83 27 åtgärd,
580 1089 61 16 anser
650 1083 104 22 utskottet
765 1082 54 22 dock

60 1115 84 28 frågans
166 1117 44 26 vigt
229 1117 86 28 påkalla
336 1119 32 20 ett
391 1117 90 22 allmänt
503 1117 111 22 uttalande
628 1117 47 22 från
690 1117 129 22 Ständernas

60 1151 46 22 sida
120 1151 33 21 till
167 1151 144 28 befrämjande
327 1152 22 22 af
362 1152 103 27 sjöfarten
481 1153 27 26 på
523 1152 94 27 Ladoga.

127 1185 32 22 På
181 1187 67 26 grund
268 1186 23 22 af
304 1187 37 22 det
356 1186 62 23 ofvan
434 1186 89 22 anförda
538 1186 34 22 får
586 1186 110 22 Utskottet
711 1185 108 23 vördsamt

60 1219 84 29 föreslå,

263 1269 32 19 att
319 1267 85 22 landets
428 1267 129 28 Höglofliga
574 1266 94 22 Ständer
683 1267 49 20 ville
747 1266 71 21 uttala

197 1301 41 21 den
260 1301 91 26 önskan,
374 1304 32 18 att
428 1301 64 21 Hans
508 1301 127 28 Kejserliga
650 1301 103 26 Majestät
768 1300 51 21 ville

196 1335 89 28 vidtaga
308 1336 107 27 lämpliga
439 1336 103 27 åtgärder
566 1335 34 21 till
624 1335 149 28 befrämjande
793 1334 30 27 af

196 1370 108 27 sjöfarten
317 1371 32 27 på
364 1369 101 29 Ladoga.

116 1433 137 27 Helsingfors,
269 1433 22 22 af
305 1433 113 22 Allmänna
442 1433 197 21 Besvärsutskottet
662 1433 39 21 den
719 1433 25 21 14
760 1432 58 22 Mars

60 1468 62 21 1888.

127 1506 102 19 Allmänna
242 1507 179 18 Besvärsutskoitets
435 1506 117 18 betänkande
566 1508 34 16 N:o
614 1507 16 16 9.
