1048 1731
208 130 27 21 14

177 193 32 20 till
223 192 130 27 kungörelse
368 192 113 27 angående
504 192 70 21 finska
596 191 81 28 fartygs
701 192 238 28 igenkänningstecken

177 227 44 21 och
235 226 82 28 förslag
332 227 31 20 till
377 227 131 21 instruktion
523 226 34 22 för
574 227 278 27 registermyndigheterna.

532 289 13 28 8
560 289 34 22 40.

248 334 60 21 Hans
331 333 121 29 Kejserliga
474 333 114 28 Majestäts
611 334 80 27 nådiga
713 335 141 26 proposition,
871 335 67 27 angå-

178 369 56 21 ende
245 369 98 21 enskilda
351 368 119 29 jernvägar
481 368 32 22 för
529 369 81 20 allmän
625 368 134 27 samfärdsel,
775 369 65 21 hafva
855 369 29 22 Vi
899 375 40 15 an-

178 403 55 27 tagit
243 403 51 21 med
305 403 26 22 de
342 403 118 27 ändringar
475 403 42 21 och
532 403 79 26 tillägg,
628 402 47 23 Vår
690 403 7 20 i
713 404 74 21 ämnet
802 403 82 22 aflåtna
898 410 40 14 un-

178 437 121 27 derdåniga
315 437 111 22 skrifvelse
442 437 23 22 af
479 437 73 21 denna
567 437 42 26 dag
624 437 125 22 innehåller.

533 500 12 28 8
560 500 34 22 41.

249 545 34 21 Ett
299 545 24 21 af
335 545 60 21 Hans
411 544 120 28 Kejserliga
546 544 101 27 Majestät
662 545 31 20 uti
715 545 66 27 nådig
803 545 136 27 proposition

179 580 31 21 till
225 580 48 22 Vår
288 579 101 28 pröfning
405 579 157 21 öfverlemnadt
577 578 81 28 förslag
673 579 30 21 till
718 579 132 27 förordning,
871 580 68 26 angå-

179 614 56 22 ende
250 614 79 27 lagfart
345 614 42 21 och
402 613 125 27 inteckning
543 612 23 22 af
582 613 84 21 enskild
687 613 94 28 jernväg
803 613 34 21 för
859 614 79 20 allmän

178 648 137 26 samfärdsel,
332 648 65 21 hafva
412 648 30 22 Vi
464 648 49 21 med
536 648 69 26 några
628 648 123 26 ändringar,
775 648 72 20 hvilka
869 647 69 21 finnas

179 685 112 25 upptagna
307 683 7 20 i
329 682 48 22 Vår
392 682 71 21 denne
478 682 42 26 dag
534 682 31 21 till
580 682 60 20 Hans
656 682 118 27 Kejserliga
792 682 100 27 Majestät
906 681 32 21 af-

179 717 60 21 låtna
250 717 150 26 underdåniga
411 716 110 21 skrifvelse
538 716 6 20 i
560 718 81 24 ämnet,
658 716 89 27 antagit,
764 716 56 21 dock
835 716 50 21 med
899 716 39 20 vil-

179 751 46 26 kor,
243 753 32 19 att
291 751 42 21 den
346 751 81 27 jemväl
443 751 36 20 vid
494 750 72 22 denna
581 750 104 28 landtdag
700 753 96 25 antagna
816 750 121 22 förordnin-

179 792 42 20 gen
232 786 114 26 angående
357 785 97 21 enskilda
462 784 119 28 jernvägar
591 784 33 22 för
639 785 80 21 allmän
734 785 127 21 samfärdsel
875 785 63 21 kom-

178 826 48 15 mer
241 821 32 20 att
289 820 30 21 till
335 819 126 22 efterlefnad
475 820 117 26 kungöras.

533 882 12 28 8
560 882 34 21 42.

249 927 73 22 Sedan
344 928 35 26 Vi,
401 927 85 28 jemlikt
508 928 80 27 nådiga
611 928 145 27 kungörelsen
779 927 42 22 den
843 928 27 21 24
895 927 42 28 Maj

181 962 62 27 1886,
259 962 40 21 fått
315 964 110 25 emottaga
448 963 91 20 relation
562 969 37 14 om
621 962 200 27 postsparbankens
844 962 96 21 tillstånd

178 996 44 21 och
238 996 132 27 förvaltning
385 997 69 21 under
469 997 24 20 år
511 997 53 20 1887
588 999 58 18 samt
661 997 56 22 Vårt
739 996 148 26 Statsutskott,
910 997 30 20 till

179 1031 66 20 hvars
261 1031 158 22 förberedande
434 1031 132 26 behandling
581 1031 121 21 relationen
722 1031 24 21 af
764 1030 41 22 Oss
826 1030 113 22 öfverlem-

179 1067 57 26 nats,
254 1065 82 27 afgitvit
351 1065 138 22 betänkande
505 1065 6 20 i
528 1065 75 26 saken,
619 1065 66 21 hatva
701 1065 29 22 Vi
746 1065 67 27 jemte
832 1065 108 21 underdå-

179 1099 37 27 nig
232 1099 112 22 skrifvelse
360 1099 23 21 af
396 1100 43 21 den
455 1100 26 21 28
497 1099 97 22 sistlidne
610 1099 60 28 April
689 1100 31 21 till
741 1099 59 22 Hans
821 1099 119 28 Kejserliga

178 1133 103 28 Majestät
296 1134 88 21 insändt
400 1134 67 27 sagda
482 1133 139 22 betänkande
640 1134 49 21 med
709 1133 136 27 underdånig
865 1134 75 21 anhål-

179 1167 37 21 lan
231 1170 33 19 att
279 1168 123 21 detsamma
417 1167 70 22 blefve
502 1168 7 20 i
525 1167 103 22 afseende
643 1169 14 20 å
672 1168 124 21 kännedom
819 1168 30 21 till
872 1167 67 22 Sena-

178 1203 39 20 ten
233 1202 162 21 öfverlemnadt.

532 1242 12 28 8
559 1242 34 21 43.

249 1287 73 22 Sedan
337 1288 31 20 till
383 1287 48 28 Oss,
445 1287 87 28 jemlikt
547 1288 12 27 $
576 1289 26 20 27
618 1288 7 21 i
640 1288 100 27 gällande
763 1287 175 27 Landtdagsord-

178 1321 59 27 ning,
255 1321 153 22 öfverlemnats
425 1328 27 15 en
462 1322 23 21 af
493 1322 236 27 Finansexpeditionen
744 1322 7 21 i
766 1322 118 27 Kejserliga
900 1321 39 22 Se-

177 1358 68 19 naten
257 1356 42 22 den
309 1357 29 21 30
349 1357 97 21 sistlidne
461 1357 89 21 Januari
566 1356 94 28 afgifven
675 1357 93 21 relation
783 1363 37 15 om
835 1358 104 20 statsver-

177 1390 48 22 kets
241 1390 103 27 tillstånd,
367 1391 134 22 omfattande
521 1391 203 27 kapitalräkningar
747 1391 60 21 öfver
829 1391 110 21 allmänna

177 1425 144 21 statsmedlen
336 1425 33 21 för
385 1426 53 22 åren
454 1426 61 26 1883,
534 1426 55 21 1884
604 1426 42 21 och
663 1426 62 26 1885,
742 1425 131 22 summarisk
888 1426 51 21 räk-
