1048 1731
377 119 199 24 Motionsbetänkande
592 121 34 22 N:o
638 120 26 24 14.
829 122 26 20 23

264 189 76 14 munen
355 183 37 20 och
407 183 66 28 hafve
487 183 68 21 sedan
571 184 45 19 rätt
630 186 34 17 att
679 183 38 20 hos
738 183 146 28 kronofogden

265 217 96 26 uppbära
384 217 40 20 den
448 217 111 28 utfästade
581 217 122 27 belöningen
726 218 36 20 till
775 218 38 20 sitt
821 218 64 27 fulla

264 251 77 27 belopp,
364 251 115 28 hvarefter
497 252 37 20 det
555 252 126 21 ankommer
698 252 15 20 å
727 252 159 21 vederbörande

265 288 33 18 att
314 286 85 27 påföra
421 286 127 21 kommunen
570 286 84 27 hälften
676 287 31 26 af
725 287 35 20 det
782 287 104 20 utbetalta

265 320 98 27 beloppet.

333 360 104 20 Deremot
458 361 146 26 öfverlemnas
628 361 25 20 åt
675 361 154 20 kommunerna
854 363 34 18 att

263 401 77 20 genom
356 395 125 26 ulfästande
497 395 30 27 af
538 395 105 27 lämpliga
658 395 126 27 belöningar
792 395 53 20 eller
853 395 34 27 på

266 432 69 17 annat
347 430 46 19 sätt
407 429 110 28 befrämja
532 429 109 21 dödandet
655 431 30 26 af
695 429 74 28 öfriga
790 430 52 26 slag
861 429 31 27 af

266 463 121 28 skadedjur
399 463 38 21 och
453 464 115 27 voffäglar,
584 464 98 20 hvarvid
698 467 71 17 ortens
789 463 98 21 kronobe-

267 498 64 27 tjente
347 498 86 26 åligger
445 501 38 22 att,
495 499 34 26 på
544 499 111 25 anmälan,
671 499 70 20 lemna
756 498 36 21 det
808 498 80 27 nödiga

267 532 83 20 biträde
365 532 37 21 och
417 532 40 21 den
473 532 170 28 handräckning,
666 540 45 14 som
733 534 30 26 af
780 533 49 21 dem
844 533 44 27 lag-

268 567 65 26 enligt
346 566 43 21 kan
399 567 101 27 fordras.

548 644 18 24 S
580 649 31 13 11.

337 687 70 21 Hvar
418 688 37 20 och
471 695 24 13 en
511 695 54 13 vare
573 688 117 28 förbjudet
704 691 34 17 att
752 688 13 20 ä
775 695 55 19 egna
837 688 54 20 eller

269 722 83 20 andras
373 729 53 19 egor
439 722 60 28 jaga
523 723 53 20 eller
589 723 77 27 fånga
695 722 104 21 vildbräd
821 722 71 20 under

270 756 43 20 viss
335 756 34 20 tid
388 757 31 27 af
437 757 53 24 året,
513 756 86 21 hvilken
622 756 92 21 räknas:
722 758 45 26 för
783 756 106 27 rapphöns

264 791 60 27 från
339 791 38 20 och
391 791 51 20 med
454 791 40 20 den
510 797 27 21 15
551 791 124 21 November
687 791 36 21 till
734 791 38 21 och
786 791 51 20 med
849 790 41 21 den

267 832 30 20 31
313 825 149 27 nästföljande
477 825 105 27 Augusti;
592 826 44 26 för
652 832 61 18 svan,
729 825 92 27 vildgås,
843 825 47 20 alla

271 862 62 18 arter
345 860 30 27 af
385 860 130 26 andslägtet,
531 859 103 25 beckasin,
650 859 109 25 brushane,
782 862 59 18 samt
857 859 33 21 ho-

270 901 70 13 norna
355 894 30 27 af
396 894 69 28 ejder-
481 894 102 26 (,äda*),
600 894 93 26 dykand-
715 894 38 20 och
766 894 124 26 skraksläg-

271 931 29 18 tet
314 928 59 28 från
397 928 38 21 och
457 928 51 21 med
524 928 41 21 den
580 935 12 14 1
606 928 66 21 Mars
687 928 36 21 till
734 928 38 21 och
787 928 51 21 med
850 928 40 20 den

270 969 27 20 25
320 962 51 25 Juli
390 966 59 18 samt
464 964 46 27 för
530 963 46 20 alla
599 963 74 28 öfriga
694 963 52 27 slag
765 963 30 27 af
813 963 80 26 nyttigt

271 997 104 21 vildbräd
381 997 60 28 från
457 998 38 20 och
510 997 51 21 med
574 997 40 21 den
629 1004 12 13 1
655 997 66 21 Mars
736 997 37 20 till
784 997 38 20 och
842 996 52 21 med

271 1032 40 20 den
325 1038 29 15 20
368 1032 100 27 Augusti.
503 1032 75 21 Under
591 1031 69 21 denna
664 1031 183 28 fridlysningstid
854 1031 38 20 mä

271 1067 22 26 ej
306 1066 67 21 heller
382 1067 69 26 giller
465 1067 93 20 utsättas
581 1067 52 20 eller
653 1066 141 27 derförinnan
810 1068 83 18 utsatta

271 1100 116 21 bibehållas
396 1101 45 27 för
454 1108 74 13 annan
544 1102 28 19 än
583 1101 105 27 lofgifven
697 1100 195 27 vildbrådsfångst.

340 1141 41 20 Att
395 1141 67 27 jaga,
487 1141 57 20 döda
564 1141 53 20 eller
623 1141 76 27 fånga
715 1141 36 26 elg
763 1139 38 21 och
815 1139 80 28 bäfver

273 1181 52 14 vare
340 1175 44 20 tills
399 1175 77 20 vidare
492 1175 70 20 under
574 1175 48 20 hela
638 1175 47 20 året
692 1174 121 28 förbjudet.

347 1215 66 20 Visar
433 1215 149 27 erfarenheten
604 1217 33 18 att
658 1215 39 20 den
707 1213 186 29 fridlysningstid,

272 1256 46 13 som
340 1250 68 26 ofvan
428 1250 30 19 är
475 1249 103 24 bestämd,
594 1249 101 27 behöfver
701 1249 46 27 för
759 1248 59 21 vissa
833 1248 65 20 delar

274 1284 30 26 af
315 1283 73 21 landet
403 1284 124 20 utsträckas
542 1284 54 20 eller
602 1283 122 28 förkortas,
739 1283 52 20 eller
799 1282 96 27 påkalla

274 1317 201 28 ortsförhällanden
490 1318 54 21 eller
556 1318 72 20 andra
638 1316 182 28 omständigheter
821 1317 75 26 fram-

273 1352 58 21 deles
349 1351 142 27 stadganden,
513 1351 113 28 angående
637 1352 56 28 jagt
715 1351 14 20 å
751 1353 69 18 annat
841 1350 57 21 vildt

275 1388 28 18 än
318 1386 44 21 här
375 1386 128 21 omnämnät
521 1386 78 28 blifvit,
614 1393 51 20 eger
679 1386 91 21 Senaten
781 1388 34 18 att
824 1385 73 21 derom

274 1420 106 21 särskildt
387 1420 120 27 förordna.

207 1459 203 19 Ekonomiutskottets
422 1459 124 19 betänkande
558 1460 35 18 N:o
606 1460 27 18 16.
