1048 1731
311 130 231 20 Petitionsbetänkande
558 131 37 18 N:o
610 130 33 20 26.
813 129 12 19 7

99 199 43 20 gan
158 192 6 20 i
180 192 105 21 utskottet
308 192 85 21 erhållit
417 192 77 21 ställer
516 191 120 22 emellertid
653 194 58 19 utom
727 191 79 26 tvifvel,
823 193 32 19 att

100 226 26 21 de
142 229 77 18 tvenne
234 226 82 27 platser
337 226 75 27 hvarje
428 226 25 21 af
465 227 26 20 de
507 226 153 27 provisionella
675 226 179 27 förlossningsan-

100 261 104 22 stalterna
220 261 32 20 för
268 261 136 21 närvarande
420 262 51 26 äger
487 261 131 21 åtminstone
632 261 48 21 icke
695 261 58 21 inom
764 260 44 22 alla
818 260 36 21 län

100 297 33 20 stå
147 296 6 20 i
170 295 134 21 förhållande
320 295 32 21 till
368 295 83 21 antalet
465 295 204 28 hjelpbehöfvande.
695 295 42 21 Att
747 300 107 22 noggrant

99 330 66 21 fixera
186 329 82 22 antalet
283 330 106 27 behöfliga
405 330 133 27 sjukplatser
552 330 56 21 låter
623 330 31 27 sig
670 329 33 22 för
718 330 136 21 närvarande

100 365 47 20 icke
162 365 60 26 göra,
237 365 28 20 då
281 365 71 26 någon
368 364 49 21 fullt
434 365 65 20 säker
515 364 123 21 erfarenhet
653 364 48 21 icke
716 364 43 21 kan
770 364 83 21 hemtas

100 399 48 21 från
164 399 26 21 de
205 399 55 21 blott
276 399 33 21 för
325 399 68 27 ogifta
409 399 92 22 kvinnor
516 399 92 22 afsedda
630 397 223 28 förlossningsanstal-

99 437 68 18 terna.
198 433 48 22 Med
262 434 99 21 säkerhet
384 433 40 22 har
443 433 55 22 dock
514 433 153 27 konstaterats,
683 436 32 19 att
732 433 100 21 behofvet
847 432 7 20 i

99 468 121 21 förberördt
235 468 101 22 afseende
351 469 59 20 inom
427 469 58 20 olika
500 468 36 21 län
554 469 25 20 är
594 468 135 28 synnerligen
742 468 111 21 vexlande.

100 503 28 21 Så
143 503 39 21 har
198 504 68 20 under
281 504 24 20 år
323 503 53 22 1886
392 503 36 22 vid
443 503 253 27 förlossningsanstalten
715 503 4 20 i
736 502 63 22 Wasa
809 503 45 21 vår-

100 539 48 21 dats
168 539 19 25 8,
210 538 35 22 vid
261 538 107 21 anstalten
385 538 6 20 i
409 538 87 27 Wiborg
512 539 34 25 30,
563 538 7 20 i
585 538 85 27 Kuopio
685 538 26 21 31
729 538 40 21 och
785 538 7 20 i
807 532 46 26 Åbo

99 573 26 21 57
142 573 111 27 patienter.
270 572 173 22 Vidkommande
458 573 97 27 Nylands
570 572 38 22 län
618 574 51 26 äger
679 574 37 20 det
727 572 7 21 i
744 574 41 20 den
796 574 59 19 stora

100 607 267 27 barnbördsinrättningen
388 608 7 20 i
412 607 161 22 hufvudstaden
589 615 25 13 en
631 607 82 22 anstalt
728 607 34 21 för
777 607 78 27 ifråga-

100 643 94 21 varande
210 642 107 26 ändamål,
341 642 87 21 hvilken
445 642 55 21 dock
516 642 18 28 ej
552 642 43 22 kan
612 642 89 28 erbjuda
717 643 70 26 någon
802 642 53 27 jem-

100 677 77 21 förelse
200 678 48 20 med
264 677 26 21 de
306 677 36 21 vid
357 676 171 28 länesjukhusen
551 677 109 21 inrättade
675 677 179 27 förlossningsan-

100 712 111 25 stalterna,
227 713 51 19 enär
293 712 42 21 den
352 719 84 14 samma
455 713 24 20 är
499 712 76 21 afsedd
594 712 34 21 för
644 712 66 21 delvis
726 712 45 20 helt
786 712 69 21 andra

100 746 98 28 syftemål
214 748 26 20 än
257 748 63 20 dessa
340 747 155 27 inrättningar,
519 747 109 27 nämligen
647 746 33 22 för
695 746 60 23 såväl
770 746 85 22 läkare-

100 788 45 14 som
161 781 330 28 barnmorskeundervisningen.

167 833 70 21 Jemte
253 834 36 21 det
307 833 108 21 utskottet
438 840 71 20 anser,
532 836 32 19 att
580 834 42 20 den
638 834 70 26 gamla
723 833 130 21 bestämnin-

97 874 42 20 gen
162 875 35 14 om
217 868 26 21 de
269 868 66 28 ogifta
357 867 212 23 barnföderskornas
591 868 138 22 uteslutande
752 868 103 27 rättighet

98 905 33 18 att
146 902 7 21 i
169 903 26 21 de
206 902 145 28 provisonella
365 902 137 22 anstalterne
517 903 92 27 intagas,
621 902 86 22 hvilken
718 903 137 27 bestämning

98 937 114 26 föranledt,
235 939 32 19 att
285 937 56 28 gifta
356 937 94 22 kvinnor
465 937 63 22 äfven
544 938 36 21 vid
596 938 63 21 svåra
673 937 181 28 förlossningsfall

98 972 76 21 nekats
196 972 96 22 tillträde
315 972 32 21 till
363 973 27 20 de
406 979 89 19 samma,
519 972 48 21 icke
582 973 74 21 vidare
675 973 38 21 bör
728 972 126 26 bibehållas,

97 1007 37 21 vill
152 1007 105 21 utskottet
280 1007 71 21 derför
373 1008 136 21 understöda
529 1009 26 20 de
574 1007 147 28 föreliggande
745 1007 108 27 förslagen

98 1048 34 14 om
148 1042 95 21 ökandet
258 1041 24 22 af
295 1041 176 28 sjukbäddarnas
494 1042 60 21 antal
570 1042 7 21 i
593 1043 25 20 de
634 1043 35 21 vid
684 1042 168 21 länelasaretten

97 1076 109 21 inrättade
228 1076 286 27 förlossningsanstalterna.
546 1077 81 21 Härvid
643 1083 63 15 anser
722 1077 31 27 sig
769 1077 84 20 utskot-

98 1113 31 19 tet
145 1110 52 22 böra
212 1111 121 26 framhälla,
357 1113 32 20 att
411 1111 74 28 dylika
501 1112 83 21 mindre
608 1111 247 28 förlossningsanstalter

97 1145 67 21 borde
186 1145 117 22 förefinnas
325 1146 48 21 icke
396 1145 81 22 endast
495 1146 7 21 i
520 1146 257 25 läneresidensstäderna,
801 1148 52 19 utan

97 1180 91 21 inrättas
204 1180 63 21 äfven
283 1181 35 21 vid
334 1181 92 21 allmänt
442 1181 92 21 lasarett
549 1181 13 20 &
578 1181 68 21 andra
661 1183 57 18 orter
734 1182 5 18 i
751 1181 41 20 den
804 1181 49 20 män

96 1214 100 22 behofvet
212 1216 77 20 sädant
305 1215 92 21 kräfver.
430 1215 29 21 Sä
475 1216 67 25 torde,
559 1215 34 21 för
608 1217 32 20 att
655 1215 76 22 anföra
742 1217 31 19 ett
784 1221 69 15 exem-

97 1249 41 27 pel,
154 1249 8 20 i
177 1249 84 22 landets
276 1249 33 21 till
324 1250 176 21 innevänartalet
511 1251 70 26 tredje
592 1251 48 20 stad
651 1249 143 22 Tammerfors
805 1251 48 19 med

97 1283 48 21 dess
167 1284 78 21 talrika
268 1283 232 28 arbetarebefolkning
523 1291 27 15 en
570 1285 82 21 mindre
673 1284 179 27 förlossningsan-

97 1318 52 21 stalt
164 1318 118 28 lämpligen
297 1318 76 22 kunna
388 1319 119 28 förläggas.

165 1371 39 26 Dä,
227 1372 70 20 säsom
321 1371 63 22 ofvan
409 1373 95 26 antydts,
521 1373 37 20 det
574 1371 107 27 behöfliga
695 1372 84 21 antalet
795 1371 58 28 sjuk-

96 1406 84 21 bäddar
195 1406 13 20 &
223 1406 106 22 särskilda
345 1409 58 19 orter
418 1406 49 22 icke
483 1406 55 22 låter
554 1407 31 27 sig
600 1407 29 27 pä
645 1406 92 22 förhand
753 1407 48 21 med
818 1407 34 20 be-

97 1440 106 22 stämdhet
220 1441 113 27 fastställa,
358 1441 43 21 kan
418 1442 108 21 utskottet
542 1442 32 20 för
590 1443 26 19 de
632 1442 116 21 kostnader
764 1443 40 19 den
822 1441 29 21 fö-

165 1480 97 18 Allmänna
277 1482 166 17 Besvärsutskottes
456 1482 109 17 betänkande
579 1484 36 16 N:o
627 1484 29 16 21.
