1048 1731
324 116 210 24 Patitionsbetänkande
550 117 34 22 N:o
600 116 14 23 1.
662 136 3 9 ,
797 119 26 20 81

92 180 24 21 af
123 180 123 21 fdesamma
267 180 47 21 icke
333 181 83 20 kunnat
431 180 68 27 draga
514 179 71 28 någon
600 186 71 15 annan
686 180 99 22 bestämd
800 180 53 21 slut-

94 216 50 25 sats,
168 216 27 19 än
217 216 32 20 att
272 215 126 26 ytterligare
413 214 187 27 undersökningar
615 214 189 28 äroinödvändiga
819 213 34 22 för

95 250 33 20 att
150 249 133 28 ådagalägga
297 249 78 21 nämda
389 249 102 21 hamnars
507 249 101 21 inbördes
623 249 126 28 lämplighet
763 249 33 22 för
811 249 42 28 sjö-

96 283 77 22 farten.
196 283 31 22 Af
240 283 91 22 särskild
346 283 45 28 vigt
406 289 51 16 vore
473 285 32 20 att
521 283 23 21 få
558 283 150 27 utredt,*huru
723 284 50 27 lång
788 284 32 21 tid
830 283 24 22 af

96 318 47 22 året
158 319 63 21 dessa
235 318 135 26 hamnarjäro
381 318 122 27 navigabla,
513 317 108 22 beroende
632 317 24 22 af
664 317 187 22 isförhållandena.

168 353 62 21 Hvad
244 352 103 21 bibanans
362 352 34 21 till
412 352 83 21 Raumo
511 352 111 27 betydelse
636 352 6 21 i
653 352 68 21 lokalt
731 352 121 21 hänseende

93 386 40 22 och
159 387 48 21 dess
230 387 147 27 berättigande
392 386 29 27 på
435 386 70 27 grund
521 385 62 22 deraf
596 385 107 28 beträffar,
720 387 133 27 ådagalägga

94 421 26 21 de
143 421 7 20 i
172 421 241 26 petitionsmemorialen
434 421 90 26 intagna
546 420 137 27 uppgifterna
706 427 34 15 om
756 421 96 21 traktens

93 454 146 28 befolknings-
261 455 92 28 odlings-
376 455 40 22 och
439 455 216 21 affärsförhållanden
675 455 129 28 ojäfaktigt,
819 457 33 20 att

94 489 102 28 förslaget
212 496 33 15 om
261 496 26 15 en
301 490 79 22 bibana
396 489 33 22 till
444 490 84 21 Raumo
544 489 40 21 hör
599 489 34 21 till
648 489 54 27 dem,
718 490 74 22 hvilka
807 489 45 22 förr

95 524 54 21 eller
164 530 74 15 senare
253 524 85 27 påkalla
353 526 32 20 ett
401 524 180 28 förverkligande.
604 524 83 22 Raumo
703 524 48 22 stad
765 524 40 22 har
820 524 32 21 äf-

96 564 42 15 ven
160 558 57 22 velat
233 558 54 27 med
309 559 36 21 det
365 558 158 28 jämförelsevis
546 558 58 27 höga
621 558 100 28 beloppet
736 558 24 22 af
775 559 76 26 15,000

94 592 64 22 mark
180 592 82 28 årligen
283 594 67 20 under
365 594 27 20 40
409 593 34 21 års
459 593 32 21 tid
506 592 91 28 bidraga
612 593 33 21 till
661 592 111 28 företaget,
788 593 63 21 hvar-

95 628 60 20 utom
180 628 76 20 staden
278 628 39 20 och
339 627 106 21 särskilda
467 627 215 27 landsförsamlingar
703 627 101 27 utlofvat)
819 630 32 18 att

97 661 152 22 kostnadsfritt
270 662 70 21 lemna
362 662 46 21 dels
430 662 30 20 all
475 662 46 20 dels
537 662 76 21 endast
628 662 78 21 oodlad
721 662 33 21 för
767 662 83 27 jernvä-

94 702 41 21 gen
152 696 65 27 nödig
235 696 58 22 inom
308 697 62 21 dessa
384 696 127 22 kommuner
527 696 89 28 belägen
631 697 67 25 mark,
715 697 54 21 dock
783 696 68 22 under

96 730 159 28 förutsättning,
271 733 32 19 att
317 732 70 20 banan
402 731 81 27 bygges
499 731 112 28 samtidigt
626 731 48 21 med
687 731 115 27 jernvägen
816 731 34 21 till

95 764 137 28 Björneborg.
263 766 32 20 En
315 766 86 20 teknisk
416 766 161 27 undersökning
592 765 24 21 af
630 772 26 14 en
668 766 182 27 jernvägssträck-

97 799 52 27 ning
170 799 34 21 till
225 800 82 21 Raumo
323 800 39 20 har
376 800 107 21 utskottet
497 800 86 21 derföre
598 802 71 19 ansett
683 806 52 15 vara
749 800 50 21 fullt
813 800 36 21 be-

96 833 100 27 rättigad.

165 868 73 21 Under
253 868 158 28 förutsättning,
421 871 32 19 att
468 869 119 21 utskottets
603 869 79 27 förslag
697 876 35 14 om
739 869 111 27 jernvägs-

96 902 161 27 sträckningens
279 902 46 22 frän
347 902 146 22 Tammerfors
515 903 35 21 till
572 904 131 26 Björneborg
718 903 132 27 beläggande

99 936 49 21 med
166 936 73 22 arbete
253 937 24 21 af
290 937 120 22 Ständerna
425 937 92 28 bifalles,
535 938 33 21 fär
583 938 104 22 utskottet
702 938 28 27 pä
745 938 68 27 grund
829 937 23 21 af

97 971 36 22 det
148 971 66 28 sagda
228 972 108 21 vördsamt
351 971 88 22 föreslä:

301 1019 32 19 att
358 1017 125 21 Ständerna
505 1017 50 21 ville
578 1017 38 21 hos
638 1017 64 21 Hans
725 1017 125 28 Kejserliga

231 1051 103 28 Majestät
356 1052 8 20 i
387 1051 176 28 underdänighet
578 1051 97 26 anhälla,
691 1054 32 18 att
738 1051 70 21 under
823 1052 28 21 ti-

231 1085 40 21 den
283 1086 42 27 för
336 1086 133 27 jernvägens
485 1087 35 20 till
535 1085 135 29 Björneborg
685 1085 112 29 byggande
812 1085 39 21 och

230 1120 9 20 i
254 1120 41 21 den
309 1121 52 20 män
376 1120 124 28 ingeniörer
515 1120 77 21 kunna
607 1127 53 14 vara
672 1121 43 27 för
725 1120 126 21 ändamälet

229 1154 78 28 lediga,
321 1154 84 21 teknisk
420 1155 165 27 undersökning
601 1155 64 20 mätte
680 1155 128 20 verkställas
824 1155 31 26 af

226 1188 134 28 föreslagna
371 1189 264 27 jernvägssträckningar
646 1189 58 27 från
715 1188 135 28 Björneborg

230 1223 35 20 till
287 1223 72 27 Räfsö
382 1223 39 20 och
439 1223 61 27 från
520 1223 92 28 lämplig
624 1223 72 27 punkt
712 1223 13 20 &
741 1223 40 20 den
797 1222 54 27 blif-

230 1257 68 20 vande
320 1257 183 28 Björneborgska!
514 1257 122 28 jernvägen
652 1257 34 21 till
701 1257 84 21 Raumo
801 1257 50 20 stad

230 1291 39 20 och
293 1291 72 27 hamn,
383 1292 114 27 äfvensom
522 1294 33 18 att
580 1292 131 27 tillförlitlig
733 1291 117 27 utredning

221 1325 73 21 måtte
304 1325 162 21 åstadkommas
477 1333 34 14 om
521 1325 79 22 hamn-
609 1326 38 21 och
658 1325 192 28 isförhållandena

229 1359 37 21 vid
281 1360 81 21 nämda
377 1363 63 18 orter.

161 1458 186 22 Jernvägsutskottets
360 1458 111 17 betänkande
484 1459 34 17 N:o
529 1458 19 17 2.
