1048 1731
200 133 12 20 6
405 133 210 26 Petitionsbetänkande
632 135 32 23 N:o
681 135 11 22 1.

542 262 20 18 3.

241 325 58 22 Från
312 326 182 27 Borgareståndet
509 333 27 15 en
551 327 23 21 af
587 327 33 21 Hr
634 327 26 21 G.
677 327 23 21 F.
717 326 109 21 Snellman
840 326 91 27 ingifven

173 359 90 27 petition
287 359 80 27 derom,
390 361 33 20 att
445 367 25 14 en
493 360 80 21 bibana
595 362 85 20 snarast
701 360 84 27 möjligt
801 360 67 22 måtte
883 360 48 21 med

174 394 108 21 allmänna
304 394 70 21 medel
396 394 81 27 byggas
498 394 48 21 från
568 395 70 26 Lappi
660 394 80 21 station
760 395 33 20 till
808 394 125 26 Brahestad,

175 427 86 22 hvilken
276 428 7 21 i
299 427 154 28 originalskrift
467 430 25 19 är
507 428 24 21 så
546 429 98 26 lydande:

331 497 51 19 Till
398 497 140 24 Vällofliga
553 485 228 37 Borgareståndet.

245 548 70 19 Redan
338 548 32 19 vid
390 548 55 19 1882
461 548 32 19 års
509 549 101 24 landtdag,
627 549 25 19 då
668 548 112 20 Ständerna
795 549 78 19 beslöto
888 548 47 24 byg-

176 577 73 24 gandet
265 576 20 19 af
299 576 186 24 Uleåborgsbanan,
500 577 63 23 vägde
580 578 32 18 det
629 578 22 18 så
667 580 30 16 att
712 579 47 21 säga
775 577 26 24 på
817 578 28 18 ett
856 577 42 25 hår,
907 579 30 17 att

176 605 58 20 äfven
257 605 113 23 byggandet
385 604 21 20 af
420 610 23 14 en
460 605 72 19 bibana
548 605 51 19 ifrån
615 606 65 18 denna
695 606 30 18 till
742 606 69 18 staden
827 605 110 19 Brahestad

176 634 51 19 hade
250 633 66 19 blifvit
339 633 96 19 besluten.
467 634 78 18 Preste-
569 634 36 19 och
625 634 170 23 Borgareståndet
811 634 79 18 röstade
906 633 31 19 för

176 662 113 24 byggandet
305 662 22 18 af
341 662 66 18 denna
422 662 51 18 bana
489 662 5 18 i
511 662 140 24 sammanhang
667 662 44 19 med
727 662 139 19 hufvudbanan
883 662 54 18 och
926 658 14 32 i

176 690 149 24 Ridderskapet
348 690 37 19 och
407 690 64 19 Adeln
490 690 43 19 fans
550 697 23 12 en
591 692 55 18 stark
663 691 100 19 minoritet
779 690 31 19 för
826 691 111 18 densamma

177 718 36 25 (25
237 721 65 17 röster
325 721 52 16 emot
397 718 48 24 30);
461 725 42 12 men
519 722 101 20 gentemot
636 720 135 23 majoritetens
788 718 6 19 i
810 719 54 19 detta
880 718 58 20 ständ

178 750 50 16 samt
251 747 159 19 Bondeständets
433 748 65 18 beslut
515 748 6 18 i
537 750 83 16 motsatt
636 748 87 22 riktning
740 747 65 19 förföll
822 747 67 24 frägan
906 747 31 19 dä.

247 782 38 18 Vid
309 784 78 16 senaste
407 782 132 18 ständermöte
556 782 90 19 framhöll
662 784 165 22 representanten
843 781 31 19 för
889 781 48 19 Bra-

178 810 77 25 hestad,
279 812 30 16 att
332 810 34 18 det
382 816 34 12 var
432 816 22 12 en
475 810 89 23 lifsfräga
580 810 30 19 för
627 812 77 23 staden,
721 812 29 17 att
766 816 23 12 cn
803 809 136 23 jernvägsför-

178 838 91 20 bindelse
285 838 44 18 med
346 839 115 18 stambanan
479 838 33 19 vid
528 838 64 24 Lappi
608 839 73 19 station
699 838 23 19 sä
737 841 56 15 snart
808 844 40 12 som
864 838 75 23 möjligt

179 867 76 19 komme
280 866 29 19 till
333 867 64 19 stånd.
428 867 112 19 Petitionen
563 873 51 13 vann
639 867 110 19 cmellertid
772 867 43 19 icke
837 867 102 23 jernvägs-

179 896 108 18 utskottets
312 896 121 23 tillstyrkan,
457 895 82 19 oaktadt
562 896 98 18 utskottet
679 895 63 23 ansåg
757 895 70 23 många
842 895 43 18 skäl
900 894 41 19 tala

181 924 31 19 för
228 924 65 19 denna
309 924 78 23 bibana;
403 924 37 19 och
457 924 78 19 ståndet
551 927 60 21 antog
627 924 108 19 utskottets
751 923 131 20 betänkande.

250 958 30 19 De
303 958 22 19 af
346 958 133 24 petitionären
503 958 25 19 då
551 958 124 23 framhäilna,
692 960 58 21 tungt
769 958 87 23 vägande
872 957 68 19 skälen

180 986 32 20 för
235 987 65 18 denna
323 987 82 18 bibanas
429 987 101 24 byggande
551 987 31 19 för
598 990 75 16 statens
691 986 91 25 räkning,
798 986 65 19 hvilka
879 985 62 19 finnas

180 1015 81 24 angifna
287 1015 6 18 i
318 1015 218 24 petitionsmemorialet
559 1021 26 14 ss.
610 1015 81 19 55—59
713 1015 6 18 i
735 1014 206 23 Jernvägsutskottets

182 1043 221 24 petitionsbetänkande
429 1044 38 20 N:o
493 1043 10 20 1
530 1044 35 19 vid
590 1045 121 22 landtdagen
737 1042 61 26 1885,
817 1042 58 19 hafva
890 1045 52 16 ännu

182 1078 73 13 samma
271 1072 62 19 valör,

252 1106 30 19 Då
303 1106 37 18 den
357 1106 108 19 förnämsta
481 1107 56 18 delen
554 1106 22 19 af
590 1107 80 19 stadens
686 1105 171 22 handelsområde,
873 1105 25 23 pä
914 1105 29 18 ett

182 1134 80 19 afständ
281 1134 21 19 af
317 1135 54 18 circa
385 1134 12 19 3
414 1135 33 18 mil
463 1135 50 18 ifrån
530 1135 77 25 staden,
623 1134 142 24 genomskäres
781 1133 21 19 af
817 1139 23 12 en
854 1133 89 24 jernväg,

183 1169 40 13 som
248 1163 59 18 berör
330 1163 157 23 grannstäderna
507 1164 7 18 i
530 1169 47 13 norr
594 1163 36 19 och
647 1164 66 19 söder,
730 1163 52 18 inses
799 1162 37 18 lätt
851 1164 29 15 att
895 1161 48 19 Bra-

182 1191 71 19 hestad
276 1192 35 18 har
335 1192 56 23 ringa
413 1192 60 23 utsigt
496 1194 29 17 att
547 1192 57 19 bestä
624 1192 6 18 i
651 1192 66 18 denna
733 1192 77 22 ojemna
825 1189 59 20 täflan
901 1189 43 19 med

183 1220 58 19 dessa
265 1221 73 19 städer,
369 1220 110 19 Brahestad
495 1223 22 16 är
533 1220 51 19 ändå
600 1221 5 17 i
622 1220 95 19 afseende
734 1219 11 19 å
761 1219 118 24 folkmängd,
896 1218 49 19 han-

183 1249 32 18 del
237 1249 36 18 och
289 1249 85 18 industri
391 1251 50 16 samt
456 1248 286 23 förmögenhetsförhällanden
760 1247 21 19 af
795 1253 22 13 en
835 1247 59 18 sådan
910 1247 34 18 be-

183 1277 84 23 tydelse,
291 1280 29 15 att
339 1277 34 18 det
389 1277 16 23 ej
422 1277 39 18 kan
477 1283 46 12 vara
540 1277 43 18 med
599 1277 77 18 landets
693 1277 98 18 intressen
809 1275 92 23 förenligt
917 1277 29 16 att

184 1305 66 18 denna
266 1306 45 17 stad
326 1305 26 24 på
367 1306 62 22 grund
446 1305 20 19 af
481 1305 145 19 ofvannämnda
642 1304 173 20 missförhållande
831 1303 35 24 går
877 1303 68 19 under.

254 1339 85 18 Stadens
363 1339 113 24 folkmängd
499 1340 92 23 utgjorde
610 1339 22 19 år
648 1338 56 20 1880
721 1337 62 26 3,000
799 1343 95 18 personer
910 1337 37 19 och

185 1367 23 20 år
225 1367 54 20 1886
295 1367 64 23 3,076
374 1373 103 19 personer;
493 1368 77 19 således
586 1374 23 13 en
627 1373 30 14 om
674 1367 39 19 ock
729 1367 56 23 ringa
801 1366 82 19 tillväxt.

253 1402 36 18 Att
313 1402 80 19 stadens
414 1402 71 19 handel
501 1402 37 19 och
554 1402 103 24 betydelse
673 1407 43 13 som
732 1400 92 19 trafikort
839 1400 63 18 under
917 1404 30 14 se-

184 1436 49 13 nare
258 1431 59 23 tider,
342 1430 83 19 oaktadt
448 1430 146 25 skeppsfarten,
618 1436 40 13 som
677 1429 65 19 under
758 1428 57 24 långa
831 1429 51 18 tider
897 1427 52 19 varit

186 1458 21 20 af
229 1464 24 13 en
278 1459 21 19 så
324 1459 101 19 storartad
448 1459 102 23 betydelse
567 1458 31 20 för
614 1459 76 22 staden,
709 1457 120 23 småningom
845 1456 26 24 på
885 1456 64 24 grund

253 1496 194 23 Jernvägsutskottets
459 1496 117 18 betänkande
589 1498 36 16 N:o
637 1496 18 18 2.
