1048 1731
267 115 24 20 10
446 112 239 24 Petitionsbetänkande
701 113 36 23 N:o
752 113 34 23 38.

375 175 89 22 komités
487 175 165 28 förberedande
673 175 87 22 arbeten
781 176 46 21 låta
841 175 98 22 utarbeta
955 175 37 21 och

369 205 44 27 för
429 204 124 21 Ständerna
563 204 121 28 förelägga
700 204 126 28 lagförslag
841 211 33 14 om
885 203 107 22 arbetares

374 232 129 27 sjukdoms-,
519 233 137 27 olycksfalls-
675 233 38 21 och
734 231 257 28 ålderdomsförsäkring.

307 297 124 24 Helsingfors
447 297 38 20 den
501 296 12 20 3
530 297 88 20 februari
634 297 61 20 1888.

309 360 80 19 Wald.
405 360 110 25 Eneberg.
702 361 27 18 K.
743 361 21 25 J.
781 360 114 25 Högman.

310 394 82 20 Viktor
407 394 105 25 Löfgren.
701 394 85 21 Ossian
803 394 118 25 Bergbom.

307 553 42 21 Vid
366 553 129 27 granskning
511 552 23 22 af
548 553 40 21 och
602 553 122 27 jemförelse
739 553 91 22 emellan
845 552 150 26 ofvanintagna

239 587 37 22 två
298 587 189 27 petitionsförslag,
511 588 39 20 har
574 588 35 20 det
632 587 46 22 icke
697 588 82 20 kunnat
794 587 72 27 undgå
881 587 114 21 utskottets

240 622 197 26 uppmärksamhet,
457 623 32 20 att
505 622 70 27 syftet,
592 622 119 21 beredande
727 622 23 21 af
764 628 26 14 en
805 623 98 25 tryggare
919 621 76 21 ekono-

240 656 57 21 misk
319 656 103 26 ställning
443 656 34 21 för
500 656 207 27 kroppsarbetarene
729 656 8 21 i
760 656 80 24 landet,
857 658 23 18 är
894 656 33 21 för
941 654 56 22 båda

242 690 107 27 förslagen
371 692 138 25 gemensamt,
532 690 111 21 hvaremot
666 690 25 22 de
714 690 7 21 i
742 690 99 21 afseende
857 690 13 21 å
885 690 65 21 sättet
964 689 33 21 för

243 724 78 22 målets
346 724 105 22 ernående
477 724 31 26 sig
534 724 90 21 emellan
648 724 69 22 förete
740 724 131 27 väsendtliga
887 724 110 21 olikheter.

243 758 78 22 Medan
344 758 36 22 det
394 758 69 22 första
481 758 108 28 förslaget,
606 765 45 15 som
668 758 32 22 till
715 759 38 21 sitt
769 758 84 27 omfång
868 760 23 19 är
905 760 92 24 trängre,

244 793 7 21 i
273 793 36 21 det
332 794 33 20 att
388 792 85 22 dermed
497 792 79 28 åsyftas
596 793 76 21 endast
687 792 67 27 ogifta
769 792 129 27 tjenstehjon
912 792 40 22 och
966 798 33 15 ar-

243 827 82 26 betare,
341 826 56 22 afser
413 826 199 22 åstadkommandet
628 827 22 21 af
664 833 25 15 en
705 826 230 28 sparkasseinrättning
949 826 50 22 med

244 860 155 28 obligatoriska
420 861 148 27 insättningar,
591 862 52 20 utan
660 862 99 20 närmare
775 860 124 27 angifvande
914 860 23 22 af
949 866 50 16 vare

245 895 32 27 sig
291 895 137 27 garantierna
450 895 33 21 för
499 895 155 27 inrättningens
670 895 94 21 soliditet
779 895 52 21 eller
846 895 107 26 principen
967 894 32 22 för

245 936 27 15 en
287 930 142 21 insättarenes
445 931 43 20 rätt
503 930 143 27 betryggande
661 930 130 27 förvaltning
806 929 39 22 och
859 931 52 20 utan
921 931 32 20 att
964 935 36 16 ens

247 971 26 14 en
295 964 94 27 antydan
411 964 143 21 förekommer
573 971 34 14 om
622 964 152 27 grunddragen
789 963 24 22 af
826 965 40 20 den
881 965 44 20 rätt
940 964 59 21 desse

245 998 85 22 komme
345 999 33 20 att
393 998 139 21 tillerkännas
547 999 48 20 med
610 998 82 27 hänsyn
708 998 32 21 till
752 998 175 27 besparingarnes
937 997 63 22 fram-

246 1033 45 20 tida
306 1032 199 27 tillgodonjutande,
521 1032 95 21 ansluter
631 1033 31 26 sig
678 1033 37 21 det
729 1038 76 15 senare
821 1032 100 27 förslaget
932 1032 69 21 direkt

248 1067 32 20 till
303 1066 109 27 principen
435 1073 34 14 om
491 1066 140 27 obligatorisk
646 1066 220 27 arbetareförsäkring
882 1067 64 26 enligt
961 1066 41 21 den

247 1101 70 26 grund
332 1100 40 21 och
388 1100 132 27 omfattning,
537 1107 44 14 som
596 1101 110 21 allaredan
719 1101 74 21 vunnit
804 1101 132 26 tillämpning
945 1101 56 20 inom

248 1135 108 26 åtskilliga
379 1135 24 20 af
418 1135 97 26 Europas
531 1136 58 20 stora
604 1135 157 25 kulturländer,
777 1135 38 22 der
829 1134 173 27 arbetarefrågan

248 1169 67 21 redan
338 1169 61 26 länge
423 1169 54 21 stått
499 1169 27 26 på
546 1169 159 28 dagordningen
721 1169 70 22 såsom
807 1171 31 20 ett
853 1169 23 22 af
889 1169 113 22 samtidens

249 1203 112 27 vigtigaste
378 1203 79 21 sociala
472 1203 119 27 spörjsmål.

318 1237 41 21 Vid
381 1237 58 22 valet
461 1237 89 22 emellan
571 1238 63 21 dessa
649 1237 56 22 båda
720 1237 187 27 petitionsförslag,
923 1238 33 21 för
971 1237 32 22 så-

249 1272 46 21 vidt
311 1272 36 21 det
361 1271 54 27 gällt
431 1273 34 22 att
477 1272 63 27 lägga
555 1272 101 27 antingen
671 1273 36 20 det
721 1278 41 15 ena
778 1272 51 21 eller
844 1272 36 21 det
895 1272 66 21 andra
971 1272 33 21 till

250 1306 69 27 grund
334 1305 33 22 för
384 1306 212 27 öfverläggningarna
611 1307 6 20 i
632 1306 81 27 frågan,
730 1306 40 21 har
785 1306 104 21 utskottet
899 1308 51 19 utan
960 1308 44 19 tve-

250 1341 43 20 kan
309 1340 92 21 bestämt
417 1341 31 26 sig
463 1340 32 21 för
515 1340 36 21 det
566 1347 82 18 senare,
664 1340 39 21 och
719 1340 60 21 detta
795 1339 23 22 så
833 1339 84 28 mycket
931 1340 73 27 hellre,

251 1381 45 15 som
311 1373 66 28 syftet
391 1374 49 22 med
454 1374 36 22 dei
509 1374 59 22 förra
583 1375 122 27 derigenom
720 1374 146 28 väsendtligen
881 1374 62 22 äfven
957 1374 48 22 blif-

251 1416 37 15 ver
303 1408 143 27 tillgodosedt.

319 1448 202 18 Ekonomiutskottets
534 1448 118 18 betänkande
664 1448 35 18 N:o
713 1448 27 18 18.
