1048 1731
306 120 242 24 Petitionsbetänkande
563 121 37 22 N:o
616 121 14 24 I,
792 122 27 20 19

87 185 103 24 Wesanto,
214 184 135 24 Hankasalmi,
370 185 73 18 Multia
463 185 37 19 och
515 185 132 23 Haukivuori,
663 185 109 24 hvarjemte
787 185 62 20 Wasa

88 213 178 23 stadsfullmäktige
289 213 31 18 till
342 213 117 24 regeringen
482 213 113 19 inlemnade
614 219 24 13 en
654 213 87 20 särskild
757 214 92 19 anhällan

88 247 32 14 om
135 247 73 14 samma
223 241 43 20 sak.

154 275 28 20 Af
196 275 49 24 skäl,
262 275 67 19 hvilka
343 275 30 19 till
389 275 77 19 förmån
482 275 33 20 för
530 275 152 24 ifrågavarande
693 275 156 24 bansträckning

89 304 83 25 anförts,
188 307 71 16 nämna
275 304 18 18 vi
309 303 69 20 främst
393 304 40 23 det,
451 310 41 13 som
507 306 24 17 är
546 304 22 19 af
582 305 72 18 allmän
670 307 59 16 natur
740 305 37 19 och
791 305 58 19 äfven

88 333 22 20 af
124 332 177 24 stadsfullmäktige
321 333 2 18 i
338 332 62 19 Wasa
422 333 66 18 säsom
511 333 90 19 särdeles
624 333 78 19 talande
723 333 126 20 framhällits.

88 361 75 20 Genom
186 362 65 19 denna
271 361 83 24 jernväg
376 361 80 24 bringas
477 362 24 18 de
522 363 56 17 östra
597 361 37 20 och
650 364 67 17 vestra
732 362 81 19 delarne
829 361 22 20 af

88 391 68 18 landet
171 391 6 18 i
193 390 92 23 beröring
300 390 44 19 med
359 389 120 26 hvarandra,
495 390 128 23 hvarigenom
634 390 33 19 det
678 390 103 19 inhemska
792 396 57 13 varu-

88 419 78 24 utbytet
181 419 7 18 i
203 418 38 23 hög
256 418 49 23 grad
320 418 63 19 skulle
395 418 112 25 befordras,
523 419 7 18 i
547 419 107 23 synnerhet
668 419 44 18 med
728 419 75 24 hänsyn
820 418 29 19 till

91 447 58 20 dessa
163 447 131 28 landsdelars
315 447 80 18 alldeles
417 447 112 19 olikartade
545 447 127 24 produktion.
703 447 146 19 Kuststräckan

90 475 45 20 från
158 475 44 19 Åbo
223 475 36 19 och
279 475 132 19 Tammerfors
431 481 40 18 upp
487 476 30 19 till
533 475 102 24 Uleåborg
650 477 22 18 är
687 476 76 19 härden
779 475 31 20 för
825 481 24 14 en

91 504 59 24 riklig
165 504 108 24 spanmäls-
283 504 36 20 och
329 503 94 20 industri-
435 507 51 16 samt
499 504 249 26 handslöjäsproduktion;
760 504 24 20 de
795 506 55 18 östra

91 533 81 19 delarne
188 533 89 19 deremot
291 533 120 23 frambringa
427 532 167 24 hufvudsakligen
610 533 105 19 allehanda
731 534 68 22 skogs-
813 532 37 20 och

91 561 222 24 ladugärdsprodukter.
337 562 47 18 Man
399 561 36 19 har
451 562 105 21 beräknat,
573 564 30 16 att
618 564 13 18 t.
648 568 30 14 ex.
692 562 3 18 i
705 562 93 24 England
813 562 37 18 den

91 590 103 19 inhemska
209 590 238 23 handelsomsättningens
463 591 60 18 värde
540 593 23 16 är
579 592 12 17 3
608 590 12 19 &
635 588 46 28 31/,
691 590 74 24 gånger
775 590 23 20 sä
809 593 42 16 stor

92 624 42 14 som
149 618 237 24 handelsomsättningens
405 619 44 19 med
465 619 98 25 utlandet,
579 619 29 19 uti
623 619 66 23 Tyska
703 619 148 23 kejsaredömet

92 646 49 27 21/,
156 648 12 18 4
183 646 12 20 3
212 647 79 24 gånger,
307 647 28 19 uti
351 647 112 19 Frankrike
478 647 84 24 ungefär
578 648 47 23 lika,
642 648 27 18 uti
684 647 82 24 Belgien
777 648 18 22 ej
807 647 44 19 fullt

92 676 33 19 tvä
140 676 80 23 gänger.
250 676 35 19 Om
301 676 150 19 förhällandena
467 676 6 18 i
489 676 87 19 Finland
592 678 35 17 äro
644 676 129 24 annorlunda,
789 676 62 23 ligger

93 704 85 20 orsaken
194 704 65 19 dertill
274 705 29 18 uti
319 704 108 24 olämpligt,
438 705 71 19 endast
525 704 44 19 från
584 710 49 13 norr
648 704 29 19 till
693 704 59 20 söder
768 704 84 24 anlagda

92 733 241 19 kommunikationsleder.
364 733 34 19 Uti
415 735 43 17 stor
474 734 72 22 mängd
561 733 125 24 importeras,
697 733 66 19 såsom
773 732 78 20 tullför-

92 762 141 23 teckningarne
249 762 127 23 ådagalägga,
391 767 64 17 varor,
472 762 69 19 hvilka
551 762 93 23 antingen
655 762 61 18 redan
730 762 122 23 produceras

93 790 48 20 eller
155 790 102 24 lätteligen
272 790 66 19 kande
353 790 122 24 produceras
489 790 7 19 i
506 790 120 23 hemlandet,
637 790 36 19 och
684 790 97 23 klarligen
792 790 61 22 inses,

94 820 29 18 att
138 819 38 19 den
191 819 102 19 inhemska
308 818 86 20 handeln
410 819 17 23 ej
444 818 40 20 kan
501 819 93 19 utveckla
610 819 36 23 sig,
662 819 58 18 innan
738 818 115 23 förändring

93 848 7 18 i
115 846 93 20 afseende
225 847 11 19 å
251 847 264 20 kommunikationslederna
538 848 54 22 sker,
608 848 83 18 sålunda
713 849 30 17 att
762 846 91 24 nordliga

94 876 64 19 ändan
178 876 22 18 af
218 876 95 24 Päijänne
335 876 34 19 vid
390 876 110 24 Jyväskylä
520 878 52 17 samt
592 876 24 19 de
631 876 90 22 nordliga
737 875 80 19 delarne
834 874 21 20 af

94 904 65 20 Saima
174 906 162 22 vattensystemet
351 904 33 19 vid
399 904 80 24 Kuopio
495 905 38 19 och
548 904 90 19 Joensuu
652 904 78 19 komma
740 904 18 24 ej
769 904 86 18 allenast

93 933 7 19 i
115 932 91 24 förening
221 933 44 19 med
278 933 149 24 jernvägsnätet
442 935 49 17 utan
507 933 59 20 äfven
584 938 70 19 genom
668 933 82 24 jernväg
765 932 6 19 i
786 932 68 19 inbör-

94 961 35 20 des
144 961 122 20 förbindelse
282 961 44 20 med
341 961 119 20 hvarandra.

161 995 58 20 Hvad
241 995 94 20 beträffar
356 995 153 20 förhållandena
529 996 7 19 i
556 996 24 19 de
604 995 82 22 trakter,
703 1001 69 18 genom
787 994 68 20 hvilka

94 1023 151 24 ifrågavarande
259 1025 84 23 jernväg
357 1030 47 13 vore
427 1024 72 19 afsedd
515 1027 31 16 att
561 1025 78 23 dragas,
655 1024 41 19 tala
711 1023 58 20 äfven
785 1023 24 19 de
825 1023 30 19 af-

94 1053 67 24 gjordt
176 1053 30 18 till
221 1052 77 19 förmån
313 1052 32 19 för
365 1053 120 20 densamma.
516 1053 150 23 Folkmängden
682 1053 6 18 i
704 1053 59 18 dessa
778 1051 77 20 trakter

94 1081 37 19 har
145 1081 63 19 under
223 1081 25 19 de
264 1083 78 17 senaste
357 1081 120 19 årtiondena
492 1082 80 19 tillväxt
587 1081 97 19 snabbare
700 1083 24 16 än
741 1081 29 18 uti
785 1081 24 18 de
820 1079 35 20 fle-

95 1111 31 18 sta
141 1109 63 19 andra
219 1109 56 19 delar
290 1109 22 20 af
325 1110 74 23 landet,
415 1109 74 20 hvaraf
503 1110 66 19 såsom
585 1115 23 14 en
625 1109 50 24 följd
685 1109 120 24 exempelvis
816 1108 39 19 kan

94 1140 88 23 nämnas,
206 1139 29 18 att
257 1138 94 19 Laukkas
374 1139 94 23 domsaga
491 1139 80 24 nyligen
595 1139 63 18 delats
673 1138 7 19 i
695 1138 33 19 två
744 1138 112 22 domsagor.

94 1165 200 21 Medelfolktätheten
318 1169 29 23 är,
363 1167 65 19 såsom
453 1167 30 18 uti
505 1167 194 24 jernvägsutskottet
721 1166 34 19 vid
777 1168 81 17 senaste

94 1195 96 23 landtdag
204 1195 67 19 zonvis
287 1195 100 19 anställda
399 1195 129 24 jemförelser
543 1195 116 25 ådagalade,
670 1195 41 18 lika
721 1197 44 16 stor
775 1199 42 14 som
827 1193 31 19 uti

94 1223 25 19 de
134 1222 58 20 flesta
207 1223 62 20 andra
284 1224 57 19 delar
355 1224 22 19 af
390 1224 75 25 landet,
482 1224 82 19 hvarest
577 1225 107 22 jernvägar
697 1223 65 19 blifvit
772 1222 85 24 byggda.

94 1251 110 24 Jyväskylä
219 1252 45 19 stad
274 1254 29 23 är,
315 1252 125 19 oberäknadt
454 1253 182 18 läroanstalternas
652 1252 71 25 elever,
739 1252 46 17 näst
799 1250 58 19 Tam-

94 1279 90 24 merfors,
208 1280 79 25 Kuopio
311 1280 37 20 och
370 1281 125 19 Tavastehus
511 1281 38 18 den
565 1282 75 17 största
655 1280 22 19 af
689 1279 99 20 inlandets
804 1279 53 18 åter-

95 1309 81 20 stående
192 1309 33 19 nio
241 1309 75 26 städer,
331 1309 137 19 hvarförutom
485 1309 59 20 äfven
560 1309 52 20 elfva
627 1309 115 19 kuststäder
757 1309 35 18 äro
808 1307 49 19 min-

94 1338 36 19 dre
146 1339 24 18 än
186 1337 115 24 Jyväskylä,
317 1338 62 19 ehuru
401 1338 111 24 Jyväskylä
528 1338 6 19 i
550 1337 94 20 afseende
661 1337 11 19 å
688 1337 56 19 ålder
760 1338 22 17 är
797 1341 25 14 en
838 1335 22 20 af

94 1366 78 20 landets
187 1368 72 22 yngsta
274 1367 73 19 städer.
378 1367 74 19 Staden
476 1369 24 17 är
523 1366 58 20 äfven
599 1371 70 19 genom
685 1366 42 19 sina
742 1365 71 23 många
828 1364 29 19 lä-

94 1395 128 24 roanstalter,
238 1395 77 19 hvilkas
331 1395 99 19 elevantal
452 1395 86 24 belöper
554 1395 30 23 sig
599 1394 31 20 till
652 1394 6 19 7
673 1395 13 19 &
701 1393 12 21 8
728 1393 84 22 hundra,
828 1392 30 19 äf-

95 1429 80 14 vensom
191 1429 70 18 genom
277 1424 34 18 sitt
331 1424 99 23 naturliga
452 1424 46 23 läge
515 1424 64 23 egnad
594 1425 30 17 att
639 1428 48 14 vara
702 1422 109 20 centralort
827 1420 32 20 för

95 1458 25 14 en
135 1452 110 19 vidsträckt
260 1452 98 20 landsdel.

164 1491 183 21 Jernvägsutskottets
360 1490 111 18 betänkande
485 1492 35 16 N:o
533 1490 17 17 2.
