1048 1731
199 165 13 21 6
353 165 70 21 Ständ.
440 165 44 22 Pet.
500 177 28 3 —
544 164 140 23 Petitionsbet.
701 165 35 21 N:o
751 164 27 21 11.

171 227 25 20 af
209 234 30 14 nu
255 227 112 27 befintliga
382 227 137 26 lotsdistrikt,
536 227 110 22 äfvensom
662 229 33 19 att
711 225 83 23 antalet
809 225 122 27 kustfartyg

171 262 62 20 torde
249 262 118 27 öfverstiga
383 262 84 21 antalet
483 262 24 21 af
521 262 72 27 dylika
608 262 71 27 fartyg
694 261 7 21 i
718 261 69 21 andra
803 259 92 21 distrikt.

237 295 66 25 Enär,
319 297 72 20 såsom
407 296 24 21 af
445 297 36 20 det
500 296 92 21 anförda
602 296 103 27 framgår,
717 294 102 27 samtliga
829 293 100 22 ofvanbe-

173 330 65 20 rörda
261 329 82 28 förslag
362 330 66 22 hafva
450 337 84 14 samma
556 331 100 27 syftemål
679 330 52 21 eller
745 328 150 21 förbättrande
910 326 24 22 af

172 363 257 28 sjöfartsförhållandena
451 365 29 26 på
503 365 95 26 Ladoga,
619 365 64 20 hafva
699 364 124 21 Ständerna
837 362 94 21 hvarken

172 401 72 18 ansett
272 399 32 27 sig
327 399 54 21 böra
403 400 52 27 ingå
477 399 6 20 i
507 399 121 29 detaljerad
651 399 102 27 pröfning
775 397 25 21 af
821 397 109 20 desamma

173 433 52 20 eller
240 433 58 26 gifva
313 434 67 26 något
396 434 25 21 af
434 435 47 20 dem
499 434 37 20 sitt
551 433 107 22 särskilda
672 433 81 21 förord.
785 431 32 20 Då
835 430 94 21 emeller-

172 467 32 20 tid
227 473 26 14 en
277 467 35 21 väl
335 469 84 20 ordnad
442 468 41 21 och
503 468 63 21 säker
582 468 76 27 sjöfart
673 468 29 26 på
716 467 92 25 Ladoga
823 465 32 27 sjö
871 466 24 19 är
910 464 25 21 af

173 504 55 18 stort
251 501 91 22 intresse
366 502 33 21 för
424 502 49 21 hela
496 503 48 20 vårt
562 503 58 25 land,
637 501 145 28 synnerligast
798 507 45 13 som
859 500 72 20 denna

174 536 76 27 sjöfart
270 536 33 21 för
319 538 136 20 närvarande
471 537 56 21 visar
542 544 26 14 en
584 538 91 20 tendens
691 536 33 21 till
741 534 86 27 lifaktig
843 533 87 22 utveck-

173 570 53 27 ling,
247 572 61 20 torde
329 572 26 20 de
371 571 72 25 behof,
459 571 85 21 hvilkas
560 571 94 27 fyllande
670 570 44 22 alla
729 569 65 21 ofvan
811 568 120 21 relaterade

174 604 81 28 förslag
270 608 136 24 gemensamt
421 606 52 25 afse,
489 606 158 26 otvifvelaktigt
661 605 106 27 föreligga
778 606 56 18 samt
844 602 88 28 påkalla

175 639 130 27 vidtagande
321 640 25 21 af
359 640 102 27 åtgärder
475 640 8 20 i
499 647 26 14 en
542 640 51 21 eller
608 647 72 14 annan
697 640 62 20 form.

241 674 31 20 På
286 675 72 26 grund
373 674 25 21 af
411 675 37 21 det
463 674 65 22 ofvan
543 674 92 21 anförda
650 674 22 21 få
687 674 126 21 Ständerna
826 671 107 21 underdå-

174 708 57 26 nigst
247 708 94 26 anhålla,

391 763 30 18 att
444 761 69 21 Eders
528 760 123 28 Kejserliga
666 760 105 27 Majestät
785 758 49 20 ville
847 758 86 26 vidtaga

316 795 103 27 lämpliga
442 796 101 27 åtgärder
565 796 33 20 till
616 794 153 28 befrämjande
785 793 30 27 af
827 792 108 28 sjöfarten

309 830 31 27 på
355 830 96 27 Ladoga.

244 874 106 22 Finlands
366 875 94 22 Ständer
475 876 125 21 framhärda
615 878 41 18 etc.

246 921 141 28 Helsingfors,
405 924 41 20 den
463 924 24 19 31
505 922 41 27 maj
565 922 61 21 1888.

228 1477 121 23 Helsingfors,
363 1477 18 17 J.
394 1464 69 40 Simelii
470 1463 108 41 arfvingars
591 1461 241 42 boktryckeri-aktiebolag,
845 1476 50 16 1888.
