1014 1681
194 119 31 16 528
393 117 72 23 Nådiga
477 118 137 21 Propositionen
626 118 33 16 N:o
674 119 26 15 11.

296 181 17 20 1.
343 181 48 21 Den
409 188 44 14 som
471 181 127 21 misstänkes
617 184 33 17 att
672 181 65 28 hafva
760 181 72 28 begått
855 182 64 25 brott,

239 216 69 21 hvarä
323 215 120 29 dödsstraff
456 216 52 20 eller
527 215 92 26 tukthus,
639 215 52 21 dock
711 215 19 28 ej
748 215 68 21 under
836 216 35 20 två
887 216 32 25 år,

239 250 54 28 efter
317 250 35 28 lag
369 250 62 28 följa
454 249 51 26 kan,
528 249 55 21 skall
605 250 9 20 i
636 249 63 21 häkte
723 253 61 24 tagas
808 250 39 20 och
868 253 53 18 utan

239 284 106 29 dröjsmål
354 284 41 29 för
411 284 69 20 Rätta
495 285 82 20 ställas.

294 318 23 21 2.
346 318 131 22 Misstänkes
492 319 72 28 någon
580 321 32 18 att
628 318 65 29 hafva
709 318 73 28 begått
797 319 64 26 brott,
877 326 44 13 som

238 355 90 27 ringare
351 355 27 19 är
401 354 28 20 än
450 354 9 20 i
477 353 11 20 1
506 353 97 28 punkten
626 354 67 27 säges,
711 360 48 13 men
781 353 69 21 hvarä
869 353 53 21 dock

239 388 153 29 tukthusstraf
405 387 68 30 enligt
489 389 35 27 lag
535 388 60 29 följa
611 387 48 27 kan,
676 388 40 21 den
730 388 36 20 må
782 387 37 21 ock
834 389 9 20 i
859 387 62 22 häkte

240 427 68 25 tagas,
325 430 34 13 om
373 423 71 28 skälig
460 423 115 28 anledning
585 422 148 29 förekommer
749 425 32 18 att
797 422 76 29 befara
887 423 36 20 det

241 457 42 21 han
298 458 60 28 eljest
373 457 94 28 begifver
487 458 33 28 sig
534 458 32 27 på
579 457 82 28 flykten
681 458 51 20 eller
750 462 75 23 genom
839 457 84 21 undan-

240 492 107 28 rödjande
365 492 25 28 af
407 491 56 22 bevis
482 493 52 21 eller
553 492 101 28 egendom
673 492 93 21 hindrar
785 491 75 21 sakens
879 492 44 21 till-

216 548 2 2 =
241 527 86 28 börligä
342 526 123 28 utredning.

298 559 21 22 3.
350 559 77 22 Okänd
441 565 87 23 person,
544 567 45 14 som
603 561 153 28 undandrager
771 561 34 28 sig
821 563 32 18 att
871 568 53 21 upp-

240 596 62 27 gifva
323 595 39 20 sitt
380 602 65 13 namn
468 595 52 21 eller
539 595 34 21 sin
595 595 82 20 hemort
699 596 51 20 eller
771 598 45 18 mot
838 594 85 22 hvilken

241 625 72 33 skälig
328 629 117 28 anledning
457 629 147 29 förekommer
624 633 33 17 att
675 629 52 22 hans
745 629 87 29 uppgift
850 629 73 22 derom

243 666 27 19 är
286 672 72 18 osann,
373 665 42 25 mä,
432 665 35 20 till
481 665 46 20 dess
543 664 132 29 tillförlitlig
691 665 129 28 upplysning
835 665 9 20 i
859 664 63 28 sagde

242 699 117 24 hänseende
374 699 80 25 vinnes,
469 700 9 19 i
493 699 63 20 häkte
573 703 68 24 tagas,
658 699 58 21 ändå
731 702 32 17 att
779 699 64 25 brott,
860 699 64 20 hvar-

236 733 53 29 före
305 733 42 21 han
361 733 132 26 misstänkes,
510 733 75 22 endast
599 733 47 21 med
654 734 101 28 fängelse
771 733 86 28 belagdt
873 734 33 19 är.

298 767 19 21 4.
347 767 30 29 Ej
395 768 35 20 må
448 768 72 28 någon
538 768 69 21 såsom
621 767 116 21 misstänkt
752 767 83 27 häktas,
851 767 38 21 der
905 767 19 28 ej

241 802 116 23 misstanke
367 802 34 28 på
415 802 113 21 sannolika
544 801 48 22 skäl
606 802 102 29 grundad
723 803 33 20 är.

297 835 30 22 58
341 837 20 28 $.
390 837 145 21 Oförändrad.

524 900 28 17 11
563 900 78 22 Kap.

279 961 3 2 :
503 940 156 28 Slutstadganden.

300 978 29 23 59
345 980 37 21 och
397 979 31 22 60
443 980 33 28 $$.
505 980 155 22 Oförändrade.

300 1014 26 21 61
341 1015 19 27 8.
389 1014 77 22 Denna
479 1015 137 28 förordning
635 1015 62 21 träde
712 1015 10 20 i
735 1013 134 23 verksamhet
884 1015 40 21 den

231 1053 124 17 EEDEN
371 1047 42 23 187
427 1066 6 10 ,
453 1050 28 20 dä
501 1049 37 21 ock
557 1050 44 20 alla
616 1053 44 17 mot
675 1050 122 20 densamma.
812 1050 111 20 stridande

243 1083 65 22 äldre
320 1084 134 28 stadganden
469 1083 60 21 skola
543 1084 147 28 upphöra'att
704 1084 68 28 gälla.
794 1083 72 27 Brott,
879 1091 45 13 som

242 1118 152 28 dessförinnan
404 1118 120 28 föröfvats,
541 1125 46 13 men
596 1118 42 28 för
654 1118 80 21 hvilket
745 1118 64 28 straff
818 1118 29 21 dä
862 1119 19 27 ej
897 1120 27 19 är

243 1152 106 21 bestämdt
363 1159 74 21 genom
451 1153 78 27 utslag,
545 1159 45 14 som
604 1153 76 20 vunnit
696 1153 51 27 laga
761 1152 61 28 kraft
837 1153 53 20 eller
905 1153 20 28 ej

243 1186 152 29 öfverklagadt
409 1186 85 26 varder,
511 1186 55 22 skall
581 1186 37 21 ock
633 1187 54 28 efter
705 1187 71 21 denna
787 1186 138 29 förordning

217 1236 2 2 +
243 1221 148 27 8traffas,
363 1216 27 36 om
405 1221 36 19 det
455 1228 86 19 ansvar,
557 1228 44 12 som
615 1222 69 26 enligt
698 1221 41 20 den
757 1220 39 20 bör
817 1221 13 19 å
846 1221 79 19 brottet

237 1254 68 28 följa,
321 1255 27 19 är
363 1254 122 28 lindrigare
505 1256 28 18 än
551 1254 42 26 det,
613 1261 44 13 som
675 1254 86 29 derföre
779 1254 10 20 i
808 1254 61 21 äldre
889 1255 35 27 lag

235 1289 60 35 eller
305 1288 138 30 författning
458 1290 60 20 varit
533 1288 108 28 stadgadt.

231 1380 23 22 "I
261 1380 165 28 sammanhang.
443 1381 49 22 med
513 1380 185 29 bestämningarne
716 1381 32 22 uti
767 1383 27 20 40
813 1382 11 28 $
843 1381 24 22 af
885 1382 40 21 den

176 1415 123 29 föreslagna
312 1415 151 28 förordningen
478 1415 109 29 angående
606 1416 132 22 afskaffande
757 1416 24 22 af
797 1416 106 28 åtskilliga
918 1417 7 21 i

175 1450 36 28 lag
229 1451 81 21 utsatta
328 1449 120 23 straffarter
469 1450 40 22 och
532 1450 62 22 deras
616 1451 122 21 ersättande
760 1458 75 20 genom
857 1450 68 22 andra
