1000 1686
407 121 70 24 Nådiga
489 122 136 22 Propositionen
637 122 34 16 N:o
683 122 16 16 4.

246 186 186 28 utnämningsrätt
451 187 58 27 äger,
529 186 38 20 och
582 185 40 20 har
636 185 33 28 på
677 185 172 28 församlingens
865 184 63 28 begä-

246 227 42 13 ran
299 220 75 28 fjerde
385 219 170 29 profpredikant
569 219 73 28 blifvit
652 219 33 28 på
697 219 112 28 förslaget
822 219 106 28 uppförd;

246 254 88 29 utfärde
352 253 140 29 domkapitlet
504 253 105 30 fullmakt
628 255 13 20 å
659 254 90 29 tjensten
765 253 23 21 åt
805 253 41 21 den
864 253 64 21 bland

248 288 25 21 de
289 288 42 26 två,
348 288 72 22 hvilka
434 289 37 21 vid
485 289 57 21 valet
560 289 35 21 det
614 288 77 29 högsta
709 288 82 21 antalet
808 289 72 20 röster
896 295 32 13 er-

248 323 70 26 hållit,
334 330 44 14 som
397 322 65 29 högre
481 330 47 14 rum
547 323 14 21 &
573 323 112 29 förslaget
701 322 109 29 innehaft;
828 329 47 14 men
890 322 38 21 der

241 357 74 29 fjerde
327 358 170 28 profpredikant
514 357 45 21 icke
578 358 81 27 begärd
674 358 51 20 eller
741 356 93 29 beviljad
849 357 79 29 blifvit,

248 392 81 21 erhälle
349 392 39 20 den
400 392 106 29 fullmakt
524 392 14 21 å
557 392 96 28 tjensten,
669 399 44 14 som
728 392 38 21 vid
783 392 57 21 valet
854 392 25 21 de
889 392 40 28 fle-

248 430 34 17 sta
297 427 101 20 rösterna
412 427 95 21 erhållit.
529 426 75 22 Hörer
620 426 124 29 lägenheten
760 427 34 21 till
810 427 81 21 antalet
906 426 26 29 af

247 460 54 28 dem,
317 462 35 20 till
367 460 73 22 hvilka
454 462 154 28 utnämningen
624 462 26 20 är
665 461 106 29 Kejsaren
779 460 150 30 förbehällen;

247 496 91 20 insände
353 496 146 28 domkapitlet,
514 496 67 20 ehvad
593 496 74 28 fjerde
683 495 170 29 profpredikant
870 496 61 20 varit

243 530 34 28 pä
285 530 112 28 förslaget
410 531 96 27 uppförd
521 530 51 21 eller
586 530 52 26 icke,
651 530 112 21 berättelse
778 538 33 12 om
819 530 111 28 utgången

248 564 26 29 af
290 565 56 20 valet
364 564 38 21 och
422 564 55 21 hvad
495 564 75 21 dervid
582 563 148 30 förekommit,
749 565 47 20 med
814 565 87 28 uppgift
916 564 14 21 &

248 598 36 21 det
298 599 97 26 röstetal,
410 599 80 20 enhvar
506 599 25 29 af
544 599 24 20 de
577 599 128 28 föreslagne
721 599 107 28 tillfallit;
843 599 87 28 bilägge

248 633 38 21 ock
301 633 198 28 valhandlingarna
510 633 38 21 och
559 633 35 21 det
608 633 37 21 vid
654 633 122 29 förslagets
790 634 140 28 uppgörande

242 667 73 30 förda
325 667 113 29 protokoll
452 668 64 28 jemte
535 667 25 22 de
579 667 148 29 ansökningar
745 668 47 21 med
810 667 120 30 åtföljande

249 702 92 29 bilagor,
358 709 44 14 som
417 703 25 20 de
456 703 33 27 på
497 703 112 28 förslaget
626 703 105 28 uppförde
750 703 110 26 inlemnat,
876 706 55 17 samt

249 738 84 20 anmäle
349 737 78 27 tillika,
444 737 106 22 huruvida
564 737 72 28 någon
651 737 95 29 ändring
762 737 25 30 af
795 737 112 29 förslaget
921 738 10 20 i

248 772 73 29 grund
337 772 25 29 af
374 771 76 22 besvär
468 773 39 28 ägt
524 779 59 18 rum;
602 772 109 29 hvarefter
725 772 33 29 på
773 771 106 30 Kejsaren
894 780 37 13 an-

250 807 94 21 kommer
362 810 33 17 att
416 807 72 28 någon
506 808 25 29 af
547 807 25 22 de
588 807 129 28 föreslagne
739 807 36 21 till
796 807 40 20 den
860 807 72 28 lediga

249 842 91 28 tjensten
353 842 110 20 utnämna.

550 888 13 28 $
578 886 47 22 244.

306 928 64 28 (Lika
383 928 49 21 med
447 928 12 28 &
474 929 41 20 245
533 928 8 21 i
558 928 108 28 förslaget,
681 934 49 15 men
749 929 33 20 att
800 928 78 21 citaten
892 928 40 20 här

251 962 79 22 ändras
345 962 33 22 till
393 962 11 28 $
420 963 60 28 243.)

512 1018 26 28 $$
553 1016 118 23 245—254.

369 1058 62 28 (Lika
444 1058 49 22 med
508 1058 24 28 8&
548 1058 111 22 246—255
674 1058 8 21 i
696 1057 118 29 förslaget.)

552 1118 13 28 $
579 1116 48 22 255.

308 1156 68 23 Göres
394 1158 37 21 vid
448 1158 110 29 inträffad
581 1157 93 29 ledighet
693 1158 25 29 af
733 1158 72 28 någon
824 1157 66 22 bland
908 1158 24 21 de

250 1193 96 28 tjenster,
361 1200 45 13 som
419 1193 10 20 i
443 1193 25 28 $$
483 1190 44 23 248
542 1192 36 21 till
593 1192 39 21 och
645 1192 48 21 med
704 1190 40 22 251
759 1193 96 25 nämnas,
871 1192 64 29 behof

250 1231 33 16 att
300 1231 64 23 prest
386 1229 36 18 till
444 1227 46 20 dess
515 1227 135 20 bestridande
672 1230 56 20 utse;
745 1226 108 28 förordne
876 1227 58 20 dom-

250 1259 99 29 kapitlet,
369 1261 33 27 på
422 1260 171 21 vederbörandes
616 1259 105 28 begäran,
744 1260 73 27 någon
839 1263 33 17 att
894 1260 40 21 den

249 1294 69 21 under
335 1294 118 29 ledigheten
462 1294 94 28 förestå.

349 1365 27 28 C)
392 1365 43 22 Om
450 1365 120 29 aflöning
583 1366 42 21 vid
639 1366 198 28 presttjenster.

510 1418 25 28 $$
550 1416 122 22 256—258.

369 1455 61 29 (Lika
445 1455 47 21 med
508 1456 24 27 8$
549 1456 111 20 257—259
676 1455 7 21 i
698 1455 118 27 förslaget.)
