1003 1684
312 104 72 22 Nådiga
395 105 138 21 Propositionen
545 105 34 17 N:o
591 106 15 16 5.
778 107 31 15 331

336 170 246 22 Reservationer.

173 217 44 26 "Af
229 221 99 23 Friherre
342 222 69 28 Boije:

153 267 37 22 Uti.
208 267 41 22 den
266 268 34 21 till
317 268 83 21 landets
423 268 91 21 Ständer
533 267 78 22 aflåtne
632 267 84 29 Nådiga
737 269 96 27 proposi-

83 302 52 25 tion,
151 300 110 29 angående
276 302 120 28 grunderne
410 303 34 20 för
458 303 107 27 reglering
579 303 25 20 af
619 303 169 27 presterskapets
803 303 31 21 af-

83 335 74 28 löning
170 335 8 22 i
192 336 84 21 landets
291 337 240 27 evångelisk-lutherska
545 337 150 28 församlingar
710 337 40 22 har
765 337 70 22 såsom

83 370 49 22 stöd
146 370 35 22 för
194 371 156 28 behöfligheten
365 371 25 22 af
401 371 125 28 förändring
537 372 8 21 i
555 371 129 28 nugällande
697 372 138 28 lagstadgan-

84 405 42 22 den
143 405 131 22 härutinnan
292 405 137 22 framhållits:
447 408 32 19 1:0
498 408 43 19 stor
556 406 84 21 olikhet
660 407 8 20 i
686 406 148 28 prestaflönin-

84 447 52 21 gens
157 440 119 27 utgörande
299 441 26 21 de
347 441 104 21 särskilda
476 440 177 28 församlingarne
678 441 99 26 emellan,
801 443 34 20 2:0

83 474 72 28 ojemn
173 474 39 22 och
231 475 74 28 obillig
322 475 120 28 fördelning
460 475 25 21 af
500 475 112 28 afgifterne
630 474 29 28 pä
678 475 26 22 de
722 475 113 22 betalande

83 509 59 21 inom
157 515 81 16 samma
252 509 134 28 församling,
406 511 34 20 3:o
455 509 73 28 obillig
543 509 120 28 fördelning
678 510 24 21 af
714 509 122 28 aflöningen

84 542 91 23 emellan
191 543 35 21 det
239 543 8 21 i
261 543 74 28 hvarje
350 543 125 28 församling
492 544 160 27 tjenstgörande
670 544 165 27 presterskapet,

84 579 57 20 samt
155 579 34 20 4:o
204 577 102 28 otjenliga
321 577 92 28 grunder
428 577 34 22 för
476 577 128 29 utgörandet
615 577 25 22 af
647 578 123 28 isynnerhet
780 579 56 20 vissa

83 611 166 28 lönepersedlar,
265 612 109 21 äfvensom
393 612 110 28 olämpligt
521 614 43 20 sätt
578 612 34 21 för
626 612 127 27 uppbörden
768 612 24 21 af
804 613 31 21 af-

83 646 108 28 löningen.
220 646 34 22 Dä
270 646 35 22 det
319 647 7 21 i
342 646 41 22 den
396 645 85 29 Nädiga
495 646 159 28 propositionen
670 646 120 22 Ständerna
803 647 32 21 fö-

84 681 89 28 relagda
187 681 117 27 lagförslag
320 680 61 22 äfven
396 681 48 21 med
459 681 26 21 de
504 681 24 21 af
543 681 104 21 utskottet
661 680 123 28 föreslagna
797 682 38 20 än-

85 716 94 27 dringar,
195 716 65 27 enligt
274 716 44 20 min
332 716 69 26 tanke,
417 716 19 27 ej
455 716 96 21 kommer
569 717 32 19 att
618 714 69 23 förmä
702 715 134 28 fullständigt

84 750 110 27 upphäfva
209 750 25 21 de
248 750 8 20 i
275 749 150 23 ofvanstäende
443 750 48 28 fyra
508 750 92 28 punkter
618 750 86 28 angifne
723 750 112 28 olägenhe-

84 786 40 24 ter,
143 784 42 21 kan
200 784 39 28 jag
257 784 19 28 ej
295 784 86 22 biträda
398 785 113 21 utskottets
530 784 110 28 pluralitet
656 785 8 21 i
678 784 159 28 tillstyrkandet

85 818 25 22 af
125 818 62 22 bifall
204 819 33 20 till
255 826 82 14 samma
354 818 123 29 lagförslag,
496 821 53 19 utan
566 819 82 28 nödgas
670 819 98 21 häremot
785 819 51 21 ned-

85 853 65 29 lägga
163 853 45 21 min
221 853 137 22 reservation.
388 853 41 28 Jag
448 855 24 20 är
489 853 106 28 nemligen
613 853 125 28 öfvertygad
756 861 34 14 om
805 855 32 20 att

85 887 89 28 sälänge
195 895 50 14 man
263 887 35 22 vid
319 887 106 28 reglering
447 887 24 22 af
491 887 169 28 presterskapets
679 888 94 28 aflöning
790 888 47 21 icke

85 922 37 22 vill
143 921 71 23 afvika
236 921 58 27 ,frän
315 921 115 22 bestående
451 921 149 22 förhållanden
618 922 7 21 i
643 922 68 28 kyrka
732 922 41 22 och
794 924 44 20 stat

86 958 56 21 samt
156 955 48 22 från
218 956 137 21 häfdvunnen
370 956 55 26 sed",
436 955 87 29 sålänge
533 963 51 15 man
594 955 118 23 bibehåller
722 957 35 21 för
768 957 69 21 denna

86 991 94 28 aflöning
198 991 128 28 fullkomligt
343 991 126 28 otidsenliga
488 991 99 28 grunder,
606 993 55 19 samt
675 991 37 22 vill
730 998 51 15 anse
797 991 41 22 den

85 1025 30 29 på
134 1025 70 28 dylika
223 1025 93 28 grunder
338 1025 58 22 inom
417 1025 178 28 församlingarne
616 1025 106 28 utgående
744 1025 94 28 aflöning

85 1060 34 21 till
141 1060 159 26 presterskapet
321 1058 71 22 såsom
413 1066 26 14 en
460 1060 92 27 kyrkans
575 1060 109 26 egendom,
703 1072 29 3 —
751 1059 87 28 sålänge

87 1094 54 22 skall
156 1101 50 13 man
220 1093 106 27 förgäfves
341 1094 52 20 söka
408 1093 51 21 ernå
475 1094 34 21 det
527 1094 49 20 med
594 1093 163 28 ifrågavarande
771 1094 68 27 regle-

86 1128 49 28 ring
150 1127 96 29 åsyftade
261 1126 105 23 ändamål.
392 1128 65 20 Detta
471 1135 62 14 anser
545 1127 39 28 jag
599 1128 75 21 endast
688 1128 73 21 kunna
775 1127 62 23 ernås

87 1170 78 20 genom
179 1164 30 20 ett
223 1161 131 29 frångående
368 1162 25 21 af
409 1162 26 21 de
453 1161 141 22 urhistoriska
612 1162 120 28 grunderne
747 1163 40 21 och
801 1162 37 22 be-

87 1196 143 22 stämmandet
248 1198 32 20 att
298 1196 179 28 prestaflöningen
494 1196 34 21 för
546 1196 114 21 framtiden
678 1192 36 25 må
732 1195 53 29 utgå
803 1204 35 14 en-

88 1231 49 22 dast
151 1231 53 21 efter
218 1230 137 28 persontalet,
371 1231 51 21 eller
437 1231 40 21 ock
492 1232 31 20 att
538 1230 29 22 all
581 1230 158 28 presterskapet
753 1238 30 14 nu
796 1231 43 21 till-

88 1266 94 22 fallande
200 1265 94 28 aflöning
311 1264 36 22 må
364 1265 89 21 medelst
470 1265 228 27 persedelomsättning
703 1260 7 37 -
716 1264 54 22 efter
788 1265 51 21 fast-

89 1300 105 22 ställande
209 1300 69 26 grund
295 1300 34 21 till
346 1300 89 21 Kronan
452 1300 107 26 indragas,
575 1301 55 19 samt
644 1299 75 27 hvarje
732 1301 60 25 prest
805 1299 35 21 för

89 1334 115 21 framtiden
217 1333 105 21 likställas
336 1333 49 21 med
400 1334 80 20 statens
494 1333 128 27 tjenstemän
636 1333 40 21 och
691 1332 25 22 af
728 1334 69 20 staten
808 1333 31 21 af-

88 1368 67 22 lönas.
185 1367 41 28 Jag
244 1366 34 22 får
296 1366 82 23 således
396 1367 34 21 för
448 1367 44 21 min
510 1366 34 22 del
562 1367 39 21 hos
618 1366 84 22 landets
725 1366 115 29 höglofliga

90 1402 93 23 Ständer
204 1402 108 22 vördsamt
334 1401 96 29 afstyrka
451 1401 61 22 bifall
533 1401 33 22 till
591 1402 41 20 den
657 1400 86 29 Nådiga
762 1408 77 21 propo-

91 1438 97 22 sitionen.
