1000 1681
202 128 32 16 308
407 124 70 24 Nådiga
488 126 135 22 Propositionen
635 125 34 17 N:o
681 126 16 16 5.

248 188 188 27 Stadsförsamling
450 195 51 14 vare
514 188 123 27 berättigad
651 189 38 24 att,
705 187 54 22 efter
773 194 46 14 som
833 187 43 22 hon
890 187 39 21 fin-

179 230 39 15 ner
232 223 37 22 det
283 223 34 21 för
331 223 33 27 sig
381 222 154 28 förmonligast,
554 221 163 22 tillhandahålla
735 221 47 22 sina
795 223 83 26 prester
892 228 37 15 an-

179 258 74 28 tingen
271 257 124 28 fullständig
414 256 140 29 embetsgård,
574 257 52 21 eller
648 256 39 22 ock
710 256 95 22 deremot
826 256 104 21 svarande

179 291 138 29 hyresmedel.

532 338 12 27 8
560 339 19 20 7.

247 379 71 30 Lyder
339 379 69 23 under
428 380 96 28 prestbol
544 380 155 27 vidsträcktare
724 379 53 29 skog
798 379 40 22 och
860 387 71 14 annan

180 416 68 26 mark,
267 415 28 22 än
313 423 47 14 som
377 415 34 22 för
428 413 138 30 lägenhetens
580 415 107 21 husbehof
700 415 41 21 och
755 413 138 23 bebrukande
907 416 25 19 är

181 447 132 30 erforderlig,
333 450 40 21 och
391 449 71 28 nägon
481 449 34 22 del
534 449 62 22 deraf
611 449 205 28 förtattningsenligt
838 447 93 24 derifrän

180 485 42 20 kan
238 483 102 28 afskiljas,
358 483 36 22 mä
412 483 76 22 sädant
506 484 37 21 ske
562 484 39 21 och
620 483 40 22 den
679 483 128 22 afsöndrade
825 483 61 22 delen
904 481 29 29 pä

181 518 157 28 Domkapitlets
352 518 169 21 föranstaltande
536 518 157 21 utarrenderas.
716 517 29 22 Af
754 518 120 21 inkomsten
884 517 49 22 frän

182 552 54 22 slika
249 553 125 28 lägenheter
388 552 70 21 bildas
472 553 58 21 inom
548 552 74 28 hvarje
640 552 45 21 stift
704 559 26 14 en
748 552 57 26 fond,
824 559 46 14 som
888 551 45 22 står

180 587 69 21 under
267 585 156 29 Domkapitlets
441 587 128 27 förvaltning
588 587 40 21 och
647 587 106 21 användes
773 586 43 22 dels
834 585 33 23 till
882 594 51 20 pen-

181 621 108 28 sionering
304 621 24 22 af
344 620 84 23 orklöse
446 621 168 22 extraordinarie
632 623 116 26 prestmän,
768 621 45 22 dels
831 621 33 21 till
882 621 51 22 aflö-

181 656 51 27 ning
246 656 35 21 för
295 656 99 21 biträden
410 655 22 22 ät
446 655 26 22 de
488 656 106 21 ordinarie
608 658 83 25 prester
705 656 59 21 inom
779 655 73 26 stiftet,
862 655 72 22 hvilka

182 690 62 21 deraf
264 691 38 20 äro
324 690 7 21 i
353 689 74 27 behof,
449 697 49 14 men
520 690 67 21 sakna
611 691 65 26 utväg
699 692 32 19 att
753 690 61 21 dessa
834 688 100 23 biträden

182 723 74 28 sjelfve
270 723 77 22 aflöna.

535 771 46 26 88.

250 812 133 28 Uppbörden
402 812 21 21 af
441 812 162 28 församlingens
622 813 86 28 afgifter
725 811 34 24 till
776 813 160 27 presterskapet

183 847 130 28 ombesörjes
328 847 25 21 af
369 847 47 21 dess
430 845 208 28 kommunalnämnd,
654 847 7 21 i
677 847 93 28 enlighet
784 847 49 22 med
848 847 24 22 af
884 847 51 22 den-

182 888 83 15 samma
279 880 29 29 pä
325 881 122 22 fastställda
465 882 93 27 grunder
575 880 118 29 upprättad
710 884 56 19 samt
784 882 152 28 församlingen

183 916 40 21 och
237 916 127 27 löntagaren
379 918 71 19 senast
465 923 26 14 en
505 915 79 22 mänäd
598 916 46 22 före
662 916 181 28 uppbördsdagen
862 917 73 28 delgif-

182 957 40 15 ven
236 950 72 28 längd.
338 950 102 21 Bemälde
457 951 79 20 nämnd
555 958 38 20 ege
612 949 51 23 derä
677 951 34 21 till
725 951 126 28 löntagaren
865 951 8 21 i
888 951 48 21 dess

182 985 91 21 hemvist
294 983 29 29 pä
345 985 174 22 öfverenskomna
540 985 61 26 tider,
624 985 56 22 helst
700 987 77 20 tvenne
799 985 80 28 gänger
902 993 34 14 om

184 1018 52 27 året,
256 1019 65 28 sagde
341 1019 85 27 afgifter
444 1019 95 22 leverera
557 1020 40 21 och
614 1019 34 22 för
667 1020 48 21 dem
736 1020 116 27 behörigen
874 1020 62 21 redo-

183 1053 55 26 visa;
253 1054 41 21 och
308 1053 55 21 skall
377 1053 110 28 restlängd
502 1053 13 22 ä
530 1054 49 26 alla,
595 1061 46 14 som
654 1053 29 28 pä
697 1056 69 20 utsatt
780 1054 31 21 tid
826 1054 52 22 eller
890 1055 46 21 der-

184 1087 53 21 efter
253 1088 133 20 anställande
400 1088 144 26 restuppbörd
558 1088 47 21 sina
623 1088 86 27 afgifter
726 1088 48 22 icke
792 1088 107 26 afbördat,
916 1088 24 22 af

183 1121 230 21 kommunalnämnden
428 1123 119 26 upprättas,
563 1122 33 21 till
614 1122 160 28 kyrkostämma
788 1123 7 20 i
810 1122 99 22 afseende
924 1122 13 22 å

185 1156 130 27 granskning
331 1155 139 22 öfverlemnas
486 1157 46 25 och,
548 1156 66 21 sedan
630 1156 40 22 den
680 1156 70 22 blifvit
762 1156 105 28 godkänd,
879 1157 58 21 inom

184 1190 80 27 fjorton
287 1190 67 28 dagar
377 1190 98 26 derefter,
494 1189 121 23 äterställas
637 1190 33 22 till
691 1191 138 21 merberörde
850 1191 86 26 nämnd,

184 1230 52 20 som,
253 1224 54 21 efter
322 1224 71 21 dertill
407 1225 39 20 hos
462 1225 138 20 Guvernören
615 1226 113 20 utverkadt
743 1225 102 27 tillstånd,
861 1232 77 21 genom

184 1257 71 28 någon
274 1258 51 21 eller
344 1257 66 28 nägre
429 1258 24 21 af
469 1259 47 21 sina
532 1258 124 27 ledamöter,
671 1258 56 22 låter
741 1260 39 20 hos
796 1260 26 21 de
836 1260 101 27 restskyl-

184 1291 48 28 dige
246 1293 85 20 utmäta
342 1292 26 21 de
378 1291 125 23 utestäende
518 1292 103 28 ostridiga
635 1295 106 25 resterne;
756 1293 96 22 börande
866 1293 72 28 lägen-

184 1326 186 22 hetsinnehafvare
389 1334 91 14 ansvara
498 1327 33 21 för
550 1327 62 22 deras
630 1328 92 28 afgifter,
742 1336 46 14 som
806 1328 27 22 bo
852 1327 14 23 &
884 1328 54 22 hans

184 1361 61 22 mark
260 1361 40 23 och
315 1362 111 21 husbonde
440 1361 34 22 för
490 1362 68 26 deras,
572 1362 72 22 hvilka
658 1364 38 20 äro
711 1363 8 21 i
734 1363 54 21 hans
802 1363 71 28 tjenst.
895 1364 43 21 För

184 1396 130 28 utmätning,
333 1404 46 14 som
396 1396 8 21 i
422 1396 137 22 omförmäldt
576 1397 101 21 ändamäl
694 1398 130 26 verkställes,
844 1397 35 22 mä
894 1398 43 21 för-

185 1430 118 28 samlingen
317 1430 119 22 bestämma
450 1431 97 28 lempligt
562 1432 84 21 arvode.
