1009 1689
202 103 31 16 128
407 102 71 23 Nådiga
488 103 137 21 Propositionen
638 103 34 16 N:o
685 103 16 16 2.

177 165 68 22 skulle
266 165 129 22 framställas
419 164 134 29 underdånig
578 164 100 22 anhållan
700 166 33 20 att
754 172 27 14 en
801 165 127 28 förordning

177 199 66 22 måtte
257 199 104 26 utfärdas,
379 199 85 21 hvilken
481 199 129 22 bestämmer
628 198 59 22 såväl
705 199 26 21 de
749 197 115 28 förmåner,
882 206 46 14 som

176 233 61 22 skola
253 233 119 22 tillkomma
388 233 150 22 underbefälet
552 233 35 22 vid
605 233 68 22 finska
687 233 112 26 militären,
815 232 29 23 då
857 232 83 29 någon”

177 269 66 26 trupp
261 268 45 21 helt
324 268 40 21 och
381 266 67 23 hållet
465 267 100 28 indrages
584 267 51 22 eller
652 267 33 22 till
703 275 26 14 en
752 268 34 21 del
807 267 121 26 reduceras,

177 309 46 15 som
241 303 40 21 ock
299 302 26 21 de
342 301 114 27 förmåner,
474 302 72 21 hvilka
567 302 87 21 tillhöra
675 302 156 28 gemenskapen
848 302 35 21 vid
903 302 26 21 de

176 337 102 22 värfvade
292 337 69 21 finska
375 338 123 26 trupperna,
515 335 28 23 då
558 337 25 21 de
598 336 46 22 före
658 337 223 27 kapitulationstidens
895 338 34 19 ut-

177 371 56 29 gång
248 374 52 19 utan
315 373 48 26 eget
376 371 133 22 förvållande
524 371 104 22 afskedas.
655 371 126 22 Sedermera
794 372 41 21 har
849 371 79 28 grund-

176 406 151 28 lagsutskottet
348 405 41 22 fått
411 406 31 27 sig
463 405 100 22 tillstäldt
584 407 106 20 transumt
715 406 24 21 af
761 405 168 28 presteståndets

177 440 165 28 pleniprotokoll
357 440 24 22 af
394 440 40 21 den
450 441 26 20 25
491 440 62 28 April
567 441 60 25 1867,
642 440 77 22 hvaraf
731 441 103 21 utskottet
848 441 80 20 inhem-

177 477 32 19 tat
227 476 32 20 att
276 473 157 29 presteståndet
450 481 82 14 samma
550 474 42 27 dag
614 475 82 27 antagit
717 475 149 27 ridderskapet
886 475 42 28 och

176 509 74 22 adelns
267 509 127 28 inbjudning
412 511 32 19 att
461 509 75 21 förena
554 509 32 27 sig
603 509 8 20 i
629 509 156 21 ofvannämnda
803 509 125 28 önsknings-

176 542 50 27 mål,
242 543 55 22 dock
311 543 48 21 med
374 543 41 21 den
429 544 100 20 närmare
543 543 143 28 bestämning,
701 545 33 20 att
752 543 34 22 för
800 543 128 22 underbefä-

176 577 30 22 let
219 577 68 23 borde
301 576 89 23 föreslås
405 579 31 20 ett
450 576 35 22 års
501 577 40 22 och
555 577 35 21 för
605 577 155 28 gemenskapen
771 579 32 20 tre
815 577 113 22 månaders

177 612 99 28 aflöning.

245 647 47 21 Den
310 646 205 28 sammanjemkning
533 645 24 22 af
570 646 26 21 de
611 646 118 21 skärskilda
744 645 100 24 ståndens
858 647 71 21 beslut

173 682 11 21 i
202 680 134 23 förestående
353 681 98 28 punkter,
470 688 46 14 som
534 681 25 21 är
576 681 66 27 nödig
663 680 34 22 för
715 679 124 23 erhållande
858 681 24 21 af
898 683 31 20 ett

176 716 127 22 ständernas
317 715 76 26 beslut,
409 723 62 14 anser
486 715 220 28 grundlagsutskottet
719 715 123 28 lämpligast
856 715 73 22 kunna

177 751 37 21 ske
228 749 29 29 på
271 750 95 28 följande
381 751 52 20 sätt:

244 784 63 21 Hvad
317 783 67 29 angår
397 785 20 27 1)
427 785 77 28 första
511 784 140 29 paragrafen
661 783 95 29 framgår
767 784 25 22 af
800 784 63 22 ofvan
874 792 54 20 upp-

177 819 78 22 ställda
276 819 101 27 öfversigt
395 821 32 19 att
444 821 75 19 trenne
541 818 63 22 stånd
625 819 8 21 i
654 818 147 23 hufvudsaken
822 827 106 14 samman-

177 855 96 24 stämma,
289 853 68 22 ehuru
371 852 157 29 presteståndet
542 853 56 22 velat
612 853 116 22 inskränka
742 853 59 22 tiden
811 853 35 22 för
858 853 70 29 åtnju-

176 888 74 22 tandet
268 887 25 22 af
308 888 27 21 de
352 887 7 22 i
379 889 10 20 1
409 895 62 14 mom.
490 887 140 28 uppräknade
647 887 156 23 löneförmåner
824 888 34 22 till
880 889 48 22 dess

175 922 152 23 innehafvaren
344 921 92 29 uppnått
454 921 68 23 sådan
539 921 66 28 ålder,
621 924 32 19 att
666 923 44 21 han
724 923 92 28 lagligen
830 931 51 14 vore
895 923 34 22 till

175 957 40 22 full
232 957 90 28 pension
338 957 127 27 berättigad,
485 958 56 21 samt
557 956 156 22 bondeståndet
731 959 70 20 ansett
815 957 113 28 taffelpen-

175 992 77 28 ningar
267 992 18 27 ej
303 992 54 21 böra
375 992 78 21 räknas
471 991 33 22 till
519 991 26 22 de
563 990 163 27 löneförmåner,
742 999 46 14 som
802 992 68 21 skulle
884 993 43 20 till-

175 1027 86 21 komma
279 1026 89 22 embets-
384 1026 51 21 eller
453 1027 128 27 tjensteman
599 1026 64 21 hvars
677 1026 120 28 befattning
811 1026 71 22 blifvit
895 1027 32 21 in-

177 1060 86 28 dragen.
297 1060 226 28 Grundlagsutskottet
544 1059 34 22 får
600 1060 24 21 af
644 1059 67 23 sådan
733 1060 115 28 anledning
865 1058 63 24 vörd-

177 1096 56 20 samt
250 1094 80 22 föreslå

312 1132 33 17 att
359 1129 122 28 höglofliga
495 1128 152 29 ridderskapet
663 1129 38 21 och
716 1129 63 21 adeln
791 1133 92 26 antager
896 1137 30 14 se-

312 1170 52 13 nare
380 1164 140 20 alternativet
536 1164 35 20 till
585 1164 70 20 denna
669 1164 13 28 $
697 1164 9 20 i
721 1163 112 22 utskottets
847 1159 59 38 förut
917 1166 10 20 i

313 1198 70 19 ämnet
399 1197 86 29 afgifna
500 1196 143 27 betänkande;

313 1234 32 17 att
360 1231 138 27 högvördiga
509 1232 159 27 presteståndet
677 1232 100 27 frångår
792 1231 90 21 beslutet
893 1240 33 13 om

312 1265 79 27 tillägg
407 1264 26 28 af
445 1268 30 16 ett
491 1265 68 28 tredje
577 1268 97 23 moment,
693 1266 10 19 i
721 1265 205 29 ofvanomförmäldt

312 1298 64 29 syfte;
391 1300 55 19 samt

311 1336 33 17 att
362 1332 135 22 hedervärda
516 1333 153 22 bondeståndet
687 1333 70 22 likaså
769 1334 101 30 frångår
892 1335 34 21 be-

311 1367 64 21 slutet
393 1367 73 21 derom
485 1371 33 17 att
537 1368 183 28 taffelpenningar
737 1368 54 22 böra
803 1369 59 29 från
876 1370 25 21 de
916 1371 11 20 i

311 1401 12 21 1
336 1408 61 14 mom.
413 1401 140 29 uppräknade
569 1402 164 22 löneinkomster
753 1403 121 29 öfverföras
890 1405 36 21 till

311 1436 26 20 de
351 1437 10 19 i
375 1435 16 21 2
405 1443 61 14 mom.
483 1436 150 29 omförmälda.
