998 1684
297 113 70 23 Nådiga
379 114 137 22 Propositionen
529 115 33 16 N:o
575 116 16 15 5.
763 115 33 17 307

67 183 79 15 senare.
161 178 34 21 att
214 178 119 26 emottaga:
344 176 230 30 aflöningsspanmålen
596 178 8 21 i
625 178 120 28 penningar
766 178 54 22 efter

66 210 94 24 nämnde
166 210 191 29 markegängspris,
367 211 92 23 såframt
468 212 80 22 endera
559 212 24 22 af
592 212 47 22 dem
650 211 77 24 sådant
734 213 84 22 önskar,

419 276 11 27 8
447 276 19 20 4.

135 316 11 23 I
160 318 104 26 pastorat,
283 316 38 22 der
339 317 52 22 flere
409 318 107 21 ordinarie
534 319 84 27 prester
634 318 125 28 tjenstgöra,
776 318 43 22 för-

67 351 59 22 delas
142 351 61 22 deras
218 351 161 28 sammanlagda
394 346 69 34 årliga
478 352 94 28 aflöning
587 352 48 22 dem
649 352 91 22 emellan
754 353 8 21 i
776 352 43 22 för-

66 385 101 23 hållande
184 386 33 21 till
236 394 27 14 en
280 386 64 22 hvars
359 386 187 29 embetsbefattnig
560 387 41 21 och
616 386 87 22 dermed
717 386 102 23 förenade

66 420 136 28 åligganden,
220 420 89 22 hvarvid
326 421 113 28 tillbörligt
457 421 99 23 afseende
577 421 55 22 skall
653 422 67 21 fästas
743 420 14 23 å
778 422 42 21 den

66 456 69 21 större
154 455 51 22 eller
222 456 83 22 mindre
323 454 100 23 behållna
441 455 99 27 inkomst,
558 456 161 28 presterskapet
736 456 25 21 af
773 456 47 24 sina

66 490 106 22 boställen
194 488 93 30 ätnjuter
306 490 41 22 och
364 489 35 22 mä
417 489 236 29 vederlagsspanmälen
674 492 56 20 samt
751 491 69 23 andra

66 524 130 28 statsanslag
216 524 8 21 i
246 524 105 22 kontanta
375 525 125 27 penningar,
522 525 140 22 kronotionde
683 533 28 13 m.
733 532 35 20 m.
790 524 30 28 pä

66 558 75 22 derom
154 560 40 20 hos
208 558 59 22 Hans
282 559 121 27 Kejserliga
417 559 101 28 Majestät
532 559 63 28 gjord
606 558 133 29 underdänig
753 558 66 22 fram-

66 593 111 28 ställning,
194 592 129 29 Ofverflyttas
339 592 48 22 från
402 594 69 21 större
485 593 33 21 till
536 592 82 23 sådana
632 593 83 22 mindre
729 593 90 22 försam-

65 627 77 29 lingar,
160 628 87 21 hvarest
264 628 171 28 presterskapets
452 628 118 22 lönevilkor
584 627 36 23 vid
637 627 182 29 löneregleringen

65 662 97 22 befinnas
178 662 147 28 otillräekliga.

418 714 13 28 8
447 715 18 20 5.

136 758 11 21 I
162 757 101 22 händelse
277 756 78 23 sådant
368 757 34 21 för
416 757 170 28 presterskapets
600 757 115 28 tidsenliga
725 757 94 27 aflöning

66 792 40 22 och
125 799 26 15 en
166 792 97 28 jemnare
281 791 121 28 fördelning
421 792 62 21 deraf
498 798 51 15 vore
571 791 80 28 nödigt,
670 790 35 22 må
724 791 67 26 äfven,
811 792 8 20 i

66 826 155 28 sammanhang
235 826 49 21 med
301 825 249 29 löneregleringsfrågan,
569 825 81 29 förslag
667 827 116 27 uppgöras,
799 826 19 27 ej

66 861 83 22 mindre
167 861 33 21 till
217 861 106 27 kapellers
341 860 128 27 afskiljande
487 861 40 20 och
545 861 100 20 närmare
658 859 161 23 bestämmande

66 896 25 21 af
106 895 187 28 församlingarnes
316 894 95 28 omfång,
435 895 28 20 än
484 894 34 22 till
540 894 86 28 delning
647 894 24 24 af
690 895 70 23 större
778 895 41 22 och

66 928 184 26 sammanslående
265 929 24 22 af
301 929 84 22 mindre
399 929 157 28 församlingar,

419 993 11 27 8
447 993 19 20 6.

136 1036 114 22 Ordinarie
268 1037 60 27 prest
346 1034 13 22 å
377 1035 74 22 landet
468 1035 68 22 förses
555 1034 25 22 af
595 1034 158 28 församlingen,
772 1035 47 22 icke

67 1071 92 22 allenast
176 1071 48 21 med
241 1070 140 27 boningsrum
399 1069 40 22 och
457 1069 79 28 nödiga
554 1069 71 26 uthus,
643 1069 99 27 lempade
764 1069 54 22 efter

66 1105 71 22 tidens
152 1105 128 28 fordringar,
295 1106 52 19 utan
363 1104 45 26 ock,
425 1103 38 23 der
476 1103 91 22 boställe
582 1103 58 21 förut
651 1103 19 28 ej
682 1103 74 26 finnes,
771 1103 50 22 med

67 1140 40 21 ved
124 1140 34 21 till
178 1139 92 26 bränsle,
293 1138 64 22 odlad
375 1138 51 28 jord
447 1139 55 20 nära
517 1137 113 22 bolstaden
648 1137 34 22 till
703 1137 58 23 träd-
781 1138 40 24 och

67 1173 130 29 kryddgård,
212 1173 141 28 potatesland,
373 1173 108 20 äfvensom
499 1172 61 21 foder
574 1171 35 21 för
624 1179 25 14 en
664 1172 49 21 häst
728 1172 40 21 och
782 1171 39 22 når

67 1216 40 20 gra
124 1209 46 21 kor.
199 1207 68 22 Dessa
284 1207 125 28 byggnader
426 1205 137 22 underhållas
582 1205 61 22 alltid
661 1206 24 21 af
700 1205 120 22 församlin-

68 1250 47 20 gen.
145 1237 31 26 Är
194 1242 33 21 för
244 1241 159 28 presterskapet
421 1241 7 21 i
447 1240 152 28 församlingen
615 1240 151 28 jordlägenhet
784 1247 37 14 an-

68 1277 80 28 slagen,
163 1275 103 29 uppföras
281 1276 40 21 och
335 1274 137 23 underhållas
488 1275 26 21 de
525 1275 8 20 i
544 1275 40 21 och
599 1274 35 21 för
645 1274 129 27 jordbruket
789 1281 32 14 er-

68 1311 117 27 forderliga
207 1311 130 27 byggnader,
359 1309 13 21 &
393 1309 123 27 pastorsbol
538 1309 66 26 enligt
624 1309 75 21 hittills
722 1308 100 27 gällande

67 1345 141 27 stadganden,
223 1351 49 14 men
283 1343 13 22 &
308 1343 67 27 öfrige
389 1342 96 28 prestbol
499 1342 45 21 helt
558 1339 41 24 och
614 1341 66 23 hållet
695 1342 24 22 af
731 1342 90 23 försam-

68 1379 82 28 lingen;
173 1379 40 21 och
230 1377 42 27 mä,
294 1377 34 22 för
347 1377 214 28 jordlägenheternas
583 1376 127 27 deltagande
727 1376 8 21 i
752 1377 69 27 prest-

68 1413 155 28 bolsbyggnad,
242 1412 63 23 deras
322 1411 133 23 förmedlade
473 1411 52 22 eller
542 1418 44 21 nya
602 1411 83 22 mantal
699 1411 75 28 läggas
789 1410 33 22 till

68 1448 77 29 grund.
