1011 1686
212 107 21 17 74
414 106 71 23 Nådiga
496 107 135 22 Propositionen
643 108 34 16 N:o
692 108 14 15 1.

326 170 77 28 aktiga
418 169 73 26 beslut,
510 172 33 18 att
562 169 96 28 lagenlig
669 169 117 27 pluralitet
801 169 25 28 af
838 169 25 21 de
878 168 58 22 olika

323 204 141 27 meningarne
479 204 20 28 ej
514 202 42 21 kan
571 203 77 25 bildas,
664 203 51 20 eller
728 206 78 18 stanna
820 202 37 21 tvä
872 202 64 22 ständ

323 241 44 17 mot
386 238 36 20 tvä
440 238 10 19 i
462 237 78 28 fräga,
559 244 50 19 som,
629 237 68 27 enligt
715 236 127 22 ständernas
862 236 73 27 beslut,

323 271 45 21 icke
380 272 43 27 får
436 272 103 28 förfalla,
560 271 38 20 och
617 271 40 20 har
670 271 80 28 försök
774 271 35 20 till
831 278 105 13 samman-

322 305 112 29 jemkning
443 305 109 29 fruktlöst
566 305 86 29 aflupit,
672 305 56 21 skall
745 306 36 20 det
796 304 88 27 utskott,
901 306 36 21 till

325 340 63 21 hvars
401 340 158 29 förberedande
582 340 163 28 handläggning
768 339 88 22 ärendet
879 339 57 27 hört,

324 381 74 22 genom
414 375 135 21 omedelbara
566 375 36 20 val
619 374 58 21 inom
697 374 95 26 ständen,
806 373 130 29 förstärkas

325 409 35 20 till
378 412 30 17 ett
427 410 60 20 antal
506 409 25 28 af
541 409 85 28 femton
645 409 116 20 lodamöter
780 409 61 28 ifrån
860 408 74 29 hvarje

325 443 74 24 ständ;
415 443 38 20 och
468 450 49 21 eger
532 443 35 21 det
582 443 90 21 sälunda
681 442 130 29 förstärkta
825 441 109 28 utskottet,

324 481 33 16 att
368 478 104 28 samfäldt
483 478 54 28 efter
549 477 133 28 hufvudtalet
694 478 96 20 anställa
801 477 133 28 omröstning

326 512 34 20 till
379 511 127 29 ovilkorligt
524 511 39 22 och
580 512 87 28 slutligt
685 511 121 28 antagande
823 511 51 22 eller
883 511 53 29 för-

325 545 103 22 kastande
447 546 25 29 af
488 546 55 21 hvad
560 545 104 21 utskottet
675 546 68 28 förut
761 545 107 28 tillstyrkt
886 546 9 20 i
910 545 25 21 de

324 580 68 26 delar,
420 580 64 21 hvari
505 580 100 22 ständens
628 580 66 21 beslut
715 581 60 19 varit
797 579 137 29 skiljaktiga.

323 613 72 22 Innan
413 616 134 27 omröstning
565 615 9 20 i
586 614 115 29 förstärkt
717 614 83 21 utskott
812 615 121 28 företages,

324 648 55 22 böra
392 650 192 27 propositionerna
600 649 74 22 dertill
689 649 25 28 af
727 649 35 20 det
777 649 62 21 enkla
854 647 80 22 utskot-

324 687 29 17 tet
374 685 113 26 uppsättas
510 683 38 21 och
570 684 90 21 stånden
683 684 34 20 till
739 683 134 28 granskning
896 683 39 20 och

325 718 155 28 godkännande
494 718 129 21 hemställas.
646 717 41 22 Vid
700 719 160 27 omröstningen
872 717 62 27 skall,

323 753 67 20 innan
410 753 97 20 sedlarne
525 752 132 29 uppräknas,
678 759 25 13 en
723 752 25 29 af
764 753 47 20 dem
825 753 108 28 afläggas,

320 787 44 28 för
379 790 38 23 att,
437 787 70 20 derest
524 788 101 19 rösterna
640 787 35 20 vid
689 787 167 27 uppräknandet
870 787 26 28 af
908 786 27 21 de

325 821 73 28 öfriga
418 821 92 27 befinnas
529 821 45 21 lika
592 821 80 25 delade,
697 822 81 26 öppnas
797 821 38 20 och
854 821 80 29 afgöra

324 855 94 21 beslutet.
448 854 65 22 Hvad
531 855 35 21 det
574 854 130 30 förstärkta
717 854 104 22 utskottet
835 855 97 26 sälunda,

323 890 68 28 enligt
409 890 25 20 de
452 890 64 27 flesta
537 891 101 19 rösterna
658 890 10 20 i
689 889 65 21 saken
772 890 90 28 afgjort,
882 896 51 14 vare

324 924 128 21 ständernas
468 924 73 21 beslut.

255 958 137 22 Beträffande
407 958 22 27 8)
444 957 166 28 presteständets
630 958 35 21 vid
679 959 30 20 35
729 958 40 21 och
788 959 26 20 50
829 958 24 28 $$
869 958 64 21 fram-

187 992 78 22 ställda
280 992 139 27 anmärkning
435 992 71 21 derom
521 994 32 19 att
567 991 159 22 hbibehällandet
741 992 51 21 eller
803 992 130 21 utelemnan-

188 1026 35 21 det
237 1027 24 20 af
274 1026 60 21 ordet
349 1026 121 27 ,kyrkolag*
482 1027 7 20 i
500 1026 90 21 nämnde
602 1027 23 26 $$
636 1026 94 22 berodde
740 1025 29 28 pä
781 1027 35 20 det
827 1025 107 23 definitiva

187 1060 127 28 afgörandet
332 1060 24 21 af
372 1059 76 28 frägan
470 1068 34 13 om
525 1060 135 28 kyrkomötes
681 1061 193 26 lagstiftningsrätt,
897 1060 37 22 vill

187 1094 229 28 grundlags-utskottet
435 1095 74 20 endast
527 1093 119 28 framhälla,
665 1096 31 19 att
715 1094 131 21 sistnämnda
860 1093 72 29 frägas

188 1128 106 22 definitiva
309 1128 115 27 afgörande
447 1128 18 27 ej
488 1128 63 21 beror
573 1128 75 21 endast
670 1128 23 21 af
713 1128 125 21 ständernas
855 1128 77 27 beslut,

186 1164 53 20 utan
253 1162 61 22 äfven
330 1161 66 28 derpä
410 1162 104 21 huruvida
529 1162 58 22 detta
602 1162 69 22 beslut
686 1162 90 21 erhäller
791 1162 64 28 nädig
870 1163 62 21 sank-

186 1197 51 21 tion.
265 1196 252 28 Landtdagsordningens
535 1196 118 26 redaktion,
672 1196 55 21 hvad
744 1196 94 21 nämnda
855 1197 24 27 88
895 1204 36 14 an-

186 1230 45 28 går,
249 1230 43 21 kan
310 1229 46 21 åter
373 1230 47 20 icke
437 1230 80 20 lemnas
535 1230 105 20 beroende
659 1230 66 25 deraf,
743 1230 99 20 hvarföre
860 1230 72 20 ofvan-

186 1264 91 21 anförda
291 1263 140 27 anmärkning
446 1263 18 27 ej
480 1263 61 21 torde
555 1263 111 21 föranleda
679 1264 33 20 till
726 1262 71 28 någon
816 1262 82 29 åtgärd.

254 1297 104 28 Slutligen
369 1297 33 22 får
413 1297 227 28 grundlags-utskottet
651 1296 118 27 framhålla,
784 1299 32 20 att
827 1306 33 13 om
873 1298 58 21 detta

185 1332 113 22 utskottets
316 1332 80 28 förslag
414 1332 33 21 till
464 1332 202 28 sammanjemkning
683 1333 8 20 i
710 1332 26 22 de
754 1333 105 21 särskilda
874 1332 56 22 stån-

187 1367 50 21 dens
255 1366 77 27 beslut,
350 1367 48 21 med
416 1366 99 22 afseende
533 1366 14 22 å
565 1369 11 19 9
596 1368 11 27 &
626 1370 94 25 antages,
739 1367 26 21 de
784 1367 147 28 efterföljande

186 1401 162 28 paragrafernes
362 1401 150 28 nummerföljd
522 1401 68 22 måste
602 1402 77 21 ändras
691 1402 107 21 äfvensom
808 1401 122 22 nuvarande

188 1437 32 25 18,
237 1437 33 25 24,
286 1437 33 25 31,
336 1437 33 25 58,
385 1437 33 25 68,
434 1437 34 25 73,
484 1437 33 25 74,
533 1437 26 20 75
575 1436 40 22 och
630 1437 27 20 83
673 1437 31 27 $$,
719 1436 48 21 med
783 1436 97 22 afseende
895 1435 13 23 å
921 1436 7 21 i
