1700 1834
663 182 72 23 Nådiga
746 183 135 21 Propositionen
893 183 34 17 N:o
939 184 17 15 4.
1127 184 32 15 201

433 246 49 22 ville
496 248 54 24 utse,
569 247 40 21 och
627 246 68 22 ehuru
713 246 158 27 prestaständet
888 246 183 28 vid.landtdagen
1089 246 8 21 i
1115 246 67 22 öfver-

433 281 159 21 ensstämmelse
607 281 48 21 med
669 282 161 26 propositionen
841 283 66 25 yttrat
918 281 33 21 sin
965 281 81 21 önskan
1061 282 32 19 att
1106 280 77 28 kyrko-

433 315 150 27 lagsförslaget
598 316 67 20 skulle
679 316 141 20 underkastas
835 316 86 20 särskilt
934 315 160 27 handläggning
1105 314 24 22 af
1132 315 52 28 för-

434 349 72 21 stärkt
521 350 198 26 kyrkolagskomité.
750 349 33 21 Då
795 350 39 27 jag
853 349 89 21 sålunda
960 349 106 21 utesluten
1084 348 49 22 från
1147 349 37 21 ko-

434 383 72 26 mitén,
521 384 32 20 uti
568 391 26 13 en
608 384 33 20 till
659 384 58 20 Hans
736 384 119 27 Kejserliga
873 384 99 27 Majestät
990 383 92 27 ingifven
1101 383 61 21 skrift
1176 383 8 20 i

434 417 170 28 underdånighet
619 418 71 21 anhöll
705 420 32 19 att
751 417 22 21 få
788 418 34 20 del
837 418 23 20 af
873 418 26 20 de
913 419 45 19 mot
968 416 217 28 kyrkolagsförslaget

434 452 77 27 gjorda
526 452 194 27 anmärkningarna
734 452 34 20 för
783 454 32 18 att
829 452 84 21 komma
927 452 8 20 i
949 452 84 20 tillfälle
1049 454 37 24 att,
1098 459 35 13 om
1147 458 38 14 an-

434 486 86 27 ledning
536 486 70 21 dertill
620 486 101 26 förekom,
738 486 47 21 dem
799 486 92 26 bemöta,
906 486 46 21 blef
965 486 61 21 äfven
1037 486 39 27 jag
1090 485 95 22 inkallad

434 520 33 22 till
482 520 93 22 ledamot
588 521 8 20 i
612 520 69 22 denna
695 521 84 21 komité.
809 520 48 22 Med
873 521 98 21 afseende
987 520 12 21 å
1015 520 40 21 den
1071 522 54 19 1:sta
1139 520 46 28 $:en

434 554 26 23 af
474 555 104 27 förslaget
596 555 85 27 gjordes
699 556 7 20 i
723 555 94 21 komitén
834 555 55 21 blott
908 555 25 21 de
951 557 76 19 tvenne
1045 556 82 20 smärre
1148 556 38 19 än-

436 589 122 27 dringarna,
574 591 32 19 att
621 590 75 20 orden:
712 590 49 26 ,och
778 590 83 20 lärare"
877 590 54 20 efter
945 590 70 20 ordet:
1032 590 83 25 ,läror*
1126 588 59 22 bort-

435 623 115 26 lemnades,
562 626 55 18 samt
629 626 32 18 att
672 624 75 20 orden:
759 624 223 28 ,grunduppfattning
994 624 25 28 af
1030 624 57 20 den
1081 619 10 37 i
1093 623 92 21 nämnde

436 658 73 28 heliga
519 653 89 37 skrifter
619 653 135 37 framställda
765 660 73 19 läran"
846 659 93 27 utbyttes
951 660 44 18 mot
1007 658 75 21 orden:
1095 657 91 29 ,grund-

436 692 193 28 bestämningarna
643 694 9 19 i
667 693 40 21 den
721 693 140 28 uppfattning
880 693 25 28 af
920 692 91 21 nämnde
1030 692 72 28 heliga
1120 692 66 28 skrif-

438 730 43 18 ters
498 728 66 20 lära."
594 727 45 21 Mot
657 727 103 21 komiténs
779 727 70 21 beslut
866 727 81 21 inlades
963 726 55 22 dock
1031 727 155 21 reservationer

437 761 24 21 af
474 761 125 27 erkebiskop
614 762 146 26 Bergenheim,
776 769 45 13 som
836 761 89 21 sålunda
939 760 97 28 frångick
1055 761 40 21 den
1113 760 25 21 af
1149 761 37 21 ho-

437 803 51 13 nom
505 796 8 20 i
532 796 40 21 den
590 796 152 27 ursprungliga
759 796 208 27 kyrkolagskomitén
984 795 85 28 hyllade
1090 796 96 26 mening,

438 830 137 28 domprosten
593 831 57 27 Borg
669 832 54 20 samt
743 830 75 22 doktor
837 838 40 14 von
894 830 73 26 Essen,
991 837 45 14 som
1059 829 53 22 dock
1133 829 55 21 först

437 866 46 20 mot
498 865 63 21 slutet
580 865 24 21 af
620 865 103 21 komiténs
743 865 171 21 sammanträden
932 865 49 21 kom
999 864 33 21 till
1050 864 33 22 sin
1097 864 8 21 i
1119 871 67 14 reser-

438 899 101 22 vationen
553 900 32 21 uti
600 907 26 14 en
635 899 99 27 särdeles
749 900 62 21 säker
827 900 39 21 och
881 899 116 28 afgörande
1011 900 37 20 ton
1059 897 129 22 framhållna

437 932 63 29 åsigt,
518 934 77 21 medan
613 935 49 25 han,
683 933 26 22 då
728 934 40 21 den
783 934 24 21 af
822 934 103 21 komiténs
943 933 111 28 pluralitet
1071 933 117 22 omfattade

437 968 165 22 formulationen
624 969 55 20 först
700 969 115 27 upplästes,
838 969 121 21 förklarade
981 969 32 27 sig
1035 967 86 22 dermed
1139 967 49 21 fullt

437 1002 91 22 belåten.
550 998 11 37 -
558 1003 97 21 Nämnde
670 1005 32 19 tre
717 1005 132 19 reservanter
863 1003 102 21 förenade
983 1003 32 27 sig
1033 1010 34 13 om
1086 1003 41 20 den
1145 1002 43 21 for-

437 1037 105 21 mulation
557 1037 24 22 af
593 1038 52 27 $:en,
660 1037 90 26 hvilken,
767 1037 65 22 sedan
847 1038 40 21 den
902 1037 61 21 äfven
979 1037 23 21 af
1017 1037 120 27 Kejserliga
1152 1036 36 21 Se-

438 1074 64 19 naten
520 1073 77 20 nästan
617 1072 102 27 enhälligt
736 1071 69 22 blifvit
823 1071 110 26 omfattad,
951 1079 30 13 nu
998 1071 113 21 förefinnes
1130 1071 8 20 i
1153 1071 36 20 det

439 1105 24 22 af
482 1106 60 21 Hans
565 1106 119 27 Kejserliga
705 1106 100 27 Majestät
829 1106 33 21 till
888 1105 119 22 Ständerna
1033 1104 155 22 öfverlemnade

437 1140 224 28 kyrkolagsförslaget.

508 1175 70 20 Jemte
597 1175 39 20 och
655 1174 88 21 bredvid
761 1175 56 21 hvad
835 1182 46 14 som
899 1173 90 22 sålunda
1007 1174 123 27 offentligen
1149 1173 40 21 och

439 1210 65 26 öppet
518 1209 69 21 blifvit
601 1209 106 27 tillgjordt
721 1209 48 20 med
784 1209 98 21 afseende
898 1208 12 21 å
926 1209 40 20 den
979 1210 52 19 1:sta
1043 1209 34 26 $:n
1091 1208 7 20 i
1112 1207 77 28 kyrko-

438 1243 150 27 lagsförslaget
609 1243 40 20 har
671 1243 76 21 enskilt
769 1243 40 20 och
830 1243 8 20 i
859 1250 59 20 smyg
941 1250 26 13 en
989 1243 102 27 agitation
1109 1241 24 21 af
1150 1241 40 21 den

439 1279 55 19 mest
512 1277 94 27 sorgliga
627 1277 146 21 beskaffenhet
795 1279 35 25 egt
847 1285 48 12 rum
913 1279 44 18 mot
976 1277 128 24 densamma,
1123 1275 68 22 sådan

440 1311 41 21 den
496 1311 113 21 förefinnes
623 1311 8 21 i
647 1311 35 21 det
697 1310 24 22 år
739 1313 53 19 1863
807 1312 8 20 i
829 1311 61 28 tryck
904 1311 83 27 utgifna
1001 1311 108 26 förslaget.
1139 1309 52 21 Man

439 1346 40 21 har
494 1346 38 20 hos
548 1346 105 27 allmogen
668 1346 40 21 och
723 1346 68 20 andra
804 1353 107 20 personer,
923 1345 70 21 hvilka
1007 1345 47 21 icke
1068 1345 72 20 kunna
1155 1344 35 21 be-

440 1381 85 20 dömma
546 1381 72 24 saken,
637 1380 47 21 sökt
705 1380 119 21 framställa
844 1381 93 27 afsigten
955 1379 48 21 med
1022 1379 69 21 denna
1109 1379 11 26 $
1139 1385 53 14 vara

441 1415 33 20 att
488 1413 92 21 afskaffa
595 1413 40 21 den
650 1413 115 26 lutherska,
778 1413 25 27 ja
818 1413 40 21 den
876 1413 82 20 kristna
976 1413 67 24 läran,
1059 1412 40 21 och
1114 1412 7 20 i
1136 1419 55 13 sam-

439 1448 109 27 manhang
563 1447 87 21 dermed
664 1448 39 20 har
718 1455 49 13 man
782 1447 134 28 naturligtvis
931 1446 114 21 framställt
1060 1446 49 27 mig,
1122 1445 70 21 såsom

442 1483 47 21 dess
508 1482 106 26 redaktör,
631 1489 45 14 som
695 1489 25 14 en
739 1482 41 21 den
794 1482 109 27 farligaste
917 1482 84 21 kättare
1016 1481 40 21 och
1072 1480 77 21 Christi
1164 1480 28 21 ri-

440 1518 39 21 kes
493 1517 75 21 fiende.
598 1517 28 21 Ja
643 1517 158 27 beskyllningar
819 1516 64 22 hafva
901 1516 68 21 blifvit
984 1517 45 20 mot
1042 1515 43 28 mig
1100 1515 92 21 framka-
