1009 1692
310 97 72 23 Nådiga
393 98 136 21 Propositionen
541 98 34 17 N:o
588 100 15 15 1.
787 100 20 16 87

78 159 69 22 talans
165 159 82 27 förlust,
262 159 58 22 inom
338 160 80 28 fjorton
436 160 74 28 dagar,
528 160 96 23 räknade
640 160 49 23 från
708 162 68 28 dagen
794 162 35 22 för

76 194 198 28 valförrättningen,
288 194 80 28 ingifva
386 194 46 22 sina
449 195 77 22 besvär
543 195 33 22 till
594 196 103 28 Kejsaren
712 197 40 21 och
768 196 59 23 Stor-

75 228 93 22 furstens
179 229 238 27 befallningshafvande,
433 237 52 19 som,
499 230 9 21 i
522 230 38 22 fall
576 230 46 22 skäl
634 228 73 24 dertill
721 228 105 25 förekom-

74 270 52 18 mer,
139 270 49 20 eger
198 263 8 21 i
218 263 120 27 embetsväg
353 264 96 21 infordra
463 264 169 22 vederbörandes
647 264 117 29 förklaring
779 266 47 21 der-

75 296 64 26 öfver,
155 299 33 20 att
202 298 57 20 inom
273 298 42 21 viss
329 297 49 21 kort
392 298 32 21 tid
439 298 96 28 afgifvas,
550 299 40 21 och
606 298 120 22 sedermera
740 300 84 21 medde-

74 331 35 22 lar
126 332 38 21 sitt
180 331 72 28 utslag
270 332 7 21 i
295 330 71 28 målet,
385 332 86 22 sednast
489 332 69 28 dagen
576 332 53 22 efter
647 332 47 27 den,
709 332 14 22 &
740 333 85 23 hvilken

73 366 59 22 tiden
150 366 34 22 för
202 366 131 28 förklarings
352 366 120 28 afgifvande
494 366 47 28 gått
561 367 33 21 till
616 367 61 21 ända.
709 368 47 21 Den
778 368 48 22 med

74 400 114 28 Kejsarens
203 400 243 28 befallningshafvandes
460 401 72 28 utslag
542 401 114 28 missnöjde
668 409 50 20 eger
728 404 38 24 att,
778 402 48 22 sed-

73 437 50 19 nast
140 434 46 22 ätta
204 435 67 27 dagar
290 434 53 22 efter
361 434 62 22 deraf
443 434 94 22 erhällen
559 435 40 26 del,
619 435 95 22 deremot
735 436 92 28 fullfölja

74 469 47 22 sina
135 469 82 26 besvär,
232 469 71 21 hvilka
320 469 54 21 böra
392 469 102 21 inlemnas
509 470 34 21 till
557 476 79 15 samme
650 469 174 29 befallningshaf-

72 504 70 22 vande
156 504 40 21 och
212 503 24 21 af
247 504 86 25 honom,
343 503 65 28 jemte
424 504 97 22 deröfver
534 504 111 22 infordrad
656 504 117 28 förklaring
784 505 40 22 och

74 540 48 27 eget
135 538 99 28 yttrande
250 540 54 20 samt
318 538 154 28 handlingarne
487 539 8 20 i
514 538 93 27 ärendet,
626 538 152 29 ofördröjligen
792 540 32 22 in-

74 573 77 22 sändas
172 572 34 22 till
226 573 83 21 landets
331 573 76 28 högsta
426 573 110 27 judiciella
556 573 130 29 myndighet,
709 580 45 15 som
776 574 49 23 dem

74 608 124 28 skyndsamt
212 609 106 26 upptager
332 608 40 21 och
388 607 67 28 afgör.

141 641 113 29 Klagomäl
272 642 59 21 öfver
348 642 34 22 val
403 642 33 21 till
456 642 164 28 landtdagsman
640 642 8 22 i
665 641 159 24 Presteständet

74 677 86 22 anföras
178 676 34 22 för
230 676 158 28 presterskapet
402 676 40 22 och
457 676 117 22 skollärare
589 677 8 21 i
611 676 78 27 stiften,
708 677 39 21 hos
766 678 58 21 dom-

72 711 106 28 kapitlen;
200 712 40 20 och
262 711 62 27 följas
343 711 73 21 dervid
432 711 8 21 i
458 711 65 28 öfrigt
540 711 44 21 lika
602 711 92 27 ordning
712 712 39 21 och
774 718 49 15 ena-

73 746 73 22 handa
163 746 99 27 grunder,
278 752 45 15 som
340 746 40 20 här
398 745 109 22 ofvanföre
525 745 68 21 finnas
612 745 117 22 utstakade.
760 741 64 26 Öfver

73 780 35 22 val
122 780 24 22 af
159 780 164 28 landtdagsman
333 780 35 21 vid
380 780 150 22 Universitetet
544 779 86 22 anföras
644 779 107 28 klagomål
765 780 58 22 inom

74 814 80 29 fjorton
165 814 67 29 dagar
243 814 91 22 derefter
344 815 39 21 hos
394 814 83 22 landets
487 815 78 27 högsta
573 814 110 28 judiciella
692 812 130 31 myndighet.

417 877 11 28 &
446 879 32 20 17.

140 919 27 28 Ej
182 917 36 23 mä
232 918 47 26 den,
295 925 46 15 som
354 917 34 22 till
405 917 163 28 landtdagsman
584 917 70 22 blifvit
667 917 55 27 vald,
740 918 82 21 undan-

75 953 67 28 draga
160 954 32 27 sig
210 953 69 22 denna
296 952 128 28 befattning,
440 952 38 22 der
495 953 44 20 han
554 952 18 28 ej
588 951 80 22 förmår
682 953 46 21 visa
742 951 82 23 sådana

73 988 82 27 hinder,
174 988 47 21 dem
239 987 79 22 allmän
335 987 36 28 lag
388 990 106 25 upptager
512 985 70 24 säsom
602 986 50 28 laga
673 986 79 27 förfall,
770 987 52 21 eller

73 1022 93 28 uppnätt
181 1023 66 21 sextio
263 1021 35 22 ärs
313 1021 65 22 älder.

141 1057 109 27 Afsägelse
272 1056 24 22 af
315 1055 299 28 landtdagsmannauppdrag,
636 1062 45 15 som
704 1057 62 26 göres
786 1053 36 24 vid

74 1091 124 26 valtillfälle,
212 1091 86 27 pröfvas
316 1090 24 22 af
352 1090 170 22 valförrättaren.
552 1089 54 22 Sker
624 1089 103 28 afsägelse
746 1089 77 24 efteråt

74 1133 49 15 men
140 1127 66 20 innan
224 1125 120 22 Ständerna
358 1125 189 26 sammankommit,
562 1123 85 28 pröfvas
662 1124 73 21 skälen
750 1123 72 23 derför

73 1160 25 21 af
109 1160 104 27 Kejsaren
227 1160 41 21 och
282 1158 141 22 Storfurstens
437 1157 237 29 befallningshafvande,
686 1159 51 21 eller
747 1158 74 22 veder-

73 1194 95 22 börande
184 1193 134 28 domkapitel,
334 1193 51 21 eller
400 1193 159 21 Universitetets
574 1192 160 22 Konsistorium.

141 1227 43 22 Vill
198 1226 71 29 någon
283 1227 64 27 klaga
361 1227 58 21 öfver
433 1226 76 27 beslut,
523 1227 8 20 i
546 1226 112 28 anledning
673 1226 23 21 af
708 1225 66 22 skedd
789 1226 31 21 af-

74 1262 82 27 sägelse
166 1261 49 22 utaf
222 1260 296 28 landtdagsmannauppdrag,
533 1259 90 22 förfares
637 1261 8 21 i
659 1260 99 22 afseende
770 1259 52 22 derä

74 1296 70 23 såsom
159 1296 7 21 i
182 1297 26 20 16
224 1297 10 27 &
250 1295 63 28 sagdt
327 1297 30 20 är.

142 1329 74 21 Under
232 1329 117 27 pästäende
366 1329 102 26 landtdag
485 1327 36 22 mä
536 1328 18 27 ej
569 1327 163 28 landtdagsman
747 1328 74 27 afsäga

74 1365 34 26 sig
125 1364 33 21 sin
174 1363 130 27 befattning,
321 1364 53 20 utan
391 1363 32 20 att
440 1362 42 21 han
500 1362 58 21 visar
575 1360 76 23 sädant
671 1361 82 27 hinder,
776 1368 46 15 som

76 1398 122 29 godkännes
212 1397 24 22 af
249 1396 35 23 det
298 1395 69 28 stånd,
381 1395 86 24 hvartill
480 1396 43 23 han
537 1395 70 23 hörer.
