1000 1692
194 133 32 16 272

399 132 75 23 Nådiga
483 134 137 21 Propositionen
632 134 33 16 N:o
678 134 17 16 4.

542 197 12 27 $
569 196 49 20 126.

294 239 82 29 Bryter
390 242 63 25 prest
471 239 125 21 annorledes
615 242 45 17 mot
679 240 38 20 sitt
736 239 86 21 embetes
836 239 85 29 pligter

238 274 82 21 såsom:
336 277 32 18 att
383 273 43 22 han
440 274 37 21 vid
493 273 100 30 kyrkliga
602 274 171 29 förrättningar
786 274 30 29 pä
832 274 89 21 svårare

238 310 45 19 sätt
298 308 83 29 afviker
391 309 57 28 frän
463 309 41 21 den
520 313 96 24 antagna
630 308 136 26 handboken;
780 308 118 22 inblandar
912 309 10 20 i

234 343 110 28 predikan
359 343 36 22 det
410 343 113 29 obehörigt
542 345 37 24 är;
598 344 57 28 lyser
673 344 36 21 till
729 343 117 29 äktenskap
860 345 10 19 i
885 351 37 13 an-

238 386 44 13 nan
294 378 137 29 församling
450 379 29 20 än
498 379 38 20 der
555 378 82 21 bruden
655 378 150 29 kyrkskrifven
820 379 33 25 är,
870 379 52 21 eller

239 414 61 27 viger
315 417 53 17 utan
383 417 33 16 att
435 413 65 29 hafva
518 413 147 28 vederbörligt
680 414 61 28 intyg
761 414 59 28 öfver
836 413 86 21 hinder-

240 448 68 20 löshet
323 448 36 21 till
374 449 78 27 vigsel;
467 447 62 22 söker
545 449 33 20 sin
593 448 118 28 befordran
725 455 75 21 genom
815 448 108 29 röstvärf-

239 483 60 28 ning,
322 483 64 28 olaga
409 483 126 28 lönebeting,
562 486 46 25 eget
628 483 138 28 förordande
792 483 52 21 eller
866 483 57 21 med-

239 516 103 29 sökandes
351 517 146 28 förklenande
513 518 51 20 eller
584 517 70 21 andra
673 517 91 30 olofliga
782 518 76 25 medel;
871 518 52 29 för-

240 559 94 14 summar.
349 552 52 21 eller
416 552 126 22 värdslösar
558 553 38 20 sitt
611 552 77 21 embete
704 553 51 20 eller
770 554 41 27 gör
823 553 33 28 sig
868 551 55 30 skyl-

238 587 39 27 dig
293 587 36 20 till
343 586 106 21 missbruk
465 587 69 28 deraf;
550 588 70 27 ligger
636 594 75 21 genom
727 591 45 24 eget
780 587 142 28 förvällande

238 622 10 19 i
262 620 36 29 kif
311 621 38 21 och
364 621 83 28 osämja
461 621 47 21 med
524 622 48 20 sina
590 621 156 30 embetsbröder
761 622 51 21 eller
826 622 98 29 försam-

241 655 200 28 lingsmedlemmar,
460 657 52 20 eller
532 656 94 29 befattar
646 657 33 28 sig
698 657 69 21 såsom
786 656 136 29 sakdrifvare

239 689 48 21 med
309 691 152 27 rättegängar,
484 691 24 20 de
531 691 37 20 der
592 691 95 20 hvarken
709 691 81 26 honom,
810 691 47 21 dem
879 698 44 13 som

239 724 68 21 under
323 724 53 21 hans
392 725 54 28 vilja
461 725 34 22 stä
510 726 52 20 eller
576 725 119 29 prestbolet
711 726 66 27 angä;
792 726 82 20 inläter
889 726 33 27 sig

240 759 9 20 i
264 759 137 28 handtering,
418 767 44 13 som
477 760 19 27 ej
511 759 86 21 skickar
613 761 33 27 sig
655 760 42 28 för
709 759 53 22 hans
774 760 84 26 embete,
870 760 52 21 eller

240 787 157 27 åstadkommer
412 801 75 20 genom
502 795 39 20 sitt
549 794 144 29 förhållande
709 795 125 20 annorledes
843 795 80 28 förar-

238 828 67 28 gelse;
325 828 97 29 straffas,
441 829 55 28 efter
514 829 54 21 hvar
587 828 48 21 saks
654 828 150 30 beskaffenhet,
822 829 48 21 med
889 836 34 13 en-

240 862 51 21 skilt
310 863 51 20 eller
381 863 99 29 offentlig
500 864 98 28 varning,
616 864 85 28 förlust
724 864 25 28 af
766 864 36 20 lön
817 864 59 28 från
898 871 25 13 en

240 897 35 21 till
293 904 36 13 sex
346 897 104 21 månader
465 898 58 26 eller,
540 906 33 12 om
592 898 211 28 omständigheterna
818 899 116 29 synnerli-;

239 938 40 21 gen
292 932 149 28 försvårande
461 934 46 26 äro,
526 933 47 21 med
592 934 124 27 suspension
724 933 58 29 från
796 934 38 20 två
848 934 75 20 måna-

240 965 39 21 der
296 966 34 21 till
346 969 30 18 ett
391 967 33 20 år.

500 1022 26 28 $$
541 1020 119 23 197139.
807 1052 2 3 i

359 1066 61 28 (Lika
434 1067 49 21 med
498 1068 24 27 $$
539 1069 109 20 128—133
664 1068 8 21 i
686 1068 118 28 förslaget.)

542 1140 12 28 $
568 1139 49 21 133.

295 1182 89 31 Biskop,
408 1184 174 30 kontraktsprost
605 1186 38 20 och
666 1185 130 29 kyrkoherde
818 1186 36 21 må
877 1186 44 26 ock,

240 1217 54 21 hvar
309 1218 39 20 och
363 1226 25 12 en
402 1220 10 19 i
426 1220 34 19 sin
475 1220 54 25 stad,
545 1220 53 25 dem,
617 1228 44 12 som
679 1221 68 20 under
766 1221 62 20 deras
848 1221 74 27 tillsyn

238 1252 9 18 i
265 1250 38 21 och
315 1252 43 28 för
376 1252 88 20 embetet
483 1254 39 25 stå,
544 1253 77 21 enskilt
638 1262 70 13 varna
727 1254 37 20 och
782 1254 40 21 den
832 1255 89 27 felande

233 1285 66 29 förty
321 1286 35 20 till
378 1287 34 27 sig
434 1286 65 22 kalla.
538 1282 84 26 Önskar
645 1288 68 21 denne
739 1289 60 29 öfver
822 1289 99 28 ägängen

238 1320 94 28 varning
355 1319 109 31 skriftligt
486 1322 66 26 bevis,
575 1322 36 21 må
633 1322 36 22 det
691 1324 20 27 ej
732 1323 76 21 honom
832 1324 88 27 vägras.

238 1353 102 22 Kommer
360 1352 42 24 han
421 1356 25 29 ej,
466 1356 28 21 då
513 1357 43 21 han
574 1356 76 28 kallas,
669 1358 36 20 må
723 1359 102 20 anmälan
848 1358 73 21 derom

239 1388 38 21 och
296 1396 33 14 om
349 1390 89 21 orsaken
458 1392 34 20 till
511 1391 101 22 kallelsen
631 1392 36 21 hos
686 1392 140 29 domkapitlet
847 1394 73 27 göras,

238 1423 39 21 och
299 1423 81 22 erhålle
403 1425 43 21 han
468 1426 29 21 då
519 1427 99 28 offentlig
641 1429 94 27 varning
757 1429 51 20 eller
831 1428 89 21 svårare

238 1459 70 27 näpst,
324 1457 57 30 efter
394 1467 44 14 som
454 1459 63 23 saken
533 1462 26 20 är
575 1462 42 21 till.
