1700 1836
660 178 70 23 Nådiga
742 179 136 22 Propositionen
889 181 35 16 N:o
937 182 15 15 1:
1135 182 19 16 7

431 240 132 23 fortfarande
584 241 54 22 böra
659 241 93 23 vidhålla
773 241 183 29 nödvändigheten
978 241 66 28 deraf,
1067 244 32 20 att
1115 243 64 28 ingen

430 274 62 29 fråga
506 276 76 21 blifver
597 276 61 22 olöst.
684 275 73 29 Enligt
768 276 26 22 de
804 277 103 21 utskottet
917 277 124 21 meddelade
1052 278 126 27 protokolls-

429 310 79 27 utdrag
522 309 85 31 fordrar
622 311 148 28 ridderskapet
784 311 41 21 öch
840 311 62 21 adeln
917 313 32 19 att
963 311 42 21 fem
1020 311 122 27 sjettedelar
1157 312 23 26 af

430 343 26 22 de
471 343 81 28 afgifna
566 345 97 20 rösterna
681 340 60 26 skola
759 344 80 22 utfallit
855 345 35 21 för
908 353 26 13 en
953 344 60 29 åsigt,
1029 345 65 22 innan
1109 345 70 22 denna

430 377 42 22 kan
491 378 57 27 gälla
566 377 70 22 såsom
655 380 30 19 ett
703 379 126 28 ständernas.
846 379 71 22 beslut
931 379 72 22 derom
1017 381 32 20 att
1063 379 115 28 bevillning

429 412 93 27 antagits
534 412 50 21 eller
595 413 74 26 anslag
681 414 79 19 ansetts
772 413 79 27 nödigt.
880 413 101 22 Deremot
995 413 76 21 saknas
1086 413 92 21 bestäm-

428 447 52 26 ning
495 446 72 22 derom
583 447 106 21 huruvida
707 449 30 19 ett
755 447 124 22 ständernas
897 447 70 22 beslut
985 447 61 22 äfven
1064 447 113 22 förefinnes

428 480 8 22 i
450 481 102 21 händelse
571 481 141 22 omförmälda
729 480 156 29 röstpluralitet
902 482 35 21 för
954 481 61 22 bifall
1032 482 46 21 icke
1095 482 83 21 kunnat

428 514 99 27 erhållas,
544 515 68 21 ehuru
627 515 36 22 det
676 516 35 21 väl
725 515 42 22 kan
777 516 69 21 tolkas
857 515 90 22 sålunda
958 518 31 19 att
999 513 35 24 vid
1045 516 40 21 slik
1095 515 82 28 utgång

429 549 116 21 ständerna
559 549 106 21 förkastat
679 549 82 28 frågan.
791 549 179 28 Borgareståndet
984 551 55 20 samt
1049 549 127 22 bondestån-

428 583 36 22 det
482 584 64 21 hafva
564 582 46 23 åter
627 584 142 28 uttryckligen
787 583 104 22 förklarat
909 586 32 19 att
958 582 35 22 två
1011 583 129 28 tredjedelar
1154 582 25 22 af

426 617 270 22 utskottsmedlemmarnes
713 619 69 20 röster
800 618 107 21 erfordras
925 618 34 21 för
977 619 31 19 att
1025 615 102 24 förstärkt
1141 619 33 19 ut-

428 652 68 22 skotts
518 652 70 21 beslut
606 651 7 22 i
633 652 61 22 dessa
711 651 73 29 frågor
803 652 54 22 skall
875 659 61 14 anses
958 650 70 23 såsom
1049 652 126 21 ständernas

427 686 76 22 beslut.
533 686 11 21 I
557 686 101 22 händelse
673 686 81 22 således
765 685 36 23 två
811 684 128 30 tredjedelar
953 686 25 21 af
989 686 113 21 utskottets
1117 686 58 20 med-

427 720 89 22 lemmar
530 721 47 21 icke
591 721 74 21 förena
680 722 32 26 sig
727 723 32 19 att
772 721 90 21 besvara
873 728 26 13 en
910 719 119 23 framställd
1043 720 133 28 proposition

427 755 49 21 med
494 755 100 29 antingen
609 755 26 28 ja
654 756 51 20 eller
722 756 41 28 nej,
785 755 48 26 kan,
856 754 65 28 enligt
939 754 61 22 dessa
1018 754 68 28 begge
1101 753 74 23 stånds

425 789 77 26 beslut,
517 788 66 28 något
598 790 125 20 ständernas
740 789 70 21 beslut
827 790 7 20 i
852 788 76 28 frågan
945 788 47 22 icke
1009 788 164 22 åstadkommas.

425 824 73 27 Enligt
516 824 239 27 grundlags-utskottets
772 824 64 20 tanke
853 830 50 14 vore
921 823 36 21 det
971 823 8 20 i
993 824 37 26 thy
1048 823 38 21 fall
1103 823 71 21 bättre

425 859 33 20 att
476 856 108 23 bibehålla
601 865 29 13 nu
652 858 124 27 begagnade
797 859 43 20 sätt
861 859 31 20 att
913 856 88 22 medelst
1022 857 153 28 inbjudningar

424 892 88 22 försöka
534 891 146 22 åstadkomma
701 892 40 22 den
763 892 182 27 samstämmighet
965 890 89 22 stånden
1077 890 95 27 emellan,

425 933 47 15 som
487 926 108 22 erfordras
609 926 34 22 för
658 925 187 23 åstadkommande
860 925 23 22 af
896 928 31 19 ett
941 926 126 21 ständernas
1081 925 76 22 beslut.

493 961 30 21 Af
536 961 36 22 det
585 961 114 28 protokoll,
716 969 45 14 som
775 961 72 22 fördes
857 960 35 22 vid
907 960 146 22 diskussionen
1068 967 34 14 om
1117 959 55 30 före-

424 996 94 22 varande
536 997 12 28 '$
565 996 8 21 i
590 995 183 29 borgareständet,
796 996 39 21 och
857 1003 45 14 som
925 994 104 29 delgifvits
1048 992 124 31 grundlags-

424 1031 109 26 utskottet,
548 1031 40 21 har
602 1031 103 21 utskottet
715 1031 69 21 funnit
795 1032 32 19 att
838 1030 35 22 det
884 1029 118 29 egentligen
1015 1030 56 21 varit
1085 1029 87 22 fruktan

423 1065 34 22 för
473 1068 29 19 ett
518 1066 38 21 allt
569 1065 34 22 för
617 1066 41 21 lätt
673 1065 185 28 genomdrifvande
872 1065 24 21 af
909 1064 73 28 anslag
997 1064 51 21 eller
1062 1063 108 23 bevillnin-

424 1107 45 21 gar,
484 1101 100 27 möjligen
599 1099 29 28 pä
646 1102 31 19 ett
695 1100 50 21 eller
760 1101 65 20 annat
840 1099 72 21 ständs
927 1099 122 26 bekostnad,
1065 1106 46 14 som
1126 1099 45 20 dik-

422 1136 58 20 terat
497 1134 94 22 ständets
609 1134 70 21 beslut
697 1135 7 20 i
721 1133 138 22 förevarande
877 1133 66 28 fräga,
966 1133 40 21 och
1024 1131 47 23 frän
1089 1139 81 15 samma

424 1168 64 22 orsak
502 1169 61 21 torde
573 1176 51 13 man
635 1168 61 21 äfven
707 1169 72 20 kunna
789 1168 88 21 härleda
888 1167 148 27 ridderskapet
1047 1167 39 21 och
1097 1167 73 21 adelns

423 1205 55 20 samt
496 1202 165 22 bondeståndets
679 1203 40 21 här
737 1202 62 22 ofvan
818 1201 139 22 omförmälda
974 1201 70 22 beslut
1061 1202 8 20 i
1086 1200 82 28 frågan.

422 1238 42 20 Det
478 1237 62 21 torde
558 1236 81 22 således
657 1236 73 22 kunna
745 1238 96 26 antagas,
857 1238 32 19 att
903 1236 62 21 dessa
979 1237 32 20 tre
1026 1234 73 23 stånds
1114 1234 55 28 äsigt

423 1271 118 28 egentligen
557 1272 24 19 är
597 1271 46 25 den,
662 1273 31 18 att
712 1278 25 13 en
755 1271 42 20 viss
815 1270 154 27 röstpluralitet
983 1270 53 21 skall
1051 1276 52 14 vara
1116 1269 52 21 nöd-

422 1305 83 28 vändig,
524 1305 34 21 för
577 1307 32 19 att
627 1305 114 21 ständerna
759 1305 60 20 skola
837 1311 61 14 anses
915 1301 64 24 hafva
995 1304 78 21 bifallit
1090 1303 33 22 till
1138 1305 30 19 ett

422 1339 75 28 anslag
512 1339 50 21 eller
578 1347 26 13 en
618 1339 120 27 bevillning,
753 1341 56 19 samt
824 1341 31 18 att
869 1339 121 24 ständerna,
1005 1339 7 20 i
1026 1337 101 22 händelse
1141 1345 26 14 en

422 1373 40 21 slik
476 1373 155 26 röstpluralitet
645 1373 35 20 vid
694 1373 95 26 votering
804 1373 7 20 i
825 1373 102 21 förstärkt
944 1372 80 21 utskott
1038 1372 46 21 icke
1099 1371 68 22 erhöl-

421 1407 37 24 les,
474 1412 61 15 anses
552 1407 65 20 hafva
633 1407 76 26 vägrat
726 1407 75 19 bifalla
819 1407 95 25 anslaget
933 1406 50 20 eller
1001 1407 76 25 utgöra
1094 1405 72 20 bevill-

421 1440 84 27 ningen.
534 1439 61 22 Dock
609 1439 78 26 kunna,
706 1439 61 22 äfven
782 1446 35 14 om
832 1439 35 21 det
881 1441 87 25 antages
983 1441 31 19 att
1029 1439 69 20 denna
1112 1445 54 20 upp-

421 1475 91 27 fattning
528 1473 25 22 af
564 1474 27 21 de
605 1475 33 20 tre
653 1473 99 24 ständens
763 1473 70 22 beslut
844 1472 25 22 är
880 1472 40 23 den
929 1472 85 29 riktiga,
1028 1472 36 22 vid
1073 1472 93 28 tillämp-
