1009 1692
226 127 31 15 118
428 124 71 23 Nådiga
510 125 136 21 Propositionen
658 124 34 16 N:o
705 125 16 15 2.

270 189 10 19 1
300 193 63 15 mom.
382 187 24 21 af
422 188 12 20 2
454 188 11 26 &
483 187 8 20 i
504 184 79 30 nådiga
597 186 159 27 propositionen
770 184 118 22 innehåller
902 184 46 22 åter

200 222 160 27 bestämningar
377 220 110 28 angående
506 220 40 21 den
564 220 124 27 ersättning,
710 226 46 14 som
774 219 39 21 bör
831 218 118 22 tillkomma

202 256 48 22 civil
264 256 91 21 embets-
370 254 51 22 eller
435 255 133 27 tjensteman,
583 253 84 22 hvilken
680 253 53 21 efter
743 253 73 27 lagens
827 253 122 27 promulga-

201 291 45 21 tion
260 290 92 21 tillträdt
366 289 48 22 dess
424 289 125 28 befattning,
562 289 40 21 och
613 295 61 21 synes
686 288 36 21 det
732 288 102 21 utskottet
845 289 33 20 att
888 287 62 22 dessa

201 324 160 28 bestämningar
375 325 108 20 motsvara
497 323 58 22 såväl
569 323 114 22 rättvisans
698 329 46 15 som
757 322 134 28 billighetens
906 322 43 21 for-

203 360 93 27 dringar.
326 359 58 21 Enär
402 359 105 27 nemligen
526 358 26 21 de
570 357 123 28 uppställda
711 356 94 23 vilkoren
823 358 39 21 äro
879 357 71 22 kända

202 394 34 22 för
251 394 54 26 dem,
320 401 46 14 som
381 393 91 21 derefter
487 392 81 22 ansöka
582 392 81 21 embete
678 392 52 21 eller
744 392 71 27 tjenst,
826 389 42 24 kah
879 391 71 28 någon

202 428 103 22 orättvisa
321 427 47 22 icke
386 434 62 15 anses
468 427 46 21 dem
532 426 98 28 tillfogad
646 426 121 28 derigenom
782 428 32 19 att
829 426 32 26 de,
876 426 7 21 i
898 426 52 21 hän-

202 462 58 22 delse
279 462 62 21 deras
360 461 143 28 befattningar
521 461 107 27 indragas,
648 461 74 21 endast
739 461 8 20 i
765 462 75 20 tvenne
859 459 35 23 års
912 460 38 27 tid,

202 496 68 22 under
284 496 84 21 hvilken
383 495 26 22 de
424 495 107 22 dessutom
545 495 62 22 torde
620 495 66 22 hinna
697 495 81 22 ansöka
788 495 40 22 och
838 495 112 22 befordras

202 531 34 21 till
257 530 68 22 andra
346 529 150 28 befattningar,
519 529 81 22 erhålla
620 529 40 21 full
681 530 117 27 ersättning
817 529 65 28 enligt
900 529 26 22 de
943 529 8 22 i

202 564 130 29 föregående
346 565 11 27 $
372 564 104 27 stadgade
490 563 99 29 grunder,
604 563 117 29 hvarjemte
732 563 61 22 äfven
804 565 80 20 statens
896 563 55 29 skyl-

203 599 73 28 dighet
294 601 32 19 att
344 599 81 28 skydda
444 599 61 21 deras
524 599 96 25 existens,
643 599 71 21 hvilka
732 600 64 26 egnat
814 599 37 20 sitt
868 598 27 22 lif
912 598 39 22 och

204 634 47 22 sina
265 633 81 22 krafter
362 632 22 22 åt
398 633 48 22 dess
460 633 71 27 tjenst,
546 633 62 21 torde
622 640 52 14 vara
688 633 98 27 behörigt
800 633 109 27 iakttagen
925 631 27 23 dä

204 668 89 22 embets-
309 667 51 22 eller
374 668 132 28 tjensteman,
522 667 54 22 efter
587 667 62 22 dessa
658 666 37 23 två
706 666 35 23 års
752 667 92 28 förlopp,
860 666 92 23 erhåller

197 702 31 23 :sä
242 703 90 27 mycket,
347 709 45 14 som
407 702 78 21 honom
500 702 67 21 skulle
581 702 102 26 tillbordt,
699 709 35 14 om
748 702 43 21 han
805 701 147 28 författnings-

204 737 67 28 enligt
285 737 55 22 varit
354 737 33 21 till
402 736 38 21 full
455 737 89 27 pension
557 736 127 28 berättigad.

271 771 62 22 Hvad
352 770 46 23 åter
416 770 67 28 angår
501 777 75 15 senare
594 772 115 20 momentet
727 771 8 20 i
754 771 69 21 denna
838 771 11 27 $
864 771 40 21 har
918 772 34 20 ut-

204 807 78 21 skottet
299 805 29 28 pä
346 805 154 22 ofvananförda
517 805 46 22 skäl
581 805 80 28 afskiljt
680 805 118 21 detsamma
814 805 34 21 till
862 805 90 22 särskild

204 841 19 28 8,
238 847 46 15 som
298 839 75 23 blifver
389 840 40 21 den
443 839 69 28 tredje
526 839 7 21 i
548 839 124 28 ordningen.

272 875 109 21 Utskottet
398 875 40 21 har
456 874 67 21 redan
540 874 40 21 här
599 874 62 22 ofvan
680 874 75 28 antydt
773 876 32 20 att
823 874 68 22 under
904 874 48 29 krig

205 911 30 21 ett
248 910 62 21 lands
325 910 71 21 aktiva
410 908 152 29 militärstyrka
576 908 68 22 mäste
658 908 92 27 förökas,
766 909 88 21 emedan
870 909 35 21 det
919 909 33 22 för

205 944 74 28 hvarje
294 946 44 19 stat
351 944 73 21 vore
416 939 17 37 i
441 944 42 27 hög
501 943 54 28 grad
576 943 136 28 betungande
734 946 32 18 att
785 943 79 28 jemväl
885 944 68 21 under

205 978 89 22 fredstid
308 977 126 23 underhålla
448 985 26 14 en
488 978 145 27 truppstyrka,
645 985 45 14 som
702 978 75 21 endast
787 977 7 21 i
806 977 147 22 förstnämnda

205 1013 38 21 fall
258 1013 24 21 af
294 1012 98 22 behofvet
406 1012 103 27 päkallas.
538 1012 61 21 Efter
612 1011 187 28 krigstillständets
811 1012 42 21 slut
863 1011 90 28 uppstär

206 1046 84 22 derföre
304 1054 26 14 en
348 1046 157 28 nödvändighet
523 1048 31 19 att
571 1046 92 27 upplösa
681 1045 107 22 mähända
806 1047 68 20 större
892 1046 61 21 delen

206 1081 24 21 af
242 1081 26 21 de
282 1081 68 21 under
364 1080 69 27 kriget
448 1082 100 25 uppsatta
562 1082 95 24 trupper,
676 1080 137 27 hvarigenom
830 1087 27 14 en
874 1079 79 28 mängd

205 1114 35 22 vid
262 1114 48 22 dem
332 1114 106 22 anställda
460 1114 89 21 embets-
568 1114 40 21 och
625 1114 126 27 tjenstemän
770 1113 116 28 entledigas
904 1112 49 22 från

204 1148 148 28 tjenstgöring,
381 1148 89 21 Komme
481 1148 43 21 alla
535 1148 61 21 dessa
607 1149 32 19 att
649 1147 132 22 fortfarande
796 1148 98 27 uppbära
905 1148 48 21 dem

205 1182 34 23 för
253 1182 167 28 tjenstgöringen
431 1182 161 21 tillförsäkrade
606 1182 170 25 löneinkomster,
794 1182 68 21 skulle
877 1181 76 21 sädant

206 1216 137 27 ovilkorligen
357 1216 97 21 medföra
469 1218 58 19 stora
544 1216 148 27 uppoffringar
706 1216 35 21 för
755 1216 137 21 statskassan.
922 1214 31 23 På

206 1250 62 22 dessa
288 1250 47 21 skäl
356 1250 40 20 har
417 1250 159 27 lagstiftningen
594 1250 7 20 i
622 1249 26 21 de
665 1249 61 21 flesta
744 1251 66 19 stater
828 1250 7 20 i
854 1250 98 21 afseende

206 1283 54 22 härå
274 1283 104 27 uppställt
393 1283 40 21 den
447 1283 139 27 bestämning,
602 1284 32 20 att
648 1283 94 21 militära
755 1283 133 27 tjenstemän,
907 1290 45 14 som

205 1318 47 22 icke
270 1317 108 23 användas
395 1317 8 21 i
421 1317 57 22 aktiv
497 1318 146 27 tjenstgöring,
662 1316 81 23 erhålla
764 1317 48 22 half
831 1318 47 21 sold
900 1318 51 21 eller

205 1353 81 21 hälften
300 1352 25 22 af
338 1352 25 22 de
377 1351 161 28 löneförmåner,
554 1359 46 15 som
614 1351 74 29 åtfölja
702 1352 152 28 befattningen,
866 1352 28 22 då
906 1352 45 22 der-

206 1387 48 23 med
268 1387 80 28 verklig
362 1387 140 28 tjenstgöring
517 1388 25 20 är
556 1386 95 22 förenad.
681 1386 152 29 Upptagandet
847 1387 24 21 af
884 1387 68 22 denna

206 1422 114 29 grundsats
341 1421 89 22 föreslås
451 1422 8 20 i
480 1421 78 28 nådiga
575 1421 169 28 propositionens
763 1423 12 20 3
794 1422 18 28 &,
832 1422 39 21 och
890 1429 62 15 anser

203 1457 78 28 jemväl
303 1457 103 20 utskottet
426 1455 29 28 på
476 1455 155 23 ofvananförda
651 1456 46 21 skäl
719 1457 32 27 sig
772 1457 54 21 böra
847 1457 105 27 tillstyrka
