1009 1689
309 97 72 24 Nådiga
392 99 136 22 Propositionen
540 100 35 17 N:o
588 101 26 16 11.
782 101 34 16 491

157 162 22 28 a)
196 160 27 23 då
237 160 72 30 någon:
323 163 57 22 förer
395 163 63 28 afvog
472 163 61 23 sköld
548 165 57 21 emot
618 163 56 22 riket
688 163 58 27 eller,
761 164 8 21 i
783 171 54 20 upp-

189 195 34 24 såt
240 198 32 22 att
290 197 63 28 döda,
372 197 95 24 föröfvar
484 197 150 34 våldsgerning
652 199 56 22 emot
726 191 112 44 Kejsaren,

189 233 143 28 Kejsarinnan
350 233 52 22 eller
421 234 62 22 deras
501 234 55 22 barn
575 234 37 28 (M.
631 233 25 22 B.
677 235 13 20 4
704 233 50 28 kap.
771 234 39 27 1$
826 234 10 20 1

190 268 40 21 och
245 269 12 20 2
272 269 82 27 moni.).

156 307 23 28 b)
200 306 27 22 dä
244 307 104 28 någon,.
339 302 13 38 i
366 307 78 28 uppsåt
459 310 32 19 att
506 308 62 26 döda,
584 308 48 21 med
646 307 78 22 berädt
737 307 51 22 mod
801 307 37 22 be-

189 341 72 23 röfvar
276 349 71 15 annan
361 342 60 22 lifvet
437 343 37 28 (M.
489 343 25 21 B.
532 344 25 20 12
572 343 49 27 kap.
639 344 9 19 1
665 343 11 28 $
692 351 27 13 m.
735 342 38 29 f.).

154 387 125 23 Dödsstraff
294 388 123 21 verkställes
435 389 90 21 medelst
542 388 164 29 halshuggning,
725 388 41 22 och
780 388 58 22 kom-

86 429 46 15 mer
151 421 63 23 alltsä
232 422 42 22 den
291 422 8 22 i
316 422 37 29 lag
370 424 82 20 utsatta
469 423 117 27 skärpning
605 422 62 22 deraf
680 430 76 21 genom
771 423 69 27 högra

87 456 96 23 handens
202 457 137 28 afhuggande
354 459 55 20 samt
424 458 40 21 den
480 458 56 22 döda
550 458 107 27 kroppens
672 458 111 28 styckning
798 457 40 22 och

87 492 124 22 utsättande
228 490 29 30 pä
275 492 73 28 stegel,
367 492 51 22 eller
436 492 147 28 förbränning,
602 491 58 23 säväl
675 499 46 15 som
735 490 104 23 rädbräk-

86 527 52 28 ning
157 528 41 21 och
216 527 38 22 allt
272 528 66 20 annat
356 528 44 21 sätt
417 527 34 22 för
471 526 147 23 dödsstraffets
635 527 157 24 verkställande
806 528 34 20 att

87 562 34 22 för
136 561 114 23 framtiden
264 562 105 28 upphöra.

156 604 12 20 2
185 603 18 27 8.
233 602 43 22 För
291 601 70 23 annan
376 603 147 29 missgerning,
540 610 45 15 som
600 603 66 28 enligt
679 603 36 28 lag
730 602 52 22 eller
794 602 44 28 gäl-

87 637 64 22 lande
165 637 127 27 författning
307 638 25 20 är
346 638 49 21 med
411 637 117 22 dödsstraff
537 637 83 29 belagd,
632 637 64 22 varde
708 637 41 21 den
760 637 79 22 brotts-

86 671 44 29 lige
149 671 63 22 dömd
230 672 33 20 till
280 672 88 21 tukthus
386 671 30 28 på
432 672 74 26 lifstid,
526 672 57 26 eller,
602 672 38 21 der
657 671 119 22 mildrande
794 679 45 14 om-

88 706 146 28 ständigheter
257 706 138 27 förekomma,
413 706 29 28 på
459 707 30 21 tio
508 706 52 22 eller
578 706 42 22 tolf
636 705 30 22 år.
699 706 65 21 Detta
782 706 57 21 stad-

89 741 69 28 gande
179 740 55 28 gälle
255 740 65 22 likväl
338 740 18 28 ej
376 741 162 21 nedannämnde
556 741 48 21 med
624 739 117 23 dödsstraff
756 740 84 22 härför-

88 776 65 20 innan
171 775 77 27 belaga
266 775 144 28 förbrytelser,
430 775 33 21 för
471 775 78 22 hvilka
564 775 82 22 straffet
660 775 127 28 härigenom
803 776 37 20 än-

88 810 51 22 dras
153 809 30 29 på
197 811 43 20 sätt
254 810 148 28 efterföljande
416 811 24 27 $$
455 812 100 20 närmare
568 809 114 23 innehålla.

158 852 12 20 3
186 851 18 28 $.
232 850 101 28 Hvilken,
349 858 46 15 som
412 850 136 30 uppsåtligen
562 851 49 21 med
630 850 39 22 ord
688 850 51 22 eller
755 850 85 22 skrifter

88 886 68 22 lastar
174 886 40 21 och
233 886 86 21 smädar
338 886 55 26 Gud,
412 886 59 21 Hans
489 886 72 28 heliga
575 886 39 21 ord
629 886 40 21 och
684 885 155 27 sakramenten,

89 921 101 25 dömmes,
206 927 34 14 om
256 921 35 21 det
307 920 18 28 ej
341 920 48 22 sker
404 920 103 22 obetänkt
522 921 40 21 och
576 920 24 21 af
612 920 114 27 hastighet,
740 920 34 21 till
783 920 57 21 tukt-

89 954 105 22 husstraff
209 953 49 23 från
276 955 40 22 och
334 955 49 21 med
401 961 37 15 sex
456 954 103 22 månader
578 954 34 21 till
630 954 40 21 och
687 955 49 21 med
755 954 48 28 fyra
817 952 25 23 år

90 989 38 29 (M.
143 989 24 22 B.
185 991 10 19 1
210 989 50 28 kap.
277 991 10 20 1
304 990 12 27 8
333 991 10 19 1
359 989 80 28 mom.).

158 1030 47 27 48.
234 1029 69 27 Hvar,
326 1037 45 14 som
392 1029 99 29 lasteliga
513 1029 56 22 talar
590 1029 52 22 eller
664 1028 90 23 skrifver
776 1027 66 29 något

90 1066 57 21 emot
164 1064 111 28 Kejsaren,
294 1064 52 22 eller
363 1063 149 28 Kejsarinnan,
532 1064 52 22 eller
602 1063 46 27 den,
667 1071 46 14 som
731 1063 33 22 till
779 1063 63 22 efter-

90 1099 88 22 trädare
191 1099 8 21 i
212 1100 132 27 regementet
358 1098 110 23 förklarad
482 1100 32 25 är,
530 1099 93 22 dömmes
637 1098 33 22 till
684 1098 96 28 fängelse
794 1096 48 23 frän

90 1134 41 23 och
148 1134 49 22 med
216 1141 26 15 en
260 1133 78 22 mänad
354 1133 35 22 till
407 1134 41 21 och
465 1133 49 22 med
532 1132 37 23 tvä
586 1132 32 27 är,
636 1133 52 22 eller
706 1133 33 22 till
753 1133 89 21 tukthus

90 1168 49 23 frän
161 1170 41 22 och
222 1169 49 22 med
288 1171 33 19 tre
339 1167 102 24 mänader
458 1169 33 21 till
510 1169 40 21 och
568 1168 49 21 med
635 1170 32 20 tre
686 1167 24 22 är
729 1167 37 29 (M.
785 1167 25 22 B.
830 1167 11 23 5

92 1205 49 27 kap.
158 1206 10 19 1
185 1205 28 27 8).

160 1240 12 19 5
188 1239 19 27 $.
236 1237 70 29 Begär
320 1237 71 29 någon
401 1238 81 28 tidelag
494 1238 41 21 och
547 1239 25 20 är
583 1237 115 28 gerningen
709 1236 134 27 fullbordad;

94 1273 86 21 straffes
198 1273 48 21 med
261 1273 88 20 tukthus
364 1271 48 22 från
428 1273 40 21 och
482 1272 50 22 med
548 1273 30 20 ett
593 1272 33 21 till
640 1271 41 22 och
695 1271 49 21 med
758 1269 36 23 två
809 1269 35 28 är;

92 1307 40 21 och
150 1307 64 21 varde
233 1306 71 27 djuret
322 1307 79 21 dödadt
420 1307 51 20 eller
488 1306 34 21 till
540 1313 71 14 annan
630 1307 34 20 ort
677 1304 166 23 undanskaffadt

93 1340 38 28 (M.
146 1341 24 20 B.
188 1341 26 20 10
229 1339 49 28 kap.
295 1341 10 20 1
322 1339 28 28 8).

161 1376 13 19 6
189 1375 19 28 8.
237 1373 103 23 Föröfvar
362 1373 70 28 någon
453 1372 50 28 rän;
528 1373 94 21 dömmes
640 1372 33 22 till
691 1372 88 21 tukthus
796 1371 49 22 från

93 1409 41 23 och
152 1408 49 23 med
222 1410 31 20 ett
266 1408 33 21 till
315 1409 39 21 och
369 1408 49 22 med
432 1407 42 22 tolf
487 1407 31 27 är,
534 1407 52 22 eller
599 1406 30 29 pä
643 1407 66 22 lifstid
724 1406 38 28 (M.
777 1406 24 23 B.
818 1407 26 21 20

94 1445 49 27 kap.
160 1445 12 20 9
188 1443 28 28 8).
