998 1686
301 93 70 22 Nådiga
382 94 136 21 Propositionen
530 93 34 18 N:o
576 94 16 16 4.
762 93 33 16 285

313 162 162 23 Tjugunde
492 162 149 23 Kapitlet.

401 209 32 21 Om
446 209 110 28 kyrkovärd.

126 226 2 12 I

126 256 2 48 |
397 272 26 28 $$
437 271 123 22 348—352.

126 327 1 10 |
253 314 62 30 (Lika
329 314 49 22 med
393 314 24 29 $$
433 315 113 21 350—354
560 315 8 21 i
582 314 119 30 förslaget.)

439 378 13 28 $
467 377 50 22 353.

193 421 98 28 Befinnes
311 421 123 29 kyrkovärä
452 422 34 21 sin
505 420 121 31 skyldighet
639 422 48 22 med
701 420 117 23 räkenska-

125 448 1 29 |
144 463 60 23 perna
215 457 52 21 eller
278 457 10 21 i
299 460 67 17 annat
377 456 96 30 afseende
489 456 124 29 eftersätta;
623 456 104 28 päminne
741 455 78 29 kyrko-

135 491 80 21 herden
229 491 78 21 honom
321 498 34 14 om
363 491 155 29 fullgörandet
533 491 25 29 af
570 492 34 20 sin
614 491 67 29 pligt.
710 490 77 30 Följer
797 491 21 29 ej

124 544 1 6 |
136 526 100 26 rättelse;
251 526 84 21 anmäle
355 524 147 31 kyrkoherden
520 524 65 23 saken
602 525 38 22 vid
657 524 161 31 kyrkostämma

124 557 1 19 |
136 561 36 21 til
190 561 40 21 den
249 560 88 30 åtgärd,
356 560 213 28 omständigheterna
582 559 100 29 påkalla.
710 559 108 22 Beträdes

124 590 1 14 '
141 594 118 30 kyrkovärd
280 595 47 21 med
349 595 48 22 svek
419 595 40 21 och
481 595 94 25 otrohet;
596 595 29 21 dä
647 594 56 22 skall
724 594 43 22 han
784 595 35 28 pä

123 645 1 11 ;
135 629 160 30 kyrkostämma
303 630 57 29 från
379 624 156 34 beställningen
553 629 75 29 skiljas
646 629 39 21 och
702 628 65 23 saken
782 630 36 21 till

123 662 1 38 |
136 665 47 21 ätal
196 672 75 22 genom
279 665 173 29 församlingens
467 664 77 22 ombud
558 664 38 21 hos
611 664 91 22 domarn
713 664 104 22 anmälas.

378 728 26 28 $$
418 726 43 23 354
475 728 40 21 och
528 726 49 22 355.

232 771 63 30 (Lika
309 770 48 23 med
372 771 25 28 88
412 771 41 21 356
469 770 40 23 och
524 770 40 22 357
579 770 8 21 i
601 770 118 29 förslaget.)

344 878 76 33 Sjette
446 877 166 32 Afdelningen.

372 935 35 20 Om
421 935 157 26 kyrkostyrelse.

260 997 266 24 Tjugundeförsta
548 996 149 23 Kapitlet.

380 1044 31 21 Om
425 1043 147 29 biskopsembete.

373 1108 26 28 $$
415 1106 44 22 356
474 1107 39 21 och
527 1105 52 23 357.

234 1151 63 30 (Lika
310 1150 50 23 med
374 1151 25 28 $8
415 1151 40 21 358
471 1150 40 23 och
526 1150 41 22 359
582 1149 8 22 i
604 1148 119 31 förslaget.)

118 1209 2 45 |
439 1214 13 29 $
467 1211 49 24 358.

118 1255 2 27 |
194 1257 83 31 Hvarje
296 1258 27 22 år
338 1257 55 22 skall
412 1257 74 28 biskop
503 1257 59 21 inom
580 1256 40 21 sitt
637 1255 49 30 stift
703 1256 114 21 visitation

118 1300 1 3 |
136 1295 10 20 €
160 1294 26 21 sä
199 1294 80 28 många
287 1293 162 29 församlingar
467 1291 96 22 anställa
581 1291 51 20 eller
650 1291 95 21 anställa
764 1291 53 26 låta,

137 1330 33 17 att
185 1327 73 28 hvarje
267 1327 136 27 församling
418 1327 10 18 i
446 1326 69 27 stiftet
532 1326 59 19 inom
602 1325 48 26 fem
667 1325 26 20 år
712 1325 106 20 visiterad

138 1361 87 29 blifver;
241 1360 52 22 dock
308 1360 42 27 må,
365 1360 38 21 der
419 1358 105 22 särskilta
542 1357 182 29 omständigheter
739 1358 79 21 sådant

117 1419 1 5 |
133 1396 99 29 påkalla,
247 1395 112 22 visitation
373 1395 10 21 i
397 1395 72 27 någon
477 1393 137 29 församling
626 1393 63 29 äfven
703 1392 54 29 efter
769 1392 49 22 kor-

116 1425 2 39 |
138 1434 48 18 tare
202 1431 42 21 tids
254 1430 93 30 förlopp
356 1430 121 28 förrättas.
