1006 1684
347 99 71 23 Nådiga
430 100 136 21 Propositionen
578 100 34 16 N:o
624 100 16 16 9.
811 100 33 16 429

187 161 116 29 Angående
321 163 157 28 behandlingen
496 164 24 20 af
536 163 90 21 ärender
642 170 33 14 om
690 162 123 29 sjöfällning
828 163 40 21 och

119 198 134 21 vattenverks
271 198 130 27 anläggning
415 198 56 21 hade
486 197 120 22 Ständerna
620 199 70 20 ansett
703 197 54 22 böra
771 198 96 27 stadgas:

289 227 55 31 "att
359 232 40 21 den
415 239 37 20 syn
464 230 14 22 å
488 232 77 26 stället,
577 239 45 14 som
633 232 67 20 borde
710 231 74 28 föregå
795 232 74 27 hvarje

239 287 2 3 .
255 265 124 28 sjöfällning
397 266 51 20 eller
466 266 133 21 vattenverks
618 266 129 28 anläggning
761 266 33 21 till
811 268 58 19 utre-

257 300 69 21 dande:
345 300 24 21 af
381 300 115 28 företagets
511 299 129 28 tillåtlighet,
655 300 74 26 skulle,
745 300 66 28 enligt
825 300 44 21 Gu-

181 352 5 6 5
256 336 113 20 vernörens
391 334 8 21 i
419 334 59 22 länet
498 334 154 26 förordnande,
674 334 101 22 förrättas
798 334 24 22 af
838 334 31 21 di-

256 369 177 28 striktsingeniör,
449 369 51 21 eller
514 376 71 14 annan
596 368 119 29 sakkunnig
725 376 84 20 person,
820 369 49 21 med

255 403 85 21 biträde
355 403 24 21 af
391 404 54 27 gode
459 405 59 25 män;

313 440 32 19 att
359 431 43 28 alla
416 439 74 21 tvister
501 446 38 18 om
554 438 115 28 företagets
683 438 127 28 förenlighet
820 438 49 22 med

255 479 82 15 annans
352 473 79 27 lagliga
446 475 43 19 rätt
504 473 68 21 borde
586 472 24 22 af
622 473 159 21 vederbörande
791 473 78 22 under-

256 508 44 20 rätt
314 509 106 26 upptagas
436 508 39 21 och
489 508 96 27 pröfvas;
601 509 55 19 samt

314 543 32 19 att
360 542 7 20 i
383 544 61 19 orten
457 542 96 27 befintlig
568 541 108 29 skattlagd
689 542 120 27 mjölgvarn
823 542 47 22 icke

256 575 56 28 finge
329 577 78 27 utgöra
425 576 75 22 hinder
515 576 33 21 för
562 576 134 28 anläggande
710 576 25 21 af
747 583 70 14 annan
833 577 37 27 dy-

256 610 30 20 lik
300 610 118 28 inrättning
432 611 7 20 i
454 611 133 21 densammas
602 611 82 21 närhet.

188 644 169 22 Vidkommande
375 644 82 28 frägan,
476 645 56 21 huru
546 645 147 27 uppdämning
706 644 34 22 till
754 645 67 21 skada
835 646 34 20 för

120 679 68 21 Ofver-
207 679 51 21 eller
276 679 162 28 underbyggare
456 678 202 29 ändamälsenligast
676 679 70 21 kunde
764 679 105 22 förekom-

120 720 52 19 mas,
187 714 56 21 hade
258 713 121 22 Ständerna
393 714 84 21 förenat
492 714 32 27 sig
539 721 35 14 om
589 714 41 20 den
645 712 64 29 äsigt:

314 750 32 20 att
364 748 121 22 Guvernörs
503 748 116 22 resolution
639 748 51 21 eller
708 748 79 28 utslag,
807 749 62 21 hvar-

256 783 85 27 igenom
361 783 146 27 uppdämning
528 782 125 28 medgifves,
674 782 68 22 borde
763 782 108 22 innehälla

257 813 26 25 en
301 817 98 21 bestämd
417 818 39 20 och
474 816 67 29 tydlig
556 817 109 21 föreskrift
680 824 35 14 om
728 817 142 28 uppdämnin-

257 859 52 20 gens
324 853 77 26 högsta
415 851 85 21 tillätna
514 851 60 28 höjd;
591 853 55 20 samt

315 888 32 19 att
361 886 64 27 olaga
444 886 145 27 uppdämning
604 885 66 22 borde
685 886 7 20 i
708 885 41 22 den
763 886 108 21 blifvande

256 921 154 27 förordningen
424 921 7 20 i
447 921 72 20 ämnet
532 920 102 28 beläggas
649 919 49 22 med
709 920 66 28 högre
786 928 83 19 ansvar,

257 957 28 20 än
300 955 36 21 det
350 962 29 14 nu
395 955 103 27 gällande.

189 990 11 21 I
218 989 61 29 fråga
297 997 35 14 om
349 989 91 22 revision
458 989 24 22 af
497 989 157 28 stadganderne
669 988 110 29 angående
793 989 78 28 kungs-

121 1024 55 22 ådra
190 1025 55 20 hade
259 1024 121 21 Ständerna
394 1024 107 28 tillstyrkt:

313 1060 34 19 att
365 1058 143 28 strandegare,
527 1066 46 14 som.
590 1057 74 28 pästär
683 1059 32 28 sig
734 1066 51 14 vara
799 1059 72 21 berät-

255 1093 62 28 tigad
339 1094 31 19 att
392 1093 114 21 inskränka
527 1092 122 28 kungsädra
670 1093 33 21 till
728 1101 26 14 en
775 1093 97 28 sjettedel

257 1127 24 22 af
296 1127 160 28 vattendragets
474 1127 74 26 bredd,
567 1127 51 22 eller
636 1127 89 26 mindre,
744 1127 73 26 borde,
837 1134 35 14 om

257 1163 44 20 han
318 1161 49 22 ville
385 1161 84 28 ätnjuta
487 1169 26 14 en
532 1161 67 22 sädan
617 1160 90 28 förmon,
722 1169 52 14 vara
789 1161 83 28 skyldig

257 1198 34 19 att
304 1196 117 27 behörigen
435 1197 73 27 styrka
523 1196 59 21 detta
596 1196 38 21 sitt
646 1195 127 28 pästäende;
789 1197 56 20 samt

315 1231 32 20 att
364 1230 157 27 stadganderne
540 1237 34 14 om
592 1229 133 29 kungsädras
744 1230 67 21 bredd
826 1230 47 21 icke

257 1265 68 21 borde
343 1265 137 27 ovilkorligen
499 1272 39 20 ega
553 1265 151 27 tillämplighet
718 1265 35 21 vid
767 1265 105 21 inrättan-

258 1299 37 20 det
317 1298 23 21 af
360 1299 132 25 vattenverk,
512 1306 46 13 som
576 1299 18 27 ej
614 1299 39 26 får,
672 1301 52 18 utan
742 1297 131 29 föregängen

257 1339 97 20 noggran
368 1332 158 27 undersökning
541 1331 13 22 å
569 1333 77 25 stället,
660 1333 109 26 anläggas.

190 1367 99 21 Rörande
312 1366 150 28 ängsvattning
482 1367 39 20 och
539 1367 147 27 täckdikning,
709 1367 88 21 hvarom
815 1366 58 22 stad-

123 1402 69 29 gande
209 1402 8 21 i
235 1401 36 28 lag
285 1401 87 22 alldeles
386 1400 84 27 saknas,
486 1401 56 21 hade
557 1401 120 22 Ständerna
692 1402 69 21 ansett
775 1401 54 22 böra
843 1401 31 21 fö-

124 1437 124 21 reskrifvas:
