1003 1684
231 124 33 15 422
434 122 71 23 Nådiga
516 123 135 21 Propositionen
663 122 34 16 N:o
709 122 16 16 9.

277 186 12 27 $
305 186 34 20 26.
367 184 49 22 Ifall
433 184 128 28 tillandning
581 184 95 22 kommer
697 186 32 20 att
751 184 140 21 underkastas
909 184 45 20 sär-

209 220 65 21 skildt
291 219 69 26 skifte,
378 219 40 21 bör
437 219 72 21 dervid
526 219 7 21 i
553 219 115 21 allmänhet
686 219 106 27 iakttagas
810 220 33 19 att
861 225 26 14 en
902 218 53 21 hvar

209 253 92 23 erhåller
318 254 33 21 sin
369 253 62 21 andel
449 254 51 26 deri,
521 252 68 23 såvidt
604 254 36 20 ske
654 253 48 26 kan,
717 253 8 21 i
739 252 154 28 sammanhang
908 251 47 22 med

209 289 46 21 sine
273 288 67 28 öfrige
359 295 50 21 egor
427 288 40 21 och
485 290 32 20 att
535 288 47 26 den,
600 288 64 21 hvars
681 288 62 21 mark
762 289 88 26 gränsar
869 286 33 22 till
916 286 39 28 sjö,

209 323 47 21 icke
274 322 76 22 blifver
367 322 48 22 från
434 323 122 21 densamma
574 322 119 27 utestängd.
722 321 98 22 Befinnes
835 320 120 27 skifteslott,

210 364 46 15 som
275 357 97 27 delegare
390 357 83 21 komme
487 358 32 20 att
537 356 81 22 erhålla
632 356 68 21 under
714 363 81 14 annans
813 355 81 26 strand,
913 355 42 21 för-

211 390 62 23 svåra
287 391 78 21 häfden
381 391 39 21 och
435 390 92 22 skötseln
543 390 24 22 af
580 391 78 21 dennes
673 390 147 28 angränsande
832 397 57 20 egor,
902 391 54 19 samt

211 426 84 21 derföre
309 425 96 21 medföra
419 424 23 22 åt
460 425 41 21 den
519 424 57 22 förre
591 425 85 27 ringare
691 432 56 20 gagn
763 424 39 22 och
817 423 23 22 åt
855 424 40 21 den
910 423 46 22 sed-

202 459 61 22 "nare
281 459 80 28 verklig
383 459 117 28 olägenhet,
519 458 54 22 skall
591 459 69 21 denna
677 459 46 26 lott,
743 466 34 14 om
794 457 123 29 någondera
935 458 24 21 af

211 495 48 20 dem
282 494 35 21 det
334 493 99 29 påyrkar,
452 495 56 20 emot
525 493 100 28 vederlag
642 493 8 21 i
669 500 70 14 annan
756 493 66 27 läglig
838 492 52 28 jord
905 492 51 22 eller

211 530 58 20 emot
282 528 59 22 lösen
355 528 8 21 i
377 528 118 28 penningar
508 528 33 21 till
556 528 152 28 strandegaren
723 526 72 23 afstås.

426 588 31 23 Om
471 588 113 28 anläggning
598 588 22 22 af
631 588 112 22 vattenverk.

281 633 11 27 8
309 633 33 20 27.
371 631 37 22 Uti
425 630 46 23 små
488 632 126 27 vattendrag
629 631 23 21 af
665 630 66 23 sådan
745 631 151 27 beskaffenhet,
912 638 45 15 som

213 667 135 21 omförmäles
366 666 7 21 i
393 668 25 19 13
437 666 40 22 och
496 667 27 20 20
541 666 35 28 $$,
595 665 35 22 må
648 666 129 28 anläggning
795 666 23 21 af
834 666 123 22 vattenverk

211 702 48 20 icke
276 708 52 15 vara
345 700 144 22 underkastad
504 708 70 14 annan
589 700 151 28 inskränkning
755 702 27 19 än
797 702 32 19 att
843 700 47 26 den,
905 700 52 22 hvil-

212 736 42 21 ken
269 734 76 22 sådant
359 735 50 21 verk
424 735 37 21 der
475 734 93 28 uppföra
578 735 42 25 vill,
631 734 40 22 bör
681 734 46 22 före
739 735 155 27 anläggningen
905 736 52 26 göra

213 770 99 21 anmälan
333 776 35 15 om
389 769 105 28 företaget
514 770 39 20 hos
573 769 159 21 vederbörande
752 768 204 29 Distriktsingeniör,

213 812 52 18 som,
283 804 49 22 med
347 804 84 28 ledning
447 804 23 21 af
485 803 111 22 företedda
613 804 73 21 kartor
701 804 40 21 och
759 804 134 28 handlingar,
908 811 49 21 eger

212 839 122 22 undersöka
352 846 34 15 om
403 838 70 28 nägon
491 845 81 16 annans
589 839 45 20 rätt
651 838 42 22 kan
712 845 76 22 genom
802 838 156 29 anläggningen

213 873 121 22 förnärmas
352 873 39 22 och
409 873 37 22 sitt
459 873 99 28 yttrande
577 873 72 21 derom
667 872 70 23 säsom
755 872 40 23 räd
813 873 40 22 och
870 873 87 29 upplys-

214 909 51 27 ning
279 907 23 23 åt
316 908 107 21 sökanden
438 908 118 27 skriftligen
570 908 103 21 meddela.

281 942 78 21 Finnes
377 944 30 19 ett
425 941 90 22 sålunda
531 942 126 21 tillkommet
674 942 51 21 verk
743 941 56 23 vålla
812 943 146 28 uppdämning

209 977 57 21 -eller
283 983 71 15 annan
375 977 118 26 olägenhet,
511 976 55 22 skall
585 976 116 21 detsamma
718 977 8 20 i
743 976 50 28 laga
811 977 91 28 ordning
920 985 37 14 un-

215 1011 114 28 danrödjas
344 1011 40 21 och
399 1018 76 20 egaren
490 1018 52 14 vara
557 1010 81 28 skyldig
653 1012 32 20 att
699 1012 80 20 ersätta
794 1011 28 21 all
837 1011 73 22 skada.

283 1046 11 27 8
310 1046 33 20 28.
373 1045 48 21 Med
432 1045 109 28 undantag
553 1045 23 21 af
586 1045 25 21 de
622 1045 7 20 i
646 1045 5 27 $
664 1047 26 19 27
702 1045 127 22 omnämnda
840 1045 38 22 fall
889 1045 69 28 åligge

215 1079 36 22 det
269 1086 26 14 en
312 1079 58 26 hvar,
386 1086 45 13 som
449 1079 35 21 vill
503 1079 80 21 inrätta
596 1079 129 26 vattenverk,
740 1081 32 19 att
787 1079 33 22 för
834 1079 124 28 anläggnin-

215 1121 40 20 gen
272 1113 90 21 utverka
379 1112 96 22 tillstånd
493 1113 24 21 af
533 1113 136 21 Guvernören
686 1113 8 21 i
712 1113 63 26 länet,
795 1121 45 14 som
858 1121 50 20 eger
927 1116 32 19 att

214 1148 49 21 med
281 1147 88 22 ärendet
387 1147 80 21 förfara
485 1146 70 23 såsom
569 1147 40 21 här
623 1147 116 22 nedanföre
753 1148 133 21 bestämmes.
915 1149 44 21 Vill

214 1181 71 28 någon
302 1181 33 22 för
353 1182 128 27 anläggning
499 1181 24 22 af
538 1182 122 21 vattenverk
677 1182 32 21 uti
728 1181 76 22 sådant
818 1183 82 21 mindre
914 1185 44 20 vat-

213 1216 98 26 tendrag,
330 1223 46 13 som
390 1216 7 19 i
411 1216 12 25 &
439 1217 26 18 27
481 1216 95 24 omtalas,
592 1216 52 20 söka
658 1216 99 21 särskildt
771 1216 95 21 tillstånd
882 1217 75 25 dertill,

214 1249 129 21 tillkommer
361 1248 36 21 det
410 1248 137 21 Guvernören
562 1250 31 19 att
608 1249 143 27 ansökningen
765 1250 96 27 upptaga
876 1250 40 21 och
930 1249 28 28 på

215 1283 112 21 enahanda
341 1283 43 20 sätt
398 1282 112 22 behandla.

283 1317 12 28 8
311 1318 32 20 29.
373 1315 33 22 Då
422 1316 97 22 tillstånd
537 1318 32 20 att
586 1317 79 22 inrätta
682 1318 122 21 vattenverk
822 1318 68 27 sökes,
909 1326 49 21 eger

215 1352 137 21 Guvernören
373 1351 102 22 förordna
492 1351 222 28 Distriktsingeniören
732 1352 52 22 eller
800 1353 8 20 i
825 1353 55 22 hans
898 1353 61 22 ställe

215 1391 71 17 annan
301 1386 117 28 sakkunnig
432 1393 50 14 man
497 1388 32 20 att
543 1393 38 21 syn
595 1385 29 29 på
639 1386 210 29 anläggningsstället
859 1387 98 23 förrätta.

216 1420 71 23 Sådan
306 1428 39 21 syn
359 1421 40 21 bör
412 1421 87 22 sednast
512 1421 79 28 fjorton
606 1421 67 28 dagar
687 1421 58 22 förut
759 1422 7 21 i
781 1422 81 28 kyrkan
876 1423 81 28 utlysas

215 1456 40 21 och
274 1454 27 22 då
319 1455 69 21 tillika
405 1455 170 28 tillkännagifvas
590 1455 18 28 ej
625 1454 89 23 allenast
729 1456 97 22 ärendets
840 1457 117 22 beskaffen-
