1003 1695
300 89 71 23 Nädiga
382 91 136 22 Propositionen
529 91 35 17 N:o
576 91 16 17 4.
762 92 32 17 247

185 139 112 47 förande
305 152 107 23 andakten
419 153 68 22 under
494 154 118 28 påstående
623 154 126 39 gudstjenst
750 155 66 21 varde

206 187 121 22 behandlad
341 195 45 14 som
400 189 9 20 i
425 187 47 30 kap.
488 187 64 22 XIII
565 190 68 28 säges.

138 231 11 21 I
164 231 11 28 8
192 232 25 20 39
233 231 58 22 har
282 239 38 20 jag
331 233 69 20 ansett
414 232 107 27 uttrycket
535 232 128 28 ,välfrejdad
677 233 90 21 kristen"
783 232 33 22 stä

69 266 7 21 i
91 265 54 22 strid
158 265 49 22 med
222 266 40 21 den
276 268 63 19 sannt
357 266 134 27 evangeliska
508 266 146 28 grundsatsen,
673 269 32 19 att
723 274 27 15 en
768 274 47 21 syn-

69 301 57 25 dare,
145 307 46 14 som
208 301 33 26 sig
259 300 114 21 omvänder
390 301 40 21 och
448 300 90 27 bättrar,
556 307 76 21 genom
653 300 70 23 nåden
741 301 75 22 blifver

69 334 204 28 yrättfärdiggjord",
296 333 60 23 äfven
378 342 34 14 om
437 335 54 21 hans
513 335 67 26 ,mala
600 337 61 20 nota*
683 335 132 22 fortfarande

68 369 98 28 gvarstär
180 369 32 22 uti
227 369 35 21 det
276 369 34 22 för
327 369 114 28 verldsliga
459 369 99 22 ändamål
576 369 87 22 afsedda
678 370 136 29 ,frejdebety-

68 405 52 26 get".
142 404 42 28 Jag
198 403 40 22 har
253 403 83 22 derföre
351 403 115 29 föreslagit,
481 406 32 19 att
527 403 27 22 de
568 403 90 23 anförda
669 404 66 22 orden
748 403 66 23 måtte

66 438 87 28 uthytas
167 439 54 20 mot:
236 438 199 29 nattvardsgängen
449 438 93 22 medlem.

134 481 12 22 I
161 481 11 28 $
188 482 26 20 82
232 481 62 22 torde
313 481 66 22 orden
393 482 64 26 ,hans
475 481 119 28 anhörige*,
611 480 30 29 pä
659 481 36 23 det
712 482 47 22 icke
776 481 37 23 nä-

67 524 42 20 gon
126 516 8 21 i
152 516 82 22 saknad
255 516 25 21 af
298 516 102 28 anhörige
421 515 36 23 mä
473 516 66 22 blifva
557 516 133 28 obegrafven,
708 516 55 22 böra
779 518 33 20 ut-

65 551 63 28 bytas
143 553 45 19 mot
202 551 36 21 det
251 551 154 21 vidsträcktare
422 552 108 27 uttrycket
544 551 165 27 vederbörande,
724 558 46 15 som
784 550 29 30 pä

65 586 95 28 följande
175 586 46 21 sida
235 586 7 20 i
256 585 101 29 förslaget
371 586 108 28 begagnas
494 586 31 21 uti
540 592 81 15 samma
634 585 113 29 betydelse.

133 629 37 28 18
190 630 39 20 271
246 636 62 14 anser
323 628 38 28 jag
379 629 106 28 uttrycket
503 628 157 29 ,kyrkoherden
678 629 40 21 och
735 629 76 29 kyrko-

65 662 71 23 rådet"
151 663 101 28 möjligen
269 664 72 20 kunna
358 663 48 21 leda
424 662 32 22 till
474 663 40 21 den
532 663 136 28 uppfattning
686 665 32 19 att
735 664 76 28 kyrko-

65 698 81 22 herden
167 698 55 22 skall
239 698 98 28 uppgöra
354 697 102 29 förslaget
474 698 39 21 och
531 696 128 30 kyrkorädet
677 698 74 21 endast
770 700 41 26 äga

66 740 26 14 en
106 732 138 28 rädgifvande
259 732 126 28 befogenhet
399 732 7 21 i
424 732 94 26 ärendet,
532 732 85 22 hvilken
633 732 89 28 tydning
739 732 71 22 kunde

65 774 61 15 anses
141 767 63 21 hafva
215 766 23 22 sä
249 766 83 29 mycket
346 774 59 14 mera
419 766 46 22 skäl
479 766 34 22 för
527 766 42 29 sig,
585 766 28 22 dä
624 766 25 28 ju
663 767 148 28 kyrkoherden

62 802 84 28 jemlikt
161 803 10 27 &
189 802 39 21 335
244 803 25 20 är
286 801 139 29 sjelfskrifven
444 801 128 22 ordförande
589 802 8 20 i
610 801 129 29 kyrkorädet
752 802 58 21 inom

64 836 299 28 moderkyrkoförsamlingen,
379 838 55 19 samt
450 836 52 21 sista
516 843 63 14 mom.
594 836 7 21 i
616 843 81 14 samma
712 837 11 26 &
738 836 70 21 berät-

63 871 58 28 tigar
135 871 78 22 honom
228 872 38 25 att,
281 872 40 20 när
334 871 43 21 han
392 870 100 22 särskildt
506 870 125 22 intresserar
646 871 32 27 sig
695 870 34 22 för
743 869 66 29 något

63 906 85 26 ärende,
160 906 48 21 föra
219 905 61 23 ordet
291 905 61 22 äfven
362 906 7 20 i
380 905 206 28 kapellförsamlings
597 903 112 30 kyrkoråd.
731 905 77 28 Lämp-

63 941 63 28 ligast
141 947 61 22 synes
218 940 84 22 derföre
315 947 53 14 vara
382 942 31 19 att
428 940 11 28 &
455 941 39 20 271
510 939 56 28 finge
579 939 59 28 lyda:

134 975 78 26 »Bland
234 974 94 22 sökande
349 981 45 15 som
414 974 102 27 behörige
536 975 38 20 äro
596 975 51 26 äger
668 972 138 30 kyrkorådet"

62 1017 18 14 0.
96 1016 17 15 s.
128 1017 18 14 v.
162 1011 54 20 samt
232 1010 11 27 &
259 1011 40 20 272
313 1009 125 22 likaledes:
431 1005 10 37 *

130 1044 100 27 nPröfvar
243 1043 138 30 kyrkorådet"
397 1050 19 15 o.
431 1051 17 14 s.
462 1051 19 14 v.

127 1090 39 22 Uti
181 1089 149 23 ofvanstäende
344 1090 135 26 reservation,
494 1090 49 21 med
556 1089 109 29 undantag
681 1089 24 23 af
717 1090 40 21 den
773 1089 33 23 del

61 1133 46 15 som
121 1126 61 22 rörer
196 1126 11 27 &
224 1126 18 25 1,
258 1125 40 22 har
312 1124 56 22 Herr
382 1124 24 22 E.
421 1124 79 22 Linder
514 1124 85 22 förenat
612 1124 38 28 sig.

129 1286 240 29 (Kyrkolagsutskottets
387 1285 304 28 sammanjemkningsförslag:
717 1285 28 22 Se
759 1285 45 21 vid-

60 1321 77 26 fogade
151 1320 82 27 tabell.)
