<?xml version="1.0" encoding="UTF-8"?>
<alto xmlns="http://www.loc.gov/standards/alto/ns-v3#" xmlns:xlink="http://www.w3.org/1999/xlink" xmlns:xsi="http://www.w3.org/2001/XMLSchema-instance" xsi:schemaLocation="http://www.loc.gov/standards/alto/ns-v3# http://www.loc.gov/alto/v3/alto-3-0.xsd">
	<Description>
		<MeasurementUnit>pixel</MeasurementUnit>
		<sourceImageInformation>
			<fileName>/tmp/tess_k9djflaa_input.PNG</fileName>
		</sourceImageInformation>
		<OCRProcessing ID="OCR_0">
			<ocrProcessingStep>
				<processingSoftware>
					<softwareName>tesseract 5.3.4</softwareName>
				</processingSoftware>
			</ocrProcessingStep>
		</OCRProcessing>
	</Description>
	<Layout>
		<Page WIDTH="3358" HEIGHT="1808" PHYSICAL_IMG_NR="0" ID="page_0">
			<PrintSpace HPOS="0" VPOS="0" WIDTH="3358" HEIGHT="1808">
				<GraphicalElement ID="cblock_0" HPOS="956" VPOS="17" WIDTH="973" HEIGHT="16"></GraphicalElement >
				<ComposedBlock ID="cblock_1" HPOS="1135" VPOS="290" WIDTH="1304" HEIGHT="43">
					<TextBlock ID="block_0" HPOS="1135" VPOS="290" WIDTH="1304" HEIGHT="43">
						<TextLine ID="line_0" HPOS="1135" VPOS="290" WIDTH="1304" HEIGHT="43">
							<String ID="string_0" HPOS="1135" VPOS="292" WIDTH="116" HEIGHT="40" WC="0.92" CONTENT="Nådiga"/><SP WIDTH="20" VPOS="292" HPOS="1251"/>
							<String ID="string_1" HPOS="1271" VPOS="292" WIDTH="182" HEIGHT="41" WC="0.96" CONTENT="proposition"/><SP WIDTH="21" VPOS="292" HPOS="1453"/>
							<String ID="string_2" HPOS="1474" VPOS="292" WIDTH="156" HEIGHT="40" WC="0.92" CONTENT="angående"/><SP WIDTH="19" VPOS="292" HPOS="1630"/>
							<String ID="string_3" HPOS="1649" VPOS="291" WIDTH="149" HEIGHT="40" WC="0.92" CONTENT="lagmans-"/><SP WIDTH="21" VPOS="291" HPOS="1798"/>
							<String ID="string_4" HPOS="1819" VPOS="290" WIDTH="56" HEIGHT="32" WC="0.93" CONTENT="och"/><SP WIDTH="20" VPOS="290" HPOS="1875"/>
							<String ID="string_5" HPOS="1895" VPOS="290" WIDTH="254" HEIGHT="40" WC="0.92" CONTENT="häradshöfdinge"/><SP WIDTH="20" VPOS="290" HPOS="2149"/>
							<String ID="string_6" HPOS="2169" VPOS="290" WIDTH="270" HEIGHT="40" WC="0.91" CONTENT="tingsgästningen."/>
						</TextLine>
					</TextBlock>
				</ComposedBlock>
				<GraphicalElement ID="cblock_2" HPOS="2290" VPOS="20" WIDTH="555" HEIGHT="9"></GraphicalElement >
				<ComposedBlock ID="cblock_3" HPOS="650" VPOS="214" WIDTH="2267" HEIGHT="44">
					<TextBlock ID="block_1" HPOS="650" VPOS="214" WIDTH="2267" HEIGHT="44">
						<TextLine ID="line_1" HPOS="650" VPOS="214" WIDTH="2267" HEIGHT="44">
							<String ID="string_7" HPOS="650" VPOS="217" WIDTH="77" HEIGHT="40" WC="0.90" CONTENT="Lag-"/><SP WIDTH="20" VPOS="217" HPOS="727"/>
							<String ID="string_8" HPOS="747" VPOS="216" WIDTH="55" HEIGHT="32" WC="0.93" CONTENT="och"/><SP WIDTH="21" VPOS="216" HPOS="802"/>
							<String ID="string_9" HPOS="823" VPOS="216" WIDTH="327" HEIGHT="32" WC="0.92" CONTENT="Ekonomie-utskottets"/><SP WIDTH="20" VPOS="216" HPOS="1150"/>
							<String ID="string_10" HPOS="1170" VPOS="216" WIDTH="116" HEIGHT="41" WC="0.96" CONTENT="förslag"/><SP WIDTH="20" VPOS="216" HPOS="1286"/>
							<String ID="string_11" HPOS="1306" VPOS="216" WIDTH="46" HEIGHT="32" WC="0.93" CONTENT="till"/><SP WIDTH="20" VPOS="216" HPOS="1352"/>
							<String ID="string_12" HPOS="1372" VPOS="216" WIDTH="284" HEIGHT="42" WC="0.91" CONTENT="sammanjemkning"/><SP WIDTH="21" VPOS="216" HPOS="1656"/>
							<String ID="string_13" HPOS="1677" VPOS="216" WIDTH="35" HEIGHT="32" WC="0.93" CONTENT="af"/><SP WIDTH="17" VPOS="216" HPOS="1712"/>
							<String ID="string_14" HPOS="1729" VPOS="216" WIDTH="144" HEIGHT="32" WC="0.92" CONTENT="Ståndens"/><SP WIDTH="21" VPOS="216" HPOS="1873"/>
							<String ID="string_15" HPOS="1894" VPOS="215" WIDTH="177" HEIGHT="42" WC="0.96" CONTENT="skiljaktiga"/><SP WIDTH="22" VPOS="215" HPOS="2071"/>
							<String ID="string_16" HPOS="2093" VPOS="214" WIDTH="95" HEIGHT="32" WC="0.96" CONTENT="beslut"/><SP WIDTH="20" VPOS="214" HPOS="2188"/>
							<String ID="string_17" HPOS="2208" VPOS="215" WIDTH="11" HEIGHT="31" WC="0.96" CONTENT="i"/><SP WIDTH="21" VPOS="215" HPOS="2219"/>
							<String ID="string_18" HPOS="2240" VPOS="214" WIDTH="162" HEIGHT="40" WC="0.96" CONTENT="anledning"/><SP WIDTH="21" VPOS="214" HPOS="2402"/>
							<String ID="string_19" HPOS="2423" VPOS="214" WIDTH="35" HEIGHT="32" WC="0.96" CONTENT="af"/><SP WIDTH="17" VPOS="214" HPOS="2458"/>
							<String ID="string_20" HPOS="2475" VPOS="214" WIDTH="80" HEIGHT="32" WC="0.96" CONTENT="Hans"/><SP WIDTH="21" VPOS="214" HPOS="2555"/>
							<String ID="string_21" HPOS="2576" VPOS="214" WIDTH="168" HEIGHT="42" WC="0.87" CONTENT="Kejserliga"/><SP WIDTH="20" VPOS="214" HPOS="2744"/>
							<String ID="string_22" HPOS="2764" VPOS="214" WIDTH="153" HEIGHT="41" WC="0.96" CONTENT="Majestäts"/>
						</TextLine>
					</TextBlock>
				</ComposedBlock>
				<ComposedBlock ID="cblock_4" HPOS="2946" VPOS="290" WIDTH="95" HEIGHT="22">
					<TextBlock ID="block_2" HPOS="2946" VPOS="290" WIDTH="95" HEIGHT="22">
						<TextLine ID="line_2" HPOS="2946" VPOS="290" WIDTH="95" HEIGHT="22">
							<String ID="string_23" HPOS="2946" VPOS="290" WIDTH="43" HEIGHT="22" WC="0.96" CONTENT="Pag."/><SP WIDTH="13" VPOS="290" HPOS="2989"/>
							<String ID="string_24" HPOS="3002" VPOS="290" WIDTH="39" HEIGHT="16" WC="0.87" CONTENT="572."/>
						</TextLine>
					</TextBlock>
				</ComposedBlock>
				<GraphicalElement ID="cblock_5" HPOS="725" VPOS="384" WIDTH="2298" HEIGHT="32"></GraphicalElement >
				<GraphicalElement ID="cblock_6" HPOS="521" VPOS="387" WIDTH="2502" HEIGHT="33"></GraphicalElement >
				<ComposedBlock ID="cblock_7" HPOS="745" VPOS="463" WIDTH="250" HEIGHT="29">
					<TextBlock ID="block_3" HPOS="745" VPOS="463" WIDTH="250" HEIGHT="29">
						<TextLine ID="line_3" HPOS="745" VPOS="463" WIDTH="250" HEIGHT="29">
							<String ID="string_25" HPOS="745" VPOS="463" WIDTH="130" HEIGHT="29" WC="0.91" CONTENT="Ridderskapet"/><SP WIDTH="15" VPOS="463" HPOS="875"/>
							<String ID="string_26" HPOS="890" VPOS="463" WIDTH="31" HEIGHT="21" WC="0.93" CONTENT="och"/><SP WIDTH="14" VPOS="463" HPOS="921"/>
							<String ID="string_27" HPOS="935" VPOS="463" WIDTH="60" HEIGHT="21" WC="0.72" CONTENT="Adeln."/>
						</TextLine>
					</TextBlock>
				</ComposedBlock>
				<ComposedBlock ID="cblock_8" HPOS="1195" VPOS="463" WIDTH="141" HEIGHT="22">
					<TextBlock ID="block_4" HPOS="1195" VPOS="463" WIDTH="141" HEIGHT="22">
						<TextLine ID="line_4" HPOS="1195" VPOS="463" WIDTH="141" HEIGHT="22">
							<String ID="string_28" HPOS="1195" VPOS="463" WIDTH="141" HEIGHT="22" WC="0.80" CONTENT="Prestaständet."/>
						</TextLine>
					</TextBlock>
				</ComposedBlock>
				<ComposedBlock ID="cblock_9" HPOS="1478" VPOS="462" WIDTH="156" HEIGHT="29">
					<TextBlock ID="block_5" HPOS="1478" VPOS="462" WIDTH="156" HEIGHT="29">
						<TextLine ID="line_5" HPOS="1478" VPOS="462" WIDTH="156" HEIGHT="29">
							<String ID="string_29" HPOS="1478" VPOS="462" WIDTH="156" HEIGHT="29" WC="0.89" CONTENT="Borgareståndet."/>
						</TextLine>
					</TextBlock>
				</ComposedBlock>
				<ComposedBlock ID="cblock_10" HPOS="1775" VPOS="462" WIDTH="136" HEIGHT="22">
					<TextBlock ID="block_6" HPOS="1775" VPOS="462" WIDTH="136" HEIGHT="22">
						<TextLine ID="line_6" HPOS="1775" VPOS="462" WIDTH="136" HEIGHT="22">
							<String ID="string_30" HPOS="1775" VPOS="462" WIDTH="136" HEIGHT="22" WC="0.82" CONTENT="Bondeståndet."/>
						</TextLine>
					</TextBlock>
				</ComposedBlock>
				<GraphicalElement ID="cblock_11" HPOS="2686" VPOS="396" WIDTH="337" HEIGHT="9"></GraphicalElement >
				<ComposedBlock ID="cblock_12" HPOS="2413" VPOS="461" WIDTH="259" HEIGHT="28">
					<TextBlock ID="block_7" HPOS="2413" VPOS="461" WIDTH="259" HEIGHT="28">
						<TextLine ID="line_7" HPOS="2413" VPOS="461" WIDTH="259" HEIGHT="28">
							<String ID="string_31" HPOS="2413" VPOS="461" WIDTH="259" HEIGHT="28" WC="0.86" CONTENT="Sammanjemkningsförslag."/>
						</TextLine>
					</TextBlock>
				</ComposedBlock>
				<GraphicalElement ID="cblock_13" HPOS="516" VPOS="532" WIDTH="1950" HEIGHT="26"></GraphicalElement >
				<ComposedBlock ID="cblock_14" HPOS="526" VPOS="584" WIDTH="119" HEIGHT="28">
					<TextBlock ID="block_8" HPOS="526" VPOS="584" WIDTH="119" HEIGHT="28">
						<TextLine ID="line_8" HPOS="526" VPOS="584" WIDTH="119" HEIGHT="28">
							<String ID="string_32" HPOS="526" VPOS="586" WIDTH="9" HEIGHT="19" WC="0.96" CONTENT="1"/><SP WIDTH="14" VPOS="586" HPOS="535"/>
							<String ID="string_33" HPOS="549" VPOS="591" WIDTH="63" HEIGHT="15" WC="0.96" CONTENT="mom."/><SP WIDTH="9" VPOS="591" HPOS="612"/>
							<String ID="string_34" HPOS="621" VPOS="584" WIDTH="24" HEIGHT="28" WC="0.96" CONTENT="a)"/>
						</TextLine>
					</TextBlock>
				</ComposedBlock>
				<ComposedBlock ID="cblock_15" HPOS="517" VPOS="980" WIDTH="132" HEIGHT="32">
					<TextBlock ID="block_9" HPOS="517" VPOS="980" WIDTH="132" HEIGHT="32">
						<TextLine ID="line_9" HPOS="517" VPOS="980" WIDTH="132" HEIGHT="32">
							<String ID="string_35" HPOS="517" VPOS="980" WIDTH="1" HEIGHT="11" WC="0.82" CONTENT="|"/><SP WIDTH="18" VPOS="980" HPOS="518"/>
							<String ID="string_36" HPOS="536" VPOS="986" WIDTH="3" HEIGHT="19" WC="0.82" CONTENT="1"/><SP WIDTH="14" VPOS="986" HPOS="539"/>
							<String ID="string_37" HPOS="553" VPOS="991" WIDTH="64" HEIGHT="15" WC="0.83" CONTENT="mom."/><SP WIDTH="9" VPOS="991" HPOS="617"/>
							<String ID="string_38" HPOS="626" VPOS="984" WIDTH="23" HEIGHT="28" WC="0.83" CONTENT="b)"/>
						</TextLine>
					</TextBlock>
				</ComposedBlock>
				<GraphicalElement ID="cblock_16" HPOS="139" VPOS="1194" WIDTH="521" HEIGHT="7"></GraphicalElement >
				<GraphicalElement ID="cblock_17" HPOS="511" VPOS="405" WIDTH="13" HEIGHT="1119"></GraphicalElement >
				<GraphicalElement ID="cblock_18" HPOS="654" VPOS="405" WIDTH="13" HEIGHT="1117"></GraphicalElement >
				<ComposedBlock ID="cblock_19" HPOS="668" VPOS="582" WIDTH="413" HEIGHT="572">
					<TextBlock ID="block_10" HPOS="668" VPOS="582" WIDTH="409" HEIGHT="229">
						<TextLine ID="line_10" HPOS="696" VPOS="582" WIDTH="380" HEIGHT="28">
							<String ID="string_39" HPOS="696" VPOS="582" WIDTH="103" HEIGHT="22" WC="0.96" CONTENT="Härifrån"/><SP WIDTH="17" VPOS="582" HPOS="799"/>
							<String ID="string_40" HPOS="816" VPOS="582" WIDTH="64" HEIGHT="28" WC="0.95" CONTENT="utgår"/><SP WIDTH="17" VPOS="582" HPOS="880"/>
							<String ID="string_41" HPOS="897" VPOS="583" WIDTH="19" HEIGHT="27" WC="0.96" CONTENT="ej"/><SP WIDTH="20" VPOS="583" HPOS="916"/>
							<String ID="string_42" HPOS="936" VPOS="583" WIDTH="82" HEIGHT="21" WC="0.93" CONTENT="mindre"/><SP WIDTH="14" VPOS="583" HPOS="1018"/>
							<String ID="string_43" HPOS="1032" VPOS="589" WIDTH="44" HEIGHT="15" WC="0.92" CONTENT="me-"/>
						</TextLine>
						<TextLine ID="line_11" HPOS="668" VPOS="611" WIDTH="408" HEIGHT="29">
							<String ID="string_44" HPOS="668" VPOS="612" WIDTH="88" HEIGHT="28" WC="0.93" CONTENT="ningen:"/><SP WIDTH="20" VPOS="612" HPOS="756"/>
							<String ID="string_45" HPOS="776" VPOS="619" WIDTH="59" HEIGHT="19" WC="0.89" CONTENT=",men"/><SP WIDTH="13" VPOS="619" HPOS="835"/>
							<String ID="string_46" HPOS="848" VPOS="612" WIDTH="8" HEIGHT="20" WC="0.96" CONTENT="i"/><SP WIDTH="15" VPOS="612" HPOS="856"/>
							<String ID="string_47" HPOS="871" VPOS="611" WIDTH="25" HEIGHT="21" WC="0.95" CONTENT="de"/><SP WIDTH="14" VPOS="611" HPOS="896"/>
							<String ID="string_48" HPOS="910" VPOS="611" WIDTH="33" HEIGHT="21" WC="0.96" CONTENT="till"/><SP WIDTH="14" VPOS="611" HPOS="943"/>
							<String ID="string_49" HPOS="957" VPOS="611" WIDTH="119" HEIGHT="29" WC="0.95" CONTENT="Uleåborgs"/>
						</TextLine>
						<TextLine ID="line_12" HPOS="668" VPOS="640" WIDTH="408" HEIGHT="22">
							<String ID="string_50" HPOS="668" VPOS="641" WIDTH="37" HEIGHT="21" WC="0.96" CONTENT="län"/><SP WIDTH="18" VPOS="641" HPOS="705"/>
							<String ID="string_51" HPOS="723" VPOS="640" WIDTH="96" HEIGHT="22" WC="0.95" CONTENT="hörande"/><SP WIDTH="18" VPOS="640" HPOS="819"/>
							<String ID="string_52" HPOS="837" VPOS="640" WIDTH="59" HEIGHT="22" WC="0.96" CONTENT="delar"/><SP WIDTH="14" VPOS="640" HPOS="896"/>
							<String ID="string_53" HPOS="910" VPOS="640" WIDTH="24" HEIGHT="22" WC="0.93" CONTENT="af"/><SP WIDTH="12" VPOS="640" HPOS="934"/>
							<String ID="string_54" HPOS="946" VPOS="640" WIDTH="130" HEIGHT="22" WC="0.92" CONTENT="Westerbot-"/>
						</TextLine>
						<TextLine ID="line_13" HPOS="668" VPOS="669" WIDTH="409" HEIGHT="27">
							<String ID="string_55" HPOS="668" VPOS="672" WIDTH="37" HEIGHT="19" WC="0.96" CONTENT="ten"/><SP WIDTH="14" VPOS="672" HPOS="705"/>
							<String ID="string_56" HPOS="719" VPOS="670" WIDTH="76" HEIGHT="21" WC="0.96" CONTENT="endast"/><SP WIDTH="14" VPOS="670" HPOS="795"/>
							<String ID="string_57" HPOS="809" VPOS="670" WIDTH="48" HEIGHT="20" WC="0.93" CONTENT="med"/><SP WIDTH="15" VPOS="670" HPOS="857"/>
							<String ID="string_58" HPOS="872" VPOS="670" WIDTH="110" HEIGHT="21" WC="0.93" CONTENT="trettiosex"/><SP WIDTH="13" VPOS="670" HPOS="982"/>
							<String ID="string_59" HPOS="995" VPOS="669" WIDTH="82" HEIGHT="27" WC="0.9" CONTENT="penni,"/>
						</TextLine>
						<TextLine ID="line_14" HPOS="670" VPOS="697" WIDTH="406" HEIGHT="28">
							<String ID="string_60" HPOS="670" VPOS="700" WIDTH="27" HEIGHT="19" WC="0.96" CONTENT="än"/><SP WIDTH="9" VPOS="700" HPOS="697"/>
							<String ID="string_61" HPOS="706" VPOS="698" WIDTH="39" HEIGHT="21" WC="0.96" CONTENT="ock"/><SP WIDTH="8" VPOS="698" HPOS="745"/>
							<String ID="string_62" HPOS="753" VPOS="698" WIDTH="76" HEIGHT="21" WC="0.93" CONTENT="orden:"/><SP WIDTH="9" VPOS="698" HPOS="829"/>
							<String ID="string_63" HPOS="838" VPOS="697" WIDTH="58" HEIGHT="27" WC="0.91" CONTENT=",utaf"/><SP WIDTH="5" VPOS="697" HPOS="896"/>
							<String ID="string_64" HPOS="901" VPOS="705" WIDTH="63" HEIGHT="20" WC="0.92" CONTENT="egare"/><SP WIDTH="7" VPOS="705" HPOS="964"/>
							<String ID="string_65" HPOS="971" VPOS="698" WIDTH="32" HEIGHT="21" WC="0.91" CONTENT="till"/><SP WIDTH="8" VPOS="698" HPOS="1003"/>
							<String ID="string_66" HPOS="1011" VPOS="698" WIDTH="65" HEIGHT="21" WC="0.89" CONTENT="skatt-"/>
						</TextLine>
						<TextLine ID="line_15" HPOS="669" VPOS="726" WIDTH="408" HEIGHT="28">
							<String ID="string_67" HPOS="669" VPOS="726" WIDTH="51" HEIGHT="28" WC="0.93" CONTENT="lagd"/><SP WIDTH="15" VPOS="726" HPOS="720"/>
							<String ID="string_68" HPOS="735" VPOS="728" WIDTH="77" HEIGHT="26" WC="0.87" CONTENT="qvarn&quot;"/><SP WIDTH="15" VPOS="728" HPOS="812"/>
							<String ID="string_69" HPOS="827" VPOS="728" WIDTH="55" HEIGHT="20" WC="0.93" CONTENT="samt"/><SP WIDTH="11" VPOS="728" HPOS="882"/>
							<String ID="string_70" HPOS="893" VPOS="726" WIDTH="95" HEIGHT="22" WC="0.90" CONTENT="deremot"/><SP WIDTH="9" VPOS="726" HPOS="988"/>
							<String ID="string_71" HPOS="997" VPOS="726" WIDTH="80" HEIGHT="27" WC="0.92" CONTENT="inskju-"/>
						</TextLine>
						<TextLine ID="line_16" HPOS="669" VPOS="755" WIDTH="408" HEIGHT="27">
							<String ID="string_72" HPOS="669" VPOS="757" WIDTH="33" HEIGHT="20" WC="0.96" CONTENT="tes"/><SP WIDTH="21" VPOS="757" HPOS="702"/>
							<String ID="string_73" HPOS="723" VPOS="755" WIDTH="90" HEIGHT="21" WC="0.93" CONTENT="framför"/><SP WIDTH="22" VPOS="755" HPOS="813"/>
							<String ID="string_74" HPOS="835" VPOS="755" WIDTH="148" HEIGHT="27" WC="0.92" CONTENT="gerningsmän"/><SP WIDTH="18" VPOS="755" HPOS="983"/>
							<String ID="string_75" HPOS="1001" VPOS="755" WIDTH="76" HEIGHT="21" WC="0.94" CONTENT="orden:"/>
						</TextLine>
						<TextLine ID="line_17" HPOS="671" VPOS="784" WIDTH="177" HEIGHT="27">
							<String ID="string_76" HPOS="671" VPOS="784" WIDTH="112" HEIGHT="27" WC="0.82" CONTENT="«mjölnare"/><SP WIDTH="15" VPOS="784" HPOS="783"/>
							<String ID="string_77" HPOS="798" VPOS="784" WIDTH="50" HEIGHT="21" WC="0.90" CONTENT="och&quot;"/>
						</TextLine>
					</TextBlock>
					<TextBlock ID="block_11" HPOS="670" VPOS="812" WIDTH="407" HEIGHT="56">
						<TextLine ID="line_18" HPOS="699" VPOS="812" WIDTH="378" HEIGHT="28">
							<String ID="string_78" HPOS="699" VPOS="812" WIDTH="110" HEIGHT="22" WC="0.96" CONTENT="äfvensom"/><SP WIDTH="15" VPOS="812" HPOS="809"/>
							<String ID="string_79" HPOS="824" VPOS="814" WIDTH="30" HEIGHT="20" WC="0.95" CONTENT="ett"/><SP WIDTH="14" VPOS="814" HPOS="854"/>
							<String ID="string_80" HPOS="868" VPOS="812" WIDTH="100" HEIGHT="21" WC="0.96" CONTENT="särskildt"/><SP WIDTH="10" VPOS="812" HPOS="968"/>
							<String ID="string_81" HPOS="978" VPOS="819" WIDTH="63" HEIGHT="14" WC="0.96" CONTENT="mom."/><SP WIDTH="13" VPOS="819" HPOS="1041"/>
							<String ID="string_82" HPOS="1054" VPOS="812" WIDTH="23" HEIGHT="28" WC="0.66" CONTENT="5)"/>
						</TextLine>
						<TextLine ID="line_19" HPOS="670" VPOS="840" WIDTH="343" HEIGHT="28">
							<String ID="string_83" HPOS="670" VPOS="841" WIDTH="70" HEIGHT="22" WC="0.96" CONTENT="bildas"/><SP WIDTH="15" VPOS="841" HPOS="740"/>
							<String ID="string_84" HPOS="755" VPOS="841" WIDTH="48" HEIGHT="21" WC="0.96" CONTENT="med"/><SP WIDTH="15" VPOS="841" HPOS="803"/>
							<String ID="string_85" HPOS="818" VPOS="841" WIDTH="92" HEIGHT="27" WC="0.96" CONTENT="följande"/><SP WIDTH="14" VPOS="841" HPOS="910"/>
							<String ID="string_86" HPOS="924" VPOS="840" WIDTH="89" HEIGHT="28" WC="0.95" CONTENT="lydelse:"/>
						</TextLine>
					</TextBlock>
					<TextBlock ID="block_12" HPOS="671" VPOS="869" WIDTH="409" HEIGHT="108">
						<TextLine ID="line_20" HPOS="700" VPOS="869" WIDTH="380" HEIGHT="28">
							<String ID="string_87" HPOS="700" VPOS="870" WIDTH="83" HEIGHT="27" WC="0.79" CONTENT="«Enligt"/><SP WIDTH="21" VPOS="870" HPOS="783"/>
							<String ID="string_88" HPOS="804" VPOS="869" WIDTH="59" HEIGHT="22" WC="0.93" CONTENT="förra"/><SP WIDTH="17" VPOS="869" HPOS="863"/>
							<String ID="string_89" HPOS="880" VPOS="870" WIDTH="133" HEIGHT="27" WC="0.91" CONTENT="vanligheten"/><SP WIDTH="17" VPOS="870" HPOS="1013"/>
							<String ID="string_90" HPOS="1030" VPOS="869" WIDTH="50" HEIGHT="21" WC="0.96" CONTENT="med"/>
						</TextLine>
						<TextLine ID="line_21" HPOS="671" VPOS="897" WIDTH="409" HEIGHT="29">
							<String ID="string_91" HPOS="671" VPOS="899" WIDTH="111" HEIGHT="21" WC="0.91" CONTENT="trettiosex"/><SP WIDTH="10" VPOS="899" HPOS="782"/>
							<String ID="string_92" HPOS="792" VPOS="898" WIDTH="64" HEIGHT="28" WC="0.92" CONTENT="penni"/><SP WIDTH="7" VPOS="898" HPOS="856"/>
							<String ID="string_93" HPOS="863" VPOS="897" WIDTH="48" HEIGHT="22" WC="0.96" CONTENT="från"/><SP WIDTH="7" VPOS="897" HPOS="911"/>
							<String ID="string_94" HPOS="918" VPOS="898" WIDTH="74" HEIGHT="28" WC="0.93" CONTENT="hvarje"/><SP WIDTH="6" VPOS="898" HPOS="992"/>
							<String ID="string_95" HPOS="998" VPOS="898" WIDTH="82" HEIGHT="27" WC="0.91" CONTENT="matlag"/>
						</TextLine>
						<TextLine ID="line_22" HPOS="673" VPOS="926" WIDTH="407" HEIGHT="28">
							<String ID="string_96" HPOS="673" VPOS="928" WIDTH="51" HEIGHT="21" WC="0.96" CONTENT="eller"/><SP WIDTH="17" VPOS="928" HPOS="724"/>
							<String ID="string_97" HPOS="741" VPOS="927" WIDTH="40" HEIGHT="21" WC="0.96" CONTENT="rök"/><SP WIDTH="18" VPOS="927" HPOS="781"/>
							<String ID="string_98" HPOS="799" VPOS="928" WIDTH="8" HEIGHT="20" WC="0.96" CONTENT="i"/><SP WIDTH="16" VPOS="928" HPOS="807"/>
							<String ID="string_99" HPOS="823" VPOS="927" WIDTH="26" HEIGHT="21" WC="0.96" CONTENT="de"/><SP WIDTH="14" VPOS="927" HPOS="849"/>
							<String ID="string_100" HPOS="863" VPOS="927" WIDTH="31" HEIGHT="21" WC="0.96" CONTENT="till"/><SP WIDTH="14" VPOS="927" HPOS="894"/>
							<String ID="string_101" HPOS="908" VPOS="926" WIDTH="120" HEIGHT="28" WC="0.96" CONTENT="Uleåborgs"/><SP WIDTH="15" VPOS="926" HPOS="1028"/>
							<String ID="string_102" HPOS="1043" VPOS="926" WIDTH="37" HEIGHT="21" WC="0.96" CONTENT="län"/>
						</TextLine>
						<TextLine ID="line_23" HPOS="671" VPOS="955" WIDTH="394" HEIGHT="22">
							<String ID="string_103" HPOS="671" VPOS="956" WIDTH="96" HEIGHT="21" WC="0.96" CONTENT="hörande"/><SP WIDTH="16" VPOS="956" HPOS="767"/>
							<String ID="string_104" HPOS="783" VPOS="955" WIDTH="59" HEIGHT="21" WC="0.96" CONTENT="delar"/><SP WIDTH="15" VPOS="955" HPOS="842"/>
							<String ID="string_105" HPOS="857" VPOS="955" WIDTH="24" HEIGHT="21" WC="0.93" CONTENT="af"/><SP WIDTH="10" VPOS="955" HPOS="881"/>
							<String ID="string_106" HPOS="891" VPOS="955" WIDTH="174" HEIGHT="21" WC="0.79" CONTENT="Westerbotten.*"/>
						</TextLine>
					</TextBlock>
					<TextBlock ID="block_13" HPOS="672" VPOS="982" WIDTH="409" HEIGHT="172">
						<TextLine ID="line_24" HPOS="701" VPOS="982" WIDTH="379" HEIGHT="29">
							<String ID="string_107" HPOS="701" VPOS="982" WIDTH="70" HEIGHT="29" WC="0.96" CONTENT="Utgår"/><SP WIDTH="18" VPOS="982" HPOS="771"/>
							<String ID="string_108" HPOS="789" VPOS="984" WIDTH="40" HEIGHT="21" WC="0.96" CONTENT="och"/><SP WIDTH="17" VPOS="984" HPOS="829"/>
							<String ID="string_109" HPOS="846" VPOS="984" WIDTH="8" HEIGHT="20" WC="0.96" CONTENT="i"/><SP WIDTH="18" VPOS="984" HPOS="854"/>
							<String ID="string_110" HPOS="872" VPOS="983" WIDTH="70" HEIGHT="21" WC="0.93" CONTENT="stället"/><SP WIDTH="13" VPOS="983" HPOS="942"/>
							<String ID="string_111" HPOS="955" VPOS="983" WIDTH="79" HEIGHT="21" WC="0.92" CONTENT="införes"/><SP WIDTH="16" VPOS="983" HPOS="1034"/>
							<String ID="string_112" HPOS="1050" VPOS="984" WIDTH="30" HEIGHT="20" WC="0.96" CONTENT="ett"/>
						</TextLine>
						<TextLine ID="line_25" HPOS="672" VPOS="1010" WIDTH="408" HEIGHT="30">
							<String ID="string_113" HPOS="672" VPOS="1019" WIDTH="63" HEIGHT="15" WC="0.93" CONTENT="mom."/><SP WIDTH="24" VPOS="1019" HPOS="735"/>
							<String ID="string_114" HPOS="759" VPOS="1013" WIDTH="20" HEIGHT="27" WC="0.91" CONTENT="c)"/><SP WIDTH="24" VPOS="1013" HPOS="779"/>
							<String ID="string_115" HPOS="803" VPOS="1012" WIDTH="24" HEIGHT="21" WC="0.96" CONTENT="af"/><SP WIDTH="18" VPOS="1012" HPOS="827"/>
							<String ID="string_116" HPOS="845" VPOS="1010" WIDTH="93" HEIGHT="23" WC="0.96" CONTENT="innehåll"/><SP WIDTH="18" VPOS="1010" HPOS="938"/>
							<String ID="string_117" HPOS="956" VPOS="1013" WIDTH="31" HEIGHT="20" WC="0.93" CONTENT="att"/><SP WIDTH="17" VPOS="1013" HPOS="987"/>
							<String ID="string_118" HPOS="1004" VPOS="1011" WIDTH="76" HEIGHT="22" WC="0.92" CONTENT="bruks-"/>
						</TextLine>
						<TextLine ID="line_26" HPOS="673" VPOS="1040" WIDTH="407" HEIGHT="29">
							<String ID="string_119" HPOS="673" VPOS="1048" WIDTH="64" HEIGHT="21" WC="0.93" CONTENT="egare"/><SP WIDTH="18" VPOS="1048" HPOS="737"/>
							<String ID="string_120" HPOS="755" VPOS="1040" WIDTH="61" HEIGHT="22" WC="0.95" CONTENT="skola"/><SP WIDTH="17" VPOS="1040" HPOS="816"/>
							<String ID="string_121" HPOS="833" VPOS="1040" WIDTH="70" HEIGHT="22" WC="0.93" CONTENT="betala"/><SP WIDTH="14" VPOS="1040" HPOS="903"/>
							<String ID="string_122" HPOS="917" VPOS="1040" WIDTH="163" HEIGHT="28" WC="0.91" CONTENT="tingsgästning,"/>
						</TextLine>
						<TextLine ID="line_27" HPOS="673" VPOS="1069" WIDTH="406" HEIGHT="28">
							<String ID="string_123" HPOS="673" VPOS="1070" WIDTH="67" HEIGHT="27" WC="0.96" CONTENT="enligt"/><SP WIDTH="14" VPOS="1070" HPOS="740"/>
							<String ID="string_124" HPOS="754" VPOS="1069" WIDTH="77" HEIGHT="28" WC="0.93" CONTENT="Kongl."/><SP WIDTH="15" VPOS="1069" HPOS="831"/>
							<String ID="string_125" HPOS="846" VPOS="1069" WIDTH="84" HEIGHT="21" WC="0.92" CONTENT="Brefvet"/><SP WIDTH="16" VPOS="1069" HPOS="930"/>
							<String ID="string_126" HPOS="946" VPOS="1069" WIDTH="40" HEIGHT="21" WC="0.96" CONTENT="den"/><SP WIDTH="12" VPOS="1069" HPOS="986"/>
							<String ID="string_127" HPOS="998" VPOS="1070" WIDTH="25" HEIGHT="20" WC="0.96" CONTENT="21"/><SP WIDTH="13" VPOS="1070" HPOS="1023"/>
							<String ID="string_128" HPOS="1036" VPOS="1069" WIDTH="43" HEIGHT="27" WC="0.96" CONTENT="Maj"/>
						</TextLine>
						<TextLine ID="line_28" HPOS="674" VPOS="1097" WIDTH="406" HEIGHT="23">
							<String ID="string_129" HPOS="674" VPOS="1100" WIDTH="55" HEIGHT="19" WC="0.93" CONTENT="1744"/><SP WIDTH="15" VPOS="1100" HPOS="729"/>
							<String ID="string_130" HPOS="744" VPOS="1098" WIDTH="63" HEIGHT="22" WC="0.92" CONTENT="hvart"/><SP WIDTH="14" VPOS="1098" HPOS="807"/>
							<String ID="string_131" HPOS="821" VPOS="1099" WIDTH="65" HEIGHT="20" WC="0.95" CONTENT="annat"/><SP WIDTH="14" VPOS="1099" HPOS="886"/>
							<String ID="string_132" HPOS="900" VPOS="1097" WIDTH="24" HEIGHT="22" WC="0.96" CONTENT="år"/><SP WIDTH="14" VPOS="1097" HPOS="924"/>
							<String ID="string_133" HPOS="938" VPOS="1098" WIDTH="48" HEIGHT="21" WC="0.95" CONTENT="med"/><SP WIDTH="14" VPOS="1098" HPOS="986"/>
							<String ID="string_134" HPOS="1000" VPOS="1099" WIDTH="32" HEIGHT="19" WC="0.93" CONTENT="tre"/><SP WIDTH="12" VPOS="1099" HPOS="1032"/>
							<String ID="string_135" HPOS="1044" VPOS="1098" WIDTH="36" HEIGHT="21" WC="0.92" CONTENT="da-"/>
						</TextLine>
						<TextLine ID="line_29" HPOS="672" VPOS="1126" WIDTH="409" HEIGHT="28">
							<String ID="string_136" HPOS="672" VPOS="1127" WIDTH="32" HEIGHT="21" WC="0.96" CONTENT="ler"/><SP WIDTH="18" VPOS="1127" HPOS="704"/>
							<String ID="string_137" HPOS="722" VPOS="1127" WIDTH="35" HEIGHT="21" WC="0.96" CONTENT="för"/><SP WIDTH="19" VPOS="1127" HPOS="757"/>
							<String ID="string_138" HPOS="776" VPOS="1126" WIDTH="73" HEIGHT="28" WC="0.93" CONTENT="hvarje"/><SP WIDTH="18" VPOS="1126" HPOS="849"/>
							<String ID="string_139" HPOS="867" VPOS="1126" WIDTH="63" HEIGHT="21" WC="0.92" CONTENT="härd-"/><SP WIDTH="18" VPOS="1126" HPOS="930"/>
							<String ID="string_140" HPOS="948" VPOS="1128" WIDTH="55" HEIGHT="19" WC="0.93" CONTENT="samt"/><SP WIDTH="17" VPOS="1128" HPOS="1003"/>
							<String ID="string_141" HPOS="1020" VPOS="1126" WIDTH="61" HEIGHT="28" WC="0.92" CONTENT="knip-"/>
						</TextLine>
					</TextBlock>
				</ComposedBlock>
				<ComposedBlock ID="cblock_20" HPOS="666" VPOS="1154" WIDTH="431" HEIGHT="64">
					<TextBlock ID="block_14" HPOS="666" VPOS="1154" WIDTH="431" HEIGHT="64">
						<TextLine ID="line_30" HPOS="673" VPOS="1154" WIDTH="424" HEIGHT="24">
							<String ID="string_142" HPOS="673" VPOS="1156" WIDTH="40" HEIGHT="20" WC="0.93" CONTENT="och"/><SP WIDTH="18" VPOS="1156" HPOS="713"/>
							<String ID="string_143" HPOS="731" VPOS="1155" WIDTH="170" HEIGHT="21" WC="0.91" CONTENT="bleckhammare"/><SP WIDTH="18" VPOS="1155" HPOS="901"/>
							<String ID="string_144" HPOS="919" VPOS="1154" WIDTH="107" HEIGHT="22" WC="0.96" CONTENT="äfvensom"/><SP WIDTH="18" VPOS="1154" HPOS="1026"/>
							<String ID="string_145" HPOS="1044" VPOS="1162" WIDTH="37" HEIGHT="14" WC="0.92" CONTENT="sex"/><SP WIDTH="15" VPOS="1162" HPOS="1081"/>
							<String ID="string_146" HPOS="1096" VPOS="1175" WIDTH="1" HEIGHT="3" WC="0.95" CONTENT="|"/>
						</TextLine>
						<TextLine ID="line_31" HPOS="666" VPOS="1183" WIDTH="251" HEIGHT="26">
							<String ID="string_147" HPOS="666" VPOS="1183" WIDTH="236" HEIGHT="26" WC="0.61" CONTENT="-daler-för-masugne"/><SP WIDTH="12" VPOS="1183" HPOS="902"/>
							<String ID="string_148" HPOS="914" VPOS="1198" WIDTH="3" HEIGHT="2" WC="0.89" CONTENT="-"/>
						</TextLine>
						<TextLine ID="line_32" HPOS="892" VPOS="1211" WIDTH="11" HEIGHT="7">
							<String ID="string_149" HPOS="892" VPOS="1211" WIDTH="11" HEIGHT="7" WC="0.38" CONTENT="="/>
						</TextLine>
					</TextBlock>
				</ComposedBlock>
				<ComposedBlock ID="cblock_21" HPOS="675" VPOS="1439" WIDTH="409" HEIGHT="86">
					<TextBlock ID="block_15" HPOS="675" VPOS="1439" WIDTH="409" HEIGHT="86">
						<TextLine ID="line_33" HPOS="705" VPOS="1439" WIDTH="379" HEIGHT="29">
							<String ID="string_150" HPOS="705" VPOS="1439" WIDTH="149" HEIGHT="29" WC="0.92" CONTENT="Omredigeras"/><SP WIDTH="12" VPOS="1439" HPOS="854"/>
							<String ID="string_151" HPOS="866" VPOS="1439" WIDTH="64" HEIGHT="29" WC="0.93" CONTENT="enligt"/><SP WIDTH="12" VPOS="1439" HPOS="930"/>
							<String ID="string_152" HPOS="942" VPOS="1439" WIDTH="98" HEIGHT="23" WC="0.93" CONTENT="Ständets"/><SP WIDTH="7" VPOS="1439" HPOS="1040"/>
							<String ID="string_153" HPOS="1047" VPOS="1440" WIDTH="37" HEIGHT="22" WC="0.93" CONTENT="be-"/>
						</TextLine>
						<TextLine ID="line_34" HPOS="675" VPOS="1468" WIDTH="409" HEIGHT="29">
							<String ID="string_154" HPOS="675" VPOS="1468" WIDTH="43" HEIGHT="22" WC="0.95" CONTENT="slut"/><SP WIDTH="21" VPOS="1468" HPOS="718"/>
							<String ID="string_155" HPOS="739" VPOS="1469" WIDTH="8" HEIGHT="21" WC="0.93" CONTENT="i"/><SP WIDTH="18" VPOS="1469" HPOS="747"/>
							<String ID="string_156" HPOS="765" VPOS="1468" WIDTH="76" HEIGHT="28" WC="0.92" CONTENT="frägan"/><SP WIDTH="19" VPOS="1468" HPOS="841"/>
							<String ID="string_157" HPOS="860" VPOS="1476" WIDTH="34" HEIGHT="14" WC="0.93" CONTENT="om"/><SP WIDTH="17" VPOS="1476" HPOS="894"/>
							<String ID="string_158" HPOS="911" VPOS="1469" WIDTH="173" HEIGHT="28" WC="0.92" CONTENT="lagmansrätter-"/>
						</TextLine>
						<TextLine ID="line_35" HPOS="675" VPOS="1498" WIDTH="188" HEIGHT="27">
							<String ID="string_159" HPOS="675" VPOS="1504" WIDTH="38" HEIGHT="15" WC="0.93" CONTENT="nes"/><SP WIDTH="16" VPOS="1504" HPOS="713"/>
							<String ID="string_160" HPOS="729" VPOS="1498" WIDTH="134" HEIGHT="27" WC="0.92" CONTENT="indragning."/>
						</TextLine>
					</TextBlock>
				</ComposedBlock>
				<ComposedBlock ID="cblock_22" HPOS="1125" VPOS="583" WIDTH="294" HEIGHT="32">
					<TextBlock ID="block_16" HPOS="1125" VPOS="583" WIDTH="294" HEIGHT="32">
						<TextLine ID="line_36" HPOS="1125" VPOS="583" WIDTH="294" HEIGHT="32">
							<String ID="string_161" HPOS="1125" VPOS="583" WIDTH="130" HEIGHT="32" WC="0.92" CONTENT="Godkänner"/><SP WIDTH="14" VPOS="583" HPOS="1255"/>
							<String ID="string_162" HPOS="1269" VPOS="584" WIDTH="150" HEIGHT="21" WC="0.90" CONTENT="betänkandet."/>
						</TextLine>
					</TextBlock>
				</ComposedBlock>
				<ComposedBlock ID="cblock_23" HPOS="1129" VPOS="984" WIDTH="294" HEIGHT="22">
					<TextBlock ID="block_17" HPOS="1129" VPOS="984" WIDTH="294" HEIGHT="22">
						<TextLine ID="line_37" HPOS="1129" VPOS="984" WIDTH="294" HEIGHT="22">
							<String ID="string_163" HPOS="1129" VPOS="984" WIDTH="129" HEIGHT="22" WC="0.92" CONTENT="Godkänner"/><SP WIDTH="14" VPOS="984" HPOS="1258"/>
							<String ID="string_164" HPOS="1272" VPOS="984" WIDTH="151" HEIGHT="21" WC="0.96" CONTENT="betänkandet."/>
						</TextLine>
					</TextBlock>
				</ComposedBlock>
				<ComposedBlock ID="cblock_24" HPOS="1094" VPOS="1438" WIDTH="362" HEIGHT="88">
					<TextBlock ID="block_18" HPOS="1094" VPOS="1438" WIDTH="362" HEIGHT="88">
						<TextLine ID="line_38" HPOS="1133" VPOS="1438" WIDTH="313" HEIGHT="31">
							<String ID="string_165" HPOS="1133" VPOS="1440" WIDTH="149" HEIGHT="28" WC="0.92" CONTENT="Omredigeras"/><SP WIDTH="21" VPOS="1440" HPOS="1282"/>
							<String ID="string_166" HPOS="1303" VPOS="1440" WIDTH="66" HEIGHT="29" WC="0.93" CONTENT="enligt"/><SP WIDTH="15" VPOS="1440" HPOS="1369"/>
							<String ID="string_167" HPOS="1384" VPOS="1438" WIDTH="62" HEIGHT="24" WC="0.92" CONTENT="Stän-"/>
						</TextLine>
						<TextLine ID="line_39" HPOS="1104" VPOS="1468" WIDTH="342" HEIGHT="29">
							<String ID="string_168" HPOS="1104" VPOS="1470" WIDTH="46" HEIGHT="21" WC="0.95" CONTENT="dets"/><SP WIDTH="15" VPOS="1470" HPOS="1150"/>
							<String ID="string_169" HPOS="1165" VPOS="1469" WIDTH="71" HEIGHT="22" WC="0.95" CONTENT="beslut"/><SP WIDTH="13" VPOS="1469" HPOS="1236"/>
							<String ID="string_170" HPOS="1249" VPOS="1470" WIDTH="8" HEIGHT="21" WC="0.93" CONTENT="i"/><SP WIDTH="11" VPOS="1470" HPOS="1257"/>
							<String ID="string_171" HPOS="1268" VPOS="1468" WIDTH="76" HEIGHT="29" WC="0.92" CONTENT="frägan"/><SP WIDTH="12" VPOS="1468" HPOS="1344"/>
							<String ID="string_172" HPOS="1356" VPOS="1477" WIDTH="34" HEIGHT="14" WC="0.93" CONTENT="om"/><SP WIDTH="10" VPOS="1477" HPOS="1390"/>
							<String ID="string_173" HPOS="1400" VPOS="1470" WIDTH="46" HEIGHT="27" WC="0.93" CONTENT="lag-"/>
						</TextLine>
						<TextLine ID="line_40" HPOS="1094" VPOS="1498" WIDTH="362" HEIGHT="28">
							<String ID="string_174" HPOS="1094" VPOS="1516" WIDTH="2" HEIGHT="10" WC="0.93" CONTENT="|"/><SP WIDTH="8" VPOS="1516" HPOS="1096"/>
							<String ID="string_175" HPOS="1104" VPOS="1499" WIDTH="167" HEIGHT="27" WC="0.91" CONTENT="mansrätternes"/><SP WIDTH="15" VPOS="1499" HPOS="1271"/>
							<String ID="string_176" HPOS="1286" VPOS="1498" WIDTH="134" HEIGHT="28" WC="0.92" CONTENT="indragning."/><SP WIDTH="33" VPOS="1498" HPOS="1420"/>
							<String ID="string_177" HPOS="1453" VPOS="1509" WIDTH="3" HEIGHT="13" WC="0.94" CONTENT="|"/>
						</TextLine>
					</TextBlock>
				</ComposedBlock>
				<GraphicalElement ID="cblock_25" HPOS="1445" VPOS="405" WIDTH="10" HEIGHT="1085"></GraphicalElement >
				<GraphicalElement ID="cblock_26" HPOS="1085" VPOS="405" WIDTH="13" HEIGHT="1110"></GraphicalElement >
				<ComposedBlock ID="cblock_27" HPOS="1456" VPOS="584" WIDTH="213" HEIGHT="79">
					<TextBlock ID="block_19" HPOS="1456" VPOS="584" WIDTH="213" HEIGHT="79">
						<TextLine ID="line_41" HPOS="1476" VPOS="584" WIDTH="193" HEIGHT="27">
							<String ID="string_178" HPOS="1476" VPOS="584" WIDTH="96" HEIGHT="27" WC="0.91" CONTENT="Antager"/><SP WIDTH="10" VPOS="584" HPOS="1572"/>
							<String ID="string_179" HPOS="1582" VPOS="590" WIDTH="77" HEIGHT="20" WC="0.92" CONTENT="propo-"/><SP WIDTH="8" VPOS="590" HPOS="1659"/>
							<String ID="string_180" HPOS="1667" VPOS="597" WIDTH="2" HEIGHT="2" WC="0.74" CONTENT="|"/>
						</TextLine>
						<TextLine ID="line_42" HPOS="1456" VPOS="612" WIDTH="212" HEIGHT="22">
							<String ID="string_181" HPOS="1456" VPOS="613" WIDTH="90" HEIGHT="21" WC="0.87" CONTENT="sitionen"/><SP WIDTH="30" VPOS="613" HPOS="1546"/>
							<String ID="string_182" HPOS="1576" VPOS="612" WIDTH="92" HEIGHT="22" WC="0.22" CONTENT="oförän-|"/>
						</TextLine>
						<TextLine ID="line_43" HPOS="1457" VPOS="642" WIDTH="59" HEIGHT="21">
							<String ID="string_183" HPOS="1457" VPOS="642" WIDTH="59" HEIGHT="21" WC="0.89" CONTENT="drad."/>
						</TextLine>
					</TextBlock>
				</ComposedBlock>
				<GraphicalElement ID="cblock_28" HPOS="1666" VPOS="405" WIDTH="11" HEIGHT="1119"></GraphicalElement >
				<ComposedBlock ID="cblock_29" HPOS="1676" VPOS="582" WIDTH="342" HEIGHT="144">
					<TextBlock ID="block_20" HPOS="1676" VPOS="582" WIDTH="342" HEIGHT="144">
						<TextLine ID="line_44" HPOS="1720" VPOS="582" WIDTH="298" HEIGHT="22">
							<String ID="string_184" HPOS="1720" VPOS="582" WIDTH="129" HEIGHT="22" WC="0.90" CONTENT="Godkänner"/><SP WIDTH="24" VPOS="582" HPOS="1849"/>
							<String ID="string_185" HPOS="1873" VPOS="582" WIDTH="145" HEIGHT="22" WC="0.96" CONTENT="betänkandet"/>
						</TextLine>
						<TextLine ID="line_45" HPOS="1676" VPOS="611" WIDTH="341" HEIGHT="27">
							<String ID="string_186" HPOS="1676" VPOS="612" WIDTH="49" HEIGHT="22" WC="0.96" CONTENT="med"/><SP WIDTH="11" VPOS="612" HPOS="1725"/>
							<String ID="string_187" HPOS="1736" VPOS="612" WIDTH="41" HEIGHT="21" WC="0.96" CONTENT="den"/><SP WIDTH="8" VPOS="612" HPOS="1777"/>
							<String ID="string_188" HPOS="1785" VPOS="611" WIDTH="23" HEIGHT="22" WC="0.93" CONTENT="af"/><SP WIDTH="6" VPOS="611" HPOS="1808"/>
							<String ID="string_189" HPOS="1814" VPOS="611" WIDTH="155" HEIGHT="27" WC="0.90" CONTENT="Ridderskapet"/><SP WIDTH="8" VPOS="611" HPOS="1969"/>
							<String ID="string_190" HPOS="1977" VPOS="612" WIDTH="40" HEIGHT="20" WC="0.96" CONTENT="och"/>
						</TextLine>
						<TextLine ID="line_46" HPOS="1676" VPOS="640" WIDTH="342" HEIGHT="28">
							<String ID="string_191" HPOS="1676" VPOS="640" WIDTH="70" HEIGHT="22" WC="0.92" CONTENT="Adeln"/><SP WIDTH="19" VPOS="640" HPOS="1746"/>
							<String ID="string_192" HPOS="1765" VPOS="642" WIDTH="94" HEIGHT="26" WC="0.92" CONTENT="antagna"/><SP WIDTH="18" VPOS="642" HPOS="1859"/>
							<String ID="string_193" HPOS="1877" VPOS="641" WIDTH="90" HEIGHT="27" WC="0.96" CONTENT="ändring"/><SP WIDTH="19" VPOS="641" HPOS="1967"/>
							<String ID="string_194" HPOS="1986" VPOS="642" WIDTH="32" HEIGHT="19" WC="0.95" CONTENT="att"/>
						</TextLine>
						<TextLine ID="line_47" HPOS="1677" VPOS="669" WIDTH="340" HEIGHT="27">
							<String ID="string_195" HPOS="1677" VPOS="670" WIDTH="76" HEIGHT="22" WC="0.91" CONTENT="orden:"/><SP WIDTH="12" VPOS="670" HPOS="1753"/>
							<String ID="string_196" HPOS="1765" VPOS="670" WIDTH="58" HEIGHT="26" WC="0.91" CONTENT=",utaf"/><SP WIDTH="10" VPOS="670" HPOS="1823"/>
							<String ID="string_197" HPOS="1833" VPOS="676" WIDTH="64" HEIGHT="20" WC="0.92" CONTENT="egare"/><SP WIDTH="10" VPOS="676" HPOS="1897"/>
							<String ID="string_198" HPOS="1907" VPOS="669" WIDTH="33" HEIGHT="21" WC="0.93" CONTENT="till"/><SP WIDTH="11" VPOS="669" HPOS="1940"/>
							<String ID="string_199" HPOS="1951" VPOS="669" WIDTH="66" HEIGHT="21" WC="0.93" CONTENT="skatt-"/>
						</TextLine>
						<TextLine ID="line_48" HPOS="1677" VPOS="697" WIDTH="340" HEIGHT="29">
							<String ID="string_200" HPOS="1677" VPOS="698" WIDTH="50" HEIGHT="28" WC="0.93" CONTENT="lagd"/><SP WIDTH="26" VPOS="698" HPOS="1727"/>
							<String ID="string_201" HPOS="1753" VPOS="700" WIDTH="76" HEIGHT="26" WC="0.86" CONTENT="gvarn*"/><SP WIDTH="21" VPOS="700" HPOS="1829"/>
							<String ID="string_202" HPOS="1850" VPOS="697" WIDTH="53" HEIGHT="28" WC="0.95" CONTENT="utgå"/><SP WIDTH="22" VPOS="697" HPOS="1903"/>
							<String ID="string_203" HPOS="1925" VPOS="698" WIDTH="39" HEIGHT="21" WC="0.93" CONTENT="och"/><SP WIDTH="19" VPOS="698" HPOS="1964"/>
							<String ID="string_204" HPOS="1983" VPOS="705" WIDTH="34" HEIGHT="14" WC="0.92" CONTENT="or-"/>
						</TextLine>
					</TextBlock>
				</ComposedBlock>
				<ComposedBlock ID="cblock_30" HPOS="1651" VPOS="726" WIDTH="366" HEIGHT="28">
					<TextBlock ID="block_21" HPOS="1651" VPOS="726" WIDTH="366" HEIGHT="28">
						<TextLine ID="line_49" HPOS="1651" VPOS="726" WIDTH="366" HEIGHT="28">
							<String ID="string_205" HPOS="1651" VPOS="731" WIDTH="4" HEIGHT="3" WC="0.68" CONTENT="*"/><SP WIDTH="10" VPOS="731" HPOS="1655"/>
							<String ID="string_206" HPOS="1665" VPOS="722" WIDTH="10" HEIGHT="37" WC="0.70" CONTENT="|"/><SP WIDTH="2" VPOS="722" HPOS="1675"/>
							<String ID="string_207" HPOS="1677" VPOS="727" WIDTH="41" HEIGHT="22" WC="0.70" CONTENT="den"/><SP WIDTH="13" VPOS="727" HPOS="1718"/>
							<String ID="string_208" HPOS="1731" VPOS="726" WIDTH="114" HEIGHT="28" WC="0.90" CONTENT=",mjölnare"/><SP WIDTH="11" VPOS="726" HPOS="1845"/>
							<String ID="string_209" HPOS="1856" VPOS="727" WIDTH="50" HEIGHT="21" WC="0.93" CONTENT="och&quot;"/><SP WIDTH="8" VPOS="727" HPOS="1906"/>
							<String ID="string_210" HPOS="1914" VPOS="726" WIDTH="103" HEIGHT="28" WC="0.92" CONTENT="inskjutes"/>
						</TextLine>
					</TextBlock>
				</ComposedBlock>
				<ComposedBlock ID="cblock_31" HPOS="1678" VPOS="755" WIDTH="260" HEIGHT="28">
					<TextBlock ID="block_22" HPOS="1678" VPOS="755" WIDTH="260" HEIGHT="28">
						<TextLine ID="line_50" HPOS="1678" VPOS="755" WIDTH="260" HEIGHT="28">
							<String ID="string_211" HPOS="1678" VPOS="755" WIDTH="89" HEIGHT="23" WC="0.92" CONTENT="framför"/><SP WIDTH="15" VPOS="755" HPOS="1767"/>
							<String ID="string_212" HPOS="1782" VPOS="755" WIDTH="156" HEIGHT="28" WC="0.92" CONTENT="gerningsmän."/>
						</TextLine>
					</TextBlock>
				</ComposedBlock>
				<ComposedBlock ID="cblock_32" HPOS="1709" VPOS="982" WIDTH="292" HEIGHT="24">
					<TextBlock ID="block_23" HPOS="1709" VPOS="982" WIDTH="292" HEIGHT="24">
						<TextLine ID="line_51" HPOS="1709" VPOS="982" WIDTH="292" HEIGHT="24">
							<String ID="string_213" HPOS="1709" VPOS="984" WIDTH="128" HEIGHT="22" WC="0.92" CONTENT="Godkänner"/><SP WIDTH="14" VPOS="984" HPOS="1837"/>
							<String ID="string_214" HPOS="1851" VPOS="982" WIDTH="150" HEIGHT="22" WC="0.96" CONTENT="betänkandet."/>
						</TextLine>
					</TextBlock>
				</ComposedBlock>
				<ComposedBlock ID="cblock_33" HPOS="1683" VPOS="1438" WIDTH="342" HEIGHT="88">
					<TextBlock ID="block_24" HPOS="1683" VPOS="1438" WIDTH="342" HEIGHT="88">
						<TextLine ID="line_52" HPOS="1711" VPOS="1438" WIDTH="313" HEIGHT="31">
							<String ID="string_215" HPOS="1711" VPOS="1440" WIDTH="150" HEIGHT="29" WC="0.92" CONTENT="Omredigeras"/><SP WIDTH="20" VPOS="1440" HPOS="1861"/>
							<String ID="string_216" HPOS="1881" VPOS="1440" WIDTH="66" HEIGHT="28" WC="0.93" CONTENT="enligt"/><SP WIDTH="15" VPOS="1440" HPOS="1947"/>
							<String ID="string_217" HPOS="1962" VPOS="1438" WIDTH="62" HEIGHT="24" WC="0.93" CONTENT="Stän-"/>
						</TextLine>
						<TextLine ID="line_53" HPOS="1684" VPOS="1468" WIDTH="341" HEIGHT="29">
							<String ID="string_218" HPOS="1684" VPOS="1470" WIDTH="47" HEIGHT="22" WC="0.95" CONTENT="dets"/><SP WIDTH="15" VPOS="1470" HPOS="1731"/>
							<String ID="string_219" HPOS="1746" VPOS="1470" WIDTH="71" HEIGHT="22" WC="0.95" CONTENT="beslut"/><SP WIDTH="9" VPOS="1470" HPOS="1817"/>
							<String ID="string_220" HPOS="1826" VPOS="1470" WIDTH="8" HEIGHT="21" WC="0.93" CONTENT="i"/><SP WIDTH="11" VPOS="1470" HPOS="1834"/>
							<String ID="string_221" HPOS="1845" VPOS="1468" WIDTH="77" HEIGHT="29" WC="0.92" CONTENT="frägan"/><SP WIDTH="11" VPOS="1468" HPOS="1922"/>
							<String ID="string_222" HPOS="1933" VPOS="1477" WIDTH="34" HEIGHT="14" WC="0.93" CONTENT="om"/><SP WIDTH="12" VPOS="1477" HPOS="1967"/>
							<String ID="string_223" HPOS="1979" VPOS="1469" WIDTH="46" HEIGHT="28" WC="0.92" CONTENT="lag-"/>
						</TextLine>
						<TextLine ID="line_54" HPOS="1683" VPOS="1498" WIDTH="316" HEIGHT="28">
							<String ID="string_224" HPOS="1683" VPOS="1500" WIDTH="168" HEIGHT="20" WC="0.93" CONTENT="mansrätternes"/><SP WIDTH="14" VPOS="1500" HPOS="1851"/>
							<String ID="string_225" HPOS="1865" VPOS="1498" WIDTH="134" HEIGHT="28" WC="0.93" CONTENT="indragning."/>
						</TextLine>
					</TextBlock>
				</ComposedBlock>
				<GraphicalElement ID="cblock_34" HPOS="2613" VPOS="539" WIDTH="449" HEIGHT="7"></GraphicalElement >
				<ComposedBlock ID="cblock_35" HPOS="2034" VPOS="580" WIDTH="1039" HEIGHT="916">
					<TextBlock ID="block_25" HPOS="2034" VPOS="580" WIDTH="1026" HEIGHT="401">
						<TextLine ID="line_55" HPOS="2102" VPOS="580" WIDTH="955" HEIGHT="28">
							<String ID="string_226" HPOS="2102" VPOS="582" WIDTH="33" HEIGHT="21" WC="0.89" CONTENT="Dä"/><SP WIDTH="18" VPOS="582" HPOS="2135"/>
							<String ID="string_227" HPOS="2153" VPOS="582" WIDTH="114" HEIGHT="22" WC="0.90" CONTENT="utskottets"/><SP WIDTH="18" VPOS="582" HPOS="2267"/>
							<String ID="string_228" HPOS="2285" VPOS="582" WIDTH="142" HEIGHT="26" WC="0.91" CONTENT="betänkande,"/><SP WIDTH="18" VPOS="582" HPOS="2427"/>
							<String ID="string_229" HPOS="2445" VPOS="582" WIDTH="92" HEIGHT="21" WC="0.92" CONTENT="rörande"/><SP WIDTH="19" VPOS="582" HPOS="2537"/>
							<String ID="string_230" HPOS="2556" VPOS="581" WIDTH="120" HEIGHT="27" WC="0.91" CONTENT="grunderne"/><SP WIDTH="14" VPOS="581" HPOS="2676"/>
							<String ID="string_231" HPOS="2690" VPOS="580" WIDTH="35" HEIGHT="22" WC="0.93" CONTENT="för"/><SP WIDTH="15" VPOS="580" HPOS="2725"/>
							<String ID="string_232" HPOS="2740" VPOS="580" WIDTH="108" HEIGHT="28" WC="0.92" CONTENT="spanmäls"/><SP WIDTH="14" VPOS="580" HPOS="2848"/>
							<String ID="string_233" HPOS="2862" VPOS="580" WIDTH="195" HEIGHT="28" WC="0.91" CONTENT="tingsgästningens"/>
						</TextLine>
						<TextLine ID="line_56" HPOS="2034" VPOS="608" WIDTH="1022" HEIGHT="30">
							<String ID="string_234" HPOS="2034" VPOS="611" WIDTH="125" HEIGHT="27" WC="0.93" CONTENT="utgörande,"/><SP WIDTH="19" VPOS="611" HPOS="2159"/>
							<String ID="string_235" HPOS="2178" VPOS="611" WIDTH="69" HEIGHT="21" WC="0.90" CONTENT="blifvit"/><SP WIDTH="18" VPOS="611" HPOS="2247"/>
							<String ID="string_236" HPOS="2265" VPOS="610" WIDTH="25" HEIGHT="22" WC="0.93" CONTENT="af"/><SP WIDTH="15" VPOS="610" HPOS="2290"/>
							<String ID="string_237" HPOS="2305" VPOS="610" WIDTH="156" HEIGHT="27" WC="0.92" CONTENT="Ridderskapet"/><SP WIDTH="18" VPOS="610" HPOS="2461"/>
							<String ID="string_238" HPOS="2479" VPOS="610" WIDTH="39" HEIGHT="21" WC="0.93" CONTENT="och"/><SP WIDTH="14" VPOS="610" HPOS="2518"/>
							<String ID="string_239" HPOS="2532" VPOS="610" WIDTH="69" HEIGHT="20" WC="0.93" CONTENT="Adeln"/><SP WIDTH="15" VPOS="610" HPOS="2601"/>
							<String ID="string_240" HPOS="2616" VPOS="611" WIDTH="56" HEIGHT="20" WC="0.93" CONTENT="samt"/><SP WIDTH="13" VPOS="611" HPOS="2672"/>
							<String ID="string_241" HPOS="2685" VPOS="610" WIDTH="85" HEIGHT="20" WC="0.92" CONTENT="Presta-"/><SP WIDTH="16" VPOS="610" HPOS="2770"/>
							<String ID="string_242" HPOS="2786" VPOS="610" WIDTH="40" HEIGHT="20" WC="0.93" CONTENT="och"/><SP WIDTH="14" VPOS="610" HPOS="2826"/>
							<String ID="string_243" HPOS="2840" VPOS="608" WIDTH="164" HEIGHT="22" WC="0.91" CONTENT="Bondeständen"/><SP WIDTH="16" VPOS="608" HPOS="3004"/>
							<String ID="string_244" HPOS="3020" VPOS="616" WIDTH="36" HEIGHT="14" WC="0.92" CONTENT="an-"/>
						</TextLine>
						<TextLine ID="line_57" HPOS="2035" VPOS="637" WIDTH="1023" HEIGHT="31">
							<String ID="string_245" HPOS="2035" VPOS="641" WIDTH="59" HEIGHT="27" WC="0.92" CONTENT="taget"/><SP WIDTH="17" VPOS="641" HPOS="2094"/>
							<String ID="string_246" HPOS="2111" VPOS="640" WIDTH="49" HEIGHT="21" WC="0.96" CONTENT="med"/><SP WIDTH="19" VPOS="640" HPOS="2160"/>
							<String ID="string_247" HPOS="2179" VPOS="640" WIDTH="41" HEIGHT="21" WC="0.96" CONTENT="den"/><SP WIDTH="17" VPOS="640" HPOS="2220"/>
							<String ID="string_248" HPOS="2237" VPOS="639" WIDTH="83" HEIGHT="21" WC="0.93" CONTENT="mindre"/><SP WIDTH="18" VPOS="639" HPOS="2320"/>
							<String ID="string_249" HPOS="2338" VPOS="639" WIDTH="118" HEIGHT="27" WC="0.92" CONTENT="väsentliga"/><SP WIDTH="18" VPOS="639" HPOS="2456"/>
							<String ID="string_250" HPOS="2474" VPOS="638" WIDTH="150" HEIGHT="28" WC="0.91" CONTENT="skiljaktighet,"/><SP WIDTH="20" VPOS="638" HPOS="2624"/>
							<String ID="string_251" HPOS="2644" VPOS="640" WIDTH="32" HEIGHT="19" WC="0.93" CONTENT="att"/><SP WIDTH="16" VPOS="640" HPOS="2676"/>
							<String ID="string_252" HPOS="2692" VPOS="638" WIDTH="158" HEIGHT="27" WC="0.92" CONTENT="Ridderskapet"/><SP WIDTH="14" VPOS="638" HPOS="2850"/>
							<String ID="string_253" HPOS="2864" VPOS="638" WIDTH="40" HEIGHT="21" WC="0.93" CONTENT="och"/><SP WIDTH="15" VPOS="638" HPOS="2904"/>
							<String ID="string_254" HPOS="2919" VPOS="637" WIDTH="69" HEIGHT="21" WC="0.93" CONTENT="Adeln"/><SP WIDTH="15" VPOS="637" HPOS="2988"/>
							<String ID="string_255" HPOS="3003" VPOS="639" WIDTH="55" HEIGHT="19" WC="0.96" CONTENT="samt"/>
						</TextLine>
						<TextLine ID="line_58" HPOS="2035" VPOS="665" WIDTH="1022" HEIGHT="30">
							<String ID="string_256" HPOS="2035" VPOS="668" WIDTH="160" HEIGHT="22" WC="0.90" CONTENT="Bondeständet"/><SP WIDTH="13" VPOS="668" HPOS="2195"/>
							<String ID="string_257" HPOS="2208" VPOS="668" WIDTH="97" HEIGHT="21" WC="0.95" CONTENT="uteslutit"/><SP WIDTH="15" VPOS="668" HPOS="2305"/>
							<String ID="string_258" HPOS="2320" VPOS="668" WIDTH="75" HEIGHT="21" WC="0.93" CONTENT="orden:"/><SP WIDTH="16" VPOS="668" HPOS="2395"/>
							<String ID="string_259" HPOS="2411" VPOS="674" WIDTH="74" HEIGHT="21" WC="0.78" CONTENT=",egare"/><SP WIDTH="15" VPOS="674" HPOS="2485"/>
							<String ID="string_260" HPOS="2500" VPOS="667" WIDTH="24" HEIGHT="21" WC="0.93" CONTENT="af"/><SP WIDTH="12" VPOS="667" HPOS="2524"/>
							<String ID="string_261" HPOS="2536" VPOS="666" WIDTH="108" HEIGHT="28" WC="0.92" CONTENT="skattlagd"/><SP WIDTH="15" VPOS="666" HPOS="2644"/>
							<String ID="string_262" HPOS="2659" VPOS="668" WIDTH="77" HEIGHT="26" WC="0.91" CONTENT="gvarn*"/><SP WIDTH="17" VPOS="668" HPOS="2736"/>
							<String ID="string_263" HPOS="2753" VPOS="667" WIDTH="40" HEIGHT="21" WC="0.73" CONTENT="och"/><SP WIDTH="1" VPOS="667" HPOS="2793"/>
							<String ID="string_264" HPOS="2794" VPOS="661" WIDTH="13" HEIGHT="38" WC="0.73" CONTENT="i"/><SP WIDTH="15" VPOS="661" HPOS="2807"/>
							<String ID="string_265" HPOS="2822" VPOS="666" WIDTH="72" HEIGHT="21" WC="0.96" CONTENT="stället"/><SP WIDTH="10" VPOS="666" HPOS="2894"/>
							<String ID="string_266" HPOS="2904" VPOS="666" WIDTH="66" HEIGHT="21" WC="0.96" CONTENT="insatt"/><SP WIDTH="12" VPOS="666" HPOS="2970"/>
							<String ID="string_267" HPOS="2982" VPOS="665" WIDTH="75" HEIGHT="22" WC="0.95" CONTENT="orden:"/>
						</TextLine>
						<TextLine ID="line_59" HPOS="2036" VPOS="693" WIDTH="1023" HEIGHT="31">
							<String ID="string_268" HPOS="2036" VPOS="697" WIDTH="114" HEIGHT="27" WC="0.21" CONTENT=",mjölnare"/><SP WIDTH="15" VPOS="697" HPOS="2150"/>
							<String ID="string_269" HPOS="2165" VPOS="697" WIDTH="50" HEIGHT="21" WC="0.93" CONTENT="och&quot;"/><SP WIDTH="16" VPOS="697" HPOS="2215"/>
							<String ID="string_270" HPOS="2231" VPOS="696" WIDTH="89" HEIGHT="22" WC="0.93" CONTENT="framför"/><SP WIDTH="15" VPOS="696" HPOS="2320"/>
							<String ID="string_271" HPOS="2335" VPOS="696" WIDTH="156" HEIGHT="28" WC="0.87" CONTENT="gerningsmän,"/><SP WIDTH="15" VPOS="696" HPOS="2491"/>
							<String ID="string_272" HPOS="2506" VPOS="694" WIDTH="90" HEIGHT="23" WC="0.96" CONTENT="föreslår"/><SP WIDTH="14" VPOS="694" HPOS="2596"/>
							<String ID="string_273" HPOS="2610" VPOS="695" WIDTH="110" HEIGHT="22" WC="0.93" CONTENT="Utskottet"/><SP WIDTH="13" VPOS="695" HPOS="2720"/>
							<String ID="string_274" HPOS="2733" VPOS="695" WIDTH="109" HEIGHT="22" WC="0.96" CONTENT="vördsamt"/><SP WIDTH="14" VPOS="695" HPOS="2842"/>
							<String ID="string_275" HPOS="2856" VPOS="696" WIDTH="32" HEIGHT="20" WC="0.93" CONTENT="att"/><SP WIDTH="11" VPOS="696" HPOS="2888"/>
							<String ID="string_276" HPOS="2899" VPOS="693" WIDTH="160" HEIGHT="23" WC="0.84" CONTENT="Prestaständet"/>
						</TextLine>
						<TextLine ID="line_60" HPOS="2035" VPOS="723" WIDTH="1023" HEIGHT="30">
							<String ID="string_277" HPOS="2035" VPOS="726" WIDTH="111" HEIGHT="27" WC="0.90" CONTENT="behagade"/><SP WIDTH="15" VPOS="726" HPOS="2146"/>
							<String ID="string_278" HPOS="2161" VPOS="726" WIDTH="75" HEIGHT="21" WC="0.92" CONTENT="förena"/><SP WIDTH="14" VPOS="726" HPOS="2236"/>
							<String ID="string_279" HPOS="2250" VPOS="726" WIDTH="32" HEIGHT="26" WC="0.96" CONTENT="sig"/><SP WIDTH="15" VPOS="726" HPOS="2282"/>
							<String ID="string_280" HPOS="2297" VPOS="732" WIDTH="35" HEIGHT="14" WC="0.96" CONTENT="om"/><SP WIDTH="16" VPOS="732" HPOS="2332"/>
							<String ID="string_281" HPOS="2348" VPOS="725" WIDTH="69" HEIGHT="21" WC="0.93" CONTENT="denna"/><SP WIDTH="14" VPOS="725" HPOS="2417"/>
							<String ID="string_282" HPOS="2431" VPOS="725" WIDTH="131" HEIGHT="27" WC="0.92" CONTENT="förändring."/><SP WIDTH="25" VPOS="725" HPOS="2562"/>
							<String ID="string_283" HPOS="2587" VPOS="724" WIDTH="45" HEIGHT="22" WC="0.96" CONTENT="Och"/><SP WIDTH="16" VPOS="724" HPOS="2632"/>
							<String ID="string_284" HPOS="2648" VPOS="723" WIDTH="27" HEIGHT="22" WC="0.93" CONTENT="dä"/><SP WIDTH="15" VPOS="723" HPOS="2675"/>
							<String ID="string_285" HPOS="2690" VPOS="724" WIDTH="84" HEIGHT="22" WC="0.90" CONTENT="Presta-"/><SP WIDTH="16" VPOS="724" HPOS="2774"/>
							<String ID="string_286" HPOS="2790" VPOS="724" WIDTH="40" HEIGHT="22" WC="0.93" CONTENT="och"/><SP WIDTH="14" VPOS="724" HPOS="2830"/>
							<String ID="string_287" HPOS="2844" VPOS="723" WIDTH="165" HEIGHT="22" WC="0.92" CONTENT="Bondeständen"/><SP WIDTH="13" VPOS="723" HPOS="3009"/>
							<String ID="string_288" HPOS="3022" VPOS="730" WIDTH="36" HEIGHT="14" WC="0.92" CONTENT="va-"/>
						</TextLine>
						<TextLine ID="line_61" HPOS="2035" VPOS="752" WIDTH="1024" HEIGHT="29">
							<String ID="string_289" HPOS="2035" VPOS="755" WIDTH="30" HEIGHT="21" WC="0.96" CONTENT="rit"/><SP WIDTH="14" VPOS="755" HPOS="2065"/>
							<String ID="string_290" HPOS="2079" VPOS="754" WIDTH="48" HEIGHT="22" WC="0.93" CONTENT="med"/><SP WIDTH="14" VPOS="754" HPOS="2127"/>
							<String ID="string_291" HPOS="2141" VPOS="754" WIDTH="104" HEIGHT="22" WC="0.93" CONTENT="utskottet"/><SP WIDTH="15" VPOS="754" HPOS="2245"/>
							<String ID="string_292" HPOS="2260" VPOS="761" WIDTH="49" HEIGHT="14" WC="0.93" CONTENT="ense"/><SP WIDTH="16" VPOS="761" HPOS="2309"/>
							<String ID="string_293" HPOS="2325" VPOS="754" WIDTH="78" HEIGHT="26" WC="0.92" CONTENT="derom,"/><SP WIDTH="16" VPOS="754" HPOS="2403"/>
							<String ID="string_294" HPOS="2419" VPOS="755" WIDTH="32" HEIGHT="20" WC="0.93" CONTENT="att"/><SP WIDTH="14" VPOS="755" HPOS="2451"/>
							<String ID="string_295" HPOS="2465" VPOS="753" WIDTH="299" HEIGHT="28" WC="0.92" CONTENT="penninge-tingsgästningen"/><SP WIDTH="14" VPOS="753" HPOS="2764"/>
							<String ID="string_296" HPOS="2778" VPOS="753" WIDTH="7" HEIGHT="21" WC="0.96" CONTENT="i"/><SP WIDTH="16" VPOS="753" HPOS="2785"/>
							<String ID="string_297" HPOS="2801" VPOS="753" WIDTH="26" HEIGHT="21" WC="0.96" CONTENT="de"/><SP WIDTH="14" VPOS="753" HPOS="2827"/>
							<String ID="string_298" HPOS="2841" VPOS="752" WIDTH="33" HEIGHT="22" WC="0.93" CONTENT="till"/><SP WIDTH="14" VPOS="752" HPOS="2874"/>
							<String ID="string_299" HPOS="2888" VPOS="752" WIDTH="120" HEIGHT="28" WC="0.92" CONTENT="Uleäborgs"/><SP WIDTH="14" VPOS="752" HPOS="3008"/>
							<String ID="string_300" HPOS="3022" VPOS="752" WIDTH="37" HEIGHT="21" WC="0.97" CONTENT="län"/>
						</TextLine>
						<TextLine ID="line_62" HPOS="2036" VPOS="780" WIDTH="1023" HEIGHT="30">
							<String ID="string_301" HPOS="2036" VPOS="783" WIDTH="96" HEIGHT="21" WC="0.91" CONTENT="hörande"/><SP WIDTH="19" VPOS="783" HPOS="2132"/>
							<String ID="string_302" HPOS="2151" VPOS="783" WIDTH="60" HEIGHT="21" WC="0.96" CONTENT="delar"/><SP WIDTH="18" VPOS="783" HPOS="2211"/>
							<String ID="string_303" HPOS="2229" VPOS="782" WIDTH="24" HEIGHT="22" WC="0.93" CONTENT="af"/><SP WIDTH="15" VPOS="782" HPOS="2253"/>
							<String ID="string_304" HPOS="2268" VPOS="782" WIDTH="158" HEIGHT="22" WC="0.92" CONTENT="Westerbotten"/><SP WIDTH="18" VPOS="782" HPOS="2426"/>
							<String ID="string_305" HPOS="2444" VPOS="782" WIDTH="41" HEIGHT="22" WC="0.93" CONTENT="bör"/><SP WIDTH="14" VPOS="782" HPOS="2485"/>
							<String ID="string_306" HPOS="2499" VPOS="781" WIDTH="51" HEIGHT="29" WC="0.93" CONTENT="utgä"/><SP WIDTH="15" VPOS="781" HPOS="2550"/>
							<String ID="string_307" HPOS="2565" VPOS="782" WIDTH="53" HEIGHT="21" WC="0.96" CONTENT="efter"/><SP WIDTH="15" VPOS="782" HPOS="2618"/>
							<String ID="string_308" HPOS="2633" VPOS="788" WIDTH="82" HEIGHT="15" WC="0.96" CONTENT="samma"/><SP WIDTH="15" VPOS="788" HPOS="2715"/>
							<String ID="string_309" HPOS="2730" VPOS="781" WIDTH="69" HEIGHT="28" WC="0.96" CONTENT="grund"/><SP WIDTH="15" VPOS="781" HPOS="2799"/>
							<String ID="string_310" HPOS="2814" VPOS="788" WIDTH="46" HEIGHT="14" WC="0.93" CONTENT="som"/><SP WIDTH="15" VPOS="788" HPOS="2860"/>
							<String ID="string_311" HPOS="2875" VPOS="780" WIDTH="184" HEIGHT="28" WC="0.92" CONTENT="spanmäls-tings-"/>
						</TextLine>
						<TextLine ID="line_63" HPOS="2037" VPOS="809" WIDTH="1022" HEIGHT="31">
							<String ID="string_312" HPOS="2037" VPOS="812" WIDTH="127" HEIGHT="28" WC="0.92" CONTENT="gästningen"/><SP WIDTH="14" VPOS="812" HPOS="2164"/>
							<String ID="string_313" HPOS="2178" VPOS="812" WIDTH="8" HEIGHT="20" WC="0.93" CONTENT="i"/><SP WIDTH="15" VPOS="812" HPOS="2186"/>
							<String ID="string_314" HPOS="2201" VPOS="812" WIDTH="69" HEIGHT="26" WC="0.96" CONTENT="öfriga"/><SP WIDTH="15" VPOS="812" HPOS="2270"/>
							<String ID="string_315" HPOS="2285" VPOS="813" WIDTH="57" HEIGHT="19" WC="0.96" CONTENT="orter"/><SP WIDTH="14" VPOS="813" HPOS="2342"/>
							<String ID="string_316" HPOS="2356" VPOS="811" WIDTH="8" HEIGHT="21" WC="0.96" CONTENT="i"/><SP WIDTH="14" VPOS="811" HPOS="2364"/>
							<String ID="string_317" HPOS="2378" VPOS="810" WIDTH="78" HEIGHT="26" WC="0.93" CONTENT="landet,"/><SP WIDTH="16" VPOS="810" HPOS="2456"/>
							<String ID="string_318" HPOS="2472" VPOS="810" WIDTH="116" HEIGHT="28" WC="0.96" CONTENT="tillstyrker"/><SP WIDTH="14" VPOS="810" HPOS="2588"/>
							<String ID="string_319" HPOS="2602" VPOS="810" WIDTH="110" HEIGHT="21" WC="0.96" CONTENT="Utskottet"/><SP WIDTH="14" VPOS="810" HPOS="2712"/>
							<String ID="string_320" HPOS="2726" VPOS="812" WIDTH="32" HEIGHT="19" WC="0.93" CONTENT="att"/><SP WIDTH="14" VPOS="812" HPOS="2758"/>
							<String ID="string_321" HPOS="2772" VPOS="810" WIDTH="156" HEIGHT="27" WC="0.91" CONTENT="Ridderskapet"/><SP WIDTH="12" VPOS="810" HPOS="2928"/>
							<String ID="string_322" HPOS="2940" VPOS="810" WIDTH="40" HEIGHT="21" WC="0.93" CONTENT="och"/><SP WIDTH="11" VPOS="810" HPOS="2980"/>
							<String ID="string_323" HPOS="2991" VPOS="809" WIDTH="68" HEIGHT="21" WC="0.92" CONTENT="Adeln"/>
						</TextLine>
						<TextLine ID="line_64" HPOS="2037" VPOS="838" WIDTH="1022" HEIGHT="30">
							<String ID="string_324" HPOS="2037" VPOS="840" WIDTH="54" HEIGHT="26" WC="0.96" CONTENT="ville,"/><SP WIDTH="18" VPOS="840" HPOS="2091"/>
							<String ID="string_325" HPOS="2109" VPOS="840" WIDTH="50" HEIGHT="21" WC="0.93" CONTENT="med"/><SP WIDTH="18" VPOS="840" HPOS="2159"/>
							<String ID="string_326" HPOS="2177" VPOS="839" WIDTH="130" HEIGHT="29" WC="0.92" CONTENT="frängäende"/><SP WIDTH="18" VPOS="839" HPOS="2307"/>
							<String ID="string_327" HPOS="2325" VPOS="839" WIDTH="24" HEIGHT="21" WC="0.97" CONTENT="af"/><SP WIDTH="16" VPOS="839" HPOS="2349"/>
							<String ID="string_328" HPOS="2365" VPOS="840" WIDTH="32" HEIGHT="21" WC="0.93" CONTENT="sin"/><SP WIDTH="19" VPOS="840" HPOS="2397"/>
							<String ID="string_329" HPOS="2416" VPOS="839" WIDTH="122" HEIGHT="28" WC="0.93" CONTENT="skiljaktiga"/><SP WIDTH="17" VPOS="839" HPOS="2538"/>
							<String ID="string_330" HPOS="2555" VPOS="839" WIDTH="85" HEIGHT="28" WC="0.93" CONTENT="mening"/><SP WIDTH="15" VPOS="839" HPOS="2640"/>
							<String ID="string_331" HPOS="2655" VPOS="839" WIDTH="54" HEIGHT="26" WC="0.92" CONTENT="häri,"/><SP WIDTH="16" VPOS="839" HPOS="2709"/>
							<String ID="string_332" HPOS="2725" VPOS="839" WIDTH="85" HEIGHT="21" WC="0.93" CONTENT="ansluta"/><SP WIDTH="14" VPOS="839" HPOS="2810"/>
							<String ID="string_333" HPOS="2824" VPOS="839" WIDTH="33" HEIGHT="27" WC="0.96" CONTENT="sig"/><SP WIDTH="14" VPOS="839" HPOS="2857"/>
							<String ID="string_334" HPOS="2871" VPOS="838" WIDTH="34" HEIGHT="21" WC="0.93" CONTENT="till"/><SP WIDTH="14" VPOS="838" HPOS="2905"/>
							<String ID="string_335" HPOS="2919" VPOS="838" WIDTH="85" HEIGHT="22" WC="0.92" CONTENT="Presta-"/><SP WIDTH="16" VPOS="838" HPOS="3004"/>
							<String ID="string_336" HPOS="3020" VPOS="838" WIDTH="39" HEIGHT="21" WC="0.96" CONTENT="och"/>
						</TextLine>
						<TextLine ID="line_65" HPOS="2037" VPOS="866" WIDTH="1023" HEIGHT="30">
							<String ID="string_337" HPOS="2037" VPOS="868" WIDTH="175" HEIGHT="22" WC="0.88" CONTENT="Bondeständens"/><SP WIDTH="19" VPOS="868" HPOS="2212"/>
							<String ID="string_338" HPOS="2231" VPOS="868" WIDTH="79" HEIGHT="26" WC="0.93" CONTENT="beslut;"/><SP WIDTH="19" VPOS="868" HPOS="2310"/>
							<String ID="string_339" HPOS="2329" VPOS="868" WIDTH="112" HEIGHT="22" WC="0.91" CONTENT="hvarutom"/><SP WIDTH="17" VPOS="868" HPOS="2441"/>
							<String ID="string_340" HPOS="2458" VPOS="867" WIDTH="181" HEIGHT="29" WC="0.92" CONTENT="Borgareständet"/><SP WIDTH="17" VPOS="867" HPOS="2639"/>
							<String ID="string_341" HPOS="2656" VPOS="868" WIDTH="110" HEIGHT="21" WC="0.93" CONTENT="vördsamt"/><SP WIDTH="13" VPOS="868" HPOS="2766"/>
							<String ID="string_342" HPOS="2779" VPOS="867" WIDTH="99" HEIGHT="27" WC="0.92" CONTENT="inbjudes"/><SP WIDTH="15" VPOS="867" HPOS="2878"/>
							<String ID="string_343" HPOS="2893" VPOS="868" WIDTH="32" HEIGHT="20" WC="0.96" CONTENT="att"/><SP WIDTH="13" VPOS="868" HPOS="2925"/>
							<String ID="string_344" HPOS="2938" VPOS="868" WIDTH="8" HEIGHT="20" WC="0.93" CONTENT="i"/><SP WIDTH="15" VPOS="868" HPOS="2946"/>
							<String ID="string_345" HPOS="2961" VPOS="866" WIDTH="99" HEIGHT="22" WC="0.92" CONTENT="afseende"/>
						</TextLine>
						<TextLine ID="line_66" HPOS="2039" VPOS="895" WIDTH="1021" HEIGHT="29">
							<String ID="string_346" HPOS="2039" VPOS="897" WIDTH="12" HEIGHT="22" WC="0.93" CONTENT="å"/><SP WIDTH="19" VPOS="897" HPOS="2051"/>
							<String ID="string_347" HPOS="2070" VPOS="896" WIDTH="117" HEIGHT="28" WC="0.92" CONTENT="spanmäls-"/><SP WIDTH="20" VPOS="896" HPOS="2187"/>
							<String ID="string_348" HPOS="2207" VPOS="897" WIDTH="40" HEIGHT="21" WC="0.93" CONTENT="och"/><SP WIDTH="17" VPOS="897" HPOS="2247"/>
							<String ID="string_349" HPOS="2264" VPOS="897" WIDTH="299" HEIGHT="27" WC="0.92" CONTENT="penninge-tingsgästningen"/><SP WIDTH="14" VPOS="897" HPOS="2563"/>
							<String ID="string_350" HPOS="2577" VPOS="896" WIDTH="86" HEIGHT="22" WC="0.96" CONTENT="biträda"/><SP WIDTH="14" VPOS="896" HPOS="2663"/>
							<String ID="string_351" HPOS="2677" VPOS="896" WIDTH="114" HEIGHT="22" WC="0.96" CONTENT="utskottets"/><SP WIDTH="15" VPOS="896" HPOS="2791"/>
							<String ID="string_352" HPOS="2806" VPOS="896" WIDTH="136" HEIGHT="21" WC="0.95" CONTENT="betänkande"/><SP WIDTH="14" VPOS="896" HPOS="2942"/>
							<String ID="string_353" HPOS="2956" VPOS="895" WIDTH="48" HEIGHT="22" WC="0.96" CONTENT="med"/><SP WIDTH="16" VPOS="895" HPOS="3004"/>
							<String ID="string_354" HPOS="3020" VPOS="895" WIDTH="40" HEIGHT="21" WC="0.96" CONTENT="den"/>
						</TextLine>
						<TextLine ID="line_67" HPOS="2039" VPOS="924" WIDTH="1021" HEIGHT="30">
							<String ID="string_355" HPOS="2039" VPOS="926" WIDTH="96" HEIGHT="27" WC="0.96" CONTENT="ändring,"/><SP WIDTH="20" VPOS="926" HPOS="2135"/>
							<String ID="string_356" HPOS="2155" VPOS="928" WIDTH="32" HEIGHT="19" WC="0.93" CONTENT="att"/><SP WIDTH="15" VPOS="928" HPOS="2187"/>
							<String ID="string_357" HPOS="2202" VPOS="926" WIDTH="66" HEIGHT="21" WC="0.91" CONTENT="orden"/><SP WIDTH="15" VPOS="926" HPOS="2268"/>
							<String ID="string_358" HPOS="2283" VPOS="932" WIDTH="74" HEIGHT="21" WC="0.84" CONTENT=",egare"/><SP WIDTH="15" VPOS="932" HPOS="2357"/>
							<String ID="string_359" HPOS="2372" VPOS="925" WIDTH="33" HEIGHT="22" WC="0.93" CONTENT="till"/><SP WIDTH="14" VPOS="925" HPOS="2405"/>
							<String ID="string_360" HPOS="2419" VPOS="925" WIDTH="108" HEIGHT="28" WC="0.86" CONTENT="skattlagd"/><SP WIDTH="15" VPOS="925" HPOS="2527"/>
							<String ID="string_361" HPOS="2542" VPOS="927" WIDTH="76" HEIGHT="26" WC="0.92" CONTENT="gvarn*"/><SP WIDTH="16" VPOS="927" HPOS="2618"/>
							<String ID="string_362" HPOS="2634" VPOS="924" WIDTH="102" HEIGHT="22" WC="0.93" CONTENT="uteslutes"/><SP WIDTH="13" VPOS="924" HPOS="2736"/>
							<String ID="string_363" HPOS="2749" VPOS="925" WIDTH="43" HEIGHT="29" WC="0.93" CONTENT="och"/><SP WIDTH="14" VPOS="925" HPOS="2792"/>
							<String ID="string_364" HPOS="2806" VPOS="924" WIDTH="90" HEIGHT="22" WC="0.93" CONTENT="framför"/><SP WIDTH="14" VPOS="924" HPOS="2896"/>
							<String ID="string_365" HPOS="2910" VPOS="924" WIDTH="150" HEIGHT="28" WC="0.92" CONTENT="gerningsmän"/>
						</TextLine>
						<TextLine ID="line_68" HPOS="2038" VPOS="954" WIDTH="381" HEIGHT="27">
							<String ID="string_366" HPOS="2038" VPOS="955" WIDTH="88" HEIGHT="21" WC="0.93" CONTENT="insättes"/><SP WIDTH="16" VPOS="955" HPOS="2126"/>
							<String ID="string_367" HPOS="2142" VPOS="954" WIDTH="75" HEIGHT="22" WC="0.93" CONTENT="orden:"/><SP WIDTH="16" VPOS="954" HPOS="2217"/>
							<String ID="string_368" HPOS="2233" VPOS="954" WIDTH="115" HEIGHT="27" WC="0.79" CONTENT=",mjölnare"/><SP WIDTH="15" VPOS="954" HPOS="2348"/>
							<String ID="string_369" HPOS="2363" VPOS="954" WIDTH="56" HEIGHT="20" WC="0.88" CONTENT="och.&quot;"/>
						</TextLine>
					</TextBlock>
					<TextBlock ID="block_26" HPOS="2039" VPOS="980" WIDTH="1034" HEIGHT="401">
						<TextLine ID="line_69" HPOS="2106" VPOS="980" WIDTH="955" HEIGHT="29">
							<String ID="string_370" HPOS="2106" VPOS="982" WIDTH="43" HEIGHT="22" WC="0.95" CONTENT="Vid"/><SP WIDTH="15" VPOS="982" HPOS="2149"/>
							<String ID="string_371" HPOS="2164" VPOS="982" WIDTH="41" HEIGHT="22" WC="0.95" CONTENT="den"/><SP WIDTH="14" VPOS="982" HPOS="2205"/>
							<String ID="string_372" HPOS="2219" VPOS="982" WIDTH="39" HEIGHT="22" WC="0.93" CONTENT="hos"/><SP WIDTH="15" VPOS="982" HPOS="2258"/>
							<String ID="string_373" HPOS="2273" VPOS="982" WIDTH="155" HEIGHT="27" WC="0.91" CONTENT="Ridderskapet"/><SP WIDTH="15" VPOS="982" HPOS="2428"/>
							<String ID="string_374" HPOS="2443" VPOS="982" WIDTH="40" HEIGHT="21" WC="0.93" CONTENT="och"/><SP WIDTH="14" VPOS="982" HPOS="2483"/>
							<String ID="string_375" HPOS="2497" VPOS="981" WIDTH="69" HEIGHT="22" WC="0.93" CONTENT="Adeln"/><SP WIDTH="15" VPOS="981" HPOS="2566"/>
							<String ID="string_376" HPOS="2581" VPOS="981" WIDTH="62" HEIGHT="22" WC="0.96" CONTENT="förda"/><SP WIDTH="15" VPOS="981" HPOS="2643"/>
							<String ID="string_377" HPOS="2658" VPOS="981" WIDTH="120" HEIGHT="21" WC="0.95" CONTENT="diskussion"/><SP WIDTH="14" VPOS="981" HPOS="2778"/>
							<String ID="string_378" HPOS="2792" VPOS="981" WIDTH="41" HEIGHT="21" WC="0.96" CONTENT="har"/><SP WIDTH="15" VPOS="981" HPOS="2833"/>
							<String ID="string_379" HPOS="2848" VPOS="980" WIDTH="36" HEIGHT="22" WC="0.93" CONTENT="det"/><SP WIDTH="10" VPOS="980" HPOS="2884"/>
							<String ID="string_380" HPOS="2894" VPOS="980" WIDTH="70" HEIGHT="22" WC="0.96" CONTENT="blifvit"/><SP WIDTH="10" VPOS="980" HPOS="2964"/>
							<String ID="string_381" HPOS="2974" VPOS="980" WIDTH="87" HEIGHT="28" WC="0.96" CONTENT="upplyst"/>
						</TextLine>
						<TextLine ID="line_70" HPOS="2039" VPOS="1009" WIDTH="1021" HEIGHT="29">
							<String ID="string_382" HPOS="2039" VPOS="1013" WIDTH="32" HEIGHT="20" WC="0.94" CONTENT="att"/><SP WIDTH="18" VPOS="1013" HPOS="2071"/>
							<String ID="string_383" HPOS="2089" VPOS="1011" WIDTH="160" HEIGHT="22" WC="0.93" CONTENT="vederbörande"/><SP WIDTH="17" VPOS="1011" HPOS="2249"/>
							<String ID="string_384" HPOS="2266" VPOS="1010" WIDTH="137" HEIGHT="28" WC="0.87" CONTENT="bruksegare,"/><SP WIDTH="15" VPOS="1010" HPOS="2403"/>
							<String ID="string_385" HPOS="2418" VPOS="1010" WIDTH="89" HEIGHT="22" WC="0.93" CONTENT="medelst"/><SP WIDTH="15" VPOS="1010" HPOS="2507"/>
							<String ID="string_386" HPOS="2522" VPOS="1010" WIDTH="82" HEIGHT="22" WC="0.93" CONTENT="enskild"/><SP WIDTH="14" VPOS="1010" HPOS="2604"/>
							<String ID="string_387" HPOS="2618" VPOS="1010" WIDTH="212" HEIGHT="22" WC="0.88" CONTENT="öfverenskommelse"/><SP WIDTH="14" VPOS="1010" HPOS="2830"/>
							<String ID="string_388" HPOS="2844" VPOS="1009" WIDTH="49" HEIGHT="21" WC="0.93" CONTENT="med"/><SP WIDTH="15" VPOS="1009" HPOS="2893"/>
							<String ID="string_389" HPOS="2908" VPOS="1009" WIDTH="152" HEIGHT="27" WC="0.96" CONTENT="bergmästare,"/>
						</TextLine>
						<TextLine ID="line_71" HPOS="2039" VPOS="1037" WIDTH="1022" HEIGHT="31">
							<String ID="string_390" HPOS="2039" VPOS="1040" WIDTH="68" HEIGHT="28" WC="0.96" CONTENT="åtagit"/><SP WIDTH="18" VPOS="1040" HPOS="2107"/>
							<String ID="string_391" HPOS="2125" VPOS="1040" WIDTH="32" HEIGHT="28" WC="0.96" CONTENT="sig"/><SP WIDTH="18" VPOS="1040" HPOS="2157"/>
							<String ID="string_392" HPOS="2175" VPOS="1041" WIDTH="78" HEIGHT="27" WC="0.93" CONTENT="utgöra"/><SP WIDTH="19" VPOS="1041" HPOS="2253"/>
							<String ID="string_393" HPOS="2272" VPOS="1038" WIDTH="67" HEIGHT="22" WC="0.90" CONTENT="sådan"/><SP WIDTH="18" VPOS="1038" HPOS="2339"/>
							<String ID="string_394" HPOS="2357" VPOS="1039" WIDTH="163" HEIGHT="27" WC="0.92" CONTENT="tingsgästning,"/><SP WIDTH="16" VPOS="1039" HPOS="2520"/>
							<String ID="string_395" HPOS="2536" VPOS="1046" WIDTH="45" HEIGHT="14" WC="0.93" CONTENT="som"/><SP WIDTH="14" VPOS="1046" HPOS="2581"/>
							<String ID="string_396" HPOS="2595" VPOS="1039" WIDTH="58" HEIGHT="27" WC="0.96" CONTENT="legat"/><SP WIDTH="14" VPOS="1039" HPOS="2653"/>
							<String ID="string_397" HPOS="2667" VPOS="1038" WIDTH="34" HEIGHT="22" WC="0.96" CONTENT="till"/><SP WIDTH="15" VPOS="1038" HPOS="2701"/>
							<String ID="string_398" HPOS="2716" VPOS="1038" WIDTH="69" HEIGHT="28" WC="0.97" CONTENT="grund"/><SP WIDTH="14" VPOS="1038" HPOS="2785"/>
							<String ID="string_399" HPOS="2799" VPOS="1038" WIDTH="34" HEIGHT="22" WC="0.96" CONTENT="för"/><SP WIDTH="16" VPOS="1038" HPOS="2833"/>
							<String ID="string_400" HPOS="2849" VPOS="1038" WIDTH="35" HEIGHT="21" WC="0.96" CONTENT="det"/><SP WIDTH="14" VPOS="1038" HPOS="2884"/>
							<String ID="string_401" HPOS="2898" VPOS="1038" WIDTH="8" HEIGHT="20" WC="0.93" CONTENT="i"/><SP WIDTH="14" VPOS="1038" HPOS="2906"/>
							<String ID="string_402" HPOS="2920" VPOS="1037" WIDTH="84" HEIGHT="28" WC="0.92" CONTENT="Nädiga"/><SP WIDTH="14" VPOS="1037" HPOS="3004"/>
							<String ID="string_403" HPOS="3018" VPOS="1037" WIDTH="43" HEIGHT="21" WC="0.93" CONTENT="för-"/>
						</TextLine>
						<TextLine ID="line_72" HPOS="2039" VPOS="1066" WIDTH="1022" HEIGHT="30">
							<String ID="string_404" HPOS="2039" VPOS="1069" WIDTH="118" HEIGHT="27" WC="0.92" CONTENT="ordningen"/><SP WIDTH="16" VPOS="1069" HPOS="2157"/>
							<String ID="string_405" HPOS="2173" VPOS="1068" WIDTH="41" HEIGHT="22" WC="0.96" CONTENT="den"/><SP WIDTH="15" VPOS="1068" HPOS="2214"/>
							<String ID="string_406" HPOS="2229" VPOS="1070" WIDTH="26" HEIGHT="20" WC="0.96" CONTENT="22"/><SP WIDTH="15" VPOS="1070" HPOS="2255"/>
							<String ID="string_407" HPOS="2270" VPOS="1068" WIDTH="59" HEIGHT="21" WC="0.96" CONTENT="Mars"/><SP WIDTH="17" VPOS="1068" HPOS="2329"/>
							<String ID="string_408" HPOS="2346" VPOS="1069" WIDTH="54" HEIGHT="19" WC="0.93" CONTENT="1854"/><SP WIDTH="16" VPOS="1069" HPOS="2400"/>
							<String ID="string_409" HPOS="2416" VPOS="1068" WIDTH="73" HEIGHT="21" WC="0.92" CONTENT="derom"/><SP WIDTH="14" VPOS="1068" HPOS="2489"/>
							<String ID="string_410" HPOS="2503" VPOS="1067" WIDTH="173" HEIGHT="22" WC="0.91" CONTENT="förekommande"/><SP WIDTH="15" VPOS="1067" HPOS="2676"/>
							<String ID="string_411" HPOS="2691" VPOS="1067" WIDTH="124" HEIGHT="27" WC="0.92" CONTENT="stadgande,"/><SP WIDTH="17" VPOS="1067" HPOS="2815"/>
							<String ID="string_412" HPOS="2832" VPOS="1068" WIDTH="56" HEIGHT="20" WC="0.96" CONTENT="emot"/><SP WIDTH="12" VPOS="1068" HPOS="2888"/>
							<String ID="string_413" HPOS="2900" VPOS="1066" WIDTH="35" HEIGHT="21" WC="0.96" CONTENT="det"/><SP WIDTH="11" VPOS="1066" HPOS="2935"/>
							<String ID="string_414" HPOS="2946" VPOS="1068" WIDTH="32" HEIGHT="20" WC="0.93" CONTENT="att"/><SP WIDTH="10" VPOS="1068" HPOS="2978"/>
							<String ID="string_415" HPOS="2988" VPOS="1066" WIDTH="73" HEIGHT="27" WC="0.91" CONTENT="bergs-"/>
						</TextLine>
						<TextLine ID="line_73" HPOS="2040" VPOS="1094" WIDTH="1022" HEIGHT="31">
							<String ID="string_416" HPOS="2040" VPOS="1098" WIDTH="151" HEIGHT="27" WC="0.91" CONTENT="tingsrätterne"/><SP WIDTH="18" VPOS="1098" HPOS="2191"/>
							<String ID="string_417" HPOS="2209" VPOS="1097" WIDTH="68" HEIGHT="21" WC="0.93" CONTENT="skulle"/><SP WIDTH="14" VPOS="1097" HPOS="2277"/>
							<String ID="string_418" HPOS="2291" VPOS="1096" WIDTH="70" HEIGHT="22" WC="0.96" CONTENT="oftare"/><SP WIDTH="15" VPOS="1096" HPOS="2361"/>
							<String ID="string_419" HPOS="2376" VPOS="1098" WIDTH="27" HEIGHT="20" WC="0.93" CONTENT="än"/><SP WIDTH="14" VPOS="1098" HPOS="2403"/>
							<String ID="string_420" HPOS="2417" VPOS="1096" WIDTH="59" HEIGHT="22" WC="0.93" CONTENT="förut"/><SP WIDTH="15" VPOS="1096" HPOS="2476"/>
							<String ID="string_421" HPOS="2491" VPOS="1095" WIDTH="12" HEIGHT="22" WC="0.90" CONTENT="å"/><SP WIDTH="14" VPOS="1095" HPOS="2503"/>
							<String ID="string_422" HPOS="2517" VPOS="1096" WIDTH="83" HEIGHT="22" WC="0.96" CONTENT="bruken"/><SP WIDTH="14" VPOS="1096" HPOS="2600"/>
							<String ID="string_423" HPOS="2614" VPOS="1096" WIDTH="170" HEIGHT="26" WC="0.95" CONTENT="sammanträda;"/><SP WIDTH="14" VPOS="1096" HPOS="2784"/>
							<String ID="string_424" HPOS="2798" VPOS="1102" WIDTH="49" HEIGHT="14" WC="0.96" CONTENT="men"/><SP WIDTH="15" VPOS="1102" HPOS="2847"/>
							<String ID="string_425" HPOS="2862" VPOS="1094" WIDTH="28" HEIGHT="22" WC="0.96" CONTENT="dä"/><SP WIDTH="15" VPOS="1094" HPOS="2890"/>
							<String ID="string_426" HPOS="2905" VPOS="1095" WIDTH="26" HEIGHT="21" WC="0.93" CONTENT="de"/><SP WIDTH="14" VPOS="1095" HPOS="2931"/>
							<String ID="string_427" HPOS="2945" VPOS="1094" WIDTH="117" HEIGHT="22" WC="0.89" CONTENT="förhällan-"/>
						</TextLine>
						<TextLine ID="line_74" HPOS="2040" VPOS="1124" WIDTH="1022" HEIGHT="28">
							<String ID="string_428" HPOS="2040" VPOS="1126" WIDTH="47" HEIGHT="26" WC="0.96" CONTENT="den,"/><SP WIDTH="19" VPOS="1126" HPOS="2087"/>
							<String ID="string_429" HPOS="2106" VPOS="1133" WIDTH="46" HEIGHT="14" WC="0.93" CONTENT="som"/><SP WIDTH="17" VPOS="1133" HPOS="2152"/>
							<String ID="string_430" HPOS="2169" VPOS="1125" WIDTH="108" HEIGHT="22" WC="0.92" CONTENT="föranledt"/><SP WIDTH="18" VPOS="1125" HPOS="2277"/>
							<String ID="string_431" HPOS="2295" VPOS="1125" WIDTH="70" HEIGHT="21" WC="0.93" CONTENT="denna"/><SP WIDTH="20" VPOS="1125" HPOS="2365"/>
							<String ID="string_432" HPOS="2385" VPOS="1125" WIDTH="216" HEIGHT="26" WC="0.88" CONTENT="öfverenskommelse,"/><SP WIDTH="18" VPOS="1125" HPOS="2601"/>
							<String ID="string_433" HPOS="2619" VPOS="1124" WIDTH="49" HEIGHT="22" WC="0.93" CONTENT="med"/><SP WIDTH="18" VPOS="1124" HPOS="2668"/>
							<String ID="string_434" HPOS="2686" VPOS="1124" WIDTH="93" HEIGHT="22" WC="0.90" CONTENT="nämnde"/><SP WIDTH="15" VPOS="1124" HPOS="2779"/>
							<String ID="string_435" HPOS="2794" VPOS="1124" WIDTH="127" HEIGHT="21" WC="0.92" CONTENT="domstolars"/><SP WIDTH="13" VPOS="1124" HPOS="2921"/>
							<String ID="string_436" HPOS="2934" VPOS="1124" WIDTH="128" HEIGHT="26" WC="0.92" CONTENT="indragning"/>
						</TextLine>
						<TextLine ID="line_75" HPOS="2039" VPOS="1152" WIDTH="1023" HEIGHT="30">
							<String ID="string_437" HPOS="2039" VPOS="1155" WIDTH="100" HEIGHT="27" WC="0.93" CONTENT="upphört,"/><SP WIDTH="20" VPOS="1155" HPOS="2139"/>
							<String ID="string_438" HPOS="2159" VPOS="1162" WIDTH="61" HEIGHT="20" WC="0.93" CONTENT="synes"/><SP WIDTH="18" VPOS="1162" HPOS="2220"/>
							<String ID="string_439" HPOS="2238" VPOS="1154" WIDTH="183" HEIGHT="27" WC="0.92" CONTENT="tingsgästningen"/><SP WIDTH="18" VPOS="1154" HPOS="2421"/>
							<String ID="string_440" HPOS="2439" VPOS="1152" WIDTH="48" HEIGHT="22" WC="0.93" CONTENT="från"/><SP WIDTH="16" VPOS="1152" HPOS="2487"/>
							<String ID="string_441" HPOS="2503" VPOS="1153" WIDTH="130" HEIGHT="27" WC="0.91" CONTENT="jernbruken"/><SP WIDTH="19" VPOS="1153" HPOS="2633"/>
							<String ID="string_442" HPOS="2652" VPOS="1153" WIDTH="54" HEIGHT="21" WC="0.91" CONTENT="böra"/><SP WIDTH="18" VPOS="1153" HPOS="2706"/>
							<String ID="string_443" HPOS="2724" VPOS="1152" WIDTH="135" HEIGHT="27" WC="0.93" CONTENT="äterbringas"/><SP WIDTH="17" VPOS="1152" HPOS="2859"/>
							<String ID="string_444" HPOS="2876" VPOS="1152" WIDTH="34" HEIGHT="21" WC="0.96" CONTENT="till"/><SP WIDTH="18" VPOS="1152" HPOS="2910"/>
							<String ID="string_445" HPOS="2928" VPOS="1159" WIDTH="81" HEIGHT="14" WC="0.93" CONTENT="samma"/><SP WIDTH="17" VPOS="1159" HPOS="3009"/>
							<String ID="string_446" HPOS="3026" VPOS="1152" WIDTH="36" HEIGHT="21" WC="0.87" CONTENT="be-"/>
						</TextLine>
						<TextLine ID="line_76" HPOS="2039" VPOS="1180" WIDTH="1024" HEIGHT="29">
							<String ID="string_447" HPOS="2039" VPOS="1183" WIDTH="58" HEIGHT="26" WC="0.93" CONTENT="lopp,"/><SP WIDTH="15" VPOS="1183" HPOS="2097"/>
							<String ID="string_448" HPOS="2112" VPOS="1190" WIDTH="52" HEIGHT="17" WC="0.96" CONTENT="som,"/><SP WIDTH="16" VPOS="1190" HPOS="2164"/>
							<String ID="string_449" HPOS="2180" VPOS="1182" WIDTH="67" HEIGHT="26" WC="0.93" CONTENT="enligt"/><SP WIDTH="14" VPOS="1182" HPOS="2247"/>
							<String ID="string_450" HPOS="2261" VPOS="1182" WIDTH="77" HEIGHT="26" WC="0.91" CONTENT="Kongl."/><SP WIDTH="17" VPOS="1182" HPOS="2338"/>
							<String ID="string_451" HPOS="2355" VPOS="1176" WIDTH="94" HEIGHT="37" WC="0.58" CONTENT="Brefvet."/><SP WIDTH="8" VPOS="1176" HPOS="2449"/>
							<String ID="string_452" HPOS="2457" VPOS="1182" WIDTH="37" HEIGHT="21" WC="0.96" CONTENT="den"/><SP WIDTH="15" VPOS="1182" HPOS="2494"/>
							<String ID="string_453" HPOS="2509" VPOS="1183" WIDTH="24" HEIGHT="19" WC="0.96" CONTENT="21"/><SP WIDTH="20" VPOS="1183" HPOS="2533"/>
							<String ID="string_454" HPOS="2553" VPOS="1176" WIDTH="40" HEIGHT="37" WC="0.96" CONTENT="Maj"/><SP WIDTH="15" VPOS="1176" HPOS="2593"/>
							<String ID="string_455" HPOS="2608" VPOS="1183" WIDTH="64" HEIGHT="23" WC="0.93" CONTENT="1744,"/><SP WIDTH="13" VPOS="1183" HPOS="2672"/>
							<String ID="string_456" HPOS="2685" VPOS="1176" WIDTH="81" HEIGHT="37" WC="0.93" CONTENT="sednast"/><SP WIDTH="22" VPOS="1176" HPOS="2766"/>
							<String ID="string_457" HPOS="2788" VPOS="1181" WIDTH="69" HEIGHT="24" WC="0.96" CONTENT="blifvit"/><SP WIDTH="14" VPOS="1181" HPOS="2857"/>
							<String ID="string_458" HPOS="2871" VPOS="1181" WIDTH="7" HEIGHT="20" WC="0.93" CONTENT="i"/><SP WIDTH="12" VPOS="1181" HPOS="2878"/>
							<String ID="string_459" HPOS="2890" VPOS="1180" WIDTH="173" HEIGHT="27" WC="0.92" CONTENT="grundlagsenlig"/>
						</TextLine>
						<TextLine ID="line_77" HPOS="2039" VPOS="1206" WIDTH="1023" HEIGHT="31">
							<String ID="string_460" HPOS="2039" VPOS="1212" WIDTH="42" HEIGHT="25" WC="0.93" CONTENT="väg"/><SP WIDTH="13" VPOS="1212" HPOS="2081"/>
							<String ID="string_461" HPOS="2094" VPOS="1210" WIDTH="119" HEIGHT="26" WC="0.96" CONTENT="bestämdt;"/><SP WIDTH="16" VPOS="1210" HPOS="2213"/>
							<String ID="string_462" HPOS="2229" VPOS="1210" WIDTH="40" HEIGHT="20" WC="0.96" CONTENT="och"/><SP WIDTH="16" VPOS="1210" HPOS="2269"/>
							<String ID="string_463" HPOS="2285" VPOS="1208" WIDTH="27" HEIGHT="22" WC="0.96" CONTENT="dä"/><SP WIDTH="15" VPOS="1208" HPOS="2312"/>
							<String ID="string_464" HPOS="2327" VPOS="1209" WIDTH="70" HEIGHT="21" WC="0.96" CONTENT="denna"/><SP WIDTH="14" VPOS="1209" HPOS="2397"/>
							<String ID="string_465" HPOS="2411" VPOS="1209" WIDTH="70" HEIGHT="27" WC="0.93" CONTENT="grund"/><SP WIDTH="14" VPOS="1209" HPOS="2481"/>
							<String ID="string_466" HPOS="2495" VPOS="1208" WIDTH="60" HEIGHT="22" WC="0.96" CONTENT="äfven"/><SP WIDTH="17" VPOS="1208" HPOS="2555"/>
							<String ID="string_467" HPOS="2572" VPOS="1209" WIDTH="24" HEIGHT="21" WC="0.93" CONTENT="af"/><SP WIDTH="11" VPOS="1209" HPOS="2596"/>
							<String ID="string_468" HPOS="2607" VPOS="1208" WIDTH="156" HEIGHT="27" WC="0.92" CONTENT="Ridderskapet"/><SP WIDTH="14" VPOS="1208" HPOS="2763"/>
							<String ID="string_469" HPOS="2777" VPOS="1208" WIDTH="40" HEIGHT="21" WC="0.93" CONTENT="och"/><SP WIDTH="15" VPOS="1208" HPOS="2817"/>
							<String ID="string_470" HPOS="2832" VPOS="1208" WIDTH="69" HEIGHT="21" WC="0.92" CONTENT="Adeln"/><SP WIDTH="15" VPOS="1208" HPOS="2901"/>
							<String ID="string_471" HPOS="2916" VPOS="1208" WIDTH="99" HEIGHT="27" WC="0.96" CONTENT="antagits,"/><SP WIDTH="15" VPOS="1208" HPOS="3015"/>
							<String ID="string_472" HPOS="3030" VPOS="1206" WIDTH="32" HEIGHT="22" WC="0.96" CONTENT="får"/>
						</TextLine>
						<TextLine ID="line_78" HPOS="2040" VPOS="1235" WIDTH="1022" HEIGHT="30">
							<String ID="string_473" HPOS="2040" VPOS="1238" WIDTH="104" HEIGHT="22" WC="0.89" CONTENT="utskottet"/><SP WIDTH="17" VPOS="1238" HPOS="2144"/>
							<String ID="string_474" HPOS="2161" VPOS="1238" WIDTH="110" HEIGHT="21" WC="0.93" CONTENT="vördsamt"/><SP WIDTH="18" VPOS="1238" HPOS="2271"/>
							<String ID="string_475" HPOS="2289" VPOS="1237" WIDTH="90" HEIGHT="28" WC="0.91" CONTENT="inbjuda"/><SP WIDTH="14" VPOS="1237" HPOS="2379"/>
							<String ID="string_476" HPOS="2393" VPOS="1237" WIDTH="26" HEIGHT="22" WC="0.93" CONTENT="de"/><SP WIDTH="16" VPOS="1237" HPOS="2419"/>
							<String ID="string_477" HPOS="2435" VPOS="1237" WIDTH="68" HEIGHT="28" WC="0.87" CONTENT="öfriga"/><SP WIDTH="15" VPOS="1237" HPOS="2503"/>
							<String ID="string_478" HPOS="2518" VPOS="1236" WIDTH="95" HEIGHT="23" WC="0.93" CONTENT="Ständen"/><SP WIDTH="15" VPOS="1236" HPOS="2613"/>
							<String ID="string_479" HPOS="2628" VPOS="1238" WIDTH="32" HEIGHT="20" WC="0.93" CONTENT="att"/><SP WIDTH="15" VPOS="1238" HPOS="2660"/>
							<String ID="string_480" HPOS="2675" VPOS="1237" WIDTH="73" HEIGHT="21" WC="0.92" CONTENT="derom"/><SP WIDTH="15" VPOS="1237" HPOS="2748"/>
							<String ID="string_481" HPOS="2763" VPOS="1238" WIDTH="75" HEIGHT="20" WC="0.92" CONTENT="förena"/><SP WIDTH="15" VPOS="1238" HPOS="2838"/>
							<String ID="string_482" HPOS="2853" VPOS="1236" WIDTH="42" HEIGHT="28" WC="0.96" CONTENT="sig;"/><SP WIDTH="17" VPOS="1236" HPOS="2895"/>
							<String ID="string_483" HPOS="2912" VPOS="1236" WIDTH="39" HEIGHT="22" WC="0.93" CONTENT="och"/><SP WIDTH="15" VPOS="1236" HPOS="2951"/>
							<String ID="string_484" HPOS="2966" VPOS="1235" WIDTH="96" HEIGHT="27" WC="0.90" CONTENT="föresläs,"/>
						</TextLine>
						<TextLine ID="line_79" HPOS="2040" VPOS="1264" WIDTH="1023" HEIGHT="30">
							<String ID="string_485" HPOS="2040" VPOS="1267" WIDTH="8" HEIGHT="21" WC="0.93" CONTENT="i"/><SP WIDTH="14" VPOS="1267" HPOS="2048"/>
							<String ID="string_486" HPOS="2062" VPOS="1266" WIDTH="102" HEIGHT="22" WC="0.95" CONTENT="händelse"/><SP WIDTH="15" VPOS="1266" HPOS="2164"/>
							<String ID="string_487" HPOS="2179" VPOS="1266" WIDTH="24" HEIGHT="22" WC="0.93" CONTENT="af"/><SP WIDTH="12" VPOS="1266" HPOS="2203"/>
							<String ID="string_488" HPOS="2215" VPOS="1266" WIDTH="60" HEIGHT="22" WC="0.96" CONTENT="bifall"/><SP WIDTH="15" VPOS="1266" HPOS="2275"/>
							<String ID="string_489" HPOS="2290" VPOS="1266" WIDTH="80" HEIGHT="26" WC="0.96" CONTENT="härtill,"/><SP WIDTH="15" VPOS="1266" HPOS="2370"/>
							<String ID="string_490" HPOS="2385" VPOS="1268" WIDTH="32" HEIGHT="19" WC="0.93" CONTENT="att"/><SP WIDTH="14" VPOS="1268" HPOS="2417"/>
							<String ID="string_491" HPOS="2431" VPOS="1266" WIDTH="183" HEIGHT="28" WC="0.89" CONTENT="tingsgästningen"/><SP WIDTH="15" VPOS="1266" HPOS="2614"/>
							<String ID="string_492" HPOS="2629" VPOS="1264" WIDTH="48" HEIGHT="22" WC="0.93" CONTENT="från"/><SP WIDTH="12" VPOS="1264" HPOS="2677"/>
							<String ID="string_493" HPOS="2689" VPOS="1266" WIDTH="132" HEIGHT="27" WC="0.92" CONTENT="jernbruken"/><SP WIDTH="14" VPOS="1266" HPOS="2821"/>
							<String ID="string_494" HPOS="2835" VPOS="1265" WIDTH="91" HEIGHT="26" WC="0.96" CONTENT="komme,"/><SP WIDTH="14" VPOS="1265" HPOS="2926"/>
							<String ID="string_495" HPOS="2940" VPOS="1265" WIDTH="76" HEIGHT="21" WC="0.93" CONTENT="liksom"/><SP WIDTH="11" VPOS="1265" HPOS="3016"/>
							<String ID="string_496" HPOS="3027" VPOS="1272" WIDTH="36" HEIGHT="14" WC="0.93" CONTENT="an-"/>
						</TextLine>
						<TextLine ID="line_80" HPOS="2040" VPOS="1293" WIDTH="1023" HEIGHT="30">
							<String ID="string_497" HPOS="2040" VPOS="1303" WIDTH="44" HEIGHT="14" WC="0.93" CONTENT="nan"/><SP WIDTH="14" VPOS="1303" HPOS="2084"/>
							<String ID="string_498" HPOS="2098" VPOS="1295" WIDTH="163" HEIGHT="28" WC="0.92" CONTENT="tingsgästning,"/><SP WIDTH="16" VPOS="1295" HPOS="2261"/>
							<String ID="string_499" HPOS="2277" VPOS="1296" WIDTH="32" HEIGHT="20" WC="0.93" CONTENT="att"/><SP WIDTH="15" VPOS="1296" HPOS="2309"/>
							<String ID="string_500" HPOS="2324" VPOS="1294" WIDTH="81" HEIGHT="28" WC="0.95" CONTENT="årligen"/><SP WIDTH="14" VPOS="1294" HPOS="2405"/>
							<String ID="string_501" HPOS="2419" VPOS="1294" WIDTH="54" HEIGHT="28" WC="0.96" CONTENT="utgå"/><SP WIDTH="13" VPOS="1294" HPOS="2473"/>
							<String ID="string_502" HPOS="2486" VPOS="1295" WIDTH="49" HEIGHT="21" WC="0.95" CONTENT="med"/><SP WIDTH="11" VPOS="1295" HPOS="2535"/>
							<String ID="string_503" HPOS="2546" VPOS="1295" WIDTH="81" HEIGHT="21" WC="0.96" CONTENT="hälften"/><SP WIDTH="11" VPOS="1295" HPOS="2627"/>
							<String ID="string_504" HPOS="2638" VPOS="1294" WIDTH="24" HEIGHT="21" WC="0.96" CONTENT="af"/><SP WIDTH="9" VPOS="1294" HPOS="2662"/>
							<String ID="string_505" HPOS="2671" VPOS="1294" WIDTH="36" HEIGHT="21" WC="0.95" CONTENT="det"/><SP WIDTH="10" VPOS="1294" HPOS="2707"/>
							<String ID="string_506" HPOS="2717" VPOS="1294" WIDTH="8" HEIGHT="21" WC="0.93" CONTENT="i"/><SP WIDTH="12" VPOS="1294" HPOS="2725"/>
							<String ID="string_507" HPOS="2737" VPOS="1293" WIDTH="121" HEIGHT="28" WC="0.93" CONTENT="åberopade"/><SP WIDTH="11" VPOS="1293" HPOS="2858"/>
							<String ID="string_508" HPOS="2869" VPOS="1294" WIDTH="71" HEIGHT="27" WC="0.92" CONTENT="kongl."/><SP WIDTH="12" VPOS="1294" HPOS="2940"/>
							<String ID="string_509" HPOS="2952" VPOS="1294" WIDTH="49" HEIGHT="21" WC="0.93" CONTENT="bref"/><SP WIDTH="8" VPOS="1294" HPOS="3001"/>
							<String ID="string_510" HPOS="3009" VPOS="1301" WIDTH="54" HEIGHT="20" WC="0.93" CONTENT="upp-"/>
						</TextLine>
						<TextLine ID="line_81" HPOS="2041" VPOS="1321" WIDTH="1023" HEIGHT="31">
							<String ID="string_511" HPOS="2041" VPOS="1326" WIDTH="66" HEIGHT="26" WC="0.93" CONTENT="tagna"/><SP WIDTH="18" VPOS="1326" HPOS="2107"/>
							<String ID="string_512" HPOS="2125" VPOS="1324" WIDTH="184" HEIGHT="28" WC="0.92" CONTENT="penningebelopp"/><SP WIDTH="19" VPOS="1324" HPOS="2309"/>
							<String ID="string_513" HPOS="2328" VPOS="1324" WIDTH="8" HEIGHT="20" WC="0.96" CONTENT="i"/><SP WIDTH="17" VPOS="1324" HPOS="2336"/>
							<String ID="string_514" HPOS="2353" VPOS="1331" WIDTH="31" HEIGHT="13" WC="0.93" CONTENT="nu"/><SP WIDTH="17" VPOS="1331" HPOS="2384"/>
							<String ID="string_515" HPOS="2401" VPOS="1323" WIDTH="99" HEIGHT="28" WC="0.96" CONTENT="gällande"/><SP WIDTH="18" VPOS="1323" HPOS="2500"/>
							<String ID="string_516" HPOS="2518" VPOS="1324" WIDTH="60" HEIGHT="28" WC="0.96" CONTENT="mynt"/><SP WIDTH="18" VPOS="1324" HPOS="2578"/>
							<String ID="string_517" HPOS="2596" VPOS="1325" WIDTH="56" HEIGHT="19" WC="0.96" CONTENT="samt"/><SP WIDTH="16" VPOS="1325" HPOS="2652"/>
							<String ID="string_518" HPOS="2668" VPOS="1324" WIDTH="34" HEIGHT="20" WC="0.96" CONTENT="att"/><SP WIDTH="17" VPOS="1324" HPOS="2702"/>
							<String ID="string_519" HPOS="2719" VPOS="1330" WIDTH="63" HEIGHT="14" WC="0.96" CONTENT="mom."/><SP WIDTH="17" VPOS="1330" HPOS="2782"/>
							<String ID="string_520" HPOS="2799" VPOS="1322" WIDTH="23" HEIGHT="28" WC="0.50" CONTENT="b)"/><SP WIDTH="16" VPOS="1322" HPOS="2822"/>
							<String ID="string_521" HPOS="2838" VPOS="1322" WIDTH="25" HEIGHT="21" WC="0.93" CONTENT="af"/><SP WIDTH="12" VPOS="1322" HPOS="2863"/>
							<String ID="string_522" HPOS="2875" VPOS="1323" WIDTH="11" HEIGHT="27" WC="0.93" CONTENT="$"/><SP WIDTH="17" VPOS="1323" HPOS="2886"/>
							<String ID="string_523" HPOS="2903" VPOS="1324" WIDTH="10" HEIGHT="19" WC="0.96" CONTENT="1"/><SP WIDTH="17" VPOS="1324" HPOS="2913"/>
							<String ID="string_524" HPOS="2930" VPOS="1321" WIDTH="64" HEIGHT="23" WC="0.96" CONTENT="alltså"/><SP WIDTH="14" VPOS="1321" HPOS="2994"/>
							<String ID="string_525" HPOS="3008" VPOS="1322" WIDTH="56" HEIGHT="28" WC="0.96" CONTENT="finge"/>
						</TextLine>
						<TextLine ID="line_82" HPOS="2041" VPOS="1353" WIDTH="1032" HEIGHT="28">
							<String ID="string_526" HPOS="2041" VPOS="1353" WIDTH="95" HEIGHT="27" WC="0.93" CONTENT="följande"/><SP WIDTH="14" VPOS="1353" HPOS="2136"/>
							<String ID="string_527" HPOS="2150" VPOS="1353" WIDTH="90" HEIGHT="28" WC="0.93" CONTENT="lydelse:"/><SP WIDTH="831" VPOS="1353" HPOS="2240"/>
							<String ID="string_528" HPOS="3071" VPOS="1363" WIDTH="2" HEIGHT="9" WC="0.86" CONTENT="|"/>
						</TextLine>
					</TextBlock>
					<TextBlock ID="block_27" HPOS="2042" VPOS="1377" WIDTH="1031" HEIGHT="61">
						<TextLine ID="line_83" HPOS="2111" VPOS="1377" WIDTH="962" HEIGHT="31">
							<String ID="string_529" HPOS="2111" VPOS="1382" WIDTH="60" HEIGHT="26" WC="0.71" CONTENT=",Med"/><SP WIDTH="17" VPOS="1382" HPOS="2171"/>
							<String ID="string_530" HPOS="2188" VPOS="1380" WIDTH="37" HEIGHT="23" WC="0.96" CONTENT="två"/><SP WIDTH="17" VPOS="1380" HPOS="2225"/>
							<String ID="string_531" HPOS="2242" VPOS="1381" WIDTH="61" HEIGHT="21" WC="0.93" CONTENT="mark"/><SP WIDTH="18" VPOS="1381" HPOS="2303"/>
							<String ID="string_532" HPOS="2321" VPOS="1380" WIDTH="123" HEIGHT="22" WC="0.77" CONTENT="ättatioätta"/><SP WIDTH="17" VPOS="1380" HPOS="2444"/>
							<String ID="string_533" HPOS="2461" VPOS="1380" WIDTH="64" HEIGHT="28" WC="0.93" CONTENT="penni"/><SP WIDTH="18" VPOS="1380" HPOS="2525"/>
							<String ID="string_534" HPOS="2543" VPOS="1379" WIDTH="49" HEIGHT="23" WC="0.96" CONTENT="från"/><SP WIDTH="16" VPOS="1379" HPOS="2592"/>
							<String ID="string_535" HPOS="2608" VPOS="1380" WIDTH="74" HEIGHT="28" WC="0.93" CONTENT="hvarje"/><SP WIDTH="18" VPOS="1380" HPOS="2682"/>
							<String ID="string_536" HPOS="2700" VPOS="1380" WIDTH="70" HEIGHT="26" WC="0.93" CONTENT="härd-,"/><SP WIDTH="15" VPOS="1380" HPOS="2770"/>
							<String ID="string_537" HPOS="2785" VPOS="1380" WIDTH="77" HEIGHT="27" WC="0.92" CONTENT="knipp-"/><SP WIDTH="15" VPOS="1380" HPOS="2862"/>
							<String ID="string_538" HPOS="2877" VPOS="1379" WIDTH="51" HEIGHT="22" WC="0.93" CONTENT="eller"/><SP WIDTH="14" VPOS="1379" HPOS="2928"/>
							<String ID="string_539" HPOS="2942" VPOS="1377" WIDTH="131" HEIGHT="24" WC="0.85" CONTENT="bleckham-|"/>
						</TextLine>
						<TextLine ID="line_84" HPOS="2042" VPOS="1408" WIDTH="742" HEIGHT="30">
							<String ID="string_540" HPOS="2042" VPOS="1418" WIDTH="59" HEIGHT="14" WC="0.96" CONTENT="mare"/><SP WIDTH="16" VPOS="1418" HPOS="2101"/>
							<String ID="string_541" HPOS="2117" VPOS="1412" WIDTH="56" HEIGHT="20" WC="0.96" CONTENT="samt"/><SP WIDTH="14" VPOS="1412" HPOS="2173"/>
							<String ID="string_542" HPOS="2187" VPOS="1410" WIDTH="43" HEIGHT="22" WC="0.96" CONTENT="fem"/><SP WIDTH="15" VPOS="1410" HPOS="2230"/>
							<String ID="string_543" HPOS="2245" VPOS="1410" WIDTH="62" HEIGHT="22" WC="0.93" CONTENT="mark"/><SP WIDTH="15" VPOS="1410" HPOS="2307"/>
							<String ID="string_544" HPOS="2322" VPOS="1410" WIDTH="112" HEIGHT="28" WC="0.92" CONTENT="sjuttiosex"/><SP WIDTH="14" VPOS="1410" HPOS="2434"/>
							<String ID="string_545" HPOS="2448" VPOS="1410" WIDTH="64" HEIGHT="27" WC="0.93" CONTENT="penni"/><SP WIDTH="14" VPOS="1410" HPOS="2512"/>
							<String ID="string_546" HPOS="2526" VPOS="1408" WIDTH="49" HEIGHT="22" WC="0.96" CONTENT="från"/><SP WIDTH="13" VPOS="1408" HPOS="2575"/>
							<String ID="string_547" HPOS="2588" VPOS="1409" WIDTH="74" HEIGHT="27" WC="0.96" CONTENT="hvarje"/><SP WIDTH="14" VPOS="1409" HPOS="2662"/>
							<String ID="string_548" HPOS="2676" VPOS="1410" WIDTH="108" HEIGHT="26" WC="0.90" CONTENT="masugn.&quot;"/>
						</TextLine>
					</TextBlock>
					<TextBlock ID="block_28" HPOS="2042" VPOS="1436" WIDTH="1023" HEIGHT="60">
						<TextLine ID="line_85" HPOS="2110" VPOS="1436" WIDTH="954" HEIGHT="31">
							<String ID="string_549" HPOS="2110" VPOS="1438" WIDTH="99" HEIGHT="23" WC="0.81" CONTENT="Föresläs"/><SP WIDTH="22" VPOS="1438" HPOS="2209"/>
							<String ID="string_550" HPOS="2231" VPOS="1438" WIDTH="95" HEIGHT="29" WC="0.93" CONTENT="följande"/><SP WIDTH="21" VPOS="1438" HPOS="2326"/>
							<String ID="string_551" HPOS="2347" VPOS="1438" WIDTH="84" HEIGHT="28" WC="0.95" CONTENT="tillägg:"/><SP WIDTH="22" VPOS="1438" HPOS="2431"/>
							<String ID="string_552" HPOS="2453" VPOS="1438" WIDTH="50" HEIGHT="22" WC="0.96" CONTENT="Men"/><SP WIDTH="22" VPOS="1438" HPOS="2503"/>
							<String ID="string_553" HPOS="2525" VPOS="1444" WIDTH="35" HEIGHT="15" WC="0.91" CONTENT="om"/><SP WIDTH="21" VPOS="1444" HPOS="2560"/>
							<String ID="string_554" HPOS="2581" VPOS="1438" WIDTH="193" HEIGHT="27" WC="0.91" CONTENT="lagmansrätterne"/><SP WIDTH="20" VPOS="1438" HPOS="2774"/>
							<String ID="string_555" HPOS="2794" VPOS="1437" WIDTH="66" HEIGHT="22" WC="0.93" CONTENT="blifva"/><SP WIDTH="17" VPOS="1437" HPOS="2860"/>
							<String ID="string_556" HPOS="2877" VPOS="1437" WIDTH="110" HEIGHT="27" WC="0.90" CONTENT="indragne,"/><SP WIDTH="19" VPOS="1437" HPOS="2987"/>
							<String ID="string_557" HPOS="3006" VPOS="1436" WIDTH="58" HEIGHT="22" WC="0.92" CONTENT="kom-"/>
						</TextLine>
						<TextLine ID="line_86" HPOS="2042" VPOS="1465" WIDTH="1023" HEIGHT="31">
							<String ID="string_558" HPOS="2042" VPOS="1476" WIDTH="47" HEIGHT="14" WC="0.96" CONTENT="mer"/><SP WIDTH="20" VPOS="1476" HPOS="2089"/>
							<String ID="string_559" HPOS="2109" VPOS="1469" WIDTH="49" HEIGHT="21" WC="0.93" CONTENT="med"/><SP WIDTH="22" VPOS="1469" HPOS="2158"/>
							<String ID="string_560" HPOS="2180" VPOS="1468" WIDTH="291" HEIGHT="28" WC="0.42" CONTENT="lagmans-tingsgästningen"/><SP WIDTH="21" VPOS="1468" HPOS="2471"/>
							<String ID="string_561" HPOS="2492" VPOS="1468" WIDTH="32" HEIGHT="20" WC="0.93" CONTENT="att"/><SP WIDTH="21" VPOS="1468" HPOS="2524"/>
							<String ID="string_562" HPOS="2545" VPOS="1466" WIDTH="109" HEIGHT="28" WC="0.92" CONTENT="förhällas,"/><SP WIDTH="17" VPOS="1466" HPOS="2654"/>
							<String ID="string_563" HPOS="2671" VPOS="1465" WIDTH="30" HEIGHT="29" WC="0.97" CONTENT="pä"/><SP WIDTH="17" VPOS="1465" HPOS="2701"/>
							<String ID="string_564" HPOS="2718" VPOS="1468" WIDTH="44" HEIGHT="20" WC="0.93" CONTENT="sätt"/><SP WIDTH="18" VPOS="1468" HPOS="2762"/>
							<String ID="string_565" HPOS="2780" VPOS="1466" WIDTH="72" HEIGHT="25" WC="0.96" CONTENT="derom"/><SP WIDTH="18" VPOS="1466" HPOS="2852"/>
							<String ID="string_566" HPOS="2870" VPOS="1466" WIDTH="102" HEIGHT="21" WC="0.93" CONTENT="särskildt"/><SP WIDTH="17" VPOS="1466" HPOS="2972"/>
							<String ID="string_567" HPOS="2989" VPOS="1465" WIDTH="76" HEIGHT="22" WC="0.92" CONTENT="varder"/>
						</TextLine>
					</TextBlock>
				</ComposedBlock>
				<GraphicalElement ID="cblock_36" HPOS="2023" VPOS="404" WIDTH="13" HEIGHT="1117"></GraphicalElement >
				<GraphicalElement ID="cblock_37" HPOS="3063" VPOS="402" WIDTH="13" HEIGHT="1121"></GraphicalElement >
				<ComposedBlock ID="cblock_38" HPOS="2043" VPOS="1498" WIDTH="106" HEIGHT="28">
					<TextBlock ID="block_29" HPOS="2043" VPOS="1498" WIDTH="106" HEIGHT="28">
						<TextLine ID="line_87" HPOS="2043" VPOS="1498" WIDTH="106" HEIGHT="28">
							<String ID="string_568" HPOS="2043" VPOS="1498" WIDTH="106" HEIGHT="28" WC="0.89" CONTENT="stadgadt."/>
						</TextLine>
					</TextBlock>
				</ComposedBlock>
			</PrintSpace>
		</Page>
	</Layout>
</alto>
