1000 1681
293 120 73 24 Nädiga
377 122 135 22 Propositionen
525 122 34 16 N.o
572 123 15 15 6.
760 123 32 15 385

59 184 263 28 undergätt:.förändring.
340 191 76 21 genom
434 184 127 28 förmedling
580 184 51 22 eller
652 185 162 27 uppskattning,

58 218 78 28 sagdo:
151 218 122 29 skyldighet
298 218 55 22 skall
377 219 129 22 bestämmas
531 219 55 21 efter
610 219 137 27 lägenhetens
772 226 42 21 nya

64 253 109 21 mantal.*

255 296 73 27 Enligt
342 296 60 21 Hans
420 296 118 27 Kejserliga
552 296 111 27 Majestäts
679 294 85 30 Nädiga
778 296 36 21 be-

200 330 96 28 fallning,
315 329 71 28 gifven
400 330 7 20 i
421 330 44 28 byn
478 330 109 28 Iljinskoje
602 332 53 19 nära
669 329 89 22 Moskva
774 330 40 21 den

203 366 10 18 1
230 364 47 28 (13)
292 364 51 21 Juni
360 365 60 20 1866.

344 428 65 24 Alex.
428 428 107 24 Armfelt.

558 504 21 19 A.
592 504 26 18 W.
632 504 135 20 Wallensköld.

255 642 52 26 Lag-
317 642 37 20 och
370 642 215 21 Ekonomi-utskottets
599 642 132 21 betänkande
744 644 38 20 N:o
796 644 18 23 2,

198 677 10 21 i
218 676 118 28 anledning
350 676 24 29 af
387 674 63 23 Hans
465 675 125 29 Kejserliga
605 676 116 29 Majestäts
732 677 84 28 nädisa

195 711 147 28 proposition,
363 710 109 28 angående
496 710 87 22 ändrad
604 711 72 28 grund
692 712 43 28 för
754 712 62 29 jrrd-

200 745 135 29 lägenheters
354 745 128 29 deltagande
500 746 10 20 i
528 745 76 30 kyrko-
623 746 39 21 och
676 747 140 28 prestgäris-

200 780 105 29 byggnad.

130 835 60 25 Hans
209 834 120 28 Kejserliga
347 834 113 28 Majestäts:
476 834 80 28 nådiga
576 836 133 26 proposition
727 836 7 21 i
757 836 58 22 detta

59 871 66 21 ämne
139 870 41 21 har
189 870 29 24 af
231 869 99 28 samtlige
344 868 135 22 riksstånden
494 868 149 23 öfverlemnats
657 870 34 21 till
705 870 55 28 Lag-
776 870 39 22 och

62 904 230 22 Ekonomi-utskottets
317 903 155 22 förberedande
498 904 138 28 behandling;
661 905 93 21 hvarhos
776 905 39 21 hos

62 939 105 21 utskottet
185 938 69 22 blifvit
271 938 87 28 upplyst
377 939 32 20 att
428 938 130 27 omröstning
576 938 36 21 vid
630 939 99 22 ärendets
747 939 67 21 hand-

62 972 102 28 läggning
178 972 9 21 i
200 972 121 28 Kejserliga
336 971 92 22 Senaten
442 972 46 21 icke
502 972 108 22 förefallit.

131 1007 42 21 Vid
192 1006 129 28 granskning
341 1006 24 22 af
381 1006 141 22 omförmälda
536 1005 78 29 nådiga
628 1007 133 27 proposition
776 1008 40 21 har

63 1042 105 23 utskottet
186 1041 70 21 funnit
274 1041 36 21 det
327 1040 133 22 förmedlade
477 1040 103 22 mantalet
597 1041 104 21 innebära
720 1049 26 14 en
768 1042 48 21 säk-

63 1083 49 19 rare
126 1074 116 23 måttstock
256 1075 34 21 för
302 1074 186 28 jordlägenheters
498 1075 66 21 värde
578 1076 28 20 än
621 1076 35 20 det
671 1075 146 23 oförmedlade

63 1110 109 26 mantalet,
192 1110 85 26 hvilket,
296 1109 66 28 enligt
380 1109 26 21 de
420 1109 8 21 i
443 1110 41 20 den
498 1108 80 29 nådiga
591 1110 160 27 propositionen
766 1109 50 23 åbe-

64 1144 83 28 ropade
160 1144 159 27 författningar,
336 1143 67 28 gäller
418 1142 71 23 såsom
504 1144 70 27 grund
588 1143 34 22 för
630 1144 186 28 jordlägenheters

65 1178 128 28 deltagande
214 1178 8 20 i
242 1178 77 27 kyrko-
339 1178 40 21 och
401 1176 233 30 prestgårdsbyggnad;
654 1179 41 21 och
712 1179 104 21 utskottet

66 1212 34 22 får
115 1212 84 29 derföre
214 1212 109 22 vördsamt
337 1211 118 31 tillstyrka:
473 1237 3 2 .

259 1244 32 23 att
311 1246 83 21 landets
416 1246 89 22 ständer
523 1246 65 21 måtte
612 1247 35 20 till
669 1246 40 21 den
731 1247 85 27 ifräga-

202 1280 95 21 varande
311 1280 84 28 nådiga
405 1281 166 27 propositionen
586 1280 84 28 bifalla.

134 1342 133 26 Helsingfors
283 1342 40 20 den
339 1342 12 20 9
367 1341 104 21 Februari
487 1342 60 20 1867.

726 1485 21 15 25
