1011 1692
194 124 23 16 46
402 121 70 24 Nådiga
483 122 136 22 Propositionen
631 122 34 17 N:o
679 123 14 15 1.

172 186 11 21 I
198 185 68 21 andra
283 184 182 23 konstitutionella
479 186 77 20 staters
571 184 130 28 grundlagar
715 182 126 23 bestämmes
857 182 64 23 också

172 220 98 27 vanligen
287 218 71 28 nägön
375 219 42 21 viss
435 218 68 28 högre
520 218 66 26 ålder,
604 218 8 20 i
627 218 115 20 allmänhet
756 216 48 22 från
817 217 105 28 tjugufem

172 253 34 22 till
218 254 117 21 trettiofem
350 252 29 27 år,
395 252 46 22 före
455 253 62 21 hvars
536 251 126 29 uppnäende
679 252 64 28 ingen
758 259 61 14 anses
833 252 88 27 behörig

174 289 32 20 att
226 295 53 14 vara
300 288 153 26 representant.
482 285 32 23 På
532 286 61 21 dessa
612 286 92 27 grunder
721 287 42 20 kan
782 286 18 27 ej
819 286 104 21 utskottet

174 323 66 20 annat
254 323 28 20 än
298 322 50 27 gilla
362 321 55 22 hvad
432 322 7 20 i
455 321 57 21 detta
527 320 99 22 afseende
640 321 25 20 är
679 319 119 28 föreslaget.

245 355 41 22 Till
308 354 26 23 de
357 355 142 28 grundsatser,
521 353 111 28 hvaruppä
654 353 269 28 ständsrepresentationen

174 390 76 26 hvilar,
264 390 40 21 hör
320 389 61 21 äfven
396 391 32 19 att
441 389 74 21 valbar
533 390 25 20 är
576 389 76 21 endast
671 389 40 20 den
728 396 46 14 som
793 390 25 19 är
835 389 88 21 berätti-

175 425 42 28 gad
232 426 32 20 att
277 423 64 28 välja,
355 425 40 20 och
411 424 69 21 denna
495 424 112 27 grundsats
622 424 40 21 har
674 423 78 28 jemväl
768 421 57 31 gjort
836 423 32 28 sig
879 423 44 28 gäl-

174 459 64 22 lande
251 459 59 21 inom
321 459 40 21 den
371 458 69 21 finska
455 457 274 28 ständsrepresentationen.
754 454 170 31 Lagstiftningen

173 494 9 20 i
199 493 74 22 landet
289 493 42 21 har
349 492 54 22 dock
421 493 18 27 ej
459 493 89 21 allenast
569 493 100 27 upptagit
689 493 93 20 nämnda
804 492 119 27 grundsats;

175 529 52 20 utan
242 528 40 21 har
296 527 124 28 ytterligare
434 527 74 27 skärpt
524 527 40 21 den
579 533 75 21 genom
670 527 127 27 stadgandet
808 528 32 19 att
850 527 75 20 valbar

176 563 26 21 är
216 562 75 21 endast
306 561 46 26 den,
368 569 46 13 som
429 568 50 21 eger
493 562 43 20 rätt
550 563 32 19 att
596 561 8 21 i
618 561 35 21 val
668 561 84 27 deltaga
766 561 58 21 inom
836 559 35 22 det
881 561 44 21 val-

177 596 90 26 distrikt,
285 595 80 21 hvilket
382 595 100 22 afsänder
499 595 169 27 landtdagsman.
701 594 37 21 Uti
760 595 71 21 denna
851 593 74 28 skärp-

175 631 51 27 ning
248 630 67 27 ligger
337 629 137 28 ovilkorligen
497 637 25 14 en
543 629 119 26 öfverdrift,
685 628 40 23 och
747 629 89 22 orsaken
855 629 70 22 dertill

176 664 62 22 torde
252 670 53 16 vara
319 665 31 20 att
365 671 49 14 man
428 663 68 22 under
512 665 25 20 17
553 664 40 21 och
607 663 8 21 i
628 663 77 28 början
724 663 24 22 af
762 665 25 19 18
806 661 72 28 seklet,
898 663 28 22 dä

177 699 269 27 ständsrepresentationen
460 699 8 20 i
484 698 84 28 Sverige
584 698 40 21 och
638 698 91 21 Finland
746 697 70 22 nädde
830 699 33 20 sin
877 696 50 23 full-

176 734 100 27 ändning,
292 733 56 22 fäste
363 732 38 22 allt
416 733 33 20 för
467 733 88 27 mycken
570 733 44 27 vigt
631 732 35 21 vid
684 734 32 20 att
734 732 42 21 alla
794 732 87 28 specielt
895 733 33 20 lo-

176 768 51 21 kala
240 768 105 21 intressen
359 767 35 21 vid
408 767 114 27 riksdagen
536 767 68 21 skulle
617 767 65 22 hafva
692 767 47 21 sina
749 767 104 22 särskilda
863 766 64 22 mäls-

178 804 56 19 män.
263 802 11 21 I
290 803 26 19 15
332 802 10 27 &
358 801 88 22 föreslås
461 808 29 15 nu
505 803 31 20 att
550 802 58 21 lossa
622 801 29 28 pä
666 801 61 22 dessa
740 801 64 27 band,
821 802 45 26 och,
878 802 49 21 med

177 835 150 23 bibehållande
349 836 24 20 af
393 836 40 20 den
454 836 150 27 ursprungliga
625 836 111 27 principen
757 835 34 21 för
812 835 115 27 ständsval,

179 870 52 22 eller
249 872 31 19 att
298 869 89 22 valbara
404 871 37 19 äro
461 870 75 21 endast
554 870 31 26 de,
604 877 46 15 som
667 870 33 21 till
717 869 85 23 ståndet
819 870 54 22 höra
887 870 40 22 och

178 905 58 21 inom
251 904 117 22 detsamma
383 911 39 21 ega
436 904 72 21 utöfva
522 904 84 26 valrätt,
622 906 32 20 att
668 904 137 22 valbarheten
822 904 36 22 mä
875 906 53 20 utan

179 941 33 19 att
228 939 125 21 inskränkas
372 938 24 22 af
411 939 151 21 valdistriktets
580 940 89 26 gränser
689 939 121 21 utsträckas
830 939 34 21 till
886 940 43 20 alla

180 974 54 26 dem,
248 973 73 21 hvilka
338 974 38 20 äro
394 973 133 28 berättigade
542 975 32 19 att
588 973 7 21 i
610 973 34 21 val
659 974 24 21 af
695 973 95 21 ständets
804 974 123 27 landtdags-

179 1009 50 20 män
247 1008 90 27 deltaga.
367 1008 109 21 Utskottet
493 1008 42 21 kan
557 1008 18 28 ej
599 1010 66 19 annat
686 1010 28 19 än
733 1008 122 28 obetingadt
877 1008 51 28 god-

179 1043 71 21 känna
266 1041 68 23 denna
348 1043 147 27 utsträckning
510 1042 24 22 af
545 1042 144 27 valbarheten,
705 1043 40 21 och
761 1043 36 21 det
811 1042 24 22 sä
845 1043 84 28 mycket

179 1076 73 27 hellre,
272 1084 46 14 som
335 1077 66 21 redan
419 1077 7 21 i
442 1078 10 20 1
469 1078 11 26 &
499 1077 24 20 af
538 1076 58 22 detta
618 1077 80 27 förslag
715 1077 33 21 till
765 1076 164 28 landtdagsord-

180 1112 51 26 ning
245 1110 115 22 ständerna
374 1111 105 21 förklaras
493 1118 51 14 vara
558 1113 171 25 representanter
747 1112 33 20 för
798 1112 77 21 Finska
890 1112 39 21 fol-

181 1146 41 25 ket,
238 1152 48 14 men
305 1145 19 27 ej
343 1145 33 21 för
393 1144 68 28 några
479 1146 68 21 större
566 1145 50 22 eller
634 1146 83 20 mindre
731 1146 116 21 fraktioner
862 1146 66 21 deraf.

180 1179 70 21 Bland
272 1179 141 28 olägenheter,
436 1186 45 14 som
505 1180 91 20 härröra
618 1180 61 21 deraf
701 1182 32 19 att
758 1181 31 20 ett
810 1180 120 21 valdistrikt

182 1213 137 27 ovilkorligen
337 1215 24 20 är
379 1215 88 25 tvunget
485 1216 31 19 att
529 1214 57 26 välja
603 1214 65 21 bland
687 1214 115 21 distriktets
818 1222 53 19 egna
886 1214 44 21 val-

181 1248 56 24 män,
256 1247 36 21 vill
309 1247 104 21 utskottet
431 1247 74 21 endast
526 1246 114 22 framhålla
658 1248 45 25 den,
723 1249 31 19 att
772 1248 8 20 i
798 1247 77 21 sådant
893 1248 37 20 fall

181 1280 63 27 ringa
264 1280 67 27 utsigt
352 1280 112 21 förefinnes
487 1282 31 20 att
536 1280 97 22 öfverallt
654 1281 72 21 kunna
746 1281 33 21 till
800 1282 131 28 landtdagen

181 1314 69 22 sända
266 1314 170 28 landtdagsmän,
454 1315 71 21 hvilka
548 1322 40 20 ega
609 1315 88 28 insigter
719 1316 39 21 och
780 1315 97 29 förmåga
899 1318 33 20 att

184 1349 84 28 deltaga
277 1349 13 24 i
305 1350 35 21 det
357 1350 101 27 politiska
475 1349 64 23 lifvet.
568 1350 92 22 Likvisst
677 1352 24 20 är
721 1351 35 21 det
774 1351 46 21 ofta
836 1352 94 27 faktiskt,

184 1386 32 19 att
233 1384 68 22 under
320 1384 35 21 det
373 1386 30 19 ett
421 1384 119 22 valdistrikt
558 1384 54 22 lider
629 1385 55 21 brist
701 1384 59 28 uppå
779 1385 70 28 dylika
870 1388 61 25 män,

184 1420 31 19 ett
230 1420 65 21 annat
309 1419 54 21 nära
378 1418 93 22 derintill
485 1417 45 23 åter
548 1419 43 21 kan
610 1419 56 22 afstå
683 1419 25 22 af
723 1420 52 21 sina.
805 1419 76 30 Någon
895 1421 37 28 be-

184 1453 94 27 rättigad
293 1453 69 27 grund
376 1453 33 21 till
423 1453 41 21 den
479 1453 86 22 slutsats
580 1455 32 20 att
622 1454 196 22 kommittenternas
829 1455 103 22 intressen
