1000 1681
196 117 33 16 336
401 116 71 22 Nådiga
483 116 138 21 Propositionen
633 116 34 17 N:o
680 117 16 15 5.

174 179 40 26 väl,
232 179 66 22 bland
316 178 74 26 andra,
410 179 41 21 den
470 179 150 27 anmärkning,
640 180 32 20 att
690 178 124 21 utförandet
836 179 24 20 är
882 178 43 21 för-

173 213 106 27 knippadt
296 212 49 22 med
363 212 142 28 svärigheter;
523 220 50 13 man
592 212 54 21 skall
668 211 107 21 mähända
797 212 127 26 derutöfver,

173 247 69 21 under
256 246 136 28 åberopande
407 247 24 21 af
443 246 124 22 tidsandans
583 246 106 22 förmenta
704 246 100 27 afvoghet
815 248 44 19 mot
869 245 56 22 läro-

174 280 91 27 ständet,
284 281 51 27 vilja
353 282 53 27 göra
423 281 74 27 troligt
515 282 32 20 att
567 280 189 28 löneregleringen,
779 279 91 23 sälunda
891 288 35 20 ge-

174 315 106 26 nomförd,
298 316 84 20 komme
401 317 31 19 att
449 315 88 21 beröfva
554 314 159 28 presterskapet
732 322 26 14 en
772 314 49 21 fullt
835 314 91 28 tryggad

174 350 100 21 utkomst.
307 350 50 21 Men
376 348 27 22 dä
421 348 159 29 svårigheterna
598 349 117 28 ingalunda
732 356 63 20 synas
816 349 44 28 mig
882 348 44 22 oöf-

175 384 154 28 vervinnerliga
344 384 51 21 eller
410 391 36 14 ens
461 385 68 20 större
545 385 27 19 än
587 384 35 21 vid
640 384 73 27 hvarje
732 390 70 14 annan
817 390 59 15 mera
892 390 35 21 ge-

175 418 155 28 nomgripande
348 418 85 26 reform,
453 420 55 19 samt
529 416 195 29 regleringsfrägan
745 418 47 21 icke
813 417 56 28 finge
891 418 36 21 be-

175 452 91 22 handlas
281 452 24 22 af
318 452 26 22 de
358 452 216 28 betalningsskyldige
589 452 97 27 ensidigt,
702 453 53 19 utan
766 450 58 24 såväl
835 452 93 27 kyrkans

176 494 46 14 som
240 487 80 22 statens
340 486 79 22 ombud
437 487 83 21 komme
539 488 32 19 att
589 486 73 21 dervid
681 486 119 26 medverka,
820 486 108 22 äfvensom

177 520 36 23 det
228 521 86 28 slutliga
329 521 118 27 afgörande
461 520 68 22 skulle
543 520 8 21 i
565 520 74 27 hvarje
657 520 102 22 särskildt
776 520 38 21 fall
833 520 51 22 bero
900 520 29 28 pä

176 555 84 23 landets
279 556 94 27 styrelse,
392 555 99 22 förefalla
511 553 102 29 farhågor
636 554 24 22 af
680 555 80 28 antydd
781 555 148 21 beskaffenhet

178 590 83 21 mindre
274 590 111 27 befogade.

246 652 30 21 Af
287 652 57 22 Herr
359 652 24 22 af
394 653 110 26 Forselles,
519 653 100 25 Lennart,
635 659 45 14 som
695 652 85 22 förenat
794 653 32 27 sig
837 653 32 21 uti
883 653 45 21 Fri-

178 687 63 21 herre:
255 687 71 27 Boijes
341 687 58 21 förut
413 687 89 28 intagna
515 687 137 21 reservation.

282 746 30 23 Af
324 749 56 21 Herr
394 756 41 14 von
449 749 64 26 Born,
529 749 22 21 C.
567 749 32 21 F.:
613 758 3 4 «

247 795 53 20 Lika
318 795 49 20 med
384 795 56 21 Herr
457 795 122 21 Ehrnrooth
595 802 62 14 anser
673 795 61 21 äfven
750 795 39 28 jag
803 795 127 22 tertialtion-

181 829 47 26 den,
243 829 49 20 med
308 828 98 21 afseende
421 828 13 21 &
449 829 47 21 dess
514 831 65 19 natur
597 829 40 21 och
651 829 121 27 uppkomst,
788 837 52 14 vara
854 832 31 19 ett
899 831 32 20 uti

179 863 170 28 presterskapets
364 863 121 28 privilegier
496 863 23 21 af
529 863 26 22 de
567 863 107 21 ordinarie
685 864 177 21 statsintraderne
874 864 57 22 stän-

180 897 36 21 det
229 897 8 21 i
252 897 48 21 dess
314 896 93 28 aflöning
422 897 123 21 tillerkändt
559 897 96 26 tillskott,
672 905 45 14 som
731 897 49 22 frän
795 899 40 21 den
850 899 38 26 tid,
904 899 28 21 dä

180 939 27 14 en
228 931 128 28 statskyrka,
382 931 97 28 grundad
501 931 28 28 pä
551 932 41 21 den
614 932 241 27 evangelisk-lutherska
876 935 56 20 tros-

179 965 143 22 bekännelsen
336 966 8 20 i
358 965 77 22 norden
448 956 106 42 "infördes,
569 965 122 22 bibehållits
710 967 24 20 af
750 967 29 20 all
798 967 40 21 den
852 967 79 27 tionde,

180 1000 84 21 hvilken
282 1000 159 27 presterskapet
457 1000 68 21 under
547 1000 112 21 katholska
680 1001 58 20 tiden
760 1001 108 27 uppburit,
892 1002 40 21 och

178 1034 38 27 jag
231 1034 69 21 finner
314 1034 46 21 icke
374 1034 67 21 heller
456 1034 47 21 dess
518 1034 121 28 privilegier
653 1034 108 21 bestämdt
775 1035 109 27 innebära,
900 1038 34 20 att

180 1068 169 21 tertialstionden
365 1067 47 22 frän
427 1068 150 27 lägenheterne
590 1069 33 20 uti
638 1069 73 27 hvarje
726 1069 124 28 församling
864 1070 69 22 mäste

182 1102 108 21 användas
314 1102 135 21 uteslutande
471 1103 33 20 till
529 1103 93 27 aflöning
645 1103 24 21 af
692 1104 159 27 presterskapet
874 1105 59 21 inom

182 1143 81 14 samma
278 1136 130 27 församling,
423 1138 53 19 utan
494 1135 68 22 häller
580 1136 46 21 före
645 1138 31 19 att
696 1137 128 27 densamma,
843 1139 91 21 likasom

182 1171 74 27 hvarje
270 1177 71 14 annan
355 1170 186 28 kronoindelning,
560 1171 42 20 kan
621 1171 124 27 disponeras
760 1172 8 21 i
782 1173 105 27 uppgifna
902 1173 32 21 af-

182 1205 82 25 seende,
280 1205 109 21 hvarhelst
403 1204 99 21 behofvet
516 1205 57 20 inom
587 1205 73 21 landet
675 1204 77 23 sädant
766 1205 104 28 päkallar,
882 1207 52 22 alle-

181 1239 49 20 nast
249 1238 40 21 den
308 1237 108 28 oförryckt
433 1237 67 22 hålles
518 1238 159 27 presterskapet
698 1239 105 22 tillhanda
825 1241 40 20 och
886 1241 48 21 icke

181 1271 34 22 till
230 1272 67 21 andra
316 1271 99 22 ändamäl
434 1272 116 26 användes;
567 1271 38 28 jag
619 1272 49 21 ville
687 1273 90 26 derföre,
793 1273 71 22 säsom
878 1275 56 22 Herr

182 1306 134 22 Ehrnrooths
330 1306 131 21 reservation
477 1306 39 21 ock
530 1306 95 26 innebär,
644 1307 100 21 betrakta
759 1308 69 21 denna
842 1309 92 22 tertials-

182 1340 73 23 tionde
272 1340 44 22 lika
335 1340 48 22 med
400 1339 235 29 vederlagsspanmälen
654 1342 40 20 och
709 1342 69 31 andre
797 1343 137 29 statsbidrag,

182 1375 72 22 hvilka
265 1375 80 28 jemväl
359 1375 25 21 af
396 1374 59 22 ålder
470 1375 69 21 blifvit
553 1376 158 27 presterskapet
725 1377 164 28 tillförsäkrade,
902 1378 32 22 sä-

183 1416 46 15 som
245 1417 25 14 en
286 1417 121 21 gemensam
422 1410 51 21 fond
487 1410 34 21 för
536 1410 192 28 prestaflöningens
739 1412 143 28 utjemnande,
895 1414 40 22 och

183 1446 46 19 tror
244 1445 61 20 äfven
317 1444 39 28 jag
374 1446 32 19 att
424 1444 48 21 med
491 1443 79 22 sädane
587 1444 77 28 bidrag
680 1453 25 13 en
720 1448 81 20 rättare
815 1447 121 29 fördelning
