1003 1686
194 116 33 16 416
398 114 71 23 Nådiga
480 115 137 21 Propositionen
628 115 34 17 N:o
675 115 15 16 9.

172 178 32 21 uti
217 185 82 14 samma
312 177 127 28 vattendrag
453 176 68 29 några
535 178 141 27 undandraga
689 178 33 26 sig
737 178 32 20 att
783 177 90 28 bidraga
887 177 34 22 till

172 212 144 22 kostnaderna
333 212 34 20 för
384 212 69 27 nyttig
474 211 115 28 sjöfälling,
608 211 26 21 de
656 210 116 28 motvillige
791 211 60 21 skola
868 218 53 14 vara

172 246 121 22 förbundna
311 247 32 20 att
362 247 55 19 emot
435 246 60 21 lösen
515 244 56 22 afstå
589 245 46 21 sina
656 244 95 22 fördelar
769 244 24 22 af
808 244 112 28 företaget,

173 281 37 21 der
225 281 36 21 det
275 280 76 21 blifver
364 279 29 28 pä
408 280 25 21 de
448 280 79 27 öfrigas
541 279 118 21 bekostnad
673 279 88 21 utfördt.
794 279 75 21 Denna
879 278 42 21 lös-

171 316 107 27 ningsrätt
292 315 40 21 bör
346 314 116 28 medgifvas
477 313 28 22 dä
518 314 24 21 af
554 313 36 22 tvä
601 313 140 28 jemnlottade
757 313 97 28 delegare
869 313 7 21 i
891 314 31 21 ett

172 350 126 27 vattendrag
317 349 41 21 den
377 356 39 14 ena
431 349 51 21 eller
500 349 23 21 af
536 348 51 21 flere
605 348 98 27 delegare
726 348 32 27 de,
773 355 45 14 som
832 348 89 21 tillsam-

172 392 61 14 mans
245 391 39 20 ega
291 384 65 21 minst
363 383 81 22 hälften
452 383 24 22 af
484 382 135 29 sjöomrädet,
631 382 82 29 päyrka
719 383 42 21 och
771 383 51 27 vilja
832 383 90 21 bekosta

174 418 80 22 sädant
265 419 89 26 företag.

241 453 43 21 För
299 454 32 19 att
349 452 95 27 afhjelpa
459 452 41 21 den
517 451 129 28 nugällande
662 451 171 28 lagstiftningens
848 451 73 30 ofvan-

174 487 46 22 före
235 487 112 21 anmärkta
360 486 84 26 brister,
459 486 40 21 har
513 486 60 21 Hans
588 485 119 28 Kejserliga
717 486 101 27 Majestät
833 486 6 21 i
849 485 73 22 Näder

175 522 56 21 velat
244 521 34 31 till
292 521 129 21 Ständernas
437 520 120 28 antagande
572 520 128 21 öfverlemna
715 527 25 14 en
755 519 25 23 sä
793 520 102 28 lydande:

174 599 150 32 Förordning
341 597 123 34 angäende
485 598 209 33 vattenledningar
711 597 44 27 och
771 597 150 27 vattenverk.

485 656 31 21 Om
531 656 80 27 dikning.

243 701 11 27 8
272 701 17 20 1.
319 699 67 28 Ingen
399 698 35 22 mä
448 699 77 22 hindra
533 699 114 28 jordegare
658 699 32 20 att
701 705 76 21 genom
787 699 71 27 öppna
870 698 52 22 eller

176 735 72 21 täckta
267 734 62 21 diken
344 734 69 21 afleda
426 735 81 20 vattnet
522 733 48 21 från
588 733 46 21 sina
648 740 51 21 egor
713 733 33 21 till
765 733 105 22 derunder
884 733 37 22 be-

175 769 64 27 lägna
253 769 64 27 sjöar,
332 770 113 19 strömmar
459 768 51 21 eller
525 768 67 21 andra
606 767 107 28 naturliga
723 767 132 28 vattendrag.
884 767 37 22 Af-

174 803 87 28 ledning
275 803 59 21 öfver
348 810 81 14 annans
443 802 61 21 mark
518 802 40 21 bör
573 802 35 21 ske
620 801 37 22 der
667 802 84 28 tjenligt
761 802 48 28 läge
819 802 34 21 för
867 804 54 19 vatt-

175 839 47 21 nets
237 837 71 27 aflopp
327 837 111 21 förefinnes
457 837 40 21 och
511 837 63 27 ingen
589 836 51 21 eller
657 837 78 20 minsta
754 837 67 21 skada
835 837 34 20 för
883 844 39 13 un-

176 872 132 28 derbyggare
327 878 75 20 genom
421 871 122 21 densamma
561 870 162 22 ästadkommes.
752 870 169 28 Underbyggare

176 906 54 22 skall
247 913 52 15 vara
317 905 75 28 pligtig
409 907 33 19 att
456 904 70 22 tilläta
539 904 68 22 sädan
627 904 104 28 gräfning,
748 912 45 14 som
808 904 34 22 för
856 905 66 21 ända-

175 940 65 23 mälet
259 940 113 22 erfordras.
402 935 70 32 Öppet
489 940 49 21 dike
552 938 35 22 mä
601 939 55 21 dock
674 940 46 20 icke
735 940 114 28 anbringas
864 940 58 22 öfver

176 982 91 21 grannes
285 974 112 28 bebyggda
414 976 59 19 tomt.
503 974 49 21 Ifall
571 974 47 21 dike
636 974 57 21 ledes
712 973 59 22 öfver
790 982 80 13 annans
886 982 35 13 en-

176 1009 68 22 skilda
258 1010 47 26 väg,
320 1015 50 15 vare
385 1009 46 25 den,
447 1015 45 14 som
507 1008 58 21 diket
579 1008 86 27 nyttjar,
681 1008 82 27 skyldig
778 1010 31 19 att
823 1009 39 21 bro
874 1008 47 22 der-

176 1044 58 21 öfver
248 1043 71 28 bygga
334 1043 39 21 och
388 1041 131 23 underhålla.

244 1078 11 27 8
271 1079 19 19 2.
320 1077 42 21 För
381 1077 40 20 den
435 1077 56 27 jord,
511 1084 46 14 som
576 1076 32 21 till
627 1077 85 26 dikning
732 1075 68 29 åtgår,
818 1084 50 14 vare
883 1085 38 13 un-

176 1111 132 28 derbyggare
326 1111 32 21 till
377 1111 116 27 ersättning
511 1110 127 28 berättigad,
654 1110 70 22 derest
739 1111 125 27 gräfningen
879 1113 43 19 tör-

176 1146 88 21 orsakar
282 1146 78 20 honom
378 1145 67 21 skada
462 1146 52 20 utan
529 1144 70 28 nägon
618 1144 94 22 deremot
727 1145 103 21 svarande
845 1145 75 22 fördel.

175 1180 76 20 Finnes
267 1179 58 21 diket
339 1179 63 21 lända
416 1179 79 21 honom
509 1179 33 21 till
555 1178 90 28 verkligt
659 1186 56 20 gagn
729 1179 36 21 vid
779 1179 78 21 häfden
869 1180 53 21 eller

175 1214 33 21 till
222 1214 129 26 förbättring
364 1213 25 21 af
401 1214 53 20 hans
475 1221 52 19 egen
539 1213 57 27 jord,
611 1220 49 14 vare
676 1213 82 27 skyldig
773 1215 31 19 att
818 1214 8 20 i
841 1213 81 22 förhäl-

175 1247 62 21 lande
253 1246 70 21 dertill
337 1246 32 20 uti
384 1246 124 27 gräfningen
523 1246 40 21 och
577 1245 133 21 underhället
725 1246 90 27 deltaga.

243 1281 11 27 8
271 1282 18 19 3.
320 1280 104 26 Grannar,
443 1287 45 14 som
503 1280 98 27 begagna
618 1282 131 25 gemensamt
764 1280 47 21 dike
825 1280 8 20 i
847 1282 75 26 gräns-

175 1314 110 22 skilnaden
303 1314 90 22 emellan
411 1314 61 22 deras
490 1321 57 21 egor,
567 1314 71 28 gräfve
657 1314 40 21 och
717 1313 125 23 underhälle
860 1315 62 21 hvar-

176 1349 51 21 dera
241 1348 72 23 halfva
328 1348 63 22 diket.
416 1349 74 28 Nyttja
505 1356 93 20 grannar
613 1348 51 21 eller
675 1348 153 28 öfverbyggare
838 1356 84 20 gemen-

174 1385 56 19 samt
249 1383 137 27 afloppsdike,
404 1390 50 15 vare
469 1390 26 15 en
509 1384 53 20 hvar
580 1382 82 28 skyldig
678 1384 31 20 att
728 1383 85 27 deltaga
827 1384 32 20 uti
873 1384 49 22 dess

175 1417 98 28 gräfning
292 1417 40 21 och
350 1416 111 23 underhäll
476 1417 7 21 i
501 1416 133 23 förhällande
652 1417 32 21 till
704 1417 41 22 den
759 1417 69 22 fördel
842 1418 43 21 han
900 1418 24 22 af

174 1453 91 19 vattnets
281 1451 71 27 aflopp
368 1452 82 26 drager.
