1009 1686
305 107 72 23 Nådiga
388 108 140 21 Propositionen
540 108 34 17 N:o
588 109 26 15 10.
779 107 33 17 463

84 171 86 22 straffes
187 171 49 22 med
249 171 73 27 böter,
332 171 62 22 efter
415 169 214 31 omständigheterne,
650 170 49 23 från
720 171 62 28 tjugu
802 170 33 22 till

83 205 117 23 etthundra
216 205 68 23 mark.
316 204 47 24 Här
380 205 144 29 förbrytelsen
545 206 56 22 skett
618 204 29 29 på
664 212 82 15 annans
766 205 69 26 mark,

83 247 51 15 vare
147 239 162 23 öfverträdaren
324 240 107 21 dessutom
445 239 146 23 underkastad
605 239 67 22 sådan
686 238 88 29 påföljd,
790 246 46 15 som

83 274 8 20 i
106 275 25 26 $$
148 275 26 19 16
190 274 40 20 och
246 276 25 19 17
286 274 68 21 finnes
367 275 75 19 utsatt.

152 303 157 27 Öfverträdelse
330 308 24 22 af
373 308 56 21 hvad
450 308 8 21 i
476 309 12 27 $
509 309 25 20 15
556 308 101 28 stadgadt
678 309 32 25 är,
732 308 104 27 umgälles

82 342 50 22 med
146 342 62 22 böter
222 342 49 22 från
286 342 40 22 och
340 342 48 22 med
402 342 62 28 tjugu
478 342 34 22 till
527 342 40 22 och
578 342 48 22 med
638 342 115 22 etthundra
766 342 69 26 mark,

83 377 54 31 efter
151 376 101 30 pröfning
266 377 25 21 af
302 377 114 27 Domaren,
432 379 55 20 samt
498 377 77 22 förlust
586 377 24 21 af
618 384 67 15 varan
696 377 58 27 eller,
766 377 70 21 derest

85 412 69 22 denne
171 412 170 26 undanskaffats,
360 412 48 21 dess
426 412 71 22 värde.
527 412 41 21 Till
586 412 112 22 enahanda
715 410 67 24 böter
796 412 40 22 och

84 446 118 28 ersättning
220 446 34 22 för
271 446 101 28 möjligen
389 446 131 29 tillskyndad
541 446 67 22 skada
625 454 50 14 vare
693 446 81 29 jemväl
795 446 41 22 den

82 481 106 27 förfallen,
204 489 46 14 som
263 478 113 30 förgiftadt
389 480 98 23 lockbete
500 481 77 28 utlagt.

151 516 43 22 För
208 516 68 22 andra
291 515 163 22 öfverträdelser
468 516 25 21 af
509 516 69 21 denna
592 515 135 28 Förordning
742 515 94 22 dömmes

83 551 34 21 till
130 550 63 23 böter
207 550 49 22 frän
269 550 30 22 tio
314 550 33 21 till
360 550 78 29 fyratio
452 550 63 21 mark
529 550 41 21 och
584 550 191 28 skadeersättning.

430 614 11 27 8
458 614 32 20 19.

152 656 116 29 Förbryter
286 656 32 28 sig
336 657 121 27 öfvermage
479 658 57 20 emot
553 656 56 22 hvad
627 656 8 21 i
653 656 70 22 denna
743 656 92 22 Förord-

84 692 52 28 ning
150 691 93 28 stadgas,
258 691 66 21 varde
338 691 33 21 för
386 690 76 22 sådant
478 691 83 28 okynne
575 691 81 21 varnad
670 691 41 21 och
724 690 30 28 pä
767 690 68 29 lämp-

84 726 40 28 ligt
138 728 44 20 sätt
196 725 150 22 tillrättavisad
364 725 24 22 af
403 725 114 27 föräldrar,
532 724 106 23 målsman
652 725 52 22 eller
718 725 117 23 husbonde.

85 755 141 33 Ädagalägga
247 760 63 22 dessa
331 758 148 23 efterlätenhet
500 760 52 26 deri,
572 759 24 22 sä
614 761 32 21 att
668 760 92 28 okynnet
781 767 55 21 upp-

85 802 71 21 repas,
175 795 51 21 eller
244 794 119 28 öfvertygas
382 794 25 21 de
425 796 32 20 att
474 793 65 23 hafva
556 794 86 26 afvetat,
657 801 49 15 men
723 794 47 22 icke
788 794 48 22 sökt

84 830 117 27 alvarligen
219 829 75 26 afböja
312 829 123 25 detsamma,
450 828 55 22 skall
520 829 41 21 den
575 828 90 22 sålunda
679 828 101 28 felaktige
793 828 43 21 till-

84 864 80 21 räknas
183 863 40 22 den
240 861 154 29 minderäriges
413 863 152 21 öfverträdelse
586 861 71 23 säsom
678 869 53 21 egen
752 863 84 28 förbry-

84 898 54 21 telse
156 897 40 22 och
212 897 102 28 beläggas
332 897 49 22 med
399 903 77 16 ansvar
494 897 41 22 och
553 903 71 16 annan
638 895 89 30 påföljd,
742 904 46 15 som
802 897 34 44 för

86 931 78 23 sådant
177 931 38 22 fall
229 933 69 22 utsatt
312 932 30 21 är.

429 989 12 27 g
456 990 34 20 20.

154 1027 168 27 Öfverträdelsér
345 1031 24 22 af
388 1031 27 22 de
436 1039 77 21 genom
538 1031 70 22 denna
629 1031 134 29 Förordning
783 1032 53 21 fast-

85 1067 79 22 ställda
180 1065 74 29 påbud
276 1074 36 14 om
332 1066 80 28 nyttigt
429 1065 109 23 vildbräds
559 1065 126 29 fridlysning
707 1067 40 21 och
768 1066 69 22 andra

85 1101 133 23 föreskrifter
236 1101 33 22 till
288 1101 89 21 allmänt
392 1107 56 21 gagn
462 1101 62 21 skola
538 1100 24 22 af
575 1100 79 22 allmän
668 1100 102 28 äklagare
784 1100 53 22 beif-

85 1144 36 15 ras
137 1136 40 22 och
194 1135 36 23 mä
244 1136 8 21 i
266 1134 78 29 sädant
360 1134 101 23 afseende
478 1135 24 22 af
517 1135 63 22 hvem
597 1142 47 14 som
660 1135 56 22 helst
734 1134 102 27 anmälas,

86 1171 80 22 hvilket
179 1170 123 28 isynnerhet
316 1168 82 29 åligger
412 1169 128 28 tjenstemän
559 1169 40 21 och
617 1169 94 28 hetjente
725 1169 35 22 vid
774 1169 63 21 forst-

87 1207 70 19 staten
174 1205 108 21 äfvensom
300 1204 82 25 krono-,
402 1204 68 21 stads-
492 1204 40 21 och
553 1202 155 29 polisbetjente,
731 1210 46 14 som
798 1203 40 21 ock

86 1240 45 20 lika
144 1239 50 22 med
208 1239 80 21 allmän
302 1237 101 28 åklagare
418 1239 37 21 äro
470 1237 134 28 berättigade
619 1239 32 20 att
668 1237 75 28 beslag
756 1236 15 22 ä
785 1236 53 23 olof-

86 1273 57 28 ligen
161 1272 56 22 fäldt
234 1272 84 28 fridlyst
335 1270 99 23 vildbräd
451 1271 121 26 verkställa,
590 1273 52 19 utan
665 1273 32 19 att
718 1271 65 21 likväl
804 1270 34 23 för

88 1308 58 20 detta
169 1306 100 21 ändamål
294 1306 158 27 undersökning
472 1306 8 20 i
500 1305 83 27 någons
605 1306 40 20 hus
666 1304 36 22 mä
723 1306 114 26 företagas.

86 1341 50 22 Men
151 1343 25 20 är
191 1341 75 21 endast
284 1339 80 22 enskild
382 1346 90 21 persons
488 1339 92 27 jagträtt
594 1339 130 26 förnärmad,
740 1341 52 19 utan
806 1341 33 20 att

87 1375 126 29 fridlysning
231 1374 52 22 eller
301 1381 71 14 annan
390 1373 80 22 allmän
488 1373 110 22 föreskrift
615 1373 69 22 tillika
700 1373 70 22 blifvit
787 1373 51 22 bru-

87 1412 43 25 ten,
149 1409 111 22 ankomme
278 1407 29 29 pä
324 1407 150 29 mälseganden
493 1414 73 16 ensam
585 1414 35 16 om
637 1408 43 22 han
698 1407 36 22 vill
752 1406 87 24 förseel-

88 1452 38 15 sen
140 1444 64 22 ätala.
