1039 1681
358 107 72 23 Nädiga
442 110 137 20 Propositionen
591 109 34 17 N:o
640 110 25 15 12.
832 109 32 16 577

271 175 55 18 samt
341 172 26 28 af
380 172 107 28 mjölmare
503 172 38 21 och
552 172 167 29 gerningsmän;
731 172 105 29 härifrån
848 171 40 22 lik-

270 206 37 20 väl
325 206 137 28 undantagne
481 206 32 27 de,
532 214 45 14 som
592 208 68 27 enligt
675 206 108 22 särskilde
792 207 96 29 författ-

271 240 81 28 ningar
375 240 39 21 och
431 241 130 28 privilegier
579 241 58 28 frän
655 248 25 14 en
699 240 41 22 slik
759 240 68 29 afgift
847 241 40 20 äro

272 273 103 29 befriade.

329 308 23 28 b)
363 308 48 22 med
422 309 37 21 två
469 308 63 22 mark
544 309 128 21 åttatioåtta
676 310 70 27 penni
746 309 59 28 från
814 309 74 27 hvarje

271 341 77 29 knipp-
367 342 51 22 eller
438 342 168 22 bleckhammare
625 346 56 18 samt
698 343 48 21 med
759 343 48 29 fem
825 342 62 22 mark

273 377 112 29 sjuttiosea
395 378 70 28 penni
473 378 58 28 från
546 377 75 29 hvarje
636 384 97 22 masugn.

331 412 12 28 $
361 410 22 22 2.
412 412 34 28 Af
463 413 161 28 tingsgästning
643 412 101 29 tillfaller
762 419 26 14 en
802 412 86 29 fjerde-

271 447 36 21 del
318 447 88 28 lagman
417 451 56 17 samt
485 447 166 29 trefjerdedelar
663 446 174 30 häradshöfding
850 446 39 22 och

271 481 88 26 nämnd,
377 485 60 18 utom
450 483 34 20 uti
499 482 24 21 de
538 483 11 20 i
562 483 13 27 $
595 482 6 20 1
615 482 93 21 nämnde
723 481 62 22 delar
800 482 26 28 af
841 480 48 22 We-

273 516 124 26 sterbotten,
417 516 86 22 hvarest
522 516 94 30 afgiften
631 517 36 21 till
682 516 47 22 hela
744 516 97 28 beloppet
856 523 34 14 er-

273 551 74 28 lägges
370 551 35 21 till
427 550 202 30 häradshöfdingen
647 551 39 21 och
705 551 118 25 nämnden;
840 558 49 14 men

273 592 34 14 om
323 585 194 28 lagmansrätterne
530 585 68 29 blifva
609 586 114 28 indragne,
736 585 94 21 kommer
841 585 48 21 med

274 620 289 28 lagmanstingsgästningen
570 623 33 18 att
605 620 113 28 förhällas
721 620 34 28 pä
763 621 45 20 sätt
815 619 75 22 derom

273 653 107 23 särskildt
394 655 81 21 varder
489 654 110 30 stadgadi.

205 699 141 29 Helsingfors,
361 700 41 21 den
417 700 26 22 27
459 700 43 28 Maj
520 702 61 20 1867.

436 762 89 20 Finlands
538 762 80 20 Ständer
629 762 109 20 framhärda
750 763 35 18 ete.

794 1492 31 18 36*
