1020 1681
317 106 71 23 Nådiga
400 108 135 21 Propositionen
548 109 34 16 N:o
594 109 16 16 5.
781 110 33 16 325

86 169 114 22 händelser
221 169 94 28 inträffa,
336 177 47 15 som
404 171 72 22 kunna
497 171 111 22 föranleda
625 179 29 20 ny
671 171 165 29 lönereglering,

87 203 68 22 sådan
168 203 36 23 må
218 204 115 28 företagas,
345 205 66 21 sedan
425 205 59 22 Hans
499 205 119 28 Kejserliga
632 205 111 28 Majestäts
758 205 80 30 nådiga

86 237 97 22 tillstånd
201 238 71 21 dertill
290 239 117 26 utverkats;
426 239 33 21 till
477 239 50 28 följe
545 239 77 22 hvaraf
639 239 36 22 det
688 240 8 21 i
711 241 12 27 &
738 242 25 19 21
780 241 56 22 före-

86 272 127 21 kommande
231 273 118 26 stadgande
367 273 66 21 borde
451 273 86 28 utbytas
556 275 56 20 emot
630 274 90 21 sednare
734 282 64 13 mom.
814 275 24 21 af

87 307 11 26 8
115 307 26 20 13
156 306 8 21 i
179 306 36 21 det
229 306 24 21 af
265 307 104 20 komiténs
383 307 110 27 pluralitet
508 307 80 28 afgifna
602 307 86 28 förslag.

154 339 33 22 Pä
200 340 70 28 grund
285 341 24 20 af
320 341 56 30 hvad
390 341 104 22 utskottet
508 341 90 22 sälunda
613 341 78 28 anfört,
706 341 34 22 fär
753 343 81 22 utskot-

86 376 31 20 tet
131 375 108 22 vördsamt
253 375 115 28 tillstyrka:

211 413 35 20 det
268 413 82 21 landets
372 412 95 23 Ständer
489 414 72 26 mätte,
584 414 48 21 med
648 413 131 30 förklaring
802 418 33 18 att

154 447 41 22 den
212 447 84 28 nädiga
309 449 166 26 propositionen
493 449 20 28 ej
531 448 68 21 kunde
618 449 138 28 oförändrad
774 453 61 17 anta-

153 489 46 21 gas,
208 482 43 28 för
266 483 34 20 sin
314 481 34 22 del
367 482 81 22 besluta
463 483 35 21 till
513 489 25 15 en
546 483 140 29 författning
700 484 10 20 i
725 485 71 20 ämnet
811 484 26 29 af

152 516 98 29 följande
266 517 89 28 lydelse:

474 563 44 29 81

227 605 145 29 Likalydande
386 606 48 21 med
448 612 82 16 samma
544 606 11 28 $
570 606 7 21 i
592 606 165 28 propositionen.

469 670 13 28 $
497 668 21 22 2.

210 710 84 31 Hvarje
312 713 10 20 i
333 712 161 29 församlingen
509 712 161 30 tjenstgörande
681 717 63 25 prest
759 714 27 21 är
801 714 33 21 be-

152 747 101 29 rättigad
269 750 33 18 att
317 748 85 28 ätnjuta
418 754 24 14 en
457 748 54 28 efter
526 746 198 30 embetsbefattning
736 748 39 22 och
786 748 48 22 der-

152 782 48 20 med
212 782 108 28 förenade
339 782 130 28 äligganden
488 786 55 17 samt
561 782 225 28 lefnadskostnaderne
800 784 34 28 pä

152 819 63 17 orten
238 816 86 28 lämpad
347 816 122 28 tillräcklig
491 816 110 29 aflöning;
624 816 39 21 och
681 816 55 22 skall
753 818 80 20 minsta

153 849 145 29 lönebeloppet
310 850 42 29 för
371 850 111 20 ordinarie
497 854 63 24 prest
573 852 87 26 utgöra,
675 851 52 21 eller
742 852 10 20 i
766 852 66 21 värde

151 888 117 23 motsvara,
288 885 65 20 sextio
376 888 78 17 tunnor
473 885 103 27 spanmäl,
594 888 59 17 utom
665 885 52 28 fria
735 885 99 29 bonings-

152 925 49 14 rum
219 919 38 20 och
274 919 70 25 uthus,
364 919 97 27 lämpade
480 919 53 28 efter
553 919 68 20 tidens
634 919 142 29 fordringar,
794 921 40 21 ved

153 953 37 20 till
204 952 93 28 bränsle,
313 953 65 21 odlad
392 953 53 28 jord
463 954 57 19 nära
540 953 110 21 bolstaden
669 955 35 20 till
719 954 61 21 träd-
795 955 38 20 och

152 986 134 29 kryddgärd,
304 987 145 33 potatesland,
473 987 107 30 äfvensom
596 988 68 28 foder
679 988 43 29 för
740 995 26 14 en
784 989 49 21 häst

153 1021 39 21 och
208 1022 35 20 två
259 1021 45 21 kor.
326 1017 48 25 Äro
389 1023 9 20 i
413 1029 80 14 samma
504 1022 140 28 församling,
660 1023 52 20 eller
723 1027 109 24 pastorat,

153 1056 37 20 tvä
204 1056 52 21 eller
267 1056 53 28 flere
336 1056 111 21 ordinarie
459 1059 86 25 prester
560 1056 113 27 anställde,
682 1057 102 28 fördelas
797 1058 35 21 det

146 1090 59 29 från
210 1091 162 27 församlingen
383 1091 104 27 utgående
499 1090 204 29 aflöningsbeloppet
713 1091 46 21 dem
772 1092 60 21 emel-

154 1125 37 20 lan
206 1124 54 29 efter
276 1125 159 28 ofvannämnda
449 1125 78 28 grund.

468 1188 12 28 $
496 1187 21 22 3.

210 1230 102 21 Likasom
330 1231 14 21 å
363 1237 39 14 ena
420 1231 63 21 sidan
499 1231 74 28 hvarje
585 1231 136 29 församling
736 1232 27 20 är
778 1231 54 29 skyl-

153 1265 38 29 dig
210 1269 33 17 att
261 1265 71 29 aflöna
350 1267 39 19 sitt
404 1265 147 29 presterskap,
565 1265 36 21 mä
617 1266 13 20 å
645 1266 70 21 andra
730 1265 63 22 sidan
808 1266 24 21 de

153 1300 98 28 afgifter,
267 1307 44 13 som
326 1300 25 27 af
364 1307 24 12 en
397 1300 134 27 församling
543 1300 36 20 till
586 1299 160 28 presterskapet
760 1301 72 26 erläg-

152 1341 46 21 gas,
221 1333 45 21 icke
289 1333 109 21 användas
422 1333 35 21 till
479 1333 115 29 aflönande
617 1334 25 28 af
654 1337 63 24 prest
733 1334 10 20 i
761 1341 72 13 annan

152 1368 139 28 församling.
320 1367 173 29 Församlingar,
510 1366 73 22 hvilka
598 1368 140 20 tillsammans
752 1369 81 27 utgöra

154 1406 30 17 ett
198 1406 108 25 pastorat,
326 1402 89 29 bidrage
435 1402 34 21 till
487 1402 40 21 den
544 1409 155 21 gemensamma
717 1402 116 29 kyrkoher-

153 1437 51 22 dens
223 1437 121 30 aflönande,
367 1438 9 20 i
392 1436 142 30 förhällande
557 1437 35 21 till
610 1437 35 21 det
663 1437 170 26 embetsbiträde,
