1000 1689
303 89 72 24 Nådiga
387 91 135 22 Propositionen
535 91 35 17 N:o
583 93 15 15 7.
770 91 32 17 391

265 161 53 26 Lag-
328 161 38 20 och
379 161 224 21 Ekonomi--utskottets
617 161 130 20 betänkande
760 161 38 21 N:o
808 161 15 24 1,

189 195 1 4 *
208 195 10 28 €
229 194 116 29 anledning
361 195 26 29 af
399 194 63 23 Hans
473 193 123 32 Kejserliga
611 194 114 30 Majestäts
740 195 88 29 nådiga.

195 230 159 27 proposition,
381 230 110 27 angående
517 229 239 29 kapellförsamlingars
776 230 47 29 fri-

208 263 101 21 kallande
320 263 59 29 från
398 263 147 29 skyldigheten
559 267 33 18 att
607 263 70 29 bygga
692 263 38 22 och
744 264 78 21 under-

208 297 60 21 hålla
282 297 150 29 moderkyrka.

139 360 76 21 Denna
232 359 79 29 nådiga
328 361 134 27 proposition
480 361 41 22 har
538 361 25 22 af
575 361 98 27 samtlige
687 359 135 24 riksstånden

71 395 149 22 öfverlemnats
238 395 33 21 till
289 395 54 28 Lag-
363 395 40 22 och
421 395 226 22 Ekonomi-utskottets
665 394 156 24 förberedande

70 429 139 29 behandling;
225 429 40 22 och
283 429 41 22 har
343 429 72 22 dervid
433 429 69 23 blifvit
516 430 39 22 hos
571 430 103 21 utskottet
688 429 87 29 upplyst
790 432 31 20 att

70 464 132 28 omröstning
216 464 36 22 vid
270 464 99 22 ärendets
387 464 160 29 handläggning
565 464 7 21 i
589 464 121 28 Kejserliga
728 464 92 22 Senaten

68 499 48 21 icke
130 498 108 22 förefallit.

138 533 73 23 Under
226 534 26 21 de
267 534 97 28 kyrkliga
378 534 285 22 samhällsförhållandernas
678 534 120 28 utveckling
812 535 8 21 i

68 568 74 22 landet
163 568 70 26 hafva,
255 568 67 22 redan
344 569 8 21 i
373 569 60 21 äldre
453 569 62 26 tider,
538 569 57 21 inom
619 569 25 21 de
664 569 156 24 vidsträcktare

68 602 194 28 kyrkosamfunden
280 602 97 29 uppstått
395 604 227 28 kapellförsamlingar,
641 603 77 27 hvilka,
738 603 37 22 der
793 604 27 22 de

68 637 122 22 sedermera
208 638 18 27 ej
245 638 70 21 blifvit
328 638 12 21 i
358 638 93 28 kyrkligt
469 638 99 22 afseende
586 638 45 22 helt
649 638 41 21 och
707 637 67 23 hållet
788 638 31 22 af-

68 672 76 29 skiljde
163 671 48 23 från
230 672 40 22 den
289 672 152 28 ursprungliga
455 672 162 29 moderkyrkan,
633 672 133 22 fortfarande
780 674 38 20 äro

68 707 95 29 skyldige
178 709 33 20 att
225 707 85 28 deltaga
328 708 9 21 i
354 707 122 29 byggandet
490 708 41 22 och
545 706 135 23 underhållet
694 707 24 22 af
731 708 67 28 kyrka
811 708 8 21 i

67 742 233 28 moderförsamlingen.
323 742 65 22 Detta
403 741 112 29 åliggande
529 743 41 21 har
585 742 54 22 dock
654 749 76 21 genom
741 742 76 28 Kongl.

67 776 150 22 Resolutionen
236 776 28 28 på
283 777 116 28 allmogens
417 777 76 22 besvär
512 777 41 22 den
572 778 12 20 9
603 776 118 22 December
737 778 53 20 1766
806 778 12 27 &

68 812 26 20 12
112 811 70 22 blifvit
200 811 130 29 begränsadt
348 812 7 20 i
373 810 135 32 förhållande
525 812 34 21 till
577 812 41 21 den
633 811 80 22 storlek
728 812 39 21 och
783 812 35 22 det

67 846 65 26 skick,
151 846 156 28 moderkyrkan
324 845 53 27 haft,
397 845 28 22 dä
442 846 94 28 kapellet
553 846 86 28 byggts;
659 846 40 21 och
718 846 75 22 endast
810 846 8 22 i

67 880 122 28 synnerliga
203 880 38 22 fall
255 881 70 26 hafva,
341 880 36 29 vid
390 881 132 21 inrättandet
537 880 24 22 af
573 888 42 20 nya
625 880 191 28 kapellförsamlin-

67 923 45 20 gar,
128 915 62 23 dessa
204 915 69 23 blifvit
288 915 48 22 från
349 914 164 29 ifrågavarande
527 916 120 28 skyldighet
661 915 103 23 befriade.

134 950 32 22 De
180 950 8 22 i
202 950 41 22 den
253 948 80 30 nådiga
343 951 160 27 propositionen
514 950 128 22 omnämnda
653 957 99 19 annexer,
764 958 52 19 som,

66 984 66 29 enligt
146 985 77 27 Kongl.
239 985 85 21 Brefvet
340 985 40 21 den
396 986 25 20 22
437 984 58 22 Mars
512 986 53 20 1759
581 985 12 27 8
609 986 19 25 4,
641 984 29 28 ,ej
686 984 68 22 borde
768 985 49 21 med

66 1019 127 27 deltagande
207 1020 11 21 i
236 1020 167 27 moderkyrkans
422 1019 99 28 byggnad
540 1020 40 21 och
598 1020 123 26 reparation
743 1019 73 23 besvä-

65 1061 43 18 ras,
123 1053 89 22 såframt
226 1054 47 22 icke
288 1053 234 29 moderkyrkosocknen
532 1053 69 22 tillika
611 1054 81 27 hjelpte
708 1056 107 24 annexet",

64 1089 78 27 utgöra
160 1088 106 28 afskiljda,
285 1088 120 22 oberoende
424 1088 166 28 kyrkosamfund
608 1088 68 21 under
694 1095 122 21 gemensam

64 1122 150 28 pastoralvård
228 1123 48 21 med
287 1122 235 28 moderförsamlingen;
537 1123 41 21 och
589 1122 28 21 då
628 1130 97 14 annexen
735 1122 8 22 i
754 1123 62 27 kyrk-

64 1157 40 27 ligt
118 1157 99 21 afseende
232 1156 34 22 för
280 1155 66 29 öfrigt
360 1156 19 28 ej
395 1164 40 20 ega
448 1156 71 28 någon
534 1156 127 28 gemenskap
673 1156 49 22 med
733 1157 82 21 moder-

64 1190 89 29 kyrkan,
168 1192 59 20 utom
241 1191 8 20 i
264 1191 26 21 de
305 1190 38 22 fall
358 1190 27 22 då
401 1198 69 14 annex
484 1191 40 21 och
538 1190 143 28 moderkyrka
695 1190 75 22 träffat
784 1191 32 21 öf-

64 1225 190 22 verenskommelse
272 1226 32 20 att
321 1225 7 21 i
348 1224 137 22 förenämnde
502 1225 76 21 besvär
593 1224 123 28 ömsesidigt
730 1224 86 22 biträda

64 1259 128 27 hvarandra,
211 1266 61 21 synes
291 1266 106 15 annexens
417 1259 140 22 omförmälda
575 1258 121 28 undantags
715 1259 101 28 ställning

63 1294 34 21 till
119 1293 155 28 moderkyrkan
297 1293 19 28 ej
339 1294 73 21 utöfva
434 1294 101 21 inverkan
557 1292 28 28 på
607 1292 164 22 bedömmandet
793 1294 25 21 af

64 1327 140 21 förevarande
219 1326 67 28 fråga.

131 1360 43 22 Vid
188 1360 165 28 öfvervägandet
367 1360 24 21 af
405 1360 40 21 den
459 1359 79 29 nådiga
551 1360 161 27 propositionen
727 1360 40 21 har
781 1362 33 20 ut-

64 1395 85 27 skottet,
168 1395 155 22 instämmande
340 1395 9 21 i
367 1395 26 21 de
411 1394 33 22 till
462 1394 47 22 stöd
527 1394 35 22 för
581 1394 123 22 densamma
725 1394 91 22 anförda

63 1430 96 26 motiver,
174 1432 70 21 ansett
259 1430 33 28 sig
306 1430 54 22 böra
374 1429 88 23 förorda
475 1428 61 23 bifall
550 1428 33 22 till
598 1428 75 28 sjelfva
688 1429 127 29 stadgandet
