1700 1834
660 188 71 23 Nådiga
742 190 137 21 Propositionen
890 190 34 16 N:o
938 191 15 15 1.
1138 190 21 16 75

431 251 48 21 dem
497 251 174 22 förekommande
688 252 152 27 "hänvisningar
857 252 33 20 till
907 251 69 22 andra
997 253 24 27 8$
1043 252 8 21 i
1072 252 108 28 förslaget,

430 285 150 27 omredigeras.

624 441 236 26 Grundlags-utskottets
873 442 129 20 betänkande
1012 443 37 19 N:o
1061 442 14 20 2
1089 443 11 19 i
1111 442 71 21 anled-

567 476 53 27 ning
635 476 26 28 af
669 474 62 22 Hans
743 475 123 29 Kejserliga
877 475 115 29 Majestäts
1006 476 83 29 nådiga
1099 483 83 21 propo-

567 510 67 20 sition
655 510 109 27 angående
791 510 35 28 lag
842 510 42 28 för
907 509 93 21 åhörare
1023 510 36 21 vid
1081 510 101 21 ständens

567 544 175 20 sammanträden
755 544 68 20 under
835 544 118 28 påstående
969 544 112 29 landtdag.

498 606 161 28 Högstberörda
677 606 78 28 nådiga
773 607 131 27 proposition
919 607 40 21 har
973 607 25 21 af
1010 607 99 27 samtliga
1124 606 57 23 stån-

431 640 41 22 den
486 640 151 22 remmitterats
652 641 32 20 till
699 641 229 27 grundlags-utskottet
942 642 7 20 i
965 642 153 27 sammanhang
1132 642 49 20 med

430 674 79 28 nådiga
530 675 159 27 propositionen
711 674 109 28 angående
841 675 216 28 landtdagsordning,
1075 683 49 13 men
1143 675 38 21 all-

431 709 105 21 denstund
558 709 41 21 den
621 716 74 14 senare
716 710 159 26 propositionen
896 707 63 24 berör
985 708 195 29 grundlagsfrägor,

430 744 110 20 hvaremot
558 744 41 20 den
617 744 59 20 förra
694 742 46 23 åter
758 745 63 26 utgör
839 743 89 22 föremål
946 744 34 20 för
998 744 70 27 vanlig
1089 744 92 27 lagstift-

430 776 145 28 ningsåtgärd,
591 778 40 21 och
650 777 27 21 då
695 778 61 20 äfven
775 779 64 20 sättet
856 778 34 20 för
909 778 164 27 expedierandet
1087 778 24 21 af
1124 780 57 19 stän-

431 812 76 21 dernas
522 812 70 21 beslut
605 812 8 20 i
627 812 106 21 hvardera
747 811 77 28 frågan
839 814 24 19 är
879 812 62 26 olika,
956 812 8 20 i
979 812 53 28 följd
1043 812 78 21 hvaraf
1126 812 54 28 jem-

430 846 34 22 väl
482 846 65 21 skildt
564 853 49 14 svar
631 845 13 22 å
662 846 105 21 hvardera
785 846 40 21 bör
843 846 108 26 aflemnas,
966 846 40 21 har
1021 846 159 28 grundlags-ut-

430 880 79 22 skottet
524 882 69 20 ansett
608 881 32 27 sig
654 880 53 21 böra
722 880 79 28 afgifva
816 880 100 22 särskildt
934 880 135 22 betänkande
1086 881 8 20 i
1109 881 71 21 anled-

430 915 51 28 ning
496 914 24 22 af
532 914 139 23 förevarande
686 914 34 22 del
735 915 24 21 af
771 914 78 29 nådiga
863 915 166 28 propositionen.

414 977 3 1 |
498 949 109 21 Utskottet
621 950 40 20 har
676 949 84 22 erhållit
775 949 34 21 del
827 949 24 21 af
868 949 35 21 det
917 949 35 22 vid
971 949 97 22 ärendets
1086 949 95 22 behand-

430 984 44 27 ling
488 984 8 21 i
511 984 118 27 Kejserliga
645 983 91 22 Senaten
751 983 62 22 förda
827 983 112 28 protokoll,
953 984 39 21 och
1003 983 62 22 deraf
1078 984 104 21 inhemtat

431 1019 32 20 att
483 1017 71 28 någon
573 1018 130 27 omröstning
721 1018 8 20 i
746 1017 119 28 Kejserliga
887 1017 92 22 Senaten
999 1018 8 20 i
1029 1018 70 30 denna
1119 1017 63 28 fråga

430 1052 47 21 icke
492 1054 36 25 egt
542 1059 54 14 rum.

498 1086 62 21 Hvad
579 1086 74 27 sjelfva
666 1085 139 28 lagförslaget
820 1085 67 28 angår
900 1086 41 21 har
955 1085 70 28 någon
1041 1086 141 27 anmärkning

432 1120 95 21 deremot
540 1121 47 20 icke
602 1120 67 27 gjorts
683 1120 58 21 inom
756 1120 109 26 utskottet,
880 1120 105 26 hvarföre,
1001 1121 39 20 och
1055 1119 28 22 då
1100 1120 81 21 utskot-

431 1156 31 20 tet
480 1161 62 16 anser
560 1162 27 13 en
605 1153 66 22 sådan
689 1154 36 27 lag
738 1161 52 14 vara
805 1154 24 21 af
841 1154 98 21 behofvet
953 1153 106 28 påkallad,
1075 1161 35 14 om
1125 1153 57 22 stån-

432 1189 51 20 dens
498 1188 167 28 förhandlingar,
679 1187 29 28 på
726 1189 43 20 sätt
786 1188 8 20 i
811 1188 102 27 förslaget
931 1188 32 21 till
977 1188 205 27 landtdagsordning

432 1224 24 19 är
470 1222 120 27 föreslaget,
609 1223 65 20 blifva
692 1222 115 27 offentliga,
827 1222 228 27 grundlags-utskottet
1073 1222 109 21 vördsamt

431 1256 116 27 tillstyrker
565 1257 130 26 antagandet
716 1256 24 21 af
759 1255 162 28 ifrågavarande
942 1256 81 27 förslag
1041 1256 32 21 till
1091 1256 36 27 lag
1148 1256 34 21 för

433 1289 90 22 åhörare
538 1290 35 21 vid
588 1289 100 22 ståndens
703 1290 177 21 sammanträden.
