1006 1681
228 118 33 15 420
434 116 71 22 Nädiga
517 116 134 22 Propositionen
662 115 34 17 N:o
709 116 15 16 9.

206 180 23 21 af
246 180 84 21 arbetet
346 179 41 21 slik
405 179 119 28 skyldighet
534 177 90 23 fördela
642 179 55 20 samt
715 179 33 20 att
767 184 35 14 om
815 177 139 27 rensningens

205 213 157 22 verkställande
376 215 99 20 närmare
489 213 108 22 förordna.

407 288 31 21 Om
452 288 91 27 sänkning
557 287 22 22 af
591 288 27 27 sjö
634 287 44 21 eller
693 288 60 21 ström.

275 335 12 27 &
304 336 32 19 19.
365 334 53 25 Den,
434 341 46 14 som
493 334 37 21 vill
544 333 34 23 för
592 333 106 22 vinnande
713 333 24 21 af
748 332 128 28 tillandning
890 331 68 22 sänka

207 371 123 26 vattenytan
348 368 51 22 eller
414 368 33 22 för
463 370 66 20 annat
546 367 100 22 ändamål
665 375 75 20 genom
759 367 64 22 kana!
841 367 51 22 eller
910 369 47 25 nytt

208 403 71 28 afiopp
294 403 70 22 afleda
378 405 82 19 vattnet
473 403 8 20 i
496 403 31 27 sjö
543 402 51 21 eller
608 403 72 25 ström,
696 402 55 21 skall
766 409 51 14 vara
832 402 83 29 skyldig
926 403 32 20 att

207 438 97 27 iakttaga
322 438 26 21 de
366 437 67 22 vilkor
452 437 40 21 och
509 437 139 25 föreskrifter,
667 444 46 14 som
731 437 40 20 här
789 436 118 22 nedanföre
921 435 36 22 be-

209 474 109 20 stämmäas.

276 516 12 27 8
304 516 33 21 20.
368 515 57 28 Vilja
440 515 114 28 jordegare
564 513 115 23 verkställa
689 513 91 29 fällning
791 513 23 22 af
823 513 71 28 någon
905 513 52 23 min-

209 550 37 21 dre
265 550 38 27 sjö,
323 557 45 14 som
391 550 36 21 hel
445 550 40 21 och
503 549 70 22 hällen
592 550 48 21 dem
658 549 79 25 tillhör,
756 549 41 21 och
815 549 43 21 kan
877 549 82 21 vattnet

208 583 95 23 derifrän
321 583 79 23 afledas
419 591 76 20 genom
512 584 61 26 bäck,
592 584 31 21 uti
641 584 84 21 hvilken
740 582 123 28 kungsädra
875 583 85 27 jemlikt

210 620 25 20 13
252 619 11 27 &
278 618 47 22 icke
339 618 102 21 behöfver
455 618 69 22 hållas
539 620 76 26 öppen,
631 618 51 22 eller
698 617 126 22 annorledes
840 616 24 23 sä
879 619 32 19 att
922 625 37 13 an-

208 660 54 14 nans
277 654 44 20 rätt
336 654 18 27 ej
371 653 121 27 derigenom
506 653 126 26 förnärmas,
648 652 35 21 mä
698 652 26 21 de
739 654 53 19 utan
806 652 101 21 särskildt
917 652 43 21 till-

208 687 64 22 ständ
289 687 117 28 fällningen
425 687 78 22 utföra.
532 687 74 21 Likväl
620 687 60 26 skall,
696 686 73 21 förrän
785 687 82 20 arbetet
881 686 78 28 begyn-

209 729 43 19 nes,
272 722 99 21 anmälan
390 722 73 21 derom
485 723 63 26 göras
566 722 39 21 hos
623 720 159 23 vederbörande
800 721 159 27 Distriktsinge-

209 756 54 26 niör,
277 751 36 38 vid
318 757 112 27 äfventyr,
446 763 46 15 som
507 757 11 27 &
536 757 24 20 16
576 755 124 22 innehåller.

277 800 12 27 &
306 801 32 19 21.
368 799 10 21 I
396 799 70 27 öfriga
483 799 39 21 fall
536 798 35 22 mä
585 797 71 29 någon
671 798 122 28 sjöfällning
808 798 51 22 eller
873 806 28 21 ny
915 800 45 20 vat-

210 833 122 28 tenledning
346 834 46 21 icke
406 833 108 28 företagas
529 835 53 20 utan
596 833 96 21 tillstånd
706 833 24 22 af
742 833 161 22 vederbörande
917 833 43 21 Gu-

210 869 82 21 vernör.
323 867 33 22 Dä
374 868 118 27 ansökning
511 868 73 21 derom
603 869 67 25 göres,
690 875 50 20 eger
759 867 137 23 Guvernören
914 868 47 21 icke

210 902 90 22 allenast
318 902 102 22 förordna
436 903 119 26 sakkunnig
570 909 50 14 man
636 903 32 20 att
682 909 38 20 syn
735 901 29 28 pä
779 902 70 21 stället
863 902 98 26 förrätta,

210 936 71 21 såsom
296 936 74 21 derom
384 936 101 22 särskildt
499 935 135 22 föreskrifvet
649 937 30 24 är,
694 938 53 19 utan
763 937 44 25 ock,
824 936 65 22 sedan
901 943 59 20 syne-

210 971 149 21 instrumentet
377 971 120 25 inkommit,
517 978 75 21 genom
611 970 127 28 kungörelse
756 970 71 22 lemna
845 971 43 21 alla
907 971 54 27 dem,

211 1012 45 15 som
274 1006 66 21 saken
357 1006 43 20 kan
418 1004 61 29 angä,
498 1005 84 22 tillfälle
601 1007 32 19 att
651 1006 33 20 sin
702 1006 44 20 rätt
764 1005 82 21 bevaka
865 1006 39 21 och
922 1006 40 20 bör

208 1040 79 27 jemväl
309 1040 100 22 särskildt
431 1040 147 21 kronoombud
600 1039 157 26 tillförordnas,
780 1040 70 21 derest
869 1040 36 21 det
923 1040 38 21 all-

210 1076 90 20 männäs
318 1074 69 22 fördel
404 1076 26 19 är
448 1074 24 21 af
484 1074 76 28 frågan
575 1074 112 21 beroende.
718 1074 71 22 Sedan
803 1074 159 22 vederbörande

211 1108 197 29 Distriktsingeniör
427 1108 61 26 eller,
508 1108 27 22 dä
556 1107 77 23 sädant
651 1108 73 28 nödigt
742 1110 34 24 är,
796 1100 166 41 Öfverstyrelsen

211 1142 34 22 för
260 1145 50 25 väg-
325 1143 40 21 och
379 1143 307 21 vattenkommunikationerne
696 1142 71 22 blifvit
780 1144 8 20 i
803 1144 88 21 ärendet
901 1144 60 25 hörd,

212 1178 55 27 gifve
283 1178 137 21 Guvernören
440 1177 44 22 deri
502 1178 83 26 slutligt
602 1178 77 27 utslag,
698 1178 112 21 hvaröfver
825 1178 76 22 besvär
916 1178 22 22 få
955 1179 8 20 i

211 1212 71 26 vanlig
297 1212 89 26 ordning
401 1211 103 27 fullföljas
517 1212 32 20 uti
564 1211 102 21 Senatens
677 1212 284 27 Ekonomie-Departement.

211 1245 146 27 Uppkommer
374 1246 50 20 tvist
446 1244 109 28 angående
576 1244 116 28 företagets
715 1245 128 27 förenlighet
860 1246 49 20 med
928 1246 35 20 det

211 1279 119 21 allmännas
349 1278 51 21 eller
418 1278 92 22 enskilds
532 1278 79 28 lagliga
629 1280 53 25 rätt,
701 1279 66 21 varde
784 1279 65 21 saken
867 1280 7 20 i
893 1280 70 21 denna

212 1313 34 22 del
263 1313 55 21 först
334 1313 33 21 till
386 1312 100 23 domstols
506 1313 117 27 afgörande
641 1313 134 28 hänskjuten.
803 1314 50 21 Kan
872 1314 18 28 ej
907 1314 54 22 före-

211 1350 60 26 taget
288 1348 89 26 utföras,
395 1350 52 20 utan
465 1350 33 20 att
515 1348 123 22 vattenverk
656 1348 153 22 undanskaffas
825 1349 51 21 eller
891 1349 71 22 förän-

212 1384 50 21 dras
281 1383 51 21 eller
347 1384 31 20 att
394 1383 56 27 jord,
470 1390 46 14 som
529 1383 74 21 tillhör
618 1390 76 20 annan,
709 1383 69 22 mäste
792 1383 34 23 för
841 1383 122 23 ändamälet

213 1417 72 27 afstäs,
304 1418 40 22 bör
359 1418 88 21 ärendet
464 1418 140 22 underkastas
622 1417 66 22 sådan
706 1418 137 29 behandling,
862 1426 46 16 som
925 1426 37 15 ne-

213 1452 87 22 danföre
315 1453 7 21 i
338 1454 27 19 34
380 1452 40 22 och
434 1452 95 28 följande
540 1453 24 27 $$
578 1452 68 22 finnes
661 1452 144 22 föreskrifven.
