1003 1689
199 100 32 16 250
402 99 72 22 Nädiga
485 100 136 22 Propositionen
633 100 35 16 N:o
682 101 16 14 4.

174 169 46 15 som
238 162 25 21 af
279 162 91 22 den-till
387 162 83 21 landets:
488 169 30 14 nu
536 162 129 21 församlade
684 161 92 22 Ständer
794 162 80 28 afgifna
889 162 36 23 be-

173 197 88 21 rättelse
279 204 34 14 om
332 196 118 28 Styrelsens
468 196 142 28 tillgöranden
628 196 8 21 i
654 196 114 29 anledning
787 197 24 21 af
823 197 101 22 Ständer-

173 238 39 14 nas
231 231 35 21 vid
285 231 99 22 sednaste
401 231 104 27 landtdag
527 231 80 21 fattade
629 230 71 22 beslut
721 238 63 14 mom.
806 232 28 20 44
855 238 69 21 synes,

173 265 69 22 täckts
257 267 8 20 i
283 265 66 22 nåder
367 265 101 26 förklara,
483 267 32 21 att
530 265 42 22 den
586 265 76 21 väckta
677 264 77 30 frågan
769 273 34 14 om
821 266 104 27 utvidgad

173 300 166 27 religionsfrihet
353 300 40 21 och
406 300 142 21 utarbetande
564 299 24 22 af
600 299 80 28 förslag
695 300 33 21 till
743 300 124 28 fullständig
883 300 40 22 dis-

173 335 107 27 senterlag
299 334 54 21 skall
371 333 67 27 anstå,
460 334 103 21 intilldess
586 334 35 21 det
643 341 42 20 nya
707 334 218 28 kyrkolagsförslaget

172 369 69 22 blifvit
263 369 99 28 slutligen
383 369 116 28 granskadt
520 369 40 21 och
582 370 86 26 antaget
690 371 56 20 samt
763 369 74 22 vunnit
857 368 68 30 nådig

173 404 142 21 stadfästelse.

239 438 75 21 Ehuru
329 438 40 20 den
380 437 170 28 religionsfrihet,
563 444 45 14 som
620 437 40 22 den
671 445 42 21 nya
724 438 130 28 kyrkolagen
867 437 56 29 åsyf-

172 475 40 24 tar,
227 473 56 21 först
298 472 27 22 dä
339 472 42 21 kan
395 472 30 22 bli
440 472 38 21 full
494 472 125 28 verklighet,
634 474 40 20 när
685 480 27 14 en
723 472 148 29 dissenterlag,
887 480 36 14 en-

172 508 39 27 ligt
235 508 26 21 E.
286 508 26 20 K.
337 506 50 22 M:ts
408 506 79 28 nådiga
512 507 58 26 löfte,
600 506 88 22 kommit
709 507 33 21 till
768 506 69 27 stånd,
859 508 65 22 hafva

173 542 120 22 Ständerna
308 542 53 20 dock
376 544 75 24 ansett,
467 543 32 19 att
516 541 67 21 redan
600 548 36 20 nu,
652 542 34 21 vid
704 542 143 27 kyrkolagens
862 544 61 20 anta-

173 577 68 28 gande
260 577 43 21 och:
318 576 65 21 innan
404 576 122 21 densamma
547 576 32 20 till
601 573 125 24 efterlefnad
744 576 123 27 fastställes,
885 577 38 21 be-

171 613 102 20 stämmas
287 610 73 27 borde,
376 612 31 20 att
422 610 42 21 alla
479 610 25 21 de
520 610 149 27 stadganden
662 606 9 36 i
682 610 108 21 allmänna
803 610 63 28 lagen
881 611 42 21 och

171 646 70 28 öfriga
255 645 157 28 författningar,
428 652 46 14 som
488 644 48 22 från
554 647 79 19 statens
652 644 46 22 sida
716 644 64 28 lägga
798 645 75 21 hinder
887 645 35 21 för

171 680 197 28 religionsfriheten,
385 679 60 22 skola
458 679 151 28 undanrödjas.
629 675 7 38 *
639 679 73 21 Under
728 679 68 22 denna
810 680 113 29 förutsätt-

171 716 51 26 ning
236 714 64 22 hafva
315 714 119 22 Ständerna
448 713 111 22 verkställt
574 714 156 27 granskningen
742 712 23 22 af
776 714 35 21 det
821 722 29 13 nu
865 714 55 21 före-

171 750 64 27 lagda
250 749 102 28 förslaget
365 749 34 21 till
412 748 103 28 kyrkolag
530 749 40 21 och
584 747 22 22 fä
621 748 24 21 af
658 747 67 22 sädan
739 748 114 28 anledning
863 749 8 21 i
881 756 40 14 un-

173 784 139 28 derdänighet
326 783 122 22 hemställa:

308 826 33 14 om
358 818 52 26 icke,
433 819 5 19 i
456 818 152 28 sammanhang
630 818 48 20 med
699 818 132 28 utfärdande
850 818 28 28 af
887 825 34 34 ny

308 852 110 30 kyrkolag,
433 852 99 29 följande
552 853 90 27 lagrum,
664 852 120 28 nemligen:
801 851 58 22 1686
881 852 38 21 års

307 887 110 35 kyrkolag,
433 886 15 21 3
467 887 38 21 och
522 886 13 21 4
555 887 26 28 $$
599 886 11 20 1
625 886 48 28 kap.
688 886 32 21 M.
734 886 35 27 B.,
784 886 12 21 4
811 887 12 27 $
841 884 14 23 7
869 886 51 28 kap.

305 918 29 24 Ä.
353 922 33 26 B.,
405 921 79 28 Kongl.
502 921 103 21 Plakatet
626 921 41 20 den
688 920 27 21 12
736 903 96 38 Januari
853 919 66 28 1726,

305 956 76 21 Riksd.
397 956 73 21 beslut.
486 956 40 21 den
541 955 23 20 14
578 955 115 20 December
708 953 62 28 1734,
782 956 12 27 $
807 954 19 27 8,
838 954 80 29 Kongl.

297 991 117 21 *Förordn.
433 991 41 20 den
490 989 32 22 20
540 990 62 20 Mars
620 987 62 28 1735,
699 991 12 27 $
726 989 18 27 4,
761 989 78 29 Kongl.
857 989 62 29 Bref-

306 1033 39 14 ven
360 1025 40 22 den
415 1024 13 21 8
443 1025 49 28 Maj
506 1023 60 28 1731,
582 1025 40 20 den
643 1022 13 22 7
674 1025 55 20 Juni
746 1023 65 28 1733,
831 1025 41 21 den
889 1023 30 22 24

305 1061 49 20 Juli
371 1058 65 29 1739,
455 1060 40 21 den
512 1059 29 20 24
558 1058 96 21 Januari
671 1057 63 28 1740,
758 1059 40 21 den
819 1057 32 22 29
868 1059 50 28 Maj

305 1093 59 27 1751,
387 1094 39 21 den
448 1093 31 21 23
500 1093 54 21 Juni
575 1091 62 27 1752,
661 1093 109 29 äfvensom
792 1093 19 28 ej
832 1093 86 21 mindre

305 1129 79 28 Kongl.
399 1127 108 22 Förordn.
523 1128 41 21 den
578 1126 28 21 24
619 1127 97 21 Januari
731 1125 53 22 1781
799 1128 28 19 än
843 1127 75 29 öfriga

306 1163 132 28 stadganden
454 1163 39 20 och
501 1162 174 29 författningar,
694 1161 72 21 sävidt
784 1161 24 21 de
823 1161 45 21 icke
885 1163 32 28 öf-

305 1199 166 20 verensstämma
488 1197 48 20 med
553 1196 41 21 den
611 1196 140 29 uppfattning
766 1195 25 30 af
803 1196 115 29 religions-

299 1232 105 29 friheten,
426 1239 44 12 som
491 1232 9 19 i
522 1230 222 28 kyrkolagsförslaget
766 1230 74 27 hyllas,
863 1231 52 20 eller

298 1266 42 28 för
355 1266 69 29 öfrigt
439 1265 33 20 stä
486 1265 10 20 i
510 1264 57 21 strid
585 1264 47 21 med
650 1264 117 21 detsamma
785 1263 78 21 sådant
881 1264 36 21 det

305 1299 42 22 kan
362 1300 68 29 blifva
444 1299 25 30 af
483 1299 63 28 begge
561 1297 167 22 statsmakterna
744 1301 93 25 antaget,
848 1299 68 20 måtte

297 1335 43 29 för
349 1334 124 30 framtiden
487 1333 99 28 upphöra
601 1336 33 17 att
648 1340 54 14 vara
716 1332 108 29 gällande.

237 1370 32 21 De
277 1369 166 28 anmärkningar
453 1369 7 20 i
472 1368 71 28 öfrigt,
554 1367 71 23 hvilka
636 1367 157 28 granskningen
804 1367 24 22 af
837 1367 77 28 kyrko-

168 1405 150 28 lagsförslaget
336 1405 7 20 i
361 1404 48 21 dess
427 1403 99 22 särskilta
545 1403 60 22 delar
622 1402 113 26 föranledt,
751 1401 86 23 anhålla
851 1402 63 22 Stän-

169 1441 66 21 derna
248 1440 8 20 i
270 1438 169 28 underdånighet
453 1439 32 19 att
499 1436 22 22 få
535 1438 40 21 här
590 1437 116 22 nedanföre
721 1436 127 22 framställa:
