1011 1695
198 115 32 16 112
404 111 72 24 Nådiga
486 113 137 22 Propositionen
634 113 35 17 N:o
680 113 16 16 2.

174 177 41 22 och
230 176 70 28 öfriga.
313 175 114 27 förmåner,
442 175 25 23 af
479 175 41 22 den
534 175 147 23 beskaffenhet
695 175 41 22 och
750 175 26 23 de
791 175 56 29 slag,
862 176 62 22 hvar-

175 218 35 15 om
224 211 8 21 i
246 211 60 21 förra
319 217 63 15 mom.
398 210 24 21 af
436 211 11 20 1
463 210 12 28 &
490 209 106 22 förmäles.

241 239 34 28 De
293 244 84 28 anslag,
392 251 47 15 som
456 243 29 29 pä
502 244 69 28 grund
589 244 25 21 af
628 245 10 20 1
655 244 39 22 och
713 245 13 20 2
744 245 25 28 $$
788 246 55 21 samt
857 244 70 23 denna

176 280 12 28 8
202 278 59 29 titgä,
276 279 60 22 skola
350 277 29 30 pä
392 279 183 28 indragningsstat
589 278 109 28 uppföras.

527 334 12 27 8
555 335 19 20 4.

242 374 76 28 Tredje
336 374 96 29 punkten
448 374 8 21 i
474 373 169 23 Presteständets
661 374 121 28 privilegier
799 374 25 22 af
840 374 40 23 den
900 376 26 21 16

175 409 95 22 Oktober
287 410 53 28 1723
355 408 68 29 gäller
437 408 132 22 fortfarande
583 408 32 22 till
630 407 83 23 förmån
724 408 34 22 för
769 409 48 21 dem
828 409 24 21 af
865 408 62 23 Stän-

174 444 42 26 det,
231 451 46 15 som
290 445 39 20 äro
343 443 8 22 i
365 443 186 28 församlingarnes
566 443 65 28 tjenst
645 443 74 22 stadde
733 444 41 21 och
788 443 36 23 lön
838 444 24 21 af
878 444 48 22 dem

173 478 106 28 uppbära,
297 478 110 21 hvaremot
424 477 137 22 innehafvare
583 477 24 22 af
627 477 160 28 prestetjenster
803 479 49 21 med
874 478 52 22 aflö-

173 513 51 27 ning
242 511 30 30 pä
289 512 78 21 allmän
386 514 48 25 stat,
453 511 70 23 säsom
543 514 83 26 prester
644 512 34 22 vid
700 513 149 21 militärstaten
871 515 56 20 samt

174 547 108 22 allmänna.
296 547 110 27 fängelse-,
422 545 120 30 sjukvärds-
561 547 41 21 och
620 547 220 28 arbetsinrättningar,
855 547 72 23 äfven-

175 588 47 23 som
235 581 128 28 tjenstemän
376 581 36 22 vid
427 581 154 26 Universitets-,
593 581 113 28 gymnasii-
721 581 41 22 och
777 582 149 27 skolstaterna,

174 616 72 22 hvilka
267 615 108 28 likaledes,
398 616 68 21 ehuru
487 616 95 22 hörande
603 616 34 21 till
657 615 164 28 Presteständet,
844 616 84 29 ätnjuta

174 651 36 22 lön
224 651 25 22 af
261 651 129 26 statsmedel,
406 652 44 25 äro,
465 651 44 21 lika
522 651 49 22 med
585 651 126 28 tjenstemän
728 650 30 29 pä
775 651 79 22 allmän
869 651 57 22 civil-

174 687 50 25 stat,
242 685 162 22 föreskrifterna
422 686 8 21 i
448 685 69 22 denna
538 686 134 28 Förordning
692 686 163 27 underkastade,
877 694 50 14 men

175 720 38 22 der
227 719 72 30 nägon
316 719 25 22 af
357 720 48 22 dem
423 720 69 21 tillika
509 721 89 21 innehar
616 719 66 23 sädan
700 721 165 28 prestlägenhet,
880 728 47 15 som

173 755 47 22 icke
238 755 25 21 är
284 753 30 29 pä
335 755 79 21 allmän
436 756 44 20 stat
500 755 99 28 uppförd,
621 755 59 28 njute
702 755 44 22 han
766 756 9 21 i
796 755 99 23 afseende
913 755 14 23 &

173 796 83 15 samma
270 789 100 29 lägenhet
384 789 119 28 privilegiet
516 789 95 29 tillgodo.

527 845 12 28 8
555 846 19 20 5.

242 884 30 23 Sä
285 884 63 29 länge
363 885 76 28 anslag
452 884 35 22 för
502 885 81 22 embete
597 885 52 22 eller
662 886 66 28 tjenst
738 884 29 30 pä
777 885 148 30 indragnings-

173 920 45 21 stat
231 918 70 30 utgår,
317 920 77 21 fortfar
408 920 42 21 den
464 927 45 14 som
523 920 25 22 af
560 927 81 15 samma
656 920 81 22 embete
752 920 52 22 eller
814 921 65 28 tjenst
889 928 36 15 va-

174 954 29 21 rit
217 954 143 26 innehafvare,
375 956 32 19 att
421 954 68 22 räkna
503 954 102 28 tjensteär
623 955 40 21 och
680 962 52 14 vara
748 955 122 29 berättigad
885 957 39 25 att,

172 988 54 22 efter
244 988 127 29 skicklighet
388 989 40 22 och
446 988 104 29 förtjenst,
569 990 64 21 vinna
650 990 116 22 befordran
784 990 51 22 eller
854 992 69 20 trans-

174 1025 50 26 port
238 1023 33 22 till
285 1031 71 14 annan
370 1024 126 28 befattning.

525 1070 12 28 8
553 1072 18 20 6.

240 1110 97 22 Embets-
352 1110 52 21 eller
418 1110 133 28 tjensteman,
566 1117 46 15 som
627 1110 65 28 enligt
708 1110 69 22 denna
791 1110 134 30 Förordning

172 1142 95 30 åtnjuter
285 1144 74 28 anslag
377 1143 29 29 pä
423 1144 188 28 indragningsstat,
630 1146 25 20 är
675 1145 8 21 i
704 1144 116 22 allmänhet
841 1145 84 29 skyldig

172 1180 40 24 att,
228 1186 35 14 om
277 1178 78 22 honom
369 1177 30 29 pä
413 1186 81 14 samma
509 1181 40 25 ort,
565 1176 37 25 der
616 1179 43 21 han
677 1180 33 21 sin
727 1180 105 28 indragna
845 1180 79 22 hefatt-

173 1213 52 27 ning
243 1212 88 26 utöfvat,
350 1213 52 21 eller
420 1213 40 21 ock
478 1213 37 21 der
533 1214 43 20 han
593 1214 25 20 är
639 1213 77 27 bosatt,
739 1221 71 15 annan
830 1214 94 22 likartad

172 1246 40 21 och
228 1246 40 21 den
286 1246 61 21 förra
364 1246 47 21 icke
428 1247 151 21 underordnad
596 1247 66 26 tjenst
679 1247 85 21 anvisas
782 1248 52 20 eller
852 1248 71 27 erbju-

172 1279 44 26 des,
230 1279 8 20 i
253 1279 41 21 den
312 1279 91 27 ordning
422 1279 91 22 Senaten
530 1279 35 22 för
582 1280 91 21 Finland
691 1280 57 26 eller,
767 1280 8 21 i
793 1281 99 21 afseende
911 1280 14 23 å

171 1320 102 21 personer
291 1313 96 22 hörande
405 1313 32 21 till
454 1313 135 28 krigsstaten,
607 1313 160 23 vederbörande
784 1315 140 22 militärbefäl

171 1355 51 21 eger.
240 1348 73 22 derom
331 1348 108 27 förordna,
454 1347 67 23 sådan
538 1349 121 28 befattning
674 1349 98 22 tillträda
790 1349 40 22 och
847 1350 8 21 i
869 1349 54 29 följd

171 1383 63 27 deraf
249 1381 57 24 -afstä
324 1383 98 28 anslaget
438 1382 30 28 pä
485 1383 191 28 indragningsstat;
694 1384 89 21 hvarvid
800 1384 43 21 han
861 1384 62 27 dock,

170 1417 49 28 ifall
234 1418 36 21 lön
289 1418 40 22 och
343 1418 70 27 öfriga
426 1417 109 22 förmåner
549 1418 35 21 vid
599 1418 41 21 den
653 1425 43 22 nya
710 1418 92 29 tjensten
816 1420 39 21 äro
868 1419 54 22 min-

171 1452 37 22 dre
226 1453 28 20 än
272 1452 36 21 vid
326 1451 40 22 den
385 1452 59 21 förut
461 1452 121 27 innehafda,
597 1452 95 26 kommer
710 1454 32 21 att
760 1453 34 22 för
812 1453 111 23 skilnaden

949 725 11 15 W
