1009 1695
442 341 35 31 11.

273 416 68 23 Hans
355 416 154 30 Kejserliga
523 417 140 29 Majestäts
682 416 83 29 Nädiga
778 417 51 22 Pro-

215 451 93 29 position
332 451 35 22 till
391 451 103 23 Finlands
520 451 103 28 Ständer,
644 451 112 29 angäendö
778 458 51 22 upp-

215 486 109 22 häfvande
343 486 25 22 af
383 485 119 23 dödsstraff
519 486 35 22 för
572 486 113 28 åtskilliga
699 486 61 22 brott
774 486 56 22 samt

217 520 136 23 afskaffande
372 520 25 22 af
412 520 58 23 vissa
491 520 102 23 hitintills
612 520 128 29 begagnade
758 520 70 23 straff-

216 555 63 23 arter
293 555 40 25 och
348 555 63 22 deras
426 555 124 29 ersättning
564 561 76 23 genom
655 555 70 23 andra
738 555 71 23 straff.

148 618 38 22 Uti
204 626 26 14 en
249 618 33 21 till
296 618 82 22 landets
394 618 91 22 Ständer
498 618 36 22 vid
548 618 98 22 sednaste
660 618 103 28 landtdag
778 618 51 22 aflä-

80 656 37 20 ten
134 653 136 27 Proposition
288 653 40 21 har
342 653 59 21 Hans
415 653 120 27 Kejserliga
549 653 100 27 Majestät
663 652 117 22 framhällit
793 653 36 22 be-

80 688 72 22 hofvet
167 688 24 21 af
202 695 29 21 ny
246 687 97 28 strafflag
356 687 34 21 för
404 688 91 21 Finland
510 688 40 21 och
560 687 76 28 begärt
647 687 130 22 Ständernas
788 689 42 27 ytt-

81 723 67 22 rande
162 723 58 21 öfver
236 724 30 20 ett
280 722 117 28 uppgjordt
411 722 86 28 förslag,
510 729 45 15 som
565 722 9 21 i
584 722 120 22 hänseende
714 722 34 22 till
759 722 70 22 straff-

81 760 59 20 arter
155 758 39 22 och
210 758 68 28 öfriga
293 757 107 22 allmänna
414 757 159 28 bestämningar
584 757 67 22 borde
662 757 34 21 för
707 757 123 21 densamma

80 794 75 27 läggas
173 793 33 21 till
224 792 78 28 grund;
322 792 39 22 och
380 792 65 22 sedan
460 792 120 22 Ständerna
593 793 32 21 uti
640 792 86 28 afgifvet
740 800 49 14 svar
804 792 26 21 de

80 828 122 27 föreslagna
211 826 127 28 grunderna
353 827 99 27 godkänt,
467 827 40 21 har
522 827 59 21 Hans
595 826 119 28 Kejserliga
728 826 102 28 Majestät

80 863 8 21 i
106 861 72 23 Näder
196 861 111 22 förordnat
326 868 34 14 om
374 861 132 21 tillsättande
521 861 24 21 af
558 868 26 14 en
598 861 78 21 komit6
690 861 34 21 för
738 861 92 21 nämnde

81 897 48 27 lags
139 895 142 22 utarbetande
291 896 7 21 i
310 895 216 22 öfverensstämmelse
536 895 49 22 med
597 895 26 22 de
633 895 121 22 fastställda
765 902 63 21 grun-

82 927 73 36 derna.
554 933 3 4 N

150 965 69 22 Jemte
233 965 126 22 förberörda
372 965 136 28 Proposition
522 965 40 21 har
576 965 60 21 Hans
650 965 120 28 Kejserliga
784 964 45 21 Ma-

79 1001 72 27 jestät,
170 1000 34 21 för
222 1002 32 19 att
272 1000 54 21 efter
343 1000 137 27 möjligheten
497 1000 67 21 redan
581 999 91 28 tidigare
687 999 96 28 afhjelpa
798 998 31 22 ät-

82 1035 85 28 skilliga
181 1035 24 21 af
216 1035 108 21 bristerna
337 1035 8 21 i
360 1035 40 21 den
415 1035 99 27 gällande
528 1033 175 28 brottmälslagen
718 1034 41 21 och
773 1034 56 27 isyn-

81 1071 75 21 nerhet
175 1070 53 26 dem,
247 1078 46 14 som
310 1069 92 29 härflyta
419 1069 48 22 från
486 1069 47 22 dess
548 1068 121 22 föråldrade
684 1068 145 28 straffsystem,

81 1105 34 21 för
137 1105 119 21 Ständerna
277 1104 101 28 framlagt
401 1104 91 22 särskild
514 1104 144 27 Proposition,
681 1102 149 22 innehällande

81 1139 81 28 förslag
180 1138 32 22 till
230 1139 126 27 författning
376 1146 34 14 om
425 1138 131 22 afskaffande
571 1138 24 21 af
607 1138 56 21 vissa
677 1138 7 20 i
699 1138 62 27 lagen
776 1145 54 19 upp-

81 1175 67 26 tagna
166 1172 120 23 straffarter
305 1173 39 21 och
360 1173 61 21 deras
436 1172 122 22 ersättande
572 1172 116 21 tillsvidare
703 1179 75 20 genom
793 1178 37 14 an-

82 1208 49 26 dra,
150 1214 60 14 mera
230 1207 114 27 tidsenliga
362 1206 70 26 straff,
451 1207 84 21 hvilken
553 1206 127 27 författning
697 1206 83 21 komme
799 1207 31 19 att

81 1242 60 21 bilda
159 1248 26 15 en
204 1240 114 28 öfvergäng
336 1240 48 22 frän
403 1241 41 21 den
461 1248 29 14 nu
510 1241 97 27 gällande
621 1240 33 21 till
669 1240 41 21 den
724 1239 106 22 blifvande

82 1275 138 28 strafilagens
235 1275 137 27 stadganden.

150 1310 72 26 Enligt
238 1310 58 20 detta
311 1310 88 20 sednare
410 1309 80 26 förslag
502 1309 68 20 skulle
582 1308 145 21 dödsstraffets
738 1308 92 26 tillämp-

82 1343 51 27 ning
148 1343 7 20 i
170 1342 26 21 de
210 1342 62 21 flesta
286 1343 31 20 uti
332 1343 62 26 lagen
409 1342 111 21 bestämda
534 1342 38 21 fall
586 1342 85 21 komma
683 1344 31 19 att
725 1341 105 27 upphöra,

81 1375 50 23 men
150 1377 58 21 detta
221 1375 65 23 straff
298 1376 64 21 likväl
377 1376 34 21 för
426 1375 68 28 några
509 1375 61 22 svåra
584 1376 166 27 missgerningar
762 1375 69 22 varda

82 1410 122 23 bibehållet.
235 1410 119 23 Ständerna
372 1410 64 23 hafva
454 1408 96 24 deremot
567 1410 55 22 varit
637 1410 24 21 af
674 1410 40 21 den
730 1400 55 42 äsigt
795 1404 48 27 att

84 1446 137 23 dödsstraffet
241 1446 67 22 borde
330 1445 44 22 helt
396 1445 39 22 och
456 1444 67 23 hållet
544 1445 34 21 för
600 1445 113 22 framtiden
731 1444 101 22 afskaffas
