1003 1686
298 115 71 24 Nädiga
380 117 136 22 Propositionen
527 117 34 18 N:o
574 118 16 16 4.
761 118 32 17 253

136 178 51 22 Dels
201 178 33 22 till
248 179 53 27 följd
316 179 25 22 af
353 180 40 21 den
411 180 125 28 förändring
550 180 12 28 &
579 181 39 20 102
634 179 90 23 sälunda
738 180 76 22 under-

69 212 51 30 gått,
140 214 44 21 dels
202 214 49 21 med
269 214 99 22 afseende
383 213 13 22 å
412 214 126 28 stadgandet
552 215 8 20 i
574 215 12 27 $
601 216 12 19 2
629 214 25 22 af
665 214 85 28 Nädiga
764 215 51 21 För-

69 248 117 27 ordningen
202 248 40 21 den
259 249 24 19 19
299 248 117 21 December
436 250 60 24 1864,
516 248 109 28 angäende
643 249 91 27 ändring
748 249 8 20 i
771 248 44 28 gäl-

68 282 64 20 lande
147 282 132 27 stadganden
295 289 34 14 om
343 282 121 27 kyrkoplikt
478 290 27 13 m.
521 290 35 18 m.,
574 283 41 20 har
632 283 36 20 vid
686 283 11 27 &
718 283 33 25 65,
770 289 45 14 som

69 315 91 21 handlar
180 323 33 13 om
233 315 53 26 dem,
306 315 22 21 ät
346 316 70 21 hvilka
434 316 94 21 tillträde
546 315 33 22 till
596 317 127 20 nattvarden
741 316 19 27 ej
779 315 36 22 mä

68 349 88 26 lemnas,
175 350 31 21 uti
225 351 30 20 ett
273 349 126 22 tillkommet
416 351 48 27 nytt
480 352 94 19 moment
593 350 24 28 C)
633 351 109 27 upptagits
758 349 57 23 såväl

69 384 32 27 de,
120 384 71 21 hvilka
209 384 34 21 för
261 384 58 21 brott
337 385 24 21 af
376 384 100 29 verldslig
490 387 44 20 rätt
549 385 75 21 dömde
638 385 76 26 blifvit,
729 384 87 29 sålänge

69 419 26 21 de
109 419 47 21 icke
170 419 130 21 underkasta
315 419 31 28 sig
361 419 86 22 särskilt
462 420 66 25 skrift,
541 427 45 14 som
598 419 31 26 de,
641 420 72 21 hvilka
724 420 24 21 af
757 420 58 21 dom-

69 453 90 28 kapitlet
173 453 114 22 förklarats
302 461 52 14 vara
368 453 48 22 frän
431 454 137 21 nattvardens
579 453 109 28 begäende
699 454 116 26 uteslutne;

69 487 108 22 äfvensom
195 488 12 27 &
226 489 27 19 66
271 489 80 20 ansetts
369 488 53 21 böra
440 487 52 29 utgå
510 489 40 21 och
567 488 94 27 följande
679 489 136 27 paragrafers

68 529 89 15 numror
171 522 8 21 i
193 522 93 28 enlighet
301 523 85 21 dermed
400 523 84 21 ändras.

137 557 12 27 8
166 558 46 19 103.
242 557 96 21 Emedan
352 557 118 21 slutorden:
487 557 50 27 ,och
551 559 50 25 tage
615 557 151 28 församlingen
781 564 35 14 om

68 590 83 22 barnen
169 590 82 28 kristlig
270 590 69 26 värd*,
361 591 71 21 kunna
453 591 101 21 hänföras
576 591 33 21 till
631 591 36 21 det
688 590 128 29 föregäende

69 625 129 27 stadgandet
210 625 9 20 i
234 625 47 21 dess
296 625 77 24 helhet,
389 626 39 20 och
443 626 106 28 uttrycket
564 626 93 27 ,kristlig
668 624 62 23 värd*
745 626 71 21 kunde

69 666 62 15 anses
146 659 109 26 innebära,
271 661 31 20 att
316 659 152 29 församlingen
480 660 79 27 jemväl
574 660 54 28 ägde
641 660 34 21 till
690 660 41 28 dop
746 660 69 22 befor-

69 694 41 21 dra
128 693 80 22 sådana
227 694 60 26 barn,
307 701 45 14 som
367 694 135 22 föräldrarne
516 694 72 28 sjelfve
603 696 75 26 vägrat
692 694 46 22 låta
752 695 63 27 döpa,

69 729 80 21 hvilket
167 728 46 22 åter
231 729 68 21 skulle
315 728 35 22 stä
367 729 8 21 i
392 729 54 21 strid
464 729 48 22 med
527 730 11 27 $
554 730 33 25 34,
607 729 37 21 der
658 728 118 29 tvängsdop
791 731 25 19 är

68 763 143 28 uttryckligen
233 763 114 28 förbjudet,
372 764 64 21 hafva
458 764 26 21 de
506 764 90 21 anförda
617 764 109 21 slutorden
747 763 69 22 blifvit

69 798 152 26 bortlemnade,
240 798 55 21 helst
309 797 161 29 församlingens
486 798 39 22 och
540 798 168 28 presterskapets
724 798 91 28 skyldig-

70 832 37 21 het
123 834 34 19 att
174 832 66 21 vårda
258 832 33 27 sig
309 839 34 14 om
361 840 27 13 en
405 832 84 28 kristlig
506 832 196 27 barnauppfostran
720 832 13 21 å
748 832 68 22 andra

69 866 78 22 ställen
161 866 8 21 i
183 867 130 27 kyrkolagen
327 866 67 22 finnes
408 867 145 22 föreskrifven.

137 901 12 28 $
166 902 46 20 104.
241 901 38 20 Uti
295 901 69 21 denna
378 901 12 27 $
405 901 63 21 hafva
482 901 81 21 sådana
577 901 125 22 förvillelser
718 901 40 21 och
769 901 46 22 sed-

69 935 46 28 liga
128 935 58 28 lyten
200 935 39 22 hos
253 935 227 28 församlingsmedlem
494 935 70 22 blifvit
578 935 180 26 sammanställda,
770 943 45 14 som

70 971 81 20 ansetts
165 969 54 22 böra
233 969 48 22 från
295 969 93 28 kyrkans
403 969 46 22 sida
463 969 86 28 påkalla
559 969 174 28 tillrättavisning
740 970 76 21 endast

69 1011 78 20 genom
168 1004 187 27 undervisningens
377 1004 41 21 och
440 1004 159 28 förmaningens
624 1005 46 26 ord,
695 1011 49 15 men
769 1005 47 20 icke

70 1038 120 27 egentligen
204 1038 51 21 falla
269 1038 69 21 under
351 1039 120 27 kyrkotukt.
501 1039 56 20 Utur
572 1039 69 21 denna
656 1039 107 28 synpunkt
777 1039 38 21 hö-

70 1079 37 14 rer
124 1073 35 27 $&n
176 1073 46 21 icke
240 1073 67 21 heller
324 1073 33 20 till
375 1073 59 21 detta
449 1073 86 27 kapitel,
557 1074 52 20 utan
627 1073 33 20 till
677 1073 89 27 kapitlet
781 1080 35 14 om

70 1105 141 29 själavården,
227 1107 85 21 hvartill
326 1107 61 21 äfven
401 1107 7 21 i
424 1107 33 27 $:n
471 1107 104 21 hänvisas.
604 1107 76 21 Denna
691 1106 55 28 åsigt
758 1107 57 21 delas

70 1140 26 21 af
108 1140 125 26 Ständerna,
253 1140 68 22 såvidt
340 1141 35 21 det
393 1142 59 20 rörer
471 1140 109 27 ,yttrande
598 1140 23 22 af
633 1140 126 22 villfarande
773 1148 43 14 me-

71 1174 98 27 ningar";
191 1181 48 14 men
258 1173 133 22 beträffande
406 1174 69 27 öfriga
489 1175 7 20 i
511 1175 11 26 8
537 1174 139 27 uppräknade
691 1174 125 21 förvillelser

72 1207 40 23 och
126 1207 81 28 sedliga
221 1207 64 28 lyten,
305 1208 63 21 hafva
383 1208 61 21 dessa
459 1209 57 26 synts
531 1208 53 21 böra
599 1208 84 21 komma
696 1208 69 21 under
779 1208 36 21 be-

71 1241 102 28 handling
187 1241 56 22 inför
257 1241 114 29 kyrkoråd,
386 1241 70 22 såsom
470 1242 93 21 varande
578 1242 40 21 den
629 1242 119 21 institution
758 1243 58 20 inom

70 1275 158 28 församlingen,
247 1283 46 14 som
310 1277 51 26 äger
379 1276 54 21 vaka
451 1276 58 21 öfver
527 1276 41 21 den
584 1278 56 25 yttre
655 1276 97 28 kyrkliga
767 1276 48 21 ord-

70 1310 79 26 ningen
164 1310 40 20 och
219 1309 311 28 församlingsmedlemmarnes
545 1310 110 27 sedlighet.

141 1343 36 20 Uti
191 1343 23 27 $$
232 1345 47 24 105,
299 1345 39 18 106
357 1343 40 21 och
417 1345 38 18 107
470 1343 64 21 hafva
548 1342 67 28 några
630 1343 116 27 ändringar
760 1343 8 20 i
782 1345 33 19 ut-

71 1376 137 29 tryckssättet
221 1377 68 21 blifvit
303 1377 105 28 vidtagne.

139 1411 42 21 Det
198 1411 6 21 i
223 1412 24 27 $$
268 1412 39 20 112
327 1412 39 20 och
387 1412 39 20 115
441 1410 172 23 förekommande
627 1411 107 28 uttrycket
749 1411 66 27 ,ordi-

70 1446 59 22 narie
144 1446 74 27 tjenst*
233 1446 40 22 har
287 1446 69 22 blifvit
369 1446 71 28 utbytt
455 1448 56 20 emot
524 1446 123 28 ,presterlig
658 1445 157 29 tjenstgöring",
