1000 1684
215 106 32 15 246
419 104 69 22 Nädiga
499 105 134 22 Propositionen
645 105 34 15 N:o
691 104 16 16 4.

192 174 38 13 ner
248 166 42 21 den
307 166 47 22 icke
370 166 67 21 heller
454 173 52 14 vara
523 166 34 22 för
576 165 122 22 ändamålet
716 166 71 26 nödig.
816 166 47 20 Den
880 166 61 26 1$i

192 199 38 21 vär
244 207 42 20 nya
300 200 105 27 kyrkolag
422 200 39 20 bör
480 200 65 27 enligt
563 200 43 20 min
621 199 55 27 äsigt
690 199 47 21 icke
751 199 69 21 uttala
836 200 32 26 sig
882 198 59 22 öfver

193 233 40 21 den
248 241 45 14 mer
308 234 51 21 eller
376 233 82 22 mindre
476 233 107 22 bindande
601 233 85 21 kraften
704 233 24 21 af
743 232 52 22 vära
813 232 129 28 symboliska

192 267 84 27 böcker,
292 270 53 19 utan
360 268 74 21 endast
449 267 56 22 klart
520 268 40 21 och
578 267 107 22 bestämdt
703 267 85 28 angifva
806 267 34 21 för
856 267 86 22 hvilken

192 302 68 27 kyrka
280 302 64 27 lagen
366 303 24 20 är
413 301 96 22 affattad.
538 302 47 21 Den
603 301 240 28 evangelisk-lutherska
860 301 82 28 kyrkan

193 338 25 19 är
235 336 34 22 för
287 343 34 15 oss
339 335 66 28 något
423 336 110 22 historiskt
550 336 70 28 gifvet,
642 335 88 22 faktiskt
751 335 121 22 bestående.
900 335 43 22 Det

192 371 100 22 förnekas
306 371 47 21 icke
369 371 92 26 dermed,
477 373 32 19 att
524 371 25 28 ju
569 371 68 21 denna
655 371 67 28 kyrka
737 370 65 21 sedan
818 370 25 21 de
858 370 84 27 symbo-

192 405 55 22 liska
264 405 118 23 böckernas
400 405 55 22 tider
473 405 54 22 varit
545 406 40 21 och
603 405 132 22 fortfarande
756 407 25 19 är
802 405 63 21 stadd
886 405 8 21 i
916 412 26 15 en

193 441 45 21 inre
256 440 126 27 utveckling.
411 439 51 22 Men
483 440 36 21 det
540 440 31 27 sig
593 439 139 22 utvecklande
752 439 60 22 lifvet
832 439 44 22 kan
896 439 47 22 icke

193 475 67 21 blifva
277 473 90 22 föremål
385 473 34 22 för
439 474 114 26 definition,
568 476 52 19 utan
635 474 69 21 denna
718 473 68 22 måste
800 473 90 22 omfatta
904 481 36 14 en-

194 509 48 20 dast
257 508 35 21 det
310 508 111 21 historiskt
439 508 64 28 gifna,
518 516 48 13 men
584 507 35 22 får
634 509 36 20 det
687 508 89 21 oaktadt
789 508 47 21 icke
850 508 93 21 utesluta

194 543 136 28 möjligheten
346 542 23 21 af
383 551 26 13 en
422 543 120 27 utveckling
556 543 126 21 derutöfver.
712 541 32 22 På
762 542 62 21 dessa
842 543 46 21 skäl
902 543 41 21 och

194 577 34 22 för
247 579 32 20 att
297 577 144 27 ,bestämdare
462 576 114 27 framhålla
593 576 52 23 våra
662 577 226 22 bekännelseskrifters
906 577 37 21 ka-

193 612 73 21 rakter
284 613 32 19 att
334 619 57 19 vara,
410 612 56 21 hvad
484 612 26 20 de
528 611 60 22 äfven
611 611 74 28 sjelfva
706 611 108 28 föregifva,
837 612 107 28 symboler

194 646 51 22 eller
264 646 132 22 vittnesbörd
417 646 34 22 för
473 646 40 21 den
535 646 82 22 kristna
634 646 208 28 trosuppfattningen
860 645 30 29 på
911 646 33 21 sin

194 681 41 21 tid"
254 680 40 22 har
309 680 48 28 jag,
376 681 7 21 i
401 682 99 20 motsatts
517 680 33 22 till
567 681 115 21 utskottets
700 680 115 28 pluralitet,
834 680 110 28 föreslagit

195 715 94 27 följande
303 715 112 21 redaktion
430 715 24 21 af
466 716 11 26 $
494 716 19 20 1:

387 757 48 21 Den
455 757 243 29 evangelisk-lutherska
720 757 83 29 kyrkan
821 759 10 20 i
848 758 97 22 Finland

332 792 107 21 bekänner
455 793 33 27 sig
503 793 36 21 till
553 793 41 21 den
609 792 103 29 kristliga
727 796 41 23 tro,
781 800 51 19 som,
844 793 102 28 grundad

332 827 10 21 i
358 824 59 24 Guds
433 826 71 29 heliga
520 827 47 26 ord,
586 827 35 21 det
636 828 73 27 gamla
724 828 39 21 och
776 834 43 23 nya
834 831 113 18 testamen-

332 865 40 17 tets
385 861 121 28 profetiska
523 862 37 21 och
575 861 132 28 apostoliska
718 862 97 29 skrifter,
832 862 113 21 erhållit

332 897 49 20 sitt
407 896 150 21 historiska
577 896 107 29 uttryck
705 897 10 20 i
733 897 41 21 den
799 897 72 21 äldsta
897 896 49 29 kyr-

332 930 53 21 kans
401 933 32 18 tre
450 930 185 29 hufvudsymboler
650 934 55 18 samt
716 932 10 20 i
736 931 41 22 den
789 931 157 29 augsburgiska

333 964 139 21 bekännelsen
491 965 38 21 och
549 965 73 28 öfriga
642 965 40 21 den
702 965 109 22 lutherska
830 965 93 29 kyrkans
937 967 10 20 i

333 999 41 21 den
396 999 110 21 såkallade
529 999 185 22 konkordieboken
736 1004 112 24 upptagna
869 1000 78 21 bekän-

332 1033 154 28 nelseskrifter,
493 1033 151 29 jasthällande
656 1035 69 20 såsom
737 1034 151 21 bekännelsens
896 1035 52 29 hög-

333 1070 35 18 sta
387 1068 35 27 lag
441 1068 40 20 den
498 1068 10 20 i
527 1068 61 20 dessa
607 1067 219 30 bekännelseskrifter
842 1068 59 22 klart
914 1072 34 18 ut-

334 1101 86 29 tryckta
435 1102 114 28 orubbliga
565 1103 124 28 sanningen,
706 1106 32 18 att
751 1102 59 22 Guds
822 1103 73 29 heliga
906 1104 40 21 ord

334 1137 27 19 är
376 1136 55 21 enda
446 1137 139 25 rättesnöret,
601 1128 113 42 hvarefter
729 1138 31 21 all
776 1138 49 21 lära
839 1138 10 20 i
864 1138 83 29 kyrkan

334 1170 55 21 skall
404 1178 60 14 anses
481 1171 37 21 och
533 1171 105 21 bedömas.

265 1212 34 21 Då
314 1212 36 21 det
364 1213 46 21 icke
429 1213 197 22 öfverensstämmer
643 1214 49 21 med
708 1214 41 21 den
766 1214 82 22 kristna
862 1215 84 27 religio-

197 1253 52 14 nens
268 1246 144 27 grundsatser,
431 1248 32 19 att
481 1246 71 28 någon
569 1247 49 21 med
635 1246 65 28 tvång
718 1247 78 21 drifves
810 1248 7 20 i
833 1248 59 21 Guds
907 1248 40 22 hus

198 1280 51 21 eller
264 1278 79 22 förmås
358 1282 32 19 att
405 1280 38 21 der
458 1280 123 27 qvarblifva,
596 1281 40 21 har
651 1281 39 27 jag
708 1280 34 22 för
760 1282 12 27 $
791 1282 27 20 30
836 1282 112 28 föreslagit

197 1314 95 28 följande
306 1314 89 28 lydelse:

193 1354 15 3 N
390 1357 54 22 Alla
463 1357 53 21 böra
536 1358 71 28 beflita
626 1360 33 27 sig
678 1366 34 14 om
730 1362 34 18 att
780 1360 10 21 i
808 1359 84 29 kyrkan
914 1362 33 28 sig

334 1394 84 20 infinna
439 1393 37 21 vid
497 1393 156 30 gudstjenstens
674 1394 78 29 början
770 1394 38 22 och
826 1395 122 22 densamma

334 1428 35 21 till
391 1428 42 21 slut
455 1428 84 21 bivista.
573 1428 54 22 Stör
645 1429 73 28 någon
739 1436 75 21 genom
836 1431 39 21 sitt
896 1438 52 21 upp
