998 1681
223 119 37 35 340
435 126 70 23 Nådiga
516 127 137 22 Propositionen
665 122 35 21 N:o
712 126 16 16 5.

208 192 24 19 17
247 191 33 20 uti
295 190 41 21 den
350 189 81 28 nådiga
448 190 167 27 propositionen,
634 189 34 21 för
685 189 156 27 lönereglering
858 188 8 21 i
880 187 75 28 hvarje

206 223 51 28 stift,
272 223 121 28 föreslagne
407 223 162 27 länekomitéer;
591 225 91 19 tvertom
696 224 47 20 tror
755 223 39 28 jag
808 224 32 19 att
854 224 53 19 utan
922 221 33 22 så-

207 258 61 27 dane,
283 257 68 29 några
366 258 106 27 egentliga
486 258 133 27 regleringar
634 257 24 22 af
670 257 65 22 värde
749 257 47 21 icke
810 256 60 22 skola
884 257 73 21 kunna

207 292 183 28 tillvägabringas,
410 292 40 21 och
469 294 32 19 att
519 292 60 21 desse
594 293 38 20 äro
647 290 55 23 både
717 291 105 28 behöflige
837 291 41 21 och
892 290 64 23 bråd-

208 326 80 22 skande
302 327 57 21 lärer
373 326 47 21 icke
434 326 73 21 kunna
520 326 72 21 nekas.
622 326 34 21 En
673 325 85 26 komité,
779 325 23 22 så
818 327 139 20 sammansatt

208 368 45 15 som
267 361 92 21 nämnde
374 361 12 27 $
401 361 100 21 förordar
519 361 39 22 och
577 361 51 26 deri,
647 361 68 21 under
734 360 113 28 styrelsens
861 359 96 22 medver-

207 396 43 21 kan
265 395 40 22 och
319 395 93 27 ledning,
428 395 43 22 alla
485 402 46 15 som
546 395 24 22 af
582 395 66 21 saken
662 395 64 21 hafva
740 395 95 26 intresse,
854 395 42 27 äga
911 394 46 21 sina

207 431 177 27 representanter,
407 429 67 22 borde
494 430 35 21 väl
550 430 72 21 kunna
643 429 49 22 bäst
713 429 107 22 behandla
842 436 26 14 en
890 428 67 22 sådan

207 463 186 30 regleringsfråga,
401 466 53 20 utan
465 466 33 19 att
507 464 68 21 redan
584 463 116 22 bestående
706 463 150 22 förhållanden
865 463 7 22 i
884 463 74 28 hvarje

209 499 78 22 socken
308 499 70 21 blefve
399 499 128 26 förbisedde,
549 498 56 22 helst
627 499 75 21 endast
720 498 90 22 sålunda
832 498 125 27 erforderlig

193 552 2 2 .
209 534 40 21 och
265 533 106 22 önskvärd
385 534 167 27 likstämmighet
566 533 7 21 i
587 533 121 28 möjligaste
722 532 68 22 måtto
804 533 71 21 kunde
887 531 71 23 ästad-

209 568 96 21 kommas
320 567 90 22 emellan
426 568 26 21 de
466 567 105 22 särskilda
589 569 126 26 pastoraten
728 568 8 21 i
750 567 59 21 länet
824 568 40 21 och
878 567 35 22 för
927 567 30 21 öf-

208 602 43 28 rigt
270 601 80 29 jemväl
371 609 26 14 en
419 601 68 22 sådan
508 601 85 27 komité,
613 609 49 14 men
679 602 47 21 icke
744 601 74 28 hvarje
832 601 127 28 församling

209 636 77 22 enskilt
301 636 52 22 eller
368 637 48 21 dess
431 636 24 21 af
466 636 104 21 utskottet
580 636 122 28 föreslagna
712 636 179 26 förtroendemän,
904 635 55 28 ägde

208 671 81 28 afgifva
306 671 82 28 förslag
406 679 35 13 om
460 671 124 28 disposition
602 671 24 22 af
640 671 40 22 den
694 671 80 21 indelta
788 670 171 23 tertialstionden

211 705 39 22 och
266 705 86 22 dermed
362 705 52 28 ingå
428 706 8 21 i
449 705 156 22 bedömmande
616 713 35 14 om
661 705 156 28 behöfligheten
831 705 9 22 i
854 705 105 22 särskilda

211 740 38 21 fall
267 740 24 21 af
307 740 36 22 det
360 741 8 20 i
386 741 11 27 &
417 742 12 19 3
448 740 108 28 medgifna
574 740 162 28 öfverflyttande
754 740 25 21 af
795 739 66 22 sådan
879 739 79 27 tionde,

210 774 208 29 vederlagsspanmä!
433 775 50 21 eller
498 775 69 21 andra
581 775 129 27 statsanslag
724 775 41 21 och
780 775 76 27 bidrag
870 773 49 22 från
933 781 27 14 en

210 808 125 29 församling
349 809 34 21 till
398 816 76 14 annan.
505 804 67 27 Äfven
583 809 7 21 i
602 809 92 28 Sverige,
710 809 86 22 hvarest
809 809 150 28 prestaflönin-

210 851 41 20 gen
269 843 65 29 utgär
350 844 149 28 ungefärligen
518 844 53 22 efter
590 844 112 21 enahanda
720 845 94 27 grunder
828 851 46 14 som
888 844 8 21 i
910 844 49 21 Fin-

210 878 52 21 land
284 879 40 21 och
346 879 39 21 der
406 878 62 27 fräga
489 886 36 14 om
545 879 107 27 reglering
675 879 25 21 af
718 879 169 28 presterskapets
902 879 57 21 löne-

211 912 116 23 inkomster
341 913 67 21 redan
423 912 61 28 längt
497 913 141 22 härförinnan
648 913 55 21 varit
716 913 64 22 väckt
794 914 40 21 och
849 913 110 27 slutregle-

211 947 49 28 ring
279 947 53 21 efter
350 947 52 21 flere
420 947 56 21 olika
494 947 111 22 methoder
623 947 88 27 försökt,
730 948 46 26 har,
796 947 27 22 dä
838 946 123 23 ändamälet

211 980 46 22 icke
275 981 74 22 dervid
367 981 91 27 vunnits,
478 982 105 28 slutligen,
602 982 90 22 medelst
710 981 57 23 bäda
785 982 175 22 statsmakternas

211 1016 132 26 samverkan,
361 1015 123 23 förordnats
504 1018 31 20 att
552 1016 133 28 regleringen
704 1017 68 21 skulle
786 1016 125 22 verkställas
926 1024 35 21 ge-

212 1057 50 14 nom
276 1050 157 26 länekomitöer,
452 1052 152 20 sammansatte
621 1050 9 22 i
648 1050 36 23 det
697 1052 109 20 närmaste
820 1050 71 23 såsom
906 1052 11 28 $
935 1053 24 19 17

211 1084 8 21 i
233 1083 80 28 nådiga
327 1084 160 27 propositionen
502 1092 34 14 om
551 1084 79 22 sädane
640 1084 103 22 komitöer
753 1086 40 20 här
803 1086 8 20 i
821 1085 74 22 landet
905 1086 55 21 före-

212 1117 70 28 slagit,
301 1118 75 21 endast
394 1118 49 21 med
461 1119 75 27 tillägg
555 1118 23 22 af
595 1118 125 28 delegerade
742 1119 89 21 utsedde
849 1119 24 21 af
889 1120 71 21 lands-

212 1152 79 27 tingen,
306 1158 27 15 en
343 1152 119 21 institution
473 1160 47 14 som
531 1153 7 20 i
549 1152 90 22 Finland
650 1153 46 21 icke
707 1153 77 26 finnes;
800 1154 40 20 och
854 1154 25 21 af
892 1154 69 21 denna

213 1184 83 28 åtgärd,
311 1192 46 14 som
371 1185 35 22 för
419 1186 134 22 närvarande
565 1186 110 22 derstädes
689 1187 8 21 i
711 1187 51 21 flere
778 1187 60 21 delar
852 1188 24 21 af
888 1188 74 21 landet

213 1218 110 28 försiggär,
339 1220 76 20 väntar
425 1227 51 13 man
487 1220 38 26 sig,
538 1220 25 27 ju
578 1220 74 27 längre
666 1220 84 21 arbetet
760 1220 138 26 framskridit,
910 1228 51 20 gan-

213 1252 38 21 ska
266 1252 56 27 goda
337 1252 40 21 och
391 1252 196 22 tillfredsställande
602 1253 120 21 resultater.
748 1254 42 27 Jag
804 1253 34 22 fär
852 1254 65 21 alltsä
927 1254 35 21 för

212 1286 45 21 min
275 1285 34 22 del
327 1285 112 29 tillstyrka,
458 1288 38 25 att,
515 1286 8 22 i
541 1286 72 23 stället
627 1286 35 23 för
676 1287 26 21 de
717 1287 25 21 af
754 1287 103 23 utskottet
871 1288 8 21 i
893 1288 25 28 $$
935 1290 26 20 17

213 1320 40 22 och
269 1322 25 20 18
309 1320 86 22 införda
410 1321 138 28 stadganden,
564 1322 24 28 $$
605 1323 33 25 17,
654 1323 33 25 18,
705 1323 25 20 19
745 1322 40 22 och
802 1324 26 20 20
840 1323 32 21 uti
882 1322 79 30 nädiga

212 1355 158 29 propositionen
384 1354 36 23 mä
436 1355 141 23 oförändrade
591 1355 119 24 bibehållas
725 1357 40 22 och
781 1358 129 28 godkännas.
