1009 1689
313 103 70 24 Nädiga
394 104 137 22 Propositionen
541 104 36 17 N:o
590 105 15 16 1.
786 105 22 16 91

82 166 146 29 undersätliga
242 167 96 26 vördnad
351 169 56 20 samt
421 166 86 23 anhålla
522 175 28 14 om
552 167 171 25 bestämmande
737 168 24 22 af
772 168 60 22 tiden

83 203 34 21 för
131 202 141 28 landtdagens
287 203 120 28 öppnande.

427 261 11 27 8
455 261 33 20 26.

151 303 104 27 Kejsaren
274 303 40 22 och
332 303 137 26 Storfursten,
488 303 52 22 eller
558 303 40 21 den
616 303 48 21 Han
684 303 70 22 dertill
768 304 8 20 i
791 303 42 22 Sitt

83 337 63 22 ställe
160 337 116 26 förordnat,
292 337 54 22 låter
360 337 97 28 kungöra
472 337 89 22 stånden
579 337 41 22 den
638 337 50 28 dag,
704 345 46 14 som
764 338 69 21 blifvit

82 372 98 22 bestämd
202 371 34 22 för
256 372 140 27 landtdagens
418 372 120 28 öppnande.
570 371 32 22 Pä
620 372 40 21 den
682 373 69 27 dagen
773 372 59 22 skola

84 406 100 28 samtliga
201 405 95 27 ständen,
316 406 54 21 efter
391 406 36 22 det
448 407 126 27 Gudstjenst
591 406 117 27 förrättats,
727 414 105 14 samman-

84 441 85 21 komma
190 441 8 21 i
219 441 129 26 thronsalen,
367 440 38 22 der
426 441 110 27 Kejsaren,
559 440 51 22 eller
631 440 40 22 den
692 441 49 25 Han
762 441 8 21 i
792 440 41 23 Sitt

84 475 62 22 ställe
161 475 116 27 förordnat,
296 476 70 21 helsar
384 475 120 22 Ständerna
522 476 40 21 och
580 475 106 22 förklarar
703 476 130 27 landtdagen

85 510 95 28 öppnad;
196 510 107 22 hvarefter
313 509 95 27 stånden,
420 511 77 21 hvarti
508 511 33 21 sin
552 510 100 28 ordning,
668 518 76 20 genom
754 510 79 21 Landt-

85 545 135 21 marskalken
235 546 39 20 och
288 545 122 21 talmännen
425 545 109 21 frambära
547 546 113 27 uttrycken
674 545 24 21 af
710 545 33 21 sin
756 545 78 21 under-

86 579 77 29 sätliga
177 580 101 21 vördnad.
308 580 103 27 Kejsaren
426 580 108 21 meddelar
549 580 119 21 Ständerna
682 580 84 28 uppgift
781 578 13 22 &
808 579 27 22 de

86 615 156 27 propositioner
256 614 49 22 Han
319 614 37 22 vill
372 614 110 28 förelägga
501 614 129 27 Ständerna;
649 614 54 22 dock
720 614 36 22 mä
773 614 62 26 äfven

86 649 120 21 sedermera
224 649 68 21 under
309 649 140 27 landtdagens
467 649 51 27 lopp
539 649 123 27 ytterligare
684 648 150 23 framställnin-

86 691 39 20 gar
140 684 72 21 kunna
226 684 33 20 till
274 683 129 22 Ständernas
418 684 160 28 handläggning
596 683 145 22 öfverlemnas.

430 744 11 28 8
457 745 33 19 27.

153 787 43 22 Vid
216 787 74 27 hvarje
310 787 89 28 lagtima
419 786 103 28 landtdag
544 787 45 26 bör,
609 786 100 28 antingen
730 786 35 22 vid
788 786 48 22 dess

87 822 113 27 öppnande
215 822 51 21 eller
280 822 58 21 inom
352 822 79 27 fjorton
446 821 67 27 dagar
528 821 96 26 derefter,
644 821 136 21 statsverkets
793 821 42 22 till-

86 856 63 22 ständ
167 856 33 22 för
219 856 121 22 Ständerna
356 856 107 28 uppvisas,
478 854 29 29 pä
526 856 36 21 det
580 856 25 21 de
622 855 36 22 mä
672 856 94 21 inhemta
780 856 56 21 huru

86 892 94 20 kronans
194 891 116 21 inkomster
323 890 69 22 blifvit
403 890 33 21 till
446 890 83 22 landets
541 898 55 20 gagn
608 890 40 21 och
658 890 62 22 bästa
731 890 104 22 använda.

431 950 11 28 $
459 951 33 20 28.

155 993 11 21 I
180 994 74 27 hvarje
268 992 63 23 stånd
346 993 54 21 skall
414 992 68 23 finnas
497 1001 26 14 en
538 993 142 26 Sekreterare,
692 1001 46 14 som
753 993 38 21 der
804 992 33 22 fö-

88 1035 36 14 rer
137 1028 135 27 protokollet.
302 1028 44 21 Hos
360 1027 156 28 Ridderskapet
533 1028 40 22 och
587 1027 68 21 Adeln
669 1027 83 22 utöfvas
768 1027 70 21 denna

88 1062 120 28 befattning
230 1062 24 21 af
272 1061 273 22 Riddarhussekreteraren.
574 1061 82 22 Preste-
675 1062 40 21 och
732 1062 105 27 Borgare-

90 1096 89 23 ständen
193 1098 47 20 utse
256 1097 70 21 dertill
342 1103 25 14 en
382 1096 87 28 lämplig
484 1103 50 14 man
548 1096 8 21 i
571 1096 41 21 den
626 1097 90 27 ordning
732 1096 31 26 de,
775 1096 61 21 hvar-

90 1132 52 21 dera
156 1131 33 22 för
204 1132 41 27 sig,
260 1131 58 21 finna
332 1131 51 27 godt
401 1131 124 21 bestämma.
554 1131 11 20 I
578 1130 159 22 Bondeständet
754 1130 84 21 förord-

90 1174 40 13 nar
144 1166 104 27 Kejsaren
259 1166 39 21 och
310 1165 137 26 Storfursten,
462 1165 65 20 innan
543 1165 119 21 Ständerna
677 1164 160 25 sammanträdt,

90 1200 33 21 till
138 1200 135 21 Sekreterare
292 1206 26 14 en
336 1199 97 27 lagfaren
451 1199 40 21 och
509 1198 88 27 skicklig
615 1206 55 19 man,
689 1199 84 21 hvilken
792 1198 46 21 der-

88 1234 66 28 jemte
169 1233 81 28 åligger
264 1235 32 19 att
310 1233 36 21 vid
364 1233 128 21 ärendernas
506 1232 130 28 behandling
649 1233 86 20 biträda
748 1232 90 21 talman-

90 1276 42 13 nen
147 1269 49 20 med
210 1267 40 22 räd
265 1267 40 22 och
318 1265 133 29 tillhandagä
466 1265 94 22 ständets
571 1267 137 21 medlemmar
722 1266 48 21 med
784 1273 55 20 upp-

90 1303 109 28 lysningar
214 1309 34 14 om
266 1309 26 14 en
310 1301 63 22 hvars
391 1301 79 27 lagliga
488 1301 125 26 rättigheter
632 1301 39 21 och
689 1300 149 28 skyldigheter.

92 1337 151 21 Sekreteraren
257 1336 8 20 i
279 1333 159 23 Bondeständet
451 1333 35 22 mä
501 1334 26 27 ej,
542 1335 52 20 utan
609 1335 32 20 sin
659 1333 129 28 uttryckliga
802 1341 37 14 an-

92 1371 112 27 märkning
222 1370 40 21 och
280 1369 135 26 reservation,
434 1369 32 20 till
484 1367 95 23 ständets
596 1368 106 28 protokoll
720 1367 48 22 föra
788 1368 52 21 eller

92 1406 33 22 till
136 1404 154 30 expedierande
300 1403 100 23 befordra
410 1402 72 30 nägot,
494 1410 46 15 som
551 1405 25 20 är
587 1403 108 22 stridande
706 1404 45 21 mot
761 1402 78 29 grund-

93 1441 99 30 lagarna;
208 1439 54 22 dock
276 1446 50 21 eger
340 1439 42 21 han
397 1438 19 28 ej
431 1438 8 21 i
454 1437 84 23 ståndet
552 1437 70 29 någon
636 1438 52 21 röst.
