998 1686
766 106 10 15 w

779 105 8 16 a

789 105 10 15 [>

298 105 71 22 Nädiga
381 106 136 21 Propositionen
528 106 35 16 N:o
575 106 16 15 4.

114 169 2 21 |
283 170 2 2 I
440 169 12 28 $
467 167 48 22 183.

193 212 62 27 (Lika
269 212 49 21 med
332 212 14 30 $
357 213 41 20 184
412 213 8 20 i
434 212 109 28 förslaget,
557 219 49 21 men
625 214 32 19 att
676 212 41 21 den
736 212 37 21 der
791 211 29 21 ci-

116 256 1 13 |
136 246 74 22 terade
224 247 34 27 &:n
273 243 79 25 ändräs
365 246 34 21 till
416 247 9 27 $
432 246 66 29 182.)
528 237 15 42 —
561 241 8 14 *

382 306 26 28 $$
422 305 40 22 184
477 307 38 21 och
529 304 46 23 185.

238 348 62 30 (Lika
313 349 48 21 med
376 350 25 27 $$
418 350 39 20 185
473 349 40 22 och
529 350 39 20 186
583 348 8 21 i
605 348 119 29 förslaget.)

442 410 12 27 $
468 408 48 22 186.

195 452 62 28 (Lika
271 452 49 21 med
334 453 12 27 $
362 454 40 20 187
418 452 7 21 i
443 452 108 28 förslaget,
567 452 54 22 dock
636 454 32 20 att
683 452 41 22 den
739 452 38 22 der
792 452 28 22 ci-

118 483 1 26 |
139 486 75 22 terade
228 487 34 28 8:n
276 486 40 22 bör
329 494 53 14 vara
396 488 11 27 $
424 487 56 29 184.)

442 548 12 27 $
468 546 50 22 187.

196 589 62 30 (Lika
272 589 49 23 med
335 591 12 27 $
363 591 40 20 188
418 590 8 21 i
444 590 108 29 förslaget,
569 589 54 23 dock
638 592 33 20 att
684 591 42 21 den
740 591 38 21 der
792 591 28 21 ci-

138 625 74 22 terade
226 626 35 27 8:n
274 625 40 22 bör
328 632 53 14 vara
396 625 11 28 $
424 625 56 29 185.)

120 669 1 39 |
381 685 26 28 $$
422 683 41 23 188
478 685 39 21 och
531 683 48 23 189.

237 728 63 30 (Lika
313 728 49 21 med
377 729 25 27 $$
418 729 40 20 189
474 728 40 22 och
530 729 40 21 190
585 728 7 21 i
607 728 117 30 förslaget.)

444 789 12 28 $
471 787 51 23 190.

198 832 62 30 (Lika
274 832 49 21 med
337 833 12 26 $
366 833 38 20 191
420 832 8 20 i
446 832 108 27 förslaget,
569 832 50 21 med
637 832 91 28 ändring
746 833 24 21 af
782 833 41 21 den

122 880 1 18 |
140 867 39 22 der
193 866 172 22 förekommande
381 866 78 22 citaten
474 866 33 22 till
521 867 12 27 $
551 866 56 29 182.)

402 926 26 28 $$
443 924 122 24 191—203.

259 970 62 28 (Lika
335 969 49 21 med
399 969 23 27 88
440 970 111 21 192—204
565 968 7 22 i
586 968 118 30 förslaget.)

446 1030 12 27 8
472 1028 52 22 204.

124 1092 1 7 i
200 1072 62 30 (Lika
280 1072 49 22 med
347 1072 11 28 &
379 1072 40 21 205
437 1072 8 21 i
460 1071 107 29 förslaget,
582 1078 49 15 men
646 1073 32 20 att
692 1072 41 22 här
748 1072 76 23 citeras

124 1109 2 32 |
144 1109 11 27 &
171 1107 58 28 203.)

124 1143 1 15 i
446 1145 12 27 $
473 1142 52 23 205.

202 1188 65 29 (Lika
287 1187 50 22 med
357 1187 12 27 $
392 1187 41 20 206
455 1187 8 21 i
484 1185 113 29 förslaget,
619 1186 55 22 dock
695 1187 32 21 att
749 1187 12 28 &
784 1188 39 20 241

126 1226 1 24 |
144 1223 41 21 här
199 1221 93 30 citeras.)

126 1253 1 15 |
444 1259 12 27 $
471 1257 54 22 206.

305 1301 62 28 (Lika
380 1301 50 21 med
445 1301 11 27 $
473 1302 40 20 207
528 1301 8 21 i
550 1300 119 28 förslaget.)

445 1360 12 27 8
472 1357 55 23 207.

127 1432 2 3 i
203 1403 142 23 Förekomma
359 1403 20 29 ej
394 1403 14 21 &
416 1403 114 29 frägodag
545 1406 45 18 mot
605 1403 135 22 anställande
755 1403 26 29 af
792 1405 37 21 val

127 1436 2 37 |
147 1440 83 22 sådana
245 1439 83 27 hinder,
344 1446 44 13 som
406 1446 29 14 nu
452 1438 92 22 nämnde
563 1439 50 25 äro;
633 1438 29 22 dä
680 1438 61 22 skola
758 1438 25 22 de
802 1439 26 28 $$
