1000 1686
198 123 33 15 400
402 119 73 24 Nädiga
484 122 139 21 Propositionen
634 121 35 16 N:o
682 122 15 15 8.

173 184 43 21 den
231 185 26 20 21
275 185 93 27 Augusti
387 185 54 20 1772
460 183 86 22 erhållit
565 184 34 21 del
616 183 24 22 af
655 183 131 28 protokollet
803 184 60 21 öfver
877 189 28 16 et
917 184 9 20 i

175 218 121 28 Kejserliga
310 218 92 21 Senaten
416 218 35 22 vid
466 217 99 23 ärendets
579 218 152 27 föredragning
745 218 110 21 derstädes
870 217 56 22 färe-

176 252 65 23 fallen
256 253 137 27 omröstning.

248 387 29 23 Så
295 388 63 28 länge
376 388 93 22 skrifven
486 388 36 28 lag
539 388 8 22 i
566 388 86 28 Sverige
670 388 41 22 och
729 387 91 22 Finland.
841 387 87 27 funnits,

178 424 41 21 har
237 424 41 21 den
296 423 109 21 allmänna
423 423 114 28 grundsats
555 423 71 21 städse
643 422 40 22 der
701 422 58 28 gjort
776 422 33 28 sig
831 422 99 28 gällande

178 460 33 20 att
225 458 86 27 enkling
326 457 51 22 eller
393 458 54 21 enka
461 458 46 22 icke
520 457 58 28 finge
591 456 51 29 ingå
652 459 48 27 nytt
711 456 52 29 gifte
773 457 66 22 innan
854 464 76 21 genom

179 492 98 22 arfskifte
292 491 70 22 blifvit
375 493 74 20 utrönt
463 492 56 22 hvad
535 492 40 21 den
589 492 59 21 förut
662 492 80 22 aflidna
753 491 88 22 makens
853 492 77 22 arfvin-

179 534 40 20 gar
233 526 49 22 från
299 526 52 22 boet
367 526 94 28 lagligen
478 526 123 22 tillkomme.
631 526 139 28 Stadganden
784 526 76 22 härom
874 526 57 22 före-

177 561 88 22 komma
282 560 68 22 redan
366 560 9 21 i
393 560 106 27 Uplands-
517 560 41 22 och
579 560 190 28 Helsingelagarne
790 562 56 20 samt
869 560 62 22 äfven

178 594 30 29 pä
222 595 51 22 flere
288 594 77 23 ställen
383 594 4 22 i
401 595 81 21 Lands-
494 595 43 21 och
554 594 157 28 Stadslagarne.
738 594 73 23 Under
824 595 108 28 sjuttonde

180 630 67 21 seklet
261 630 93 27 egnades
366 629 80 27 jemväl
460 630 9 21 i
483 629 105 22 särskilda
602 629 153 28 författningar
769 630 161 27 uppmärksam-

179 664 38 21 het
235 662 22 23 ät
276 664 60 22 detta
357 665 68 20 ämne.
457 664 11 21 I
489 664 115 27 Drottning
625 664 107 22 Kristinas
754 664 121 28 privilegier
897 664 35 21 för

180 698 136 22 Stockholms
334 698 48 22 stad
400 698 24 21 af
441 698 41 21 den
497 700 26 19 10
541 698 59 22 Mars
617 699 53 20 1636
690 699 11 27 $
720 700 27 19 32
766 698 87 28 älägges
867 698 63 28 borg-

180 734 94 20 mästare
293 733 39 21 och
350 731 40 22 råd
409 734 32 19 att
459 732 64 21 hafva
541 732 54 28 flitig
613 732 72 28 tillsyn
702 732 99 22 deröfver
820 734 32 20 att
866 732 67 28 ingen

182 767 85 28 enkling
286 767 52 30 eller
357 766 54 22 enka
428 766 68 22 skulle
513 767 64 21 träda
594 766 33 22 till
646 768 67 20 annat
731 766 52 28 gifte
801 767 52 21 eller
867 766 66 22 blifva

181 801 88 29 förelyst
283 801 75 22 förrän
371 802 54 21 barn
441 800 52 22 eller
507 801 109 28 arfvingar
630 801 69 21 blifvit
714 801 93 29 lagligen
819 801 114 22 atvittrade

182 836 51 21 eller
255 835 48 22 från
325 836 50 21 boet
397 835 74 22 skilde.
508 835 57 22 Gifte
587 836 32 27 sig
642 836 117 21 emellertid
781 835 152 22 efterlefvande

182 870 61 22 make
264 871 67 20 innan
353 870 109 27 afvittring
484 869 119 29 försiggätt,
626 869 68 22 skulle
715 871 44 20 han
782 871 51 20 eller
850 871 43 21 hon
912 870 24 21 af

182 905 149 27 borgmästare
347 905 39 21 och
401 904 39 22 råd
455 905 102 27 beläggas
572 905 48 21 med
635 905 104 21 arbiträrt
754 905 67 21 straff.
850 905 11 22 I
875 905 58 22 stad-

183 946 42 21 gan
239 946 35 14 om
293 938 107 28 åtskilliga
418 939 140 27 oordningars
573 939 134 21 afskaffande
721 939 34 21 vid
770 939 164 28 borgerskapets

182 973 143 28 trolofningar
343 981 27 13 m.
385 981 28 14 m.
429 973 24 22 af
469 973 40 21 den
528 975 11 19 5
559 973 95 22 Oktober
673 974 56 20 1664
746 973 111 28 förbjudes
875 975 60 27 prest

183 1008 143 28 uttryckligen
341 1009 32 20 att
386 1008 47 27 lysa
447 1008 34 21 för
496 1007 85 28 enkling
596 1008 52 21 eller
663 1008 54 21 enka
732 1008 33 21 till
779 1010 47 26 nytt
841 1009 51 28 gifte
902 1009 32 21 in-

183 1050 43 14 nan
248 1042 110 28 afvittring
378 1043 70 21 blifvit
468 1042 123 27 verkställd,
614 1041 24 23 sä
659 1043 49 21 kärt
729 1043 78 21 honom
829 1051 50 14 vore
902 1045 33 20 att

184 1077 73 28 undgå
272 1077 120 27 ,ansenliga
407 1077 169 26 arbitralböter*;
592 1077 40 21 och
650 1077 7 20 i
673 1077 91 28 stadgan
779 1085 34 13 om
827 1077 108 28 åtskilliga

185 1111 140 27 oordningars
348 1111 133 21 afskaffande
502 1111 38 21 hos
562 1111 159 27 presterskapet
742 1111 25 21 af
787 1111 40 22 den
846 1113 10 19 1
876 1112 58 28 Mars

186 1146 54 20 1669
257 1146 25 20 33
301 1145 95 27 punkten
414 1146 90 22 utsättes
522 1144 33 22 för
575 1145 40 21 den
632 1147 66 25 prest,
717 1152 45 15 som
780 1146 8 20 i
806 1145 59 23 detta
882 1147 53 21 hän-

185 1180 76 21 seende
276 1179 83 28 förgick
373 1180 38 27 sig,
427 1179 80 22 femton
522 1179 149 24 dalers.böter
689 1180 108 21 äfvensom
812 1180 88 26 ,förlust
914 1181 24 21 af

185 1214 65 27 tjenst
272 1214 40 21 och
335 1214 81 20 embete
434 1213 27 27 på
471 1221 35 14 en
525 1214 48 21 tid".
601 1214 171 27 Lagstiftningen
793 1215 68 21 under
883 1216 52 26 sjut-

185 1248 64 20 tonde
265 1248 66 21 seklet
346 1246 143 32 ädagalägger
504 1246 91 22 sälunda
613 1249 31 19 att
658 1248 114 27 uppsigten
787 1248 40 21 och
841 1248 94 22 kontrol-

185 1282 34 20 len
234 1282 58 21 öfver
306 1281 138 27 iakttagande
459 1281 24 21 af
495 1281 161 21 föreskrifterna
674 1282 93 21 rörande
781 1282 109 28 afvittring
905 1282 31 22 ät-

185 1316 105 22 minstone
304 1316 8 22 i
327 1316 105 22 särskilda
446 1316 38 21 fall
498 1316 82 21 tillhört
592 1316 61 21 äfven
665 1316 102 23 domaren
779 1317 40 22 och
833 1317 53 27 icke,
902 1317 34 22 sä-

185 1358 46 15 som
244 1351 93 22 sednare
351 1351 55 21 varit
420 1350 72 27 fallet,
501 1351 75 22 endast
590 1350 344 31 församlingarnes:presterskap.

254 1386 15 21 I
281 1387 27 20 24
322 1387 13 27 &
346 1386 30 21 15
391 1385 49 28 kap.
459 1385 24 21 af
497 1387 54 20 1686:
570 1385 35 22 ärs
619 1385 104 29 kyrkolag
737 1386 145 23 förekommer
893 1388 43 22 för-

186 1422 34 20 sta
241 1420 84 29 gången
347 1420 40 22 den
409 1422 88 26 stränga
517 1420 252 23 ansvarsbestämmelsen
791 1422 30 21 af.
833 1421 104 29 tjenstens

187 1455 123 27 ovilkorliga
328 1455 76 21 förlust
422 1454 34 22 för
474 1456 65 26 prest,
558 1461 52 20 som,
625 1454 71 22 innan:
706 1456 88 28 enkling
812 1456 53 22 eller
882 1457 55 22 enka
