<?xml version="1.0" encoding="UTF-8"?>
<alto xmlns="http://www.loc.gov/standards/alto/ns-v3#" xmlns:xlink="http://www.w3.org/1999/xlink" xmlns:xsi="http://www.w3.org/2001/XMLSchema-instance" xsi:schemaLocation="http://www.loc.gov/standards/alto/ns-v3# http://www.loc.gov/alto/v3/alto-3-0.xsd">
	<Description>
		<MeasurementUnit>pixel</MeasurementUnit>
		<sourceImageInformation>
			<fileName>/tmp/tess_6qmolyab_input.PNG</fileName>
		</sourceImageInformation>
		<OCRProcessing ID="OCR_0">
			<ocrProcessingStep>
				<processingSoftware>
					<softwareName>tesseract 5.3.4</softwareName>
				</processingSoftware>
			</ocrProcessingStep>
		</OCRProcessing>
	</Description>
	<Layout>
		<Page WIDTH="1006" HEIGHT="1689" PHYSICAL_IMG_NR="0" ID="page_0">
			<PrintSpace HPOS="0" VPOS="0" WIDTH="1006" HEIGHT="1689">
				<ComposedBlock ID="cblock_0" HPOS="217" VPOS="119" WIDTH="494" HEIGHT="24">
					<TextBlock ID="block_0" HPOS="217" VPOS="119" WIDTH="494" HEIGHT="24">
						<TextLine ID="line_0" HPOS="217" VPOS="119" WIDTH="494" HEIGHT="24">
							<String ID="string_0" HPOS="217" VPOS="121" WIDTH="21" HEIGHT="16" WC="0.96" CONTENT="68"/><SP WIDTH="181" VPOS="121" HPOS="238"/>
							<String ID="string_1" HPOS="419" VPOS="119" WIDTH="70" HEIGHT="24" WC="0.91" CONTENT="Nådiga"/><SP WIDTH="11" VPOS="119" HPOS="489"/>
							<String ID="string_2" HPOS="500" VPOS="121" WIDTH="137" HEIGHT="21" WC="0.96" CONTENT="Propositionen"/><SP WIDTH="11" VPOS="121" HPOS="637"/>
							<String ID="string_3" HPOS="648" VPOS="120" WIDTH="34" HEIGHT="17" WC="0.96" CONTENT="N:o"/><SP WIDTH="14" VPOS="120" HPOS="682"/>
							<String ID="string_4" HPOS="696" VPOS="121" WIDTH="15" HEIGHT="16" WC="0.95" CONTENT="1."/>
						</TextLine>
					</TextBlock>
				</ComposedBlock>
				<ComposedBlock ID="cblock_1" HPOS="189" VPOS="181" WIDTH="753" HEIGHT="1295">
					<TextBlock ID="block_1" HPOS="193" VPOS="181" WIDTH="749" HEIGHT="576">
						<TextLine ID="line_1" HPOS="263" VPOS="181" WIDTH="677" HEIGHT="29">
							<String ID="string_5" HPOS="263" VPOS="183" WIDTH="40" HEIGHT="21" WC="0.89" CONTENT="5:0."/><SP WIDTH="29" VPOS="183" HPOS="303"/>
							<String ID="string_6" HPOS="332" VPOS="181" WIDTH="137" HEIGHT="23" WC="0.96" CONTENT="Beträffande"/><SP WIDTH="18" VPOS="181" HPOS="469"/>
							<String ID="string_7" HPOS="487" VPOS="183" WIDTH="26" HEIGHT="20" WC="0.96" CONTENT="73"/><SP WIDTH="19" VPOS="183" HPOS="513"/>
							<String ID="string_8" HPOS="532" VPOS="183" WIDTH="11" HEIGHT="27" WC="0.92" CONTENT="&amp;"/><SP WIDTH="18" VPOS="183" HPOS="543"/>
							<String ID="string_9" HPOS="561" VPOS="182" WIDTH="40" HEIGHT="21" WC="0.93" CONTENT="har"/><SP WIDTH="18" VPOS="182" HPOS="601"/>
							<String ID="string_10" HPOS="619" VPOS="181" WIDTH="156" HEIGHT="28" WC="0.92" CONTENT="presteståndet"/><SP WIDTH="18" VPOS="181" HPOS="775"/>
							<String ID="string_11" HPOS="793" VPOS="182" WIDTH="82" HEIGHT="27" WC="0.93" CONTENT="antagit"/><SP WIDTH="15" VPOS="182" HPOS="875"/>
							<String ID="string_12" HPOS="890" VPOS="182" WIDTH="50" HEIGHT="21" WC="0.92" CONTENT="den-"/>
						</TextLine>
						<TextLine ID="line_2" HPOS="195" VPOS="216" WIDTH="745" HEIGHT="29">
							<String ID="string_13" HPOS="195" VPOS="223" WIDTH="81" HEIGHT="16" WC="0.96" CONTENT="samma"/><SP WIDTH="14" VPOS="223" HPOS="276"/>
							<String ID="string_14" HPOS="290" VPOS="216" WIDTH="68" HEIGHT="22" WC="0.95" CONTENT="sådan"/><SP WIDTH="14" VPOS="216" HPOS="358"/>
							<String ID="string_15" HPOS="372" VPOS="217" WIDTH="41" HEIGHT="20" WC="0.95" CONTENT="den"/><SP WIDTH="13" VPOS="217" HPOS="413"/>
							<String ID="string_16" HPOS="426" VPOS="216" WIDTH="61" HEIGHT="29" WC="0.96" CONTENT="lyder"/><SP WIDTH="13" VPOS="216" HPOS="487"/>
							<String ID="string_17" HPOS="500" VPOS="217" WIDTH="8" HEIGHT="20" WC="0.96" CONTENT="i"/><SP WIDTH="14" VPOS="217" HPOS="508"/>
							<String ID="string_18" HPOS="522" VPOS="217" WIDTH="114" HEIGHT="21" WC="0.96" CONTENT="utskottets"/><SP WIDTH="11" VPOS="217" HPOS="636"/>
							<String ID="string_19" HPOS="647" VPOS="216" WIDTH="140" HEIGHT="21" WC="0.93" CONTENT="betänkande."/><SP WIDTH="24" VPOS="216" HPOS="787"/>
							<String ID="string_20" HPOS="811" VPOS="216" WIDTH="129" HEIGHT="22" WC="0.91" CONTENT="Ridderska-"/>
						</TextLine>
						<TextLine ID="line_3" HPOS="194" VPOS="249" WIDTH="747" HEIGHT="30">
							<String ID="string_21" HPOS="194" VPOS="253" WIDTH="38" HEIGHT="26" WC="0.96" CONTENT="pet"/><SP WIDTH="14" VPOS="253" HPOS="232"/>
							<String ID="string_22" HPOS="246" VPOS="252" WIDTH="40" HEIGHT="21" WC="0.96" CONTENT="och"/><SP WIDTH="15" VPOS="252" HPOS="286"/>
							<String ID="string_23" HPOS="301" VPOS="251" WIDTH="62" HEIGHT="21" WC="0.96" CONTENT="adeln"/><SP WIDTH="14" VPOS="251" HPOS="363"/>
							<String ID="string_24" HPOS="377" VPOS="251" WIDTH="40" HEIGHT="21" WC="0.96" CONTENT="har"/><SP WIDTH="15" VPOS="251" HPOS="417"/>
							<String ID="string_25" HPOS="432" VPOS="250" WIDTH="45" HEIGHT="23" WC="0.96" CONTENT="åter"/><SP WIDTH="15" VPOS="250" HPOS="477"/>
							<String ID="string_26" HPOS="492" VPOS="252" WIDTH="69" HEIGHT="20" WC="0.96" CONTENT="ansett"/><SP WIDTH="15" VPOS="252" HPOS="561"/>
							<String ID="string_27" HPOS="576" VPOS="250" WIDTH="93" HEIGHT="21" WC="0.93" CONTENT="nämnda"/><SP WIDTH="14" VPOS="250" HPOS="669"/>
							<String ID="string_28" HPOS="683" VPOS="251" WIDTH="11" HEIGHT="27" WC="0.88" CONTENT="$"/><SP WIDTH="15" VPOS="251" HPOS="694"/>
							<String ID="string_29" HPOS="709" VPOS="251" WIDTH="54" HEIGHT="21" WC="0.95" CONTENT="böra"/><SP WIDTH="14" VPOS="251" HPOS="763"/>
							<String ID="string_30" HPOS="777" VPOS="249" WIDTH="81" HEIGHT="23" WC="0.96" CONTENT="erhålla"/><SP WIDTH="15" VPOS="249" HPOS="858"/>
							<String ID="string_31" HPOS="873" VPOS="250" WIDTH="68" HEIGHT="22" WC="0.96" CONTENT="sådan"/>
						</TextLine>
						<TextLine ID="line_4" HPOS="196" VPOS="285" WIDTH="745" HEIGHT="28">
							<String ID="string_32" HPOS="196" VPOS="285" WIDTH="96" HEIGHT="28" WC="0.96" CONTENT="ändring,"/><SP WIDTH="15" VPOS="285" HPOS="292"/>
							<String ID="string_33" HPOS="307" VPOS="287" WIDTH="32" HEIGHT="20" WC="0.95" CONTENT="att"/><SP WIDTH="14" VPOS="287" HPOS="339"/>
							<String ID="string_34" HPOS="353" VPOS="285" WIDTH="8" HEIGHT="21" WC="0.95" CONTENT="i"/><SP WIDTH="22" VPOS="285" HPOS="361"/>
							<String ID="string_35" HPOS="383" VPOS="287" WIDTH="4" HEIGHT="19" WC="0.96" CONTENT="2"/><SP WIDTH="16" VPOS="287" HPOS="387"/>
							<String ID="string_36" HPOS="403" VPOS="292" WIDTH="62" HEIGHT="15" WC="0.96" CONTENT="mom."/><SP WIDTH="16" VPOS="292" HPOS="465"/>
							<String ID="string_37" HPOS="481" VPOS="285" WIDTH="54" HEIGHT="22" WC="0.96" CONTENT="efter"/><SP WIDTH="15" VPOS="285" HPOS="535"/>
							<String ID="string_38" HPOS="550" VPOS="285" WIDTH="68" HEIGHT="21" WC="0.96" CONTENT="första"/><SP WIDTH="14" VPOS="285" HPOS="618"/>
							<String ID="string_39" HPOS="632" VPOS="285" WIDTH="122" HEIGHT="28" WC="0.93" CONTENT="meningens"/><SP WIDTH="11" VPOS="285" HPOS="754"/>
							<String ID="string_40" HPOS="765" VPOS="285" WIDTH="91" HEIGHT="21" WC="0.91" CONTENT="slutord:"/><SP WIDTH="17" VPOS="285" HPOS="856"/>
							<String ID="string_41" HPOS="873" VPOS="285" WIDTH="68" HEIGHT="27" WC="0.88" CONTENT=",skilj-"/>
						</TextLine>
						<TextLine ID="line_5" HPOS="196" VPOS="318" WIDTH="746" HEIGHT="30">
							<String ID="string_42" HPOS="196" VPOS="320" WIDTH="82" HEIGHT="27" WC="0.93" CONTENT="aktiga,"/><SP WIDTH="15" VPOS="320" HPOS="278"/>
							<String ID="string_43" HPOS="293" VPOS="319" WIDTH="67" HEIGHT="22" WC="0.93" CONTENT="skulle"/><SP WIDTH="14" VPOS="319" HPOS="360"/>
							<String ID="string_44" HPOS="374" VPOS="319" WIDTH="103" HEIGHT="28" WC="0.92" CONTENT="inskjutas"/><SP WIDTH="15" VPOS="319" HPOS="477"/>
							<String ID="string_45" HPOS="492" VPOS="319" WIDTH="93" HEIGHT="28" WC="0.96" CONTENT="följande"/><SP WIDTH="10" VPOS="319" HPOS="585"/>
							<String ID="string_46" HPOS="595" VPOS="319" WIDTH="94" HEIGHT="27" WC="0.93" CONTENT="mening:"/><SP WIDTH="24" VPOS="319" HPOS="689"/>
							<String ID="string_47" HPOS="713" VPOS="318" WIDTH="84" HEIGHT="30" WC="0.90" CONTENT=",Hafva"/><SP WIDTH="8" VPOS="318" HPOS="797"/>
							<String ID="string_48" HPOS="805" VPOS="319" WIDTH="48" HEIGHT="28" WC="0.93" CONTENT="fem"/><SP WIDTH="19" VPOS="319" HPOS="853"/>
							<String ID="string_49" HPOS="872" VPOS="320" WIDTH="70" HEIGHT="28" WC="0.92" CONTENT="sjette-"/>
						</TextLine>
						<TextLine ID="line_6" HPOS="195" VPOS="353" WIDTH="746" HEIGHT="30">
							<String ID="string_50" HPOS="195" VPOS="354" WIDTH="61" HEIGHT="21" WC="0.95" CONTENT="delar"/><SP WIDTH="18" VPOS="354" HPOS="256"/>
							<String ID="string_51" HPOS="274" VPOS="355" WIDTH="26" HEIGHT="28" WC="0.93" CONTENT="af"/><SP WIDTH="15" VPOS="355" HPOS="300"/>
							<String ID="string_52" HPOS="315" VPOS="355" WIDTH="102" HEIGHT="20" WC="0.95" CONTENT="rösterna"/><SP WIDTH="17" VPOS="355" HPOS="417"/>
							<String ID="string_53" HPOS="434" VPOS="354" WIDTH="84" HEIGHT="29" WC="0.95" CONTENT="utfallit"/><SP WIDTH="12" VPOS="354" HPOS="518"/>
							<String ID="string_54" HPOS="530" VPOS="354" WIDTH="42" HEIGHT="28" WC="0.93" CONTENT="för"/><SP WIDTH="19" VPOS="354" HPOS="572"/>
							<String ID="string_55" HPOS="591" VPOS="353" WIDTH="154" HEIGHT="29" WC="0.77" CONTENT="bevillningens"/><SP WIDTH="18" VPOS="353" HPOS="745"/>
							<String ID="string_56" HPOS="763" VPOS="355" WIDTH="52" HEIGHT="20" WC="0.93" CONTENT="eller"/><SP WIDTH="19" VPOS="355" HPOS="815"/>
							<String ID="string_57" HPOS="834" VPOS="355" WIDTH="107" HEIGHT="27" WC="0.95" CONTENT="anslagets"/>
						</TextLine>
						<TextLine ID="line_7" HPOS="196" VPOS="388" WIDTH="745" HEIGHT="29">
							<String ID="string_58" HPOS="196" VPOS="389" WIDTH="114" HEIGHT="28" WC="0.95" CONTENT="åtagande,"/><SP WIDTH="15" VPOS="389" HPOS="310"/>
							<String ID="string_59" HPOS="325" VPOS="396" WIDTH="50" HEIGHT="13" WC="0.96" CONTENT="vare"/><SP WIDTH="16" VPOS="396" HPOS="375"/>
							<String ID="string_60" HPOS="391" VPOS="388" WIDTH="59" HEIGHT="21" WC="0.93" CONTENT="detta"/><SP WIDTH="15" VPOS="388" HPOS="450"/>
							<String ID="string_61" HPOS="465" VPOS="389" WIDTH="128" HEIGHT="20" WC="0.96" CONTENT="ständernas"/><SP WIDTH="16" VPOS="389" HPOS="593"/>
							<String ID="string_62" HPOS="609" VPOS="388" WIDTH="84" HEIGHT="27" WC="0.58" CONTENT="beslut,"/><SP WIDTH="14" VPOS="388" HPOS="693"/>
							<String ID="string_63" HPOS="707" VPOS="388" WIDTH="110" HEIGHT="21" WC="0.95" CONTENT="hvaremot"/><SP WIDTH="11" VPOS="388" HPOS="817"/>
							<String ID="string_64" HPOS="828" VPOS="388" WIDTH="27" HEIGHT="21" WC="0.93" CONTENT="de"/><SP WIDTH="10" VPOS="388" HPOS="855"/>
							<String ID="string_65" HPOS="865" VPOS="390" WIDTH="76" HEIGHT="20" WC="0.96" CONTENT="tvenne"/>
						</TextLine>
						<TextLine ID="line_8" HPOS="195" VPOS="422" WIDTH="746" HEIGHT="28">
							<String ID="string_66" HPOS="195" VPOS="423" WIDTH="53" HEIGHT="21" WC="0.93" CONTENT="sista"/><SP WIDTH="16" VPOS="423" HPOS="248"/>
							<String ID="string_67" HPOS="264" VPOS="423" WIDTH="137" HEIGHT="27" WC="0.91" CONTENT="meningarne"/><SP WIDTH="22" VPOS="423" HPOS="401"/>
							<String ID="string_68" HPOS="423" VPOS="422" WIDTH="24" HEIGHT="22" WC="0.96" CONTENT="af"/><SP WIDTH="18" VPOS="422" HPOS="447"/>
							<String ID="string_69" HPOS="465" VPOS="424" WIDTH="120" HEIGHT="24" WC="0.93" CONTENT="momentet,"/><SP WIDTH="21" VPOS="424" HPOS="585"/>
							<String ID="string_70" HPOS="606" VPOS="422" WIDTH="104" HEIGHT="27" WC="0.91" CONTENT="börjande"/><SP WIDTH="17" VPOS="422" HPOS="710"/>
							<String ID="string_71" HPOS="727" VPOS="422" WIDTH="49" HEIGHT="21" WC="0.96" CONTENT="med"/><SP WIDTH="19" VPOS="422" HPOS="776"/>
							<String ID="string_72" HPOS="795" VPOS="422" WIDTH="74" HEIGHT="22" WC="0.93" CONTENT="orden:"/><SP WIDTH="26" VPOS="422" HPOS="869"/>
							<String ID="string_73" HPOS="895" VPOS="422" WIDTH="46" HEIGHT="26" WC="0.88" CONTENT=",vid"/>
						</TextLine>
						<TextLine ID="line_9" HPOS="195" VPOS="455" WIDTH="746" HEIGHT="29">
							<String ID="string_74" HPOS="195" VPOS="457" WIDTH="157" HEIGHT="27" WC="0.95" CONTENT="omröstningen"/><SP WIDTH="15" VPOS="457" HPOS="352"/>
							<String ID="string_75" HPOS="367" VPOS="458" WIDTH="50" HEIGHT="20" WC="0.91" CONTENT="etc.*"/><SP WIDTH="15" VPOS="458" HPOS="417"/>
							<String ID="string_76" HPOS="432" VPOS="456" WIDTH="67" HEIGHT="22" WC="0.96" CONTENT="skulle"/><SP WIDTH="10" VPOS="456" HPOS="499"/>
							<String ID="string_77" HPOS="509" VPOS="457" WIDTH="45" HEIGHT="21" WC="0.96" CONTENT="helt"/><SP WIDTH="11" VPOS="457" HPOS="554"/>
							<String ID="string_78" HPOS="565" VPOS="457" WIDTH="40" HEIGHT="21" WC="0.96" CONTENT="och"/><SP WIDTH="10" VPOS="457" HPOS="605"/>
							<String ID="string_79" HPOS="615" VPOS="455" WIDTH="66" HEIGHT="23" WC="0.96" CONTENT="hållet"/><SP WIDTH="14" VPOS="455" HPOS="681"/>
							<String ID="string_80" HPOS="695" VPOS="455" WIDTH="48" HEIGHT="22" WC="0.96" CONTENT="från"/><SP WIDTH="14" VPOS="455" HPOS="743"/>
							<String ID="string_81" HPOS="757" VPOS="458" WIDTH="114" HEIGHT="20" WC="0.93" CONTENT="momentet"/><SP WIDTH="10" VPOS="458" HPOS="871"/>
							<String ID="string_82" HPOS="881" VPOS="456" WIDTH="60" HEIGHT="22" WC="0.92" CONTENT="bort-"/>
						</TextLine>
						<TextLine ID="line_10" HPOS="195" VPOS="489" WIDTH="746" HEIGHT="30">
							<String ID="string_83" HPOS="195" VPOS="491" WIDTH="57" HEIGHT="22" WC="0.44" CONTENT="falla."/><SP WIDTH="36" VPOS="491" HPOS="252"/>
							<String ID="string_84" HPOS="288" VPOS="490" WIDTH="179" HEIGHT="29" WC="0.84" CONTENT="Borgareständet"/><SP WIDTH="18" VPOS="490" HPOS="467"/>
							<String ID="string_85" HPOS="485" VPOS="493" WIDTH="55" HEIGHT="19" WC="0.96" CONTENT="samt"/><SP WIDTH="16" VPOS="493" HPOS="540"/>
							<String ID="string_86" HPOS="556" VPOS="489" WIDTH="155" HEIGHT="23" WC="0.96" CONTENT="bondeståndet"/><SP WIDTH="18" VPOS="489" HPOS="711"/>
							<String ID="string_87" HPOS="729" VPOS="490" WIDTH="64" HEIGHT="22" WC="0.96" CONTENT="hafva"/><SP WIDTH="16" VPOS="490" HPOS="793"/>
							<String ID="string_88" HPOS="809" VPOS="490" WIDTH="47" HEIGHT="22" WC="0.96" CONTENT="icke"/><SP WIDTH="18" VPOS="490" HPOS="856"/>
							<String ID="string_89" HPOS="874" VPOS="490" WIDTH="67" HEIGHT="23" WC="0.96" CONTENT="heller"/>
						</TextLine>
						<TextLine ID="line_11" HPOS="194" VPOS="525" WIDTH="747" HEIGHT="28">
							<String ID="string_90" HPOS="194" VPOS="526" WIDTH="81" HEIGHT="21" WC="0.96" CONTENT="kunnat"/><SP WIDTH="17" VPOS="526" HPOS="275"/>
							<String ID="string_91" HPOS="292" VPOS="526" WIDTH="52" HEIGHT="26" WC="0.96" CONTENT="gilla"/><SP WIDTH="18" VPOS="526" HPOS="344"/>
							<String ID="string_92" HPOS="362" VPOS="525" WIDTH="39" HEIGHT="21" WC="0.96" CONTENT="den"/><SP WIDTH="19" VPOS="525" HPOS="401"/>
							<String ID="string_93" HPOS="420" VPOS="526" WIDTH="133" HEIGHT="26" WC="0.96" CONTENT="bestämning"/><SP WIDTH="18" VPOS="526" HPOS="553"/>
							<String ID="string_94" HPOS="571" VPOS="526" WIDTH="8" HEIGHT="20" WC="0.96" CONTENT="i"/><SP WIDTH="17" VPOS="526" HPOS="579"/>
							<String ID="string_95" HPOS="596" VPOS="525" WIDTH="140" HEIGHT="21" WC="0.93" CONTENT="förevarande"/><SP WIDTH="15" VPOS="525" HPOS="736"/>
							<String ID="string_96" HPOS="751" VPOS="526" WIDTH="18" HEIGHT="27" WC="0.75" CONTENT="$,"/><SP WIDTH="20" VPOS="526" HPOS="769"/>
							<String ID="string_97" HPOS="789" VPOS="526" WIDTH="31" HEIGHT="20" WC="0.96" CONTENT="att"/><SP WIDTH="14" VPOS="526" HPOS="820"/>
							<String ID="string_98" HPOS="834" VPOS="525" WIDTH="55" HEIGHT="22" WC="0.96" CONTENT="hvad"/><SP WIDTH="16" VPOS="525" HPOS="889"/>
							<String ID="string_99" HPOS="905" VPOS="525" WIDTH="36" HEIGHT="22" WC="0.96" CONTENT="det"/>
						</TextLine>
						<TextLine ID="line_12" HPOS="194" VPOS="559" WIDTH="747" HEIGHT="28">
							<String ID="string_100" HPOS="194" VPOS="560" WIDTH="116" HEIGHT="21" WC="0.96" CONTENT="förstärkta"/><SP WIDTH="14" VPOS="560" HPOS="310"/>
							<String ID="string_101" HPOS="324" VPOS="560" WIDTH="103" HEIGHT="21" WC="0.96" CONTENT="utskottet"/><SP WIDTH="18" VPOS="560" HPOS="427"/>
							<String ID="string_102" HPOS="445" VPOS="566" WIDTH="75" HEIGHT="21" WC="0.95" CONTENT="genom"/><SP WIDTH="18" VPOS="566" HPOS="520"/>
							<String ID="string_103" HPOS="538" VPOS="559" WIDTH="61" HEIGHT="21" WC="0.93" CONTENT="enkel"/><SP WIDTH="16" VPOS="559" HPOS="599"/>
							<String ID="string_104" HPOS="615" VPOS="559" WIDTH="156" HEIGHT="27" WC="0.91" CONTENT="röstpluralitet"/><SP WIDTH="18" VPOS="559" HPOS="771"/>
							<String ID="string_105" HPOS="789" VPOS="559" WIDTH="79" HEIGHT="28" WC="0.91" CONTENT="afgjort"/><SP WIDTH="18" VPOS="559" HPOS="868"/>
							<String ID="string_106" HPOS="886" VPOS="559" WIDTH="55" HEIGHT="22" WC="0.95" CONTENT="skall"/>
						</TextLine>
						<TextLine ID="line_13" HPOS="194" VPOS="592" WIDTH="745" HEIGHT="25">
							<String ID="string_107" HPOS="194" VPOS="594" WIDTH="65" HEIGHT="21" WC="0.96" CONTENT="blifva"/><SP WIDTH="15" VPOS="594" HPOS="259"/>
							<String ID="string_108" HPOS="274" VPOS="594" WIDTH="125" HEIGHT="21" WC="0.96" CONTENT="ständernas"/><SP WIDTH="14" VPOS="594" HPOS="399"/>
							<String ID="string_109" HPOS="413" VPOS="593" WIDTH="76" HEIGHT="24" WC="0.96" CONTENT="beslut,"/><SP WIDTH="18" VPOS="593" HPOS="489"/>
							<String ID="string_110" HPOS="507" VPOS="595" WIDTH="52" HEIGHT="19" WC="0.96" CONTENT="utan"/><SP WIDTH="14" VPOS="595" HPOS="559"/>
							<String ID="string_111" HPOS="573" VPOS="593" WIDTH="64" HEIGHT="21" WC="0.96" CONTENT="hafva"/><SP WIDTH="15" VPOS="593" HPOS="637"/>
							<String ID="string_112" HPOS="652" VPOS="593" WIDTH="61" HEIGHT="21" WC="0.96" CONTENT="dessa"/><SP WIDTH="15" VPOS="593" HPOS="713"/>
							<String ID="string_113" HPOS="728" VPOS="592" WIDTH="62" HEIGHT="23" WC="0.96" CONTENT="stånd"/><SP WIDTH="15" VPOS="592" HPOS="790"/>
							<String ID="string_114" HPOS="805" VPOS="595" WIDTH="86" HEIGHT="20" WC="0.95" CONTENT="stannat"/><SP WIDTH="13" VPOS="595" HPOS="891"/>
							<String ID="string_115" HPOS="904" VPOS="594" WIDTH="35" HEIGHT="21" WC="0.96" CONTENT="vid"/>
						</TextLine>
						<TextLine ID="line_14" HPOS="194" VPOS="626" WIDTH="747" HEIGHT="29">
							<String ID="string_116" HPOS="194" VPOS="628" WIDTH="41" HEIGHT="22" WC="0.93" CONTENT="den"/><SP WIDTH="15" VPOS="628" HPOS="235"/>
							<String ID="string_117" HPOS="250" VPOS="627" WIDTH="62" HEIGHT="28" WC="0.91" CONTENT="åsigt,"/><SP WIDTH="15" VPOS="627" HPOS="312"/>
							<String ID="string_118" HPOS="327" VPOS="629" WIDTH="32" HEIGHT="20" WC="0.96" CONTENT="att"/><SP WIDTH="13" VPOS="629" HPOS="359"/>
							<String ID="string_119" HPOS="372" VPOS="627" WIDTH="34" HEIGHT="22" WC="0.96" CONTENT="för"/><SP WIDTH="15" VPOS="627" HPOS="406"/>
							<String ID="string_120" HPOS="421" VPOS="629" WIDTH="30" HEIGHT="19" WC="0.93" CONTENT="ett"/><SP WIDTH="14" VPOS="629" HPOS="451"/>
							<String ID="string_121" HPOS="465" VPOS="626" WIDTH="144" HEIGHT="22" WC="0.92" CONTENT="såbeskaffadt"/><SP WIDTH="17" VPOS="626" HPOS="609"/>
							<String ID="string_122" HPOS="626" VPOS="627" WIDTH="70" HEIGHT="21" WC="0.96" CONTENT="beslut"/><SP WIDTH="18" VPOS="627" HPOS="696"/>
							<String ID="string_123" HPOS="714" VPOS="627" WIDTH="54" HEIGHT="22" WC="0.96" CONTENT="skall"/><SP WIDTH="15" VPOS="627" HPOS="768"/>
							<String ID="string_124" HPOS="783" VPOS="627" WIDTH="106" HEIGHT="22" WC="0.96" CONTENT="erfordras"/><SP WIDTH="14" VPOS="627" HPOS="889"/>
							<String ID="string_125" HPOS="903" VPOS="626" WIDTH="38" HEIGHT="23" WC="0.96" CONTENT="två"/>
						</TextLine>
						<TextLine ID="line_15" HPOS="194" VPOS="661" WIDTH="745" HEIGHT="29">
							<String ID="string_126" HPOS="194" VPOS="661" WIDTH="129" HEIGHT="29" WC="0.96" CONTENT="tredjedelar"/><SP WIDTH="18" VPOS="661" HPOS="323"/>
							<String ID="string_127" HPOS="341" VPOS="661" WIDTH="24" HEIGHT="22" WC="0.93" CONTENT="af"/><SP WIDTH="14" VPOS="661" HPOS="365"/>
							<String ID="string_128" HPOS="379" VPOS="661" WIDTH="268" HEIGHT="22" WC="0.91" CONTENT="utskottsmedlemmarnas"/><SP WIDTH="18" VPOS="661" HPOS="647"/>
							<String ID="string_129" HPOS="665" VPOS="662" WIDTH="75" HEIGHT="26" WC="0.93" CONTENT="röster,"/><SP WIDTH="18" VPOS="662" HPOS="740"/>
							<String ID="string_130" HPOS="758" VPOS="662" WIDTH="117" HEIGHT="27" WC="0.91" CONTENT="hvarjemte"/><SP WIDTH="15" VPOS="662" HPOS="875"/>
							<String ID="string_131" HPOS="890" VPOS="662" WIDTH="49" HEIGHT="21" WC="0.92" CONTENT="bor-"/>
						</TextLine>
						<TextLine ID="line_16" HPOS="194" VPOS="695" WIDTH="746" HEIGHT="29">
							<String ID="string_132" HPOS="194" VPOS="695" WIDTH="136" HEIGHT="29" WC="0.92" CONTENT="gareståndet"/><SP WIDTH="17" VPOS="695" HPOS="330"/>
							<String ID="string_133" HPOS="347" VPOS="698" WIDTH="69" HEIGHT="20" WC="0.96" CONTENT="ansett"/><SP WIDTH="15" VPOS="698" HPOS="416"/>
							<String ID="string_134" HPOS="431" VPOS="697" WIDTH="32" HEIGHT="20" WC="0.96" CONTENT="att"/><SP WIDTH="14" VPOS="697" HPOS="463"/>
							<String ID="string_135" HPOS="477" VPOS="696" WIDTH="70" HEIGHT="21" WC="0.96" CONTENT="ordet:"/><SP WIDTH="22" VPOS="696" HPOS="547"/>
							<String ID="string_136" HPOS="569" VPOS="696" WIDTH="78" HEIGHT="26" WC="0.88" CONTENT=",eller*,"/><SP WIDTH="16" VPOS="696" HPOS="647"/>
							<String ID="string_137" HPOS="663" VPOS="703" WIDTH="45" HEIGHT="14" WC="0.96" CONTENT="som"/><SP WIDTH="14" VPOS="703" HPOS="708"/>
							<String ID="string_138" HPOS="722" VPOS="696" WIDTH="140" HEIGHT="21" WC="0.93" CONTENT="förekommer"/><SP WIDTH="15" VPOS="696" HPOS="862"/>
							<String ID="string_139" HPOS="877" VPOS="696" WIDTH="63" HEIGHT="22" WC="0.91" CONTENT="emel-"/>
						</TextLine>
						<TextLine ID="line_17" HPOS="193" VPOS="730" WIDTH="747" HEIGHT="27">
							<String ID="string_140" HPOS="193" VPOS="730" WIDTH="37" HEIGHT="22" WC="0.96" CONTENT="lan"/><SP WIDTH="18" VPOS="730" HPOS="230"/>
							<String ID="string_141" HPOS="248" VPOS="730" WIDTH="67" HEIGHT="22" WC="0.93" CONTENT="orden"/><SP WIDTH="17" VPOS="730" HPOS="315"/>
							<String ID="string_142" HPOS="332" VPOS="730" WIDTH="140" HEIGHT="27" WC="0.83" CONTENT=",ovilkorligt&quot;"/><SP WIDTH="16" VPOS="730" HPOS="472"/>
							<String ID="string_143" HPOS="488" VPOS="730" WIDTH="39" HEIGHT="21" WC="0.93" CONTENT="och"/><SP WIDTH="15" VPOS="730" HPOS="527"/>
							<String ID="string_144" HPOS="542" VPOS="730" WIDTH="108" HEIGHT="27" WC="0.86" CONTENT=",slutligt&quot;,"/><SP WIDTH="16" VPOS="730" HPOS="650"/>
							<String ID="string_145" HPOS="666" VPOS="730" WIDTH="39" HEIGHT="21" WC="0.96" CONTENT="bör"/><SP WIDTH="15" VPOS="730" HPOS="705"/>
							<String ID="string_146" HPOS="720" VPOS="730" WIDTH="112" HEIGHT="22" WC="0.96" CONTENT="förändras"/><SP WIDTH="15" VPOS="730" HPOS="832"/>
							<String ID="string_147" HPOS="847" VPOS="730" WIDTH="33" HEIGHT="21" WC="0.96" CONTENT="till"/><SP WIDTH="15" VPOS="730" HPOS="880"/>
							<String ID="string_148" HPOS="895" VPOS="730" WIDTH="45" HEIGHT="22" WC="0.96" CONTENT="och."/>
						</TextLine>
					</TextBlock>
					<TextBlock ID="block_2" HPOS="192" VPOS="764" WIDTH="748" HEIGHT="130">
						<TextLine ID="line_18" HPOS="263" VPOS="764" WIDTH="675" HEIGHT="28">
							<String ID="string_149" HPOS="263" VPOS="766" WIDTH="39" HEIGHT="20" WC="0.90" CONTENT="6:0."/><SP WIDTH="30" VPOS="766" HPOS="302"/>
							<String ID="string_150" HPOS="332" VPOS="764" WIDTH="168" HEIGHT="22" WC="0.90" CONTENT="Vidkommande"/><SP WIDTH="22" VPOS="764" HPOS="500"/>
							<String ID="string_151" HPOS="522" VPOS="766" WIDTH="27" HEIGHT="19" WC="0.96" CONTENT="74"/><SP WIDTH="22" VPOS="766" HPOS="549"/>
							<String ID="string_152" HPOS="571" VPOS="765" WIDTH="18" HEIGHT="27" WC="0.74" CONTENT="8,"/><SP WIDTH="22" VPOS="765" HPOS="589"/>
							<String ID="string_153" HPOS="611" VPOS="771" WIDTH="46" HEIGHT="15" WC="0.96" CONTENT="som"/><SP WIDTH="22" VPOS="771" HPOS="657"/>
							<String ID="string_154" HPOS="679" VPOS="764" WIDTH="24" HEIGHT="21" WC="0.96" CONTENT="af"/><SP WIDTH="20" VPOS="764" HPOS="703"/>
							<String ID="string_155" HPOS="723" VPOS="764" WIDTH="98" HEIGHT="28" WC="0.96" CONTENT="samtliga"/><SP WIDTH="21" VPOS="764" HPOS="821"/>
							<String ID="string_156" HPOS="842" VPOS="764" WIDTH="96" HEIGHT="27" WC="0.96" CONTENT="stånden,"/>
						</TextLine>
						<TextLine ID="line_19" HPOS="193" VPOS="798" WIDTH="746" HEIGHT="28">
							<String ID="string_157" HPOS="193" VPOS="799" WIDTH="56" HEIGHT="22" WC="0.93" CONTENT="hvad"/><SP WIDTH="14" VPOS="799" HPOS="249"/>
							<String ID="string_158" HPOS="263" VPOS="798" WIDTH="114" HEIGHT="22" WC="0.91" CONTENT="innebållet"/><SP WIDTH="14" VPOS="798" HPOS="377"/>
							<String ID="string_159" HPOS="391" VPOS="798" WIDTH="73" HEIGHT="28" WC="0.93" CONTENT="angår,"/><SP WIDTH="19" VPOS="798" HPOS="464"/>
							<String ID="string_160" HPOS="483" VPOS="798" WIDTH="77" HEIGHT="28" WC="0.91" CONTENT="gillats,"/><SP WIDTH="18" VPOS="798" HPOS="560"/>
							<String ID="string_161" HPOS="578" VPOS="799" WIDTH="41" HEIGHT="21" WC="0.96" CONTENT="har"/><SP WIDTH="17" VPOS="799" HPOS="619"/>
							<String ID="string_162" HPOS="636" VPOS="798" WIDTH="154" HEIGHT="22" WC="0.96" CONTENT="bondeståndet"/><SP WIDTH="15" VPOS="798" HPOS="790"/>
							<String ID="string_163" HPOS="805" VPOS="800" WIDTH="69" HEIGHT="20" WC="0.93" CONTENT="ansett"/><SP WIDTH="15" VPOS="800" HPOS="874"/>
							<String ID="string_164" HPOS="889" VPOS="800" WIDTH="50" HEIGHT="20" WC="0.92" CONTENT="den-"/>
						</TextLine>
						<TextLine ID="line_20" HPOS="194" VPOS="832" WIDTH="746" HEIGHT="28">
							<String ID="string_165" HPOS="194" VPOS="840" WIDTH="82" HEIGHT="15" WC="0.95" CONTENT="samma"/><SP WIDTH="9" VPOS="840" HPOS="276"/>
							<String ID="string_166" HPOS="285" VPOS="833" WIDTH="54" HEIGHT="21" WC="0.93" CONTENT="böra"/><SP WIDTH="13" VPOS="833" HPOS="339"/>
							<String ID="string_167" HPOS="352" VPOS="832" WIDTH="142" HEIGHT="28" WC="0.92" CONTENT="omredigeras"/><SP WIDTH="14" VPOS="832" HPOS="494"/>
							<String ID="string_168" HPOS="508" VPOS="832" WIDTH="8" HEIGHT="21" WC="0.97" CONTENT="i"/><SP WIDTH="14" VPOS="832" HPOS="516"/>
							<String ID="string_169" HPOS="530" VPOS="832" WIDTH="53" HEIGHT="28" WC="0.96" CONTENT="följd"/><SP WIDTH="14" VPOS="832" HPOS="583"/>
							<String ID="string_170" HPOS="597" VPOS="832" WIDTH="24" HEIGHT="22" WC="0.96" CONTENT="af"/><SP WIDTH="12" VPOS="832" HPOS="621"/>
							<String ID="string_171" HPOS="633" VPOS="833" WIDTH="41" HEIGHT="21" WC="0.96" CONTENT="den"/><SP WIDTH="15" VPOS="833" HPOS="674"/>
							<String ID="string_172" HPOS="689" VPOS="833" WIDTH="96" HEIGHT="27" WC="0.95" CONTENT="ändring,"/><SP WIDTH="12" VPOS="833" HPOS="785"/>
							<String ID="string_173" HPOS="797" VPOS="840" WIDTH="46" HEIGHT="14" WC="0.96" CONTENT="som"/><SP WIDTH="12" VPOS="840" HPOS="843"/>
							<String ID="string_174" HPOS="855" VPOS="832" WIDTH="85" HEIGHT="23" WC="0.96" CONTENT="ståndet"/>
						</TextLine>
						<TextLine ID="line_21" HPOS="192" VPOS="866" WIDTH="354" HEIGHT="28">
							<String ID="string_175" HPOS="192" VPOS="867" WIDTH="88" HEIGHT="22" WC="0.90" CONTENT="beslutit"/><SP WIDTH="13" VPOS="867" HPOS="280"/>
							<String ID="string_176" HPOS="293" VPOS="867" WIDTH="36" HEIGHT="21" WC="0.96" CONTENT="vid"/><SP WIDTH="14" VPOS="867" HPOS="329"/>
							<String ID="string_177" HPOS="343" VPOS="866" WIDTH="128" HEIGHT="28" WC="0.96" CONTENT="föregående"/><SP WIDTH="15" VPOS="866" HPOS="471"/>
							<String ID="string_178" HPOS="486" VPOS="868" WIDTH="26" HEIGHT="20" WC="0.95" CONTENT="73"/><SP WIDTH="16" VPOS="868" HPOS="512"/>
							<String ID="string_179" HPOS="528" VPOS="868" WIDTH="18" HEIGHT="26" WC="0.92" CONTENT="8."/>
						</TextLine>
					</TextBlock>
					<TextBlock ID="block_3" HPOS="192" VPOS="900" WIDTH="747" HEIGHT="166">
						<TextLine ID="line_22" HPOS="262" VPOS="900" WIDTH="677" HEIGHT="29">
							<String ID="string_180" HPOS="262" VPOS="903" WIDTH="40" HEIGHT="20" WC="0.78" CONTENT="7:o."/><SP WIDTH="29" VPOS="903" HPOS="302"/>
							<String ID="string_181" HPOS="331" VPOS="900" WIDTH="115" HEIGHT="29" WC="0.95" CONTENT="Angående"/><SP WIDTH="18" VPOS="900" HPOS="446"/>
							<String ID="string_182" HPOS="464" VPOS="902" WIDTH="26" HEIGHT="20" WC="0.96" CONTENT="75"/><SP WIDTH="19" VPOS="902" HPOS="490"/>
							<String ID="string_183" HPOS="509" VPOS="902" WIDTH="19" HEIGHT="26" WC="0.84" CONTENT="&amp;,"/><SP WIDTH="18" VPOS="902" HPOS="528"/>
							<String ID="string_184" HPOS="546" VPOS="908" WIDTH="46" HEIGHT="14" WC="0.93" CONTENT="som"/><SP WIDTH="14" VPOS="908" HPOS="592"/>
							<String ID="string_185" HPOS="606" VPOS="901" WIDTH="80" HEIGHT="28" WC="0.91" CONTENT="jemväl"/><SP WIDTH="14" VPOS="901" HPOS="686"/>
							<String ID="string_186" HPOS="700" VPOS="901" WIDTH="25" HEIGHT="22" WC="0.96" CONTENT="af"/><SP WIDTH="11" VPOS="901" HPOS="725"/>
							<String ID="string_187" HPOS="736" VPOS="902" WIDTH="99" HEIGHT="27" WC="0.96" CONTENT="samtliga"/><SP WIDTH="14" VPOS="902" HPOS="835"/>
							<String ID="string_188" HPOS="849" VPOS="901" WIDTH="90" HEIGHT="22" WC="0.96" CONTENT="stånden"/>
						</TextLine>
						<TextLine ID="line_23" HPOS="192" VPOS="934" WIDTH="745" HEIGHT="29">
							<String ID="string_189" HPOS="192" VPOS="935" WIDTH="33" HEIGHT="22" WC="0.96" CONTENT="till"/><SP WIDTH="14" VPOS="935" HPOS="225"/>
							<String ID="string_190" HPOS="239" VPOS="934" WIDTH="116" HEIGHT="23" WC="0.96" CONTENT="innehållet"/><SP WIDTH="13" VPOS="934" HPOS="355"/>
							<String ID="string_191" HPOS="368" VPOS="934" WIDTH="69" HEIGHT="22" WC="0.96" CONTENT="blifvit"/><SP WIDTH="14" VPOS="934" HPOS="437"/>
							<String ID="string_192" HPOS="451" VPOS="935" WIDTH="105" HEIGHT="28" WC="0.96" CONTENT="godkänd,"/><SP WIDTH="17" VPOS="935" HPOS="556"/>
							<String ID="string_193" HPOS="573" VPOS="935" WIDTH="64" HEIGHT="22" WC="0.96" CONTENT="hafva"/><SP WIDTH="14" VPOS="935" HPOS="637"/>
							<String ID="string_194" HPOS="651" VPOS="935" WIDTH="148" HEIGHT="27" WC="0.96" CONTENT="ridderskapet"/><SP WIDTH="14" VPOS="935" HPOS="799"/>
							<String ID="string_195" HPOS="813" VPOS="936" WIDTH="40" HEIGHT="21" WC="0.96" CONTENT="och"/><SP WIDTH="15" VPOS="936" HPOS="853"/>
							<String ID="string_196" HPOS="868" VPOS="935" WIDTH="69" HEIGHT="27" WC="0.95" CONTENT="adeln,"/>
						</TextLine>
						<TextLine ID="line_24" HPOS="192" VPOS="968" WIDTH="747" HEIGHT="29">
							<String ID="string_197" HPOS="192" VPOS="969" WIDTH="176" HEIGHT="28" WC="0.91" CONTENT="borgareståndet"/><SP WIDTH="21" VPOS="969" HPOS="368"/>
							<String ID="string_198" HPOS="389" VPOS="971" WIDTH="55" HEIGHT="20" WC="0.96" CONTENT="samt"/><SP WIDTH="21" VPOS="971" HPOS="444"/>
							<String ID="string_199" HPOS="465" VPOS="968" WIDTH="155" HEIGHT="23" WC="0.93" CONTENT="bondeståndet"/><SP WIDTH="20" VPOS="968" HPOS="620"/>
							<String ID="string_200" HPOS="640" VPOS="969" WIDTH="93" HEIGHT="27" WC="0.90" CONTENT="beslutit,"/><SP WIDTH="26" VPOS="969" HPOS="733"/>
							<String ID="string_201" HPOS="759" VPOS="971" WIDTH="31" HEIGHT="20" WC="0.95" CONTENT="att"/><SP WIDTH="25" VPOS="971" HPOS="790"/>
							<String ID="string_202" HPOS="815" VPOS="970" WIDTH="124" HEIGHT="21" WC="0.95" CONTENT="densamma"/>
						</TextLine>
						<TextLine ID="line_25" HPOS="193" VPOS="1003" WIDTH="745" HEIGHT="28">
							<String ID="string_203" HPOS="193" VPOS="1004" WIDTH="54" HEIGHT="21" WC="0.95" CONTENT="skall"/><SP WIDTH="14" VPOS="1004" HPOS="247"/>
							<String ID="string_204" HPOS="261" VPOS="1003" WIDTH="139" HEIGHT="22" WC="0.96" CONTENT="underkastas"/><SP WIDTH="15" VPOS="1003" HPOS="400"/>
							<String ID="string_205" HPOS="415" VPOS="1003" WIDTH="67" HEIGHT="22" WC="0.93" CONTENT="sådan"/><SP WIDTH="14" VPOS="1003" HPOS="482"/>
							<String ID="string_206" HPOS="496" VPOS="1004" WIDTH="161" HEIGHT="27" WC="0.91" CONTENT="omredigering,"/><SP WIDTH="12" VPOS="1004" HPOS="657"/>
							<String ID="string_207" HPOS="669" VPOS="1011" WIDTH="45" HEIGHT="14" WC="0.96" CONTENT="som"/><SP WIDTH="11" VPOS="1011" HPOS="714"/>
							<String ID="string_208" HPOS="725" VPOS="1003" WIDTH="96" HEIGHT="28" WC="0.95" CONTENT="påkallas"/><SP WIDTH="12" VPOS="1003" HPOS="821"/>
							<String ID="string_209" HPOS="833" VPOS="1004" WIDTH="24" HEIGHT="21" WC="0.93" CONTENT="af"/><SP WIDTH="8" VPOS="1004" HPOS="857"/>
							<String ID="string_210" HPOS="865" VPOS="1004" WIDTH="73" HEIGHT="21" WC="0.92" CONTENT="ofvan-"/>
						</TextLine>
						<TextLine ID="line_26" HPOS="193" VPOS="1037" WIDTH="708" HEIGHT="29">
							<String ID="string_211" HPOS="193" VPOS="1038" WIDTH="90" HEIGHT="22" WC="0.96" CONTENT="anförda"/><SP WIDTH="13" VPOS="1038" HPOS="283"/>
							<String ID="string_212" HPOS="296" VPOS="1038" WIDTH="50" HEIGHT="21" WC="0.96" CONTENT="utaf"/><SP WIDTH="11" VPOS="1038" HPOS="346"/>
							<String ID="string_213" HPOS="357" VPOS="1038" WIDTH="91" HEIGHT="21" WC="0.96" CONTENT="nämnde"/><SP WIDTH="15" VPOS="1038" HPOS="448"/>
							<String ID="string_214" HPOS="463" VPOS="1037" WIDTH="62" HEIGHT="22" WC="0.96" CONTENT="stånd"/><SP WIDTH="14" VPOS="1037" HPOS="525"/>
							<String ID="string_215" HPOS="539" VPOS="1038" WIDTH="110" HEIGHT="21" WC="0.95" CONTENT="beslutade"/><SP WIDTH="14" VPOS="1038" HPOS="649"/>
							<String ID="string_216" HPOS="663" VPOS="1038" WIDTH="126" HEIGHT="28" WC="0.95" CONTENT="förändring"/><SP WIDTH="15" VPOS="1038" HPOS="789"/>
							<String ID="string_217" HPOS="804" VPOS="1039" WIDTH="23" HEIGHT="20" WC="0.96" CONTENT="af"/><SP WIDTH="14" VPOS="1039" HPOS="827"/>
							<String ID="string_218" HPOS="841" VPOS="1040" WIDTH="26" HEIGHT="19" WC="0.96" CONTENT="73"/><SP WIDTH="16" VPOS="1040" HPOS="867"/>
							<String ID="string_219" HPOS="883" VPOS="1039" WIDTH="18" HEIGHT="27" WC="0.92" CONTENT="8."/>
						</TextLine>
					</TextBlock>
					<TextBlock ID="block_4" HPOS="191" VPOS="1072" WIDTH="748" HEIGHT="165">
						<TextLine ID="line_27" HPOS="260" VPOS="1072" WIDTH="678" HEIGHT="28">
							<String ID="string_220" HPOS="260" VPOS="1074" WIDTH="41" HEIGHT="19" WC="0.88" CONTENT="8:0."/><SP WIDTH="29" VPOS="1074" HPOS="301"/>
							<String ID="string_221" HPOS="330" VPOS="1072" WIDTH="168" HEIGHT="21" WC="0.89" CONTENT="Vidkommande"/><SP WIDTH="19" VPOS="1072" HPOS="498"/>
							<String ID="string_222" HPOS="517" VPOS="1073" WIDTH="26" HEIGHT="20" WC="0.96" CONTENT="35"/><SP WIDTH="18" VPOS="1073" HPOS="543"/>
							<String ID="string_223" HPOS="561" VPOS="1073" WIDTH="40" HEIGHT="20" WC="0.96" CONTENT="och"/><SP WIDTH="23" VPOS="1073" HPOS="601"/>
							<String ID="string_224" HPOS="624" VPOS="1073" WIDTH="26" HEIGHT="20" WC="0.96" CONTENT="50"/><SP WIDTH="23" VPOS="1073" HPOS="650"/>
							<String ID="string_225" HPOS="673" VPOS="1073" WIDTH="24" HEIGHT="27" WC="0.62" CONTENT="$$"/><SP WIDTH="22" VPOS="1073" HPOS="697"/>
							<String ID="string_226" HPOS="719" VPOS="1073" WIDTH="40" HEIGHT="20" WC="0.93" CONTENT="har"/><SP WIDTH="22" VPOS="1073" HPOS="759"/>
							<String ID="string_227" HPOS="781" VPOS="1072" WIDTH="157" HEIGHT="27" WC="0.91" CONTENT="presteständet"/>
						</TextLine>
						<TextLine ID="line_28" HPOS="192" VPOS="1105" WIDTH="747" HEIGHT="24">
							<String ID="string_228" HPOS="192" VPOS="1106" WIDTH="56" HEIGHT="22" WC="0.93" CONTENT="velat"/><SP WIDTH="13" VPOS="1106" HPOS="248"/>
							<String ID="string_229" HPOS="261" VPOS="1106" WIDTH="65" HEIGHT="21" WC="0.93" CONTENT="hafva"/><SP WIDTH="14" VPOS="1106" HPOS="326"/>
							<String ID="string_230" HPOS="340" VPOS="1106" WIDTH="33" HEIGHT="21" WC="0.96" CONTENT="för"/><SP WIDTH="14" VPOS="1106" HPOS="373"/>
							<String ID="string_231" HPOS="387" VPOS="1105" WIDTH="41" HEIGHT="22" WC="0.93" CONTENT="den"/><SP WIDTH="14" VPOS="1105" HPOS="428"/>
							<String ID="string_232" HPOS="442" VPOS="1105" WIDTH="107" HEIGHT="22" WC="0.91" CONTENT="blifvande"/><SP WIDTH="14" VPOS="1105" HPOS="549"/>
							<String ID="string_233" HPOS="563" VPOS="1106" WIDTH="138" HEIGHT="22" WC="0.91" CONTENT="redaktionen"/><SP WIDTH="15" VPOS="1106" HPOS="701"/>
							<String ID="string_234" HPOS="716" VPOS="1106" WIDTH="24" HEIGHT="21" WC="0.93" CONTENT="af"/><SP WIDTH="12" VPOS="1106" HPOS="740"/>
							<String ID="string_235" HPOS="752" VPOS="1107" WIDTH="125" HEIGHT="21" WC="0.93" CONTENT="ständernas"/><SP WIDTH="12" VPOS="1107" HPOS="877"/>
							<String ID="string_236" HPOS="889" VPOS="1114" WIDTH="50" HEIGHT="15" WC="0.96" CONTENT="svar"/>
						</TextLine>
						<TextLine ID="line_29" HPOS="192" VPOS="1139" WIDTH="745" HEIGHT="30">
							<String ID="string_237" HPOS="192" VPOS="1140" WIDTH="99" HEIGHT="22" WC="0.96" CONTENT="anmärkt"/><SP WIDTH="11" VPOS="1140" HPOS="291"/>
							<String ID="string_238" HPOS="302" VPOS="1141" WIDTH="32" HEIGHT="20" WC="0.93" CONTENT="att"/><SP WIDTH="10" VPOS="1141" HPOS="334"/>
							<String ID="string_239" HPOS="344" VPOS="1139" WIDTH="158" HEIGHT="22" WC="0.92" CONTENT="bibehällandet"/><SP WIDTH="11" VPOS="1139" HPOS="502"/>
							<String ID="string_240" HPOS="513" VPOS="1140" WIDTH="51" HEIGHT="21" WC="0.93" CONTENT="eller"/><SP WIDTH="10" VPOS="1140" HPOS="564"/>
							<String ID="string_241" HPOS="574" VPOS="1140" WIDTH="158" HEIGHT="22" WC="0.91" CONTENT="utelemnandet"/><SP WIDTH="11" VPOS="1140" HPOS="732"/>
							<String ID="string_242" HPOS="743" VPOS="1141" WIDTH="24" HEIGHT="21" WC="0.93" CONTENT="af"/><SP WIDTH="8" VPOS="1141" HPOS="767"/>
							<String ID="string_243" HPOS="775" VPOS="1141" WIDTH="61" HEIGHT="21" WC="0.93" CONTENT="ordet"/><SP WIDTH="15" VPOS="1141" HPOS="836"/>
							<String ID="string_244" HPOS="851" VPOS="1141" WIDTH="86" HEIGHT="28" WC="0.84" CONTENT=",kyrko-"/>
						</TextLine>
						<TextLine ID="line_30" HPOS="191" VPOS="1173" WIDTH="747" HEIGHT="30">
							<String ID="string_245" HPOS="191" VPOS="1174" WIDTH="46" HEIGHT="27" WC="0.90" CONTENT="lag*"/><SP WIDTH="15" VPOS="1174" HPOS="237"/>
							<String ID="string_246" HPOS="252" VPOS="1175" WIDTH="8" HEIGHT="20" WC="0.96" CONTENT="i"/><SP WIDTH="13" VPOS="1175" HPOS="260"/>
							<String ID="string_247" HPOS="273" VPOS="1174" WIDTH="93" HEIGHT="21" WC="0.96" CONTENT="nämnda"/><SP WIDTH="15" VPOS="1174" HPOS="366"/>
							<String ID="string_248" HPOS="381" VPOS="1174" WIDTH="24" HEIGHT="27" WC="0.96" CONTENT="$$"/><SP WIDTH="14" VPOS="1174" HPOS="405"/>
							<String ID="string_249" HPOS="419" VPOS="1173" WIDTH="45" HEIGHT="22" WC="0.96" CONTENT="helt"/><SP WIDTH="14" VPOS="1173" HPOS="464"/>
							<String ID="string_250" HPOS="478" VPOS="1174" WIDTH="39" HEIGHT="21" WC="0.93" CONTENT="och"/><SP WIDTH="10" VPOS="1174" HPOS="517"/>
							<String ID="string_251" HPOS="527" VPOS="1173" WIDTH="66" HEIGHT="22" WC="0.91" CONTENT="hället"/><SP WIDTH="10" VPOS="1173" HPOS="593"/>
							<String ID="string_252" HPOS="603" VPOS="1174" WIDTH="93" HEIGHT="21" WC="0.89" CONTENT="berodde"/><SP WIDTH="11" VPOS="1174" HPOS="696"/>
							<String ID="string_253" HPOS="707" VPOS="1173" WIDTH="73" HEIGHT="29" WC="0.93" CONTENT="derpä,"/><SP WIDTH="15" VPOS="1173" HPOS="780"/>
							<String ID="string_254" HPOS="795" VPOS="1175" WIDTH="55" HEIGHT="20" WC="0.93" CONTENT="huru"/><SP WIDTH="11" VPOS="1175" HPOS="850"/>
							<String ID="string_255" HPOS="861" VPOS="1174" WIDTH="77" HEIGHT="29" WC="0.93" CONTENT="frägan"/>
						</TextLine>
						<TextLine ID="line_31" HPOS="192" VPOS="1207" WIDTH="695" HEIGHT="30">
							<String ID="string_256" HPOS="192" VPOS="1215" WIDTH="34" HEIGHT="14" WC="0.93" CONTENT="om"/><SP WIDTH="14" VPOS="1215" HPOS="226"/>
							<String ID="string_257" HPOS="240" VPOS="1208" WIDTH="135" HEIGHT="28" WC="0.84" CONTENT="kyrkomötes"/><SP WIDTH="14" VPOS="1208" HPOS="375"/>
							<String ID="string_258" HPOS="389" VPOS="1207" WIDTH="187" HEIGHT="28" WC="0.91" CONTENT="lagstiftningsrätt"/><SP WIDTH="13" VPOS="1207" HPOS="576"/>
							<String ID="string_259" HPOS="589" VPOS="1208" WIDTH="76" HEIGHT="21" WC="0.93" CONTENT="blifver"/><SP WIDTH="15" VPOS="1208" HPOS="665"/>
							<String ID="string_260" HPOS="680" VPOS="1207" WIDTH="102" HEIGHT="23" WC="0.93" CONTENT="definitivt"/><SP WIDTH="14" VPOS="1207" HPOS="782"/>
							<String ID="string_261" HPOS="796" VPOS="1209" WIDTH="91" HEIGHT="28" WC="0.87" CONTENT="afgjord."/>
						</TextLine>
					</TextBlock>
					<TextBlock ID="block_5" HPOS="189" VPOS="1241" WIDTH="749" HEIGHT="166">
						<TextLine ID="line_32" HPOS="258" VPOS="1241" WIDTH="680" HEIGHT="27">
							<String ID="string_262" HPOS="258" VPOS="1241" WIDTH="48" HEIGHT="21" WC="0.93" CONTENT="Den"/><SP WIDTH="13" VPOS="1241" HPOS="306"/>
							<String ID="string_263" HPOS="319" VPOS="1241" WIDTH="203" HEIGHT="27" WC="0.91" CONTENT="sammanjemkning"/><SP WIDTH="14" VPOS="1241" HPOS="522"/>
							<String ID="string_264" HPOS="536" VPOS="1241" WIDTH="25" HEIGHT="20" WC="0.97" CONTENT="af"/><SP WIDTH="12" VPOS="1241" HPOS="561"/>
							<String ID="string_265" HPOS="573" VPOS="1241" WIDTH="26" HEIGHT="21" WC="0.96" CONTENT="de"/><SP WIDTH="14" VPOS="1241" HPOS="599"/>
							<String ID="string_266" HPOS="613" VPOS="1241" WIDTH="105" HEIGHT="21" WC="0.93" CONTENT="särskilda"/><SP WIDTH="14" VPOS="1241" HPOS="718"/>
							<String ID="string_267" HPOS="732" VPOS="1241" WIDTH="99" HEIGHT="22" WC="0.92" CONTENT="ständens"/><SP WIDTH="15" VPOS="1241" HPOS="831"/>
							<String ID="string_268" HPOS="846" VPOS="1242" WIDTH="70" HEIGHT="21" WC="0.94" CONTENT="beslut"/><SP WIDTH="14" VPOS="1242" HPOS="916"/>
							<String ID="string_269" HPOS="930" VPOS="1243" WIDTH="8" HEIGHT="20" WC="0.96" CONTENT="i"/>
						</TextLine>
						<TextLine ID="line_33" HPOS="190" VPOS="1274" WIDTH="746" HEIGHT="29">
							<String ID="string_270" HPOS="190" VPOS="1274" WIDTH="134" HEIGHT="22" WC="0.92" CONTENT="förestäende"/><SP WIDTH="10" VPOS="1274" HPOS="324"/>
							<String ID="string_271" HPOS="334" VPOS="1275" WIDTH="98" HEIGHT="27" WC="0.94" CONTENT="punkter,"/><SP WIDTH="16" VPOS="1275" HPOS="432"/>
							<String ID="string_272" HPOS="448" VPOS="1281" WIDTH="45" HEIGHT="15" WC="0.96" CONTENT="som"/><SP WIDTH="15" VPOS="1281" HPOS="493"/>
							<String ID="string_273" HPOS="508" VPOS="1276" WIDTH="24" HEIGHT="19" WC="0.93" CONTENT="är"/><SP WIDTH="14" VPOS="1276" HPOS="532"/>
							<String ID="string_274" HPOS="546" VPOS="1275" WIDTH="120" HEIGHT="28" WC="0.91" CONTENT="nödvändig"/><SP WIDTH="11" VPOS="1275" HPOS="666"/>
							<String ID="string_275" HPOS="677" VPOS="1275" WIDTH="34" HEIGHT="21" WC="0.93" CONTENT="för"/><SP WIDTH="11" VPOS="1275" HPOS="711"/>
							<String ID="string_276" HPOS="722" VPOS="1275" WIDTH="122" HEIGHT="22" WC="0.92" CONTENT="erhällande"/><SP WIDTH="15" VPOS="1275" HPOS="844"/>
							<String ID="string_277" HPOS="859" VPOS="1276" WIDTH="24" HEIGHT="21" WC="0.96" CONTENT="af"/><SP WIDTH="12" VPOS="1276" HPOS="883"/>
							<String ID="string_278" HPOS="895" VPOS="1276" WIDTH="41" HEIGHT="21" WC="0.96" CONTENT="den"/>
						</TextLine>
						<TextLine ID="line_34" HPOS="189" VPOS="1307" WIDTH="748" HEIGHT="31">
							<String ID="string_279" HPOS="189" VPOS="1309" WIDTH="35" HEIGHT="22" WC="0.96" CONTENT="för"/><SP WIDTH="14" VPOS="1309" HPOS="224"/>
							<String ID="string_280" HPOS="238" VPOS="1310" WIDTH="31" HEIGHT="21" WC="0.93" CONTENT="ett"/><SP WIDTH="14" VPOS="1310" HPOS="269"/>
							<String ID="string_281" HPOS="283" VPOS="1309" WIDTH="124" HEIGHT="22" WC="0.93" CONTENT="ständernas"/><SP WIDTH="14" VPOS="1309" HPOS="407"/>
							<String ID="string_282" HPOS="421" VPOS="1308" WIDTH="70" HEIGHT="23" WC="0.96" CONTENT="beslut"/><SP WIDTH="13" VPOS="1308" HPOS="491"/>
							<String ID="string_283" HPOS="504" VPOS="1309" WIDTH="7" HEIGHT="21" WC="0.93" CONTENT="i"/><SP WIDTH="16" VPOS="1309" HPOS="511"/>
							<String ID="string_284" HPOS="527" VPOS="1307" WIDTH="188" HEIGHT="30" WC="0.92" CONTENT="grundlagsfrägor"/><SP WIDTH="15" VPOS="1307" HPOS="715"/>
							<String ID="string_285" HPOS="730" VPOS="1310" WIDTH="138" HEIGHT="28" WC="0.93" CONTENT="erforderliga"/><SP WIDTH="14" VPOS="1310" HPOS="868"/>
							<String ID="string_286" HPOS="882" VPOS="1317" WIDTH="55" HEIGHT="15" WC="0.90" CONTENT="sam-"/>
						</TextLine>
						<TextLine ID="line_35" HPOS="191" VPOS="1343" WIDTH="744" HEIGHT="30">
							<String ID="string_287" HPOS="191" VPOS="1344" WIDTH="135" HEIGHT="27" WC="0.92" CONTENT="stämmighet"/><SP WIDTH="14" VPOS="1344" HPOS="326"/>
							<String ID="string_288" HPOS="340" VPOS="1343" WIDTH="89" HEIGHT="22" WC="0.92" CONTENT="ständen"/><SP WIDTH="15" VPOS="1343" HPOS="429"/>
							<String ID="string_289" HPOS="444" VPOS="1343" WIDTH="95" HEIGHT="26" WC="0.93" CONTENT="emellan,"/><SP WIDTH="20" VPOS="1343" HPOS="539"/>
							<String ID="string_290" HPOS="559" VPOS="1351" WIDTH="62" HEIGHT="14" WC="0.93" CONTENT="anser"/><SP WIDTH="14" VPOS="1351" HPOS="621"/>
							<String ID="string_291" HPOS="635" VPOS="1344" WIDTH="220" HEIGHT="29" WC="0.91" CONTENT="grundlagsutskottet"/><SP WIDTH="13" VPOS="1344" HPOS="855"/>
							<String ID="string_292" HPOS="868" VPOS="1345" WIDTH="67" HEIGHT="28" WC="0.91" CONTENT="lämp-"/>
						</TextLine>
						<TextLine ID="line_36" HPOS="189" VPOS="1377" WIDTH="419" HEIGHT="30">
							<String ID="string_293" HPOS="189" VPOS="1378" WIDTH="64" HEIGHT="29" WC="0.93" CONTENT="ligast"/><SP WIDTH="14" VPOS="1378" HPOS="253"/>
							<String ID="string_294" HPOS="267" VPOS="1378" WIDTH="72" HEIGHT="21" WC="0.93" CONTENT="kunna"/><SP WIDTH="15" VPOS="1378" HPOS="339"/>
							<String ID="string_295" HPOS="354" VPOS="1378" WIDTH="36" HEIGHT="21" WC="0.93" CONTENT="ske"/><SP WIDTH="13" VPOS="1378" HPOS="390"/>
							<String ID="string_296" HPOS="403" VPOS="1377" WIDTH="30" HEIGHT="29" WC="0.96" CONTENT="pä"/><SP WIDTH="14" VPOS="1377" HPOS="433"/>
							<String ID="string_297" HPOS="447" VPOS="1377" WIDTH="95" HEIGHT="28" WC="0.96" CONTENT="följande"/><SP WIDTH="14" VPOS="1377" HPOS="542"/>
							<String ID="string_298" HPOS="556" VPOS="1380" WIDTH="52" HEIGHT="19" WC="0.96" CONTENT="sätt:"/>
						</TextLine>
					</TextBlock>
					<TextBlock ID="block_6" HPOS="189" VPOS="1412" WIDTH="746" HEIGHT="64">
						<TextLine ID="line_37" HPOS="257" VPOS="1412" WIDTH="678" HEIGHT="29">
							<String ID="string_299" HPOS="257" VPOS="1413" WIDTH="63" HEIGHT="21" WC="0.91" CONTENT="Hvad"/><SP WIDTH="16" VPOS="1413" HPOS="320"/>
							<String ID="string_300" HPOS="336" VPOS="1412" WIDTH="55" HEIGHT="22" WC="0.96" CONTENT="först"/><SP WIDTH="17" VPOS="1412" HPOS="391"/>
							<String ID="string_301" HPOS="408" VPOS="1412" WIDTH="103" HEIGHT="22" WC="0.96" CONTENT="beträffar"/><SP WIDTH="19" VPOS="1412" HPOS="511"/>
							<String ID="string_302" HPOS="530" VPOS="1413" WIDTH="21" HEIGHT="27" WC="0.93" CONTENT="1)"/><SP WIDTH="14" VPOS="1413" HPOS="551"/>
							<String ID="string_303" HPOS="565" VPOS="1413" WIDTH="110" HEIGHT="27" WC="0.92" CONTENT="ingressen"/><SP WIDTH="14" VPOS="1413" HPOS="675"/>
							<String ID="string_304" HPOS="689" VPOS="1413" WIDTH="33" HEIGHT="21" WC="0.93" CONTENT="till"/><SP WIDTH="13" VPOS="1413" HPOS="722"/>
							<String ID="string_305" HPOS="735" VPOS="1413" WIDTH="200" HEIGHT="28" WC="0.91" CONTENT="landtdagsordnin-"/>
						</TextLine>
						<TextLine ID="line_38" HPOS="189" VPOS="1445" WIDTH="746" HEIGHT="31">
							<String ID="string_306" HPOS="189" VPOS="1454" WIDTH="41" HEIGHT="20" WC="0.93" CONTENT="gen"/><SP WIDTH="17" VPOS="1454" HPOS="230"/>
							<String ID="string_307" HPOS="247" VPOS="1446" WIDTH="96" HEIGHT="28" WC="0.96" CONTENT="framgår"/><SP WIDTH="17" VPOS="1446" HPOS="343"/>
							<String ID="string_308" HPOS="360" VPOS="1447" WIDTH="24" HEIGHT="21" WC="0.93" CONTENT="af"/><SP WIDTH="15" VPOS="1447" HPOS="384"/>
							<String ID="string_309" HPOS="399" VPOS="1445" WIDTH="134" HEIGHT="24" WC="0.92" CONTENT="förestående"/><SP WIDTH="18" VPOS="1445" HPOS="533"/>
							<String ID="string_310" HPOS="551" VPOS="1446" WIDTH="106" HEIGHT="29" WC="0.82" CONTENT="öfversigt,"/><SP WIDTH="24" VPOS="1446" HPOS="657"/>
							<String ID="string_311" HPOS="681" VPOS="1449" WIDTH="31" HEIGHT="19" WC="0.93" CONTENT="att"/><SP WIDTH="18" VPOS="1449" HPOS="712"/>
							<String ID="string_312" HPOS="730" VPOS="1448" WIDTH="98" HEIGHT="28" WC="0.90" CONTENT="samtlige"/><SP WIDTH="17" VPOS="1448" HPOS="828"/>
							<String ID="string_313" HPOS="845" VPOS="1447" WIDTH="90" HEIGHT="23" WC="0.96" CONTENT="stånden"/>
						</TextLine>
					</TextBlock>
				</ComposedBlock>
				<GraphicalElement ID="cblock_2" HPOS="1003" VPOS="1388" WIDTH="3" HEIGHT="301"></GraphicalElement >
			</PrintSpace>
		</Page>
	</Layout>
</alto>
