1014 1698
325 104 76 25 "Nådiga
412 107 136 22 Propositionen
560 107 35 17 N:o
608 108 16 16 1.
795 109 32 16 105

103 169 102 30 tillstyrkt
218 170 8 21 i
241 169 26 23 de
282 169 66 27 delar,
366 170 61 22 hvari
445 169 99 23 ståndens
560 170 71 22 beslut
648 170 55 23 varit
721 170 128 29 skiljaktiga.

100 204 70 22 Innan
184 204 131 29 omröstning
332 204 8 22 i
357 204 103 23 förstärkt
477 205 82 22 utskott
576 204 113 29 företages,
703 204 55 23 böra
771 212 79 21 propo-

100 239 117 23 sitionerna
228 239 70 22 dertill
312 238 25 23 af
349 239 37 22 det
400 239 63 22 enkla
472 240 104 22 utskottet
585 241 112 26 uppsättas
709 240 40 21 och
760 238 90 24 stånden

100 274 33 22 till
148 274 130 28 granskning
293 274 40 22 och
347 271 155 31 godkännarfle
511 274 129 22 hemställas.
667 274 41 22 Vid
723 274 127 22 omröstnin-

101 316 42 21 gen
156 308 61 27 skall,
231 308 66 22 innan
311 308 98 23 sedlarne
419 308 130 28 uppräknas,
566 315 26 15 en
606 308 25 22 af
644 308 47 22 dem
701 308 102 28 afläggas,
816 308 35 23 för

100 345 39 25 att,
155 343 69 21 derest
238 344 99 20 rösterna
351 342 35 23 vid
400 343 165 28 uppräknandet
583 342 25 22 af
624 342 26 22 de
667 343 70 28 öfriga
754 343 96 22 befinnas

100 378 44 21 lika
159 377 80 27 delade,
255 379 83 27 öppnas
349 377 39 23 och
400 377 75 28 afgöra
484 377 98 23 beslutet.
611 377 62 23 Hvad
687 378 36 22 det
733 378 117 22 förstärkta

99 412 104 22 utskottet
221 411 97 28 sålunda,
336 412 66 29 enligt
420 412 26 22 de
460 412 62 23 flesta
538 414 105 26 rösterna,
660 412 8 22 i
682 412 67 23 saken
763 412 86 29 afgjort,

100 454 52 16 vare
167 446 131 24 Ständernas
312 447 76 23 beslut.

406 477 102 30 875.

168 514 111 22 Infordrar
289 513 104 29 Kejsaren
403 514 41 21 och
455 513 132 22 Storfursten
598 513 129 23 Ständernas
738 514 111 22 utlåtande

99 549 8 21 i
121 548 50 28 mål,
189 556 46 14 som
253 548 56 29 angå
327 548 107 22 allmänna
451 547 163 29 hushållningen
630 548 50 22 eller
695 548 108 22 allmänna
816 549 32 21 in-

99 584 127 28 rättningar,
248 582 36 23 må
304 583 32 22 uti
358 582 115 28 skrifvelse,
496 590 121 21 gemensam
638 583 34 22 för
690 582 97 28 stånden,
808 583 40 22 hos

98 618 106 29 Kejsaren
221 618 96 22 anmälas
334 618 57 22 hvad
409 618 119 22 Ständerna
546 618 229 22 sammanstämmande
789 618 58 26 eller,

99 660 36 15 om
145 653 183 28 samstämmighet
339 652 89 22 stånden
439 652 90 22 emellan
540 652 19 28 ej
571 659 51 21 eger
631 660 54 19 rum,
701 652 74 29 hvarje
785 652 64 26 stånd

99 687 35 22 för
149 688 32 28 sig
195 688 8 21 i
217 687 66 23 saken
297 688 73 28 yttrat.

443 716 11 28 $
471 716 33 21 76.

167 754 32 22 De
213 754 76 26 beslut,
304 753 71 23 hvilka
388 752 108 24 innehålla
510 760 48 16 svar
572 752 29 29 på
616 753 104 29 Kejsaren
734 754 41 21 och
789 753 59 23 Stor-

98 789 93 22 furstens
209 788 33 22 till
264 788 120 22 Ständerna
405 787 81 23 aflåtna
506 788 163 28 propositioner,
692 788 108 22 äfvensom
822 788 27 22 de

98 823 182 28 framställningar
298 823 32 22 till
347 823 111 28 Kejsaren,
477 822 120 23 Ständerna
614 823 7 21 i
640 823 64 28 öfrigt
718 825 131 26 gemensamt

98 859 95 26 beslutit,
208 858 60 23 skola
282 865 77 22 genom
373 858 109 22 skrifvelse
496 858 33 22 till
543 857 105 28 Kejsaren
661 857 97 29 afgifvas.

444 905 12 28 8
472 906 33 20 77.

166 942 49 23 Alla
228 942 35 22 för
277 941 99 29 samtliga
390 941 90 23 stånden
495 948 157 22 gemensamma
669 941 128 27 skrifvelser,
817 942 31 21 äf-

98 984 87 16 vensom
206 977 213 28 landtdagsbeslutet,
434 978 112 27 uppsättas
569 977 40 21 och
631 976 124 28 expedieras
777 976 24 22 af
818 978 31 20 ett

98 1012 103 23 särskildt
215 1011 219 29 expeditionsutskott,
452 1010 115 23 bestäende
582 1011 24 22 af
618 1009 35 24 tvä
668 1010 118 23 ledamöter
799 1009 49 24 frän

99 1047 75 28 hvarje
189 1045 68 24 stånd.

446 1076 12 28 8
473 1076 33 21 78.

167 1110 26 29 Ej
213 1109 36 24 må
266 1109 71 30 någon
355 1110 121 28 expedition
494 1109 48 22 från
560 1109 120 22 Ständerna
701 1107 59 30 utgå,
782 1109 67 22 innan

76 1139 4 4 *
99 1145 42 22 den
161 1145 70 22 blifvit
249 1145 98 28 justerad
368 1145 56 22 inför
446 1144 89 23 stånden
557 1144 52 23 eller
627 1144 26 22 de
675 1143 173 23 förtroendemän

100 1180 120 22 Ständerna
233 1180 9 22 i
256 1179 78 22 sådant
348 1179 100 22 afseende
462 1181 72 20 utsett.

446 1226 12 27 8
473 1227 34 20 79.

167 1263 217 28 Landtdagsbeslutet
404 1262 158 22 underskrifves
584 1262 24 22 af
627 1261 101 23 ständens
749 1260 100 29 samtliga

99 1298 144 26 medlemmar,
254 1305 50 14 men
314 1297 68 28 öfriga
393 1296 49 23 från
453 1297 119 22 Ständerna
582 1296 106 29 utgående
703 1296 146 27 expeditioner

99 1332 156 21 undertecknas
270 1331 76 22 endast
360 1331 25 21 af
396 1331 205 21 Landtmarskalken
616 1331 40 21 och
671 1331 129 20 talmännen.

443 1376 12 27 8
470 1377 34 20 80.

168 1414 35 22 Då
222 1414 104 29 landtdag
348 1413 54 22 skall
423 1413 95 28 afslutas,
541 1413 81 22 infinna
639 1413 38 28 sig,
692 1411 30 29 på
735 1411 73 23 härtill
827 1411 24 23 af

100 1449 104 30 Kejsaren
219 1449 40 23 och
274 1449 131 22 Storfursten
419 1450 69 21 utsatt
502 1449 48 28 dag,
564 1448 212 29 landtdagsmännen,
795 1447 54 22 efter
