1000 1681
293 101 71 23 Nådiga
376 103 135 21 Propositionen
523 103 34 17 N:o
571 104 14 15 7.
755 104 34 16 389

60 164 41 23 ska
116 163 22 24 få
140 164 92 29 kyrkor
248 164 72 24 kunde
337 164 111 29 uppföras,
467 164 70 26 såsom
555 166 60 22 fallet
633 167 58 21 ännu
705 167 25 23 är
744 167 8 21 i
766 166 45 23 lan-

62 198 46 23 dets
122 199 123 28 nordligare
260 198 65 23 delar.
355 199 165 29 Tillfälligheten
537 200 25 22 af
574 200 63 22 dessa
649 200 91 29 kyrkors
754 201 57 22 belä-

61 234 78 27 genhet
151 234 45 22 bör
213 234 47 22 icke
277 234 68 22 heller
361 234 102 28 billigtvis
477 234 33 22 för
525 235 29 21 all
567 235 32 21 tid
614 242 71 20 gynna
700 235 48 22 dem
761 236 49 20 när-

61 270 56 19 mast.
130 268 135 28 omgifvande
280 269 160 22 socknetrakter
454 268 29 28 pä
497 269 26 21 de
538 276 59 14 mera
608 269 107 28 aflägsnas
726 270 84 20 bekost-

60 302 50 21 nad.
139 302 46 21 När
202 301 129 23 invänarene
349 302 7 21 i
374 302 63 22 dessa
455 303 95 26 sednare,
565 303 54 22 efter
634 305 31 19 att
680 303 64 22 hafva
758 305 52 19 utan

60 336 150 22 motsvarande
228 336 94 22 fördelar
340 336 63 28 länge
419 336 70 28 dragit
503 344 81 15 samma
598 339 67 25 tunga
679 337 49 22 med
743 338 68 27 öfrige

60 370 131 22 sockneboer
204 370 8 21 i
228 370 98 22 afseende
341 370 13 22 å
369 371 76 27 kyrko-
460 371 39 21 och
517 370 224 29 prestgärdsbyggnad
756 374 55 19 samt

59 404 169 27 presterskapets
244 404 104 28 aflöning,
366 404 24 23 af
406 405 99 23 omtanke
523 405 34 22 för
575 412 26 14 en
615 405 72 22 bättre
701 406 109 27 religions-

59 437 53 25 värd
126 438 69 23 iklädt
209 439 32 27 sig
259 446 39 21 nya
311 439 69 28 dryga
397 439 115 22 kostnader
529 440 34 21 för
577 441 32 20 att
624 438 81 23 erhälla
720 440 90 22 särskild

59 472 71 28 kyrka.
146 473 40 23 och
204 473 136 30 själasörjare
355 476 58 20 samt
424 473 82 23 således
520 474 47 22 icke
581 474 73 22 vidare
668 474 92 22 behöfva
774 474 35 22 be-

59 514 71 21 gagna
150 507 168 29 moderkyrkan,
336 507 54 23 böra
412 508 26 22 de
459 508 18 28 ej
498 508 69 24 heller
587 516 53 14 vara
660 508 96 28 skyldige
778 510 32 20 att

61 542 125 22 densamma
198 542 107 28 framgent
319 542 71 28 bygga
405 543 40 21 och
459 542 132 25 underhälla..
620 543 42 21 Det
676 543 43 21 kan
729 543 35 21 väl
778 544 31 20 in-

59 576 80 22 vändas
154 578 32 20 att
201 576 26 22 de
241 576 35 22 vid
290 576 157 28 moderkyrkan
462 577 129 28 gvarblifnes
605 577 204 28 byggnadsskyldig-

59 610 36 23 het
113 617 77 21 genom
207 610 104 28 kapellets.
329 610 127 22 frikallande
475 610 206 25 derifrän
579 606 10 37 ;
594 610 84 25 kommer
700 613 31 19 att
752 611 57 21 förö-

58 644 49 27 kas;
125 652 49 14 men
193 643 28 23 dä
238 644 227 28 moderförsamlingen
483 646 40 21 har
541 647 32 20 att
594 644 98 28 päräkna
713 653 27 14 en
761 645 48 21 full-

58 678 119 28 komligare
194 678 108 28 själavärd
320 679 24 21 af
360 679 47 21 sina
424 681 89 25 prester,
533 680 66 21 sedan
617 680 71 21 desses
703 680 106 21 verksam-

58 713 36 21 het
112 713 8 21 i
138 713 26 21 de
182 713 121 27 aflägsnare
321 713 86 22 delarne
429 714 24 21 af
472 714 93 22 socknen
586 714 48 21 icke
654 714 81 28 längre,
758 713 51 22 eller

56 746 153 29 jemförelsevis
224 754 60 15 mera
298 748 68 24 sällan
380 750 59 26 tages
455 748 7 22 i
477 747 99 29 anspräk,
589 750 24 19 är
628 748 36 22 det
678 748 85 21 rättvist
778 749 32 20 att

58 781 226 29 moderförsamlingen
306 782 33 22 för:
362 782 75 26 denna
452 782 85 31 förmån
558 782 61 22 äfven
641 781 34 22 får
692 782 117 22 vidkännas

58 815 72 29 någon
143 818 70 20 större
227 816 129 28 uppoffring.
386 812 63 28 Ännu
463 824 60 15 mera
537 817 8 21 i
559 818 82 26 ögonen
656 816 94 22 fallande
760 816 48 22 blif-

58 858 49 17 ver.
115 850 167 28 olämpligheten.
304 851 24 21 af
345 850 165 29 ifrågavarande
528 851 118 28 stadgande
663 850 29 22 då
710 850 99 22 afseende

58 885 68 23 fästas
144 884 14 25 å
171 886 48 22 det
230 886 88 24 alldeles
336 886 57 24 olika
411 885 140 27 förhällande,
570 892 46 16 som
637 892 50 21 eger
708 893 48 13 rum
774 885 35 21 vid

57 921 133 26 pastoraters
208 920 102 28 klyfning.
340 920 41 24 Om
399 921 30 20 ett
447 920 70 27 kapell
536 920 51 22 eller
606 927 26 13 en
649 919 113 22 socknedel
777 926 32 14 er-

57 953 71 23 håller
144 954 145 28 vederbörligt
306 953 97 24 tillstånd
421 956 32 20 att
471 953 48 23 från
536 954 227 27 moderförsamlingen
778 954 30 21 af-

58 988 74 28 skiljas
150 988 34 22 till
201 990 48 26 eget
266 990 104 26 pastorat,
389 988 80 24 befrias.
487 989 41 22 den
549 988 91 23 sålunda
660 988 86 22 bildade
767 995 43 21 nya

57 1023 152 27 församlingen
223 1024 8 20 i
246 1024 40 21 och
304 1024 49 20 med
371 1023 117 22 detsamma
505 1024 47 21 icke
566 1023 90 22 allenast
670 1022 48 22 från
733 1023 75 27 kyrko-

59 1058 40 21 och
113 1056 225 30 prestgårdsbyggnad
353 1058 34 22 vid
403 1057 40 22 den
457 1058 60 23 förra
533 1057 163 28 moderkyrkan,
710 1059 53 19 utan
778 1057 31 21 äf-

59 1100 40 14 ven
114 1091 48 23 från
177 1092 43 21 alla
234 1092 77 28 bidrag
325 1092 33 21 till
373 1092 36 21 det
424 1092 131 21 dervarande
572 1092 170 27 presterskapets
757 1090 51 22 aflö-

58 1127 58 28 ning,
135 1127 41 21 och
196 1126 227 28 moderförsamlingen
444 1126 68 22 måste
534 1125 88 27 således,
641 1126 7 21 i
671 1126 71 28 dylika
764 1126 44 26 fall,

58 1162 58 21 finna
135 1162 33 27 sig
184 1161 36 21 vid
238 1162 32 20 att
288 1168 35 14 om
342 1161 38 21 allt
399 1160 58 22 detta
475 1168 73 14 ensam
567 1160 67 27 draga
655 1160 91 28 försorg.
776 1159 33 22 Då

58 1196 35 21 vid
108 1194 67 23 sådan
189 1195 215 28 pastoratsreglering
418 1194 236 28 moderförsamlingens
670 1194 45 22 ofta
724 1194 85 28 yttrade

58 1231 81 26 vägran
156 1230 34 20 till
208 1229 41 21 den
266 1229 123 31 föreslagna
407 1228 150 29 afsöndringen
575 1228 67 22 måste
660 1228 49 22 vika
727 1228 34 22 för
783 1228 26 22 de

58 1264 104 28 vigtigare
177 1264 51 26 skäl,
245 1271 46 14 som
304 1262 46 22 tala
363 1263 34 21 för
412 1270 26 14 en
452 1271 28 20 ny
494 1262 191 29 kyrkoinrättning,
697 1270 61 20 synes
774 1262 35 22 det

58 1298 128 27 följdriktigt
200 1300 33 20 att
247 1297 202 27 kapellförsamling,
465 1305 45 13 som
522 1304 73 14 ensam
606 1297 77 27 drager
694 1297 43 21 alla
751 1297 57 21 kost-

58 1331 68 21 nader
144 1330 34 22 för
196 1330 34 22 sin
248 1338 53 20 egen
319 1331 78 27 kyrkas
418 1329 195 28 upprätthållande,
632 1330 67 26 äfven,
722 1329 87 28 sålänge

59 1365 41 21 den
115 1364 83 22 aflönar
211 1364 133 28 kyrkoherde
362 1366 131 26 gemensamt
510 1364 48 21 med
576 1364 232 27 moderförsamlingen,

59 1400 96 22 frikallas
172 1398 49 23 från
240 1399 41 22 den
299 1399 80 22 dubbla
396 1398 257 29 byggnadsskyldigheten
674 1398 34 22 till
725 1398 84 22 moder-

60 1434 82 30 kyrkan
156 1434 41 22 och
211 1434 57 22 hvad
282 1434 72 22 dertill
367 1434 70 26 hörer,
453 1433 70 23 såsom
537 1433 138 28 klockstapel,
687 1433 120 29 kyrkomur,
