1009 1695
194 117 33 16 120
397 115 71 23 Nädiga
479 116 137 21 Propositionen
627 115 34 17 N:o
674 115 16 16 2.

172 187 35 14 om
222 187 70 14 annan
306 179 92 22 likartad
410 179 40 22 och
461 179 41 22 den
512 179 61 22 förra
582 179 48 22 icke
639 178 151 22 underordnad
800 179 120 27 befattning

173 214 77 22 honom
266 213 104 29 erbjudes,
385 221 52 15 vara
451 214 83 28 skyldig
550 215 32 20 att
596 213 122 22 densamma
734 215 112 26 emottaga,
858 213 62 22 hvar-

173 248 35 22 vid
224 249 40 22 den
278 248 83 23 skilnad
376 249 68 28 göres,
463 250 32 20 att
514 249 26 21 de
557 249 9 21 i
590 249 6 20 2
614 256 64 14 mom.
698 249 12 20 2
726 249 11 27 $
753 249 39 21 och
806 248 9 21 i
831 249 10 20 1
858 255 62 14 mom.

174 285 12 20 3
202 285 12 26 &
230 283 25 21 af
266 282 79 29 nådiga
358 283 161 28 propositionen
533 283 140 22 omförmälde
684 283 90 22 embets-
785 283 39 22 och
836 283 86 28 tjenste-

174 319 50 21 män
242 318 113 28 förpligtas
373 320 31 20 att
423 320 107 26 emottaga
549 319 48 21 dem
615 318 103 28 erbjuden
736 318 120 28 befattning
870 319 53 20 utan

176 353 98 22 afseende
289 351 13 23 å
317 353 41 22 den
372 355 34 20 ort
420 353 57 22 inom
492 353 80 24 landet,
586 353 86 22 hvarest
687 353 123 22 densamma
824 352 55 23 skall
889 354 34 20 ut-

176 387 65 27 öfvas,
256 387 110 22 hvaremot
380 387 70 29 öfriga
464 388 89 22 embets-
569 388 40 21 och
623 387 134 28 tjenstemän,
776 395 46 14 som
840 387 85 28 åtnjuta

177 423 75 27 anslag
266 421 14 22 å
296 422 197 28 indragnings-stat,
516 422 106 22 förklaras
644 421 98 29 skyldiga
764 424 32 19 att
817 423 108 27 emottaga

178 456 48 22 dem
240 456 88 22 anvisad
342 456 120 28 befattning
480 457 76 21 endast
574 456 38 22 der
629 457 86 21 hvarest
733 456 27 22 de
774 456 32 22 sin
820 456 106 28 indragna

177 491 197 28 tjenstebefattning
398 491 83 22 utöfvat
506 491 52 22 eller
582 491 38 22 der
646 491 26 22 de
694 492 37 21 äro
753 491 90 22 bosatte.
879 491 48 21 Den

179 526 120 28 grundsats,
315 527 32 20 att
362 526 89 22 embets-
466 525 52 23 eller
531 526 133 28 tjensteman,
684 532 46 15 som
744 524 94 30 åtnjuter
853 525 75 28 anslag

180 560 24 22 af
216 562 76 25 staten,
306 560 42 22 bör
361 562 97 26 prestera
472 560 150 22 motsvarande
636 560 74 22 arbete
720 560 35 22 för
766 560 36 22 det
812 561 115 25 allmänna,

180 594 68 22 mäste
261 595 35 21 väl
311 595 105 22 erkännas
433 602 53 15 vara
503 596 72 28 riktig.
605 595 235 28 Grundlags-utskottet
853 595 76 22 tvekar

181 630 84 22 derföre
280 630 18 28 ej
315 631 31 20 att
360 630 106 28 tillstyrka
481 630 141 22 förevarande
640 631 11 27 $
671 630 8 21 i
696 630 79 28 nådiga
789 630 140 28 proposition,

181 664 56 22 helst
254 664 187 28 bestämningarne
460 664 44 22 deri
524 672 62 20 synas
604 665 104 21 utskottet
725 672 53 14 vara
796 664 71 28 enliga
880 664 50 22 med

158 700 2 2 *
181 698 98 28 billighet
294 699 40 21 och
348 699 94 26 rättvisa,
462 700 52 20 enär
529 699 79 27 jemväl
627 699 31 26 de,
678 698 23 22 åt
718 699 72 21 hvilka
810 699 120 27 befattning

182 733 84 21 anvisas
282 732 13 22 å
309 740 71 14 annan
396 735 33 19 ort
443 734 28 21 än
486 732 47 27 den,
549 734 38 20 der
602 733 26 22 de
643 735 37 19 äro
694 734 90 26 bosatte,
799 734 86 21 komma
900 735 33 20 att

183 766 82 23 erhålla
278 767 174 29 flyttningshjelp,
472 768 40 21 och
531 767 27 22 då
576 767 71 28 någon
661 768 120 28 minskning
796 768 24 22 af
832 768 26 21 de
873 768 58 22 löne-

183 802 116 22 inkomster
314 802 27 22 de
354 802 8 21 i
376 802 33 22 sin
423 802 60 22 förra
496 802 121 28 befattning
627 803 82 21 kunnat
719 802 103 28 påräkna,
838 802 19 29 ej
872 803 60 21 kom-

183 844 46 14 mer
243 836 76 28 ifråga,
335 836 135 22 alldenstund
484 836 111 23 skilnaden
613 836 132 23 fortfarande
763 837 55 22 skall
835 837 33 22 till
883 837 49 22 dem

184 871 114 22 utbetalas.

252 905 46 22 Mot
316 907 12 19 7
348 906 11 28 8
377 906 8 21 i
402 906 103 28 förslaget
526 907 40 21 har
588 906 41 22 den
650 906 141 29 anmärkning
808 907 74 28 gjorts,
902 909 32 20 att

183 940 79 28 jemväl
276 940 127 22 underbefäl
421 941 40 21 och
478 941 104 28 manskap
600 941 36 21 vid
653 941 69 22 finska
739 941 106 22 militären
859 941 74 26 borde,

187 974 28 22 då
230 975 26 21 de
270 974 109 28 ofrivilligt
393 974 49 22 från
456 975 47 21 sina
517 975 145 28 befattningar
681 975 123 28 entledigas,
818 976 116 21 tillförsäk-

186 1016 36 15 ras
240 1007 113 23 underhåll
370 1009 35 21 för
423 1008 71 29 någon
511 1009 87 22 kortare
616 1010 37 25 tid,
672 1011 52 20 enär
742 1010 126 22 förutsättas
886 1011 49 26 kan,

188 1046 32 19 att
235 1044 25 21 de
276 1043 18 29 ej
310 1045 74 27 genast
398 1044 38 21 äro
451 1044 8 21 i
473 1043 85 22 tillfälle
576 1045 32 20 att
626 1043 81 23 erhålla
721 1051 71 15 annan
806 1045 70 28 stadig
892 1051 44 22 sys-

188 1078 131 28 selsättning.
348 1078 75 21 Ehuru
440 1078 94 28 önskligt
547 1086 50 14 vore
612 1080 32 20 att
658 1079 74 21 derom
742 1079 80 27 jemväl
836 1081 100 20 närmare

188 1113 127 26 bestämdes,
334 1120 62 14 anser
414 1113 230 28 grundlags-utskottet
662 1113 55 22 dock
738 1115 30 20 ett
789 1114 119 28 stadgande
929 1114 8 21 i

190 1148 59 21 detta
263 1146 54 30 syfte
332 1147 18 28 ej
366 1147 72 21 kunna
452 1148 85 28 intagas
551 1148 8 20 i
574 1155 26 15 en
614 1148 36 28 lag
666 1155 34 14 om
716 1148 25 21 de
756 1148 126 28 rättigheter
897 1149 40 21 och

190 1182 149 28 skyldigheter,
355 1189 45 14 som
414 1182 120 22 tillkomma
548 1182 90 22 embets-
653 1183 40 21 och
707 1182 133 28 tjenstemän,
855 1183 83 21 hvilkas

189 1216 146 28 befattningar
348 1216 107 27 indragas,
474 1216 100 22 hvarföre
588 1216 103 22 utskottet
704 1217 117 28 tillstyrker
835 1219 103 26 antagan-

192 1250 35 21 det
242 1250 24 21 af
279 1252 12 18 7
306 1250 12 27 8
333 1250 7 20 i
354 1248 79 28 nådiga
447 1250 166 26 propositionen.

258 1282 33 22 Pä
309 1283 26 21 de
352 1283 46 21 skäl
416 1283 230 28 grundlags-utskottet
663 1283 40 22 här
721 1284 64 21 ofvan
803 1285 73 21 anfört
896 1284 43 21 till-

192 1317 83 28 styrker
293 1317 103 22 utskottet
413 1317 108 22 vördsamt
542 1319 32 20 att
592 1317 83 22 landets
697 1318 87 22 ständer
802 1318 35 22 för
855 1319 32 21 sin
906 1318 35 22 del

193 1354 79 26 antaga
286 1359 26 14 en
327 1352 36 27 lag
377 1351 109 29 angäende
502 1352 26 22 de
542 1353 126 26 rättigheter
679 1353 40 21 och
730 1353 149 28 skyldigheter,
895 1361 45 15 som

192 1387 118 21 tillkomma
328 1387 90 21 embets-
436 1387 40 21 och
495 1387 133 28 tjenstemän,
647 1387 81 22 hvilkas
746 1387 145 29 befattningar
909 1389 31 21 in-

196 1421 82 29 dragas,
295 1421 23 22 af
331 1421 94 28 följande
439 1421 90 29 lydelse:
