1009 1686
205 115 21 15 76
412 115 72 22 Nådiga
494 116 136 21 Propositionen
642 115 34 16 N:o
690 116 15 15 1.

373 183 99 20 Finlands
490 183 97 20 Ständers
604 181 142 27 underdåniga
764 187 49 15 svar
830 182 10 19 i
861 181 71 20 anled-

317 220 53 27 ning
389 219 25 28 af
426 219 62 20 Hans
504 218 124 29 Kejserliga
642 218 115 28 Majestäts
774 216 88 29 Nädiga
876 217 58 21 Pro-

313 256 98 27 position
425 254 44 22 N:o
484 255 12 20 1
510 256 9 20 i
535 255 54 21 hvad
604 255 41 20 den
663 255 70 28 angår
755 254 178 28 Landtdagsord-

317 293 53 27 ning
379 292 42 28 för
433 291 209 29 Storfurstendömet
655 291 104 21 Finland.

253 354 213 27 Stormäktigste,
481 352 197 29 Allernädigste
693 353 109 28 Kejsare
816 353 48 21 och

478 396 158 22 Storfurste!

248 448 96 21 Emedan
359 448 26 20 de
399 448 34 20 för
447 448 92 20 Finland
550 447 104 28 gällande,
667 447 7 21 i
685 447 60 21 äldre
755 447 56 21 tider
821 447 112 21 tillkomna

180 482 133 28 stadganden
331 482 40 21 och
393 482 134 21 föreskrifter
545 482 92 21 rörande
655 481 130 21 Ständernas
802 483 72 20 möten
892 482 40 21 och

180 516 190 21 sammankomster
384 516 8 20 i
407 516 105 21 särskilda
527 516 59 21 delar
604 516 93 21 saknade
715 516 66 27 nödig
798 516 134 27 fullständig-

180 550 43 26 het,
238 550 105 27 tydlighet
361 550 39 21 och
418 550 140 25 bestämdhet,
577 552 56 19 samt
647 550 80 27 jemväl
744 550 8 20 i
770 550 51 21 flere
840 551 92 20 omstän-

181 584 96 27 digheter
291 584 47 21 icke
352 591 50 14 vore
417 584 102 28 lämpliga
533 584 34 21 för
582 584 122 21 nuvarande
722 583 154 27 förhällanden,
892 584 40 21 har

179 618 25 21 E.
220 618 25 21 K.
261 618 28 21 M.
305 618 56 21 täkts
373 618 68 27 jemte
455 617 70 29 Nädig
539 618 136 27 Proposition
693 618 33 21 till
743 618 84 21 landets
845 625 29 14 nu
888 618 44 21 för-

180 653 95 21 samlade
290 652 101 22 Ständers
404 653 103 27 pröfning
522 653 39 21 och
577 653 120 27 antagande
712 653 129 21 öfverlemna
851 652 81 28 förslag

179 687 33 21 till
226 687 213 27 Landtdagsordning
454 687 35 21 för
504 687 203 22 Storfurstendömet
721 687 97 21 Finland.

247 721 66 22 Detta
327 721 80 28 förslag
425 721 64 22 hafva
508 721 117 22 Ständerne
640 721 47 21 sökt
703 728 54 21 egna
772 721 29 21 all
816 721 40 22 den
872 728 58 21 sorg-

179 755 74 28 fälliga
268 755 129 28 granskning
413 756 39 21 och
467 755 110 28 pröfning,
593 763 46 14 som
653 755 97 28 påkallas
762 755 24 22 af
795 755 40 22 den
846 763 86 20 genom-

180 790 103 27 gripande
297 789 108 28 betydelse
420 797 26 14 en
464 790 41 21 slik
523 790 35 27 lag
576 789 95 22 kommer
689 791 33 20 att
740 797 40 20 ega
798 790 34 21 för
846 789 85 22 utveck-

179 823 71 28 lingen
265 823 24 21 af
301 823 101 21 Finlands
416 824 101 26 politiska
531 823 30 21 lif.

247 852 38 21 Att
302 859 29 13 nu
350 852 99 27 gällande
470 852 133 28 stadganden
625 852 34 21 för
680 852 251 27 folkrepresentationens

179 886 190 27 sammansättning
391 886 40 21 och
452 886 34 21 för
505 886 128 21 Ständernes
652 886 171 21 sammanträden
840 886 92 21 behöfva

179 920 120 22 omarbetas
315 921 24 19 är
354 920 160 28 ovedersägligt,
529 920 56 21 helst
599 920 82 21 mindre
696 920 61 21 delen
772 920 24 21 af
803 920 128 21 hithörande

179 954 132 28 stadganden
325 954 68 21 finnas
409 954 103 21 affattade
526 954 8 21 i
545 954 55 21 form
611 954 24 21 af
644 954 92 21 skrifven
746 954 42 28 lag.
810 954 32 22 De
853 953 78 29 många

179 988 88 22 rättvisa
289 988 171 26 anmärkningar,
483 995 46 15 som
553 990 57 20 emot
631 988 48 22 dem
700 988 73 22 kunna
794 988 136 26 framställas,

178 1022 64 22 hafva
259 1022 32 21 uti
310 1022 35 21 det
362 1029 29 13 nu
409 1022 140 22 förevarande
570 1021 84 29 Nädiga
675 1022 103 28 förslaget
795 1023 8 20 i
822 1023 26 21 de
869 1022 61 22 flesta

179 1056 58 22 delar
252 1056 74 22 vunnit
340 1056 97 27 behörigt
453 1056 104 26 afseende,
577 1056 107 22 äfvensom
699 1057 26 21 de
739 1057 8 20 i
762 1057 48 21 dem
824 1056 105 22 förekom-

177 1090 77 21 mande
265 1090 78 21 brister
353 1090 70 21 blifvit
433 1090 8 20 i
451 1090 118 28 väsendtlig
580 1089 67 22 måtto
659 1090 111 27 afhulpna.
792 1090 42 21 Vid
842 1090 87 28 gransk-

177 1124 78 27 ningen
274 1124 23 21 af
312 1124 93 20 berörda
423 1123 90 28 förslag,
532 1124 63 21 hafva
614 1124 118 21 Ständerne
751 1124 53 21 dock
822 1125 53 20 trott
896 1124 33 27 sig

178 1159 41 26 äga
233 1157 46 22 skäl
294 1159 32 20 att
341 1157 45 21 deri
401 1159 53 25 göra
468 1157 68 28 några
551 1158 122 27 ändringar,
684 1158 34 21 för
728 1158 72 21 hvilka
811 1158 118 21 Ständerne

177 1199 30 14 nu
221 1191 28 28 gå
263 1193 32 20 att
309 1192 8 20 i
331 1191 170 28 underdånighet
515 1191 112 28 redogöra.

245 1225 160 21 Godkännande
427 1227 12 18 2
459 1226 11 26 &
486 1225 56 21 hvad
559 1225 115 21 innehållet
692 1225 68 27 angår
781 1225 64 21 hafva
866 1225 62 21 Stän-

178 1258 66 21 derna
267 1260 69 19 ansett
359 1258 122 21 densamma
498 1259 34 20 för
546 1258 105 21 vinnande
669 1259 24 20 af
709 1260 69 20 större
796 1259 134 21 bestämdhet

177 1291 97 22 erfordra
288 1291 117 22 förändrad
419 1291 119 22 redaktion.

244 1325 78 23 Likaså
339 1325 64 22 hafva
421 1325 121 23 Ständerna
560 1327 56 21 hvad
634 1329 14 19 4
665 1328 12 27 &
696 1326 68 29 angår
786 1327 142 29 omredigerat

177 1361 128 26 densamma,
323 1359 29 29 på
370 1360 36 21 det
424 1363 32 19 att
474 1361 127 28 stadgandet
619 1369 34 14 om
671 1363 64 20 sättet
753 1361 33 22 för
804 1362 122 29 landtdags-

175 1395 98 22 kallelses
294 1395 139 27 kungörande
451 1395 62 22 äfven
531 1395 35 22 må
584 1403 40 21 ega
641 1396 150 28 tillämplighet
809 1396 13 22 å
840 1397 86 22 kallelse

176 1430 32 22 till
223 1430 79 22 urtima
316 1428 109 28 landtdag.
