1000 1686
197 107 33 18 232
404 105 71 24 Nådiga
486 106 136 22 Propositionen
634 105 34 18 N:o
681 105 16 17 4.

176 170 58 29 (dem
255 170 26 21 de
302 169 129 28 föregående
452 169 8 21 i
480 169 43 21 allo
546 168 109 28 godkänt),
679 168 40 21 och
737 163 18 25 i
762 167 47 22 sina
831 163 29 32 på
878 167 48 21 dem

174 203 87 28 byggda
274 203 161 27 bestämningar
450 210 34 15 om
501 203 143 28 kyrkotukten
661 201 95 22 förvillat
770 201 32 28 sig
816 201 8 21 i
839 208 27 15 en
880 203 47 19 sen-

175 237 98 22 timental
294 237 152 28 subjektivism,
465 236 33 23 till
515 236 85 22 hvilken
621 237 43 20 hon
686 236 40 21 ock
745 235 12 22 ä
775 235 69 22 andra
865 235 63 22 sidan

176 271 49 22 med
239 272 32 28 sig
285 271 114 28 neddragit
413 271 44 21 alla
471 271 27 22 de
511 273 34 19 tre
560 271 75 27 öfriga.
663 270 50 22 Med
731 271 57 20 rätta
802 269 64 23 hafva
881 269 47 22 der-

176 306 47 22 före
238 306 65 28 sagde
317 306 90 22 motiver
422 306 34 22 för
470 307 31 20 ett
519 305 125 22 oinskränkt
660 304 150 28 berättigande
824 304 34 22 till
871 306 57 20 natt-

176 340 81 22 varden
274 341 8 21 i
301 340 65 28 öfrigt
384 340 122 22 framkallat
524 347 26 15 en
568 339 79 23 allmän
666 340 40 21 och
724 339 53 28 liflig
794 338 134 29 motsägelse.

177 375 31 29 Ty
226 375 35 22 det
279 382 49 15 vore
345 374 25 28 ju
388 375 62 21 äfven
471 382 27 14 ur
519 374 136 28 psykologisk
677 374 107 28 synpunkt
805 373 125 22 hetraktadt

179 410 122 26 otänkbart,
316 411 33 20 att
363 410 47 26 den,
426 416 46 15 som
489 409 69 22 under
572 408 78 23 samtal
663 408 50 22 med
727 410 87 26 presten
828 409 7 21 i
850 408 80 28 okuflig

178 444 160 28 obotfärdighet
359 444 70 21 fräckt
450 445 78 20 trotsat
550 443 26 22 de
598 444 103 20 ömmaste
726 443 41 21 och
787 442 144 28 bevekligaste

178 478 173 28 föreställningar
366 479 40 20 och
421 478 33 21 för
468 480 33 19 att
514 477 94 22 vidhälla
624 478 59 21 detta
697 479 54 20 trots
765 478 74 27 trängt
854 477 32 28 sig
897 477 34 21 till

180 512 157 26 skriftermälet,
352 520 49 14 men
416 513 38 21 der
468 513 52 21 eller
536 512 70 22 under
624 512 146 28 gudstjensten
784 511 108 28 verkligen
907 510 25 23 sä

179 546 86 23 träffats
284 547 24 21 af
323 547 128 28 sanningens
470 546 62 22 svärd
550 546 8 22 i
576 547 37 20 sitt
631 548 101 24 samvete,
751 548 32 19 att
801 546 54 27 ,just
873 546 59 21 detta

180 581 94 22 tillfället
289 581 69 22 skulle
375 582 78 28 utgöra
472 588 36 20 ,en
525 579 161 31 utgångspunkt
704 581 35 21 för
756 580 53 22 hans
824 580 107 22 väckelse"

179 616 43 22 och
236 618 47 26 nytt
300 616 31 26 lif,
350 618 38 24 att,
403 616 50 22 ville
468 616 39 28 jag
526 618 58 26 säga,
603 623 27 15 en
648 615 67 23 sådan
733 616 8 21 i
759 616 59 21 detta
835 614 97 23 tillstånd

182 650 111 22 förmädde
315 651 40 21 och
372 650 82 28 vägade
476 650 68 22 under
566 650 36 22 det
623 650 75 22 färska
719 648 81 24 minnet
822 650 40 22 och
883 650 50 21 med

181 685 87 21 fortsatt
286 684 142 23 fasthällande
446 685 24 21 af
486 686 37 20 sitt
540 686 54 20 trots
615 684 64 22 träda
700 684 33 22 till
753 684 96 22 Herrans
870 684 62 22 bord.

182 719 99 22 Tvärtom
295 718 113 29 pätvingar
424 719 40 22 den
478 720 99 27 ytligaste
591 719 151 28 psykologiska
755 718 129 22 betraktelse
895 726 37 14 an-

182 753 108 29 tagandet,
305 755 33 21 att
353 754 40 21 den
408 754 68 21 första
490 754 79 21 tanken
583 754 40 21 hos
638 754 69 21 denne
722 753 24 21 af
758 752 59 22 Guds
832 752 56 22 ande
899 752 34 22 sä-

182 787 67 22 lunda
269 788 94 22 träffade
384 788 125 27 oafvisligen
526 794 51 15 vore
595 789 31 20 ett
644 788 96 26 frivilligt
758 786 110 23 afstäende
886 786 48 22 frän

182 822 128 21 nattvarden
325 822 40 21 och
378 822 54 21 hans
450 822 68 21 första
535 821 67 22 behof
617 823 32 20 att
668 822 94 21 erkänna
780 822 37 20 sitt
830 822 56 21 trots
900 820 34 23 sä-

183 863 46 14 som
246 856 8 21 i
272 855 42 22 allo
332 855 128 28 förkastligt.
490 856 32 21 Ur
540 855 122 22 hvarandra
682 857 108 24 motsatta,
808 863 50 14 men
879 862 56 15 sam-

184 890 157 23 manblandade
364 890 40 21 och
426 889 86 23 alldeles
535 890 145 22 oförmedlade
705 890 169 27 objektivistiska
895 889 41 23 och

184 924 180 29 subjektivistiska
382 924 52 27 skäl,
450 931 62 21 synas
531 923 90 23 sälunda
640 925 43 22 alla
697 926 34 20 tre
745 924 191 29 kyrkolagsförsla-

184 966 41 21 gen
239 959 64 22 hafva
321 959 94 27 afklippt
433 958 69 22 denna
516 959 152 28 kyrkotuktens
683 959 52 22 slut-
750 959 40 22 och
804 959 131 28 hjertpunkt,

184 993 129 28 rättigheten
327 993 35 22 för
375 993 82 28 kyrkan
472 995 32 20 att
517 993 94 22 utesluta
624 993 49 22 frän
683 993 127 22 nattvarden
824 994 8 21 i
846 994 90 22 allmän-

185 1028 43 26 het,
242 1027 136 23 hvarutötver
394 1027 26 22 de
434 1026 36 23 två
483 1029 77 27 yngsta
574 1027 109 28 förslagen
697 1028 97 21 beröfvat
808 1030 88 25 presten
907 1027 30 22 all

185 1063 45 21 rätt
248 1063 31 20 att
297 1062 90 27 urskilja
404 1061 66 28 något
488 1062 57 28 slags
560 1061 148 29 själstillständ
723 1063 40 21 och
778 1062 109 22 beredelse
902 1062 35 22 vid

186 1096 128 29 sjuksängen
332 1096 40 21 och
390 1096 58 27 gjort
466 1096 79 21 honom
562 1096 33 21 till
614 1103 26 14 en
658 1096 109 22 mekanisk
780 1096 157 28 handtlangare

187 1130 78 22 dervid.
296 1129 75 23 Såsom
385 1130 21 22 vi
424 1130 99 27 samtliga
541 1130 130 28 deputerade
689 1130 25 22 af
729 1129 159 29 prestaständet
906 1130 32 22 äf-

186 1172 41 14 ven
240 1172 27 14 ur
283 1164 154 29 kyrkotuktens
454 1165 107 27 synpunkt
578 1163 126 29 allvarligen
721 1164 63 28 yrkat
801 1164 29 28 pä
844 1164 94 28 kyrkans

186 1200 45 21 rätt
248 1200 38 26 att,
305 1198 71 22 såsom
393 1199 53 21 sista
462 1199 88 26 instans,
564 1200 67 26 vägra
648 1199 95 22 tillträde
760 1199 34 21 till
811 1199 127 23 nattvarden

188 1232 22 22 åt
227 1233 121 27 uppenbart
363 1233 142 27 obotfärdiga,
524 1232 35 27 ,sä
576 1233 63 27 länge
657 1233 27 21 de
701 1233 8 20 i
727 1234 33 20 sin
778 1233 161 28 obotfärdighet

187 1266 108 26 fortfara*,
314 1265 25 22 sä
356 1266 81 28 nödgas
452 1266 39 28 jag
514 1266 45 26 här,
578 1274 26 14 ur
626 1266 75 22 endast
723 1266 146 28 själavärdens
890 1274 49 21 syn-

186 1300 74 29 punkt,
279 1300 121 28 ödmjukast
417 1300 54 28 yrka
488 1299 30 29 pä
534 1302 98 27 prestens
650 1302 44 20 rätt
717 1303 32 20 att
766 1301 113 22 bedömma
897 1302 42 22 den

187 1336 70 29 sjukes
273 1335 173 29 sinnesredighet,
465 1335 98 29 kristliga
580 1336 97 28 kunskap
693 1336 40 22 och
748 1336 124 29 oafvisligen
886 1337 52 22 nöd-

186 1371 125 28 vändigaste
329 1370 109 22 beredelse
456 1370 32 22 till
506 1370 133 27 nattvarden,
659 1371 39 21 och
721 1371 85 22 derföre
827 1371 62 22 äfven
910 1371 30 29 pä

188 1405 184 28 äterupptagande
386 1405 24 21 af
422 1404 163 29 ifrågavarande
600 1406 12 20 9
628 1406 11 27 &
654 1412 27 15 ur
697 1406 53 21 1863
766 1405 35 22 års
815 1406 124 28 kyrkolags-

188 1440 80 28 förslag
283 1439 90 23 emellan
387 1440 25 27 88
428 1440 26 20 97
466 1440 40 21 och
522 1441 27 20 98
563 1440 8 21 i
585 1439 121 29 Kejserliga
720 1440 167 28 propositionen,
899 1441 40 22 och
