1006 1684
316 111 71 24 Nådiga
398 113 135 21 Propositionen
546 112 33 16 N:o
594 112 25 15 10.
784 111 33 15 475

446 178 41 22 4:0.

159 218 230 22 Straffbestämmelsen
403 219 33 20 uti
448 220 11 26 $
472 220 25 20 19
513 218 43 21 kan
567 218 39 27 jag
621 218 19 26 ej
655 217 120 28 godkänna,
789 218 53 21 enär

90 253 129 28 stadgandet
234 253 78 26 derom,
328 254 32 20 att
373 253 149 27 minderärigs
542 252 155 29 öfverträdelse
711 251 8 21 i
733 251 56 21 vissa
803 251 39 21 fall

91 288 55 22 skall
161 286 70 23 säsom
246 294 52 21 egen
306 286 134 29 förbrytelse
459 286 119 21 tillräknas
595 286 107 20 föräldrar
720 285 41 21 och
778 284 64 22 mäls-

90 323 51 26 män
162 321 41 22 och
222 321 63 30 desse
306 328 52 14 vara
380 320 94 28 skyldige
496 322 32 19 att
549 318 95 29 undergä
666 318 84 22 straffet
771 319 8 20 i
801 319 41 21 den

89 356 123 28 brottsliges
227 352 68 29 ställe,
311 355 18 27 ej
344 352 69 24 hvilar
426 354 30 28 pä
469 353 115 29 tillräcklig
598 353 130 28 rättsgrund.
759 352 82 22 Genom

92 390 148 27 tillämpandet
258 389 24 21 af
298 389 58 21 detta
374 389 118 27 stadgande
510 388 67 22 skulle
595 388 34 21 far
647 388 51 21 eller
715 386 127 22 målsman
829 382 17 39 i

91 424 72 22 stället
181 424 33 21 för
233 424 32 21 sin
284 430 38 14 son
341 423 51 21 eller
409 423 69 27 pupill
496 422 82 22 säledes
596 422 81 28 nödgas
694 421 97 29 undergä
807 422 36 21 det

90 458 33 22 uti
142 458 52 22 sista
212 459 115 20 momentet
342 457 23 21 af
378 458 11 27 &
405 458 25 20 21
447 456 111 22 bestämda
576 456 84 22 straffet
675 456 24 22 af
711 458 72 20 vatten
801 456 41 22 och

91 492 61 26 bröd,
168 492 46 21 ifall
228 492 43 21 han
281 498 50 15 vore
343 491 124 27 oförmögen
482 493 31 19 att
527 491 72 21 betala
613 490 94 22 böterne.
730 490 30 22 Af
773 490 71 22 denna

90 526 106 28 paragraf
208 532 62 22 synes
286 525 62 22 äfven
362 525 52 27 följa
425 527 33 19 ätt
468 525 35 21 far
513 525 52 21 eller
575 524 105 22 målsman
690 524 68 22 måste
769 524 75 28 styrka

91 560 37 22 det
142 560 89 28 varning
245 560 41 21 och
300 556 174 31 tillrättavisning
491 557 37 23 för
546 559 33 28 sig
585 556 63 30 "gått,
666 559 80 21 hvilket
761 558 46 22 åter
822 558 20 28 ej

91 595 43 21 kan
149 594 37 22 ske
201 594 133 21 annorlunda
349 595 27 20 än
391 600 75 21 genom
480 592 36 23 två
530 594 87 25 vittnen,
629 593 71 21 hvilka
714 592 68 22 måste
796 593 47 21 kal-

92 629 32 22 las
140 631 32 19 att
186 630 92 20 närvara
292 628 36 21 vid
342 627 122 28 varningen,
483 628 34 21 för
531 630 33 19 att
577 628 73 20 kunna
664 628 60 28 värja
739 628 32 27 sig
786 629 58 19 emot

91 663 161 29 beskyllningen
274 662 34 22 för
330 662 154 22 efterlåtenhet.
513 662 75 22 Denna
605 662 89 28 varning
716 662 42 21 kan
781 662 62 21 äfven

92 698 68 22 blifva
178 697 75 21 endast
271 704 26 14 en
315 698 101 20 utvärtes'
428 697 112 26 ceremoni,
559 696 28 22 då
604 696 77 22 sådant
698 696 38 22 fall
754 696 43 21 kan
811 696 33 21 in-

92 732 66 22 träffa
173 733 32 20 att
220 732 46 25 den,
281 731 64 21 hvars
362 731 55 27 'pligt.
436 731 36 21 det
490 732 24 20 är
529 732 33 20 att
575 730 113 22 öfvervaka
702 730 143 28 minderärigs

92 766 135 27 handlingar,
245 765 100 28 möjligen
363 772 50 14 vore
431 765 44 21 lika
492 765 109 27 brottslig,
620 772 46 14 som
684 764 74 27 denne,
777 765 40 21 och
835 765 8 21 i

93 800 117 27 hemlighet
219 795 10 36 :
231 801 140 26 uppmuntrat
392 800 79 20 honom
492 799 33 21 till
546 800 87 25 brottet,
656 800 67 21 ehuru
744 800 44 20 han
808 799 37 22 för

92 841 48 22 syns
153 828 60 39 skull
228 834 124 27 -offentligen
365 835 76 20 varnat
459 834 78 21 honom
554 835 56 20 samt
628 832 89 23 sålunda
734 832 112 29 kringgätt

92 869 50 22 hela
156 869 163 27 författningen;
334 868 109 21 hvaremot
458 868 41 21 den
513 868 80 28 redlige
608 869 40 20 och
663 869 89 20 ömsinte
767 868 76 22 fadren

93 903 52 22 eller
162 902 152 27 mälsmannen,
334 909 46 15 som
398 903 100 27 antingen
516 903 18 28 ej
550 903 58 22 velat
625 903 51 21 eller
693 902 101 29 förglömt
812 904 33 20 att

93 945 68 15 varna
175 938 32 21 sin
218 937 72 28 pupill
301 937 7 21 i
319 937 91 22 vittnens
424 939 97 24 närvaro,
537 937 106 28 oskyldigt
656 937 83 22 komme
754 939 32 20 att
799 937 48 22 lida.

94 972 85 22 straffet
193 972 34 21 för
240 971 107 28 pupillens
361 972 64 26 brott,
442 971 27 22 då
484 972 42 23 han
540 972 19 28 ej
575 972 42 21 kan
628 972 73 27 styrka
712 973 32 20 att
754 973 92 26 varning

94 1006 99 29 föregått.
222 1007 44 28 Mig
277 1013 69 21 synes
365 1008 32 20 att
414 1014 50 13 man
479 1005 44 23 står
538 1005 29 29 pä
580 1006 71 22 bättre
665 1007 124 27 rättsgrund
805 1007 40 21 och

95 1042 87 22 säkrare
197 1042 73 21 vinner
284 1041 37 22 det
336 1040 98 29 åsyftade
447 1041 126 27 ändamålet,
590 1048 34 15 om
638 1048 50 15 man
703 1041 81 22 direkte
798 1041 48 21 hål-

93 1076 33 21 ler
140 1076 33 27 sig
187 1076 33 21 till
235 1076 40 21 den
290 1076 116 27 brottslige,
426 1075 62 22 äfven
506 1075 28 22 då
551 1076 43 21 han
612 1077 25 20 är
655 1075 120 28 öfvermage
793 1076 53 21 eller

94 1109 136 28 minderårig,
250 1109 89 22 emedan
357 1117 50 14 man
424 1110 8 20 i
451 1110 26 21 de
495 1109 62 22 flesta
574 1109 38 22 fall
630 1109 68 22 måste
716 1112 79 25 antaga
813 1112 33 19 att

96 1144 36 21 det
145 1151 59 20 unga
218 1144 70 21 sinnet
302 1143 18 28 ej
336 1143 42 22 kan
392 1151 53 14 vara
459 1143 25 22 så
497 1143 133 27 förhärdadt,
646 1145 32 20 att
692 1144 36 21 det
743 1144 18 27 ej
777 1144 69 21 skulle

95 1178 81 28 skygga
197 1177 90 22 tillbaka
309 1177 24 22 af
352 1177 86 21 fruktan
460 1177 34 22 för
516 1185 25 14 en
562 1178 98 27 offentlig
682 1178 89 27 varning
789 1177 57 22 inför

95 1212 92 22 domstol
206 1213 40 20 och
265 1211 35 22 det
318 1211 64 22 straff
397 1212 78 21 honom
494 1212 37 21 der
549 1211 91 29 älägges.
674 1212 73 21 Under
769 1211 78 22 sådant

96 1245 135 23 förhällande
249 1245 55 22 skall
322 1245 33 22 far
374 1247 39 20 och
430 1245 104 22 mälsman
552 1246 61 22 äfven
631 1253 52 15 vara
700 1247 147 21 vaksammare

96 1283 34 20 att
144 1281 82 28 skydda
240 1281 33 20 sin
288 1287 38 15 son
342 1280 50 22 eller
406 1281 74 27 pupill,
500 1282 27 20 än
546 1289 34 14 om
598 1281 36 21 det
652 1281 66 27 gäller
736 1280 55 22 blott
809 1281 37 20 bö-

95 1317 40 19 ter.
164 1314 32 21 Pä
215 1315 61 20 dessa
295 1315 46 19 skäl
359 1315 66 20 borde
444 1316 11 25 &
472 1317 25 18 19
512 1315 59 27 lyda:
591 1315 121 27 Förbryter
728 1316 33 26 sig
778 1315 69 27 öfver-

95 1355 61 21 mage
178 1351 55 17 emot
255 1347 56 22 hvad
330 1349 10 19 i
357 1347 69 21 denna
448 1347 141 29 Förordning
612 1348 94 28 stadgas,
725 1347 66 27 varde
805 1348 42 28 för

97 1382 80 22 sädant
192 1381 80 30 okynne
286 1381 62 30 inför
363 1381 118 22 domstolen
494 1383 10 20 i
520 1385 61 18 orten
595 1382 83 22 varnad
690 1381 39 22 och
735 1382 34 28 pä
780 1382 68 27 lämp-

98 1418 43 28 ligt
156 1418 46 20 sätt
217 1417 167 21 tillrättavisad.
416 1416 113 29 Upprepas
544 1420 31 18 ett
589 1417 79 21 sådant
682 1416 88 29 okynne,
781 1416 66 21 varde
