1000 1684
227 123 32 15 242
433 122 70 22 Nådiga
515 123 136 21 Propositionen
662 123 35 17 N:o
709 125 17 15 4.

203 184 75 28 nödigt
294 184 68 23 finnes
379 185 8 21 i
405 186 140 26 sockenstuga
563 185 51 22 eller
632 186 67 20 annat
716 185 98 27 lämpligt
827 192 54 17 rum,
897 184 55 22 helst

204 218 62 22 dessa
283 219 165 27 förrättningars
466 219 64 27 helgd
549 219 18 28 ej
586 219 43 21 kan
644 219 76 21 tänkas
736 219 121 27 derigenom
871 217 29 29 på
914 217 37 22 nå-

204 255 37 26 got
255 254 43 20 sätt
311 253 67 21 blifva
391 253 95 21 kränkt.

270 287 56 28 Kap.
338 287 56 26 XVI,
410 289 12 26 &
438 289 47 20 264.
507 288 99 21 Rörande
622 287 110 21 klockares
748 285 126 29 åligganden
888 287 64 21 hafva

204 321 27 22 de
245 321 24 22 af
280 321 104 22 utskottet
398 322 76 28 gjorda
488 323 75 20 tvenne
581 321 183 28 förändringarne,
779 321 8 21 i
805 321 72 22 hvilka
890 321 62 21 äfven

200 356 39 28 jag
253 356 85 21 förenat
351 357 53 26 mig,
420 357 40 20 och
475 357 40 20 den
530 356 29 27 på
570 356 48 21 dem
630 356 110 27 grundade
752 355 201 28 omformuleringen

203 391 25 21 af
240 390 69 23 denna
323 391 12 26 8
351 392 57 20 ännu
421 391 47 21 icke
482 390 150 22 tillfredsställt
646 391 52 27 mig,
715 392 51 20 enär
779 392 31 19 1:0
825 390 128 27 presterliga

203 425 155 27 förrättningar
371 425 137 26 förekomma,
523 425 7 20 i
545 425 72 21 hvilka
632 423 52 30 sång
700 424 126 22 åtminstone
837 425 57 20 ännu
906 424 46 21 icke

203 461 25 20 är
243 458 166 27 ,föreskrifven",
424 466 49 14 men
486 459 65 21 likväl
565 460 74 27 nödig,
655 459 70 22 såsom
737 459 45 28 just
797 459 60 21 fallet
868 460 26 20 är
904 459 49 21 med

203 494 26 21 de
244 494 62 21 äfven
320 493 25 22 af
356 494 103 21 utskottet
473 494 94 21 nämnda
581 493 201 28 bibelförklaringar
797 501 28 14 m.
840 493 21 22 fi.
878 493 73 26 andra,

204 528 40 21 och
259 529 32 20 2:o
308 527 41 22 den
362 528 8 20 i
385 528 61 28 djupt
460 528 71 21 förfall
545 527 110 28 befintliga
673 527 146 28 kyrkosängen
837 527 7 21 i
863 527 89 23 försam-

202 563 104 27 lingarne,
322 562 66 28 enligt
401 563 45 21 min
461 562 127 26 erfarenhet,
603 562 47 21 icke
665 562 86 21 dermed
765 562 43 21 kan
816 561 72 22 blifva
898 569 54 20 upp-

202 597 74 28 hjelpt,
296 598 32 21 att
348 597 100 22 klockare
467 597 63 26 ,skall
548 597 7 20 i
573 595 114 29 koralsäng
709 596 244 29 skriftskoleungdomen

202 631 130 26 undervisa",
351 632 35 20 tar
400 631 39 28 jag
460 632 44 26 mig
525 631 91 22 friheten
637 631 155 21 vördsammast
812 630 79 23 föreslå
912 630 40 22 föl-

200 666 67 28 jande
282 666 173 28 omformulering
470 666 24 21 af
507 666 79 22 denna:

395 702 12 26 8
423 702 47 20 264.
500 700 106 22 Klockare
624 700 59 26 skall,
700 700 38 21 der
752 700 19 27 ej
786 713 9 3 -
810 712 9 4 -
834 712 9 4 -
858 702 31 24 är,
903 700 49 21 leda

340 734 79 28 sängen
436 735 36 21 vid
490 734 96 28 offentlig
605 734 120 28 gudstjenst
742 734 108 22 äfvensom
864 734 35 22 vid
914 742 38 14 an-

340 769 39 21 dra
393 769 126 28 presterliga
537 769 160 28 förrättningar,
713 769 35 21 vid
761 769 72 21 hvilka
848 768 52 28 sång
914 770 39 20 nö-

339 804 38 28 dig
396 805 34 24 är;
452 804 44 20 han
517 803 54 21 skall
592 803 40 21 ock
648 804 172 28 församlingens
840 804 55 20 barn
914 804 38 20 och

339 838 123 29 isynnerhet
472 838 242 27 skriftskoleungdomen
728 838 8 20 i
750 836 114 29 koralsäng
874 838 78 21 under-

339 872 51 26 visa,
406 873 38 20 och
458 873 10 20 i
483 873 68 20 sådan
566 872 73 29 afsigt,
658 873 54 27 efter
727 871 173 29 presterskapets
915 880 37 13 an-

340 907 116 26 ordnande,
468 907 32 27 pä
516 907 106 27 lämpliga
637 906 57 21 tider
709 906 47 21 med
767 907 47 20 dem
825 907 127 28 sängöfnin-

339 948 42 21 gar
404 941 94 20 anställa
520 941 28 27 (o.
568 947 16 14 s.
602 947 19 14 v.
640 940 44 21 lika
705 940 48 21 med
774 940 177 22 utskotts-betän-

339 975 95 28 kandet).

271 1009 56 28 Kap.
342 1009 56 26 XVI,
414 1011 12 26 &
446 1011 46 20 373.
522 1008 78 22 Såvida
619 1009 25 21 de
662 1011 115 25 prestmän,
796 1009 71 21 hvilka
886 1009 66 27 aflagt

204 1043 138 27 fullständiga
359 1043 51 27 prof
426 1043 61 21 äfven
501 1051 43 20 pro
563 1051 92 19 munere,
675 1044 40 20 och
733 1043 90 21 sälunda
841 1043 57 27 gjort
920 1043 31 27 sig

204 1078 135 26 kompetente
360 1080 32 19 att
413 1078 63 21 vinna
497 1078 115 21 befordran
636 1077 33 21 till
695 1078 42 20 alla
762 1078 57 26 slags
844 1078 108 21 ordinarie

204 1112 154 28 presttjenster,
373 1112 66 28 enligt
456 1112 44 21 min
517 1112 94 27 mening,
630 1112 55 21 böra
703 1111 127 21 ätminstone
847 1111 104 22 likställas

204 1146 49 22 med
268 1146 54 26 dem,
337 1146 72 22 hvilka
423 1146 75 22 endast
511 1148 148 25 prestexamen
673 1145 115 28 undergätt
799 1147 56 20 samt
866 1146 85 20 ordina-

200 1175 49 38 tion
264 1175 88 38 erhållit
370 1181 40 21 och
427 1180 8 21 i
454 1181 68 21 denna
536 1180 107 28 egenskap
664 1180 56 22 blott
741 1180 135 27 tillfälligtvis
895 1180 55 21 ordi-

204 1214 60 21 narie
278 1214 124 27 presttjenst
416 1214 29 27 pä
460 1216 47 25 eget
522 1222 76 13 ansvar
612 1214 97 25 förvalta,
721 1221 48 14 men
784 1214 100 25 deremot,
897 1213 55 27 (ifall

204 1247 103 28 förslaget
325 1248 72 21 derom
415 1248 41 20 blir
474 1249 87 26 antaget
580 1248 40 20 och
638 1247 107 28 gällande)
764 1247 18 27 ej
806 1248 38 20 äro
866 1247 85 26 kompe-

204 1283 58 20 tente
277 1283 32 20 att
322 1281 34 21 till
370 1281 62 22 dessa
446 1282 88 27 tjenster
548 1280 117 27 befordras,
681 1280 24 22 sä
720 1288 62 14 anser
794 1281 38 27 jag
848 1280 27 22 de
888 1280 63 22 först-

204 1316 91 21 nämnde
310 1316 49 21 fullt
372 1316 45 22 lika
431 1315 133 29 berättigade
578 1322 46 15 som
640 1315 25 22 de
684 1315 89 22 sednare
788 1317 31 20 att
833 1316 9 20 i
858 1314 94 30 biskops-

204 1351 36 22 val
258 1351 94 29 deltaga,
371 1352 51 20 enär
441 1351 26 21 de
485 1350 67 22 förres
570 1350 64 28 insigt
651 1350 34 22 till
703 1350 43 22 alla
764 1350 59 22 delar
842 1350 66 22 redan
927 1351 25 21 är

204 1385 90 28 pröfvad
309 1386 40 21 och
364 1385 104 29 godkänd,
484 1386 40 21 och
539 1385 41 21 den
595 1392 51 15 enas
663 1386 45 20 rätt
722 1385 39 21 och
776 1385 102 21 framtida
891 1385 60 21 verk-

205 1420 82 22 samhet
302 1420 24 22 af
339 1420 40 22 den
393 1419 107 23 blifvande
514 1420 115 28 biskopens
646 1419 147 23 beskaffenhet
807 1419 46 23 icke
868 1421 25 20 är
907 1426 45 15 mer
