1000 1681
214 128 33 16 386
419 127 72 22 Nådiga
503 127 137 22 Propositionen
651 126 36 17 N:o
699 127 16 15 6.

384 190 99 21 Finlands
502 190 96 20 Ständers
615 187 143 28 underdåniga
776 193 48 16 svar
842 188 10 19 i
871 186 72 21 anled-

327 225 54 26 ning
400 224 26 28 af
438 222 63 22 Hans
520 223 123 28 Kejserliga
662 222 114 28 Majestäts
796 221 83 28 nådiga
892 227 52 21 pro-

324 258 99 28 position
441 257 110 29 angående
570 256 86 22 ändrad
674 256 72 28 grund
759 255 42 29 för
816 255 128 28 jordlägen-

329 292 69 21 heters
410 291 127 29 deltagande
548 292 10 20 i
569 291 77 28 kyrko-
658 290 39 21 och
704 289 239 30 prestgårdsbyggnad.

481 354 20 21 S.
517 354 25 21 A.
557 354 27 21 K.
600 361 19 14 0.
636 352 20 22 8.

253 400 46 22 -Uti
318 407 26 14 en
362 400 102 21 Finlands
482 400 92 21 Ständer
588 399 35 22 vid
642 399 69 22 denna
728 398 104 27 landtdag
846 397 98 28 förelagd

192 435 134 28 proposition
348 434 40 21 har
409 434 68 22 Eders
498 434 120 28 Kejserliga
639 433 110 29 Majestät,
772 432 29 29 pä
823 432 45 22 deri
889 439 55 20 upp-

194 472 65 26 tagna
277 469 52 26 skäl,
349 468 7 21 i
374 467 67 23 näder
458 469 111 27 föreslagit
587 468 120 22 Ständerna
729 469 38 25 att,
786 467 49 21 med
853 466 91 29 upphäf-

193 504 68 22 vande
276 503 24 22 af
311 510 31 14 nu
356 503 99 27 gällande
470 503 133 27 stadganden
617 503 93 21 rörande
725 502 147 27 fördelningen
885 501 59 28 jord-

193 538 124 28 lägenheter
336 538 89 21 emellan
444 537 23 22 af
484 537 61 21 deras
564 537 119 27 skyldighet
701 538 33 20 att
751 536 92 27 bidraga
858 536 18 27 ej
892 536 54 21 min-

194 573 38 21 dre
249 572 34 21 till
300 572 168 28 kyrkobyggnad
486 572 40 21 och
544 572 56 21 hvad
619 571 71 21 dertill
708 571 67 27 enligt
791 572 9 19 1
818 571 12 27 $
850 572 26 19 26
895 570 49 27 kap.

193 606 24 22 B.
232 606 25 21 B.
273 606 71 26 hörer,
360 607 27 20 än
404 606 33 21 till
455 605 230 29 prestgärdsbyggnad,
701 605 34 21 för
749 605 115 21 framtiden
878 603 68 23 måtte

193 640 113 22 förordnas
324 642 33 20 att
374 640 34 22 för
424 640 156 28 jordlägenhet,
600 648 45 14 som
662 640 34 21 till
713 639 104 22 mantalet
830 638 116 29 undergätt

194 675 124 28 förändring
333 682 77 22 genom
424 675 127 28 förmedling
566 675 51 22 eller
631 675 164 27 uppskattning,
810 674 66 28 sagde
890 674 56 28 skyl-

195 710 73 28 dighet
283 710 68 21 skulle
364 710 130 22 bestämmas
508 709 55 22 efter
577 708 137 29 lägenhetens
729 716 42 21 nya
785 709 87 21 mantal.

262 744 42 22 Vid
319 745 130 28 granskning
460 744 24 22 af
494 744 140 22 omförmälda
644 743 80 29 nädiga
734 744 134 28 proposition
882 743 64 22 hafva

196 778 120 23 Ständerna
337 779 70 22 funnit
429 779 35 21 det
486 786 41 21 nya
548 779 88 26 mantal,
654 786 47 14 som
723 786 77 20 genom
818 778 128 28 förmedling

195 814 51 21 eller
264 814 154 28 uppskattning
436 814 147 27 uppkommer,
602 813 104 21 innebära
724 820 26 14 en
772 814 89 20 säkrare
882 811 63 23 mätt-

194 848 61 21 stock
270 847 34 23 för
319 848 185 28 jördlägenheters
522 848 65 22 värde
605 849 55 19 samt
678 848 7 20 i
704 842 39 27 och
762 848 48 21 med
829 847 117 21 detsamma

194 881 63 21 äfven
271 882 71 22 lemna
357 889 26 15 en
397 882 113 22 rättvisare
525 882 40 22 och
583 882 98 27 billigare
697 882 69 27 grund
781 881 34 22 för
825 881 121 21 fördelnin-

195 923 41 20 gen
255 917 24 21 af
294 915 164 29 ifrägavarande
476 918 73 26 tunga,
568 918 28 19 än
615 916 35 21 det
669 915 146 22 oförmedläde
836 915 110 28 mantalet,

194 950 86 27 hvilket,
296 951 66 28 enligt
378 951 25 21 de
417 951 8 20 i
440 951 42 21 den
496 950 79 29 nådiga
589 950 160 28 propositionen
768 949 121 28 åberopade
904 949 42 22 för-

195 985 124 28 fattningar,
334 985 34 22 för
382 985 133 22 närvarande
530 985 67 28 gäller
612 984 70 22 säsom
697 985 71 28 grund
778 985 34 21 för
824 985 122 28 jordlägen-

195 1019 71 22 heters
285 1019 127 28 deltagande
430 1020 7 20 i
456 1027 81 14 samma
554 1019 86 26 besvär;
660 1020 39 21 och
718 1019 22 22 fä
759 1019 127 26 Ständerna,
902 1027 45 14 som

196 1054 34 21 vid
246 1053 75 28 antydt
336 1052 133 23 förhällande
483 1053 80 22 lemnat
578 1054 36 21 sitt
628 1053 61 22 bifall
703 1054 34 21 till
754 1054 36 21 det
799 1053 25 22 af
833 1054 24 21 E.
870 1053 26 22 K.
908 1053 39 22 M:t

195 1087 8 21 i
224 1087 41 22 den
287 1087 80 28 nädiga
388 1088 159 27 propositionen
568 1087 123 28 föreslagna
712 1088 128 27 stadgande,
863 1088 7 21 i
892 1087 54 29 följd

195 1121 65 21 häraf
277 1121 153 28 underdänigst
448 1121 86 22 anhålla
553 1121 35 22 det
609 1122 82 21 täcktes
709 1122 25 21 E.
753 1122 27 21 K.
798 1121 40 22 M:t
855 1121 8 21 i
872 1121 76 22 nåder

195 1154 45 22 läta
258 1155 8 21 i
284 1155 93 28 enlighet
394 1156 49 21 med
462 1156 117 21 detsamma
596 1155 89 22 utfärda
702 1156 80 21 allmän
799 1155 127 28 författning
940 1156 8 21 i

197 1191 77 20 ämnet.

493 1233 89 20 Finlands
595 1234 80 19 Ständer
686 1234 111 19 framhärda
809 1235 35 18 ete.
