1014 1678
220 122 33 15 534
419 121 71 22 Nädiga
501 122 137 21 Propositionen
649 121 34 19 N:o
698 121 26 16 11.

197 182 49 22 mån
265 191 26 14 en
308 184 133 27 motsägelse,
460 191 35 14 om
511 184 48 21 icke
577 183 119 28 stridighet,
714 181 91 24 emellan
822 183 70 21 första
906 180 41 24 och

198 217 68 30 andra
280 220 120 21 momenten
415 219 7 20 i
437 219 44 27 thy,
497 220 31 19 att
542 224 91 15 mannen
648 218 32 21 uti
694 216 68 23 första
776 224 64 15 mom.
851 219 56 20 utan
915 218 31 20 in-

197 252 130 27 skränkning
344 251 122 22 bibehållits.
483 253 35 20 vid
537 253 32 20 sin
587 252 80 28 lagliga
685 253 45 20 rätt
748 254 32 19 att
797 252 40 21 hos
856 252 91 21 domstol

198 286 51 21 eller
264 287 123 26 myndighet
401 287 48 21 föra
463 287 59 20 talan
537 287 35 20 för
587 287 32 20 sin
637 287 82 25 hustru,
734 293 48 14 men
801 288 37 24 att,
853 287 8 20 i
880 287 68 20 andra

196 327 70 18 mom.,
280 320 69 21 denna
360 321 40 21 och
411 321 62 21 äfven
487 327 102 14 mannens
605 320 69 27 öfriga
688 320 176 21 mälsmannarätt
879 321 68 27 gjorts

196 354 98 27 vilkorlig
316 354 129 27 derigenom,
464 356 32 19 att
514 354 90 22 domstol
622 353 69 28 ålagts
710 356 32 19 att
758 354 120 21 bestämma
899 354 49 21 här-

198 387 64 22 öfver.
292 388 79 21 Blifver
390 389 36 20 det
444 389 118 27 stadgande
581 390 86 25 antaget
682 389 40 20 och
738 389 104 26 gällande,
858 390 32 19 att
905 388 43 21 för-

197 421 69 22 lusten
288 423 24 20 af
332 423 166 27 medborgerligt
518 422 124 22 förtroende
663 423 43 20 kan
724 421 121 22 återvinnas
864 422 35 22 för
917 424 33 19 att

197 456 141 28 tilläfventyrs
352 457 66 21 sedan
435 457 49 27 igen
502 457 91 21 förloras
612 457 40 21 och
670 457 123 27 ytterligare
812 455 86 28 återfås,
913 455 36 23 vå-

198 497 39 21 gar
249 490 39 28 jag
302 493 40 24 tro,
360 493 32 19 att
407 490 69 22 denna
490 491 130 28 ovärdighet,
632 489 28 22 dä
675 491 40 21 den
729 491 99 21 inverkar
841 490 29 28 pä
885 490 63 22 måls-

198 526 149 20 mannarätten
362 525 33 22 för
410 526 76 21 hustru
501 526 40 21 och
555 525 208 28 förmyndarerätten
778 525 34 21 för
823 531 54 22 egna
887 525 62 26 barn,

198 558 122 23 föranleder
334 559 33 21 till
381 558 25 23 så
423 559 78 28 många
518 559 116 28 omgånger
653 560 40 21 och
711 559 77 22 sådant
804 559 77 22 trassel
895 559 8 22 i
917 559 32 22 fa-

198 593 117 28 miljelifvet
330 594 89 21 emellan
433 595 102 20 makarne
549 594 100 21 inbördes
664 595 55 20 samt
737 594 89 21 emellan
844 594 62 22 fader
921 594 28 21 el-

199 627 32 21 ler
245 628 74 21 moder
337 627 13 22 å
368 635 41 14 ena
429 629 40 21 och
487 629 54 20 barn
559 627 29 28 på
607 629 41 20 den
666 628 68 21 andra
752 628 67 26 sidan,
839 630 33 19 att
890 629 60 21 desse

198 661 201 23 missförhållanden
421 663 74 25 blifva,
518 670 35 14 om
574 663 47 20 icke
643 663 109 27 omöjliga,
776 661 24 22 så
822 662 128 22 åtminstone

200 696 64 27 högst
278 695 62 22 svåra
354 698 33 19 att
401 696 68 22 ordna
483 697 40 21 och
537 696 58 22 reda.
607 709 28 3 —
650 696 60 21 Efter
724 697 45 20 min
783 697 85 27 mening
882 697 68 21 borde

200 729 64 22 alltså
277 729 48 22 från
344 730 40 22 den
403 730 23 22 af
443 731 103 21 utskottet
563 732 95 26 antagna
671 731 11 27 &
700 732 26 19 14
740 730 50 22 hela
804 731 68 21 andra
886 738 63 14 mom.

200 764 88 22 alldeles
302 765 104 21 uteslutas
421 765 40 21 och
474 765 109 21 försvinna
601 766 55 20 samt
673 765 8 20 i
698 765 69 21 första
781 772 63 14 mom.
860 765 91 21 emellan

202 798 66 22 orden
290 799 147 28 ,förmyndare
461 801 65 19 samt"
548 799 105 28 inskjutas
675 800 67 21 orden
763 799 45 27 ,för
832 800 69 22 andra
923 801 28 20 än

202 840 55 21 egna
270 833 72 22 barn".

303 893 31 22 Af
345 894 116 22 Prostarne
476 893 111 29 Grönberg
603 895 40 21 och
657 895 133 27 Rosengren:

269 936 64 22 Emot
350 937 150 27 lagutskottets
517 937 135 22 betänkande
669 937 8 21 i
692 937 99 22 afseende
806 937 14 22 å
834 937 117 22 dödsstraf-

202 970 30 22 fet
245 971 82 27 nödgas
345 971 21 21 vi
383 978 109 14 reservera
510 979 40 14 oss.
579 971 60 21 Hans
658 972 119 27 Kejserliga
794 972 101 27 Majestät
912 973 41 20 har

200 1010 33 16 mu
250 1005 35 21 för
303 1005 67 21 andra
389 1004 83 28 gången
490 1005 91 28 förelagt
601 1005 101 21 Finlands
724 1006 115 32 höglofliga
862 1006 92 21 Ständer

202 1038 77 28 frägan
294 1046 34 14 om
344 1038 141 22 dödsstraffet.
515 1039 42 21 Vid
575 1039 98 21 sednaste
690 1039 106 28 landtdag
811 1040 80 28 yrkade
905 1040 47 27 plu-

202 1073 99 21 raliteten
315 1073 8 21 i
337 1073 149 27 Lagutskottet
499 1073 90 21 likasom
604 1073 65 21 sedan
684 1074 7 20 i
705 1074 73 27 hvarje
794 1074 23 21 af
830 1074 26 21 de
866 1074 86 28 respek-

203 1108 44 20 tiva
261 1106 90 22 ständen
365 1106 29 28 pä
409 1107 146 21 dödsstraffets
569 1108 69 21 totala
652 1107 133 22 afskaffande
799 1115 26 14 ur
835 1107 38 23 vär
883 1108 70 22 finska

202 1141 43 28 lag.
274 1142 60 24 Hans
352 1141 120 28 Kejserliga
489 1142 102 28 Majestät
608 1142 40 21 har
665 1142 65 21 likväl
750 1142 47 22 icke
818 1140 82 24 kunnat
921 1143 31 21 bi-

203 1176 53 22 falla
270 1176 78 21 härtill.
377 1176 43 21 Det
434 1176 88 21 oaktadt
539 1176 37 22 vill
594 1176 149 28 Lagutskottet
758 1177 60 21 äfven
832 1184 36 19 nu,
884 1178 69 21 ehuru

203 1212 53 19 utan
271 1212 31 18 att
316 1209 69 21 förmå
400 1210 76 21 anföra
489 1210 68 27 några
571 1210 125 27 tillräckligt
710 1211 74 26 giltiga
796 1212 39 20 och
846 1212 107 20 bindande

203 1243 54 25 skäl,
272 1243 132 21 öfverskrida
419 1243 40 21 den
473 1242 79 29 nådiga
565 1244 171 26 propositionens
746 1244 161 27 bestämningar
919 1252 34 13 om

204 1280 82 18 samma
308 1276 66 22 straff.
411 1276 149 29 Lagutskottet
576 1277 82 28 nödgas
676 1277 95 21 erkänna
792 1277 161 22 ohållbarheten

206 1311 24 22 af
246 1311 26 22 de
292 1310 151 28 mångahanda
465 1311 45 21 skäl
532 1312 40 21 och
595 1312 99 32 grunder,
712 1319 46 14 som
776 1312 69 21 blifvit
863 1312 90 22 anförda

206 1348 57 20 emot
281 1345 148 22 dödsstraffets
447 1345 110 22 absoluta
564 1341 138 45 olämplighet
720 1346 40 21 och
778 1347 108 28 orättvisa,
905 1354 49 14 men

198 1384 71 19 "anser
282 1380 70 26 likväl,
368 1380 183 28 hufvudsakligast
563 1380 30 28 på
608 1380 69 28 grund
692 1380 24 22 af
730 1381 56 21 Herr
794 1381 159 23 Prokurätorns

206 1415 194 23 embetsberättelse
417 1428 28 3 —
467 1415 84 31 hvilken
572 1415 81 26 härvid,
672 1414 89 23 såframt
779 1423 90 15 annars
874 1416 79 28 Lagut-

206 1448 88 24 skottets
314 1449 115 22 deduktion
447 1449 54 22 skall
518 1457 62 15 anses
598 1450 98 29 befogad,
714 1450 8 21 i
739 1449 81 29 någon
828 1458 50 14 mon
893 1458 61 20 synes
