1000 1689
219 148 33 16 258
423 145 72 24 Nådiga
506 147 138 21 Propositionen
656 146 34 17 N:o
703 147 17 15 4.

264 210 55 27 Kap.
335 209 68 22 XXII.
432 209 42 21 Vid
489 208 155 28 öfvervägande
659 207 25 23 af
699 207 57 22 hvad
770 208 8 20 i
793 207 59 22 detta
866 207 81 28 kapitel

195 244 121 27 föreslagits
328 242 110 29 angående
446 243 155 27 domkapitlens
611 242 191 27 sammansättning
812 241 65 22 hafva
884 241 62 22 Stän-

196 279 67 21 derna
277 279 47 20 icke
338 278 82 21 kunnat
434 277 72 28 undgå
523 279 32 20 att
573 277 58 22 fästa
647 276 191 28 uppmärksamhet
852 275 35 22 vid
906 276 41 21 den

196 313 189 28 omständigheten,
402 313 32 20 att
449 311 122 29 göromålen
585 312 8 21 i
609 311 62 22 dessa
685 311 133 22 embetsverk
832 310 67 22 redan
914 310 33 22 för

195 347 134 22 närvarande
343 347 46 21 icke
405 348 37 20 äro
457 345 94 23 särdeles
565 345 132 28 mångtaliga
711 345 52 22 eller
777 346 7 21 i
799 345 116 22 allmänhet
926 344 24 22 af

196 380 86 23 svårare
300 381 53 22 eller
370 388 59 14 mera
447 380 111 22 invecklad
575 379 154 27 beskaffenhet,
744 381 56 20 samt
815 381 37 25 att,
870 378 27 23 då
912 386 35 15 en-

196 416 39 28 ligt
257 416 41 21 den
319 415 122 28 föreslagna
462 422 42 22 nya
529 415 128 27 ordningen,
680 414 43 22 alla
748 414 142 22 skolärenden
914 413 34 22 för

196 450 114 22 framtiden
324 450 86 22 komma
425 452 32 20 att
472 449 107 27 bortfalla,
595 449 85 22 arbetet
693 449 35 21 för
741 449 147 21 ledamöterna
901 448 47 22 icke

195 486 43 20 kan
256 484 66 23 blifva
340 484 25 22 så
382 486 55 20 stort
454 486 33 20 att
505 484 100 22 särskilta
619 491 42 21 nya
675 484 90 27 tjenster
778 483 68 22 borde
860 482 36 23 för
910 484 37 21 än-

197 518 94 23 damålet
304 520 98 21 inrättas.
431 519 131 28 Härigenom
580 518 68 22 skulle
667 518 127 22 statsverket
808 518 80 28 jemväl
906 518 42 21 till-

197 554 92 29 skyndas
307 560 27 15 en
351 561 28 21 ny
396 554 95 28 betydlig
510 553 97 27 kostnad,
629 553 81 21 hvilket
730 552 26 22 så
776 553 84 27 mycket
881 552 68 22 hellre

196 589 68 21 borde
277 588 104 22 undvikas
396 596 46 14 som
456 596 43 20 nya
513 588 110 28 ansenliga
636 588 89 28 utgifter
739 586 81 23 förestå
834 587 34 21 för
882 587 66 22 inrät-

196 623 75 21 tandet
286 622 24 23 af
323 622 86 22 särskilt
424 622 141 29 skolstyrelse.
587 622 33 22 En
631 623 69 27 utväg
714 624 32 20 att
760 622 83 22 minska
857 622 92 28 utgiften

197 659 33 21 för
246 657 155 29 domkapitlens
416 656 168 24 underhållande
599 657 71 22 kunde
684 657 122 28 visserligen
821 657 81 26 vinnas,
915 664 34 15 om

196 692 158 22 ledamöternas
376 692 59 21 antal
457 692 127 27 minskades,
607 692 79 22 hvilket
705 692 54 21 dock
777 692 53 26 icke,
848 691 56 23 hvad
924 692 25 21 de

197 726 121 29 prestvigde
337 726 146 22 ledamöterna
501 726 74 29 angär,
590 725 55 23 läter
660 727 33 27 sig
708 728 58 26 göra,
782 726 89 22 emedan
886 733 26 15 en
927 726 25 22 af

198 762 60 22 desse
276 762 40 21 bör
335 760 75 29 åtfölja
427 762 103 28 biskopen
547 760 30 30 pä
590 761 133 22 visitationer
738 762 40 21 och
793 760 35 23 två
843 761 25 21 af
879 761 70 28 kapit-

197 796 41 22 lets
260 796 101 28 personal
381 795 91 23 sälunda
494 796 85 22 komma
601 798 32 20 att
654 796 68 21 under
739 796 75 28 längre
831 796 119 28 tidrymder

198 830 74 28 hvarje
290 830 25 22 år
329 837 53 15 vara
400 830 143 22 frånvarande
561 829 48 23 från
627 830 139 22 stiftsstaden.
796 830 50 22 Men
860 830 89 22 emedan

198 865 41 22 den
253 865 123 28 föreslagna
390 865 62 21 civila
465 865 130 22 ledamotens
615 865 211 28 tjensteverksamhet
841 865 109 28 jemförel-

199 900 53 22 sevis
266 900 85 21 komme
365 901 32 20 att
411 900 65 21 minst
491 900 84 26 anlitas,
590 901 56 21 samt
660 900 84 21 arbetet
758 900 34 21 för
802 900 148 22 sekreteraren

196 934 80 28 jemväl
289 934 48 21 icke
350 933 69 23 blefve
434 934 93 21 särdeles
542 934 142 28 betungande,
699 933 65 22 hafva
778 933 121 23 Ständerna
914 941 36 15 an-

199 970 41 21 sett
258 968 99 28 lämpligt
374 969 33 20 att
425 967 41 23 den
485 969 135 26 sistnämnde,
640 975 46 15 som
703 968 67 21 borde
792 969 114 22 innehafva
924 969 26 22 de

200 1003 137 28 egenskaper,
355 1003 72 21 hvilka
444 1003 107 28 uppstälts
573 1002 70 22 såsom
664 1003 90 21 fordran
775 1002 29 29 på
826 1003 40 22 den
889 1003 62 22 civila

198 1037 127 27 ledamoten,
344 1037 67 22 skulle
429 1037 69 22 tillika
516 1037 102 22 anställas
637 1037 71 22 såsom
726 1037 84 28 ständig
831 1037 95 22 ledamot
942 1038 8 21 i

198 1072 96 27 kapitlet,
309 1072 137 27 hvarigenom
461 1071 63 22 alltså
539 1072 40 21 den
595 1072 61 21 civila
670 1073 198 27 assessorstjensten
881 1072 69 22 blefve

199 1106 113 27 umbärlig.
345 1106 62 21 Hvad
425 1105 46 22 åter
488 1106 104 22 beträffar
611 1106 26 22 de
657 1105 37 22 två
714 1106 122 28 prestvigde
856 1106 95 22 ledamö-

199 1141 68 25 terna,
282 1139 25 22 så
322 1141 25 20 är
361 1140 36 21 det
411 1140 47 21 icke
472 1140 55 22 blott
541 1147 27 14 ur
582 1141 134 27 synpunkten
731 1140 25 21 af
767 1140 93 28 behöflig
874 1141 76 27 bespa-

199 1174 49 28 ring
262 1175 8 20 i
284 1174 97 26 kostnad,
396 1176 53 19 utan
464 1175 24 20 af
500 1174 139 28 öfvertygelse
657 1181 36 15 om
708 1174 36 22 det
757 1175 123 27 principielt
893 1176 58 20 rätta

199 1208 81 27 härvid,
300 1215 46 14 som
364 1207 121 23 Ständerna
503 1210 70 20 ansett
595 1210 32 20 att
647 1208 164 28 ifrågavarande
833 1209 118 22 ledamöter

200 1241 46 22 icke
264 1241 67 22 borde
351 1241 102 22 anställas
475 1241 71 22 såsom
563 1243 99 26 ständiga
680 1249 120 14 assessorer
817 1243 50 20 med
884 1243 36 21 lön
938 1242 14 22 &

200 1277 49 24 stat,
271 1277 53 19 utan
346 1275 24 21 af
385 1275 78 21 stiftets
481 1275 136 28 presterskap
635 1275 90 28 inväljas
742 1275 35 22 för
794 1277 33 20 tre
846 1275 30 28 år,
895 1277 57 21 emot

200 1309 125 29 åtnjutande
341 1309 24 22 af
377 1310 47 21 sina
438 1310 49 21 med
504 1310 155 22 innehafvande
673 1310 90 28 tjenster
777 1310 102 22 förenade
894 1310 56 23 löne-

200 1343 108 23 förmåner
320 1344 66 28 jemte
401 1344 78 28 skäligt
493 1344 84 27 arvode,
593 1351 45 15 som
651 1345 8 21 i
674 1346 70 21 staten
758 1345 34 22 för
807 1344 145 29 domkapitlen

200 1379 67 22 borde
281 1381 113 26 upptagas.
425 1379 81 22 Genom
525 1387 26 14 en
568 1378 67 23 sådan
650 1381 191 27 sammansättning
856 1379 24 23 af
893 1380 58 22 dom-

200 1413 90 29 kapitlet
312 1414 101 26 kommer,
429 1413 67 28 jemte
514 1414 36 21 det
567 1414 93 28 kyrkligt
678 1414 137 22 traditionela
833 1414 117 28 elementet,

201 1454 45 15 som
261 1450 158 25 representeras
437 1448 24 20 af
477 1448 103 27 biskopen
598 1448 41 22 och
657 1448 137 28 domprosten
808 1448 71 22 såsom
894 1450 57 20 stän-

202 1482 47 28 dige
264 1482 144 27 medlemmar,
423 1484 56 20 samt
493 1482 48 22 med
556 1482 99 28 behörigt
669 1482 123 22 bevakande
805 1482 24 22 af
838 1482 36 22 det
888 1484 63 21 rätts-
