1017 1695
313 106 70 25 Nådiga
395 109 136 22 Propositionen
543 109 35 18 N:o
591 111 17 17 1.
778 111 31 16 103

155 169 120 23 Ständerna
288 172 48 23 utse
350 171 63 22 äfven
426 171 36 23 vid
475 172 74 28 hvarje
563 172 103 29 landtdag
680 173 111 27 revisorer,
806 181 26 14 en

86 205 34 24 för
133 204 76 29 hvarje
218 204 69 28 stånd,
298 205 35 24 för
344 207 32 20 att
386 205 92 24 förrätta
493 206 40 22 den
547 207 92 22 revision
652 207 92 22 berörde
757 208 76 22 fonder

84 239 82 28 årligen
181 239 102 28 undergå.
350 262 3 2 N

153 274 43 21 För
214 275 32 20 att
262 274 35 22 vid
314 274 111 23 inträffadt
445 274 73 23 förfall
538 275 74 28 intaga
632 275 200 29 bankfullmäktiges

85 308 41 22 och
143 308 142 22 revisorernes
306 309 63 27 plats,
392 316 40 21 ega
453 309 120 23 Ständerna
594 312 47 20 utse
659 310 25 23 sä
701 312 55 21 stort
774 310 59 22 antal

84 343 138 28 suppleanter
242 343 33 22 till
298 343 63 23 dessa
380 343 151 29 befattningar,
553 352 47 15 som
618 344 26 23 de
662 352 51 15 anse
733 345 99 22 behofvet

83 377 93 29 påkalla.

431 408 11 28 8
459 409 33 20 69.

152 447 42 23 Vid
212 447 43 24 alla
271 447 36 23 val
323 447 106 29 iakttages
447 449 33 22 att
496 448 170 27 namnsedlarne,
684 448 25 23 så
720 449 72 22 -framt
806 449 27 22 de

83 482 63 23 skola
158 482 68 22 blifva
239 482 105 29 gällande,
360 482 53 24 böra
427 490 52 15 vara
493 483 69 27 enkla,
577 483 72 23 slutna
663 485 41 20 och
718 484 42 22 fria
773 483 60 24 såväl

83 516 49 23 från
150 517 130 29 tvetydighet
293 518 9 21 i
316 518 105 22 anseende
435 517 33 22 till
482 525 141 20 personernas
637 525 71 20 namn,
723 526 47 15 som
784 518 48 23 från

84 552 115 28 oriktighet
219 553 8 21 i
248 552 105 22 anseende
374 553 33 22 till
432 553 62 22 deras
519 553 66 22 antal.
621 553 79 22 Mellan
724 561 108 20 personer,

84 594 47 15 som
144 587 36 22 vid
194 587 35 21 val
242 586 86 24 undfått
341 587 44 22 lika
401 587 61 23 antal
475 589 75 26 röster,
565 587 71 29 skiljes
648 595 76 21 genom
734 588 98 29 lottning,

83 623 41 20 när
138 620 25 23 så
177 621 113 23 erfordras.

428 660 11 28 8
456 661 33 20 70.

151 694 33 22 De
201 694 188 29 reglementariska
406 694 139 28 föreskrifter,
563 701 46 15 som
627 701 62 15 anses
706 695 79 28 nödiga
799 695 34 22 för

83 728 316 29 landtdagsmannagöromålen
416 731 56 20 samt
487 729 117 28 ordningen
618 729 7 21 i
641 728 90 23 stånden
745 729 40 22 och
799 731 34 20 ut-

84 764 90 26 skotten,
190 771 40 21 ega
245 763 119 22 Ständerna
379 764 57 27 eller,
451 763 8 22 i
473 765 61 20 ämne
549 771 46 14 som
609 763 67 28 angår
690 763 67 28 något
770 763 63 23 stånd

84 798 98 27 enskildt,
194 799 58 21 detta
263 797 64 23 stånd
338 800 32 20 att
379 798 112 22 fastställa.
519 798 26 28 Ej
561 797 36 22 må
611 797 66 29 något
689 798 46 22 deri
744 798 88 28 införas,

85 840 47 15 som
145 835 46 20 mot
205 833 106 28 grundlag
325 833 52 22 eller
391 840 71 15 annan
477 832 98 29 gällande
589 833 37 28 lag
640 833 84 22 strider.

431 885 12 28 8
459 886 33 19 71.

153 924 112 29 Grundlag
278 924 44 22 kan
336 924 77 27 stiftas,
428 924 85 27 ändras,
528 924 106 23 förklaras
649 925 52 21 eller
714 925 120 28 upphäfvas

86 960 75 23 endast
171 959 29 28 på
211 959 156 28 framställning
382 959 25 22 af
418 958 105 29 Kejsaren
534 959 40 22 och
585 959 132 22 Storfursten
731 959 40 23 och
785 960 49 24 med

85 995 43 22 alla
139 994 100 22 ständens
250 994 69 27 bifall;
335 994 40 22 och
385 992 36 23 mä
431 993 134 28 proposition
578 993 8 22 i
600 993 51 22 slikt
660 995 63 22 ämne
733 994 102 27 antingen

85 1029 86 28 afgöras
185 1029 36 21 vid
235 1029 41 21 den
289 1028 110 28 landtdag,
415 1027 28 22 dä
457 1027 41 22 den
508 1028 69 22 blifvit
587 1027 126 28 framställd,
725 1027 52 23 eller
787 1028 46 27 ock,

85 1064 8 22 i
110 1063 39 22 fall
166 1063 64 22 minst
248 1062 35 23 tvä
301 1061 64 23 ständ
383 1063 36 21 det
435 1062 61 29 yrka,
514 1062 81 22 lemnas
612 1062 99 22 hvilande
729 1062 32 22 till
775 1064 59 21 näst-

84 1097 125 30 påföljande
222 1097 109 28 landtdag,
347 1095 28 23 dä
389 1097 41 23 den
444 1097 55 21 skall
513 1096 98 29 slutligen
625 1097 92 28 pröfvas.

153 1131 96 30 Uppstär
267 1131 62 28 fräga
347 1138 34 15 om
399 1131 124 28 förändring
542 1131 51 22 eller
607 1131 150 28 upphäfvande
771 1131 25 21 af
808 1131 26 22 de

85 1167 91 22 stånden
191 1167 59 27 gifna
262 1165 127 29 privilegier,
409 1164 107 24 förmåner
530 1166 40 21 och
584 1165 133 28 rättigheter,
733 1165 51 22 eller
800 1173 34 15 om

85 1209 43 22 nya
145 1201 131 28 privilegiers
297 1199 146 28 meddelande,
465 1200 56 29 gälle
537 1199 56 24 hvad
610 1200 8 21 i
636 1199 198 29 Regeringsformen

87 1236 74 23 derom
175 1235 67 23 finnes
257 1235 106 30 stadgadt.

433 1270 12 27 8
461 1270 34 23 72.

154 1310 63 24 Hvad
238 1309 90 24 stånden
349 1309 229 25 sammanstämmande
595 1309 86 29 afgjort,
699 1316 51 17 vare
767 1309 7 21 i
792 1309 43 26 alla

87 1345 74 28 frågor
176 1344 130 23 Ständernas
320 1343 76 23 beslut.

155 1379 85 22 Förena
259 1378 33 28 sig
309 1378 47 22 icke
373 1377 99 28 samtliga
490 1376 90 23 stånden
602 1383 35 16 om
658 1376 123 29 grunderna
801 1377 34 24 för

87 1413 72 31 någon
172 1413 121 28 bevillning,
304 1413 65 22 sättet
383 1412 34 23 för
430 1411 64 24 deras
507 1411 142 29 tillämpning,
663 1411 52 24 eller
725 1411 110 24 bevillnin-

88 1456 53 22 gens
161 1447 121 28 fördelning
303 1447 33 23 till
356 1446 127 29 utgörande,
505 1447 40 22 och
566 1446 41 23 har
624 1446 211 29 sammanjemkning,
