1700 1836
651 184 72 23 Nådiga
734 185 138 21 Propositionen
883 184 34 16 N:o
930 184 16 16 4.
1119 183 30 16 191

423 248 51 24 eller
489 250 32 21 att
536 248 124 28 densamma
674 247 92 22 erhåller
779 247 95 28 följande
888 246 89 29 lydelse:

620 281 45 23 Till
677 283 92 20 allmänt
785 282 121 28 kyrkomöte
922 281 160 21 sammanträde
1098 281 76 21 ombud

553 317 42 28 för
614 317 41 20 den
672 316 121 28 evangelisk
812 316 109 21 lutherska
943 315 83 28 kyrkan
1047 316 9 19 i
1077 315 97 21 Finland

560 351 64 20 hvart
644 351 71 20 tionde
734 351 32 25 år,
787 351 51 20 eller
857 350 75 28 oftare,
953 357 34 13 om
1005 350 77 20 sådant
1101 349 24 28 af
1142 349 33 20 be-

560 385 71 28 hofvet
641 384 104 29 påkallas
764 385 39 20 och
821 383 88 22 hvarom
924 385 133 27 regeringen,
1073 385 10 19 i
1097 383 78 21 sådant

554 419 52 29 fall,
625 419 32 28 på
679 418 65 22 skedd
766 419 128 20 hemställan
917 419 24 28 af
961 418 136 28 domkapitel,
1121 419 53 27 äger

562 453 123 22 bestämma.
711 449 48 26 'Äro
774 455 37 19 nio
827 453 26 21 år
869 453 64 21 sedan
949 453 94 21 sednaste
1058 454 55 19 möte
1123 453 52 28 för-

561 489 67 25 lidna,
645 489 83 20 anmäle
744 487 151 29 erkebiskopen
908 488 69 22 under
988 488 97 20 Januari
1095 487 80 21 månad

556 523 134 29 påföljande
709 523 26 20 år
754 523 74 20 derom
849 523 37 20 hos
908 523 129 28 regeringen
1059 522 38 21 och
1119 522 56 21 hem-

560 558 63 20 ställe
639 565 33 14 om
688 561 34 16 ort
739 557 38 20 och
791 557 43 28 dag
843 557 42 28 för
901 557 45 24 dess
963 557 106 21 hållande.

492 593 24 26 $8
532 593 41 20 455
589 592 40 21 och
645 593 48 19 454.
723 592 37 20 Uti
779 592 62 21 dessa
859 592 31 27 $$,
905 598 46 15 som
969 592 80 21 handla
1064 599 35 14 om
1114 592 60 21 anta-

423 626 31 22 let
472 627 24 20 af
512 626 79 21 ombud
608 626 36 21 vid
662 626 124 27 kyrkomöte
805 626 40 21 och
863 627 64 20 sättet
945 625 35 21 för
998 625 62 22 deras
1077 625 42 31 val,
1135 626 40 21 har

423 661 105 21 utskottet
542 662 70 20 ansett
627 660 31 28 sig
672 660 54 21 böra
741 659 78 26 föreslå
834 659 106 28 åtskilliga
955 660 122 27 ändringar.
1102 660 74 27 Enligt

424 695 114 22 utskottets
557 694 56 28 åsigt
631 697 24 19 är
674 695 35 20 det
727 695 105 27 nemligen
846 695 49 20 med
910 694 40 21 den
965 694 210 27 evangelisk-luther-

424 730 40 21 ska
477 729 93 29 kyrkans
585 729 107 27 principer
707 731 55 19 samt
781 729 188 27 församlingarnas
983 727 146 23 välförstådda
1143 729 32 21 in-

424 766 68 20 tresse
510 763 230 22 öfverensstämmande
758 765 31 20 att
807 763 236 22 lekmanna-elementet
1065 763 13 21 å
1099 763 76 28 kyrko-

424 800 57 20 möte
496 799 96 21 starkare
610 800 157 25 representeras
785 799 8 20 i
811 797 133 22 förhållande
961 798 33 21 till
1012 798 36 21 det
1065 799 48 20 rent
1127 805 48 20 pre-

425 833 94 28 sterliga,
534 833 81 22 hvilket
632 833 132 21 sistnämnda
782 832 54 22 dock
854 832 61 21 alltid
930 839 75 20 genom
1021 832 154 28 öfvervägande

424 868 108 21 nitälskan
540 868 39 21 och
587 868 70 21 rikare
665 867 207 27 special-kännedom
879 866 68 21 måste
958 866 125 22 förutsättas
1091 867 85 21 komma

425 904 33 20 att
472 902 73 21 utöfva
558 902 125 26 tillräckligt
697 901 115 27 inflytande
827 901 28 27 på
869 901 103 21 besluten.
993 901 139 21 Beträffande
1143 909 32 13 se-

426 936 42 21 dan
484 936 25 21 de.
525 936 84 25 ombud,
626 943 45 14 som
686 934 47 22 från
752 935 99 21 särskilta
865 935 7 21 i
887 936 11 26 $
914 936 40 19 453
970 935 139 27 uppräknade
1124 935 51 21 auk-

425 970 97 22 toriteter
540 970 67 21 borde
625 972 64 24 utses,
708 970 41 20 har
768 969 35 21 det
821 971 58 26 synts
893 969 104 21 utskottet
1011 969 82 21 mindre
1107 966 68 30 lämp-

425 1004 40 28 ligt
484 1005 40 21 och
538 1004 81 28 jemväl
636 1004 35 21 vid
688 1004 186 26 verkställigheten
891 1004 59 20 möta
965 1005 58 20 stora
1038 1002 137 29 svårigheter,

426 1040 32 20 att
477 1039 61 21 dessa
557 1038 79 22 ombud
654 1038 67 27 väljas
740 1038 23 21 af
779 1038 84 21 valmän
881 1037 57 21 inom
956 1038 49 20 hela
1022 1038 79 26 landet,
1123 1039 53 20 utan

425 1073 67 21 borde
507 1073 73 28 hvarje
595 1072 116 22 auktoritet
725 1072 50 28 sjelf
787 1074 47 19 utse
848 1072 37 21 sitt
903 1071 84 21 ombud.
1018 1072 104 27 Slutligen
1137 1072 40 21 har

426 1107 104 22 utskottet
548 1109 69 20 ansett
635 1107 74 27 nödigt
727 1108 32 20 att
777 1106 136 28 suppleanter
931 1105 68 22 finnas
1015 1107 31 20 att
1060 1105 67 28 tillgå,
1143 1106 34 21 för

426 1142 42 21 den
482 1142 102 22 händelse
599 1143 32 20 att
647 1143 30 20 ett
691 1141 52 22 eller
757 1143 66 20 annat
837 1140 79 23 ombud
935 1140 24 21 af
974 1140 49 27 laga
1041 1141 72 21 förfall
1131 1141 45 20 hin-

426 1176 78 22 drades
522 1178 33 20 att
571 1177 8 20 i
597 1177 77 21 mötets
696 1175 184 28 öfverläggningar
903 1175 90 27 deltaga,
1016 1175 107 22 äfvensom
1146 1177 32 19 att

426 1211 35 21 för
476 1210 46 26 den,
538 1218 46 14 som
599 1211 48 21 med
661 1210 56 22 valet
734 1210 47 21 icke
801 1209 86 28 åtnöjes,
903 1208 36 22 må
952 1209 81 21 lemnas
1047 1209 84 21 tillfälle
1146 1211 32 19 att

428 1245 97 21 deröfver
539 1245 77 21 anföra
629 1245 82 21 besvär.

496 1278 32 22 På
546 1279 62 22 dessa
626 1279 93 27 grunder
737 1277 33 22 får
788 1278 103 21 utskottet
909 1277 64 22 alltså
993 1278 109 21 vördsamt
1122 1278 56 21 före-

428 1312 38 28 slå,
485 1315 32 20 att
534 1312 164 29 ifrågavarande
715 1313 25 27 $$
758 1312 67 22 måtte
843 1311 81 23 erhålla
941 1312 94 28 följande
1049 1312 129 22 förändrade

426 1348 92 28 lydelse:

626 1382 12 28 $
660 1380 48 22 453.
742 1380 101 30 Kyrkans
866 1380 77 22 ombud
964 1381 37 21 vid
1023 1381 78 21 sådant
1123 1382 56 20 möte

565 1416 61 20 skola
648 1423 54 13 vara
724 1416 97 27 samtlige
847 1414 127 28 biskoparne
993 1416 10 19 i
1020 1416 81 27 stiften,
1121 1416 58 25 eller,

566 1450 39 21 der
622 1450 72 28 någon
713 1450 24 28 af
750 1450 47 20 dem
813 1449 40 20 har
862 1449 90 29 förfall,
968 1449 39 21 den
1022 1449 26 29 af
1060 1449 120 28 domkapit-

568 1486 37 20 lets
625 1484 124 26 ledamöter,
769 1484 79 28 stiftets
863 1483 140 29 presterskap
1021 1484 10 20 i
1049 1484 52 20 hans
1117 1484 63 20 ställe

955 1518 6 7 o

566 1520 81 28 väljer;
668 1520 73 19 trettio
760 1518 47 21 med
820 1518 106 29 fullmakt
949 1526 12 13 å
984 1518 112 21 ordinarie
1116 1518 65 28 tjenst
