1031 1700
332 124 72 23 Nådiga
415 126 135 21 Propositionen
563 126 35 16 N.o
612 127 14 15 1.
821 126 10 16 ö

228 168 16 11 «

100 187 103 23 invänare
223 188 64 22 vinna
305 188 91 28 ändring
418 189 7 20 i
448 190 64 20 sättet
534 188 39 22 och
596 188 117 28 ordningen
735 187 34 23 för
791 188 63 26 valet,

99 222 61 22 skola
174 224 98 20 rösterna
287 222 34 22 för
335 223 70 21 beslut
420 223 73 22 derom
507 223 105 21 beräknas
623 223 54 21 efter
692 230 82 14 samma
788 230 64 21 grun-

100 257 38 21 der
156 257 40 21 och
214 256 76 28 frägan
309 257 139 21 öfverlemnas
466 257 32 21 till
519 257 104 27 Kejsaren
645 257 40 21 och
709 256 144 22 Storfurstens

98 290 101 32 pröfning
217 291 40 21 och
275 291 142 21 fastställelse.
446 291 11 21 I
475 291 54 26 stad,
545 290 38 22 der
600 290 35 22 val
653 298 76 20 genom
747 290 105 22 elektorer

98 324 64 29 Ofligt
176 326 31 26 är,
223 332 38 21 ege
275 325 74 28 hvarje
364 325 81 22 elektor
462 325 36 22 vid
516 324 227 29 landtdagsmannaval
757 332 27 14 en
798 326 52 20 röst.

445 390 12 27 8
474 390 32 20 14.

165 428 160 23 Bondeständet
339 431 87 27 utgöres
441 430 25 21 af
473 429 139 28 fullmäktige,
623 428 62 23 valde
696 436 26 15 en
733 428 34 23 för
778 429 73 28 hvarje

97 464 25 22 af
134 464 84 22 landets
233 464 119 28 domsagor.
382 464 64 22 Valet
459 464 123 21 verkställes
598 471 76 20 genom
692 463 110 27 elektorer,
817 465 33 20 ut-

98 499 65 22 sedde
180 498 49 22 frän
246 499 74 28 hvarje
337 499 33 21 till
389 499 116 28 domsagan
522 498 95 22 hörande
632 499 101 20 kommun
748 498 51 22 eller
813 505 38 14 an-

98 534 35 21 del
147 533 24 22 af
183 533 106 26 kommun,
305 533 40 22 och
363 533 103 22 förrättas
480 533 57 22 inför
552 533 169 22 domhafvanden
735 531 30 30 pä
779 533 72 21 dertill

97 568 25 23 af
134 568 79 22 honom
226 568 67 28 utlyst
307 567 48 29 dag.
384 568 133 22 Elektorsval
532 568 100 22 anställes
646 567 30 29 pä
690 567 160 29 vederbörligen

96 604 68 28 utlyst
178 603 214 21 kommunalstämma
406 603 58 26 eller,
476 603 37 21 der
528 602 66 22 sådan
610 603 18 27 ej
644 602 73 30 finnes,
733 601 14 23 å
761 602 87 22 socken-

96 639 99 25 stämma,
210 638 87 21 sednast
311 636 46 23 åtta
372 637 67 28 dagar
454 637 46 21 före
514 637 255 28 landtdagsmannavalet.
791 636 11 22 I
814 644 36 14 va-

96 672 31 22 let
141 672 25 22 af
178 672 81 22 elektor
274 672 95 28 deltager
384 679 26 15 en
424 672 54 21 hvar
491 672 58 21 inom
563 672 128 21 kommunen
706 672 72 21 bosatt
792 679 56 19 man,

96 714 47 15 som
158 714 50 22 eger
221 707 9 21 i
243 706 82 22 mantal
340 708 42 20 satt
396 706 74 22 frälse-
485 706 51 22 eller
554 706 124 28 skattejord,
693 706 49 22 med
757 706 92 28 stadgad

96 741 87 23 åborätt
197 741 88 22 besitter
299 741 167 22 kronohemman
481 741 51 22 eller
543 740 13 22 ä
567 741 90 21 arrende
667 741 90 21 innehar
771 740 77 27 krono-

96 776 97 27 boställe,
204 775 123 29 kungsgård
342 776 52 21 eller
407 774 174 29 kungsladugärd
596 776 41 20 och
652 776 18 27 ej
686 776 64 21 hörer
764 775 33 21 till
811 782 38 14 an-

96 813 39 19 nat
149 810 63 23 stånd
227 811 52 21 eller
293 812 25 20 är
333 810 92 24 anställd
439 811 8 20 i
460 810 84 22 landets
558 810 70 28 tjenst.
655 810 79 27 Hvarje
748 810 101 20 kommun

96 852 51 22 eger
162 846 73 21 dervid
249 847 47 20 utse
311 852 26 16 en
351 845 58 21 inom
424 845 122 21 densamma
560 844 72 22 bosatt
647 844 80 21 elektor
742 843 65 22 bland
823 844 26 21 de

95 880 169 28 valberättigade
279 880 40 21 och
334 879 126 26 derutöfver,
476 879 53 21 efter
544 878 151 28 folkmängden
709 878 66 28 enligt
789 885 59 14 man-

96 914 141 28 talslängden,
256 922 27 14 en
301 914 34 21 för
352 914 74 27 hvarje
444 914 49 20 fullt
510 913 31 22 tal
559 912 24 22 af
600 914 61 25 2,000
676 920 112 20 personer;
807 912 41 22 och

95 949 106 22 beräknas
212 950 98 20 rösterna
321 948 53 22 efter
384 948 136 21 hemmanens
531 947 131 22 förmedlade
676 947 87 21 mantal.
785 946 63 22 Elek-

95 985 86 20 torerne
199 984 66 26 skola,
283 982 100 22 försedde
400 982 50 22 med
471 982 78 28 utdrag
566 982 25 21 af
606 982 129 27 protokollet
756 981 93 21 rörande

96 1018 60 22 detta
173 1018 40 26 val,
232 1017 182 22 sammankomma
430 1016 30 28 på
477 1018 67 20 utsatt
563 1016 41 28 dag
623 1016 40 22 och
681 1015 62 22 ställe
758 1015 40 22 och
812 1015 35 22 vid

96 1052 249 28 landtdagsmannavalet
359 1058 27 15 en
400 1052 54 21 hvar
468 1058 40 21 ega
522 1058 26 14 en
563 1051 51 21 röst.

440 1115 12 28 8
469 1115 32 20 15.

164 1156 126 27 Berättigad
309 1157 32 20 att
355 1155 86 28 deltaga
455 1155 8 20 i
476 1155 35 21 val
525 1154 25 21 af
562 1153 81 22 elektor
657 1153 52 22 eller
723 1153 124 28 landtdags-

94 1197 51 14 man
159 1190 8 21 i
181 1190 78 21 ofrälse
274 1189 63 22 stånd
351 1191 30 24 är,
397 1189 49 21 med
463 1188 137 28 iakttagande
615 1187 24 22 af
652 1188 26 21 de
692 1188 8 20 i
716 1189 32 25 12,
765 1189 25 20 13
806 1187 41 22 och

96 1226 28 19 14
142 1225 24 28 $$
185 1224 102 28 stadgade
306 1224 99 27 grunder,
423 1223 53 22 hvar
494 1223 40 21 och
552 1230 26 14 en
596 1222 33 21 till
646 1221 85 22 ståndet
751 1221 96 22 hörande

95 1259 41 22 och
151 1259 57 21 inom
222 1258 142 22 valdistriktet
377 1258 73 22 bosatt
464 1257 54 22 finsk
535 1264 56 19 man,
607 1263 46 15 som
667 1256 33 21 till
713 1255 87 29 myndig
815 1255 30 22 äl-

96 1294 38 21 der
155 1293 98 21 kommen
274 1294 31 25 är,
328 1292 62 22 äfven
411 1300 35 14 om
466 1292 44 21 han
534 1292 108 21 bekänner
663 1298 71 17 annan
755 1292 28 20 än
805 1290 41 22 den

95 1328 84 20 kristna
193 1327 67 25 läran,
277 1327 54 20 dock
345 1326 35 21 mä
395 1326 18 27 ej
430 1325 70 21 säsom
514 1325 156 27 valberättigad
685 1332 70 13 anses:

232 1360 41 21 den
287 1367 47 13 som
348 1360 18 26 ej
381 1359 69 21 under
465 1359 26 21 de
505 1360 33 20 tre
552 1358 141 23 sistförflutna
708 1357 51 21 åren
773 1358 74 21 varit
836 1353 15 37 i

265 1394 74 21 landet
353 1392 159 26 skattskrifven;

233 1429 40 21 den
287 1436 46 14 som
348 1426 45 24 stär
407 1426 68 23 under
489 1426 186 30 förmynderskap;

233 1463 40 22 den
288 1470 45 15 som
348 1462 81 22 afträdt
443 1462 33 24 sin
490 1460 103 29 egendom
607 1460 33 22 till
650 1460 142 29 borgenärers
802 1460 44 22 för-
