1020 1692
210 124 22 16 28
416 122 71 22 Nådiga
498 122 137 22 Propositionen
647 122 34 17 N:o
695 123 15 15 1.

187 184 90 29 tillgång
291 185 140 22 förvandlade
447 185 54 21 efter
519 185 26 21 de
559 185 8 21 i
583 186 10 20 1
610 186 11 26 &
638 186 26 20 10
679 184 48 28 kap.
742 184 27 21 U.
784 184 24 21 B.
824 184 55 22 samt
893 183 43 21 för-

187 219 111 28 klaringen
313 219 25 22 af
350 219 41 22 den
406 220 26 20 23
447 219 59 21 Mars
523 221 54 19 1807
591 218 104 28 stadgade
709 218 99 28 grunder.

380 272 73 28 Enligt
470 272 59 22 Hans
543 272 120 28 Kejserliga
676 271 112 28 Majestäts
802 270 85 29 Nädiga
900 271 37 21 be-

324 306 95 28 fallning,
445 306 70 29 gifven
536 307 8 20 i
566 306 31 22 S:t
621 305 131 28 Petersburg
778 305 40 22 den
842 307 25 20 16
890 305 46 29 (28)

324 340 120 23 November
463 341 61 21 1866.

464 405 65 25 Alex.
552 405 109 24 Armfelt.

681 464 21 19 A.
714 463 28 20 W.
754 464 136 20 Wallensköld.

381 603 233 27 Grundlags-utskottets
627 603 131 20 betänkande
767 603 37 20 N:o
816 603 10 20 1
841 603 9 20 i
865 600 90 24 anled-'

323 638 53 28 ning
385 637 25 30 of
419 636 62 22 Hans
496 637 123 29 Kejserliga
633 636 115 29 Majestäts
763 637 82 28 nådiga
858 644 79 21 propo-

323 673 67 21 sition
406 671 109 30 angående
531 671 219 29 landtdagsordning.

255 734 57 23 Frän
327 735 99 28 samtliga
440 734 90 23 ständen
540 735 41 22 har
590 734 162 29 Högstberörda
765 735 80 28 nädiga
859 743 78 20 propo-

188 770 63 23 sition
268 770 70 21 blifvit
355 769 33 22 till
406 769 228 28 grundlags-utskottet
653 769 150 28 öfverlemnad,
819 770 118 28 hvarjemte

187 805 105 21 utskottet
313 803 85 23 erhållit
420 803 33 22 del
475 804 24 21 af
519 804 36 21 det
576 803 113 29 protokoll,
708 811 45 14 som
771 804 69 22 blifvit
858 804 79 22 fördt
926 799 16 37 i

187 839 120 27 Kejserliga
322 839 91 21 Senaten
424 838 35 22 vid
470 838 178 28 föredragningen
660 838 109 22 derstädes
780 839 25 21 af
812 839 82 27 förslag
904 839 33 21 till

186 873 134 29 proposition
334 872 7 21 i
356 872 129 22 förbemäldt
499 872 104 27 afseende,
618 872 118 28 uppgjordt
746 873 24 21 af
779 880 26 14 en
815 873 35 22 för
860 872 77 23 sädant

187 906 101 24 ändamål
302 907 24 21 af
338 907 60 21 Hans
412 906 119 28 Kejserliga
545 906 100 28 Majestät
659 906 85 29 nädigst
758 908 77 21 tillsatt
849 908 87 22 komit6.

256 941 234 28 Grundlags-utskottet
500 942 41 20 har
551 942 47 20 sökt
610 948 55 21 egna
676 941 36 21 det
723 941 80 29 förslag
818 942 33 21 till
864 942 71 22 landt-

187 976 151 29 dagsordning,
353 982 46 16 som
412 976 115 22 innefattas
541 976 8 20 i
564 976 40 21 den
618 974 79 30 nädiga
711 977 166 27 propositionen,
896 976 41 22 den

186 1010 125 29 sorgfälliga
332 1010 129 30 granskning
483 1010 40 24 och
545 1010 106 28 pröfning,
674 1017 46 16 som
740 1010 97 28 päkallas
856 1011 24 21 af
895 1012 41 21 den

187 1044 181 29 genomgripande
388 1044 108 28 betydelse
515 1052 27 14 en
560 1044 40 22 slik
617 1044 36 28 lag
670 1045 96 21 kommer
788 1047 31 21 att
841 1052 40 21 ega
901 1045 35 22 för

186 1079 148 27 utvecklingen
348 1078 24 22 af
384 1078 103 22 Finlands
502 1078 101 22 framtida
617 1079 101 27 politiska
732 1078 31 23 lif,

255 1113 38 21 Att
310 1120 31 16 nu
362 1112 99 28 gällande
482 1112 132 28 stadganden
632 1112 35 22 för
684 1113 251 27 folkrepresentationens

186 1147 191 27 sammansättning
392 1147 40 23 och
446 1146 35 22 för
495 1146 125 22 ständernas
632 1148 172 20 sammanträden
818 1148 34 21 till
865 1148 70 22 landt-

187 1181 42 28 dag
244 1180 131 28 oundvikligt
392 1180 91 22 behöfva
502 1180 126 27 omarbetas,
647 1181 62 22 torde
726 1181 118 28 medgifvas
862 1182 25 21 af
899 1189 36 15 en-

186 1216 59 25 hvar,
267 1222 46 15 som
334 1215 55 27 tagit
409 1215 120 21 kännedom
547 1222 34 14 om
600 1215 114 26 desamma,
733 1216 41 21 och
789 1216 35 21 det
842 1216 49 22 med
911 1215 25 23 sä

185 1249 85 27 mycket
287 1255 60 14 mera
364 1248 52 26 skäl,
435 1255 46 14 som
499 1248 75 21 endast
591 1248 84 22 mindre
693 1249 61 21 delen
773 1249 24 21 af
808 1249 127 22 hithörande

186 1282 133 28 stadganden
336 1282 69 22 finnas
423 1282 103 22 affattade
543 1282 8 22 i
568 1282 55 21 form
642 1282 24 22 af
681 1283 92 22 skrifven
787 1283 42 28 lag.
858 1283 77 22 Dertill

185 1317 102 27 kommer,
302 1319 32 20 att
348 1318 58 20 emot
424 1316 47 22 dem
488 1316 78 29 mänga
580 1317 89 21 rättvisa
683 1318 165 27 anmärkningar
862 1318 73 22 kunna

186 1353 63 27 göras
264 1352 41 22 och
318 1350 79 30 många
411 1351 78 22 brister
503 1352 8 21 i
525 1352 48 21 dem
586 1352 107 27 uppvisas,
705 1352 71 22 hvilka
790 1352 54 22 böra
858 1352 75 29 afhjel-

185 1394 47 21 pas,
247 1387 41 21 och
301 1386 37 22 vill
352 1386 109 27 utskottet,
476 1386 65 22 innan
555 1386 104 22 utskottet
669 1387 104 28 granskar
788 1388 26 21 de
828 1387 107 22 särskilda

186 1421 153 28 stadgandena,
358 1420 118 22 framställa
498 1421 26 22 de
544 1420 195 29 hufvudsakligaste
761 1422 172 29 anmärkningar,

186 1462 46 16 som
246 1456 70 22 blifvit
328 1455 78 29 gjorda
420 1456 40 22 och
474 1456 49 22 med
536 1457 58 21 rätta
608 1455 73 23 kunna
691 1457 64 27 göras
766 1459 57 20 emot
832 1457 101 22 Finlands

986 972 6 23 ||

971 996 21 10 X
