1700 1839
660 190 71 24 Nädiga
743 192 135 22 Propositionen
890 193 35 16 N:o
938 194 14 16 1.
1135 193 21 15 17

497 252 10 22 I
523 254 11 20 5
550 254 12 27 8
576 254 41 20 har
631 253 68 23 Eders
716 254 121 28 Kejserliga
854 254 100 28 Majestät
971 253 85 29 nädigst
1070 254 110 28 föreslagit

428 288 32 20 att
475 288 27 20 46
517 288 11 27 &
544 287 24 21 af
581 287 98 27 gällande
696 288 164 28 regeringsform
878 288 67 22 borde
959 288 117 22 bibehållas
1091 288 33 21 till
1139 288 40 21 den

428 321 35 21 del
482 321 39 22 den
540 322 87 26 stadgar
646 323 31 19 att
694 321 103 29 landtdag
815 322 19 28 ej
852 321 35 22 må
905 322 91 21 fortfara
1013 322 74 28 längre
1105 322 31 21 tid
1152 323 28 20 än

427 357 33 19 tre
474 355 108 21 månader.
612 356 154 21 Erfarenheten
783 357 40 20 har
839 356 53 21 dock
910 356 95 28 bestyrkt
1023 358 33 19 att
1071 364 26 14 en
1112 355 67 22 sådan

426 389 32 21 tid
472 389 34 21 för
524 389 166 27 landtdagarnes
708 390 132 21 fortfarande
857 390 47 21 icke
922 392 24 19 är
965 390 114 28 tillräcklig
1097 390 34 21 för
1146 391 33 20 att

426 423 44 22 alla
484 424 33 20 till
532 423 120 21 Ständerna
666 424 129 28 hänskjutna
809 424 90 21 ärender
914 424 59 22 skola
987 425 72 20 kunna
1073 424 48 21 med
1136 424 42 21 till-

426 458 70 27 börlig
510 458 148 27 noggrannhet
673 458 24 21 af
709 458 48 21 dem
771 458 123 21 behandlas.
923 458 77 22 Dertill
1014 459 95 21 kommer
1121 459 57 21 ännu

427 493 30 19 ett
471 492 34 20 för
520 492 91 20 Finland
626 494 47 25 eget
687 492 140 26 förhållande,
843 500 45 14 som
898 492 8 21 i
916 493 95 27 betydlig
1025 492 60 28 grad,
1101 491 76 23 åtmin-

426 528 61 20 stone
504 526 44 22 tills
565 526 79 26 vidare,
663 527 100 27 bidrager
779 527 33 21 till
830 529 32 19 att
883 527 98 28 förlänga
1001 527 176 28 landtdagsgöro-

426 560 81 22 målens
522 560 109 28 fortgång,
646 562 105 27 nemligen
767 561 36 21 det
817 563 32 19 att
863 560 58 23 såväl
932 562 35 21 vid
982 562 26 20 de
1022 561 156 22 förberedande

427 595 103 21 arbetena
543 595 58 21 inom
615 596 114 26 utskotten,
745 603 45 13 som
805 596 40 21 ock
854 596 35 21 vid
904 596 188 27 förhandlingarne
1103 596 8 20 i
1121 596 56 22 Bon-

426 629 122 22 deståndets
562 630 71 27 plena,
648 630 43 22 alla
705 630 114 28 yttranden
832 630 125 28 föredragas
972 629 28 29 på
1014 632 77 20 tvenne
1105 629 71 29 språk,

423 664 67 28 jemte
504 664 36 21 det
558 666 32 20 att
607 665 44 21 alla
667 664 240 22 utskottsbetänkanden
924 665 101 21 likaledes
1044 664 60 22 skola
1118 664 59 28 uppå

425 698 36 22 två
476 698 64 28 språk
554 698 94 23 affattas.
679 699 119 22 Ständerna
816 706 51 15 anse
885 698 83 22 derföre
986 699 58 21 tiden
1062 699 34 22 för
1114 698 62 23 Stän-

426 733 77 22 dernas
518 740 147 15 sammanvaro
679 734 54 21 böra
746 734 129 21 bestämmas
890 734 33 21 till
937 733 47 28 fyra
998 733 108 27 månader,
1121 734 56 21 helst

426 767 66 28 något
505 768 108 21 missbruk
628 768 62 22 deraf
706 768 17 27 ej
743 769 62 20 torde
819 776 52 14 vara
889 770 31 19 att
939 768 80 25 befara,
1039 770 51 19 enär
1108 769 68 21 Eders

425 801 120 28 Kejserliga
562 803 101 27 Majestät
680 803 65 27 enligt
763 803 52 21 sista
832 804 115 20 momentet
963 802 32 21 uti
1013 802 163 28 ifrågavarande

425 837 12 26 $
456 837 25 20 är
499 836 99 29 obetaget
616 839 32 19 att
664 838 41 19 när
726 844 46 14 som
793 837 55 21 helst
869 837 78 21 afsluta
968 836 129 28 landtdagen
1120 838 56 20 samt

424 870 141 22 hemförlofva
581 871 125 21 Ständerna.

493 904 42 21 Vid
554 905 156 28 granskningen
728 905 24 21 af
769 907 11 20 7
796 906 11 27 &
825 905 64 22 hafva
907 905 119 22 Ständerna
1040 905 70 21 funnit
1125 905 50 21 den-

425 946 82 14 samma
524 938 8 23 i
550 940 47 21 dess
615 939 122 22 nuvarande
755 940 80 28 lydelse
852 939 66 22 sakna
937 939 28 21 all
987 939 113 28 betydelse,
1123 941 52 20 enär

424 974 53 21 sista
491 974 11 27 $
518 974 8 21 i
540 973 139 22 förevarande
693 973 79 29 nådiga
787 974 80 27 förslag
881 973 33 22 till
928 973 204 28 landtdagsordning
1143 974 32 21 in-

424 1007 96 22 nehåller
536 1007 43 22 den
596 1007 113 22 försäkran
727 1010 32 19 att
777 1008 69 21 denna
862 1008 36 27 lag
917 1007 54 22 skall
989 1008 57 27 gälla
1064 1007 69 22 såsom
1148 1015 27 14 en

425 1041 96 28 orygglig
536 1042 105 27 grundlag
654 1041 34 22 för
702 1042 82 21 landets
800 1042 90 21 Ständer
905 1041 55 22 intill
978 1042 47 21 dess
1044 1042 41 21 den
1099 1042 76 21 blifver

423 1076 8 21 i
446 1076 50 28 laga
510 1076 91 27 ordning
616 1076 89 26 ändrad,
720 1079 55 19 samt
790 1076 111 21 enahanda
918 1075 112 22 försäkran
1042 1076 79 27 jemväl
1135 1075 39 22 fin-

423 1117 38 14 nes
478 1111 87 26 intagen
582 1111 8 20 i
610 1112 53 19 1772
683 1109 34 22 års
735 1110 171 28 Regeringsform
925 1111 40 20 och
985 1112 52 19 1789
1057 1109 35 22 års
1110 1110 64 22 Före-

423 1144 72 27 nings-
510 1145 40 20 och
566 1144 166 27 Säkerhets-akt,
747 1145 57 20 hvad
819 1145 61 20 dessa
894 1144 129 27 grundlagar
1037 1143 74 28 angår.
1140 1143 34 22 Då

424 1178 95 22 deremot
534 1178 147 21 erfarenheten
695 1179 54 21 visat
763 1180 34 19 att
811 1178 196 27 valkorporationer
1022 1178 99 21 stundom
1136 1185 37 14 an-

424 1215 42 20 sett
482 1213 34 28 sig
533 1213 134 27 berättigade
685 1215 32 19 att
734 1212 29 28 på
780 1212 92 21 förhand
890 1212 127 22 föreskrifva
1035 1212 40 21 den
1089 1211 25 22 af
1126 1212 48 22 dem

423 1247 61 21 valde
506 1247 205 27 landtdagsmannen
732 1246 29 28 på
782 1247 56 21 hvad
859 1247 43 20 sätt
923 1247 43 20 han
988 1247 35 21 vid
1044 1241 130 33 landtdagen

423 1281 67 22 borde
504 1282 8 20 i
526 1281 56 22 vissa
597 1281 172 22 förekommande
783 1280 72 28 frågor
870 1282 65 25 rösta,
951 1281 40 21 och
1005 1280 120 22 Ständerna
1137 1288 36 14 an-

423 1318 42 20 sett
483 1318 31 20 att
534 1316 71 28 dylika
625 1316 106 22 missbruk
752 1315 54 22 böra
827 1315 141 22 förekommas
991 1322 76 20 genom
1089 1317 30 20 ett
1140 1317 33 19 ut-

422 1351 102 27 tryckligt
539 1350 160 28 lagstadgande,
718 1351 40 21 har
775 1349 162 28 ifrågavarande
956 1350 11 27 $
985 1350 24 20 af
1025 1348 67 23 sådan
1110 1350 63 21 orsak

422 1385 70 21 blifvit
505 1385 8 20 i
527 1392 29 13 nu
571 1385 140 21 omförmälda
726 1384 55 28 syfte
795 1384 153 27 omredigerad.

490 1418 63 21 Hvad
567 1418 104 21 beträffar
686 1420 12 18 9
713 1419 12 26 &
740 1418 64 20 hafva
819 1418 120 20 Ständerna
956 1417 70 21 funnit
1044 1417 128 25 densamma,

423 1451 67 22 sådan
506 1452 40 20 den
560 1458 30 14 nu
608 1453 31 24 är,
657 1452 72 20 kunna
745 1452 122 27 misstydas;
887 1450 99 22 hvarföre
1004 1450 41 22 och
1063 1450 28 22 då
1108 1450 66 28 något

422 1486 150 22 motsvarande
586 1486 117 28 stadgande
717 1486 8 21 i
740 1485 98 29 gällande
853 1485 104 28 grundlag
971 1485 47 21 icke
1032 1485 73 27 finnes,
1121 1487 53 19 utan

423 1523 33 20 att
470 1520 76 23 sådant
560 1521 93 22 medfört
667 1520 70 28 någon
752 1520 118 28 olägenhet,
886 1519 125 27 Ständerna,
1029 1520 72 22 hvilka
1116 1520 57 21 dess-
