1017 1681
184 110 33 16 542
383 108 72 22 Nådiga
466 109 136 21 Propositionen
615 109 34 16 N:o
663 110 26 15 11.

161 179 34 16 ser
214 174 27 20 än
259 172 26 21 de
302 173 8 20 i
328 171 161 29 propositionen
505 173 117 26 upptagna,
641 171 65 23 hafva
720 171 120 22 Ständerna
854 172 57 21 velat

160 214 77 21 genom
255 208 31 20 ett
302 206 157 27 förtydligande
479 205 75 28 tillägg
575 205 94 22 utesluta
685 206 137 27 möjligheten
844 206 25 21 af
884 213 27 14 en

162 241 57 28 dylik
236 240 143 28 uppfattning,
396 247 45 14 som
459 241 68 21 skulle
545 240 34 21 stå
592 241 8 20 i
615 240 53 21 strid
682 241 49 21 med
745 240 165 28 författningens

161 275 106 29 syftemål;
287 276 41 21 och
345 275 64 21 hafva
428 275 120 22 Ständerna
569 275 8 20 i
596 275 64 27 öfrigt
678 275 59 21 ställt
759 275 127 27 stadgandet
903 275 8 20 i

162 311 70 22 denna
246 311 11 27 8
272 310 8 21 i
295 309 216 22 öfverensstämmelse
525 309 49 22 med
589 309 41 22 den
645 309 103 28 kyrkolag
763 309 33 22 för
812 309 26 22 de
848 317 63 14 evan-

162 345 187 28 gelisk-lutherska
367 344 177 27 församlingarne
562 344 8 21 i
591 344 79 26 landet,
692 344 86 25 hvartill
799 344 81 28 förslag
898 343 14 22 å

163 380 69 21 denna
249 379 104 28 landtdag
370 379 70 21 blifvit
458 378 121 23 Ständerna
600 377 70 24 såsom
691 378 66 28 nådig
777 379 134 28 proposition

162 414 112 27 förelagdt.

230 456 53 22 112
299 457 11 28 &
324 454 65 24 hafva
404 456 120 22 Ständerna
537 457 68 20 rättat
620 457 36 20 ett
664 456 97 28 tryckfel,
773 463 46 14 som
833 457 79 20 insmu-

163 490 31 29 git
212 491 40 29 sig'
261 490 67 23 bland
347 491 25 20 de
391 490 93 22 citerade
498 490 127 28 lagställena
639 490 8 21 i
661 491 64 21 slutet
740 490 24 21 af
776 491 136 27 paragrafen,

164 525 38 22 der
215 525 64 22 B.B:
295 525 26 21 26
331 522 54 31 kap.
399 527 10 19 1
426 526 9 27 8
445 526 88 27 nämnes
544 525 8 21 i
563 524 72 22 stället
645 525 33 21 för
692 525 29 20 M.
733 525 24 20 B.
770 526 26 20 26
807 525 49 28 kap.
870 527 10 18 1
894 525 18 28 8.

232 567 33 23 Dä
286 567 81 29 nägon,
389 575 46 14 som
457 567 66 28 enligt
544 567 36 28 lag
602 567 52 22 eller
675 567 91 22 särskild
787 567 127 29 författning

164 602 58 29 gjort
240 603 32 28 sig
292 602 100 22 förfallen
412 602 34 21 till
467 603 64 20 ärans
553 601 82 27 förlust,
655 602 84 28 jemlikt
761 602 128 28 stadgandet
906 603 8 20 i

166 639 25 20 13
207 639 11 26 &
237 638 84 21 komme
339 639 32 20 att
389 637 105 21 förklaras
509 637 88 27 ovärdig
611 637 166 28 medborgerligt
791 636 123 23 förtroende

164 670 30 29 pä
208 673 42 21 viss
267 671 38 27 tid,
317 671 52 27 bör,
389 671 65 27 enligt
473 671 131 22 Ständernas
622 670 61 29 äsigt,
703 671 69 22 denna
789 671 32 21 tid
840 671 18 28 ej
877 671 37 28 be-

165 707 101 20 stämmas
284 706 86 21 kortare
385 707 28 20 än
427 707 33 19 tre
475 705 30 26 är,
520 705 86 22 hvilken
624 705 113 21 minimitid
754 705 46 22 icke
818 704 96 29 skäligen

165 741 43 21 kan
225 747 62 14 anses
305 738 53 26 våra
375 740 34 21 för
427 739 53 28 lång
496 747 34 14 om
547 739 8 21 i
573 739 141 22 betraktande
735 741 61 26 tages
814 739 46 21 dels
877 740 37 21 be-

164 775 147 20 skaffenheten
323 774 31 27 af
370 774 26 21 de
413 773 64 27 brott,
493 773 34 22 för
541 773 71 22 hvilka
626 775 63 19 ärans
704 773 77 22 förlust
800 773 66 28 enligt
884 781 30 14 nu

165 807 99 30 gällande
281 808 134 28 lagstiftning
429 808 96 21 kommer
539 807 8 21 i
561 807 68 28 fråga,
645 807 44 22 dels
708 808 40 21 ock
766 808 40 21 den
822 810 92 20 omstän-

166 844 99 27 digheten
283 845 32 19 att
332 843 59 21 tiden
408 842 34 21 för
461 843 35 21 det
510 842 143 26 frihetsstraff,
672 843 86 21 hvartill
777 843 41 21 den
835 843 79 21 brotts-

165 878 43 27 lige
220 875 78 30 jemväl
313 878 58 27 gjort
385 877 32 27 sig
431 877 105 26 förfallen,
555 877 24 21 är
596 877 33 21 uti
646 877 147 22 förstnämnde
807 876 108 29 tidslängd

165 912 139 21 inberäknad.
324 923 2 2 '

233 955 42 21 Det
293 955 42 21 kan
353 954 62 22 äfven
433 955 45 21 ofta
495 954 94 26 inträffa,
610 955 32 21 att
659 953 72 29 nägon
749 953 29 29 pä
796 961 70 15 annan
881 955 35 21 ort

152 989 42 22 än
210 990 37 20 der
264 990 44 21 han
326 991 25 19 är
367 989 73 21 bosatt
458 989 93 21 dömmes
570 989 99 27 förlustig
686 989 167 28 medborgerligt
871 989 45 21 för-

165 1018 98 32 troende;
280 1024 40 21 och
335 1031 45 13 som
395 1023 36 22 det
444 1024 8 20 i
467 1023 71 28 dylika
556 1023 113 21 händelser
687 1024 25 20 är
731 1023 24 21 af
766 1024 44 27 vigt
825 1026 33 19 att
871 1023 45 22 för-

165 1059 112 27 brytarens
291 1057 98 27 vanfrejd
403 1058 42 20 blir
459 1058 81 27 kunnig
557 1056 29 29 pä
604 1058 53 20 hans
675 1058 89 25 hemort,
779 1056 29 28 pä
823 1058 36 21 det
872 1058 44 21 han

166 1093 18 27 ej
204 1092 35 21 mä
256 1093 86 21 komma
359 1092 8 20 i
383 1092 85 21 tillfälle
486 1093 31 19 att
535 1092 98 27 begagna
651 1092 32 27 sig
699 1092 23 21 af
735 1092 125 27 rättigheter
875 1090 40 23 och

166 1126 113 27 förmåner,
299 1126 33 22 för
350 1126 81 21 hvilkas
449 1126 192 27 tillgodonjutande
659 1126 42 28 god
723 1126 56 27 frejd
801 1126 115 26 erfordras,

166 1168 52 15 anse
233 1160 125 26 Ständerna,
373 1160 8 22 i
399 1160 66 22 likhet
483 1161 48 21 med
547 1160 58 31 hvad
623 1161 32 21 uti
673 1160 112 22 enahanda
799 1160 39 22 fall
852 1161 64 21 hitin-

166 1196 44 21 tills
228 1196 55 22 varit
301 1195 33 21 för
353 1196 64 20 ärans
435 1194 76 22 förlust
529 1194 104 28 pähjudet
646 1196 8 20 i
670 1197 25 19 13
711 1196 11 26 &
739 1196 27 20 24
780 1195 49 27 kap.
843 1195 25 21 R.
883 1194 32 28 B.,

167 1232 30 19 ett
215 1230 118 26 stadgande
353 1229 54 21 böra
425 1230 8 18 i
452 1231 25 18 13
496 1230 11 26 &
530 1229 25 21 af
573 1229 241 27 författningsförslaget
834 1229 82 27 inflyta,

166 1264 137 26 hvarigenom
317 1263 128 22 bestämmes
460 1264 37 24 att,
513 1262 66 22 sedan
594 1263 159 26 presterskapet
766 1263 32 20 uti
814 1262 40 22 den
869 1262 48 22 sak-

166 1298 77 21 fälldes
261 1298 84 21 hemort
362 1297 8 21 i
389 1297 40 21 den
451 1296 90 28 ordning
559 1295 84 29 Nädiga
661 1296 82 22 brefvet
765 1297 40 21 den
825 1298 25 20 16
873 1296 45 22 Juli

168 1334 54 20 1827
238 1332 94 28 antyder,
348 1332 146 22 underrättats
509 1332 79 25 derom,
604 1334 32 19 att
649 1332 44 21 han
708 1330 13 22 &
736 1338 70 15 annan
821 1333 34 20 ort
869 1331 48 22 blif-

166 1367 31 22 vit
210 1365 117 23 förklarad
344 1366 88 28 ovärdig.
449 1365 167 29 medborgerligt
633 1366 129 27 förtroende,
780 1365 77 24 sådant
878 1366 40 22 bör

164 1402 80 28 jemväl
257 1401 151 28 församlingen
419 1401 7 21 i
436 1400 152 28 brottslingens
602 1401 83 21 hemort
700 1408 77 20 genom
791 1401 127 27 kungörelse

167 1436 7 21 i
189 1437 67 27 kyrka
271 1436 108 27 delgifvas.
