1000 1684
205 114 34 17 330
409 113 72 23 Nädiga
492 114 137 21 Propositionen
640 114 35 16 N:o
687 114 17 16 5.

249 176 72 22 vilkor
335 177 103 28 regleras,
457 177 104 27 antingen
574 176 141 28 personligen
733 176 52 22 eller
799 182 76 21 genom
888 183 44 14 om-

250 211 42 21 bud
306 212 108 24 närvara;
432 218 47 13 men
494 212 27 19 är
536 211 90 28 tjensten
642 210 63 28 ledig,
721 209 40 22 bör
776 208 154 30 Domkapitlet,

248 249 61 18 utom
326 246 35 21 det
379 245 83 26 ombud,
481 252 44 14 som
543 244 160 29 kyrkostämma
715 244 124 29 förrättar,
857 245 10 20 <
888 252 43 13 om-

242 280 114 29 Jörmäldt
370 280 96 28 afseende
482 279 143 29 tillförordna
639 278 106 22 särskildt
760 279 85 21 ombud.

306 314 73 22 Sedan
401 315 159 28 lönereglering
581 316 59 20 inom
661 317 31 17 ett
713 317 104 25 pastorat
839 314 92 21 sålunda

249 349 74 29 blifvit
341 349 102 29 afslutad,
461 349 104 21 insändas
587 349 45 21 alla
654 348 158 29 handlingarne
833 349 11 20 i
865 348 65 22 saken

248 384 137 29 oförtöfvadt
410 384 35 21 till
466 383 158 29 Domkapitlet,
647 390 44 14 som
713 383 100 29 deröfver
835 383 95 29 afgifver

248 419 40 20 sitt
303 419 35 20 till
353 417 61 22 Hans
430 418 123 28 Kejserliga
563 417 105 29 Majestät
683 417 81 22 ställda
778 417 152 29 underdåniga

245 452 113 22 utlåtande
376 456 56 17 samt
451 453 142 28 öfverlemnar
612 451 117 22 detsamma
743 452 64 28 jemte
830 451 100 22 handlin-

246 493 69 22 garne
330 487 36 20 till
381 485 146 28 Guvernören,
536 487 43 28 för
594 489 33 18 att
642 485 73 22 tillika
729 486 48 21 med
791 486 46 21 dess
851 487 79 20 under-

247 521 83 28 dåniga
348 521 99 28 yttrande
465 522 11 19 i
493 521 89 20 ärendet
596 519 62 22 Hans
675 519 124 30 Kejserliga
813 519 116 30 Majestäts

247 556 82 28 nådiga
344 555 162 22 skärskådande
521 555 38 21 och
574 555 119 29 afgörande
708 554 149 22 underkastas.

559 619 12 28 $
586 617 32 22 18.

302 662 119 29 Reglering
439 663 25 28 af
475 661 172 30 presterskapets
669 662 100 29 aflöning
791 661 55 22 skall
867 661 61 22 verk-

245 697 78 22 ställas
338 697 24 21 så
370 697 52 28 fort
436 698 33 27 sig
484 698 56 28 göra
555 697 56 21 låter
626 697 38 20 och
678 697 11 20 i
703 697 41 20 den
759 697 93 28 ordning
867 697 61 20 emel-

246 733 38 20 lan
301 731 26 22 de
346 731 105 22 särskilde
469 734 135 26 pastoraten,
623 738 44 14 som
681 731 159 22 vederbörande
862 731 66 21 Dom-

245 766 82 29 kapitel
348 766 131 26 bestämmer,
501 766 48 21 med
571 765 187 30 hufvudsakligast
780 766 96 29 afseende
894 766 33 28 pä

244 801 41 21 den
300 801 40 27 tid,
356 801 28 21 då
398 801 136 28 regleringen
549 800 43 21 kan
606 801 66 20 vinna
687 801 148 28 tillämpning.

555 864 12 28 $
582 862 34 22 19.

300 907 171 29 Lönereglering
493 908 45 26 må,
561 907 54 29 efter
638 907 72 22 lokala
735 908 190 28 omständigheter,

244 943 127 22 bestämmas
390 946 33 18 att
440 943 62 28 gälla
519 943 66 20 minst
603 942 103 29 tjugufem
721 942 38 21 och
775 942 62 29 högst
845 943 79 28 femtio

244 978 33 26 år,
293 976 96 22 räknade
402 977 58 29 från
478 976 41 22 den
537 977 49 28 dag,
605 977 30 21 då
653 977 166 29 tillämpningen
838 977 25 29 af
876 978 50 20 den-

243 1019 80 14 samma
338 1012 107 26 inträder,
463 1012 70 20 derest
551 1010 45 22 icke
615 1011 68 21 sådan
694 1011 141 29 förändring
853 1012 9 20 i
873 1012 52 29 för-

242 1046 157 29 samlingarnes
414 1046 87 29 omfång
517 1046 38 21 och
571 1046 69 21 andra
656 1046 139 28 oförutsedda
811 1046 113 22 händelser

241 1080 103 30 inträffa,
360 1087 43 14 som
411 1080 53 29 före
479 1080 92 21 nämnde
586 1080 33 21 tid
634 1080 43 21 kan
688 1080 122 29 föranleda
824 1087 28 21 ny
867 1081 57 21 löne-

241 1116 117 27 reglering,
370 1115 92 21 hvartill
476 1115 53 21 dock
543 1113 63 23 Hans
618 1114 123 29 Kejserliga
756 1114 115 30 Majestäts
885 1115 39 21 nå-

240 1149 54 29 diga
309 1149 99 21 tillstånd
422 1150 11 20 i
447 1149 74 29 kvarje
530 1149 47 29 fall
592 1148 56 22 skall
660 1148 109 23 utverkas.

239 1202 73 29 Några
318 1198 232 33 utskottsledamöters
569 1203 81 28 afgifna
667 1204 124 28 skiljaktiga
807 1204 115 28 yttranden

171 1236 102 27 vidfogas.
303 1236 140 28 Helsingfors,
459 1237 40 21 den
515 1238 10 20 1
541 1237 62 27 April
619 1238 60 20 1867.
