1000 1689
195 110 32 16 268

399 109 71 22 Nädiga
483 109 137 22 Propositionen
632 110 34 16 N:o
678 111 16 15 4.

240 180 37 13 oro
303 173 37 26 och
355 173 125 28 förargelse
502 173 10 20 i
527 173 168 28 församlingen,
714 173 51 20 eller
782 173 137 28 försummar

238 207 73 28 nägon
324 210 34 18 att
373 207 66 20 ställa
454 207 33 27 sig
499 207 35 20 till
545 207 143 28 efterrättelse
704 207 120 28 kyrkoräds
833 208 86 28 förbud

239 244 33 18 att
294 241 60 21 hålla
377 241 153 28 läroföredrag
556 241 37 20 vid
619 241 77 21 enskilt
723 241 197 22 andaktssamman-

239 275 74 26 komst,
329 275 84 20 anmäle
429 274 131 29 kyrkorädet
575 275 73 20 derom
662 276 10 20 i
686 275 147 28 domkapitlet.

286 352 2 3 N
541 329 12 28 $
567 327 48 23 105.

294 346 141 42 runs
451 367 88 27 medlem
553 367 25 28 af
585 367 171 28 församlingen,
771 367 48 22 med
834 367 85 22 hvilken

231 402 85 30 förhör
338 403 10 20 i
368 401 129 29 bokläsning
520 401 39 21 och
581 401 239 30 kristendomskunskap
842 403 78 28 nödigt

238 444 66 19 anses,
321 439 33 18 att
369 436 78 21 bivista
463 436 117 29 läsförhör,
593 437 52 20 eller
657 437 56 20 låter
724 437 72 28 någon
810 437 46 21 icke
871 438 49 20 sina

238 472 56 22 barn
308 472 52 20 eller
376 471 70 21 andra
457 478 111 21 personer,
585 478 44 13 som
643 471 68 21 under
727 471 53 21 hans
799 472 63 28 lydno
878 472 40 26 stä,

238 505 113 30 läsförhör
366 506 51 21 eller
432 505 127 29 skriftskola
573 505 85 27 bivista,
675 507 56 20 eller.
741 507 42 27 gör
797 507 73 28 någon
885 507 33 28 sig

238 541 84 28 skyldig
342 541 35 21 till
395 540 107 29 oordning
520 541 37 20 vid
575 541 126 28 gudstjenst,
720 541 52 21 eller
794 541 36 22 till
851 541 68 21 sädan

232 576 105 29 förseelse
355 575 82 26 dervid,
456 583 44 13 som
514 575 9 20 i
543 575 6 28 $
565 573 32 22 30
611 577 94 24 nämnes,
721 576 52 21 eller
789 575 72 29 bryter
875 579 45 17 mot

238 610 56 21 hvad
309 611 10 20 i
333 610 13 27 $
360 609 31 21 33
403 617 33 13 om
448 610 59 20 tiden
512 610 42 29 för
569 609 77 22 enskilt
661 609 258 22 andaktssammankomst

237 645 105 28 stadgadt
356 646 33 25 är,
405 644 65 21 varde
485 644 84 21 varnad
584 645 68 21 såsom
666 645 11 20 i
691 645 12 28 $
714 643 40 24 101
765 646 67 27 säges.
854 644 65 21 Bätt-

236 687 40 14 rar
300 679 42 21 han
364 680 33 27 sig
419 680 20 28 ej
461 679 68 29 deraf,
549 680 83 21 anmäle
650 679 131 29 kyrkorådet
799 679 64 22 saken
881 679 37 22 hos

237 714 95 29 verdslig
348 715 53 20 rätt.
570 731 5 4 ä

446 788 87 33 Tredje
551 788 157 31 afdelningen.

257 845 35 20 Om
306 845 25 20 de
346 845 97 26 kyrkliga
457 845 105 20 embetena
575 845 33 20 för
621 841 139 24 förvalfandet
774 845 23 20 af
809 845 91 26 kyrkans

469 883 69 25 heliga
552 882 129 26 handlingar.

407 942 168 22 F'jortonde
594 941 148 22 Kapitlet.

427 979 31 22 Om
468 979 125 28 prestembetet
602 979 7 21 i
619 979 102 22 allmänhet.

536 1031 12 28 $
563 1029 50 22 106.

292 1068 154 22 Prestembetet
464 1068 129 21 tillkommer
613 1071 32 17 att
662 1068 41 20 den
722 1068 114 29 offentliga
853 1069 64 29 guds-

233 1104 99 28 tjensten,
349 1103 24 21 de
388 1102 73 28 heliga
475 1102 175 21 sakramenterna
669 1102 38 21 och
725 1103 71 21 andra
815 1103 102 29 kyrkliga

236 1138 138 27 handlingar,
397 1144 45 14 som
463 1138 10 19 i
494 1136 63 28 kapp.
580 1136 36 26 VI,
636 1136 49 26 VII,
705 1136 104 28 IX—XI
825 1138 91 21 nämnde

217 1193 2 2 +
235 1173 47 25 äro,
291 1172 110 28 förvalta.
430 1170 31 29 Ej
475 1172 36 20 mä
525 1169 72 30 någon
612 1171 57 21 hvad
683 1172 91 20 sålunda
787 1172 129 28 prestembe-

235 1209 30 17 tet
280 1206 101 20 tillhörer
395 1206 82 27 utöfva,
491 1208 54 18 utan
559 1205 49 26 han,
623 1206 32 27 på
675 1206 44 20 sätt
738 1206 41 20 här
798 1206 70 21 nedan
882 1208 35 19 sä-

234 1246 43 20 ges,
293 1240 35 19 till
347 1239 86 20 embetet
451 1238 72 28 blifvit
542 1238 91 28 skicklig
653 1238 103 28 befunnen
775 1240 38 20 och
830 1240 86 28 invigd;

232 1279 47 14 men
293 1273 10 19 i
317 1272 85 28 nödfall
416 1272 58 28 gälle
489 1272 56 20 hvad
560 1272 79 32 derom,
655 1272 55 28 efter
726 1272 73 29 hvarje
818 1272 48 22 saks
882 1273 32 21 be-

234 1306 126 30 skaffenhet,
382 1306 106 28 stadgadt
507 1307 33 19 är.
573 1305 31 21 At
626 1305 107 23 välkände
755 1307 38 20 och
816 1306 99 30 kristligt

233 1342 89 21 sinnade
340 1348 101 21 personer
459 1341 36 20 mä
513 1340 53 22 dock
585 1340 100 29 biskopen
707 1341 38 21 och
767 1342 147 28 domkapitlet,

233 1377 54 28 efter
295 1376 139 29 föregängen
444 1375 115 29 pröfning,
577 1376 67 21 lemna
660 1376 100 21 tillätelse
777 1380 32 17 att
819 1377 96 28 predika

233 1412 38 20 och
297 1414 32 18 att
350 1412 10 20 i
369 1406 336 43 —kristendomsundervisningen
726 1412 10 20 i
751 1408 163 33 församlingen

233 1442 92 36 deltaga.
355 1437 31 29 Åt
405 1445 133 26 studerande,
558 1452 44 14 som
624 1446 32 27 sig
674 1441 41 25 till
733 1446 182 28 predikoembetet
