1003 1695
205 118 32 17 104
408 116 71 24 Nådiga
490 118 136 21 Propositionen
638 117 34 18 N:o
686 118 15 16 1.

181 180 54 22 efter
252 180 56 22 hvad
326 181 8 21 i
353 182 26 20 67
398 181 11 27 &
428 182 68 26 säges,
515 180 47 22 icke
579 181 82 21 kunnat
677 180 182 28 tillvägabringas,
875 180 54 22 skall

182 215 65 21 saken
262 214 139 22 öfverlemnas
416 215 32 21 till
463 215 118 28 afgörande
595 214 23 22 åt
632 215 243 28 bevillnings-utskottet,
886 215 43 22 för-

182 249 65 22 ökadt
261 249 33 21 till
309 251 32 20 ett
355 249 77 22 sådant
446 249 60 22 antal
519 249 124 27 ledamöter,
658 256 46 15 som
714 249 8 21 i
734 251 28 20 74
772 250 12 27 8
795 249 134 22 bestämmes.

181 283 80 22 Bifalla
277 283 36 22 två
330 283 130 29 tredjedelar
477 284 26 22 af
518 284 36 22 det
572 283 90 22 sålunda
679 283 117 23 förstärkta
815 284 116 22 utskottets

182 319 8 21 i
212 319 159 27 omröstningen
393 319 127 28 deltagande
542 318 118 22 ledamöter
680 318 252 29 bevillnings-utskottets

182 352 81 29 förslag
279 353 8 22 i
305 360 26 15 en
350 353 51 22 eller
419 353 53 22 flera
490 353 24 22 af
530 353 27 22 de
576 353 65 26 delar,
656 353 84 22 hvaruti
755 353 116 22 ständerna
883 353 48 22 icke

181 387 59 21 förut
255 387 118 22 detsamma
391 388 102 28 enhälligt
511 388 88 27 antagit,
618 387 75 22 blifver
712 387 58 22 detta
788 387 80 29 förslag
886 387 45 29 gäl-

181 421 64 22 lande
259 421 71 23 såsom
345 422 125 21 ständernas
484 422 76 22 beslut.
591 422 48 21 Kan
657 421 67 23 sådan
738 422 111 27 pluralitet
863 422 19 28 ej
898 429 33 15 er-

181 455 76 28 hållas,
276 456 55 22 skall
349 456 36 21 det
402 455 71 30 åligga
491 457 245 27 bevillnings-utskottet,
759 459 33 19 att
808 455 79 24 föreslå
906 464 26 15 en

183 497 71 16 annan
269 491 125 28 fördelning,
412 491 52 22 eller
479 489 69 24 andra
563 491 93 28 grunder
670 492 41 21 och
726 493 43 20 sätt
783 491 33 22 för
830 493 102 26 utgöran-

183 525 37 22 det
237 525 25 22 af
278 526 42 21 den
337 526 63 21 andel
418 527 8 20 i
444 526 230 28 bevillningssumman,
696 526 112 28 hvaruppå
830 527 41 21 den
888 526 44 22 för-

183 560 90 22 kastade
289 560 60 23 delen
363 561 8 20 i
385 561 114 21 utskottets
513 560 60 22 förra
587 560 81 29 förslag
681 561 41 21 har
736 561 106 22 afseende.

253 595 79 22 Kunna
346 595 98 28 samtliga
459 594 90 23 stånden
562 596 48 21 icke
624 595 76 22 förena
711 596 32 27 sig
754 595 7 22 i
772 597 161 20 sammanstäm-

184 629 78 22 mande
276 629 77 26 beslut,
371 629 111 28 angående
500 629 74 29 anslag
592 630 35 21 för
645 630 105 22 särskilda
767 629 106 28 ändamål,
893 631 41 21 och

183 664 41 21 har
238 663 74 22 försök
325 663 34 22 till
373 665 204 28 sammanjemkning
592 663 75 29 aflupit
681 665 106 26 fruktlöst,
801 665 56 22 skall
866 665 67 22 saken

185 698 140 22 öfverlemnas
341 698 32 22 till
389 698 115 29 afgörande
522 697 23 23 åt
563 699 104 22 förstärkt
682 699 141 22 statsutskott.
852 699 83 22 Utfalla

183 733 35 24 vid
232 733 124 28 voteringen
373 733 47 22 icke
437 734 65 21 minst
519 732 36 23 två
572 733 130 29 tredjedelar
720 733 24 22 af
761 733 26 22 de
805 733 80 29 afgifna
899 735 35 21 rö-

184 769 73 22 sterna
270 767 34 22 för
318 767 120 28 beviljande
453 769 24 20 af
490 768 81 28 anslag,
591 775 61 15 anses
667 767 77 29 frågan
759 768 73 23 derom
845 776 53 15 vara
912 768 25 22 af

185 801 116 24 ständerna
314 802 117 22 förkastad.

531 844 12 28 8
559 845 34 19 73.

251 882 50 23 Alla
315 882 49 27 mål,
383 883 49 21 med
449 884 110 27 undantag
575 883 24 21 af
612 884 26 21 de
651 884 8 21 i
674 885 26 19 71
717 884 40 21 och
773 885 26 20 72
815 884 24 28 88
855 884 80 22 omför-

184 917 79 27 mälda,
279 917 84 29 afgöras
379 924 76 22 genom
473 920 33 20 tre
524 916 74 24 stånds
612 918 76 22 beslut.
719 918 82 22 Stanna
815 917 36 23 två
865 918 8 22 i
888 918 47 22 sina

184 952 71 22 beslut
272 954 45 20 mot
335 952 26 22 de
378 951 37 23 två
432 952 74 27 andra,
528 952 55 22 skall
601 951 76 29 frågan
695 952 34 22 för
746 952 42 22 den
804 952 132 29 landtdagen

184 986 87 24 förfalla
285 987 40 21 och
339 986 99 23 förblifva
452 987 35 21 vid
502 987 42 27 det,
559 994 46 14 som
619 987 58 22 förut
688 987 105 29 stadgadt
800 988 61 26 varit,
875 990 61 19 utom

184 1021 8 23 i
207 1021 41 23 den
261 1020 108 28 händelse,
385 1022 87 22 hvarom
486 1022 8 20 i
509 1023 27 20 74
551 1022 12 28 &
577 1022 100 22 närmare
690 1021 134 24 bestämmes.

530 1074 12 28 8
558 1075 33 20 74.

254 1113 71 23 Hafva
342 1112 96 28 stånden,
456 1113 36 21 vid
510 1113 117 29 afgörande
642 1113 24 23 af
677 1113 72 28 någon
763 1114 66 22 bland
845 1114 26 22 de
885 1114 8 21 i
908 1116 27 20 73

186 1149 12 28 8
213 1148 129 22 omnämnda
356 1148 79 28 frågor,
454 1150 86 20 stannat
554 1149 8 21 i
577 1147 25 22 så
616 1148 122 28 skiljaktiga
752 1148 75 27 beslut,
844 1150 32 20 att
891 1148 45 29 lag-

186 1183 56 28 enlig
256 1183 111 28 pluralitet
385 1183 23 21 af
424 1183 27 22 de
470 1183 57 21 olika
544 1182 138 28 meningarne
697 1183 19 27 ej
731 1182 43 22 kan
788 1183 76 26 bildas,
884 1183 52 22 eller

187 1220 78 20 stanna
279 1217 36 23 två
331 1216 62 23 stånd
408 1220 44 19 mot
466 1216 36 22 två
516 1218 8 20 i
538 1216 68 29 fråga,
622 1224 51 20 som,
686 1217 66 28 enligt
762 1218 126 21 ständernas
898 1218 37 22 be-

186 1251 49 26 slut,
250 1252 46 21 icke
311 1250 34 22 får
359 1251 91 26 törfalla,
472 1251 40 21 och
530 1251 41 21 har
589 1250 72 22 försök
679 1251 33 21 till
730 1251 205 28 sammanjemkning

185 1285 100 22 fruktlöst
303 1284 82 27 aflupit,
407 1285 54 20 skall
480 1284 36 21 det
533 1285 89 25 utskott,
643 1284 34 21 till
699 1285 63 21 hvars
780 1285 156 22 förberedande

185 1320 160 27 handläggning
359 1319 89 22 ärendet
461 1319 56 26 hört,
529 1326 76 21 genom
616 1319 137 22 omedelbara
763 1319 34 22 val
807 1319 58 22 inom
877 1319 58 23 stån-

185 1355 47 26 den,
243 1354 117 22 förstärkas
374 1353 34 22 till
422 1356 30 19 ett
467 1353 59 22 antal
540 1353 24 22 af
576 1353 80 22 femton
666 1353 117 23 ledamöter
793 1353 56 23 ifrån
860 1355 75 28 hvarje

185 1388 72 28 stånd;
273 1389 40 22 och
324 1395 49 22 eger
390 1388 36 22 det
440 1387 90 23 sålunda
540 1387 116 22 förstärkta
669 1389 105 22 utskottet
788 1391 32 20 att
834 1389 102 22 samfäldt

185 1425 54 22 efter
260 1423 133 23 hufvudtalet
414 1423 92 22 anställa
528 1423 132 28 omröstning
688 1423 33 22 till
749 1423 120 30 ovilkorligt
895 1425 40 22 och

184 1459 82 28 slutligt
284 1458 120 30 antagande
422 1457 52 23 eller
492 1457 138 22 förkastande
648 1458 24 22 af
687 1458 57 22 hvad
758 1459 104 22 utskottet
875 1459 59 22 förut
