1017 1698
313 116 72 24 Nådiga
395 118 137 22 Propositionen
543 119 34 17 N:o
591 120 15 15 2.
779 120 30 16 121

436 182 12 28 8
465 181 18 22 1.

153 222 12 21 1
179 221 65 22 Mom.
274 220 133 24 Nuvarande
421 223 142 29 innehafvare
578 216 26 36 f
616 219 77 25 embete
705 224 52 21 eller
770 224 64 29 tjenst

81 257 33 29 pä
130 258 81 20 allmän
226 258 60 20 civil-
301 258 52 20 eller
367 255 147 29 militär-stat,
529 257 48 22 med
591 258 111 28 undantag
719 259 24 29 af
756 259 26 21 de
796 260 10 20 i
820 258 16 21 3

86 293 12 27 $
117 292 145 28 omförmälda
281 292 92 20 embeten
396 292 38 21 och
456 293 95 28 tjenster,
575 294 27 19 är
625 292 125 30 berättigad
769 297 38 23 att,
826 294 10 20 i

86 326 100 22 händelse
202 326 88 21 embetet
305 327 52 20 eller
372 328 91 27 tjensten
477 327 110 28 indrages,
606 327 93 29 derefter
719 328 39 21 och
775 328 61 21 intill

86 362 46 21 dess
152 361 43 21 han
214 368 72 14 annan
304 361 81 21 allmän
404 360 121 31 befattning
541 362 104 26 tillirädt,
662 362 127 30 oafkortadt
804 363 33 21 ät-

86 397 63 29 njuta
167 396 25 22 de
204 396 119 29 förmåner
342 396 43 21 han
402 396 100 29 innehaft
519 398 70 20 såsom
608 397 147 29 befattningen
771 398 66 29 ätföl-

84 431 67 30 jande
170 432 112 20 ordinarie
302 432 42 26 lön,
364 431 172 29 lönetillökning,
557 431 192 29 löneförbättring,
770 432 68 30 tafel-

83 467 133 29 penningar,
234 466 78 22 sådant
329 466 142 22 traktamente
491 474 44 14 som
553 468 27 20 är
599 466 106 22 bestämdt
727 468 36 21 till
784 468 54 20 visst

88 502 70 27 årligt
176 502 81 28 belopp,
277 501 176 27 boställsräntor,
477 500 216 30 boställspenningar,
714 503 123 27 ersättning

83 536 42 30 för
138 536 53 28 fria
209 536 140 28 boningsrum
367 536 52 20 eller
437 537 151 28 ingvartering
607 536 47 22 med
672 536 39 22 ved
730 536 40 23 och
790 537 48 29 ljus,

90 571 52 21 eller
154 571 42 29 för
216 571 61 21 dessa
295 570 64 30 behof
375 571 106 28 anslagna
499 571 141 21 lönetillskott
653 571 73 21 under
741 575 31 18 ett
786 572 52 21 eller

90 609 67 18 annat
171 612 71 20 namn,
258 605 67 21 ehvad
341 606 101 28 anslagen
458 607 39 19 äro
513 606 64 21 hvart
593 606 38 21 och
643 610 29 17 ett
677 607 42 28 för
731 607 40 28 sig,
787 607 52 21 eller

85 641 58 28 flera
157 641 9 20 i
175 641 107 29 förening
301 644 117 25 upptagna,
439 641 108 28 äfvensom
567 640 98 29 Lagmän
684 641 40 21 ooh
738 640 102 23 Härads-

90 676 119 28 höfdingar
224 675 161 22 tillkommande
401 677 168 27 tingsgästning,
581 679 56 18 samt
649 676 141 29 krigsbefälet
800 676 40 21 och

91 710 65 22 civila
180 711 127 28 tjenstemän
328 711 37 20 vid
382 711 157 21 militärstaten
562 710 133 22 tillerkända
717 711 61 21 löner
802 710 39 21 och

87 746 225 28 portionspenningar
317 745 42 29 för
372 744 113 29 betjenter;
500 746 92 21 hvartill
603 744 92 23 kommer
703 745 137 29 godtgörelse

86 780 42 29 för
144 780 106 28 ätnjutna,
269 786 48 14 men
334 786 76 21 genom
427 780 162 29 indragningen
602 780 141 28 upphörande
757 779 84 21 inkom-

92 818 44 18 ster
149 814 39 21 och
202 814 65 21 andra
282 814 107 28 förmåner
405 815 35 21 till
452 815 117 21 obestämdt
576 815 74 26 värde,
661 815 69 21 såsom
742 814 100 22 boställs-

93 850 103 26 hemman,
215 849 206 28 uppbördsprocent,
435 851 146 27 magasinage,
598 849 243 30 tjenstgöringsarvode,
863 863 4 3 -

89 885 117 29 provision
221 884 38 21 och
271 885 96 27 sportlar
383 884 25 28 af
421 885 110 20 särskilda
541 885 58 28 slag;
613 885 10 20 i
635 885 96 28 afseende
743 885 14 20 å
768 883 75 22 hvilka

88 919 117 30 förmåner
221 920 29 20 tio
267 919 38 21 års
319 918 189 30 medelberäkning
527 920 70 28 tjenar
617 919 36 22 till
670 919 73 30 grund
751 919 43 29 för
809 918 33 22 be-

95 954 132 22 stämmande
242 954 26 29 af
281 954 158 28 ersättningens
455 953 74 30 belopp

440 1005 61 22 eller:

164 1045 133 23 Nuvarande
308 1046 141 29 innehafvare
461 1047 24 28 af
495 1046 76 21 embete
583 1047 52 20 eller
647 1047 64 28 tjenst
718 1045 32 30 pä
762 1047 83 20 allmän

97 1083 51 21 civil
163 1082 52 21 eller
229 1082 139 25 militärstat,
378 1081 48 21 med
436 1081 111 28 undantag
559 1081 26 29 af
593 1081 25 21 de
629 1081 10 21 i
649 1080 15 21 3
675 1082 12 27 $
699 1080 146 29 omförmälda

97 1117 93 21 embeten
205 1115 38 22 och
259 1117 94 27 tjenster,
369 1117 26 19 är
412 1115 124 29 berättigad
555 1119 39 22 att,
612 1117 10 19 i
640 1115 99 22 händelse
759 1115 87 21 embetet

98 1153 52 20 eller
166 1152 91 29 tjensten
271 1150 109 29 indrages,
400 1150 93 29 derefter
512 1150 38 21 och
567 1151 61 20 intill
646 1151 46 21 dess
711 1150 43 21 han
773 1157 73 14 annan

98 1187 82 21 allmän
196 1185 120 29 befattning
333 1185 102 25 tillirädi,
452 1185 126 28 oafkortadt
593 1185 86 28 åtnjuta
693 1185 26 21 de
729 1185 117 28 förmåner

100 1222 42 20 han
160 1220 99 29 innehaft
277 1220 70 21 såsom
366 1219 147 29 befattningen
531 1219 120 29 åtföljande
671 1219 112 22 ordinarie
804 1220 42 25 lön,

100 1254 172 29 lönetillökning,
283 1253 190 30 löneförbättring,
483 1254 186 29 tafelpenningar,
678 1254 78 21 sådant
765 1253 83 21 trakta-

100 1293 68 18 mente
184 1297 44 14 som
243 1291 26 18 är
286 1288 105 21 bestämdt
406 1289 35 20 till
455 1290 54 19 visst
523 1289 70 28 årligt
608 1289 81 28 belopp,
706 1288 142 21 boställsrän-

101 1329 41 21 tor,
159 1323 218 27 boställspenningar,
393 1324 122 25 ersättning
523 1323 43 27 för
575 1323 52 27 fria
642 1323 139 26 boningsrum
796 1323 52 19 eller

100 1357 152 29 inqvartering
267 1357 46 20 med
328 1356 39 21 ved
379 1356 38 19 och
429 1356 47 27 ljus,
488 1356 51 20 eller
545 1356 42 27 för
599 1355 61 21 dessa
671 1355 64 28 behof
744 1355 105 28 anslagna

102 1391 142 23 lönetillskott
257 1390 68 22 under
341 1393 30 17 ett
385 1390 52 21 eller
452 1393 67 17 annat
533 1397 71 19 namn,
616 1388 67 22 ehvad
695 1389 103 28 anslagen
809 1390 40 19 äro

103 1427 63 21 hvart
182 1425 38 22 och
234 1429 30 18 ett
273 1425 42 28 för
331 1425 33 28 sig
379 1425 52 20 eller
441 1424 58 28 flera
510 1425 9 20 i
527 1424 108 29 förening
645 1427 117 26 upptagna,
778 1423 72 29 äfven-

103 1468 44 15 som
163 1461 100 28 Lagmän
277 1460 39 21 och
330 1458 211 29 Häradshöfdingar
557 1459 160 21 tillkommande
733 1459 117 28 tingsgäst-
