1000 1681
212 115 32 16 390
415 113 71 23 Nädiga
497 113 139 22 Propositionen
648 112 35 17 N:o
697 113 15 15 7.

189 178 141 27 socknestuga
348 178 40 20 och
407 177 132 27 fattigstuga,
558 176 77 22 hvaraf
655 176 39 22 allt
717 171 223 54 kapellförsamlingen

188 212 47 21 icke
249 211 72 22 vidare
336 212 40 20 har
390 210 71 41 någon
476 211 92 28 egentlig
583 212 67 26 nytta.

257 245 49 21 Med
324 245 100 21 afseende
442 244 181 22 ä-ofvananförda
638 244 46 22 skäl
699 244 40 22 och
753 244 95 28 grunder
862 245 56 19 samt
932 243 7 21 i

190 279 217 22 öfverensstämmelse
425 280 48 20 med
492 286 25 15 en
536 279 24 21 af
576 278 101 22 Finlands
692 277 136 22 Bondestånd
842 278 36 21 vid
893 278 46 20 sed-

189 315 60 20 naste
263 313 103 28 landtdag
385 313 120 22 framställd
523 312 133 28 underdånig
674 313 90 27 petition
782 312 7 21 i
808 314 76 24 ämnet,
900 312 40 20 har

188 348 60 21 Hans
270 348 120 27 Kejserliga
411 348 100 28 Majestät
532 348 56 21 velat
613 347 33 21 till
671 346 121 28 antagande
813 346 24 22 af
856 346 84 22 landets

190 382 91 21 Ständer
295 381 79 22 föreslå
389 382 94 28 följande
498 382 127 28 stadgande:
788 379 2 2 |

383 411 53 38 »Med
450 411 97 38 "ändring
562 416 24 22 af
598 416 56 22 hvad
667 417 10 20 1
690 416 12 28 &
718 417 26 20 26
759 416 49 28 kap.
823 416 24 21 B.
862 415 26 21 B.
900 415 39 22 och

325 451 78 28 Kongl.
425 451 181 26 Resolutionerna,
624 450 29 28 pä
674 450 169 28 presterskapets
864 450 76 22 besvär

325 486 41 21 den
386 487 27 19 24
428 486 124 27 September
568 487 60 24 1731,
645 486 11 27 &
672 487 19 24 4,
707 487 55 19 samt
779 483 29 29 pä
823 484 116 28 allmogens

325 520 77 21 besvär
421 520 41 21 den
481 522 25 19 17
524 520 118 21 December
662 520 61 25 1734,
742 520 11 26 &
773 520 19 25 2,
811 518 41 22 och
869 518 42 22 den
926 519 12 20 9

326 554 118 21 December
464 555 60 25 1766,
543 554 11 28 &
574 555 32 25 12,
626 553 109 22 äfvensom
755 553 77 27 Kongl.
854 552 86 22 Brefvet

326 588 34 21 till
374 588 202 28 landshöfdingarne
591 588 40 21 och
645 588 167 21 konsistorierna
827 587 24 21 af
860 587 41 20 den
914 588 26 19 22

326 621 59 22 Mars
402 623 60 25 1759,
478 623 11 27 $
505 624 19 24 4,
536 621 113 27 innehålla,
661 622 76 21 varder
748 621 124 28 härigenom
884 621 57 21 stad-

327 656 53 28 gadt
397 659 33 19 att
446 656 206 28 kapellförsamling,
671 656 84 21 hvilken
777 655 23 22 ät
821 656 33 27 sig
875 655 67 28 byggt

327 691 41 21 och
386 691 132 22 fortfarande
536 689 137 23 underhäller
695 691 67 27 kyrka
780 690 67 28 jemte
868 690 72 21 klock-

326 725 70 28 stapel
418 726 40 21 och
479 726 121 28 kyrkomur,
623 725 54 22 skall
698 732 52 14 vara
771 725 28 21 fri
817 721 48 25 frän
884 725 58 28 dylik

327 759 231 29 byggnadsskyldighet
575 761 58 20 inom
653 759 233 28 moderförsamlirigen,
908 758 34 23 sä-

327 801 46 14 som
392 795 40 21 ock
449 794 48 22 frän
514 794 112 29 byggande
644 795 40 20 och
702 793 113 22 underhäll
830 793 24 22 af
866 794 72 27 fattig-

328 830 64 27 stuga
411 829 115 26 derstädes,
544 828 90 22 säframt
655 828 94 28 kapellet
768 828 34 21 för
824 828 32 28 sig
877 829 65 27 utgör

327 863 65 22 skildt
416 862 239 29 fattigvärdssamhälle,
678 863 40 21 och
744 863 24 21 af
790 863 152 28 socknestuga,

328 897 71 22 derest
416 898 46 21 icke
480 897 93 28 kapellet
591 897 40 22 och
648 897 294 28 moderkyrkoförsamlingen

327 933 38 20 äro
388 933 67 20 under
480 939 121 21 gemensam
625 931 253 28 kommunalförvaltning
899 931 43 22 för-

327 967 74 21 enade.
437 966 69 22 Hafva
528 966 200 27 moderförsamling
750 966 40 21 och
812 966 72 21 dertill
904 966 38 21 hö-

327 1001 67 22 rande
409 1001 195 27 kapellförsamling
618 1001 75 21 träffat
708 999 67 22 sädan
786 1000 154 22 öfverenskom-

327 1035 65 22 melse
414 1037 32 20 att
465 1036 25 21 de
508 1036 32 21 uti
561 1035 140 22 förenämnda
722 1035 76 22 besvär
820 1035 122 28 ömsesidigt

327 1069 87 22 biträda
427 1070 127 27 hvarandra,
569 1069 35 22 mä
620 1069 72 22 dervid
707 1069 115 22 förblifva.*

383 1123 73 28 Enligt
474 1124 59 21 Hans
548 1124 119 27 Kejserliga
682 1123 110 28 Majestäts
807 1123 85 28 Nädiga
905 1124 50 22 be-*

328 1157 99 28 fallning,
443 1157 69 28 gifven
526 1158 8 21 i
548 1158 43 28 byn
605 1158 110 28 Iljinskoje
729 1159 54 20 nära
798 1158 88 21 Moskva
900 1158 40 22 den

329 1193 11 19 1
357 1192 45 28 (13)
418 1192 51 21 Juni
486 1193 60 20 1866.

473 1246 65 24 Alex.
556 1247 107 24 Armfelt.

687 1322 21 19 A.
721 1322 27 19 W.
760 1321 135 20 Wallensköld.
