1031 1700
331 113 71 23 Nådiga
413 114 134 22 Propositionen
559 114 33 17 N:o
607 115 14 15 1.
815 114 8 15 7

443 178 11 27 8
471 178 32 20 16.

166 219 42 22 Vid
221 219 228 29 landtdagsmannaval
463 220 73 28 afgöre
555 220 26 22 de
598 220 62 21 flesta
673 221 98 20 rösterna
785 220 62 21 valet.

97 253 71 22 Hafva
182 252 36 23 två
233 254 51 21 eller
298 253 52 23 flere
364 253 87 25 erhållit,
464 254 26 21 de
504 254 61 22 flesta
580 254 40 22 och
630 254 43 22 lika
684 253 78 28 många
772 254 75 26 röster,

98 288 72 28 skiljes
186 288 47 21 dem
249 288 89 21 emellan
353 295 76 20 genom
443 288 97 28 lottning.

166 322 43 22 För
224 322 41 22 den
283 321 90 22 sålunda
387 322 61 22 valde
467 323 54 21 skall
536 322 98 22 fullmakt
649 322 151 28 ofördröjligen
814 324 33 19 ut-

98 356 83 22 färdas:
199 356 34 22 för
251 357 164 27 landtdagsman
432 357 8 21 i
457 356 159 22 Presteståndet
634 356 24 22 af
670 357 77 21 stiftets
763 356 85 22 domka-

98 392 53 28 pitel
169 391 51 22 eller
239 392 161 21 Universitetets
418 392 162 26 Konsistorium,
602 391 34 21 för
657 391 163 28 landtdagsman
841 391 8 21 i

98 425 181 28 Borgareståndet
297 425 24 22 af
333 426 87 21 stadens
434 426 113 27 Magistrat
561 426 40 21 och
615 425 34 22 för
663 426 164 27 landtdagsman
841 425 8 21 i

98 459 160 23 Bondeståndet
279 460 24 22 af
323 460 175 22 domhafvanden.
530 461 160 21 Fullmakterna
711 461 54 21 böra
785 460 64 22 hafva

99 495 96 28 följande
208 495 89 29 lydelse:

293 530 52 27 »Vid
363 530 232 28 landtdagsmannaval,
614 537 46 14 som
679 530 40 21 den
738 547 110 4 ......

235 565 112 21 förrättats
361 565 66 21 bland
441 565 158 28 presterskapet
613 565 8 21 i
635 565 26 21 N.
672 565 26 21 N.
714 565 55 26 stift;
783 564 66 22 bland

236 600 143 21 skollärarene
394 600 8 20 i
416 599 25 22 N.
456 600 26 21 N.
498 599 54 27 stift;
570 599 36 22 vid
620 599 229 22 Alexanders-Univer-

235 634 81 27 sitetet;
331 647 28 3 —
374 634 7 21 i
395 634 27 22 N.
437 634 26 22 N.
478 634 48 22 stad
540 647 28 3 —
583 634 7 21 i
604 634 26 21 N.
646 634 25 21 N.
688 634 107 28 domsaga,
810 634 40 21 har

236 669 26 21 N.
281 669 33 26 N.,
333 669 139 28 kyrkoherde,
494 669 105 27 kapellan,
621 668 120 28 predikant,
763 668 87 22 sockne-

237 704 89 28 adjunkt
343 704 8 21 i
369 704 26 21 N.
410 704 26 21 N.
452 704 84 27 socken,
550 703 72 29 kapell
639 704 52 21 eller
707 703 142 28 predikogäll;

237 738 116 22 skollärare
367 739 58 21 inom
439 739 26 21 N.
476 738 26 22 N.
514 738 55 27 stift;
584 738 77 26 lärare,
675 738 126 28 tjensteman
815 738 36 21 vid

237 773 293 28 Alexanders-Universitetet
540 786 28 2 —
578 772 72 22 bosatt
667 772 4 21 i
685 772 26 21 N.
722 772 26 21 N.
760 772 48 21 stad
822 784 29 3 —

237 808 73 21 bosatt
325 806 13 23 &
352 808 121 20 hemmanet
487 808 25 20 N.
527 807 26 21 N.
568 807 8 21 i
590 807 26 21 N.
631 806 26 22 N.
673 806 78 22 socken
764 806 8 21 i
786 806 64 22 N.N.

238 842 42 27 län,
295 842 70 22 blifvit
382 842 77 22 utsedd
473 842 33 22 till
520 842 163 27 landtdagsman
698 842 7 20 i
719 840 132 23 Prestestän-

238 877 36 21 det
287 890 29 3 —
333 876 182 28 Borgareständet
532 889 28 4 —
577 875 168 27 Bondeständet;
761 876 40 21 och
815 876 36 21 be-

237 911 144 28 fullmäktigas
396 911 132 21 fördenskull
541 911 26 21 N.
582 910 26 22 N.
624 912 33 20 att
670 910 35 22 vid
724 910 41 21 den
781 910 70 22 landt-

239 946 51 28 dag,
306 954 45 14 som
366 946 54 22 skall
438 945 68 23 hällas
520 946 8 21 i
543 946 25 21 N.
584 945 26 21 N.
626 945 48 21 stad
689 945 40 21 och
743 946 61 26 tager
819 945 33 21 sin

238 981 77 28 början
327 980 40 22 den
382 997 5 5 .
404 997 89 5 .....
499 997 5 10 ,
520 980 85 27 deltaga
618 980 8 20 i
640 978 113 28 rådslagen
765 979 40 21 och
815 979 36 21 be-

238 1016 57 21 sluta
313 1022 34 14 om
366 1014 109 22 derstädes
494 1013 172 23 förekommande
686 1013 96 22 ärender.
812 1013 40 21 Ort

239 1050 40 22 och
293 1050 49 21 tid.*

448 1101 11 27 8
476 1102 32 20 17.

171 1145 44 22 Vill
232 1143 71 29 nägon
322 1143 77 22 anföra
419 1143 107 28 klagomäl
548 1143 58 22 öfver
627 1143 226 28 landtdagsmannaval

102 1181 59 21 inom
175 1180 104 27 Borgare-
295 1179 52 21 eller
361 1177 167 27 Bondeständet,
544 1185 49 20 eger
607 1178 43 20 han
664 1177 39 22 hos
717 1177 135 22 valförrätta-

102 1222 40 14 ren
160 1214 52 21 äska
229 1213 99 28 behörigt
346 1212 205 28 protokollsutdrag,
566 1211 79 22 hvilket
662 1211 86 21 sednast
765 1210 36 22 tvä
815 1211 37 21 da-

104 1256 39 20 gar
159 1248 92 21 derefter
265 1247 40 22 bör
319 1247 34 21 till
367 1247 120 27 klaganden
500 1246 115 26 utlemnas;
631 1246 40 21 och
685 1245 54 22 skall
753 1246 50 25 han,
817 1245 36 21 vid

103 1282 71 22 talans
192 1281 83 26 förlust,
290 1281 58 21 inom
365 1280 80 28 fjorton
464 1280 72 28 dagar,
555 1280 94 21 räknade
667 1278 48 22 frän
733 1280 68 26 dagen
818 1279 35 21 för

104 1316 198 26 valförrättningen,
316 1315 80 27 ingifva
414 1315 47 21 sina
478 1315 76 21 besvär
570 1314 34 22 till
621 1314 104 27 Kejsaren
739 1314 41 20 och
795 1312 58 23 Stor-

104 1348 93 23 furstens
208 1348 239 28 befallningshafvande,
462 1355 52 18 som,
528 1348 8 20 i
550 1347 39 21 fall
604 1347 46 21 skäl
664 1346 71 22 dertill
749 1346 104 22 förekom-

104 1391 53 19 mer,
169 1384 67 28 eger
226 1376 14 40 i
247 1383 122 27 embetsväg
382 1382 97 21 infordra
492 1381 169 22 vederbörandes
675 1380 118 28 förklaring
807 1380 46 21 -der-

105 1419 65 25 öfver,
186 1420 32 20 att
232 1418 58 22 inom
303 1417 42 22 viss
360 1417 49 22 kort
422 1416 32 22 tid
470 1416 95 28 afgifvas,
580 1416 40 22 och
635 1415 120 22 sedermera
769 1415 84 22 medde-

106 1454 35 22 lar
158 1453 38 22 sitt
212 1453 71 28 utslag
301 1452 8 22 i
326 1450 72 28 mälet,
416 1451 86 23 sednast
520 1451 68 28 dagen
606 1450 54 22 efter
677 1450 48 26 den,
740 1449 13 22 &
770 1449 85 23 hvilken
