1006 1678
294 122 70 24 Nådiga
375 124 137 22 Propositionen
523 124 34 17 N:o
571 126 26 15 10.
761 125 33 16 469

486 187 13 28 $
514 185 20 23 8.

261 228 77 22 Såsom
357 230 117 28 jagtmedel
497 230 36 20 må
555 230 20 28 ej
596 230 59 28 spjut
676 230 53 20 eller
750 229 67 29 skjut-

202 264 68 26 gevär
288 263 93 27 gillrade
401 263 117 28 användas,
537 264 52 20 eller
606 270 61 21 grop,
687 271 44 18 sax,
750 270 66 14 snara

204 296 51 21 eller
271 304 73 13 annan
355 297 42 27 för
411 297 123 21 menniskor
549 298 39 20 och
603 297 90 28 husdjur
708 298 107 28 lifsfarlig

204 331 81 20 anstalt
304 330 107 29 begagnas
429 331 13 20 å
461 338 81 13 annans
559 330 63 21 mark
640 334 53 18 utan
715 331 100 21 tillstånd

204 364 26 29 af
246 364 46 26 den,
312 371 43 14 som
370 365 99 28 jagträtt
487 365 38 21 der
543 371 56 22 eger,
619 368 55 17 samt
687 364 46 21 icke
749 365 66 21 heller

202 398 68 21 under
286 399 59 20 tiden
353 399 58 28 från
425 399 39 21 och
481 399 47 21 med
546 399 41 22 den
605 398 10 21 1
633 399 48 28 Maj
700 399 36 21 till
749 399 40 21 den
803 399 12 21 1

204 430 119 23 November
338 435 92 19 utsättas
446 441 18 14 0.
480 440 16 15 s.
512 441 18 14 v.
546 433 66 28 enligt
626 433 164 28 propositionen.

453 495 26 29 $$
495 493 72 24 9—11.

259 537 31 22 Af
300 537 135 29 likalydande
448 537 94 32 innehåll
556 538 49 22 med
619 533 81 27 samma
710 539 25 28 $$
745 538 9 22 i
763 545 50 21 pro-

202 571 126 29 positionen.

477 627 13 28 $
504 626 33 24 2.

258 664 52 34 Ägg
329 670 51 20 eller
397 676 72 22 ungar
487 670 25 29 af
528 669 109 27 vildbråd,
655 676 46 15 som
718 670 67 28 enligt
799 671 14 27 $

202 702 23 21 11
234 702 95 29 fridlyst
344 705 32 25 är,
393 704 108 28 äfvensom
515 704 25 29 af
550 711 72 14 annan
637 704 57 28 hafs-
708 704 51 22 eller
771 704 42 29 sjö-

198 737 63 29 fågel
274 738 36 21 må
324 737 46 22 icke
383 745 28 14 ur
426 738 25 21 bo
468 742 61 25 tagas
545 739 52 21 eller
606 738 121 29 förstöras.

475 801 14 28 $
503 800 33 22 13.

258 845 144 28 Likalydande
416 845 49 22 med
479 853 81 15 samma
574 847 12 28 $
600 847 8 20 i
622 847 164 27 propositionen.

480 909 13 28 $
508 908 30 21 14.

256 951 118 29 Anträffas
385 951 109 28 jagthund
505 952 32 21 lös
556 951 7 22 å
575 959 81 14 annans
671 953 30 19 än
715 953 34 20 sin
763 959 49 22 ega-

201 992 35 15 res
250 985 69 26 mark,
335 985 86 21 hvarest
435 985 102 22 vildbråd
546 985 77 27 finnes,
635 985 62 29 hafve
709 986 47 26 den,
768 993 44 14 som

197 1020 99 28 jagträtt
306 1020 39 20 der
356 1026 55 22 eger,
426 1020 51 21 våld
492 1023 32 17 att
539 1020 84 21 kunden
636 1023 107 25 upptaga;
758 1019 53 22 dock

201 1054 85 28 äligger
306 1054 75 20 honom
403 1057 33 18 att
454 1054 73 21 derom
545 1054 159 28 ofördröjligen
723 1055 89 28 tillsäga

200 1094 85 22 egaren,
304 1088 57 26 eller,
376 1088 51 28 ifall
445 1088 64 21 denne
529 1088 20 28 ej
567 1089 26 20 är
613 1088 64 26 känd,
697 1088 46 21 läta
761 1088 51 22 kun-

199 1123 57 27 göra
270 1122 10 20 i
293 1123 109 21 närmaste
418 1122 85 29 kyrkor.
530 1122 43 22 Vill
588 1129 78 21 egaren
677 1123 72 28 äterfä
760 1122 52 22 hun-

200 1156 48 26 den,
264 1156 42 20 löse
321 1155 41 21 den
375 1156 47 21 med
438 1157 47 20 ätta
499 1156 62 21 mark
577 1160 55 17 samt
646 1158 80 19 ersätte
738 1156 74 29 födan

200 1190 39 20 och
254 1190 74 28 öfriga
342 1189 121 21 kostnader.
485 1189 50 22 Har
549 1196 79 22 egaren
643 1191 20 28 ej
676 1191 67 20 utlöst
758 1190 53 21 hun-

200 1223 40 21 den
258 1224 59 20 inom
334 1224 47 20 ätta
399 1224 70 28 dagar
490 1224 55 28 efter
563 1224 132 28 tillsägelsen
713 1231 34 14 om
765 1224 46 22 dess

200 1257 136 29 upptagande
352 1258 51 21 eller
417 1259 59 20 inom
491 1265 34 14 sex
539 1258 103 21 månader
651 1258 59 28 från
725 1265 19 15 0.
759 1265 16 15 s.
790 1266 20 14 v.

200 1291 66 27 enligt
279 1292 165 26 propositionen.

200 1332 52 22 eller
266 1334 50 20 ock:

255 1374 118 30 Anträffas
385 1375 109 30 jagthund
509 1382 18 16 0.
539 1382 16 16 s.
568 1383 19 15 v.
602 1376 66 28 enligt
682 1374 128 31 föregående

200 1409 114 28 alternatif,
332 1410 49 22 med
398 1410 134 23 uteslutande
553 1410 25 23 af
596 1411 53 22 sista
669 1412 112 28 meningen
802 1412 8 21 i

200 1444 164 28 propositionen.
