1700 1845
661 188 71 23 Nädiga
743 190 137 21 Propositionen
892 190 33 16 N:o
940 191 14 15 1.
1136 191 23 16 43

500 250 77 29 Nägon
595 252 85 27 garanti
697 251 68 23 mäste
781 252 54 23 dock
848 253 69 22 finnas
931 253 85 22 derföre
1031 254 32 21 att
1076 253 107 23 valrätten

431 286 96 22 kommer
541 288 32 19 att
587 286 83 22 utöfvas
685 287 75 22 endast
778 288 25 21 af
817 295 108 20 personer,
940 287 77 26 hvilka,
1033 287 127 23 åtminstone
1174 289 8 20 i

432 327 82 15 samma
528 321 60 27 grad,
603 328 46 14 som
663 321 26 21 :de
704 321 34 22 för
752 322 133 21 närvarande
899 322 175 27 valberättigade,
1087 329 40 20 ega
1141 321 43 28 håg

432 355 40 21 och
487 355 60 21 sinne
564 355 34 21 för
616 357 31 19 ett
665 355 142 28 sjelfständigt
825 356 126 27 deltagande
969 356 8 20 i
995 356 83 21 arbetet
1094 356 35 21 för
1147 356 37 21 det

432 389 113 26 allmänna,
561 390 40 21 och
617 389 36 22 det
666 391 26 20 är
707 390 24 21 af
743 389 68 22 sädan
825 391 64 21 orsak
899 390 130 27 nödvändigt
1043 392 32 19 att
1089 391 8 20 i
1113 390 69 22 denna

431 423 79 22 valrätt
528 425 53 26 göra
598 424 184 28 inskränkningar,
801 425 138 28 hvarigenom
957 425 26 20 de
1001 425 137 21 medlemmar
1161 425 24 21 af

432 458 165 26 stadskommun,
616 466 46 14 som
679 459 47 21 icke
743 459 73 21 kunna
833 466 61 14 anses
912 459 35 21 för
962 459 125 26 oberoende,
1103 459 79 21 förkla-

431 499 36 14 ras
482 492 147 28 oberättigade
647 494 33 21 att
693 493 8 21 i
715 493 226 28 landtdagsmannaval
960 494 90 27 deltaga.
1080 494 55 21 Dei
1149 492 34 24 sä-

432 527 52 22 dant
507 527 99 22 afseende
627 528 78 27 nödiga
727 528 178 28 inskränkningar
923 536 62 14 anser
1006 529 103 21 utskottet
1130 535 53 15 vara

431 562 135 23 framställda
579 562 8 21 i
601 562 141 22 förevarande
756 563 113 27 paragrafs
885 564 11 20 3
911 565 100 19 moment.

500 596 116 28 Angående
637 597 258 27 landtdagsmannavalets
917 597 134 21 förrättande
1072 598 56 21 samt
1145 597 37 22 be-

431 631 118 27 räkningen
564 631 24 21 af
601 631 26 21 de
643 631 72 21 dervid
733 631 81 28 afgifna
827 633 98 20 rösterna
940 633 37 20 äro
992 632 75 21 hittills
1082 631 100 28 gällande

431 665 133 27 stadganden
585 664 123 23 bibehällna
725 666 8 20 i
752 666 51 21 sista
825 668 115 20 momentet
961 666 24 21 af
1004 666 140 21 förevarande
1162 666 18 28 $.

431 700 42 20 Det
488 700 24 20 är
527 700 54 21 dock
595 700 58 21 klart
667 702 37 24 att,
721 708 34 14 om
774 700 40 21 den
832 700 8 21 i
857 700 78 28 nädiga
952 700 159 28 propositionen
1125 700 57 23 före-

431 734 75 28 slagna
527 734 125 28 utvidgning
674 734 25 23 af
718 734 105 22 valrätten
844 735 75 21 blifver
941 735 105 27 godkänd,
1065 735 92 28 ändring
1174 735 8 21 i

430 770 66 20 sättet
515 769 39 22 och
570 769 117 27 ordningen
701 769 36 21 vid
754 769 61 22 valen
830 770 7 20 i
852 770 26 21 de
893 770 61 21 flesta
969 769 71 22 städer
1055 768 68 22 måste
1137 769 44 21 vid-

430 805 68 25 tagas.
527 803 43 21 Det
587 803 40 21 bör
646 803 53 21 dock
716 803 47 21 icke
781 803 138 23 öfverlemnas
942 802 22 22 ät
985 804 100 21 städerna
1107 803 75 28 sjelfva

430 839 33 19 att
478 838 72 22 derom
564 838 9 20 i
587 838 52 21 sista
653 838 58 22 hand
727 838 80 27 afgöra,
823 839 51 20 enär
891 837 77 28 frägan
987 838 66 27 gäller
1067 837 115 23 inneväna-

430 879 63 15 renas
512 872 127 28 ömsesidiga
656 872 132 28 rättigheter,
805 873 39 21 och
858 872 43 22 kan
919 872 102 22 utskottet
1036 872 84 22 derföre
1134 872 48 21 icke

431 908 66 19 annat
512 908 27 19 än
554 907 113 27 godkänna
682 906 35 21 det
731 907 32 20 uti
777 906 162 28 ifrägavarande
953 908 93 19 moment
1060 906 122 27 föreslagna

431 941 125 27 stadgande,
575 943 32 19 att
625 941 71 28 dylika
714 941 222 21 öfverenskommelser
958 941 60 21 skola
1039 940 143 23 underställas

430 975 115 27 Kejsarens
559 975 101 28 pröfning
675 975 40 21 och
730 975 140 23 stadfästelse.

498 1008 170 23 Bondeständets
686 1010 123 21 nuvarande
827 1010 190 27 sammansättning
1036 1009 95 28 grundar
1148 1009 34 28 sig

430 1043 29 28 pä
478 1046 12 19 3
509 1045 11 27 8
539 1044 8 21 i
564 1043 80 29 nådiga
658 1044 168 24 försäkran
783 1039 42 38 och
841 1045 149 21 stadfästelsen
1005 1043 13 22 ä
1033 1044 94 22 Svenska
1142 1044 40 21 och

431 1079 79 21 Finska
531 1079 116 28 allmogens
670 1079 37 22 fri-
725 1079 40 22 och
787 1079 132 28 rättigheter,
942 1079 69 28 gifven
1029 1079 42 22 den
1089 1081 14 19 4
1121 1079 61 27 April

431 1113 36 28 (23
485 1113 112 28 Februari)
614 1115 61 20 1789.

498 1147 74 29 Enligt
586 1147 121 29 åberopade
721 1148 84 28 lagrum
818 1148 61 22 skola
889 1148 204 28 landtdagsmännen
1104 1148 8 20 i
1123 1147 59 22 detta

432 1181 64 23 ständ
509 1184 58 20 utses
582 1182 117 26 häradsvis,
715 1183 68 21 ehuru
797 1183 36 21 det
847 1183 66 28 enligt
927 1182 93 28 gammal
1034 1182 52 21 häfd
1101 1184 81 19 ansetts

431 1224 52 14 vara
498 1216 52 22 flera
564 1217 69 21 härad
649 1217 50 21 eller
713 1217 93 28 tingslag
820 1216 78 23 tillätet
916 1219 31 19 att
966 1224 34 14 om
1019 1224 25 14 en
1062 1216 120 28 fullmäktig

432 1252 32 27 sig
479 1251 80 21 förena.
589 1250 31 22 Pä
635 1252 68 27 grund
723 1252 24 20 af
763 1252 69 24 denna
847 1252 51 20 häfd
913 1252 40 20 har
967 1252 34 20 val
1017 1251 23 21 af
1052 1250 129 25 bondestän-

432 1286 46 21 dets
488 1286 165 27 landtdagsmän
663 1286 8 21 i
680 1286 91 21 Finland
781 1286 112 21 förrättats
905 1286 53 21 efter
969 1286 119 27 domsagor.
1117 1286 66 21 Detta

431 1320 121 22 valdistrikt
570 1322 24 19 är
612 1320 7 21 i
636 1322 26 19 14
681 1320 11 28 $
710 1320 121 26 bibehållet,
850 1321 40 21 och
909 1319 27 22 dä
955 1320 60 22 äfven
1034 1319 81 23 således
1133 1320 50 21 med

431 1347 83 29 mindre
532 1354 91 21 kostnad
641 1354 33 22 för
692 1354 84 23 ständet
795 1356 30 20 ett
842 1355 123 27 tillräckligt
983 1355 58 21 antal
1059 1354 123 28 landtdags-

432 1390 49 20 män
499 1389 8 20 i
524 1387 156 23 bondeständet
695 1389 95 26 erhölles,
805 1389 116 27 tillstyrker
935 1389 103 21 utskottet
1052 1390 32 20 att
1100 1388 84 21 domsa-

432 1429 42 20 gan
489 1422 61 21 äfven
565 1422 34 20 för
613 1422 114 22 framtiden
741 1421 36 22 mä
791 1423 76 26 utgöra
881 1422 120 21 valdistrikt
1018 1423 7 19 i
1045 1422 138 27 ofvanantydt

432 1455 126 22 hänseende.

500 1489 63 23 Valet
581 1489 46 23 åter
645 1489 54 22 skall
714 1489 84 28 jemlikt
815 1497 82 16 samma
918 1489 118 29 stadgande
1057 1489 125 24 verkställas

433 1531 76 21 genom
528 1524 109 27 elektorer,
656 1524 89 23 utsedde
762 1523 49 24 från
829 1525 26 21 de
873 1525 32 21 till
927 1525 141 23 valdistriktet
1089 1525 96 22 hörande
