1006 1684
204 117 34 17 460
402 116 71 23 Nådiga
485 118 137 20 Propositionen
634 117 34 16 N:o
682 118 27 15 10.

182 180 50 20 träd
250 180 52 20 eller
321 181 66 20 annat
404 179 94 27 stängsel
515 178 25 22 sä
554 179 121 27 omhägnad
689 180 33 20 att
736 179 87 21 kreatur
838 178 93 22 derifrän

179 208 102 37 afhållas.
884 226 2 2 :

249 247 44 21 Vill
310 246 71 29 någon
399 247 98 28 begagna
516 246 61 28 giller
596 246 24 22 af
635 246 142 28 nyssnämnde
792 246 55 28 slag,
863 247 68 21 ehvad

182 282 36 22 det
232 282 48 22 sker
295 281 13 22 å
323 289 52 21 egen
389 282 62 21 mark
466 282 52 21 eller
532 281 48 22 med
595 281 99 32 behörigt
710 280 97 23 tillstånd
821 280 14 23 &
849 289 82 15 annans

181 324 57 20 egor,
254 324 50 14 vare
322 316 83 28 skyldig
423 318 32 19 att
473 315 45 22 läta
536 316 73 21 derom
628 316 108 27 söndagen
753 316 106 21 nästförut
877 316 53 21 kun-

180 352 53 26 göra
250 351 8 21 i
276 350 162 28 församlingens
460 351 67 27 kyrka
548 350 108 22 äfvensom
677 350 32 21 uti
730 350 83 28 kyrkan
830 350 8 21 i
859 358 72 14 annan

179 385 135 27 församling,
333 385 63 21 hvars
415 386 64 26 gräns
497 385 68 28 ligger
583 385 57 20 inom
658 384 30 21 tio
706 386 58 20 verst
785 384 48 22 frän
851 384 78 26 stället,

180 419 38 22 der
236 419 70 28 gillret
323 420 97 21 utsättes.
449 419 85 28 Nyttjas
556 418 76 22 sådant
653 418 74 28 längre
748 419 32 20 tid
797 419 133 21 fortfarande

180 453 13 22 3
212 461 81 14 samma
310 453 68 27 ställe,
397 453 41 22 bör
456 453 141 28 kungörelsen
615 460 26 15 en
659 451 56 30 gäng
733 453 8 21 i
758 453 74 28 hvarje
850 452 79 23 mänad

179 488 93 28 förnyas.

247 522 121 28 Förgiftadt
388 522 97 22 lockbete
506 522 35 23 mä
558 522 95 22 hvarken
670 521 14 22 å
702 529 53 21 egen
774 522 51 21 eller
847 529 82 15 annans

180 558 61 21 mark
254 557 106 28 utläggas.

531 595 11 28 8
558 595 20 21 9.

246 637 32 22 Pä
295 637 159 22 vederbörande
472 638 124 21 kommuner
613 636 36 23 mä
667 637 114 22 ankomma
795 639 38 25 att,
849 638 37 21 der
901 638 27 22 de

178 673 59 21 finna
251 671 77 22 sädant
342 672 104 27 lämpligt,
460 673 7 20 i
487 672 70 21 stället
571 672 34 21 för
620 672 55 21 hvad
689 673 7 20 i
712 673 26 20 23
753 672 90 27 kapitlet
857 673 70 28 Bygg-

177 706 143 28 ningabalken
341 707 87 27 stadgas
454 713 34 14 om
513 705 111 29 skallgäng
646 708 58 25 samt
721 705 143 29 varggärdars
886 707 41 22 och

178 748 89 20 gropars
286 741 140 27 anläggande,
445 741 180 22 öfverenskomma
644 748 34 14 om
696 741 69 21 andra
779 740 100 29 ätgärder
893 741 34 22 till

178 775 124 28 skadedjurs
321 775 40 22 och
379 775 115 28 roffoglars
512 775 113 22 utödande.
661 775 121 22 Bibehälles
804 775 121 29 skallgäng,

176 809 36 22 mä
226 810 43 21 alla
283 809 34 22 för
335 810 133 21 densammas
486 809 113 22 utförande
616 810 78 27 nödiga
712 810 159 27 bestämningar
885 811 41 21 och

176 844 142 27 tillgöranden
335 844 97 28 vidtagas
451 844 24 21 af
490 844 133 26 kommunen,
643 852 45 14 som
703 844 80 28 jemväl
804 852 50 20 eger
875 844 51 29 ingä

175 878 127 28 författning
316 886 35 13 om
365 878 87 22 kallelse
470 879 32 21 till
520 878 67 22 sådan
602 878 111 29 skallgäng
728 886 76 21 genom
818 879 107 27 budkafle,

176 913 40 21 när
230 912 67 22 behof
310 912 62 22 deraf
384 914 68 27 göres.

519 968 11 28 8
547 969 33 20 10.

242 1010 50 22 Med
305 1010 151 28 upphäfvande
471 1011 21 21 at
506 1011 56 21 hvad
576 1010 8 22 i
596 1012 12 19 6
620 1011 12 28 $
644 1012 26 20 23
685 1011 90 28 kapitlet
788 1012 135 28 Byggninga-

174 1044 77 22 balken
266 1045 40 21 och
320 1045 76 27 Kongl.
412 1045 160 28 Förordningen
587 1045 41 21 den
644 1047 25 19 16
686 1045 94 22 Oktober
797 1048 51 19 1741
865 1046 58 22 stad-

174 1086 38 20 gas
228 1086 34 14 om
280 1079 176 27 skottpenningar
475 1079 34 21 för
528 1080 97 20 dödande
644 1080 24 20 af
679 1080 56 21 vissa
752 1080 115 28 skadedjur
883 1081 39 21 och

174 1112 108 28 roffäglar,
295 1113 139 21 öfverlemnas
449 1113 33 21 till
496 1114 151 20 kommunerne
662 1116 32 18 att
709 1121 76 20 genom
799 1114 123 22 utfästande

174 1147 24 21 af
212 1147 103 27 lämpliga
332 1147 125 27 belöningar
476 1147 51 21 eller
545 1146 29 29 pä
592 1150 65 18 annat
676 1149 42 20 sätt
735 1148 106 28 befrämja
863 1149 59 21 detta

172 1180 105 27 ändamäl,
293 1181 33 21 för
341 1181 79 21 hvilket
435 1184 70 19 ortens
520 1182 160 27 kronobetjente
696 1181 81 29 äligger
792 1184 37 24 att,
841 1182 28 28 pä
884 1190 37 14 an-

171 1215 78 25 mälan,
264 1215 71 21 lemna
354 1215 35 21 det
406 1216 78 26 nödiga
502 1216 84 20 biträde
604 1216 40 20 och
663 1216 41 20 den
719 1216 69 27 öfriga
802 1217 119 21 handräck-

171 1248 61 27 ning,
248 1256 45 13 som
308 1248 24 21 af
346 1249 47 20 dem
407 1249 121 27 rättsenligt
543 1250 42 20 kan
600 1249 90 21 fordras.

514 1304 11 28 8
542 1305 32 20 11.

238 1347 59 22 Hvar
315 1347 40 21 och
374 1354 26 15 en
417 1353 50 16 vare
485 1347 108 28 förbjudet
611 1349 32 20 att
661 1346 13 23 å
692 1354 54 21 egna
769 1348 51 21 eller
841 1349 79 22 andras

170 1389 51 20 egor
233 1381 53 28 jaga
300 1381 52 22 eller
366 1381 64 28 fånga
444 1382 79 27 nyttigt
536 1381 98 22 vildbräd
648 1382 68 21 under
730 1383 43 21 viss
787 1383 32 21 tid
829 1383 25 21 af
866 1382 53 28 året,

170 1417 84 21 hvilken
268 1417 88 21 räknas:
371 1416 34 22 för
419 1417 109 27 rapphöns
546 1415 48 23 från
612 1417 40 21 och
666 1417 49 22 med
730 1417 41 22 den
788 1418 25 20 15
828 1418 90 22 Novem-

169 1451 38 21 ber
221 1451 33 20 till
272 1451 40 22 och
329 1451 48 22 med
396 1451 40 22 den
452 1452 24 20 31
493 1451 144 27 nästföljande
651 1451 100 28 Augusti;
767 1451 34 22 för
815 1459 58 19 svan,
889 1453 29 27 ej-
