1000 1684
288 107 71 24 Nådiga
370 107 137 29 Propositionen
519 110 34 17 N:o
565 111 16 16 4.
753 111 33 16 289

383 170 4 7 :
405 171 101 29 18493.

184 219 122 23 Huruledes
328 221 62 25 dessa
406 220 84 30 böcker
511 222 98 20 inrättas
631 217 43 30 mä,
700 221 110 28 äfvensom

118 254 1 31 |
127 254 113 31 huruledes
256 253 85 31 öfriga
347 255 35 21 till
394 239 154 52 Aomkapitlets
560 250 63 25 arkiv
635 255 95 21 hörande
743 255 67 22 hand-

118 273 91 56 [lingar
228 290 70 21 såsom
315 290 134 21 visitations-
468 289 39 21 och
521 289 129 29 prestmötes
670 289 139 28 handlingar,

118 324 120 31 allmänna
261 324 49 29 bref
330 324 48 25 och
392 324 131 29 skrifvelser,
547 324 146 29 ansöknings-,
714 324 96 21 besvärs-

118 359 49 29 joch
185 359 70 21 andra
274 358 90 30 skrifter
383 359 26 29 af
425 359 56 22 hvad
499 367 64 13 namn
583 359 25 21 de
625 366 56 13 vara
698 359 43 26 mä,
758 359 52 28 för-

119 393 1 31 |
127 393 92 28 tecknas,
235 394 131 28 registreras
379 394 42 21 och
434 394 82 21 värdas
531 394 67 27 skola,
615 395 39 27 äge
669 393 141 29 domkapitlet

119 428 110 34 närmare
238 427 146 30 föreskrifva.

387 483 28 28 $$
430 481 120 22 424—496.

120 528 2 38 |
246 531 65 28 (Lika:
327 531 50 22 med
389 531 155 28 88:426—428
559 532 7 21 i
579 531 110 28 förslaget.

121 586 1 14 |
425 593 83 30 $:427.

121 635 2 43 |
185 642 106 22 Beträdes
306 644 85 20 notarie
406 640 50 25 med
462 644 35 28 fel
511 636 52 29 eller
572 637 174 35 försummelse
736 632 12 45 i
758 644 54 28 tjen-

122 679 1 31 |
129 681 57 23 sten;
200 678 60 21 döme
275 677 142 29 domkapitlet
432 678 77 31 honom
525 679 36 20 till
575 680 102 26 varning,
690 679 52 20 eller
754 679 57 21 löne-

122 712 94 30 iförlust,
235 712 53 21 eller
306 713 130 27 suspension,
456 713 51 20 eller
527 712 101 29 tjenstens
641 712 92 29 förlust,
756 712 54 29 efter

122 746 82 21 'sakens
231 746 150 29 beskafenhet.
421 746 98 28 Befinnes
545 745 40 22 den
611 747 25 28 af
659 746 152 28 domkapitlets

123 781 140 28 "tjenstemän,
283 788 45 14 som
345 781 100 28 uppbörd
460 781 25 28 af
494 781 177 28 penningemedel
686 781 126 21 ombetrodd

123 801 41 60 jär,
182 815 48 21 med
247 815 110 29 uppenbar
377 815 135 28 värdstöshet
529 816 10 20 i
551 816 169 28 förvaltningen
741 815 69 30 deraf,

123 841 60 51 eller
197 851 48 20 med
260 850 48 21 svek
323 850 38 21 och
377 851 90 26 otrohet,
475 850 59 21 skall
545 850 43 21 han
599 853 75 26 genast
684 850 63 29 ifrån
760 851 52 28 tjen-

124 887 52 36 [sten
192 885 92 28 afsättas
299 884 39 21 och
353 885 74 20 dertill
436 885 42 28 för
489 885 48 20 svek
549 885 39 20 och
599 885 84 21 otrohet
697 885 25 28 af
730 885 82 20 verlds-

124 917 39 38 lig
178 920 47 20 rätt
240 915 80 26 dömas.
349 918 87 23 Brister
452 919 140 28 domkapitlet
607 919 135 21 härutinnan
754 919 10 20 i
774 921 38 19 nö-

124 951 45 36 dig
185 954 84 28 tillsyn,
281 960 64 16 avare
364 954 51 29 sjelf
431 957 128 25 gemensamt
572 954 42 34 för
632 953 66 29 deraf
710 953 102 29 uppkom-

124 985 83 24 mande
218 988 74 22 skada.
315 988 51 21 Kan
377 989 72 28 någon
462 988 91 22 ledamot
564 989 47 20 visa
622 991 33 18 att
667 989 43 20 han
722 995 33 14 om
768 989 44 20 till-

125 1025 71 26 synen
206 1023 83 29 nödiga
297 1023 128 28 erinringar
432 1023 70 28 gjort;
517 1030 51 14 vare
575 1023 57 29 från
640 1024 121 28 ersättning
767 1022 44 29 fri.

126 1073 1 14 |

126 1098 2 33 |
257 1099 264 23 Tjugundetredje
536 1099 149 22 Kapitlet.

126 1132 2 12 i
335 1138 30 22 Om
379 1137 230 33 kontraktsprosteembete.

126 1198 2 27 i
435 1192 12 27 $
461 1189 51 23 428.

127 1229 2 41 |
292 1234 63 29 (Lika
368 1234 49 22 med
432 1234 11 28 $
459 1236 41 20 430
514 1234 8 21 i
536 1234 119 29 förslaget.)

128 1307 1 13 |
434 1298 13 27 $
462 1296 51 22 429.

192 1340 68 20 Prost
274 1339 56 21 skall
344 1340 34 20 uti
393 1338 132 22 kontraktets
537 1338 105 22 särskilta
650 1339 163 29 församlingar

128 1380 2 21 |
135 1374 138 27 visitationer
288 1374 95 21 "anställa
402 1374 24 20 sä
441 1373 46 29 ofta
501 1373 43 21 han
559 1372 73 22 derom
647 1373 26 29 af
686 1372 74 29 biskop
776 1373 38 21 och

129 1402 138 35 idomkapitel
282 1408 109 22 anmodas.
426 1407 40 22 Vid
483 1407 140 22 visitationen
641 1407 58 22 rätte
715 1408 33 28 sig
759 1415 55 21 pro-

128 1438 3 32 |
136 1438 47 32 sten
196 1444 56 29 efter
267 1444 41 27 det,
327 1450 45 14 som
387 1450 34 14 om
435 1442 199 30 biskopsvisitation
648 1442 64 29 sagdt
726 1439 34 30 är,
776 1442 38 22 och

130 1484 1 12 i
725 1477 21 16 19
