<?xml version="1.0" encoding="UTF-8"?>
<alto xmlns="http://www.loc.gov/standards/alto/ns-v3#" xmlns:xlink="http://www.w3.org/1999/xlink" xmlns:xsi="http://www.w3.org/2001/XMLSchema-instance" xsi:schemaLocation="http://www.loc.gov/standards/alto/ns-v3# http://www.loc.gov/alto/v3/alto-3-0.xsd">
	<Description>
		<MeasurementUnit>pixel</MeasurementUnit>
		<sourceImageInformation>
			<fileName>/tmp/tess_9qi7hprw_input.PNG</fileName>
		</sourceImageInformation>
		<OCRProcessing ID="OCR_0">
			<ocrProcessingStep>
				<processingSoftware>
					<softwareName>tesseract 5.3.4</softwareName>
				</processingSoftware>
			</ocrProcessingStep>
		</OCRProcessing>
	</Description>
	<Layout>
		<Page WIDTH="1003" HEIGHT="1689" PHYSICAL_IMG_NR="0" ID="page_0">
			<PrintSpace HPOS="0" VPOS="0" WIDTH="1003" HEIGHT="1689">
				<ComposedBlock ID="cblock_0" HPOS="202" VPOS="123" WIDTH="494" HEIGHT="22">
					<TextBlock ID="block_0" HPOS="202" VPOS="123" WIDTH="494" HEIGHT="22">
						<TextLine ID="line_0" HPOS="202" VPOS="123" WIDTH="494" HEIGHT="22">
							<String ID="string_0" HPOS="202" VPOS="125" WIDTH="32" HEIGHT="16" WC="0.96" CONTENT="182"/><SP WIDTH="170" VPOS="125" HPOS="234"/>
							<String ID="string_1" HPOS="404" VPOS="123" WIDTH="69" HEIGHT="22" WC="0.93" CONTENT="Nädiga"/><SP WIDTH="12" VPOS="123" HPOS="473"/>
							<String ID="string_2" HPOS="485" VPOS="124" WIDTH="137" HEIGHT="21" WC="0.96" CONTENT="Propositionen"/><SP WIDTH="12" VPOS="124" HPOS="622"/>
							<String ID="string_3" HPOS="634" VPOS="124" WIDTH="34" HEIGHT="15" WC="0.96" CONTENT="N:o"/><SP WIDTH="12" VPOS="124" HPOS="668"/>
							<String ID="string_4" HPOS="680" VPOS="124" WIDTH="16" HEIGHT="15" WC="0.81" CONTENT="4,"/>
						</TextLine>
					</TextBlock>
				</ComposedBlock>
				<ComposedBlock ID="cblock_1" HPOS="180" VPOS="184" WIDTH="758" HEIGHT="1304">
					<TextBlock ID="block_1" HPOS="180" VPOS="184" WIDTH="755" HEIGHT="820">
						<TextLine ID="line_1" HPOS="180" VPOS="184" WIDTH="748" HEIGHT="29">
							<String ID="string_5" HPOS="180" VPOS="186" WIDTH="115" HEIGHT="21" WC="0.88" CONTENT="omordade"/><SP WIDTH="17" VPOS="186" HPOS="295"/>
							<String ID="string_6" HPOS="312" VPOS="185" WIDTH="120" HEIGHT="28" WC="0.88" CONTENT="prestvalet,"/><SP WIDTH="19" VPOS="185" HPOS="432"/>
							<String ID="string_7" HPOS="451" VPOS="185" WIDTH="52" HEIGHT="22" WC="0.96" CONTENT="eller"/><SP WIDTH="18" VPOS="185" HPOS="503"/>
							<String ID="string_8" HPOS="521" VPOS="187" WIDTH="30" HEIGHT="20" WC="0.93" CONTENT="ett"/><SP WIDTH="18" VPOS="187" HPOS="551"/>
							<String ID="string_9" HPOS="569" VPOS="184" WIDTH="254" HEIGHT="29" WC="0.91" CONTENT="undantagsförhållande"/><SP WIDTH="18" VPOS="184" HPOS="823"/>
							<String ID="string_10" HPOS="841" VPOS="184" WIDTH="35" HEIGHT="22" WC="0.92" CONTENT="för"/><SP WIDTH="18" VPOS="184" HPOS="876"/>
							<String ID="string_11" HPOS="894" VPOS="191" WIDTH="34" HEIGHT="15" WC="0.90" CONTENT="or-"/>
						</TextLine>
						<TextLine ID="line_2" HPOS="180" VPOS="218" WIDTH="748" HEIGHT="29">
							<String ID="string_12" HPOS="180" VPOS="220" WIDTH="116" HEIGHT="27" WC="0.91" CONTENT="gelnistval,"/><SP WIDTH="22" VPOS="220" HPOS="296"/>
							<String ID="string_13" HPOS="318" VPOS="221" WIDTH="88" HEIGHT="20" WC="0.92" CONTENT="hvarom"/><SP WIDTH="21" VPOS="221" HPOS="406"/>
							<String ID="string_14" HPOS="427" VPOS="220" WIDTH="34" HEIGHT="27" WC="0.89" CONTENT="&amp;n"/><SP WIDTH="19" VPOS="220" HPOS="461"/>
							<String ID="string_15" HPOS="480" VPOS="219" WIDTH="79" HEIGHT="28" WC="0.92" CONTENT="jemväl"/><SP WIDTH="21" VPOS="219" HPOS="559"/>
							<String ID="string_16" HPOS="580" VPOS="219" WIDTH="97" HEIGHT="26" WC="0.96" CONTENT="handlar,"/><SP WIDTH="22" VPOS="219" HPOS="677"/>
							<String ID="string_17" HPOS="699" VPOS="218" WIDTH="71" HEIGHT="22" WC="0.96" CONTENT="såsom"/><SP WIDTH="18" VPOS="218" HPOS="770"/>
							<String ID="string_18" HPOS="788" VPOS="219" WIDTH="24" HEIGHT="21" WC="0.97" CONTENT="af"/><SP WIDTH="16" VPOS="219" HPOS="812"/>
							<String ID="string_19" HPOS="828" VPOS="219" WIDTH="26" HEIGHT="21" WC="0.93" CONTENT="de"/><SP WIDTH="18" VPOS="219" HPOS="854"/>
							<String ID="string_20" HPOS="872" VPOS="219" WIDTH="56" HEIGHT="21" WC="0.93" CONTENT="före-"/>
						</TextLine>
						<TextLine ID="line_3" HPOS="181" VPOS="253" WIDTH="748" HEIGHT="29">
							<String ID="string_21" HPOS="181" VPOS="253" WIDTH="81" HEIGHT="29" WC="0.92" CONTENT="gäende"/><SP WIDTH="21" VPOS="253" HPOS="262"/>
							<String ID="string_22" HPOS="283" VPOS="254" WIDTH="153" HEIGHT="28" WC="0.91" CONTENT="paragraferne"/><SP WIDTH="23" VPOS="254" HPOS="436"/>
							<String ID="string_23" HPOS="459" VPOS="254" WIDTH="40" HEIGHT="21" WC="0.95" CONTENT="och"/><SP WIDTH="21" VPOS="254" HPOS="499"/>
							<String ID="string_24" HPOS="520" VPOS="254" WIDTH="49" HEIGHT="21" WC="0.93" CONTENT="hela"/><SP WIDTH="22" VPOS="254" HPOS="569"/>
							<String ID="string_25" HPOS="591" VPOS="255" WIDTH="175" HEIGHT="26" WC="0.92" CONTENT="sammanhanget"/><SP WIDTH="22" VPOS="255" HPOS="766"/>
							<String ID="string_26" HPOS="788" VPOS="261" WIDTH="67" HEIGHT="21" WC="0.90" CONTENT="synes."/><SP WIDTH="34" VPOS="261" HPOS="855"/>
							<String ID="string_27" HPOS="889" VPOS="253" WIDTH="40" HEIGHT="21" WC="0.90" CONTENT="Ut-"/>
						</TextLine>
						<TextLine ID="line_4" HPOS="181" VPOS="287" WIDTH="749" HEIGHT="30">
							<String ID="string_28" HPOS="181" VPOS="289" WIDTH="84" HEIGHT="26" WC="0.92" CONTENT="skottet,"/><SP WIDTH="16" VPOS="289" HPOS="265"/>
							<String ID="string_29" HPOS="281" VPOS="296" WIDTH="46" HEIGHT="15" WC="0.93" CONTENT="som"/><SP WIDTH="18" VPOS="296" HPOS="327"/>
							<String ID="string_30" HPOS="345" VPOS="291" WIDTH="69" HEIGHT="19" WC="0.90" CONTENT="ansett"/><SP WIDTH="19" VPOS="291" HPOS="414"/>
							<String ID="string_31" HPOS="433" VPOS="289" WIDTH="40" HEIGHT="21" WC="0.93" CONTENT="den"/><SP WIDTH="18" VPOS="289" HPOS="473"/>
							<String ID="string_32" HPOS="491" VPOS="289" WIDTH="90" HEIGHT="21" WC="0.92" CONTENT="sednare"/><SP WIDTH="17" VPOS="289" HPOS="581"/>
							<String ID="string_33" HPOS="598" VPOS="289" WIDTH="112" HEIGHT="28" WC="0.92" CONTENT="meningen"/><SP WIDTH="15" VPOS="289" HPOS="710"/>
							<String ID="string_34" HPOS="725" VPOS="289" WIDTH="105" HEIGHT="28" WC="0.93" CONTENT="tydligare"/><SP WIDTH="14" VPOS="289" HPOS="830"/>
							<String ID="string_35" HPOS="844" VPOS="287" WIDTH="86" HEIGHT="28" WC="0.89" CONTENT="framgä"/>
						</TextLine>
						<TextLine ID="line_5" HPOS="180" VPOS="322" WIDTH="750" HEIGHT="29">
							<String ID="string_36" HPOS="180" VPOS="325" WIDTH="51" HEIGHT="19" WC="0.89" CONTENT="utur"/><SP WIDTH="15" VPOS="325" HPOS="231"/>
							<String ID="string_37" HPOS="246" VPOS="323" WIDTH="66" HEIGHT="22" WC="0.89" CONTENT="orden"/><SP WIDTH="15" VPOS="323" HPOS="312"/>
							<String ID="string_38" HPOS="327" VPOS="324" WIDTH="40" HEIGHT="20" WC="0.93" CONTENT="och"/><SP WIDTH="12" VPOS="324" HPOS="367"/>
							<String ID="string_39" HPOS="379" VPOS="323" WIDTH="79" HEIGHT="28" WC="0.92" CONTENT="jemväl"/><SP WIDTH="14" VPOS="323" HPOS="458"/>
							<String ID="string_40" HPOS="472" VPOS="331" WIDTH="51" HEIGHT="14" WC="0.96" CONTENT="vara"/><SP WIDTH="16" VPOS="331" HPOS="523"/>
							<String ID="string_41" HPOS="539" VPOS="323" WIDTH="40" HEIGHT="21" WC="0.93" CONTENT="den"/><SP WIDTH="15" VPOS="323" HPOS="579"/>
							<String ID="string_42" HPOS="594" VPOS="325" WIDTH="62" HEIGHT="24" WC="0.93" CONTENT="rätta,"/><SP WIDTH="17" VPOS="325" HPOS="656"/>
							<String ID="string_43" HPOS="673" VPOS="323" WIDTH="73" HEIGHT="21" WC="0.89" CONTENT="sävida"/><SP WIDTH="19" VPOS="323" HPOS="746"/>
							<String ID="string_44" HPOS="765" VPOS="323" WIDTH="60" HEIGHT="21" WC="0.89" CONTENT="äfven"/><SP WIDTH="18" VPOS="323" HPOS="825"/>
							<String ID="string_45" HPOS="843" VPOS="322" WIDTH="87" HEIGHT="21" WC="0.92" CONTENT="klocka-"/>
						</TextLine>
						<TextLine ID="line_6" HPOS="181" VPOS="357" WIDTH="749" HEIGHT="28">
							<String ID="string_46" HPOS="181" VPOS="358" WIDTH="87" HEIGHT="21" WC="0.93" CONTENT="relönen"/><SP WIDTH="10" VPOS="358" HPOS="268"/>
							<String ID="string_47" HPOS="278" VPOS="358" WIDTH="8" HEIGHT="21" WC="0.93" CONTENT="i"/><SP WIDTH="11" VPOS="358" HPOS="286"/>
							<String ID="string_48" HPOS="297" VPOS="357" WIDTH="116" HEIGHT="22" WC="0.95" CONTENT="allmänhet"/><SP WIDTH="11" VPOS="357" HPOS="413"/>
							<String ID="string_49" HPOS="424" VPOS="358" WIDTH="96" HEIGHT="27" WC="0.95" CONTENT="erlägges"/><SP WIDTH="14" VPOS="358" HPOS="520"/>
							<String ID="string_50" HPOS="534" VPOS="357" WIDTH="33" HEIGHT="21" WC="0.96" CONTENT="till"/><SP WIDTH="15" VPOS="357" HPOS="567"/>
							<String ID="string_51" HPOS="582" VPOS="357" WIDTH="42" HEIGHT="22" WC="0.92" CONTENT="lika"/><SP WIDTH="14" VPOS="357" HPOS="624"/>
							<String ID="string_52" HPOS="638" VPOS="358" WIDTH="78" HEIGHT="27" WC="0.96" CONTENT="belopp"/><SP WIDTH="16" VPOS="358" HPOS="716"/>
							<String ID="string_53" HPOS="732" VPOS="357" WIDTH="24" HEIGHT="21" WC="0.96" CONTENT="af"/><SP WIDTH="13" VPOS="357" HPOS="756"/>
							<String ID="string_54" HPOS="769" VPOS="357" WIDTH="26" HEIGHT="21" WC="0.93" CONTENT="de"/><SP WIDTH="13" VPOS="357" HPOS="795"/>
							<String ID="string_55" HPOS="808" VPOS="357" WIDTH="122" HEIGHT="26" WC="0.86" CONTENT="betalande,"/>
						</TextLine>
						<TextLine ID="line_7" HPOS="181" VPOS="391" WIDTH="749" HEIGHT="28">
							<String ID="string_56" HPOS="181" VPOS="393" WIDTH="40" HEIGHT="20" WC="0.93" CONTENT="har"/><SP WIDTH="14" VPOS="393" HPOS="221"/>
							<String ID="string_57" HPOS="235" VPOS="393" WIDTH="54" HEIGHT="20" WC="0.88" CONTENT="trott"/><SP WIDTH="18" VPOS="393" HPOS="289"/>
							<String ID="string_58" HPOS="307" VPOS="392" WIDTH="32" HEIGHT="27" WC="0.93" CONTENT="sig"/><SP WIDTH="18" VPOS="392" HPOS="339"/>
							<String ID="string_59" HPOS="357" VPOS="392" WIDTH="54" HEIGHT="21" WC="0.92" CONTENT="böra"/><SP WIDTH="17" VPOS="392" HPOS="411"/>
							<String ID="string_60" HPOS="428" VPOS="391" WIDTH="79" HEIGHT="22" WC="0.92" CONTENT="föreslä"/><SP WIDTH="18" VPOS="391" HPOS="507"/>
							<String ID="string_61" HPOS="525" VPOS="399" WIDTH="26" HEIGHT="14" WC="0.93" CONTENT="en"/><SP WIDTH="19" VPOS="399" HPOS="551"/>
							<String ID="string_62" HPOS="570" VPOS="392" WIDTH="173" HEIGHT="27" WC="0.92" CONTENT="omformulering"/><SP WIDTH="18" VPOS="392" HPOS="743"/>
							<String ID="string_63" HPOS="761" VPOS="391" WIDTH="24" HEIGHT="22" WC="0.96" CONTENT="af"/><SP WIDTH="17" VPOS="391" HPOS="785"/>
							<String ID="string_64" HPOS="802" VPOS="392" WIDTH="40" HEIGHT="21" WC="0.93" CONTENT="den"/><SP WIDTH="18" VPOS="392" HPOS="842"/>
							<String ID="string_65" HPOS="860" VPOS="392" WIDTH="70" HEIGHT="21" WC="0.92" CONTENT="hithö-"/>
						</TextLine>
						<TextLine ID="line_8" HPOS="182" VPOS="426" WIDTH="749" HEIGHT="29">
							<String ID="string_66" HPOS="182" VPOS="427" WIDTH="66" HEIGHT="21" WC="0.96" CONTENT="rande"/><SP WIDTH="18" VPOS="427" HPOS="248"/>
							<String ID="string_67" HPOS="266" VPOS="428" WIDTH="78" HEIGHT="20" WC="0.95" CONTENT="satsen."/><SP WIDTH="32" VPOS="428" HPOS="344"/>
							<String ID="string_68" HPOS="376" VPOS="427" WIDTH="49" HEIGHT="21" WC="0.93" CONTENT="Men"/><SP WIDTH="18" VPOS="427" HPOS="425"/>
							<String ID="string_69" HPOS="443" VPOS="426" WIDTH="110" HEIGHT="28" WC="0.96" CONTENT="angående"/><SP WIDTH="18" VPOS="426" HPOS="553"/>
							<String ID="string_70" HPOS="571" VPOS="426" WIDTH="83" HEIGHT="29" WC="0.96" CONTENT="frågan,"/><SP WIDTH="18" VPOS="426" HPOS="654"/>
							<String ID="string_71" HPOS="672" VPOS="427" WIDTH="57" HEIGHT="21" WC="0.93" CONTENT="huru"/><SP WIDTH="17" VPOS="427" HPOS="729"/>
							<String ID="string_72" HPOS="746" VPOS="427" WIDTH="53" HEIGHT="27" WC="0.91" CONTENT="högt"/><SP WIDTH="15" VPOS="427" HPOS="799"/>
							<String ID="string_73" HPOS="814" VPOS="427" WIDTH="117" HEIGHT="27" WC="0.92" CONTENT="kyrkoher-"/>
						</TextLine>
						<TextLine ID="line_9" HPOS="183" VPOS="461" WIDTH="749" HEIGHT="27">
							<String ID="string_74" HPOS="183" VPOS="462" WIDTH="50" HEIGHT="20" WC="0.93" CONTENT="dens"/><SP WIDTH="16" VPOS="462" HPOS="233"/>
							<String ID="string_75" HPOS="249" VPOS="462" WIDTH="126" HEIGHT="21" WC="0.91" CONTENT="embetsröst"/><SP WIDTH="14" VPOS="462" HPOS="375"/>
							<String ID="string_76" HPOS="389" VPOS="462" WIDTH="35" HEIGHT="21" WC="0.93" CONTENT="vid"/><SP WIDTH="14" VPOS="462" HPOS="424"/>
							<String ID="string_77" HPOS="438" VPOS="462" WIDTH="135" HEIGHT="21" WC="0.92" CONTENT="klockareval"/><SP WIDTH="14" VPOS="462" HPOS="573"/>
							<String ID="string_78" HPOS="587" VPOS="462" WIDTH="67" HEIGHT="21" WC="0.96" CONTENT="borde"/><SP WIDTH="14" VPOS="462" HPOS="654"/>
							<String ID="string_79" HPOS="668" VPOS="462" WIDTH="111" HEIGHT="26" WC="0.96" CONTENT="beräknas,"/><SP WIDTH="16" VPOS="462" HPOS="779"/>
							<String ID="string_80" HPOS="795" VPOS="461" WIDTH="64" HEIGHT="22" WC="0.96" CONTENT="hafva"/><SP WIDTH="15" VPOS="461" HPOS="859"/>
							<String ID="string_81" HPOS="874" VPOS="461" WIDTH="58" HEIGHT="22" WC="0.96" CONTENT="olika"/>
						</TextLine>
						<TextLine ID="line_10" HPOS="182" VPOS="495" WIDTH="750" HEIGHT="29">
							<String ID="string_82" HPOS="182" VPOS="496" WIDTH="111" HEIGHT="28" WC="0.95" CONTENT="meningar"/><SP WIDTH="14" VPOS="496" HPOS="293"/>
							<String ID="string_83" HPOS="307" VPOS="496" WIDTH="58" HEIGHT="21" WC="0.96" CONTENT="inom"/><SP WIDTH="13" VPOS="496" HPOS="365"/>
							<String ID="string_84" HPOS="378" VPOS="496" WIDTH="103" HEIGHT="21" WC="0.95" CONTENT="utskottet"/><SP WIDTH="15" VPOS="496" HPOS="481"/>
							<String ID="string_85" HPOS="496" VPOS="496" WIDTH="57" HEIGHT="28" WC="0.96" CONTENT="gjort"/><SP WIDTH="14" VPOS="496" HPOS="553"/>
							<String ID="string_86" HPOS="567" VPOS="496" WIDTH="32" HEIGHT="27" WC="0.96" CONTENT="sig"/><SP WIDTH="15" VPOS="496" HPOS="599"/>
							<String ID="string_87" HPOS="614" VPOS="496" WIDTH="104" HEIGHT="28" WC="0.96" CONTENT="gällande,"/><SP WIDTH="15" VPOS="496" HPOS="718"/>
							<String ID="string_88" HPOS="733" VPOS="496" WIDTH="8" HEIGHT="21" WC="0.96" CONTENT="i"/><SP WIDTH="15" VPOS="496" HPOS="741"/>
							<String ID="string_89" HPOS="756" VPOS="496" WIDTH="36" HEIGHT="21" WC="0.96" CONTENT="det"/><SP WIDTH="18" VPOS="496" HPOS="792"/>
							<String ID="string_90" HPOS="810" VPOS="498" WIDTH="32" HEIGHT="19" WC="0.93" CONTENT="att"/><SP WIDTH="18" VPOS="498" HPOS="842"/>
							<String ID="string_91" HPOS="860" VPOS="495" WIDTH="72" HEIGHT="22" WC="0.93" CONTENT="flerta-"/>
						</TextLine>
						<TextLine ID="line_11" HPOS="182" VPOS="530" WIDTH="750" HEIGHT="28">
							<String ID="string_92" HPOS="182" VPOS="531" WIDTH="30" HEIGHT="21" WC="0.96" CONTENT="let"/><SP WIDTH="21" VPOS="531" HPOS="212"/>
							<String ID="string_93" HPOS="233" VPOS="531" WIDTH="24" HEIGHT="21" WC="0.95" CONTENT="af"/><SP WIDTH="20" VPOS="531" HPOS="257"/>
							<String ID="string_94" HPOS="277" VPOS="531" WIDTH="26" HEIGHT="21" WC="0.96" CONTENT="de"/><SP WIDTH="23" VPOS="531" HPOS="303"/>
							<String ID="string_95" HPOS="326" VPOS="530" WIDTH="129" HEIGHT="28" WC="0.95" CONTENT="deputerade"/><SP WIDTH="22" VPOS="530" HPOS="455"/>
							<String ID="string_96" HPOS="477" VPOS="530" WIDTH="48" HEIGHT="22" WC="0.93" CONTENT="från"/><SP WIDTH="21" VPOS="530" HPOS="525"/>
							<String ID="string_97" HPOS="546" VPOS="531" WIDTH="155" HEIGHT="27" WC="0.91" CONTENT="Ridderskapet"/><SP WIDTH="22" VPOS="531" HPOS="701"/>
							<String ID="string_98" HPOS="723" VPOS="531" WIDTH="40" HEIGHT="21" WC="0.93" CONTENT="och"/><SP WIDTH="22" VPOS="531" HPOS="763"/>
							<String ID="string_99" HPOS="785" VPOS="531" WIDTH="68" HEIGHT="21" WC="0.92" CONTENT="Adeln"/><SP WIDTH="23" VPOS="531" HPOS="853"/>
							<String ID="string_100" HPOS="876" VPOS="532" WIDTH="56" HEIGHT="20" WC="0.95" CONTENT="samt"/>
						</TextLine>
						<TextLine ID="line_12" HPOS="183" VPOS="564" WIDTH="749" HEIGHT="29">
							<String ID="string_101" HPOS="183" VPOS="564" WIDTH="170" HEIGHT="22" WC="0.90" CONTENT="Prestaståndets"/><SP WIDTH="16" VPOS="564" HPOS="353"/>
							<String ID="string_102" HPOS="369" VPOS="565" WIDTH="135" HEIGHT="27" WC="0.96" CONTENT="deputerade,"/><SP WIDTH="15" VPOS="565" HPOS="504"/>
							<String ID="string_103" HPOS="519" VPOS="565" WIDTH="49" HEIGHT="21" WC="0.96" CONTENT="med"/><SP WIDTH="19" VPOS="565" HPOS="568"/>
							<String ID="string_104" HPOS="587" VPOS="565" WIDTH="98" HEIGHT="21" WC="0.93" CONTENT="afseende"/><SP WIDTH="19" VPOS="565" HPOS="685"/>
							<String ID="string_105" HPOS="704" VPOS="564" WIDTH="51" HEIGHT="22" WC="0.92" CONTENT="derå"/><SP WIDTH="16" VPOS="564" HPOS="755"/>
							<String ID="string_106" HPOS="771" VPOS="567" WIDTH="31" HEIGHT="19" WC="0.93" CONTENT="att"/><SP WIDTH="14" VPOS="567" HPOS="802"/>
							<String ID="string_107" HPOS="816" VPOS="565" WIDTH="116" HEIGHT="28" WC="0.92" CONTENT="kyrkoher-"/>
						</TextLine>
						<TextLine ID="line_13" HPOS="184" VPOS="600" WIDTH="749" HEIGHT="28">
							<String ID="string_108" HPOS="184" VPOS="600" WIDTH="47" HEIGHT="26" WC="0.96" CONTENT="den,"/><SP WIDTH="18" VPOS="600" HPOS="231"/>
							<String ID="string_109" HPOS="249" VPOS="607" WIDTH="46" HEIGHT="13" WC="0.96" CONTENT="som"/><SP WIDTH="18" VPOS="607" HPOS="295"/>
							<String ID="string_110" HPOS="313" VPOS="600" WIDTH="40" HEIGHT="20" WC="0.91" CONTENT="bär"/><SP WIDTH="18" VPOS="600" HPOS="353"/>
							<String ID="string_111" HPOS="371" VPOS="600" WIDTH="179" HEIGHT="21" WC="0.89" CONTENT="hufvudansvaret"/><SP WIDTH="19" VPOS="600" HPOS="550"/>
							<String ID="string_112" HPOS="569" VPOS="600" WIDTH="33" HEIGHT="21" WC="0.93" CONTENT="för"/><SP WIDTH="19" VPOS="600" HPOS="602"/>
							<String ID="string_113" HPOS="621" VPOS="600" WIDTH="157" HEIGHT="28" WC="0.92" CONTENT="gudstjenstens"/><SP WIDTH="18" VPOS="600" HPOS="778"/>
							<String ID="string_114" HPOS="796" VPOS="600" WIDTH="40" HEIGHT="21" WC="0.93" CONTENT="och"/><SP WIDTH="18" VPOS="600" HPOS="836"/>
							<String ID="string_115" HPOS="854" VPOS="600" WIDTH="79" HEIGHT="21" WC="0.89" CONTENT="barna-"/>
						</TextLine>
						<TextLine ID="line_14" HPOS="182" VPOS="634" WIDTH="752" HEIGHT="28">
							<String ID="string_116" HPOS="182" VPOS="634" WIDTH="189" HEIGHT="28" WC="0.95" CONTENT="undervisningens"/><SP WIDTH="18" VPOS="634" HPOS="371"/>
							<String ID="string_117" HPOS="389" VPOS="634" WIDTH="104" HEIGHT="28" WC="0.96" CONTENT="behöriga"/><SP WIDTH="17" VPOS="634" HPOS="493"/>
							<String ID="string_118" HPOS="510" VPOS="634" WIDTH="194" HEIGHT="28" WC="0.96" CONTENT="upprätthållande,"/><SP WIDTH="19" VPOS="634" HPOS="704"/>
							<String ID="string_119" HPOS="723" VPOS="634" WIDTH="68" HEIGHT="22" WC="0.96" CONTENT="måste"/><SP WIDTH="17" VPOS="634" HPOS="791"/>
							<String ID="string_120" HPOS="808" VPOS="642" WIDTH="52" HEIGHT="14" WC="0.95" CONTENT="vara"/><SP WIDTH="18" VPOS="642" HPOS="860"/>
							<String ID="string_121" HPOS="878" VPOS="636" WIDTH="56" HEIGHT="20" WC="0.96" CONTENT="mest"/>
						</TextLine>
						<TextLine ID="line_15" HPOS="183" VPOS="668" WIDTH="751" HEIGHT="27">
							<String ID="string_122" HPOS="183" VPOS="669" WIDTH="130" HEIGHT="21" WC="0.96" CONTENT="intresserad"/><SP WIDTH="17" VPOS="669" HPOS="313"/>
							<String ID="string_123" HPOS="330" VPOS="669" WIDTH="8" HEIGHT="20" WC="0.96" CONTENT="i"/><SP WIDTH="17" VPOS="669" HPOS="338"/>
							<String ID="string_124" HPOS="355" VPOS="669" WIDTH="56" HEIGHT="21" WC="0.96" CONTENT="valet"/><SP WIDTH="18" VPOS="669" HPOS="411"/>
							<String ID="string_125" HPOS="429" VPOS="669" WIDTH="24" HEIGHT="21" WC="0.96" CONTENT="af"/><SP WIDTH="17" VPOS="669" HPOS="453"/>
							<String ID="string_126" HPOS="470" VPOS="669" WIDTH="73" HEIGHT="26" WC="0.96" CONTENT="denne,"/><SP WIDTH="19" VPOS="669" HPOS="543"/>
							<String ID="string_127" HPOS="562" VPOS="669" WIDTH="33" HEIGHT="21" WC="0.95" CONTENT="till"/><SP WIDTH="17" VPOS="669" HPOS="595"/>
							<String ID="string_128" HPOS="612" VPOS="670" WIDTH="54" HEIGHT="20" WC="0.95" CONTENT="hans"/><SP WIDTH="18" VPOS="670" HPOS="666"/>
							<String ID="string_129" HPOS="684" VPOS="669" WIDTH="84" HEIGHT="22" WC="0.96" CONTENT="biträde"/><SP WIDTH="18" VPOS="669" HPOS="768"/>
							<String ID="string_130" HPOS="786" VPOS="668" WIDTH="8" HEIGHT="22" WC="0.93" CONTENT="i"/><SP WIDTH="18" VPOS="668" HPOS="794"/>
							<String ID="string_131" HPOS="812" VPOS="669" WIDTH="62" HEIGHT="21" WC="0.96" CONTENT="dessa"/><SP WIDTH="19" VPOS="669" HPOS="874"/>
							<String ID="string_132" HPOS="893" VPOS="669" WIDTH="41" HEIGHT="21" WC="0.96" CONTENT="och"/>
						</TextLine>
						<TextLine ID="line_16" HPOS="184" VPOS="703" WIDTH="750" HEIGHT="28">
							<String ID="string_133" HPOS="184" VPOS="703" WIDTH="51" HEIGHT="21" WC="0.96" CONTENT="flere"/><SP WIDTH="15" VPOS="703" HPOS="235"/>
							<String ID="string_134" HPOS="250" VPOS="703" WIDTH="68" HEIGHT="21" WC="0.95" CONTENT="andra"/><SP WIDTH="15" VPOS="703" HPOS="318"/>
							<String ID="string_135" HPOS="333" VPOS="703" WIDTH="38" HEIGHT="21" WC="0.96" CONTENT="fall"/><SP WIDTH="14" VPOS="703" HPOS="371"/>
							<String ID="string_136" HPOS="385" VPOS="705" WIDTH="56" HEIGHT="19" WC="0.93" CONTENT="satta"/><SP WIDTH="14" VPOS="705" HPOS="441"/>
							<String ID="string_137" HPOS="455" VPOS="704" WIDTH="156" HEIGHT="27" WC="0.91" CONTENT="kyrkotjenare,"/><SP WIDTH="19" VPOS="704" HPOS="611"/>
							<String ID="string_138" HPOS="630" VPOS="703" WIDTH="95" HEIGHT="28" WC="0.96" CONTENT="godkänt"/><SP WIDTH="19" VPOS="703" HPOS="725"/>
							<String ID="string_139" HPOS="744" VPOS="704" WIDTH="40" HEIGHT="21" WC="0.96" CONTENT="den"/><SP WIDTH="18" VPOS="704" HPOS="784"/>
							<String ID="string_140" HPOS="802" VPOS="704" WIDTH="7" HEIGHT="20" WC="0.93" CONTENT="i"/><SP WIDTH="19" VPOS="704" HPOS="809"/>
							<String ID="string_141" HPOS="828" VPOS="704" WIDTH="106" HEIGHT="21" WC="0.91" CONTENT="öfverens-"/>
						</TextLine>
						<TextLine ID="line_17" HPOS="184" VPOS="737" WIDTH="750" HEIGHT="28">
							<String ID="string_142" HPOS="184" VPOS="737" WIDTH="120" HEIGHT="21" WC="0.91" CONTENT="stämmelse"/><SP WIDTH="18" VPOS="737" HPOS="304"/>
							<String ID="string_143" HPOS="322" VPOS="737" WIDTH="48" HEIGHT="21" WC="0.96" CONTENT="med"/><SP WIDTH="17" VPOS="737" HPOS="370"/>
							<String ID="string_144" HPOS="387" VPOS="745" WIDTH="30" HEIGHT="13" WC="0.96" CONTENT="nu"/><SP WIDTH="18" VPOS="745" HPOS="417"/>
							<String ID="string_145" HPOS="435" VPOS="738" WIDTH="100" HEIGHT="26" WC="0.96" CONTENT="gällande"/><SP WIDTH="18" VPOS="738" HPOS="535"/>
							<String ID="string_146" HPOS="553" VPOS="738" WIDTH="132" HEIGHT="27" WC="0.96" CONTENT="stadganden"/><SP WIDTH="22" VPOS="738" HPOS="685"/>
							<String ID="string_147" HPOS="707" VPOS="737" WIDTH="77" HEIGHT="28" WC="0.93" CONTENT="gjorda"/><SP WIDTH="20" VPOS="737" HPOS="784"/>
							<String ID="string_148" HPOS="804" VPOS="738" WIDTH="130" HEIGHT="21" WC="0.92" CONTENT="bestämnin-"/>
						</TextLine>
						<TextLine ID="line_18" HPOS="184" VPOS="770" WIDTH="750" HEIGHT="29">
							<String ID="string_149" HPOS="184" VPOS="778" WIDTH="46" HEIGHT="20" WC="0.96" CONTENT="gen,"/><SP WIDTH="19" VPOS="778" HPOS="230"/>
							<String ID="string_150" HPOS="249" VPOS="773" WIDTH="32" HEIGHT="19" WC="0.93" CONTENT="att"/><SP WIDTH="17" VPOS="773" HPOS="281"/>
							<String ID="string_151" HPOS="298" VPOS="771" WIDTH="157" HEIGHT="28" WC="0.91" CONTENT="kyrkoherdens"/><SP WIDTH="19" VPOS="771" HPOS="455"/>
							<String ID="string_152" HPOS="474" VPOS="770" WIDTH="126" HEIGHT="23" WC="0.91" CONTENT="embetsröst"/><SP WIDTH="18" VPOS="770" HPOS="600"/>
							<String ID="string_153" HPOS="618" VPOS="772" WIDTH="54" HEIGHT="21" WC="0.96" CONTENT="skall"/><SP WIDTH="20" VPOS="772" HPOS="672"/>
							<String ID="string_154" HPOS="692" VPOS="772" WIDTH="106" HEIGHT="22" WC="0.96" CONTENT="beräknas"/><SP WIDTH="21" VPOS="772" HPOS="798"/>
							<String ID="string_155" HPOS="819" VPOS="772" WIDTH="45" HEIGHT="22" WC="0.96" CONTENT="lika"/><SP WIDTH="21" VPOS="772" HPOS="864"/>
							<String ID="string_156" HPOS="885" VPOS="772" WIDTH="49" HEIGHT="21" WC="0.96" CONTENT="med"/>
						</TextLine>
						<TextLine ID="line_19" HPOS="184" VPOS="805" WIDTH="750" HEIGHT="29">
							<String ID="string_157" HPOS="184" VPOS="805" WIDTH="81" HEIGHT="22" WC="0.95" CONTENT="hälften"/><SP WIDTH="11" VPOS="805" HPOS="265"/>
							<String ID="string_158" HPOS="276" VPOS="806" WIDTH="24" HEIGHT="21" WC="0.96" CONTENT="af"/><SP WIDTH="9" VPOS="806" HPOS="300"/>
							<String ID="string_159" HPOS="309" VPOS="806" WIDTH="162" HEIGHT="28" WC="0.93" CONTENT="församlingens"/><SP WIDTH="16" VPOS="806" HPOS="471"/>
							<String ID="string_160" HPOS="487" VPOS="806" WIDTH="81" HEIGHT="28" WC="0.92" CONTENT="afgifna"/><SP WIDTH="14" VPOS="806" HPOS="568"/>
							<String ID="string_161" HPOS="582" VPOS="808" WIDTH="75" HEIGHT="25" WC="0.96" CONTENT="röster,"/><SP WIDTH="15" VPOS="808" HPOS="657"/>
							<String ID="string_162" HPOS="672" VPOS="807" WIDTH="111" HEIGHT="21" WC="0.93" CONTENT="hvaremot"/><SP WIDTH="14" VPOS="807" HPOS="783"/>
							<String ID="string_163" HPOS="797" VPOS="807" WIDTH="137" HEIGHT="27" WC="0.92" CONTENT="pluraliteten"/>
						</TextLine>
						<TextLine ID="line_20" HPOS="184" VPOS="839" WIDTH="750" HEIGHT="30">
							<String ID="string_164" HPOS="184" VPOS="840" WIDTH="24" HEIGHT="21" WC="0.93" CONTENT="af"/><SP WIDTH="11" VPOS="840" HPOS="208"/>
							<String ID="string_165" HPOS="219" VPOS="839" WIDTH="191" HEIGHT="29" WC="0.92" CONTENT="Borgareståndets"/><SP WIDTH="15" VPOS="839" HPOS="410"/>
							<String ID="string_166" HPOS="425" VPOS="842" WIDTH="56" HEIGHT="20" WC="0.93" CONTENT="samt"/><SP WIDTH="14" VPOS="842" HPOS="481"/>
							<String ID="string_167" HPOS="495" VPOS="840" WIDTH="168" HEIGHT="22" WC="0.92" CONTENT="Bondeståndets"/><SP WIDTH="16" VPOS="840" HPOS="663"/>
							<String ID="string_168" HPOS="679" VPOS="841" WIDTH="135" HEIGHT="28" WC="0.96" CONTENT="deputerade,"/><SP WIDTH="16" VPOS="841" HPOS="814"/>
							<String ID="string_169" HPOS="830" VPOS="842" WIDTH="34" HEIGHT="21" WC="0.93" CONTENT="till"/><SP WIDTH="14" VPOS="842" HPOS="864"/>
							<String ID="string_170" HPOS="878" VPOS="842" WIDTH="56" HEIGHT="21" WC="0.92" CONTENT="före-"/>
						</TextLine>
						<TextLine ID="line_21" HPOS="184" VPOS="874" WIDTH="750" HEIGHT="29">
							<String ID="string_171" HPOS="184" VPOS="874" WIDTH="127" HEIGHT="22" WC="0.96" CONTENT="kommande"/><SP WIDTH="18" VPOS="874" HPOS="311"/>
							<String ID="string_172" HPOS="329" VPOS="874" WIDTH="24" HEIGHT="21" WC="0.96" CONTENT="af"/><SP WIDTH="15" VPOS="874" HPOS="353"/>
							<String ID="string_173" HPOS="368" VPOS="874" WIDTH="106" HEIGHT="22" WC="0.93" CONTENT="missbruk"/><SP WIDTH="19" VPOS="874" HPOS="474"/>
							<String ID="string_174" HPOS="493" VPOS="874" WIDTH="13" HEIGHT="22" WC="0.86" CONTENT="ä"/><SP WIDTH="17" VPOS="874" HPOS="506"/>
							<String ID="string_175" HPOS="523" VPOS="876" WIDTH="158" HEIGHT="27" WC="0.92" CONTENT="kyrkoherdens"/><SP WIDTH="20" VPOS="876" HPOS="681"/>
							<String ID="string_176" HPOS="701" VPOS="876" WIDTH="46" HEIGHT="21" WC="0.96" CONTENT="sida"/><SP WIDTH="19" VPOS="876" HPOS="747"/>
							<String ID="string_177" HPOS="766" VPOS="878" WIDTH="55" HEIGHT="19" WC="0.96" CONTENT="samt"/><SP WIDTH="17" VPOS="878" HPOS="821"/>
							<String ID="string_178" HPOS="838" VPOS="876" WIDTH="50" HEIGHT="21" WC="0.93" CONTENT="med"/><SP WIDTH="15" VPOS="876" HPOS="888"/>
							<String ID="string_179" HPOS="903" VPOS="876" WIDTH="31" HEIGHT="21" WC="0.92" CONTENT="af-"/>
						</TextLine>
						<TextLine ID="line_22" HPOS="184" VPOS="908" WIDTH="750" HEIGHT="29">
							<String ID="string_180" HPOS="184" VPOS="908" WIDTH="77" HEIGHT="22" WC="0.93" CONTENT="seende"/><SP WIDTH="15" VPOS="908" HPOS="261"/>
							<String ID="string_181" HPOS="276" VPOS="908" WIDTH="51" HEIGHT="22" WC="0.92" CONTENT="derä"/><SP WIDTH="16" VPOS="908" HPOS="327"/>
							<String ID="string_182" HPOS="343" VPOS="910" WIDTH="31" HEIGHT="20" WC="0.96" CONTENT="att"/><SP WIDTH="14" VPOS="910" HPOS="374"/>
							<String ID="string_183" HPOS="388" VPOS="908" WIDTH="151" HEIGHT="29" WC="0.93" CONTENT="församlingen"/><SP WIDTH="16" VPOS="908" HPOS="539"/>
							<String ID="string_184" HPOS="555" VPOS="917" WIDTH="72" HEIGHT="14" WC="0.93" CONTENT="ensam"/><SP WIDTH="15" VPOS="917" HPOS="627"/>
							<String ID="string_185" HPOS="642" VPOS="910" WIDTH="81" HEIGHT="21" WC="0.92" CONTENT="aflönar"/><SP WIDTH="18" VPOS="910" HPOS="723"/>
							<String ID="string_186" HPOS="741" VPOS="910" WIDTH="121" HEIGHT="27" WC="0.96" CONTENT="klockaren,"/><SP WIDTH="16" VPOS="910" HPOS="862"/>
							<String ID="string_187" HPOS="878" VPOS="910" WIDTH="56" HEIGHT="22" WC="0.96" CONTENT="velat"/>
						</TextLine>
						<TextLine ID="line_23" HPOS="184" VPOS="943" WIDTH="751" HEIGHT="29">
							<String ID="string_188" HPOS="184" VPOS="943" WIDTH="116" HEIGHT="21" WC="0.94" CONTENT="inskränka"/><SP WIDTH="14" VPOS="943" HPOS="300"/>
							<String ID="string_189" HPOS="314" VPOS="943" WIDTH="75" HEIGHT="21" WC="0.96" CONTENT="värdet"/><SP WIDTH="14" VPOS="943" HPOS="389"/>
							<String ID="string_190" HPOS="403" VPOS="943" WIDTH="24" HEIGHT="21" WC="0.93" CONTENT="af"/><SP WIDTH="12" VPOS="943" HPOS="427"/>
							<String ID="string_191" HPOS="439" VPOS="944" WIDTH="65" HEIGHT="27" WC="0.93" CONTENT="sagde"/><SP WIDTH="19" VPOS="944" HPOS="504"/>
							<String ID="string_192" HPOS="523" VPOS="944" WIDTH="125" HEIGHT="21" WC="0.91" CONTENT="embetsröst"/><SP WIDTH="17" VPOS="944" HPOS="648"/>
							<String ID="string_193" HPOS="665" VPOS="944" WIDTH="33" HEIGHT="21" WC="0.96" CONTENT="till"/><SP WIDTH="19" VPOS="944" HPOS="698"/>
							<String ID="string_194" HPOS="717" VPOS="952" WIDTH="26" HEIGHT="14" WC="0.93" CONTENT="en"/><SP WIDTH="18" VPOS="952" HPOS="743"/>
							<String ID="string_195" HPOS="761" VPOS="944" WIDTH="103" HEIGHT="28" WC="0.91" CONTENT="fjerdedel"/><SP WIDTH="15" VPOS="944" HPOS="864"/>
							<String ID="string_196" HPOS="879" VPOS="946" WIDTH="56" HEIGHT="20" WC="0.96" CONTENT="emot"/>
						</TextLine>
						<TextLine ID="line_24" HPOS="185" VPOS="977" WIDTH="348" HEIGHT="27">
							<String ID="string_197" HPOS="185" VPOS="977" WIDTH="162" HEIGHT="27" WC="0.91" CONTENT="församlingens"/><SP WIDTH="15" VPOS="977" HPOS="347"/>
							<String ID="string_198" HPOS="362" VPOS="977" WIDTH="81" HEIGHT="27" WC="0.91" CONTENT="afgifna"/><SP WIDTH="14" VPOS="977" HPOS="443"/>
							<String ID="string_199" HPOS="457" VPOS="980" WIDTH="76" HEIGHT="19" WC="0.93" CONTENT="röster."/>
						</TextLine>
					</TextBlock>
					<TextBlock ID="block_2" HPOS="186" VPOS="1011" WIDTH="749" HEIGHT="96">
						<TextLine ID="line_25" HPOS="253" VPOS="1011" WIDTH="682" HEIGHT="30">
							<String ID="string_200" HPOS="253" VPOS="1011" WIDTH="40" HEIGHT="21" WC="0.96" CONTENT="Till"/><SP WIDTH="18" VPOS="1011" HPOS="293"/>
							<String ID="string_201" HPOS="311" VPOS="1011" WIDTH="53" HEIGHT="27" WC="0.96" CONTENT="följd"/><SP WIDTH="19" VPOS="1011" HPOS="364"/>
							<String ID="string_202" HPOS="383" VPOS="1012" WIDTH="23" HEIGHT="20" WC="0.93" CONTENT="af"/><SP WIDTH="15" VPOS="1012" HPOS="406"/>
							<String ID="string_203" HPOS="421" VPOS="1012" WIDTH="140" HEIGHT="22" WC="0.92" CONTENT="nästberörde"/><SP WIDTH="21" VPOS="1012" HPOS="561"/>
							<String ID="string_204" HPOS="582" VPOS="1012" WIDTH="242" HEIGHT="29" WC="0.92" CONTENT="meningsskiljaktighet"/><SP WIDTH="21" VPOS="1012" HPOS="824"/>
							<String ID="string_205" HPOS="845" VPOS="1012" WIDTH="35" HEIGHT="22" WC="0.82" CONTENT="får"/><SP WIDTH="22" VPOS="1012" HPOS="880"/>
							<String ID="string_206" HPOS="902" VPOS="1015" WIDTH="33" HEIGHT="20" WC="0.92" CONTENT="ut-"/>
						</TextLine>
						<TextLine ID="line_26" HPOS="186" VPOS="1044" WIDTH="749" HEIGHT="31">
							<String ID="string_207" HPOS="186" VPOS="1045" WIDTH="79" HEIGHT="21" WC="0.92" CONTENT="skottet"/><SP WIDTH="15" VPOS="1045" HPOS="265"/>
							<String ID="string_208" HPOS="280" VPOS="1044" WIDTH="63" HEIGHT="22" WC="0.91" CONTENT="alltsä"/><SP WIDTH="14" VPOS="1044" HPOS="343"/>
							<String ID="string_209" HPOS="357" VPOS="1046" WIDTH="107" HEIGHT="21" WC="0.93" CONTENT="vördsamt"/><SP WIDTH="15" VPOS="1046" HPOS="464"/>
							<String ID="string_210" HPOS="479" VPOS="1046" WIDTH="118" HEIGHT="22" WC="0.90" CONTENT="framställa"/><SP WIDTH="15" VPOS="1046" HPOS="597"/>
							<String ID="string_211" HPOS="612" VPOS="1046" WIDTH="93" HEIGHT="28" WC="0.93" CONTENT="följande"/><SP WIDTH="12" VPOS="1046" HPOS="705"/>
							<String ID="string_212" HPOS="717" VPOS="1048" WIDTH="126" HEIGHT="21" WC="0.91" CONTENT="alternativa"/><SP WIDTH="11" VPOS="1048" HPOS="843"/>
							<String ID="string_213" HPOS="854" VPOS="1048" WIDTH="81" HEIGHT="27" WC="0.96" CONTENT="förslag"/>
						</TextLine>
						<TextLine ID="line_27" HPOS="186" VPOS="1078" WIDTH="245" HEIGHT="29">
							<String ID="string_214" HPOS="186" VPOS="1079" WIDTH="32" HEIGHT="21" WC="0.92" CONTENT="till"/><SP WIDTH="15" VPOS="1079" HPOS="218"/>
							<String ID="string_215" HPOS="233" VPOS="1078" WIDTH="162" HEIGHT="28" WC="0.95" CONTENT="ifrågavarande"/><SP WIDTH="14" VPOS="1078" HPOS="395"/>
							<String ID="string_216" HPOS="409" VPOS="1080" WIDTH="22" HEIGHT="27" WC="0.65" CONTENT="8:"/>
						</TextLine>
					</TextBlock>
					<TextBlock ID="block_3" HPOS="322" VPOS="1113" WIDTH="616" HEIGHT="238">
						<TextLine ID="line_28" HPOS="378" VPOS="1113" WIDTH="559" HEIGHT="31">
							<String ID="string_217" HPOS="378" VPOS="1113" WIDTH="37" HEIGHT="21" WC="0.92" CONTENT="Dä"/><SP WIDTH="17" VPOS="1113" HPOS="415"/>
							<String ID="string_218" HPOS="432" VPOS="1115" WIDTH="36" HEIGHT="20" WC="0.93" CONTENT="val"/><SP WIDTH="19" VPOS="1115" HPOS="468"/>
							<String ID="string_219" HPOS="487" VPOS="1115" WIDTH="104" HEIGHT="21" WC="0.89" CONTENT="anställas"/><SP WIDTH="19" VPOS="1115" HPOS="591"/>
							<String ID="string_220" HPOS="610" VPOS="1115" WIDTH="62" HEIGHT="27" WC="0.93" CONTENT="skall,"/><SP WIDTH="13" VPOS="1115" HPOS="672"/>
							<String ID="string_221" HPOS="685" VPOS="1116" WIDTH="111" HEIGHT="28" WC="0.91" CONTENT="förhälles"/><SP WIDTH="15" VPOS="1116" HPOS="796"/>
							<String ID="string_222" HPOS="811" VPOS="1116" WIDTH="77" HEIGHT="22" WC="0.92" CONTENT="dervid"/><SP WIDTH="16" VPOS="1116" HPOS="888"/>
							<String ID="string_223" HPOS="904" VPOS="1117" WIDTH="33" HEIGHT="21" WC="0.87" CONTENT="sä-"/>
						</TextLine>
						<TextLine ID="line_29" HPOS="323" VPOS="1149" WIDTH="614" HEIGHT="31">
							<String ID="string_224" HPOS="323" VPOS="1156" WIDTH="45" HEIGHT="13" WC="0.94" CONTENT="som"/><SP WIDTH="14" VPOS="1156" HPOS="368"/>
							<String ID="string_225" HPOS="382" VPOS="1149" WIDTH="37" HEIGHT="21" WC="0.93" CONTENT="vid"/><SP WIDTH="11" VPOS="1149" HPOS="419"/>
							<String ID="string_226" HPOS="430" VPOS="1150" WIDTH="105" HEIGHT="27" WC="0.90" CONTENT="prestval."/><SP WIDTH="22" VPOS="1150" HPOS="535"/>
							<String ID="string_227" HPOS="557" VPOS="1149" WIDTH="32" HEIGHT="21" WC="0.93" CONTENT="De"/><SP WIDTH="16" VPOS="1149" HPOS="589"/>
							<String ID="string_228" HPOS="605" VPOS="1150" WIDTH="79" HEIGHT="21" WC="0.91" CONTENT="härvid"/><SP WIDTH="11" VPOS="1150" HPOS="684"/>
							<String ID="string_229" HPOS="695" VPOS="1150" WIDTH="184" HEIGHT="29" WC="0.92" CONTENT="röstberättigade"/><SP WIDTH="6" VPOS="1150" HPOS="879"/>
							<String ID="string_230" HPOS="885" VPOS="1152" WIDTH="52" HEIGHT="28" WC="0.93" CONTENT="för-"/>
						</TextLine>
						<TextLine ID="line_30" HPOS="323" VPOS="1184" WIDTH="613" HEIGHT="30">
							<String ID="string_231" HPOS="323" VPOS="1184" WIDTH="264" HEIGHT="27" WC="0.92" CONTENT="samlingsmedlemmarne"/><SP WIDTH="8" VPOS="1184" HPOS="587"/>
							<String ID="string_232" HPOS="595" VPOS="1186" WIDTH="61" HEIGHT="19" WC="0.92" CONTENT="rösta"/><SP WIDTH="12" VPOS="1186" HPOS="656"/>
							<String ID="string_233" HPOS="668" VPOS="1186" WIDTH="53" HEIGHT="28" WC="0.92" CONTENT="efter"/><SP WIDTH="13" VPOS="1186" HPOS="721"/>
							<String ID="string_234" HPOS="734" VPOS="1186" WIDTH="144" HEIGHT="28" WC="0.92" CONTENT="hufvudtalet;"/><SP WIDTH="11" VPOS="1186" HPOS="878"/>
							<String ID="string_235" HPOS="889" VPOS="1193" WIDTH="47" HEIGHT="13" WC="0.96" CONTENT="men"/>
						</TextLine>
						<TextLine ID="line_31" HPOS="323" VPOS="1216" WIDTH="613" HEIGHT="30">
							<String ID="string_236" HPOS="323" VPOS="1217" WIDTH="36" HEIGHT="20" WC="0.92" CONTENT="vid"/><SP WIDTH="17" VPOS="1217" HPOS="359"/>
							<String ID="string_237" HPOS="376" VPOS="1216" WIDTH="134" HEIGHT="22" WC="0.50" CONTENT="klockareval"/><SP WIDTH="15" VPOS="1216" HPOS="510"/>
							<String ID="string_238" HPOS="525" VPOS="1218" WIDTH="55" HEIGHT="21" WC="0.93" CONTENT="skall"/><SP WIDTH="15" VPOS="1218" HPOS="580"/>
							<String ID="string_239" HPOS="595" VPOS="1218" WIDTH="157" HEIGHT="28" WC="0.92" CONTENT="kyrkoherdens"/><SP WIDTH="16" VPOS="1218" HPOS="752"/>
							<String ID="string_240" HPOS="768" VPOS="1220" WIDTH="124" HEIGHT="20" WC="0.91" CONTENT="embetsröst"/><SP WIDTH="12" VPOS="1220" HPOS="892"/>
							<String ID="string_241" HPOS="904" VPOS="1220" WIDTH="32" HEIGHT="20" WC="0.81" CONTENT="be-"/>
						</TextLine>
						<TextLine ID="line_32" HPOS="322" VPOS="1250" WIDTH="616" HEIGHT="32">
							<String ID="string_242" HPOS="322" VPOS="1250" WIDTH="81" HEIGHT="21" WC="0.95" CONTENT="räknas"/><SP WIDTH="23" VPOS="1250" HPOS="403"/>
							<String ID="string_243" HPOS="426" VPOS="1250" WIDTH="45" HEIGHT="22" WC="0.96" CONTENT="lika"/><SP WIDTH="20" VPOS="1250" HPOS="471"/>
							<String ID="string_244" HPOS="491" VPOS="1252" WIDTH="48" HEIGHT="20" WC="0.95" CONTENT="med"/><SP WIDTH="22" VPOS="1252" HPOS="539"/>
							<String ID="string_245" HPOS="561" VPOS="1252" WIDTH="83" HEIGHT="28" WC="0.96" CONTENT="hälften"/><SP WIDTH="22" VPOS="1252" HPOS="644"/>
							<String ID="string_246" HPOS="666" VPOS="1253" WIDTH="25" HEIGHT="28" WC="0.95" CONTENT="af"/><SP WIDTH="16" VPOS="1253" HPOS="691"/>
							<String ID="string_247" HPOS="707" VPOS="1253" WIDTH="24" HEIGHT="21" WC="0.93" CONTENT="de"/><SP WIDTH="22" VPOS="1253" HPOS="731"/>
							<String ID="string_248" HPOS="753" VPOS="1254" WIDTH="77" HEIGHT="26" WC="0.92" CONTENT="röster,"/><SP WIDTH="20" VPOS="1254" HPOS="830"/>
							<String ID="string_249" HPOS="850" VPOS="1261" WIDTH="44" HEIGHT="13" WC="0.96" CONTENT="som"/><SP WIDTH="19" VPOS="1261" HPOS="894"/>
							<String ID="string_250" HPOS="913" VPOS="1254" WIDTH="25" HEIGHT="28" WC="0.96" CONTENT="af"/>
						</TextLine>
						<TextLine ID="line_33" HPOS="323" VPOS="1285" WIDTH="614" HEIGHT="31">
							<String ID="string_251" HPOS="323" VPOS="1285" WIDTH="128" HEIGHT="27" WC="0.77" CONTENT="röstägarne"/><SP WIDTH="20" VPOS="1285" HPOS="451"/>
							<String ID="string_252" HPOS="471" VPOS="1286" WIDTH="36" HEIGHT="20" WC="0.96" CONTENT="vid"/><SP WIDTH="18" VPOS="1286" HPOS="507"/>
							<String ID="string_253" HPOS="525" VPOS="1286" WIDTH="58" HEIGHT="20" WC="0.93" CONTENT="valet"/><SP WIDTH="18" VPOS="1286" HPOS="583"/>
							<String ID="string_254" HPOS="601" VPOS="1286" WIDTH="86" HEIGHT="29" WC="0.89" CONTENT="afgifna"/><SP WIDTH="20" VPOS="1286" HPOS="687"/>
							<String ID="string_255" HPOS="707" VPOS="1287" WIDTH="74" HEIGHT="29" WC="0.95" CONTENT="blifvit"/><SP WIDTH="19" VPOS="1287" HPOS="781"/>
							<String ID="string_256" HPOS="800" VPOS="1288" WIDTH="38" HEIGHT="20" WC="0.93" CONTENT="och"/><SP WIDTH="18" VPOS="1288" HPOS="838"/>
							<String ID="string_257" HPOS="856" VPOS="1289" WIDTH="34" HEIGHT="19" WC="0.93" CONTENT="uti"/><SP WIDTH="14" VPOS="1289" HPOS="890"/>
							<String ID="string_258" HPOS="904" VPOS="1288" WIDTH="33" HEIGHT="21" WC="0.92" CONTENT="be-"/>
						</TextLine>
						<TextLine ID="line_34" HPOS="323" VPOS="1318" WIDTH="611" HEIGHT="33">
							<String ID="string_259" HPOS="323" VPOS="1318" WIDTH="120" HEIGHT="30" WC="0.92" CONTENT="räkningen"/><SP WIDTH="14" VPOS="1318" HPOS="443"/>
							<String ID="string_260" HPOS="457" VPOS="1320" WIDTH="53" HEIGHT="28" WC="0.92" CONTENT="ingä"/><SP WIDTH="16" VPOS="1320" HPOS="510"/>
							<String ID="string_261" HPOS="526" VPOS="1320" WIDTH="59" HEIGHT="22" WC="0.92" CONTENT="böra."/><SP WIDTH="23" VPOS="1320" HPOS="585"/>
							<String ID="string_262" HPOS="608" VPOS="1320" WIDTH="169" HEIGHT="29" WC="0.93" CONTENT="(Slutmeningen"/><SP WIDTH="11" VPOS="1320" HPOS="777"/>
							<String ID="string_263" HPOS="788" VPOS="1322" WIDTH="146" HEIGHT="29" WC="0.92" CONTENT="oförändrad.)"/>
						</TextLine>
					</TextBlock>
					<TextBlock ID="block_4" HPOS="188" VPOS="1352" WIDTH="61" HEIGHT="22">
						<TextLine ID="line_35" HPOS="188" VPOS="1352" WIDTH="61" HEIGHT="22">
							<String ID="string_264" HPOS="188" VPOS="1352" WIDTH="61" HEIGHT="22" WC="0.92" CONTENT="eller:"/>
						</TextLine>
					</TextBlock>
					<TextBlock ID="block_5" HPOS="325" VPOS="1389" WIDTH="612" HEIGHT="99">
						<TextLine ID="line_36" HPOS="380" VPOS="1389" WIDTH="557" HEIGHT="32">
							<String ID="string_265" HPOS="380" VPOS="1389" WIDTH="88" HEIGHT="28" WC="0.93" CONTENT="(Början"/><SP WIDTH="13" VPOS="1389" HPOS="468"/>
							<String ID="string_266" HPOS="481" VPOS="1390" WIDTH="52" HEIGHT="28" WC="0.96" CONTENT="lika)"/><SP WIDTH="11" VPOS="1390" HPOS="533"/>
							<String ID="string_267" HPOS="544" VPOS="1397" WIDTH="47" HEIGHT="14" WC="0.96" CONTENT="men"/><SP WIDTH="11" VPOS="1397" HPOS="591"/>
							<String ID="string_268" HPOS="602" VPOS="1391" WIDTH="37" HEIGHT="21" WC="0.93" CONTENT="vid"/><SP WIDTH="11" VPOS="1391" HPOS="639"/>
							<String ID="string_269" HPOS="650" VPOS="1390" WIDTH="137" HEIGHT="22" WC="0.91" CONTENT="klockareval"/><SP WIDTH="10" VPOS="1390" HPOS="787"/>
							<String ID="string_270" HPOS="797" VPOS="1391" WIDTH="56" HEIGHT="22" WC="0.93" CONTENT="skall"/><SP WIDTH="7" VPOS="1391" HPOS="853"/>
							<String ID="string_271" HPOS="860" VPOS="1392" WIDTH="77" HEIGHT="29" WC="0.93" CONTENT="kyrko-"/>
						</TextLine>
						<TextLine ID="line_37" HPOS="325" VPOS="1423" WIDTH="611" HEIGHT="33">
							<String ID="string_272" HPOS="325" VPOS="1423" WIDTH="88" HEIGHT="22" WC="0.92" CONTENT="herdens"/><SP WIDTH="16" VPOS="1423" HPOS="413"/>
							<String ID="string_273" HPOS="429" VPOS="1424" WIDTH="124" HEIGHT="22" WC="0.90" CONTENT="embetsröst"/><SP WIDTH="15" VPOS="1424" HPOS="553"/>
							<String ID="string_274" HPOS="568" VPOS="1425" WIDTH="105" HEIGHT="22" WC="0.92" CONTENT="beräknas"/><SP WIDTH="15" VPOS="1425" HPOS="673"/>
							<String ID="string_275" HPOS="688" VPOS="1426" WIDTH="45" HEIGHT="21" WC="0.90" CONTENT="lika"/><SP WIDTH="12" VPOS="1426" HPOS="733"/>
							<String ID="string_276" HPOS="745" VPOS="1427" WIDTH="46" HEIGHT="21" WC="0.90" CONTENT="med"/><SP WIDTH="9" VPOS="1427" HPOS="791"/>
							<String ID="string_277" HPOS="800" VPOS="1427" WIDTH="136" HEIGHT="29" WC="0.91" CONTENT="fjerdedelen"/>
						</TextLine>
						<TextLine ID="line_38" HPOS="325" VPOS="1458" WIDTH="426" HEIGHT="30">
							<String ID="string_278" HPOS="325" VPOS="1458" WIDTH="26" HEIGHT="28" WC="0.94" CONTENT="af"/><SP WIDTH="12" VPOS="1458" HPOS="351"/>
							<String ID="string_279" HPOS="363" VPOS="1458" WIDTH="25" HEIGHT="21" WC="0.93" CONTENT="de"/><SP WIDTH="11" VPOS="1458" HPOS="388"/>
							<String ID="string_280" HPOS="399" VPOS="1460" WIDTH="71" HEIGHT="20" WC="0.92" CONTENT="röster"/><SP WIDTH="17" VPOS="1460" HPOS="470"/>
							<String ID="string_281" HPOS="487" VPOS="1466" WIDTH="18" HEIGHT="14" WC="0.90" CONTENT="o."/><SP WIDTH="16" VPOS="1466" HPOS="505"/>
							<String ID="string_282" HPOS="521" VPOS="1467" WIDTH="16" HEIGHT="13" WC="0.96" CONTENT="s."/><SP WIDTH="15" VPOS="1467" HPOS="537"/>
							<String ID="string_283" HPOS="552" VPOS="1467" WIDTH="19" HEIGHT="13" WC="0.90" CONTENT="v."/><SP WIDTH="30" VPOS="1467" HPOS="571"/>
							<String ID="string_284" HPOS="601" VPOS="1460" WIDTH="78" HEIGHT="28" WC="0.90" CONTENT="(Slutet"/><SP WIDTH="13" VPOS="1460" HPOS="679"/>
							<String ID="string_285" HPOS="692" VPOS="1460" WIDTH="59" HEIGHT="28" WC="0.96" CONTENT="lika.)"/>
						</TextLine>
					</TextBlock>
				</ComposedBlock>
			</PrintSpace>
		</Page>
	</Layout>
</alto>
