3580 2279
474 306 238 41 Lag-Utskottets
732 304 118 41 förslag
870 304 46 31 till
935 303 283 41 sammanjemkning
1239 302 36 31 af
1291 302 145 31 Ståndens
1458 301 82 31 olika
1560 300 97 32 beslut
1677 300 10 31 i
1708 300 106 40 frågan
1835 310 45 22 om
1902 299 210 43 upphäfvande
2134 299 35 31 af
2187 298 164 33 dödsstraff
2367 298 48 31 för
2437 296 155 42 åtskilliga
2612 297 79 31 brott
2710 298 77 30 samt
2807 295 191 33 afskaffande
3018 295 36 31 af

1083 366 81 31 vissa
1184 365 137 31 hitintills
1343 364 176 41 begagnade
1539 364 169 32 straffarter
1728 364 53 32 och
1801 364 88 32 deras
1911 363 170 32 ersättande
2101 372 106 31 genom
2228 362 96 31 andra
2345 362 94 31 straff.

3199 378 49 22 (Pag.
3262 378 46 21 536.)

950 452 28 24 1:o
993 454 8 22 i
1015 453 57 23 hvad
1086 452 70 29 angår
1170 452 154 28 förordningen
1339 458 33 16 om
1387 451 153 22 dödsstraffets
1555 450 151 30 upphäfvande
1720 450 34 23 för
1768 450 57 23 vissa
1839 450 61 22 brott
1914 450 55 22 samt
1984 449 93 29 ändring
2092 449 25 22 af
2129 449 77 28 lagens
2220 448 137 28 stadganden
2371 448 8 22 i
2393 447 115 29 åtskilliga
2523 447 45 23 fall.

249 560 98 22 Utskottets

238 578 113 42 betänkande.
642 582 132 28 Ridderskapet
789 581 33 21 och
836 580 60 22 Adeln.
1273 573 140 37 Presteständet.
1631 573 154 37 Borgareständet,
1938 572 136 37 Bondeständet.
2561 575 98 21 Utskottets
2673 575 257 28 sammanjemkningsförslag.

226 710 66 28 181
308 716 63 15 mom.
483 708 47 22 Har
551 708 33 21 för
606 708 59 21 detta
685 709 95 19 moment
800 706 101 22 fastställt
922 706 67 22 sådan
1015 705 88 29 lydelse:
1162 704 45 22 Har
1225 704 83 28 antagit
1325 705 122 25 momentet,
1465 703 77 22 sådant
1556 698 14 38 |
1599 704 46 20 Har
1673 704 81 28 antagit
1783 704 58 21 detta|
1897 703 53 21 Lika
1968 702 48 22 med
2037 702 103 28 Borgare-
2237 701 34 22 Då
2290 701 35 23 två
2343 700 62 34 stånd
2420 700 94 34 sålunda
2532 701 131 23 fortfarande
2680 701 131 33 föreskrifvit
2829 701 118 22 dödsstraff
2963 701 61 21 äfven
3042 700 34 22 för
3094 700 40 22 den
3152 708 46 14 som
3216 700 34 22 för
3264 700 62 29 afvog

427 736 134 28 ,Dödsstraff
573 737 54 21 skall
641 736 126 22 hädanefter
782 735 108 22 ådömmas
905 736 74 20 endast
994 734 27 21 då
1035 733 70 29 någon
1113 727 14 41 |
1134 734 36 21 det
1184 733 66 22 finnes
1265 734 104 27 upptaget
1383 733 7 21 i
1409 733 40 21 den
1463 732 79 29 nådiga
1557 727 11 41 |
1570 734 94 20 moment
1679 733 64 28 enligt
1754 733 86 22 Utskot-
1850 727 11 41 |
1870 731 89 23 ståndet.
2170 731 60 22 sköld
2244 732 46 20 mot
2304 731 61 26 riket,
2380 730 106 28 inbjudas,
2502 730 53 32 med
2565 730 48 21 stöd
2628 730 24 21 af
2655 730 207 32 Riksdagsbeslutet
2877 730 40 21 den
2933 731 26 20 23
2975 730 51 21 Juni
3038 731 65 31 1786,
3118 730 89 26 Preste-,
3222 730 105 27 Borgare-

427 766 58 22 förer
500 766 62 28 afvog
577 765 61 22 sköld
653 766 56 21 emot
723 765 56 21 riket
797 764 57 27 eller,
870 764 8 22 i
895 763 79 29 uppsåt
992 764 32 21 att
1043 763 61 26 döda,
1117 759 11 39 |
1134 763 165 27 propositionen.
1570 764 41 19 tets
1626 762 139 22 betänkande.
2170 760 40 22 och
2224 759 165 23 Bondestånden
2403 760 32 21 att
2449 758 76 22 förena
2538 766 33 20 sig
2586 766 34 14 om
2634 758 155 28 Ridderskapet
2803 759 41 23 och
2858 759 79 22 Adelns
2952 758 70 22 beslut
3036 766 8 14 i
3058 760 77 20 ämnet.

427 795 95 21 föröfvar
540 794 149 28 våldsgerning
706 796 46 19 mot
769 794 111 27 Kejsaren,
898 793 142 28 Kejsarinnan
1055 792 51 22 eller
1781 796 3 4 :

428 824 62 22 deras
504 824 72 21 barn."
606 823 37 28 (M.
658 824 24 20 B.
699 825 13 19 4
726 823 50 27 kap.
793 824 10 19 1
820 823 11 27 $
848 824 10 19 1
876 822 38 21 och
930 824 12 18 2
958 822 72 27 mom.)
2258 846 4 4 .
2652 843 53 8 LON
2900 845 35 6 NN
3018 844 4 6 N
3148 844 20 5 N

276 854 46 27 48.
484 853 75 21 Denna
575 853 10 27 $
601 852 68 21 skulle
683 851 49 21 frän
746 850 240 28 författningsförslaget
1000 849 52 28 utgä
1067 849 39 21 och
1120 845 14 39 |
1134 862 28 3 —
1449 861 27 3 —
1692 861 27 3 —
1750 860 28 4 —
1990 860 28 4 —
2237 846 156 27 Ridderskapet
2408 845 43 34 och
2465 841 80 43 Adelns
2563 844 76 34 beslut
2650 852 8 13 i
2664 844 78 35 fråga
2753 851 35 15 om
2807 845 69 33 denna
2894 846 11 26 $
2925 852 24 14 är
2964 852 26 14 en
3005 844 112 28 sjelffallen
3131 844 53 29 följd
3200 844 24 22 af
3235 844 93 22 beslutet

427 882 26 21 de
471 880 94 28 följande
583 880 165 28 paragrafernas
766 887 97 14 nummer
880 880 8 20 i
906 879 92 27 enlighet
1020 878 86 22 dermed
2170 875 92 22 rörande
2278 876 10 20 1
2305 875 12 27 &
2332 875 40 21 och
2387 874 90 22 föreslås
2491 874 82 22 således
2588 873 26 22 de
2629 873 69 28 öfriga
2712 874 90 22 stånden
2816 874 33 22 till
2864 874 126 27 antagande.

427 909 86 22 ändras.

271 940 25 20 16
311 939 19 27 8.
484 938 32 22 De
537 938 8 21 i
567 938 70 21 denna
658 938 12 26 &
688 936 122 28 åberopade
829 937 33 25 12,
883 938 31 24 13,
936 937 26 20 14
980 935 40 22 och
1041 935 64 27 588
1124 931 16 37 |
1137 948 25 3 —
1194 947 29 3 —
1258 948 29 3 —
1323 947 27 3 —
1386 947 27 3 —
1449 947 28 3 —
1514 945 84 4 —|—
1635 946 26 3 —
1694 946 28 4 —
1754 946 28 3 —
1813 945 85 4 —|—
1931 945 24 3 —
1990 946 28 2 —
2050 945 28 3 —
2114 945 27 3 —
2238 932 40 22 D:o
2294 932 40 21 d:o.

339 1092 32 24 2:0
385 1093 8 22 i
407 1092 58 23 vissa
481 1092 62 22 delar
557 1092 26 22 af
595 1090 156 29 förordningen
766 1097 32 15 om
813 1090 138 22 afskaffande
966 1089 25 23 af
1003 1089 113 28 ätskilliga

274 1153 12 19 9
297 1152 24 27 8.

269 1380 25 19 10
309 1379 19 27 8.

216 1723 26 20 45
258 1722 11 27 &
285 1723 12 19 2
313 1729 62 13 mom.

215 1808 26 20 57
257 1808 11 27 $
285 1809 11 19 3
312 1814 63 14 mom.

427 966 68 22 skulle
509 966 8 21 i
531 966 54 28 följd
603 966 24 21 af
642 965 68 29 fjerde
728 964 140 29 paragrafens
886 964 142 22 hortfallande
1042 963 65 22 blifva

429 997 32 25 11,
479 996 32 26 12,
529 996 25 20 13
570 994 40 22 och
627 996 27 20 14
668 995 31 27 88.

483 1150 46 22 Har
546 1150 34 21 för
598 1150 32 21 sin
649 1149 33 21 del
700 1149 93 21 bestämt
811 1150 32 20 att
862 1148 68 22 denna
948 1149 11 27 &
974 1148 68 21 skulle
1056 1146 48 22 från

426 1178 241 28 författningsförslaget
680 1176 58 29 utgä.

483 1371 68 27 Äfven
559 1376 69 22 denna
639 1376 11 27 $
662 1375 68 21 skulle
740 1374 67 28 enligt
816 1374 154 27 Ridderskapet
978 1374 40 21 och
1025 1373 79 21 Adelns

427 1405 70 21 beslut
511 1403 57 29 utgä.
935 1418 3 2 ä

484 1721 10 20 I
511 1720 58 22 detta
583 1722 93 20 moment
690 1719 68 22 skulle
777 1718 74 22 orden:
868 1718 76 28 enligt
958 1720 13 19 4
986 1718 40 21 och
1042 1719 11 19 7
1069 1718 34 27 $$"

427 1750 86 26 utbytas
528 1751 53 19 mot:
598 1749 76 26 ,enligt
689 1750 11 19 6
716 1749 29 26 8*.

484 1806 60 21 Efter
563 1806 61 21 ordet
642 1805 115 27 ,fängelse*
776 1805 17 23 i
802 1805 58 21 detta
878 1806 92 20 moment
988 1803 67 22 skulle
1070 1811 33 13 or-

427 1835 50 21 den:
493 1835 62 26 eller
569 1834 71 22 böter"
655 1834 96 21 insättas.

1161 1146 46 22 Har
1225 1146 7 21 i
1250 1145 63 28 fråga
1328 1153 34 14 om
1377 1146 70 22 denna
1462 1147 11 27 $
1489 1146 52 28 g0d-

1132 1176 53 21 känt
1199 1175 118 21 Utskottets
1332 1175 141 21 betänkande.

1161 1373 46 21 Har
1218 1373 83 27 antagit
1313 1372 69 22 denna
1392 1373 18 27 &,
1423 1371 67 22 sädan
1501 1372 40 21 den

1133 1402 142 21 förekommer
1289 1402 7 20 i
1311 1401 41 21 den
1369 1400 80 28 nädiga
1463 1408 78 20 propo-

1133 1430 96 26 sitionen,
1244 1437 49 14 men
1307 1430 48 21 med
1370 1430 134 21 uteslutande
1519 1429 24 21 af

1134 1459 26 21 de
1168 1459 45 21 deri
1223 1458 110 28 befintliga
1345 1458 74 21 orden:
1433 1458 49 27 ,och
1493 1458 48 21 sker

1133 1488 36 20 det
1183 1488 10 20 i
1211 1488 67 28 afsigt
1297 1490 32 18 att
1344 1487 86 21 dermed
1445 1487 96 28 bedraga

1134 1516 52 21 eller
1195 1516 91 28 förleda
1301 1518 88 18 annan."

1598 1144 46 22 Har
1655 1144 64 22 fattat
1729 1145 111 21 enahanda

1570 1173 70 21 beslut
1650 1174 49 20 med
1713 1174 127 21 Ridderska-

1570 1204 37 26 pet
1621 1202 40 21 och
1675 1202 74 22 Adeln.

1597 1371 53 21 Lika
1676 1372 49 20 med
1749 1372 89 21 Ridder-

1570 1400 75 27 skapet
1660 1400 40 21 och
1715 1400 73 22 Adeln.

1896 1144 53 22 Lika
1974 1142 55 24 med
2058 1144 82 22 Preste-

1868 1172 90 22 ständet.

1130 1089 8 21 i
1152 1088 38 29 lag
1204 1088 84 22 utsatta
1303 1088 125 22 straffarter
1443 1088 40 22 och
1498 1088 64 22 deras
1577 1087 126 23 ersättande
1719 1094 75 22 genom
1808 1087 70 22 andra
1892 1088 66 21 straff
1970 1088 55 21 samt
2039 1088 57 21 huru
2109 1086 96 23 förfaras
2220 1086 58 22 skall
2292 1086 37 22 vid
2343 1086 73 22 böters
2431 1085 140 29 förvandling
2585 1086 40 22 och
2639 1085 201 29 sammanläggning
2855 1085 24 22 af
2891 1085 60 23 olika
2965 1085 66 22 straff
3042 1085 48 22 med
3104 1092 65 15 mera.

2237 1144 97 21 Emedan
2351 1143 48 21 med
2415 1143 26 21 de
2455 1143 8 21 i
2478 1144 13 20 2
2506 1142 48 28 kap.
2570 1142 25 22 af
2606 1142 70 22 denna
2690 1142 126 28 författning
2831 1142 173 22 förekommande
3018 1142 132 28 stadganden
3165 1142 56 22 afses
3236 1142 91 28 upphäf-

2170 1172 68 22 vande
2256 1172 24 22 af
2296 1172 26 22 de
2340 1172 160 26 bestämningar
2517 1171 8 21 i
2543 1171 99 27 gällande
2660 1171 42 27 lag,
2722 1171 66 27 enligt
2805 1171 72 21 hvilka
2897 1170 115 28 landsflykt
3033 1171 40 21 bör
3095 1170 115 27 ädömmas,
3229 1172 40 20 och
3292 1171 36 21 det

2170 1202 57 20 ännu
2244 1202 26 20 är
2288 1201 85 21 osäkert
2390 1200 106 22 huruvida
2514 1200 182 28 samstämmighet
2713 1200 7 21 i
2739 1198 100 23 ständens
2857 1200 70 22 beslut
2945 1200 92 21 rörande
3054 1200 217 28 kyrkolagsförslaget
3284 1200 43 21 kan

2169 1229 162 28 ävägabringas,
2350 1236 62 14 anser
2430 1229 109 21 Utskottet
2558 1229 69 21 denna
2645 1230 18 26 &,
2682 1236 46 14 som
2746 1228 45 22 står
2808 1229 8 21 i
2833 1229 120 27 fullkomlig
2975 1228 215 22 öfverensstämmelse
3207 1229 49 21 med
3275 1229 27 21 de
3320 1229 7 21 i

2169 1258 65 28 sagde
2248 1258 81 28 förslag
2343 1258 96 21 uttalade
2454 1258 138 27 grundsatser
2606 1257 93 21 rörande
2716 1257 198 27 religionsfriheten,
2933 1257 53 21 böra
3004 1256 86 28 gvarstä
3109 1258 39 20 och
3166 1257 100 27 inbjuder
3283 1257 44 22 alla

2168 1286 48 28 fyra
2230 1286 90 22 ständen
2334 1288 32 19 att
2380 1286 74 21 förena
2469 1286 33 26 sig
2517 1293 33 13 om
2564 1285 67 22 sädan
2646 1286 79 27 lydelse
2739 1286 34 20 för
2789 1286 132 21 densamma:
2937 1286 81 25 ,Faller
3032 1285 71 27 nägon
3114 1286 24 20 af
3146 1284 48 22 frän
3208 1286 41 21 den
3264 1293 62 15 evan-

1896 1371 46 21 Har
1949 1371 83 27 antagit
2040 1371 69 21 denna
2120 1372 18 26 8,

1868 1398 66 23 sådan
1946 1400 40 20 den
1998 1400 141 21 förekommer

1867 1428 8 21 i
1890 1428 40 21 den
1948 1427 80 29 nådiga
2042 1428 96 28 proposi-

1867 1457 78 21 tionen.

2168 1314 188 26 gelisk-lutherska
2372 1314 69 24 läran,
2459 1313 37 20 mä
2509 1313 47 20 den
2570 1314 97 24 affällige
2685 1314 18 25 ej
2723 1314 34 19 vid
2776 1314 91 20 :domstol
2885 1314 88 20 tilltalas
2992 1314 40 20 och
3051 1314 18 26 ej
3088 1314 66 20 heller
3176 1314 95 20 dömmas
3293 1314 33 20 till

2168 1341 64 22 straff
2244 1342 34 20 för
2292 1341 112 21 afvikande
2418 1341 87 27 mening
2519 1340 8 21 i
2539 1342 67 19 annat
2620 1340 38 21 fall
2673 1342 27 19 än
2715 1340 36 21 det
2765 1348 46 14 som
2825 1341 8 21 i
2848 1342 11 26 $
2876 1342 25 20 10
2917 1340 153 22 omförmäles.*
3091 1341 37 27 (M.
3140 1341 24 21 B.
3178 1342 9 20 1
3204 1341 48 27 kap.
3269 1343 12 19 3
3297 1342 29 27 8.)

2236 1369 31 22 På
2282 1370 26 21 de
2322 1370 35 21 vid
2372 1368 129 29 föregående
2519 1369 11 27 $
2549 1368 90 22 anförda
2658 1369 46 20 skäl
2722 1369 39 21 och
2781 1368 27 22 dä
2825 1376 78 14 ansvar
2921 1368 33 22 för
2973 1369 47 25 den,
3039 1376 47 14 som
3102 1368 28 28 pä
3148 1369 120 28 bedrägligt
3282 1371 44 19 sätt

2168 1398 36 22 vill
2217 1398 63 22 locka
2294 1398 110 22 lutherska
2418 1397 169 22 trosförvandter
2601 1399 32 19 att
2647 1397 33 20 till
2695 1404 26 14 en
2735 1397 132 21 fremmande
2881 1398 46 20 lära
2943 1396 91 28 öfvergä,
3046 1398 47 20 icke
3104 1398 65 21 borde
3180 1398 7 21 i
3198 1398 36 27 lag
3248 1398 78 21 saknas

2168 1429 55 19 samt
2238 1429 30 19 ett
2283 1426 118 28 stadgande
2415 1427 8 20 i
2437 1426 136 22 omförmäldt
2588 1426 54 28 syfte
2654 1425 78 28 jemväl
2747 1432 62 22 synes
2823 1433 52 14 vara
2889 1426 7 20 i
2913 1427 40 19 105
2972 1426 40 21 och
3028 1427 40 20 396
3087 1426 24 28 8$
3129 1426 25 22 af
3168 1426 158 28 kyrkolagsför-

2168 1456 69 28 slaget
2251 1456 108 25 förutsatt,
2374 1455 99 27 inbjudas
2489 1455 44 21 alla
2546 1454 90 22 ständen
2651 1456 32 19 att
2697 1454 74 22 förena
2785 1455 32 27 sig
2833 1462 34 14 om
2882 1454 67 22 sädan
2963 1455 80 27 lydelse
3058 1455 34 21 för
3106 1456 68 21 denna
3189 1456 22 27 $:

2236 1484 124 27 yUtsprider
2380 1483 55 22 finsk
2456 1483 141 27 medborgare
2615 1483 24 21 af
2655 1483 109 21 lutherska
2784 1483 188 22 trosbekännelsen
2993 1483 126 25 villfarande
3140 1484 97 25 lärosats,
3260 1484 65 21 varde

2168 1513 127 21 undervisad
2314 1513 40 21 och
2372 1512 113 22 förmanad
2503 1512 24 20 af
2542 1512 158 26 presterskapet
2717 1512 7 20 i
2743 1512 41 21 den
2802 1512 131 27 församling,
2953 1512 37 20 der
3007 1512 43 20 han
3068 1512 46 21 bor.'
3145 1512 65 21 Läter
3228 1513 43 20 han
3292 1512 33 28 sig

2169 1542 62 21 deraf
2247 1542 18 27 ej
2285 1543 58 20 rätta
2361 1541 40 21 och
2419 1541 49 21 sker
2485 1540 149 26 utspridandet
2652 1540 7 20 i
2677 1540 64 27 afsigt
2759 1542 32 19 att
2809 1540 87 21 dermed
2910 1540 96 27 bedraga
3020 1540 51 22 eller
3086 1540 82 22 förleda
3182 1548 77 18 annan,
3274 1541 51 21 böte

2168 1569 48 23 från
2231 1571 41 21 och
2286 1570 48 22 med
2349 1570 72 22 femtio
2436 1569 34 21 till
2485 1568 40 22 och
2539 1568 48 22 med
2601 1567 120 23 tvåhundra
2736 1568 65 22 daler.
2831 1568 44 22 Gör
2894 1568 35 22 det
2946 1568 55 22 finsk
3018 1568 120 28 undersäte,
3154 1576 45 15 som
3218 1569 18 28 ej
3252 1569 73 22 tillhör

2168 1600 96 20 luthersk
2279 1599 134 27 församling,
2425 1598 52 22 eller
2492 1597 41 22 den
2547 1604 46 15 som
2607 1598 19 28 ej
2642 1598 40 21 har
2695 1597 55 22 finsk
2763 1597 194 29 medborgarerätt;
2973 1598 86 22 straffes
3074 1597 70 24 såsom
3158 1598 7 22 i
3180 1598 76 29 Kongl.
3272 1598 52 22 kun-

2168 1628 98 28 görelsen
2281 1628 41 21 den
2337 1629 27 19 24
2378 1627 90 21 Januari
2484 1628 53 20 1781
2553 1628 68 26 säges.

2237 1656 83 22 Skedde
2334 1655 150 28 utspridandet
2499 1655 18 27 ej
2532 1655 8 21 i
2554 1654 67 22 sådan
2636 1655 65 27 afsigt
2713 1662 46 14 som
2774 1655 110 22 ofvanföre
2897 1655 64 27 sagdt
2975 1656 31 26 är,
3021 1654 35 23 mä
3071 1656 191 27 gerningsmannen
3277 1656 48 21 der-

2168 1685 46 21 före
2229 1685 46 21 icke
2290 1684 33 22 till
2338 1691 76 15 ansvar
2429 1684 113 21 dömmas.*
2572 1683 37 28 (M.
2625 1684 24 20 B.
2667 1685 9 19 1
2693 1684 48 26 kap.
2756 1685 14 19 4
2785 1684 28 27 8.)

2236 1714 42 21 Det
2292 1713 130 21 förändrade
2436 1712 75 22 citatet
2525 1713 24 19 är
2563 1719 27 14 en
2604 1712 53 28 följd
2671 1712 25 21 af
2711 1712 154 27 Ridderskapet
2883 1712 40 21 och
2937 1712 80 21 Adelns
3031 1712 71 22 beslut
3115 1712 8 21 i
3137 1711 61 29 fråga
3212 1720 35 14 om
3263 1714 11 19 1
3291 1712 11 28 &
3318 1712 8 21 i

2168 1742 152 28 förordningen
2342 1740 110 29 angäende
2474 1740 147 22 dödsstraffets
2643 1740 149 28 upphäfvande
2813 1741 41 21 och
2875 1740 90 22 föresläs
2987 1741 26 21 de
3034 1740 71 28 öfriga
3125 1740 90 22 ständen
3236 1741 33 21 till
3288 1748 37 14 an-

2167 1771 100 21 tagande.

2192 1779 13 20 5
2235 1798 34 22 Då
2288 1799 65 21 orden
2371 1799 62 26 ,eller
2451 1798 78 26 böter",
2547 1798 72 21 hvilka
2636 1798 7 21 i
2663 1798 40 22 den
2724 1797 79 29 nådiga
2824 1798 160 28 propositionen
3005 1798 137 26 förekomma,
3162 1798 75 22 endast
3255 1798 25 22 af
3295 1800 31 20 ett

2168 1828 102 28 tillfälligt
2292 1828 133 21 förbiseende
2445 1827 134 25 utelemnats,
2601 1826 100 28 inbjudas
2721 1827 90 26 Preste-,
2829 1827 105 27 Borgare-
2953 1827 39 21 och
3010 1826 164 22 Bondeständen
3192 1829 33 19 att
3243 1828 32 20 uti
3296 1834 30 14 nu

2168 1856 162 28 ifrägavarande
2344 1858 94 20 moment
2451 1857 97 26 upptaga
2563 1855 112 21 desamma.

2772 1918 133 28 Helsingfors
2920 1918 40 22 den
2977 1920 25 19 16
3018 1918 43 28 Maj
3078 1920 60 20 1867.

3574 2234 4 9 H
