1006 1686
323 101 70 22 Nådiga
405 102 135 21 Propositionen
553 102 34 17 N:o
599 102 16 16 4.
719 107 4 3 ä
789 102 30 16 149

90 164 36 22 det
141 164 71 28 dylika
229 164 115 28 yttranden
362 164 69 21 blifvit
448 163 49 22 från
514 164 150 28 Domkapitlen
682 164 89 22 insände
786 167 55 19 samt

89 206 27 14 en
130 198 91 22 särskild
240 198 62 22 skrift
319 198 7 21 i
345 200 71 19 ämnet
432 198 78 28 jemväl
525 199 116 25 inkommit,
660 199 40 20 har
718 197 23 23 ät
759 206 26 14 en
803 199 37 21 ko-

88 232 58 26 mité,
162 234 139 20 sammansatt
320 232 44 21 dels
382 232 24 21 af
418 232 138 22 medlemmar
570 232 48 21 från
634 232 40 22 den
689 232 60 22 förra
763 232 76 28 kyrko-

87 265 147 28 lagskomiten,
250 266 44 21 dels
310 266 24 21 af
346 266 66 21 andre
430 266 131 27 sakkunnige
578 273 108 20 personer,
701 267 55 20 varit
772 266 67 21 öfver-

87 300 95 21 lemnadt
200 301 32 20 att
249 302 52 25 taga
319 300 26 21 de
364 300 76 27 gjorda
458 300 194 27 anmärkningarna
669 300 8 20 i
686 300 108 27 behörigt
808 300 31 21 öf-

86 333 134 28 vervägande
236 335 39 21 och
290 334 48 21 med
352 334 86 27 ledning
456 334 24 21 af
497 334 47 21 dem
562 333 79 22 föreslä
660 334 25 22 de
700 334 117 28 ändringar
831 334 7 21 i

86 368 224 29 kyrkolagsförslaget,
326 376 46 13 som
386 369 70 21 kunde
470 368 68 22 finnas
553 369 85 27 nödiga.

154 402 41 22 Till
210 403 134 28 fullgörande
358 403 24 21 af
396 403 58 22 detta
468 403 98 28 uppdrag
581 403 40 21 har
635 403 99 22 bemälda
749 403 88 28 gransk-

85 437 141 28 ningskomit6
245 437 100 22 aflemnat
360 437 92 28 förslag
469 437 33 22 till
520 437 116 28 ändringar
654 438 8 21 i
678 437 159 28 kyrkolagsför-

86 471 85 28 slaget",
184 472 67 28 jemte
270 471 70 22 dertill
358 472 95 21 hörande
472 472 109 26 ymotiver*
600 472 40 21 och
655 472 181 26 ,reservationer*,

84 505 108 22 hvarefter
206 506 59 21 Hans
280 506 120 27 Kejserliga
414 506 100 28 Majestät
528 506 55 27 tagit
597 507 89 20 ärendet
699 506 69 21 under
779 507 57 26 pröf-

60 538 2 3 *
83 540 52 27 ning
153 541 41 21 och
211 540 49 22 låtit
277 541 98 27 uppgöra
394 541 35 21 det
447 540 98 28 ,Förslag
563 540 33 21 till
618 540 103 28 kyrkolag
742 540 35 21 för
795 541 41 21 den

84 574 240 28 evangelisk-lutherska
344 574 82 28 kyrkan
448 575 8 21 i
476 574 108 26 Finland",
606 574 79 22 hvilket
706 574 130 22 härmedelst

82 608 34 22 till
130 608 83 22 landets
228 616 30 14 nu
272 609 128 21 församlade
416 609 101 21 Ständers
535 608 107 28 lagenliga
659 609 129 27 behandling
803 609 31 21 öf-

82 644 124 32 verlemnas,
219 644 67 28 jemte
305 644 36 21 det
358 644 60 21 Hans
436 643 119 29 Kejserliga
573 643 100 29 Majestät
690 643 57 21 velat
764 643 71 23 lemna

83 678 121 22 Ständerna
218 679 34 21 del
270 678 24 22 af
310 678 54 22 bäde
380 679 36 21 det
434 678 152 29 ursprungliga
600 678 107 28 förslaget,
723 678 49 21 med
787 678 46 22 der-

81 713 33 22 till
132 714 95 21 hörande
244 714 90 21 motiver
353 714 40 21 och
412 713 154 22 ofvanberörde
584 713 24 22 af
625 713 208 28 granskningskomi-

81 748 37 22 tön
132 748 80 28 afgifna
227 747 130 27 utlåtanden,
373 748 33 22 till
423 748 72 22 hvilka
512 748 128 28 handlingar
657 748 99 21 hänvisas
775 746 58 23 såväl

80 783 8 21 i
107 783 99 21 afseende
224 782 13 22 ä
255 782 43 22 alla
316 783 26 21 de
360 782 60 22 delar
438 782 24 21 af
478 782 35 21 det
530 790 30 14 nu
582 782 119 28 framlagda
723 782 109 28 förslaget,

79 817 72 21 hvilka
172 818 9 20 i
204 817 146 22 hufvudsaken
372 817 186 21 öfverensstämmä
580 816 48 22 med
652 816 57 22 hvad
730 817 101 27 antingen

80 851 41 22 den
135 851 59 22 förra
210 851 51 21 eller
276 851 41 22 den
335 851 89 21 sednare
439 851 93 21 komiten
547 850 119 26 framställt,
682 857 46 14 som
742 851 40 20 ock
795 850 36 21 vid

79 886 25 27 88
121 887 10 20 1
148 886 40 21 och
204 887 46 24 118,
266 885 91 22 rörande
375 885 93 28 kyrkans
486 885 128 22 bekännelse
632 886 54 19 samt
704 885 24 27 $$
746 886 26 19 14
791 885 40 21 och

79 921 48 26 457,
142 919 135 23 beträffande
291 920 135 28 kyrkomötes
441 919 132 28 befogenhet,
589 919 71 21 hvilka
674 919 24 28 $$
714 921 38 19 äro
767 919 63 21 affat-

78 955 50 21 tade
143 955 53 21 efter
210 955 57 21 hvad
281 955 135 20 minoriteten
427 954 7 21 i
446 953 239 28 granskningskomitön,
700 953 29 28 pä
740 953 91 21 anförda

78 989 52 26 skäl,
147 989 115 28 föreslagit.
292 989 46 21 Och
356 991 38 19 äro
412 989 35 20 för
465 988 70 29 öfrigt,
550 990 60 19 utom
629 987 107 28 åtskilliga
753 987 76 22 redak-

77 1023 207 28 tionsförändringar
300 1024 40 21 och
354 1025 82 19 smärre
450 1023 104 26 rättelser,
569 1022 35 22 vid
622 1022 164 21 nedannämnda
804 1022 24 27 $$

76 1057 95 29 följande
186 1058 116 27 ändringar
316 1058 40 21 och
366 1058 75 27 tillägg
453 1058 24 21 af
485 1059 68 20 större
564 1057 44 27 vigt
618 1057 82 28 gjorda,
711 1057 116 26 nämligen:

145 1092 37 21 Uti
201 1093 10 27 $
229 1094 25 19 17
269 1093 41 20 har
328 1091 69 22 blifvit
414 1092 71 21 införd
500 1092 40 21 den
555 1091 23 21 af
591 1091 75 21 sakens
680 1090 148 22 beskaffenhet

76 1125 114 28 påkallade
204 1126 134 28 bestämning
354 1127 32 19 att
400 1126 124 27 kyrkomöte
534 1125 34 21 väl
579 1124 127 22 tillkommer
718 1126 32 18 att
761 1124 67 21 väcka

76 1159 62 28 fråga
153 1167 34 14 om
201 1160 121 21 inrättande
337 1160 24 20 af
373 1162 47 25 nytt
435 1160 40 21 och
493 1159 91 27 ändring
602 1158 24 21 af
642 1158 114 22 bestående
774 1158 52 25 stift,

75 1201 50 14 men
143 1195 31 20 att
192 1193 127 28 pröfningen
338 1193 40 22 och
392 1193 126 28 afgörandet
533 1193 63 21 deraf
607 1193 128 21 tillkommer
749 1192 78 27 högsta

76 1228 93 21 makten.

144 1263 38 21 Uti
196 1263 12 27 $
224 1263 32 26 53,
272 1269 46 14 som
332 1262 92 21 handlar
438 1270 34 13 om
490 1260 114 29 öfvergång
619 1260 48 23 från
682 1262 66 20 annat
762 1260 63 21 krist-

74 1297 40 28 ligt
128 1297 145 22 trossamfund
291 1296 33 21 till
342 1296 40 22 den
398 1295 238 28 evangelisk-lutherska
649 1295 89 27 kyrkan,
753 1294 71 21 äfven-

74 1337 46 15 som
135 1331 7 20 i
157 1331 11 27 $
186 1331 45 25 122,
247 1330 85 21 hvarest
351 1330 86 26 stadgas
456 1337 34 13 om
508 1329 95 21 luthersk
621 1330 69 25 prests
706 1327 119 28 skyldighet

74 1366 38 25 att,
131 1363 29 30 på
176 1364 94 26 kallelse,
288 1363 86 28 betjena
395 1363 132 21 främmande
548 1362 173 25 trosförvandter,
744 1363 25 19 är
787 1369 36 14 an-

74 1400 71 21 märkt
158 1406 35 14 om
208 1399 36 21 det
258 1397 253 29 undantagsförhållande
522 1397 134 21 beträffande
667 1395 157 29 grekisk-ryske
