1014 1692
309 109 71 23 Nädiga
391 110 137 22 Propositionen
540 111 34 17 N:o
589 113 13 15 1.
783 112 21 16 95

423 174 12 28 s
451 175 33 20 39.

148 216 49 22 Alla
218 216 82 22 utskott
321 217 59 21 skola
402 215 159 24 sammanträda
569 211 8 39 '
585 218 86 21 sednast
691 217 48 29 fyra
761 218 66 28 dagar

79 249 49 22 från
147 250 48 26 den,
214 250 27 21 då
260 251 26 21 de
304 251 70 21 blifvit
391 252 96 26 tillsatta,
506 252 40 21 och
565 248 141 25 derefter'till
727 251 100 22 ständens

79 284 64 28 plena
164 285 90 21 insända
275 286 47 20 sina
342 284 125 23 utlåtanden
489 286 39 21 och
550 286 79 27 förslag
651 286 38 21 allt
710 286 53 21 efter
782 294 46 14 som

79 319 120 21 ärenderna
213 320 65 20 hinna
292 320 116 21 utarbetas.

147 354 46 24 Har
211 354 93 22 ledamot
322 354 24 22 af
360 355 83 21 utskott
459 356 33 20 tre
510 354 86 28 gånger,
615 356 52 20 utan
688 354 50 28 laga
755 354 72 22 förfall

79 388 51 22 eller
145 388 100 22 särskildt
258 388 102 27 tillstånd,
376 388 86 23 afhållit
476 390 31 27 sig
525 388 48 22 från
590 390 113 21 utskottets
721 396 105 15 samman-

77 422 83 27 träden,
176 422 40 22 bör
233 422 77 23 sådant
328 424 95 21 anmälas
438 424 38 21 hos
491 419 158 27 vederbörande
663 423 69 27 stånd,
747 424 82 21 hvilket

79 457 49 21 med
143 457 114 29 anledning
276 458 63 21 deraf
355 465 49 21 eger
422 458 86 28 vidtaga
526 458 41 22 den
585 457 82 29 åtgärd,
686 466 46 14 som
746 458 25 22 af
783 466 43 14 om-

78 492 175 28 ständigheterna
266 491 104 29 påkallas.

421 536 11 28 8
448 538 35 20 40.
594 523 10 12 '

146 576 78 21 Finner
241 576 82 22 utskott
340 576 33 28 sig
390 576 91 22 behöfra
499 577 24 21 af
538 575 71 29 någon
627 577 130 21 embetsman
775 576 52 22 eller

78 611 25 22 af
115 610 89 22 allmänt
217 611 57 26 verk,
294 618 44 14 som
358 611 17 27 ej
395 610 45 22 står
457 612 69 21 under
544 611 129 22 Ständernas
688 611 138 28 förvaltning,

77 646 95 22 inhemta
186 646 104 28 muntliga
305 646 51 21 eller
370 646 106 28 skriftliga
490 646 159 28 upplysningar,
661 653 49 21 eger
723 642 108 26 utskottet

77 680 39 22 hos
129 680 147 22 ordföranden.
290 680 8 21 i
313 680 91 22 Senaten
418 681 89 21 utverka
522 681 47 21 dess
580 680 116 28 befallning
706 680 33 22 till
753 678 77 24 veder--

77 714 96 22 börande
188 716 31 20 att
233 714 97 22 meddela
346 715 25 21 de
386 715 79 21 äskade
479 712 185 31 upplysningarne.

421 770 11 26 8
448 770 33 20 41.

145 806 111 22 Förordna
274 806 124 27 Ständerna,
418 806 178 28 omedelbarligen
614 806 51 22 eller
683 806 54 22 efter
755 808 72 20 anmä-

76 841 37 21 lan
131 840 48 23 frän
197 841 87 26 utskott,
300 842 31 20 att
348 840 66 29 nägot
428 841 80 21 ärende
521 841 40 21 bör
576 841 24 21 af
612 840 36 22 tvä
662 841 51 21 eller
727 840 52 22 flere
793 843 33 19 ut-

76 876 65 26 skott,
156 875 108 26 förenade,
279 875 33 21 till
326 875 117 28 beredning
460 877 112 26 upptagas,
589 875 60 22 skola
663 875 61 22 dessa
737 875 90 26 utskott,

77 910 64 21 hvart
153 910 59 22 inom
226 910 42 27 sig,
287 911 47 20 utse
352 910 130 27 deputerade
499 910 33 21 till
550 910 44 21 lika
611 909 58 22 antal
687 909 48 22 frän
752 910 74 28 hvarje

77 943 69 28 ständ,
163 946 31 20 att
209 945 88 21 ärendet
310 945 122 27 handlägga
447 945 39 20 och
501 944 45 21 deri
561 944 79 28 afgifva
653 944 105 28 yttrande,
773 946 54 21 utan

77 981 32 20 att
123 979 118 22 utskottens
256 979 68 28 öfrige
339 979 117 22 ledamöter
466 979 8 20 i
484 979 98 21 ärendets
596 979 117 27 beredning
723 980 52 27 taga
786 979 39 22 del.

145 1013 42 22 För
202 1013 90 22 sålunda
306 1015 139 20 sammansatt
458 1013 82 21 utskott
554 1013 56 28 gälle
620 1013 8 21 i
640 1013 64 28 öfrigt
715 1013 111 22 enahanda

75 1047 133 22 föreskrifter
222 1055 46 14 som
282 1047 34 22 för
330 1047 82 22 utskott
425 1047 8 21 i
448 1047 121 22 allmänhet.

421 1103 12 27 8
447 1104 35 19 42.

144 1139 42 23 Vid
200 1141 97 26 votering
315 1139 8 22 i
341 1139 82 22 utskott
440 1140 78 21 räknas
532 1140 99 21 rösterna
646 1140 53 21 efter
713 1139 112 30 hufvudta-

75 1175 30 21 let
127 1175 78 21 mellan
226 1175 114 21 utskottets
358 1174 98 27 samtliga
477 1174 133 21 närvarande
628 1174 121 21 ledamöter.
782 1174 43 21 An-

77 1209 72 22 ställes
168 1209 131 28 omröstning
320 1208 48 21 med
390 1209 71 20 slutna
482 1208 76 26 sedlar,
580 1208 40 21 bör
641 1215 26 14 en
689 1208 58 22 sedel
766 1208 60 21 alltid

76 1243 101 29 afläggas,
193 1243 33 22 för
241 1245 33 20 att
288 1245 82 26 öppnas
389 1243 70 21 derest
473 1245 97 20 rösterna
585 1243 36 21 vid
639 1242 187 22 sammanräknan-

77 1279 35 21 det
133 1278 95 22 befinnas
246 1278 44 21 lika
304 1277 80 22 delade.
415 1277 41 21 Om
474 1277 132 28 proposition
624 1277 33 21 till
674 1277 71 22 beslut
759 1277 66 28 gäller

76 1313 57 21 hvad
147 1312 40 21 här
201 1312 70 21 nedan
286 1312 8 21 i
308 1311 98 22 afseende
422 1310 13 22 %
450 1311 89 21 stånden
554 1312 67 25 säges.

143 1345 109 26 Ledamot,
268 1352 46 14 som
333 1344 18 28 ej
370 1345 88 20 instämt
472 1345 8 20 i
493 1345 114 20 utskottets
621 1344 76 25 beskut,
713 1345 25 20 är
753 1344 72 21 obeta-

76 1381 35 27 get
125 1380 33 21 att
171 1378 34 22 till
218 1379 114 22 utskottets
347 1378 133 22 betänkande
495 1378 50 28 foga
556 1379 32 20 sin
599 1378 120 28 skiljaktiga
733 1378 91 27 mening,

75 1422 46 14 som
139 1414 8 22 i
165 1413 77 22 sädant
259 1413 39 22 fall
315 1413 40 22 bör
373 1412 118 29 skriftligen
509 1413 100 28 afgifvas;
626 1413 53 22 dock
693 1411 36 24 mä
742 1413 83 22 utskot-

75 1451 41 21 tets
131 1449 134 23 betänkande
280 1449 121 28 derigenom
417 1448 18 28 ej
451 1447 131 28 uppehällas.
