1700 1850
648 192 72 24 Nädiga
731 194 135 21 Propositionen
878 195 34 16 N:o
926 195 14 15 1.
1121 195 23 17 33

420 257 74 25 satser,
514 262 34 14 om
566 256 41 21 den
626 252 69 38 äfvenj
704 252 44 38 till.
756 256 146 30 ordalydelsen
920 256 93 23 afvikers
1021 256 49 23 från
1093 257 35 21 det
1146 257 24 21 af

420 290 120 28 Kejserliga
562 286 101 38 Senatens
678 286 117 38 pluralitet
816 292 114 27 godkända
951 292 86 28 förslag.
1067 292 73 27 Enligt
1156 294 10 19 1

419 331 63 14 mom.
498 324 8 20 i
520 323 140 23 förevarande
675 325 11 27 $
701 325 43 21 kan
759 326 105 27 nemligen
878 326 101 21 Finlands
995 326 123 26 Storfurste,
1133 333 35 14 om

418 358 50 21 Han
481 357 26 22 sä
520 357 35 21 för
570 358 51 28 godt
635 358 74 26 finner,
728 359 61 21 äfven
807 360 53 20 efter
875 367 26 13 en
915 360 86 21 kortare
1015 360 110 21 mellantid
1140 361 28 20 än

419 391 42 22 fem
480 391 30 27 år,
528 392 155 23 sammankalla
700 393 83 21 landets
801 394 86 21 ständer
905 394 32 21 till
955 394 89 27 lagtima
1057 394 111 27 landtdag,

418 426 70 21 under
502 426 36 22 det
551 428 33 19 att
599 426 94 29 återigen
709 427 35 21 det
759 429 24 19 är
797 428 127 21 ständernas
933 428 80 28 lagliga
1023 428 102 28 rättighet
1136 430 33 20 att

418 459 128 24 åtminstone
563 461 63 22 hvart
644 462 63 21 femte
726 460 25 23 år
767 462 170 22 sammankallas.
968 462 108 22 Utskottet
1094 462 74 22 tvekar

419 495 85 22 derföre
518 496 46 21 icke
579 497 33 20 att
626 496 87 21 förorda
728 497 129 27 antagandet
872 497 24 20 af
909 498 12 19 2
937 497 11 28 &
963 497 32 20 till
1011 497 68 21 denna
1095 497 40 21 del.

487 529 79 22 Vidare
588 529 90 23 föreslås
700 532 33 20 att
753 531 104 28 Kejsaren
879 531 40 21 och
941 531 132 22 Storfursten
1089 531 80 28 jemväl

418 563 55 22 skall
487 571 52 15 vara
553 565 121 28 berättigad
686 566 31 20 att
727 567 40 19 när
779 565 48 22 Han
838 564 24 23 så
872 566 75 27 nödigt
959 565 68 22 finner
1039 565 129 22 deremellan

418 599 155 22 sammankalla
591 599 115 22 ständerna
723 599 34 21 till
775 601 78 21 urtima
874 600 109 28 landtdag,
1005 600 79 21 hvilket
1105 601 63 27 utgör

418 635 31 21 ett
467 634 83 27 tillägg,
569 641 46 15 som
633 634 46 22 icke
697 634 67 22 finnes
783 634 7 21 i
809 635 59 21 äldre
886 634 214 28 riksdagsordningar
1114 642 54 20 upp-

409 670 74 26 taget.
516 668 109 22 Utskottet
647 676 62 15 anser
731 668 45 27 ock,
799 671 32 19 att
847 668 113 23 händelser
981 669 73 22 kunna
1074 668 94 27 inträffa,

418 705 15 19 t.
450 710 32 15 ex.
497 703 54 27 krig,
571 711 45 14 som
635 705 52 26 göra
705 704 36 21 det
758 703 35 22 för
806 704 84 21 landets
905 704 88 28 styrelse
1007 704 115 20 önskvärdt
1136 705 34 20 att

418 738 76 21 endast
512 738 154 22 sammankalla
683 738 80 22 urtima
781 738 108 28 landtdag,
912 738 33 21 för
964 740 31 20 att
1013 737 94 29 rådgöra
1128 738 40 22 och

417 772 84 22 besluta
519 780 36 14 om
572 773 56 21 vissa
646 772 25 22 af
686 773 89 21 orsaken
793 772 33 22 till
845 772 204 22 sammankallandet
1063 772 106 22 beroende

421 806 97 27 ärender,
537 807 100 22 hvarföre
652 807 103 22 utskottet
768 807 20 28 ej
803 807 67 21 heller
883 807 43 21 kan
939 809 67 19 annat
1020 808 29 20 än
1062 807 108 28 tillstyrka

418 841 104 27 förslaget
538 841 63 22 äfven
618 841 33 21 till
671 841 40 21 den
729 841 34 22 del
783 842 117 22 detsamma
921 840 105 29 påbjuder
1044 843 32 19 att
1093 842 76 21 endast

419 876 35 22 det
468 876 52 22 eller
536 875 26 22 de
577 876 96 26 ärender,
689 883 46 15 som
749 876 25 22 af
786 876 103 28 Kejsaren
904 876 32 22 till
951 876 120 22 Ständerna
1085 876 35 22 vid
1134 875 34 23 sä-

418 910 43 22 dan
482 910 80 22 urtima
582 910 104 28 landtdag
707 910 146 27 öfverlemnas,
879 911 51 21 eller
952 911 55 21 hvad
1029 910 48 22 med
1099 910 69 28 dylikt

419 945 79 21 ärende
516 952 49 20 eger
584 944 131 29 oskiljaktigt
733 946 158 27 sammanhang,
914 944 23 22 få
955 945 24 22 af
993 945 118 22 ständerna
1132 945 36 21 be-

418 980 96 21 handlas.
545 979 69 21 Jemte
633 980 35 20 det
686 980 103 21 utskottet
807 978 82 23 således
908 979 116 29 tillstyrker
1039 979 131 28 antagandet

419 1014 24 21 af
460 1015 12 19 2
491 1014 19 28 $,
528 1014 57 22 hvad
603 1014 48 21 dess
669 1013 94 23 innehåll
781 1013 72 29 angår,
873 1021 62 15 anser
951 1014 31 28 sig
996 1014 104 21 utskottet
1115 1014 54 22 dock

417 1048 55 22 böra
486 1047 80 23 föreslå
581 1055 26 15 en
622 1048 117 22 förändrad
754 1049 110 21 redaktion
877 1048 26 22 af
916 1049 127 21 densamma.

487 1083 37 21 Uti
540 1084 12 20 3
568 1083 11 27 &
595 1082 24 22 af
630 1082 79 28 nådiga
730 1083 159 28 propositionen
906 1084 41 20 har
964 1082 128 28 stadgandet
1105 1082 8 21 i
1130 1084 9 19 1
1156 1083 12 27 8

420 1118 24 22 af
458 1119 53 20 1723
532 1116 34 22 års
584 1118 172 27 Regeringsform
775 1118 72 22 derom
865 1120 32 19 att
915 1118 86 27 riksdag
1017 1118 65 27 enligt
1096 1117 73 27 regeln

419 1152 68 21 skulle
508 1151 69 22 hållas
598 1152 8 20 i
627 1152 66 21 rikets
711 1152 135 26 hufvudstad,
864 1152 70 21 blifvit
953 1150 155 29 återupptaget,
1129 1151 39 21 och

418 1186 41 22 bör
474 1186 59 22 detta
547 1185 24 22 så
586 1186 83 28 mycket
686 1193 60 14 mera
763 1186 98 22 förordas
880 1194 45 14 som
944 1186 35 22 det
997 1186 34 21 för
1045 1185 123 27 landtdags-

420 1220 129 23 ärendernas
564 1220 83 22 snabba
660 1220 57 28 gång
733 1222 25 19 är
772 1221 24 21 af
808 1221 44 28 vigt
864 1222 31 20 att
906 1220 102 28 landtdag
1019 1219 67 25 hålles
1101 1220 8 21 i
1123 1219 45 22 lan-

420 1255 46 21 dets
484 1255 136 25 hufvudstad,
638 1257 24 25 ty
680 1255 109 21 derstädes
811 1256 73 20 kunna
902 1255 26 21 de
946 1255 153 27 upplysningar
1121 1253 48 22 från

419 1288 133 22 embetsverk
570 1289 40 20 och
627 1289 154 27 myndigheter,
804 1289 71 21 hvilka
896 1289 115 22 ständerna
1033 1288 51 21 eller
1106 1287 62 22 deras

419 1323 82 21 utskott
515 1322 59 22 finna
587 1322 86 28 nödiga,
693 1322 48 21 med
759 1323 78 22 minsta
853 1323 131 27 tidsutdrägt
998 1322 80 25 vinnas,
1097 1321 71 23 äfven-

420 1364 45 14 som
488 1357 36 21 det
541 1357 7 20 i
567 1357 40 21 och
625 1357 34 21 för
679 1357 26 21 de
721 1357 154 24 meddelanden
897 1357 89 21 emellan
1007 1356 100 27 regering
1129 1355 40 23 och

420 1391 93 26 ständer,
524 1391 34 21 för
569 1391 71 21 hvilka
650 1391 108 27 personlig
768 1393 91 22 närvaro
870 1391 23 22 af
903 1391 135 28 regeringens
1052 1390 118 22 ledamöter

420 1425 131 25 förutsättes,
566 1425 61 21 torde
642 1431 53 15 vara
708 1425 75 27 nödigt
798 1427 31 19 att
845 1425 124 21 ständernas
980 1424 189 22 sammankomster

420 1459 37 21 ske
472 1458 29 28 på
516 1459 40 21 den
572 1461 39 24 ort,
627 1459 86 21 hvarest
726 1460 125 26 regeringen
865 1460 40 20 har
921 1459 36 22 sitt
972 1460 51 21 säte.

490 1493 10 20 I
519 1494 13 20 4
551 1494 11 27 &
581 1493 88 28 stadgas
687 1501 34 14 om
743 1494 58 22 tiden
818 1494 33 21 för
869 1491 211 30 landtdagskallelses
1101 1492 69 22 utfär-

422 1528 75 26 dande,
516 1528 40 21 och
576 1535 34 17 om
629 1529 64 23 sättet
711 1528 34 22 för
760 1528 47 22 dess
822 1528 145 28 kungörande.
996 1527 10 21 I
1022 1528 12 20 2
1049 1526 12 28 $
1076 1526 26 22 af
1115 1528 53 20 1723

1090 1562 10 16 3
