1014 1678
303 114 71 23 Nådiga
385 115 138 22 Propositionen
534 116 34 17 N:o
581 117 26 15 11.
776 115 32 16 529

82 177 65 23 straff
158 178 63 22 utber
236 179 33 27 sig
286 179 104 21 utskottet
408 180 32 20 att
457 177 22 24 få
497 179 56 22 fästa
570 179 116 28 höglofliga
701 178 130 21 Ständernas

83 213 189 26 uppmärksamhet
293 213 35 21 vid
349 215 76 20 tvenne
447 213 80 28 vigtiga
547 212 74 28 frågor
642 213 93 21 rörande
757 212 74 21 skade-

82 246 64 22 stånd
164 247 7 21 i
190 247 113 27 anledning:
321 247 24 21 af
361 247 59 21 brott
438 248 39 21 och
496 247 68 22 tillika
581 247 34 21 till
630 247 120 21 Ständerna
765 246 67 22 öfver-

82 281 71 21 lemna
170 281 106 21 huruvida
294 281 19 27 ej
332 281 62 21 dessa
412 281 73 28 frågor
502 281 70 22 kunde
586 281 111 21 föranleda
712 281 121 21 Ständerna

83 316 33 20 att
129 315 40 20 hos
183 314 60 21 Hans
257 315 120 27 Kejserliga
391 315 100 27 Majestät
505 315 7 21 i
527 314 169 28 underdånighet
714 315 119 21 framställa

83 347 100 23 behotvet
198 348 24 22 af
234 348 180 28 lagförklaringar
428 349 7 21 i
451 349 61 22 dessa
527 350 82 21 ämnen:

151 382 48 22 Den
213 382 68 22 första
296 382 24 22 af
333 382 61 22 dessa
408 382 79 29 frågor,
503 390 46 15 som
566 383 67 22 redan
647 383 25 21 af
683 383 151 28 Lagutskottet

83 417 36 21 vid
134 417 97 21 sednaste
246 417 104 28 landtdag
364 418 7 20 i
386 418 47 21 dess
450 418 40 21 den
506 419 25 20 17
546 417 117 22 December
679 419 54 20 1863
753 417 81 28 afgifna

83 451 135 22 betänkande
236 451 117 26 framhölls,
372 451 67 29 angår
461 451 75 29 frågan
558 459 34 14 om
614 453 118 27 ersättning
754 453 34 20 för
808 452 25 21 de

83 486 116 21 kostnader
221 486 41 22 och
283 486 82 26 besvär,
387 485 136 29 målsegande
545 487 40 21 och
606 487 80 21 vittnen
704 486 68 22 måste
790 486 44 22 vid-

84 520 82 21 kännas
181 521 7 20 i
202 519 82 23 sådana
302 520 74 28 grofva
394 520 108 27 brottmål,
520 521 8 20 i
545 521 73 21 hvilka
636 521 79 21 allmän
733 520 101 29 åklagare

83 554 60 22 förer
157 554 65 22 talan.
246 555 43 21 Det
302 555 99 21 inträffar
415 555 105 28 nemligen
535 555 18 27 ej
570 555 74 26 sällan,
656 557 32 20 att
698 554 137 29 målsegande

85 590 40 20 och
140 589 81 21 vittnen
235 588 7 22 i
256 588 103 22 brottmål
373 589 105 22 nödsakas
493 589 33 22 för
540 589 118 22 bivistande
673 590 24 21 af
709 590 125 21 ransaknin-

85 631 40 20 gar
140 624 52 27 göra
209 622 106 29 långväga
329 631 65 18 resor,
410 624 51 21 eller
475 624 118 21 försumma
607 624 33 21 sin
654 624 38 25 tid,
707 623 52 22 eller
774 623 61 28 eljest

86 657 131 21 underkasta
231 658 32 26 sig
277 657 154 28 uppoffringar,
447 660 52 18 utan
515 659 31 19 att
561 658 26 20 de
602 657 84 21 derföre
701 656 82 22 erhålla
797 657 37 21 nå-

85 693 38 26 got
141 691 135 22 skadestånd.
305 692 73 27 Enligt
397 693 12 19 5
427 692 12 27 $
460 693 25 19 17
504 692 48 27 kap.
571 692 24 20 R.
611 692 24 20 B.
654 691 39 21 bör
711 692 125 27 visserligen

87 726 47 26 den,
154 732 45 15 som
221 725 96 28 påkallat
334 728 31 20 ett
382 726 72 26 vittne,
472 726 73 21 betala
562 726 59 26 ,dess
638 726 139 21 resekostnad
795 726 40 21 och

84 760 90 27 täring*,
193 761 40 20 och
251 759 29 29 pä
298 760 69 28 grund
385 760 24 21 af
425 762 12 19 3
456 760 11 28 $
487 762 25 19 21
529 760 48 27 kap.
592 760 25 21 R.
632 760 24 21 B.
672 761 25 20 är
714 760 62 22 äfven
795 760 40 22 den

85 794 106 22 sakfällde
211 796 56 20 samt
285 794 47 27 den,
351 802 45 14 som
413 794 92 28 oskäligt
523 794 86 22 anställt
627 793 44 23 ätal
692 794 41 22 och
754 793 82 23 säledes

85 828 70 22 måste
171 836 62 14 anses
251 828 64 23 hafva
333 831 77 26 tappat
427 829 72 26 saken,
518 828 82 29 skyldig
618 830 32 20 att
672 827 22 23 ät
712 829 33 21 sin
763 829 72 21 veder-

86 863 99 22 deloman
200 862 111 29 ätergälda
325 864 38 21 allt
377 863 56 22 hvad
448 864 67 21 denne
529 863 90 27 nödgats
631 862 51 22 derä
693 863 68 22 kosta.
786 863 51 22 Men

78 897 37 22 dä
133 898 120 27 förbrytare
272 898 131 27 gemenligen
420 898 68 21 sakna
509 897 114 28 tillgångar
639 897 34 21 till
692 897 105 28 gäldande
815 897 24 22 af

86 932 73 27 dylika
174 932 149 27 ersättningar,
338 932 42 21 blir
394 931 8 21 i
417 932 62 21 dessa
493 931 38 22 fall
549 930 150 29 mälseganden
714 932 123 27 derigenom

86 965 57 22 både
164 965 50 29 sjelf
233 968 52 19 utan
307 965 117 28 ersättning
445 966 34 21 för
501 966 46 21 sina
571 965 148 28 uppoffringar
741 967 40 20 och
803 965 34 22 får

87 1003 58 19 ännu
164 1001 107 21 dessutom
288 1000 116 22 vidkännas
422 1000 119 21 kostnaden
558 1000 33 21 för
610 1000 143 27 ersättningar
770 999 23 22 ät
811 1000 26 21 de

86 1035 89 26 vittnen,
190 1034 72 22 hvilka
275 1035 45 21 han
333 1035 34 21 till
383 1034 212 28 missgerningsmäns
614 1034 173 22 öfverbevisande
801 1041 36 14 om

87 1070 64 21 deras
167 1069 137 28 brottslighet
321 1068 101 28 päkallat.
455 1068 74 22 Säsom
547 1076 26 14 en
591 1068 94 28 naturlig
703 1068 54 28 följd
775 1068 64 22 häraf

87 1104 101 22 inträffar
206 1104 35 21 det
260 1104 84 21 derföre
366 1102 64 23 ocksä
452 1104 51 25 ofta,
525 1105 32 19 att
578 1102 136 28 mälsegande
736 1104 101 26 antingen

88 1140 46 21 visa
149 1138 128 28 likgiltighet
291 1138 41 21 och
345 1138 81 22 lamhet
440 1138 8 20 i
462 1138 119 21 beifrandet
592 1137 24 22 af
624 1138 71 27 gröfre
709 1137 65 27 brott,
786 1138 51 21 eller

89 1174 40 20 ock
143 1173 45 21 helt
202 1172 40 22 och
257 1171 66 23 hållet
337 1172 128 22 öfverlemna
479 1171 66 22 åtalet
563 1171 22 22 ät
603 1179 26 14 en
649 1172 142 21 ointresserad
806 1172 31 21 of-

88 1207 75 27 fentlig
178 1206 107 28 äklagare,
301 1206 84 21 hvilken
399 1207 7 20 i
421 1205 68 22 sädan
503 1206 101 21 händelse
621 1204 55 23 läter
693 1206 33 21 till
745 1206 92 21 domsto-

88 1241 35 21 len
141 1241 81 21 inkalla
239 1239 56 22 bäde
313 1239 135 29 mälsegande
467 1240 39 21 och
524 1240 87 21 vittnen.
640 1240 49 21 Men
711 1247 46 14 som
779 1240 58 22 dom-

88 1275 70 21 stolen
176 1274 61 22 äfven
255 1274 8 20 i
277 1274 62 21 dessa
357 1274 37 21 fall
411 1274 47 22 icke
476 1274 42 21 kan
537 1273 22 21 ät
577 1272 70 29 nägon
665 1274 24 20 af
701 1274 49 21 dem
765 1275 73 21 anvisa

89 1316 71 14 annan
176 1309 117 26 ersättning
307 1309 34 20 för
359 1309 61 20 deras
439 1308 148 27 uppoffringar
606 1310 27 18 än
652 1308 40 20 den
711 1309 69 20 ovissa
797 1309 40 20 och

89 1343 66 21 oftast
169 1342 160 27 betydelselösa,
346 1348 45 14 som
405 1341 72 21 består
491 1342 8 20 i
514 1342 40 20 den
569 1341 120 26 sakfälldes,
706 1342 57 24 eller,
778 1342 8 20 i
800 1342 38 21 fall

90 1377 41 21 den
149 1376 104 22 tilltalade
271 1376 114 26 frikännes,
404 1375 133 29 angifvarens
559 1374 113 29 äliggande
693 1377 32 20 att
745 1374 24 23 ät
791 1376 47 22 dem

89 1412 82 28 utgifva
185 1411 149 27 ersättningar,
354 1409 23 23 sä
395 1410 66 22 blifva
478 1409 136 29 mälsegande
628 1410 40 22 och
682 1410 81 22 vittnen
777 1411 62 22 äfven

90 1445 29 23 dä
137 1446 132 28 gemenligen
286 1446 8 20 i
312 1445 81 22 saknad
411 1445 25 21 af
451 1444 39 22 allt
507 1443 135 28 skadeständ,
659 1444 100 22 hvarföre
777 1445 62 23 äfven

749 1486 21 16 34
