1700 1845
668 187 72 24 Nådiga
752 189 135 22 Propositionen
899 189 34 16 N:o
947 191 14 14 1.
1142 190 22 16 47

437 251 49 22 bäst
500 251 124 28 tillgodoses
638 251 24 22 af
675 258 32 19 en,
723 259 46 14 som
785 252 82 22 känner
881 251 43 22 alla
939 251 61 23 deras
1015 251 96 22 enskilda
1125 253 63 21 önsk-

437 286 78 28 ningar
532 286 41 21 och
590 285 107 27 behofver,
715 285 68 22 finnes
802 286 107 21 dessutom
926 286 53 27 icke,
997 288 24 27 ty
1039 287 26 21 de
1084 287 104 22 enskildes

436 321 106 20 intressen
556 322 38 19 äro
608 321 7 20 i
630 319 75 28 sjelfva
717 320 73 21 verket
803 320 106 21 beroende
924 320 63 21 deraf
1002 322 32 19 att
1049 321 36 21 det
1099 321 89 21 allmän-

437 361 39 14 nas
490 354 68 21 blifva
571 354 34 21 väl
623 353 100 26 vårdade,
739 355 40 20 och
793 353 77 22 sådant
885 354 48 21 sker
947 353 46 22 åter
1008 355 85 21 säkrast
1107 355 81 27 derige-

437 395 51 14 nom:
506 390 32 19 att
555 388 117 27 insigtfulle
690 388 40 21 och
747 388 8 21 i
773 388 41 21 allo
836 389 103 27 lämpliga
960 395 102 20 personer
1083 391 57 19 utses
1156 391 32 19 att

437 423 168 27 omhändertaga
621 423 35 20 det
669 421 188 29 maktpåliggande
871 423 121 27 uppdraget
1005 425 32 19 att
1051 430 77 20 genom
1142 423 44 28 lag-

436 457 124 27 stiftningen
574 457 48 20 föra
636 456 112 21 samhället
762 456 83 21 framåt.

506 492 81 19 16—22
607 491 24 27 88
651 492 38 20 äro
708 490 44 21 dels
770 491 98 21 hemtade
886 490 49 22 från
951 492 52 20 1723
1027 490 34 22 års
1079 492 107 27 riksdags-

436 525 101 27 ordning,
556 525 45 21 dels
620 525 83 27 grunda
721 524 26 22 de
765 526 32 26 sig
814 524 29 29 på
860 526 177 27 riksdagspraxis.
1070 526 116 26 Utskottet,

436 568 47 14 som:
497 567 63 14 anser
575 560 47 21 dem
641 559 18 28 ej.
677 559 92 22 behöfva
786 561 99 21 närmare
902 560 119 27 motiveras,
1040 561 40 21 har
1097 561 91 28 vidtagit

436 602 26 14 en
476 594 248 28 redaktionsförändring
739 594 24 21 af
777 596 25 20 18
817 596 18 27 $,
851 596 40 20 och
909 594 91 23 föreslår
1015 596 35 21 det
1064 596 76 28 tillägg
1153 595 34 22 till

436 631 26 19 21
479 630 18 27 $,
513 631 32 19 att
558 629 159 22 vederbörande
732 628 62 22 stånd
809 628 66 23 måtte
889 629 106 22 förklaras
1006 630 131 28 berättigadt
1148 632 38 25 att,

436 663 28 22 då
477 664 97 28 klagan
563 659 15 37 i
588 663 78 23 sådant
678 664 101 22 afseende
793 664 54 27 sker,
861 664 119 22 bestämma
994 664 98 22 arvodets
1107 665 78 27 belopp

434 698 35 22 för
483 698 171 28 landtdagsman.
683 700 42 20 Det
743 699 61 22 torde
821 706 52 14 vara
890 699 75 27 nödigt
983 700 32 20 att
1033 699 97 21 arvodets
1149 699 36 21 be-

434 733 51 27 lopp
500 734 43 20 kan
556 734 141 21 underkastas
713 734 130 27 granskning
857 733 24 21 af
894 740 70 14 annan
978 733 123 28 myndighet
1115 735 29 20 än
1159 734 26 22 de

434 768 99 27 väljande
548 767 80 29 sjelfva,
646 768 122 28 isynnerhet
786 775 34 13 om
834 768 137 21 valbarheten
989 768 119 20 utsträckes
1125 770 61 20 utom

436 802 111 26 distriktet,
563 802 108 22 äfvensom
682 802 36 22 det
728 810 61 20 synes
804 802 82 27 obilligt
900 804 32 19 att
947 802 7 20 i
969 802 26 21 de
1009 802 109 27 väljandes
1132 802 53 22 hän-

435 837 38 21 der
491 837 106 27 nedlägga
614 837 85 22 makten
717 839 33 19 att
766 838 73 26 tvinga
855 836 85 22 hvilken
957 836 94 22 ledamot
1065 836 24 21 af
1101 835 85 23 ständet

434 877 47 15 som
495 872 61 26 helst,
572 873 32 20 att
617 871 82 22 infinna
713 872 32 27 sig
759 872 35 21 vid
808 871 130 27 landtdagen
952 872 53 20 utan
1023 870 114 29 tillräcklig
1152 878 32 15 er-

432 902 102 35 sättning.
968 902 2 2 i

504 940 71 21 Under
594 941 83 20 23—29
696 941 24 27 88
739 942 38 20 äro
800 941 25 21 de
847 940 132 28 stadganden
1000 943 116 25 upptagna,
1139 947 45 14 som

433 973 57 29 angå
503 975 216 28 landtdagsmännens
734 975 151 28 legitimering,
899 975 178 22 landtmarskalks
1092 975 41 21 och
1143 975 40 21 tal-

432 1011 63 20 mäns
512 1010 132 22 tillsättande
663 1010 41 21 och
720 1009 140 28 landtdagens
879 1009 118 28 öppnande,
1012 1010 8 20 i
1033 1009 151 28 hufvudsaklig

432 1043 217 23 öfverensstämmelse
664 1044 49 21 med
728 1046 19 24 9,
765 1046 32 25 10,
814 1047 24 18 11
855 1045 40 21 och
911 1045 26 20 12
952 1045 24 26 $8
991 1044 8 21 i
1015 1046 54 19 1723
1085 1043 34 22 års
1130 1044 54 21 riks-

433 1078 144 28 dagsordning
592 1079 40 21 och
646 1079 169 28 riksdagspraxis
834 1079 53 21 efter
904 1079 60 20 1772.
994 1079 109 21 Utskottet
1121 1085 63 14 anser

432 1112 33 27 sig
483 1112 25 22 af
526 1111 68 23 sådan
616 1113 63 22 orsak
701 1113 74 21 endast
797 1113 91 22 behöfva
909 1114 99 21 närmare
1025 1113 106 27 redogöra
1149 1112 34 21 för

431 1149 77 20 tvenne
522 1147 24 21 af
559 1147 26 22 de
599 1147 8 21 i
622 1148 63 22 dessa
699 1148 24 28 $$
738 1148 88 27 intagna
840 1147 138 29 stadganden.
1001 1147 10 22 I
1023 1149 27 20 24
1065 1148 11 27 &
1092 1146 90 23 föreslås

432 1184 32 19 att
478 1182 169 21 landtmarskalk
662 1182 40 22 och
715 1182 82 22 talmän
811 1182 53 22 skall
880 1182 23 22 af
915 1182 108 22 allmänna
1033 1182 69 21 medel
1113 1182 69 27 tilläg-

432 1224 38 20 gas
485 1216 69 28 skälig
569 1217 116 27 ersättning
703 1215 34 23 för
752 1216 26 22 de
792 1217 87 27 utgifter
894 1217 26 21 de
934 1217 7 21 i
957 1217 39 21 och
1011 1216 33 22 för
1058 1216 125 23 utöfvandet

433 1251 24 21 af
472 1250 32 22 sin
522 1250 120 28 befattning
660 1251 72 21 kunna
749 1251 68 21 under
834 1251 141 27 landtdagens
993 1250 50 28 lopp
1058 1250 23 22 få
1095 1251 87 21 vidkän-

432 1292 45 14 nas.
506 1284 65 22 Utom
587 1285 35 21 det
636 1287 32 19 att
682 1285 103 27 förslaget
796 1285 78 27 jemväl
888 1286 8 20 i
911 1285 70 21 denna
996 1285 33 21 del
1044 1285 96 27 grundar
1150 1286 32 26 sig

432 1318 14 22 å
460 1319 177 27 riksdagspraxis,
655 1320 40 20 har
714 1320 41 25 det,
770 1319 56 21 hvad
844 1319 101 27 borgare-
963 1318 40 22 och
1021 1318 161 22 bondestånden

432 1352 73 28 angår,
522 1354 30 20 ett
566 1353 100 21 särskildt
685 1354 46 21 stöd
750 1353 8 21 i
776 1353 35 21 det
829 1353 121 28 föreslagna
967 1352 128 28 stadgandet
1109 1354 33 20 att
1156 1353 26 21 de

431 1387 126 25 valdistrikt,
572 1387 83 21 hvilkas
668 1387 164 27 landtdagsmän
846 1389 57 19 utses
918 1387 33 21 till
965 1386 87 26 talmän,
1063 1386 118 28 berättigas

432 1422 32 19 att
478 1421 58 26 välja
551 1420 68 21 andra
633 1421 8 20 i
656 1421 61 20 deras
733 1420 67 21 ställe.

500 1454 73 28 Enligt
591 1455 28 19 50
633 1455 12 26 8
659 1454 8 21 i
683 1456 53 19 1772
755 1453 35 22 års
808 1454 165 27 regeringsform
989 1454 40 21 bör
1044 1454 136 21 statsverkets

431 1487 96 23 tillstånd
541 1489 100 27 uppvisas
660 1487 23 23 åt
701 1489 80 21 riksens
801 1489 96 21 ständers
911 1489 87 26 utskott,
1014 1487 29 29 på
1058 1488 35 21 det
1108 1490 32 19 att
1154 1488 26 21 de

431 1522 35 23 må
480 1523 95 22 inhemta
590 1525 32 20 att
635 1524 145 27 penningarne
794 1523 69 22 blifvit
880 1523 97 22 brukade
994 1523 33 22 till
1044 1523 65 22 rikets
1124 1531 56 20 gagn
