1000 1686
301 109 70 24 Nådiga
382 111 136 22 Propositionen
531 111 34 17 N:o
577 111 16 16 4.
766 111 32 16 239

70 173 155 22 vördsammast
235 173 119 26 hemställa,
365 173 106 22 huruvida
481 173 46 22 icke
539 173 70 22 denna
619 173 120 22 institution
750 173 71 22 kunde

70 207 119 28 upphäfvas
208 207 40 22 och
266 208 7 21 i
291 207 54 28 följd
363 208 62 21 deraf
443 208 40 21 den
499 209 26 20 54
543 209 47 26 &:en
604 207 107 29 förflyttas
725 208 33 21 till
771 207 51 22 bör-

68 242 39 27 jan
122 242 24 21 af
158 241 87 22 ättonde
260 241 90 28 kapitlet
364 243 55 20 samt
434 242 38 21 der
486 241 115 28 lämpligen
616 242 161 21 omformuleras
787 242 35 21 för

70 282 27 14 en
115 275 84 28 kyrklig
217 275 131 27 förrättning
366 275 110 27 äsyftande
497 276 161 26 undervisning,
676 278 146 24 uppmuntran

70 309 41 22 och
128 309 109 22 beredelse
255 310 33 20 till
305 309 95 21 Herrans
418 309 99 21 nattvard
536 310 40 20 och
598 309 98 21 slutande
718 310 49 21 med
786 316 36 21 ge-

70 351 95 14 mensam
187 343 201 29 syndabekännelse.
425 344 131 27 Förslagsvis
578 344 70 21 kunde
671 344 46 28 &:en
739 343 23 22 få
782 344 40 21 föl-

68 378 68 28 jande
150 378 91 28 lydelse:
625 401 5 4 N

263 413 19 27 8.
312 412 51 22 Med
379 413 44 21 alla
438 413 53 26 dem,
507 420 44 13 som
566 413 26 29 af
604 412 100 22 Herrans
719 413 105 21 nattvard

208 447 55 29 vilja
281 446 111 30 delaktiga
410 448 77 26 varda,
505 447 56 21 skall
579 454 26 14 en
623 447 200 29 beredelseförrätt-

207 482 53 28 ning
283 482 80 26 hållas,
386 482 49 21 deri
459 480 58 23 Guds
541 482 72 28 heliga
635 482 51 22 ords
709 483 113 21 lärdomar

207 516 47 22 med
273 516 82 28 hänsyn
374 517 35 21 till
428 517 59 20 detta
505 516 123 22 sakrament
647 516 60 22 skola
726 517 46 21 dem
788 517 35 21 till

207 551 162 27 undervisning,
388 551 155 28 sjelfpröfning
562 551 38 20 och
623 550 56 22 tröst
696 553 10 19 i
724 555 31 16 ett
773 551 50 21 kort

209 585 31 21 tal
253 585 147 29 framställas,
421 585 38 20 och
477 585 24 21 de
520 585 72 29 sjelfve
611 586 9 20 i
642 586 81 20 allmän
746 585 78 21 bekän-

207 620 56 21 nelse
275 620 48 20 sina
336 620 76 28 synder
424 619 97 21 erkänna
532 620 39 20 och
583 620 93 28 afbedja.
698 620 39 26 De,
750 620 74 21 hvilka

207 658 129 24 gemensamt
351 652 100 23 Herrans
465 654 103 21 nattvard
585 654 58 28 begå,
659 654 61 22 skola
735 654 38 21 ock
788 662 36 21 ge-

207 692 104 17 mensamt
324 690 10 19 i
348 688 70 21 denna
432 688 219 22 nattvardsberedelse
666 688 95 30 deltaga.

146 723 55 27 Kap.
220 722 57 27 XIV,
296 723 24 27 $$
341 724 46 24 111,
407 724 40 20 112
467 723 40 21 och
529 723 48 27 kap.
597 723 46 27 XV,
662 723 25 28 $$
707 725 47 24 161,
775 725 47 20 162.

70 758 75 21 Ehuru
162 758 104 21 utskottet
283 757 48 21 sökt
350 758 31 20 att
399 757 64 22 häfva
482 757 40 22 den
540 758 126 26 uppenbara
688 758 134 27 motsägelse,

72 799 46 15 som
131 792 8 22 i
154 793 11 27 $
183 793 38 20 112
241 791 13 22 ä
272 799 41 14 ena
331 791 39 22 och
387 793 38 19 161
443 792 39 21 och
499 793 38 20 162
557 790 14 22 å
589 792 67 21 andra
674 792 62 22 sidan
754 792 8 21 i
780 792 43 22 för-

72 827 68 27 slaget
157 826 148 26 förekommer,
321 826 43 21 kan
379 826 38 27 jag
432 826 65 21 likväl
511 826 44 21 lika
568 826 47 21 litet
629 825 74 28 ätnöja
716 827 44 27 mig
775 827 49 21 med

72 861 70 22 denna
156 861 137 27 förmedling,
309 860 89 21 emedan
413 860 41 21 den
469 861 24 20 är
508 860 75 21 endast
598 860 97 27 skenbar,
711 867 46 15 som
774 861 50 21 med

72 895 75 28 sjelfva
165 895 188 27 bestämningarne
370 895 8 20 i
397 895 62 21 dessa
477 895 39 21 och
534 894 49 22 med
605 895 48 21 dem
675 895 149 22 sammanhän-

72 929 69 28 gande
156 930 25 27 $$
196 929 92 21 rörande
303 929 153 21 ordinationen
470 929 33 21 till
517 929 158 27 prestembetet,
691 929 47 22 dess
750 929 74 26 vilkor,

72 963 83 23 vitsord
169 963 40 22 och
224 963 84 28 följder.

141 997 75 22 Såsom
230 998 104 21 utskottet
348 997 7 21 i
369 997 144 22 betänkandet
530 998 34 21 till
579 997 65 28 sagde
659 999 41 20 112
715 999 12 27 &
743 999 81 25 erkänt,

72 1032 40 21 bör
131 1032 51 26 ,den
199 1033 56 27 yttre
273 1031 103 22 kallelsen
397 1032 34 21 till
452 1032 157 28 prestembetet*
632 1033 67 28 enligt
721 1032 104 21 Skriftens

73 1066 133 22 vittnesbörd
225 1067 40 20 och
284 1066 41 21 den
343 1066 110 22 lutherska
470 1067 93 28 kyrkans
580 1067 8 20 i
607 1067 47 21 dess
676 1067 149 28 grundbekän-

72 1101 59 21 nelse
139 1100 151 29 (Awgustana)
301 1101 95 27 tydligen
407 1101 96 22 uttalade
515 1101 137 27 uppfattning
664 1101 66 26 deraf,
743 1102 82 26 ,egent-

72 1135 57 28 ligen
143 1136 54 28 utgå
206 1135 57 28 från
272 1135 179 28 församlingen",
466 1135 84 21 hvilken
563 1135 79 27 jemväl
656 1134 103 28 förslaget
769 1135 8 21 i
789 1135 37 21 än-

73 1169 66 27 sagde
153 1170 12 27 $
180 1169 95 27 tydligen
291 1169 106 26 förutsatt,
413 1176 48 14 men
475 1170 8 20 i
498 1170 24 27 $$
539 1170 38 20 161
595 1169 39 21 och
647 1170 39 20 162
703 1168 46 22 åter
762 1168 65 22 totalt

73 1203 98 28 upphäft.
193 1203 50 21 Men
257 1204 114 20 utskottets
386 1203 81 27 förslag
481 1204 34 20 till
528 1203 88 21 rättelse
631 1203 24 21 af
668 1204 69 20 denna
751 1203 75 21 inkon-

74 1245 95 20 seqvens,
184 1237 24 22 så
222 1237 103 28 lydande:
341 1238 29 28 ,ej
385 1238 36 20 må
435 1238 72 28 någon
523 1238 36 20 till
572 1237 142 28 prestembete
733 1238 93 28 invigas,

73 1276 54 18 utan
143 1276 32 16 att
191 1272 42 20 han
249 1272 87 21 kallelse
353 1272 34 21 till
398 1273 120 27 presterlig
531 1272 146 28 tjenstgöring
689 1272 103 27 antingen
804 1271 25 29 af

68 1307 163 28 församlingen
253 1306 52 28 sjelf
324 1306 52 21 eller
395 1313 18 13 o.
429 1313 17 13 s.
461 1314 19 12 v.
496 1306 107 25 erhållit",
626 1306 119 26 upphäfver
767 1306 59 26 inga-

74 1341 66 20 lunda
157 1339 149 28 motsägelsen,
325 1341 51 20 enär
397 1341 32 20 1:0
451 1339 159 27 församlingen,
632 1338 56 23 både
710 1339 66 27 enligt
797 1345 30 15 nu

75 1374 100 28 gällande
197 1375 40 21 och
258 1381 29 14 nu
313 1373 120 28 föreslagne
458 1373 236 28 hbefordringsgrunder,
716 1373 45 22 lika
781 1373 48 22 litet

75 1409 52 28 äger
141 1407 71 29 nägon
230 1410 44 20 rätt
292 1410 33 20 att
342 1408 58 21 kalla
417 1408 48 22 icke
482 1408 115 21 ordinerad
615 1407 163 29 prestkandidat
795 1407 33 22 till

76 1444 151 28 tjenstgöring,
242 1451 46 15 som
303 1443 33 22 till
351 1443 107 23 ordinarie
476 1442 71 28 tjenst,
563 1442 40 22 och
622 1444 33 20 2:0
674 1449 35 15 om
727 1442 42 22 hon
788 1442 40 22 ock
