1003 1686
304 99 71 23 Nädiga
386 100 137 21 Propositionen
534 100 35 17 N:o
581 101 17 15 4:
769 102 31 15 171

216 162 39 22 och
269 162 131 29 taeksägelse
415 163 26 29 af
450 167 63 24 prest
528 163 76 26 hållas,
616 164 104 28 antingen
729 164 38 20 vid
779 164 48 20 hen-

214 204 36 14 nes
259 197 77 29 första
351 197 124 29 kyrkogäng
491 198 51 21 eller
558 197 38 21 ock
610 198 88 26 hemma,
710 198 33 28 pä
758 199 44 20 sätt
817 199 11 20 i

215 232 125 20 handboken
355 233 67 27 säges.

271 266 11 27 $
299 265 37 28 80..
365 265 50 22 Har
431 249 141 46 Jästoqvikna
594 267 51 20 eller
667 266 50 26 den,
741 266 86 21 hvilken

215 299 73 29 blifvit
310 299 82 29 häfdad
412 300 68 21 under
507 299 188 29 äktenskapslöfte,
715 300 113 29 framfödt

215 333 61 26 barn,
299 333 56 22 skall
369 333 42 30 för
434 334 71 26 henne,
525 335 102 27 antingen
644 335 10 19 i
672 333 83 30 kyrkan
775 335 51 20 eller

214 368 87 26 hemma,
318 368 69 21 sådan
402 368 41 21 bön
459 368 76 27 hållas,
555 375 44 14 som
613 369 11 20 i
638 368 126 22 handboken
779 371 47 19 sär-

214 402 67 27 skildt
290 402 150 30 föreskrifven
455 404 33 20 är.

78 437 60 23 eller:

272 473 23 28 b)
312 473 12 28 $
342 471 35 22 79.
400 471 51 22 När
465 473 82 26 hustru,
560 473 51 21 eller
616 473 147 28 fästeqvinna,
776 474 50 20 eller

201 507 55 28 den
278 515 44 14 som
345 507 71 29 blifvit
443 507 82 29 häfdad
546 508 68 21 under
638 507 188 28 äktenskapslöfte,

209 542 113 29 framfödt
344 542 60 26 barn,
427 542 56 21 skall
499 542 42 29 för
564 542 65 20 henne
652 542 41 21 bön
712 542 38 21 och
769 541 57 21 tack-

215 577 81 27 sägelse
317 577 24 28 af
350 579 63 26 prest
428 576 75 26 hållas,
520 577 104 27 antingen
638 576 36 21 vid
690 576 75 21 hennes
775 577 51 28 för-

215 614 34 17 sta
264 610 131 29 kyrkogång,
411 611 52 20 eller
478 610 37 21 ock
531 610 87 27 hemma,
630 611 32 28 på
677 612 45 19 sätt
735 612 10 19 i
759 611 68 20 hand-

214 644 67 21 boken
296 647 67 26 säges.

271 680 12 28 $
299 678 37 22 80.
366 679 161 28 (Försvinner).

147 715 12 27 $
178 715 33 20 91.
240 715 11 20 I
269 714 216 21 öfverensstämmelse
503 714 49 22 med
569 714 161 27 uttryckssättet
747 714 8 21 i
774 715 12 26 $
806 715 19 25 1,

80 747 109 28 angående
206 748 93 28 kyrkans
317 748 134 27 bekännelse,
471 751 54 20 samt
543 749 49 20 med
611 748 98 22 afseende
728 747 51 22 derå
793 750 33 20 att

79 783 126 22 villfarande
220 783 85 28 mening
324 784 46 21 icke
388 783 41 22 kan
447 783 66 22 blifva
527 782 90 23 föremål
632 783 34 21 för
680 783 146 28 anmärkning,

79 818 66 21 innan
160 818 41 21 den
215 818 70 21 blifvit
299 818 78 27 yttrad,
393 818 39 21 bör
447 819 34 26 S:n
496 817 22 22 få
532 817 94 27 följande
641 817 88 27 lydelse:
751 833 7 8 >»

273 852 80 21 Finnes
363 852 89 21 medlem
466 853 9 19 i
484 852 162 29 församlingen
660 855 59 25 yttra
733 852 93 28 mening,

216 886 86 22 hvilken
323 890 44 17 mot
389 887 40 21 den
451 886 241 29 evangelisk-lutherska
711 890 49 17 tron
776 888 51 20 stri-

210 921 74 33 dande
308 923 33 24 är,
364 921 38 21 bör
421 921 163 27 presterskapet
601 922 9 20 i
628 921 40 21 den
683 921 143 28 församling,

215 956 38 20 der
269 955 43 21 han
328 956 44 25 bor,
385 955 76 21 honom
475 956 46 20 med
537 954 97 22 saktmod
650 954 38 21 och
703 954 74 21 kärlek
789 963 39 13 un-

215 990 87 21 dervisa
317 990 38 20 och
368 996 28 14 ur
412 985 59 25 Guds
487 989 40 21 ord
538 996 33 13 om
583 989 52 20 hans
646 989 118 28 villfarelse
775 989 52 21 söka

216 1025 118 28 öfvertyga.

148 1058 12 27 8
176 1058 46 21 100.
251 1058 167 28 Uttryckssättet
439 1058 7 21 i
469 1057 67 22 första
557 1059 115 20 momentet
690 1058 24 21 af
731 1057 94 28 denna
812 1053 17 37 $

79 1090 71 23 kunde
172 1092 57 28 gifva
251 1092 114 28 anledning
382 1092 33 22 till
433 1099 26 14 en
478 1092 66 22 sådan
566 1092 102 27 tolkning,
687 1094 33 19 att
741 1091 88 22 ådömdt

80 1126 118 22 dödsstraff
208 1126 46 22 icke
269 1126 34 22 får
318 1126 129 26 verkställas,
467 1134 34 14 om
520 1126 40 21 den
579 1126 75 21 dömde
672 1126 66 22 finnes
759 1126 70 22 dertill

81 1160 99 22 oberedd.
209 1161 43 21 För
266 1161 71 21 bättre
352 1161 113 27 tydligkets
481 1160 55 22 skull
550 1160 62 21 torde
627 1160 35 21 det
676 1160 54 21 böra
744 1160 58 22 heta:

275 1194 80 29 Fånge,
375 1202 43 14 som
434 1196 35 20 till
484 1195 69 21 döden
568 1195 64 21 dömd
648 1196 27 20 är
691 1195 38 20 och
744 1196 85 28 straffet

216 1229 98 29 undergå
329 1229 62 27 skall,
411 1229 39 21 bör
465 1230 75 20 dertill
555 1229 25 29 af
588 1232 63 25 prest
666 1229 115 29 kristligen
796 1230 33 20 be-

183 1284 3 5 .
217 1264 70 20 redas.
318 1263 55 27 (Det
387 1264 69 27 öfriga
471 1263 155 28 oförändradt.)

148 1298 53 21 XIII
215 1298 48 27 kap.
291 1298 40 20 Om
345 1298 147 27 kyrkotukten.
515 1298 42 21 Vid
569 1298 156 27 granskningen
736 1298 25 22 af
771 1298 59 21 detta

80 1331 81 27 kapitel
175 1332 39 20 har
228 1332 109 23 utskottet,
351 1331 53 21 efter
414 1331 67 21 skedd
492 1332 136 26 omröstning,
641 1332 94 26 godkänt
746 1332 26 20 de
784 1331 45 22 deri

81 1366 67 27 följda
166 1366 114 27 principer,
299 1366 7 20 i
325 1366 98 21 afseende
438 1365 13 22 å
465 1366 169 21 bestämmandet
649 1365 23 21 af
685 1365 74 27 sjelfva
773 1366 57 20 tukt-

81 1400 83 23 medlen
183 1400 107 23 äfvensom
309 1400 40 22 den
367 1401 32 21 uti
417 1400 41 22 den
476 1400 119 28 Kejserliga
612 1400 160 28 propositionen
786 1400 43 22 för-

83 1435 95 22 ändrade
192 1434 172 29 uppställningen
379 1435 25 21 af
415 1435 132 26 materialet;
562 1442 54 19 men,
632 1435 8 21 i
652 1434 99 22 afseende
762 1433 13 23 å
785 1435 45 21 sär-
