1017 1698
205 124 22 16 30
414 122 72 24 Nådiga
496 122 135 23 Propositionen
642 122 34 18 N:o
690 123 15 16 1.

183 187 70 21 staten:
274 186 7 21 i
303 185 48 22 dess
376 185 98 22 normala
495 185 119 28 utveckling
637 186 40 21 och
699 185 90 22 söndrat
808 185 101 22 nationen
927 185 8 21 i

183 220 82 27 partier
273 219 112 28 fiendtliga
400 221 57 20 emot
471 219 128 27 hvarandra,
614 220 40 21 och
668 227 82 14 samma
761 219 122 22 erfarenhet
894 220 40 21 har

182 261 51 14 man
251 254 104 26 öfverallt,
373 254 87 21 hvarest
478 261 26 14 en
522 253 242 28 ständsrepresentation
783 253 87 22 funnits.
902 253 33 22 Pä

184 289 62 21 dessa
260 288 47 22 skäl
320 289 41 21 har
376 288 80 28 jemväl
473 287 271 29 ständsrepresentationen
758 288 98 22 öfverallt
873 289 4 21 i
891 289 43 21 Eu-

183 330 66 21 ropas
258 323 182 22 konstitutionella
451 325 66 20 stater
528 321 42 23 fått
580 323 48 21 vika
638 323 35 21 för
684 330 26 15 en
721 323 214 28 folkrepresentation

183 358 73 28 byggd
273 357 29 29 pä
321 357 105 22 samfälda
444 358 40 26 val,
504 358 40 21 och
562 357 34 22 för
614 358 133 21 närvarande
765 358 61 22 torde
844 358 92 22 Finland

184 394 78 27 utgöra
280 393 36 22 det
334 392 56 22 enda
406 393 52 21 land
477 393 37 21 der
533 392 70 22 denna
620 393 101 27 politiska
738 393 120 22 institution
877 395 58 20 ännu

184 428 115 22 fortlefver.
329 427 235 28 Grundlags-utskottet
574 435 62 14 anser
648 428 54 21 dock
713 428 41 21 den
765 428 31 21 tid
806 435 53 15 vara
873 428 63 22 äfven

184 463 34 22 för
232 462 91 22 Finland
337 462 107 26 förfluten,
460 461 28 22 dä
498 461 184 23 ständsskilnaden
693 463 40 22 och
744 461 192 24 ständsintressena

184 497 111 28 uppburos
310 497 24 22 af
348 497 35 21 det
397 497 108 21 allmänna
522 497 135 26 tänkesättet,
676 497 55 22 helst
751 497 35 22 det
803 497 63 22 torde
883 505 53 14 vara

185 533 31 20 ett
233 532 83 21 faktum
334 533 33 20 att
384 531 74 28 sjelfva
473 530 197 29 ständsbegreppen
683 532 8 21 i
706 532 36 21 det
756 532 108 21 allmänna
877 532 59 22 med-

184 567 101 22 vetandet
298 566 92 22 förlorat
403 567 77 20 nästan
498 566 29 21 all
545 566 109 28 betydelse
670 568 61 20 utom
745 567 49 21 med
809 567 99 21 afseende
923 565 13 23 &

185 601 203 28 representationen.
416 601 34 20 En
460 600 126 27 institution,
602 608 46 15 som
662 600 90 23 sälunda
766 601 79 22 saknar
858 601 79 22 under-

185 636 44 28 lag,
249 635 62 22 torde
332 635 46 22 icke
399 635 63 28 länge
486 636 73 21 kunna
576 635 66 22 bestå.
672 636 11 21 I
700 635 140 22 förevarande
857 635 80 29 nådiga

185 671 134 28 proposition
334 671 24 21 är
372 672 206 27 reprosentationens
593 671 121 28 fördelning
728 671 8 21 i
750 671 48 28 fyra
808 669 63 23 stånd
882 670 55 23 dock

186 705 128 27 bibehällen,
340 706 40 22 och
402 705 28 22 dä
450 706 60 22 Hans
531 705 120 29 Kejserliga
671 705 101 29 Majestät
790 705 82 22 säledes
890 705 47 22 icke

186 740 70 22 funnit
270 740 47 22 skäl
332 742 32 20 att
378 740 34 22 för
425 741 135 22 närvarande
576 742 52 27 taga
645 741 113 21 initiativet
775 740 33 22 till
823 747 26 15 en
864 747 72 21 repre-

186 775 204 26 sentationsreform,
416 773 68 24 måste
510 775 70 22 denna
604 774 72 29 frågas
701 775 85 28 lösning
810 775 82 22 lemnas
914 774 23 23 ät

186 809 121 23 framtiden.

254 845 43 21 Det
314 844 40 22 bör
372 844 54 22 dock
444 844 104 22 erkännas
567 845 32 21 att
612 843 140 23 förevarande
766 843 80 29 nädiga
859 851 78 21 propo-

187 879 70 27 sition,
276 879 68 22 ehuru
362 877 150 23 bibehållande
529 878 75 28 sjelfva
626 878 226 28 ständsinstitutionen,
875 879 63 21 söker

187 914 96 28 afhjelpa
297 914 69 21 större
380 913 62 21 delen
456 913 25 21 af
493 913 47 22 dess
558 914 112 21 anmärkta
680 913 85 22 brister.
796 913 94 23 Sålunda
904 915 34 21 ut-

188 949 52 28 göra
262 948 27 22 de
310 948 80 28 förslag
411 947 33 21 till
466 948 26 21 de
512 948 64 21 valda
594 946 100 24 ständens
712 948 131 29 utvidgning,
866 948 72 22 hvilka

186 983 70 22 finnas
270 984 110 26 upptagna
394 982 8 22 i
418 983 32 25 12,
468 984 24 19 13
508 982 41 22 och
563 984 14 19 4
591 982 31 28 $$,
643 984 30 20 ett
687 984 55 20 stort
756 983 108 28 framsteg,
879 984 8 20 i
902 983 36 21 det

188 1019 32 21 att
238 1018 123 27 derigenom
378 1017 224 27 representationsrätt
623 1017 115 28 medgifves
757 1024 26 15 en
801 1020 45 19 stor
864 1018 34 21 del
916 1018 24 21 af

187 1052 35 22 för
236 1052 133 21 närvarande
383 1051 108 21 uteslutna
505 1051 132 27 folkklasser,
655 1052 72 21 hvilka
745 1050 58 24 säväl
821 1051 29 29 pä
868 1052 70 28 grund

181 1086 70 29 deraf
263 1088 33 20 att
310 1086 27 21 de
351 1086 85 27 deltaga
454 1086 7 20 i
479 1087 80 20 statens
577 1086 108 22 allmänna
699 1082 86 57 Mantan
800 1094 47 14 som
862 1087 40 21 ock
916 1086 24 22 af

188 1120 68 22 andra
270 1120 46 22 skäl
330 1120 54 22 böra
397 1127 53 14 vara
464 1120 179 27 representerade.

256 1153 78 23 Likasä
352 1161 63 14 anser
432 1154 104 22 utskottet
556 1154 128 28 stadgandet
701 1154 8 22 i
728 1156 26 20 15
773 1133 12 50 s
804 1155 79 27 derom,
906 1156 32 21 att

188 1189 93 22 valbar
277 1190 25 21 är
316 1189 53 21 hvar
383 1189 40 22 och
438 1196 26 14 en
479 1188 32 22 till
526 1187 84 23 ståndet
624 1188 96 23 hörande
733 1189 97 27 medlem,
849 1197 46 14 som
913 1190 25 21 är

188 1224 121 27 berättigad
323 1225 33 20 att
369 1223 8 22 i
390 1223 36 22 val
440 1223 24 22 af
476 1223 81 22 elektor
572 1223 51 22 eller
637 1223 164 28 landtdagsman
811 1224 35 21 för
857 1231 81 15 samma

188 1256 64 23 ständ
270 1257 92 27 deltaga,
380 1257 44 21 han
441 1255 37 22 mä
494 1263 52 14 vara
563 1257 73 21 bosatt
652 1257 59 21 inom
730 1257 142 22 valdistriktet
887 1257 52 22 eller

188 1291 53 26 icke,
256 1292 78 27 utgöra
348 1292 31 20 ett
394 1292 54 20 stort
462 1290 102 28 framsteg
578 1291 8 20 i
600 1291 102 22 Finlands
713 1291 101 28 politiska
824 1292 114 21 institutio-

188 1333 45 20 ner,
248 1326 8 21 i
271 1325 36 22 det
321 1327 33 20 att
368 1327 30 20 ett
412 1325 50 22 slikt
476 1325 118 28 stadgande
612 1325 40 22 bör
669 1325 72 22 lemna
758 1322 84 49 garanti
856 1326 36 22 för
906 1328 32 20 att

190 1360 136 30 dugligheten
340 1360 91 22 framför
446 1359 38 23 allt
498 1360 55 22 skall
567 1360 113 28 uppsökas.

256 1395 71 22 Bland
340 1395 134 28 berättigade
488 1395 166 28 anmärkningar
664 1397 58 20 emot
731 1397 207 27 representationens

188 1430 121 27 fördelning
326 1430 8 21 i
351 1429 48 29 fyra
416 1428 64 23 stånd
497 1431 93 26 upptogs
607 1430 41 21 här
665 1430 69 27 ofvan,
758 1432 32 20 att
806 1430 132 23 förhandlin-

190 1468 66 24 garne
271 1464 122 28 'derigenom
408 1463 82 22 erhålla
504 1471 26 14 en
544 1465 49 27 trög
608 1465 40 21 och
662 1465 76 22 osäker
749 1464 63 29 gång,
827 1467 57 20 samt
894 1466 45 21 ofta
