1009 1684
207 114 34 16 486
407 111 71 23 Nådiga
489 112 137 22 Propositionen
637 111 35 17 N:o
686 112 27 16 10.

250 174 133 23 Förverkadt
403 173 99 23 vildbråd
524 174 51 22 eller
597 174 48 22 dess
666 173 67 23 värde
753 174 96 21 tillfaller
870 172 64 23 måls-

184 209 103 29 eganden,
301 211 60 20 utom
375 208 29 22 då
417 209 138 21 innehafvare
570 208 24 22 af
603 208 93 28 jagträtt
710 208 99 28 olofligen
824 207 48 21 fällt
882 207 53 22 vild-

183 243 55 23 bråd
252 244 58 22 inom
325 245 48 27 eget
390 242 93 28 område,
502 244 7 21 i
527 244 80 21 hvilket
624 242 39 22 fall
681 242 36 22 det
734 242 93 22 fördelas
844 242 91 21 likasom

184 279 96 22 böterne.

251 312 188 29 Mälseganderätt,
461 320 46 15 som
528 312 73 22 tillhör
622 312 89 27 kronan,
734 310 36 24 mä
791 311 24 23 af
833 310 103 24 vederbö-

183 348 68 22 rande
265 348 112 28 beslagare
391 348 167 28 tillgodonjutas.

252 383 42 21 Vid
312 382 109 22 bristande
439 382 90 28 tillgång
547 382 122 22 förvandlas
687 382 89 22 böterne
790 381 33 22 till
840 381 97 29 fängelse

183 418 36 21 vid
233 419 73 20 vatten
321 417 40 21 och
376 417 60 26 bröd,
452 417 65 28 enligt
533 417 78 21 allmän
625 416 42 28 lag.

531 477 11 28 s
558 478 33 20 21.

253 517 76 21 Denna
346 517 135 28 Förordning
497 517 55 21 skall
570 515 81 30 årligen
670 524 27 14 en
711 516 56 29 gång
781 517 68 21 under
863 517 75 28 loppet

186 551 25 22 af
225 549 105 24 Februari
347 550 79 23 månad
443 551 8 21 i
468 551 83 22 landets
569 551 79 28 kyrkor
669 551 34 21 för
721 551 144 22 allmänheten
882 558 55 21 upp-

186 585 57 22 läsas
257 586 41 21 och
312 585 95 22 kommer
422 587 33 20 att
468 586 59 27 tjena
541 585 33 22 till
588 585 126 22 efterlefnad
729 585 47 21 från
789 585 40 22 den
845 602 4 5 .
866 601 70 6 ....

187 619 27 22 då
229 620 43 21 alla
287 620 96 21 ditintills
398 620 99 28 gällande
511 619 78 28 påbud,
605 620 92 22 rörande
709 619 48 29 jagt
772 620 40 21 och
831 619 106 29 djurfång,

186 655 33 21 till
233 654 58 21 kraft
306 654 40 21 och
361 655 79 21 verkan
454 655 104 27 upphöra.
588 655 42 21 Det
648 662 25 14 en
691 655 60 26 hvår,
767 662 45 15 som
827 655 110 26 vederbör,

187 689 33 21 till
233 687 133 29 underdånig
381 689 141 21 efterrättelse
536 689 81 22 länder.

255 723 11 21 I
283 723 101 22 händelse
401 723 25 22 E.
442 724 26 21 K.
483 723 39 21 M:t
539 723 8 22 i
565 722 72 23 Näder
654 723 68 21 finner
741 723 52 27 godt
807 723 131 22 Ständernas

188 757 139 22 omförmälde
345 757 156 28 framställning
518 757 81 26 bifalla,
618 757 82 22 täcktes
718 757 25 21 E.
762 757 26 22 K.
807 757 39 22 M:t
864 757 44 22 låta
929 758 9 21 i

189 791 216 22 öfverensstämmelse
423 791 88 22 härmed
528 792 89 21 utfärda
635 791 78 22 allmän
731 791 126 28 författning
871 792 8 21 i
894 793 44 20 äm-

187 827 38 20 net
239 825 40 22 och
293 826 8 21 i
318 825 72 22 Nåder
407 826 118 22 bestämma
544 826 41 22 den
601 826 100 28 tidpunkt
718 825 57 23 ifrån
792 826 84 22 hvilken
894 826 44 22 för-

188 860 119 28 fattningen
322 860 55 22 skall
391 860 63 22 träda
468 860 8 21 i
489 860 64 22 kraft.

488 914 89 20 Finlands
589 914 80 20 Ständer
680 914 109 21 framhärda
801 914 36 20 ete.

257 972 140 28 Helsingfors,
412 972 41 22 den
468 974 27 21 28
509 973 44 28 Maj
570 974 60 20 1867.
