<?xml version="1.0" encoding="UTF-8"?>
<alto xmlns="http://www.loc.gov/standards/alto/ns-v3#" xmlns:xlink="http://www.w3.org/1999/xlink" xmlns:xsi="http://www.w3.org/2001/XMLSchema-instance" xsi:schemaLocation="http://www.loc.gov/standards/alto/ns-v3# http://www.loc.gov/alto/v3/alto-3-0.xsd">
	<Description>
		<MeasurementUnit>pixel</MeasurementUnit>
		<sourceImageInformation>
			<fileName>/tmp/tess_0aqpzzac_input.PNG</fileName>
		</sourceImageInformation>
		<OCRProcessing ID="OCR_0">
			<ocrProcessingStep>
				<processingSoftware>
					<softwareName>tesseract 5.3.4</softwareName>
				</processingSoftware>
			</ocrProcessingStep>
		</OCRProcessing>
	</Description>
	<Layout>
		<Page WIDTH="998" HEIGHT="1692" PHYSICAL_IMG_NR="0" ID="page_0">
			<PrintSpace HPOS="0" VPOS="0" WIDTH="998" HEIGHT="1692">
				<ComposedBlock ID="cblock_0" HPOS="204" VPOS="105" WIDTH="503" HEIGHT="25">
					<TextBlock ID="block_0" HPOS="204" VPOS="105" WIDTH="503" HEIGHT="25">
						<TextLine ID="line_0" HPOS="204" VPOS="105" WIDTH="503" HEIGHT="25">
							<String ID="string_0" HPOS="204" VPOS="106" WIDTH="32" HEIGHT="24" WC="0.96" CONTENT="302"/><SP WIDTH="171" VPOS="106" HPOS="236"/>
							<String ID="string_1" HPOS="407" VPOS="105" WIDTH="72" HEIGHT="25" WC="0.91" CONTENT="Nådiga"/><SP WIDTH="15" VPOS="105" HPOS="479"/>
							<String ID="string_2" HPOS="494" VPOS="106" WIDTH="137" HEIGHT="22" WC="0.96" CONTENT="Propositionen"/><SP WIDTH="13" VPOS="106" HPOS="631"/>
							<String ID="string_3" HPOS="644" VPOS="107" WIDTH="34" HEIGHT="17" WC="0.96" CONTENT="N:o"/><SP WIDTH="13" VPOS="107" HPOS="678"/>
							<String ID="string_4" HPOS="691" VPOS="108" WIDTH="16" HEIGHT="15" WC="0.96" CONTENT="5."/>
						</TextLine>
					</TextBlock>
				</ComposedBlock>
				<ComposedBlock ID="cblock_1" HPOS="181" VPOS="170" WIDTH="753" HEIGHT="670">
					<TextBlock ID="block_1" HPOS="181" VPOS="170" WIDTH="753" HEIGHT="670">
						<TextLine ID="line_1" HPOS="210" VPOS="170" WIDTH="700" HEIGHT="27">
							<String ID="string_5" HPOS="210" VPOS="186" WIDTH="2" HEIGHT="2" WC="0.77" CONTENT="."/><SP WIDTH="86" VPOS="186" HPOS="212"/>
							<String ID="string_6" HPOS="298" VPOS="186" WIDTH="24" HEIGHT="8" WC="0.38" CONTENT="mu"/><SP WIDTH="208" VPOS="186" HPOS="322"/>
							<String ID="string_7" HPOS="530" VPOS="170" WIDTH="11" HEIGHT="27" WC="0.73" CONTENT="g"/><SP WIDTH="17" VPOS="170" HPOS="541"/>
							<String ID="string_8" HPOS="558" VPOS="171" WIDTH="33" HEIGHT="20" WC="0.90" CONTENT="12."/><SP WIDTH="317" VPOS="171" HPOS="591"/>
							<String ID="string_9" HPOS="908" VPOS="188" WIDTH="2" HEIGHT="6" WC="0.19" CONTENT=";"/>
						</TextLine>
						<TextLine ID="line_2" HPOS="184" VPOS="220" WIDTH="749" HEIGHT="30">
							<String ID="string_10" HPOS="184" VPOS="224" WIDTH="34" HEIGHT="26" WC="0.41" CONTENT="0"/><SP WIDTH="31" VPOS="224" HPOS="218"/>
							<String ID="string_11" HPOS="249" VPOS="220" WIDTH="175" HEIGHT="28" WC="0.92" CONTENT="Presterskapets"/><SP WIDTH="14" VPOS="220" HPOS="424"/>
							<String ID="string_12" HPOS="438" VPOS="220" WIDTH="61" HEIGHT="22" WC="0.96" CONTENT="löner"/><SP WIDTH="15" VPOS="220" HPOS="499"/>
							<String ID="string_13" HPOS="514" VPOS="220" WIDTH="106" HEIGHT="22" WC="0.96" CONTENT="beräknas"/><SP WIDTH="15" VPOS="220" HPOS="620"/>
							<String ID="string_14" HPOS="635" VPOS="221" WIDTH="8" HEIGHT="20" WC="0.93" CONTENT="i"/><SP WIDTH="15" VPOS="221" HPOS="643"/>
							<String ID="string_15" HPOS="658" VPOS="216" WIDTH="115" HEIGHT="38" WC="0.92" CONTENT="allmänhet"/><SP WIDTH="15" VPOS="216" HPOS="773"/>
							<String ID="string_16" HPOS="788" VPOS="222" WIDTH="145" HEIGHT="25" WC="0.92" CONTENT="hufvudsakli-"/>
						</TextLine>
						<TextLine ID="line_3" HPOS="182" VPOS="253" WIDTH="749" HEIGHT="30">
							<String ID="string_17" HPOS="182" VPOS="258" WIDTH="41" HEIGHT="24" WC="0.96" CONTENT="gen"/><SP WIDTH="15" VPOS="258" HPOS="223"/>
							<String ID="string_18" HPOS="238" VPOS="254" WIDTH="10" HEIGHT="21" WC="0.93" CONTENT="i"/><SP WIDTH="19" VPOS="254" HPOS="248"/>
							<String ID="string_19" HPOS="267" VPOS="253" WIDTH="97" HEIGHT="29" WC="0.77" CONTENT="spanmä]"/><SP WIDTH="19" VPOS="253" HPOS="364"/>
							<String ID="string_20" HPOS="383" VPOS="255" WIDTH="40" HEIGHT="21" WC="0.96" CONTENT="och"/><SP WIDTH="17" VPOS="255" HPOS="423"/>
							<String ID="string_21" HPOS="440" VPOS="254" WIDTH="34" HEIGHT="22" WC="0.96" CONTENT="till"/><SP WIDTH="19" VPOS="254" HPOS="474"/>
							<String ID="string_22" HPOS="493" VPOS="262" WIDTH="27" HEIGHT="14" WC="0.92" CONTENT="en"/><SP WIDTH="18" VPOS="262" HPOS="520"/>
							<String ID="string_23" HPOS="538" VPOS="255" WIDTH="83" HEIGHT="21" WC="0.92" CONTENT="mindre"/><SP WIDTH="19" VPOS="255" HPOS="621"/>
							<String ID="string_24" HPOS="640" VPOS="254" WIDTH="60" HEIGHT="22" WC="0.55" CONTENT="del&#39;i&#39;"/><SP WIDTH="17" VPOS="254" HPOS="700"/>
							<String ID="string_25" HPOS="717" VPOS="255" WIDTH="125" HEIGHT="28" WC="0.93" CONTENT="penningar,"/><SP WIDTH="16" VPOS="255" HPOS="842"/>
							<String ID="string_26" HPOS="858" VPOS="256" WIDTH="73" HEIGHT="22" WC="0.93" CONTENT="dervid"/>
						</TextLine>
						<TextLine ID="line_4" HPOS="181" VPOS="289" WIDTH="750" HEIGHT="28">
							<String ID="string_27" HPOS="181" VPOS="289" WIDTH="170" HEIGHT="28" WC="0.92" CONTENT="penningeafgift"/><SP WIDTH="14" VPOS="289" HPOS="351"/>
							<String ID="string_28" HPOS="365" VPOS="289" WIDTH="123" HEIGHT="28" WC="0.92" CONTENT="isynnerhet"/><SP WIDTH="14" VPOS="289" HPOS="488"/>
							<String ID="string_29" HPOS="502" VPOS="289" WIDTH="128" HEIGHT="22" WC="0.92" CONTENT="bestämmes"/><SP WIDTH="14" VPOS="289" HPOS="630"/>
							<String ID="string_30" HPOS="644" VPOS="289" WIDTH="34" HEIGHT="22" WC="0.96" CONTENT="för"/><SP WIDTH="16" VPOS="289" HPOS="678"/>
							<String ID="string_31" HPOS="694" VPOS="289" WIDTH="53" HEIGHT="27" WC="0.96" CONTENT="dem,"/><SP WIDTH="13" VPOS="289" HPOS="747"/>
							<String ID="string_32" HPOS="760" VPOS="297" WIDTH="44" HEIGHT="14" WC="0.93" CONTENT="som"/><SP WIDTH="11" VPOS="297" HPOS="804"/>
							<String ID="string_33" HPOS="815" VPOS="291" WIDTH="47" HEIGHT="21" WC="0.91" CONTENT="icke"/><SP WIDTH="10" VPOS="291" HPOS="862"/>
							<String ID="string_34" HPOS="872" VPOS="291" WIDTH="59" HEIGHT="22" WC="0.93" CONTENT="inne-"/>
						</TextLine>
						<TextLine ID="line_5" HPOS="181" VPOS="323" WIDTH="751" HEIGHT="29">
							<String ID="string_35" HPOS="181" VPOS="323" WIDTH="65" HEIGHT="22" WC="0.91" CONTENT="hafva"/><SP WIDTH="11" VPOS="323" HPOS="246"/>
							<String ID="string_36" HPOS="257" VPOS="323" WIDTH="58" HEIGHT="28" WC="0.95" CONTENT="jord."/><SP WIDTH="29" VPOS="323" HPOS="315"/>
							<String ID="string_37" HPOS="344" VPOS="324" WIDTH="30" HEIGHT="21" WC="0.93" CONTENT="Af"/><SP WIDTH="13" VPOS="324" HPOS="374"/>
							<String ID="string_38" HPOS="387" VPOS="324" WIDTH="71" HEIGHT="21" WC="0.93" CONTENT="lokala"/><SP WIDTH="12" VPOS="324" HPOS="458"/>
							<String ID="string_39" HPOS="470" VPOS="324" WIDTH="181" HEIGHT="28" WC="0.96" CONTENT="omständigheter"/><SP WIDTH="14" VPOS="324" HPOS="651"/>
							<String ID="string_40" HPOS="665" VPOS="323" WIDTH="35" HEIGHT="23" WC="0.93" CONTENT="mä"/><SP WIDTH="14" VPOS="323" HPOS="700"/>
							<String ID="string_41" HPOS="714" VPOS="324" WIDTH="52" HEIGHT="22" WC="0.91" CONTENT="bero"/><SP WIDTH="15" VPOS="324" HPOS="766"/>
							<String ID="string_42" HPOS="781" VPOS="325" WIDTH="106" HEIGHT="22" WC="0.93" CONTENT="huruvida"/><SP WIDTH="14" VPOS="325" HPOS="887"/>
							<String ID="string_43" HPOS="901" VPOS="325" WIDTH="31" HEIGHT="22" WC="0.92" CONTENT="af-"/>
						</TextLine>
						<TextLine ID="line_6" HPOS="181" VPOS="357" WIDTH="753" HEIGHT="30">
							<String ID="string_44" HPOS="181" VPOS="357" WIDTH="100" HEIGHT="29" WC="0.92" CONTENT="löningen"/><SP WIDTH="22" VPOS="357" HPOS="281"/>
							<String ID="string_45" HPOS="303" VPOS="358" WIDTH="54" HEIGHT="22" WC="0.93" CONTENT="skall"/><SP WIDTH="21" VPOS="358" HPOS="357"/>
							<String ID="string_46" HPOS="378" VPOS="357" WIDTH="53" HEIGHT="29" WC="0.92" CONTENT="utgä"/><SP WIDTH="19" VPOS="357" HPOS="431"/>
							<String ID="string_47" HPOS="450" VPOS="359" WIDTH="80" HEIGHT="28" WC="0.91" CONTENT="jemväl"/><SP WIDTH="18" VPOS="359" HPOS="530"/>
							<String ID="string_48" HPOS="548" VPOS="359" WIDTH="8" HEIGHT="21" WC="0.96" CONTENT="i"/><SP WIDTH="19" VPOS="359" HPOS="556"/>
							<String ID="string_49" HPOS="575" VPOS="359" WIDTH="68" HEIGHT="22" WC="0.93" CONTENT="andra"/><SP WIDTH="16" VPOS="359" HPOS="643"/>
							<String ID="string_50" HPOS="659" VPOS="359" WIDTH="111" HEIGHT="28" WC="0.92" CONTENT="persedlar"/><SP WIDTH="15" VPOS="359" HPOS="770"/>
							<String ID="string_51" HPOS="785" VPOS="361" WIDTH="27" HEIGHT="20" WC="0.93" CONTENT="än"/><SP WIDTH="15" VPOS="361" HPOS="812"/>
							<String ID="string_52" HPOS="827" VPOS="359" WIDTH="107" HEIGHT="28" WC="0.90" CONTENT="spanmäl,"/>
						</TextLine>
						<TextLine ID="line_7" HPOS="181" VPOS="392" WIDTH="749" HEIGHT="31">
							<String ID="string_53" HPOS="181" VPOS="392" WIDTH="71" HEIGHT="23" WC="0.96" CONTENT="såsom"/><SP WIDTH="19" VPOS="392" HPOS="252"/>
							<String ID="string_54" HPOS="271" VPOS="394" WIDTH="62" HEIGHT="25" WC="0.96" CONTENT="smör,"/><SP WIDTH="19" VPOS="394" HPOS="333"/>
							<String ID="string_55" HPOS="352" VPOS="393" WIDTH="40" HEIGHT="21" WC="0.95" CONTENT="fisk"/><SP WIDTH="18" VPOS="393" HPOS="392"/>
							<String ID="string_56" HPOS="410" VPOS="393" WIDTH="40" HEIGHT="22" WC="0.97" CONTENT="och"/><SP WIDTH="18" VPOS="393" HPOS="450"/>
							<String ID="string_57" HPOS="468" VPOS="392" WIDTH="24" HEIGHT="23" WC="0.95" CONTENT="sä"/><SP WIDTH="18" VPOS="392" HPOS="492"/>
							<String ID="string_58" HPOS="510" VPOS="393" WIDTH="82" HEIGHT="27" WC="0.96" CONTENT="vidare;"/><SP WIDTH="23" VPOS="393" HPOS="592"/>
							<String ID="string_59" HPOS="615" VPOS="393" WIDTH="27" HEIGHT="22" WC="0.93" CONTENT="de"/><SP WIDTH="17" VPOS="393" HPOS="642"/>
							<String ID="string_60" HPOS="659" VPOS="394" WIDTH="113" HEIGHT="21" WC="0.96" CONTENT="betalande"/><SP WIDTH="19" VPOS="394" HPOS="772"/>
							<String ID="string_61" HPOS="791" VPOS="394" WIDTH="54" HEIGHT="22" WC="0.95" CONTENT="dock"/><SP WIDTH="18" VPOS="394" HPOS="845"/>
							<String ID="string_62" HPOS="863" VPOS="395" WIDTH="67" HEIGHT="28" WC="0.95" CONTENT="öppet"/>
						</TextLine>
						<TextLine ID="line_8" HPOS="181" VPOS="427" WIDTH="752" HEIGHT="30">
							<String ID="string_63" HPOS="181" VPOS="427" WIDTH="96" HEIGHT="23" WC="0.92" CONTENT="lemnadt"/><SP WIDTH="22" VPOS="427" HPOS="277"/>
							<String ID="string_64" HPOS="299" VPOS="429" WIDTH="32" HEIGHT="20" WC="0.96" CONTENT="att"/><SP WIDTH="20" VPOS="429" HPOS="331"/>
							<String ID="string_65" HPOS="351" VPOS="428" WIDTH="47" HEIGHT="21" WC="0.92" CONTENT="lösa"/><SP WIDTH="21" VPOS="428" HPOS="398"/>
							<String ID="string_66" HPOS="419" VPOS="428" WIDTH="138" HEIGHT="27" WC="0.92" CONTENT="persedlarne"/><SP WIDTH="22" VPOS="428" HPOS="557"/>
							<String ID="string_67" HPOS="579" VPOS="428" WIDTH="53" HEIGHT="21" WC="0.96" CONTENT="efter"/><SP WIDTH="23" VPOS="428" HPOS="632"/>
							<String ID="string_68" HPOS="655" VPOS="429" WIDTH="36" HEIGHT="20" WC="0.96" CONTENT="det"/><SP WIDTH="20" VPOS="429" HPOS="691"/>
							<String ID="string_69" HPOS="711" VPOS="428" WIDTH="35" HEIGHT="23" WC="0.93" CONTENT="för"/><SP WIDTH="22" VPOS="428" HPOS="746"/>
							<String ID="string_70" HPOS="768" VPOS="427" WIDTH="47" HEIGHT="23" WC="0.92" CONTENT="äret"/><SP WIDTH="18" VPOS="427" HPOS="815"/>
							<String ID="string_71" HPOS="833" VPOS="429" WIDTH="100" HEIGHT="28" WC="0.96" CONTENT="gällande"/>
						</TextLine>
						<TextLine ID="line_9" HPOS="182" VPOS="457" WIDTH="751" HEIGHT="36">
							<String ID="string_72" HPOS="182" VPOS="457" WIDTH="262" HEIGHT="36" WC="0.88" CONTENT="medelmarkegängspris,"/><SP WIDTH="24" VPOS="457" HPOS="444"/>
							<String ID="string_73" HPOS="468" VPOS="463" WIDTH="71" HEIGHT="21" WC="0.92" CONTENT="derest"/><SP WIDTH="21" VPOS="463" HPOS="539"/>
							<String ID="string_74" HPOS="560" VPOS="463" WIDTH="52" HEIGHT="26" WC="0.92" CONTENT="icke,"/><SP WIDTH="23" VPOS="463" HPOS="612"/>
							<String ID="string_75" HPOS="635" VPOS="463" WIDTH="35" HEIGHT="21" WC="0.93" CONTENT="vid"/><SP WIDTH="21" VPOS="463" HPOS="670"/>
							<String ID="string_76" HPOS="691" VPOS="463" WIDTH="166" HEIGHT="28" WC="0.88" CONTENT="lönereglerings"/><SP WIDTH="12" VPOS="463" HPOS="857"/>
							<String ID="string_77" HPOS="869" VPOS="471" WIDTH="64" HEIGHT="22" WC="0.90" CONTENT="upp-"/>
						</TextLine>
						<TextLine ID="line_10" HPOS="183" VPOS="496" WIDTH="750" HEIGHT="30">
							<String ID="string_78" HPOS="183" VPOS="496" WIDTH="100" HEIGHT="29" WC="0.91" CONTENT="görande,"/><SP WIDTH="16" VPOS="496" HPOS="283"/>
							<String ID="string_79" HPOS="299" VPOS="500" WIDTH="34" HEIGHT="18" WC="0.95" CONTENT="om"/><SP WIDTH="15" VPOS="500" HPOS="333"/>
							<String ID="string_80" HPOS="348" VPOS="505" WIDTH="26" HEIGHT="14" WC="0.96" CONTENT="en"/><SP WIDTH="15" VPOS="505" HPOS="374"/>
							<String ID="string_81" HPOS="389" VPOS="497" WIDTH="51" HEIGHT="22" WC="0.96" CONTENT="eller"/><SP WIDTH="16" VPOS="497" HPOS="440"/>
							<String ID="string_82" HPOS="456" VPOS="504" WIDTH="70" HEIGHT="15" WC="0.94" CONTENT="annan"/><SP WIDTH="15" VPOS="504" HPOS="526"/>
							<String ID="string_83" HPOS="541" VPOS="497" WIDTH="76" HEIGHT="22" WC="0.93" CONTENT="artikel"/><SP WIDTH="17" VPOS="497" HPOS="617"/>
							<String ID="string_84" HPOS="634" VPOS="497" WIDTH="69" HEIGHT="22" WC="0.95" CONTENT="blifvit"/><SP WIDTH="18" VPOS="497" HPOS="703"/>
							<String ID="string_85" HPOS="721" VPOS="498" WIDTH="142" HEIGHT="28" WC="0.93" CONTENT="uttryckligen"/><SP WIDTH="14" VPOS="498" HPOS="863"/>
							<String ID="string_86" HPOS="877" VPOS="498" WIDTH="56" HEIGHT="22" WC="0.92" CONTENT="före-"/>
						</TextLine>
						<TextLine ID="line_11" HPOS="183" VPOS="531" WIDTH="750" HEIGHT="24">
							<String ID="string_87" HPOS="183" VPOS="532" WIDTH="87" HEIGHT="21" WC="0.93" CONTENT="skritvet"/><SP WIDTH="17" VPOS="532" HPOS="270"/>
							<String ID="string_88" HPOS="287" VPOS="533" WIDTH="33" HEIGHT="20" WC="0.93" CONTENT="att"/><SP WIDTH="19" VPOS="533" HPOS="320"/>
							<String ID="string_89" HPOS="339" VPOS="531" WIDTH="123" HEIGHT="22" WC="0.92" CONTENT="densamma"/><SP WIDTH="18" VPOS="531" HPOS="462"/>
							<String ID="string_90" HPOS="480" VPOS="532" WIDTH="61" HEIGHT="22" WC="0.96" CONTENT="alltid"/><SP WIDTH="18" VPOS="532" HPOS="541"/>
							<String ID="string_91" HPOS="559" VPOS="532" WIDTH="40" HEIGHT="21" WC="0.96" CONTENT="bör"/><SP WIDTH="18" VPOS="532" HPOS="599"/>
							<String ID="string_92" HPOS="617" VPOS="532" WIDTH="23" HEIGHT="21" WC="0.95" CONTENT="in"/><SP WIDTH="18" VPOS="532" HPOS="640"/>
							<String ID="string_93" HPOS="658" VPOS="534" WIDTH="79" HEIGHT="20" WC="0.93" CONTENT="natura"/><SP WIDTH="18" VPOS="534" HPOS="737"/>
							<String ID="string_94" HPOS="755" VPOS="532" WIDTH="108" HEIGHT="22" WC="0.91" CONTENT="aflemnas."/><SP WIDTH="29" VPOS="532" HPOS="863"/>
							<String ID="string_95" HPOS="892" VPOS="533" WIDTH="41" HEIGHT="22" WC="0.89" CONTENT="Er-"/>
						</TextLine>
						<TextLine ID="line_12" HPOS="182" VPOS="565" WIDTH="751" HEIGHT="30">
							<String ID="string_96" HPOS="182" VPOS="566" WIDTH="75" HEIGHT="29" WC="0.96" CONTENT="läggas"/><SP WIDTH="18" VPOS="566" HPOS="257"/>
							<String ID="string_97" HPOS="275" VPOS="567" WIDTH="25" HEIGHT="21" WC="0.88" CONTENT="de"/><SP WIDTH="15" VPOS="567" HPOS="300"/>
							<String ID="string_98" HPOS="315" VPOS="567" WIDTH="7" HEIGHT="20" WC="0.93" CONTENT="i"/><SP WIDTH="15" VPOS="567" HPOS="322"/>
							<String ID="string_99" HPOS="337" VPOS="565" WIDTH="98" HEIGHT="29" WC="0.90" CONTENT="spanmål"/><SP WIDTH="14" VPOS="565" HPOS="435"/>
							<String ID="string_100" HPOS="449" VPOS="567" WIDTH="112" HEIGHT="21" WC="0.93" CONTENT="bestämda"/><SP WIDTH="15" VPOS="567" HPOS="561"/>
							<String ID="string_101" HPOS="576" VPOS="567" WIDTH="115" HEIGHT="27" WC="0.91" CONTENT="afgifterna"/><SP WIDTH="14" VPOS="567" HPOS="691"/>
							<String ID="string_102" HPOS="705" VPOS="567" WIDTH="33" HEIGHT="21" WC="0.93" CONTENT="till"/><SP WIDTH="14" VPOS="567" HPOS="738"/>
							<String ID="string_103" HPOS="752" VPOS="568" WIDTH="160" HEIGHT="27" WC="0.93" CONTENT="presterskapet"/><SP WIDTH="13" VPOS="568" HPOS="912"/>
							<String ID="string_104" HPOS="925" VPOS="568" WIDTH="8" HEIGHT="21" WC="0.96" CONTENT="i"/>
						</TextLine>
						<TextLine ID="line_13" HPOS="182" VPOS="600" WIDTH="751" HEIGHT="32">
							<String ID="string_105" HPOS="182" VPOS="602" WIDTH="119" HEIGHT="27" WC="0.91" CONTENT="penningar"/><SP WIDTH="15" VPOS="602" HPOS="301"/>
							<String ID="string_106" HPOS="316" VPOS="601" WIDTH="53" HEIGHT="22" WC="0.93" CONTENT="efter"/><SP WIDTH="15" VPOS="601" HPOS="369"/>
							<String ID="string_107" HPOS="384" VPOS="600" WIDTH="56" HEIGHT="23" WC="0.92" CONTENT="ärets"/><SP WIDTH="15" VPOS="600" HPOS="440"/>
							<String ID="string_108" HPOS="455" VPOS="600" WIDTH="261" HEIGHT="32" WC="0.92" CONTENT="medelmarkegängspris,"/><SP WIDTH="16" VPOS="600" HPOS="716"/>
							<String ID="string_109" HPOS="732" VPOS="601" WIDTH="83" HEIGHT="22" WC="0.93" CONTENT="betalas"/><SP WIDTH="15" VPOS="601" HPOS="815"/>
							<String ID="string_110" HPOS="830" VPOS="601" WIDTH="103" HEIGHT="29" WC="0.92" CONTENT="derjemte"/>
						</TextLine>
						<TextLine ID="line_14" HPOS="183" VPOS="635" WIDTH="749" HEIGHT="29">
							<String ID="string_111" HPOS="183" VPOS="635" WIDTH="69" HEIGHT="22" WC="0.93" CONTENT="forlön"/><SP WIDTH="19" VPOS="635" HPOS="252"/>
							<String ID="string_112" HPOS="271" VPOS="636" WIDTH="66" HEIGHT="27" WC="0.96" CONTENT="enligt"/><SP WIDTH="18" VPOS="636" HPOS="337"/>
							<String ID="string_113" HPOS="355" VPOS="635" WIDTH="99" HEIGHT="28" WC="0.92" CONTENT="gällande:"/><SP WIDTH="18" VPOS="635" HPOS="454"/>
							<String ID="string_114" HPOS="472" VPOS="635" WIDTH="159" HEIGHT="29" WC="0.88" CONTENT="författningar."/><SP WIDTH="29" VPOS="635" HPOS="631"/>
							<String ID="string_115" HPOS="660" VPOS="635" WIDTH="34" HEIGHT="22" WC="0.92" CONTENT="Dä"/><SP WIDTH="17" VPOS="635" HPOS="694"/>
							<String ID="string_116" HPOS="711" VPOS="637" WIDTH="103" HEIGHT="21" WC="0.91" CONTENT="missväxt"/><SP WIDTH="14" VPOS="637" HPOS="814"/>
							<String ID="string_117" HPOS="828" VPOS="637" WIDTH="52" HEIGHT="21" WC="0.93" CONTENT="eller"/><SP WIDTH="15" VPOS="637" HPOS="880"/>
							<String ID="string_118" HPOS="895" VPOS="644" WIDTH="37" HEIGHT="14" WC="0.92" CONTENT="an-"/>
						</TextLine>
						<TextLine ID="line_15" HPOS="182" VPOS="670" WIDTH="748" HEIGHT="29">
							<String ID="string_119" HPOS="182" VPOS="672" WIDTH="38" HEIGHT="20" WC="0.96" CONTENT="nat"/><SP WIDTH="19" VPOS="672" HPOS="220"/>
							<String ID="string_120" HPOS="239" VPOS="670" WIDTH="110" HEIGHT="29" WC="0.84" CONTENT="olycksfall"/><SP WIDTH="17" VPOS="670" HPOS="349"/>
							<String ID="string_121" HPOS="366" VPOS="671" WIDTH="115" HEIGHT="28" WC="0.93" CONTENT="bevisligen"/><SP WIDTH="20" VPOS="671" HPOS="481"/>
							<String ID="string_122" HPOS="501" VPOS="671" WIDTH="91" HEIGHT="22" WC="0.80" CONTENT="&#39;drabbat"/><SP WIDTH="19" VPOS="671" HPOS="592"/>
							<String ID="string_123" HPOS="611" VPOS="673" WIDTH="31" HEIGHT="20" WC="0.96" CONTENT="ett"/><SP WIDTH="17" VPOS="673" HPOS="642"/>
							<String ID="string_124" HPOS="659" VPOS="671" WIDTH="45" HEIGHT="21" WC="0.96" CONTENT="helt"/><SP WIDTH="17" VPOS="671" HPOS="704"/>
							<String ID="string_125" HPOS="721" VPOS="671" WIDTH="111" HEIGHT="28" WC="0.93" CONTENT="landskap,"/><SP WIDTH="23" VPOS="671" HPOS="832"/>
							<String ID="string_126" HPOS="855" VPOS="672" WIDTH="75" HEIGHT="26" WC="0.95" CONTENT="härad,"/>
						</TextLine>
						<TextLine ID="line_16" HPOS="183" VPOS="705" WIDTH="749" HEIGHT="29">
							<String ID="string_127" HPOS="183" VPOS="705" WIDTH="84" HEIGHT="24" WC="0.74" CONTENT="socken,"/><SP WIDTH="14" VPOS="705" HPOS="267"/>
							<String ID="string_128" HPOS="281" VPOS="705" WIDTH="78" HEIGHT="28" WC="0.96" CONTENT="byalag"/><SP WIDTH="14" VPOS="705" HPOS="359"/>
							<String ID="string_129" HPOS="373" VPOS="705" WIDTH="53" HEIGHT="22" WC="0.96" CONTENT="eller"/><SP WIDTH="14" VPOS="705" HPOS="426"/>
							<String ID="string_130" HPOS="440" VPOS="705" WIDTH="77" HEIGHT="22" WC="0.93" CONTENT="enskilt"/><SP WIDTH="10" VPOS="705" HPOS="517"/>
							<String ID="string_131" HPOS="527" VPOS="706" WIDTH="105" HEIGHT="26" WC="0.96" CONTENT="hemman,"/><SP WIDTH="11" VPOS="706" HPOS="632"/>
							<String ID="string_132" HPOS="643" VPOS="713" WIDTH="58" HEIGHT="19" WC="0.96" CONTENT="vare,"/><SP WIDTH="12" VPOS="713" HPOS="701"/>
							<String ID="string_133" HPOS="713" VPOS="705" WIDTH="90" HEIGHT="22" WC="0.91" CONTENT="såframt"/><SP WIDTH="10" VPOS="705" HPOS="803"/>
							<String ID="string_134" HPOS="813" VPOS="706" WIDTH="119" HEIGHT="28" WC="0.92" CONTENT="löngifvare"/>
						</TextLine>
						<TextLine ID="line_17" HPOS="183" VPOS="740" WIDTH="750" HEIGHT="29">
							<String ID="string_135" HPOS="183" VPOS="740" WIDTH="52" HEIGHT="21" WC="0.93" CONTENT="eller"/><SP WIDTH="17" VPOS="740" HPOS="235"/>
							<String ID="string_136" HPOS="252" VPOS="740" WIDTH="110" HEIGHT="27" WC="0.83" CONTENT="löntagar6"/><SP WIDTH="20" VPOS="740" HPOS="362"/>
							<String ID="string_137" HPOS="382" VPOS="740" WIDTH="35" HEIGHT="21" WC="0.93" CONTENT="det"/><SP WIDTH="17" VPOS="740" HPOS="417"/>
							<String ID="string_138" HPOS="434" VPOS="740" WIDTH="71" HEIGHT="28" WC="0.96" CONTENT="yrkar,"/><SP WIDTH="19" VPOS="740" HPOS="505"/>
							<String ID="string_139" HPOS="524" VPOS="740" WIDTH="41" HEIGHT="21" WC="0.93" CONTENT="den"/><SP WIDTH="17" VPOS="740" HPOS="565"/>
							<String ID="string_140" HPOS="582" VPOS="740" WIDTH="59" HEIGHT="21" WC="0.93" CONTENT="förre"/><SP WIDTH="17" VPOS="740" HPOS="641"/>
							<String ID="string_141" HPOS="658" VPOS="740" WIDTH="119" HEIGHT="27" WC="0.92" CONTENT="förpliktad"/><SP WIDTH="19" VPOS="740" HPOS="777"/>
							<String ID="string_142" HPOS="796" VPOS="742" WIDTH="31" HEIGHT="20" WC="0.93" CONTENT="att"/><SP WIDTH="18" VPOS="742" HPOS="827"/>
							<String ID="string_143" HPOS="845" VPOS="741" WIDTH="88" HEIGHT="28" WC="0.96" CONTENT="erlägga"/>
						</TextLine>
						<TextLine ID="line_18" HPOS="183" VPOS="774" WIDTH="749" HEIGHT="29">
							<String ID="string_144" HPOS="183" VPOS="775" WIDTH="40" HEIGHT="21" WC="0.96" CONTENT="och"/><SP WIDTH="16" VPOS="775" HPOS="223"/>
							<String ID="string_145" HPOS="239" VPOS="775" WIDTH="40" HEIGHT="21" WC="0.93" CONTENT="den"/><SP WIDTH="15" VPOS="775" HPOS="279"/>
							<String ID="string_146" HPOS="294" VPOS="774" WIDTH="90" HEIGHT="22" WC="0.89" CONTENT="sednäre"/><SP WIDTH="18" VPOS="774" HPOS="384"/>
							<String ID="string_147" HPOS="402" VPOS="775" WIDTH="83" HEIGHT="28" WC="0.91" CONTENT="skyldig"/><SP WIDTH="18" VPOS="775" HPOS="485"/>
							<String ID="string_148" HPOS="503" VPOS="776" WIDTH="32" HEIGHT="20" WC="0.93" CONTENT="att"/><SP WIDTH="18" VPOS="776" HPOS="535"/>
							<String ID="string_149" HPOS="553" VPOS="776" WIDTH="109" HEIGHT="26" WC="0.92" CONTENT="emottaga"/><SP WIDTH="17" VPOS="776" HPOS="662"/>
							<String ID="string_150" HPOS="679" VPOS="774" WIDTH="230" HEIGHT="29" WC="0.92" CONTENT="aflöningsspanmälen"/><SP WIDTH="15" VPOS="774" HPOS="909"/>
							<String ID="string_151" HPOS="924" VPOS="776" WIDTH="8" HEIGHT="21" WC="0.96" CONTENT="i"/>
						</TextLine>
						<TextLine ID="line_19" HPOS="183" VPOS="808" WIDTH="691" HEIGHT="32">
							<String ID="string_152" HPOS="183" VPOS="809" WIDTH="119" HEIGHT="28" WC="0.96" CONTENT="penningar"/><SP WIDTH="14" VPOS="809" HPOS="302"/>
							<String ID="string_153" HPOS="316" VPOS="809" WIDTH="53" HEIGHT="21" WC="0.92" CONTENT="efter"/><SP WIDTH="15" VPOS="809" HPOS="369"/>
							<String ID="string_154" HPOS="384" VPOS="808" WIDTH="56" HEIGHT="23" WC="0.39" CONTENT="ärets."/><SP WIDTH="15" VPOS="808" HPOS="440"/>
							<String ID="string_155" HPOS="455" VPOS="808" WIDTH="192" HEIGHT="32" WC="0.33" CONTENT="markegängspris,"/><SP WIDTH="16" VPOS="808" HPOS="647"/>
							<String ID="string_156" HPOS="663" VPOS="809" WIDTH="54" HEIGHT="22" WC="0.93" CONTENT="dock"/><SP WIDTH="11" VPOS="809" HPOS="717"/>
							<String ID="string_157" HPOS="728" VPOS="811" WIDTH="56" HEIGHT="20" WC="0.86" CONTENT="-utan"/><SP WIDTH="14" VPOS="811" HPOS="784"/>
							<String ID="string_158" HPOS="798" VPOS="809" WIDTH="76" HEIGHT="22" WC="0.92" CONTENT="forlön."/>
						</TextLine>
					</TextBlock>
				</ComposedBlock>
				<ComposedBlock ID="cblock_2" HPOS="528" VPOS="884" WIDTH="61" HEIGHT="27">
					<TextBlock ID="block_2" HPOS="528" VPOS="884" WIDTH="61" HEIGHT="27">
						<TextLine ID="line_20" HPOS="528" VPOS="884" WIDTH="61" HEIGHT="27">
							<String ID="string_159" HPOS="528" VPOS="884" WIDTH="12" HEIGHT="27" WC="0.63" CONTENT="s"/><SP WIDTH="17" VPOS="884" HPOS="540"/>
							<String ID="string_160" HPOS="557" VPOS="884" WIDTH="32" HEIGHT="20" WC="0.87" CONTENT="13."/>
						</TextLine>
					</TextBlock>
				</ComposedBlock>
				<ComposedBlock ID="cblock_3" HPOS="181" VPOS="934" WIDTH="753" HEIGHT="543">
					<TextBlock ID="block_3" HPOS="181" VPOS="934" WIDTH="753" HEIGHT="543">
						<TextLine ID="line_21" HPOS="220" VPOS="934" WIDTH="713" HEIGHT="30">
							<String ID="string_161" HPOS="220" VPOS="961" WIDTH="2" HEIGHT="3" WC="0.43" CONTENT="="/><SP WIDTH="29" VPOS="961" HPOS="222"/>
							<String ID="string_162" HPOS="251" VPOS="934" WIDTH="133" HEIGHT="28" WC="0.92" CONTENT="Uppbörden"/><SP WIDTH="18" VPOS="934" HPOS="384"/>
							<String ID="string_163" HPOS="402" VPOS="934" WIDTH="24" HEIGHT="22" WC="0.93" CONTENT="af"/><SP WIDTH="16" VPOS="934" HPOS="426"/>
							<String ID="string_164" HPOS="442" VPOS="934" WIDTH="162" HEIGHT="28" WC="0.93" CONTENT="församlingens"/><SP WIDTH="19" VPOS="934" HPOS="604"/>
							<String ID="string_165" HPOS="623" VPOS="934" WIDTH="85" HEIGHT="28" WC="0.90" CONTENT="atgifter"/><SP WIDTH="18" VPOS="934" HPOS="708"/>
							<String ID="string_166" HPOS="726" VPOS="935" WIDTH="34" HEIGHT="21" WC="0.93" CONTENT="till"/><SP WIDTH="14" VPOS="935" HPOS="760"/>
							<String ID="string_167" HPOS="774" VPOS="935" WIDTH="159" HEIGHT="28" WC="0.92" CONTENT="presterskapet"/>
						</TextLine>
						<TextLine ID="line_22" HPOS="185" VPOS="969" WIDTH="747" HEIGHT="28">
							<String ID="string_168" HPOS="185" VPOS="969" WIDTH="54" HEIGHT="21" WC="0.93" CONTENT="skall"/><SP WIDTH="13" VPOS="969" HPOS="239"/>
							<String ID="string_169" HPOS="252" VPOS="969" WIDTH="127" HEIGHT="21" WC="0.93" CONTENT="verkställas"/><SP WIDTH="15" VPOS="969" HPOS="379"/>
							<String ID="string_170" HPOS="394" VPOS="969" WIDTH="102" HEIGHT="28" WC="0.95" CONTENT="antingen"/><SP WIDTH="15" VPOS="969" HPOS="496"/>
							<String ID="string_171" HPOS="511" VPOS="969" WIDTH="24" HEIGHT="21" WC="0.97" CONTENT="af"/><SP WIDTH="13" VPOS="969" HPOS="535"/>
							<String ID="string_172" HPOS="548" VPOS="970" WIDTH="47" HEIGHT="20" WC="0.93" CONTENT="dess"/><SP WIDTH="14" VPOS="970" HPOS="595"/>
							<String ID="string_173" HPOS="609" VPOS="969" WIDTH="203" HEIGHT="22" WC="0.90" CONTENT="kommunalnämnd"/><SP WIDTH="14" VPOS="969" HPOS="812"/>
							<String ID="string_174" HPOS="826" VPOS="970" WIDTH="52" HEIGHT="21" WC="0.93" CONTENT="eller"/><SP WIDTH="15" VPOS="970" HPOS="878"/>
							<String ID="string_175" HPOS="893" VPOS="970" WIDTH="39" HEIGHT="22" WC="0.92" CONTENT="ock"/>
						</TextLine>
						<TextLine ID="line_23" HPOS="184" VPOS="1003" WIDTH="749" HEIGHT="28">
							<String ID="string_176" HPOS="184" VPOS="1004" WIDTH="25" HEIGHT="20" WC="0.96" CONTENT="af"/><SP WIDTH="16" VPOS="1004" HPOS="209"/>
							<String ID="string_177" HPOS="225" VPOS="1010" WIDTH="26" HEIGHT="15" WC="0.96" CONTENT="en"/><SP WIDTH="10" VPOS="1010" HPOS="251"/>
							<String ID="string_178" HPOS="261" VPOS="999" WIDTH="60" HEIGHT="36" WC="0.93" CONTENT="eller"/><SP WIDTH="15" VPOS="999" HPOS="321"/>
							<String ID="string_179" HPOS="336" VPOS="999" WIDTH="55" HEIGHT="36" WC="0.92" CONTENT="flere"/><SP WIDTH="19" VPOS="999" HPOS="391"/>
							<String ID="string_180" HPOS="410" VPOS="1004" WIDTH="86" HEIGHT="21" WC="0.93" CONTENT="särskilt"/><SP WIDTH="18" VPOS="1004" HPOS="496"/>
							<String ID="string_181" HPOS="514" VPOS="1003" WIDTH="70" HEIGHT="22" WC="0.92" CONTENT="dertill"/><SP WIDTH="18" VPOS="1003" HPOS="584"/>
							<String ID="string_182" HPOS="602" VPOS="1004" WIDTH="88" HEIGHT="21" WC="0.92" CONTENT="utsedde"/><SP WIDTH="18" VPOS="1004" HPOS="690"/>
							<String ID="string_183" HPOS="708" VPOS="1011" WIDTH="108" HEIGHT="20" WC="0.93" CONTENT="personer,"/><SP WIDTH="16" VPOS="1011" HPOS="816"/>
							<String ID="string_184" HPOS="832" VPOS="1004" WIDTH="78" HEIGHT="26" WC="0.89" CONTENT="hvilka,"/><SP WIDTH="15" VPOS="1004" HPOS="910"/>
							<String ID="string_185" HPOS="925" VPOS="1005" WIDTH="8" HEIGHT="20" WC="0.96" CONTENT="i"/>
						</TextLine>
						<TextLine ID="line_24" HPOS="184" VPOS="1037" WIDTH="748" HEIGHT="29">
							<String ID="string_186" HPOS="184" VPOS="1038" WIDTH="93" HEIGHT="27" WC="0.96" CONTENT="enlighet"/><SP WIDTH="17" VPOS="1038" HPOS="277"/>
							<String ID="string_187" HPOS="294" VPOS="1037" WIDTH="49" HEIGHT="22" WC="0.96" CONTENT="med"/><SP WIDTH="18" VPOS="1037" HPOS="343"/>
							<String ID="string_188" HPOS="361" VPOS="1045" WIDTH="27" HEIGHT="14" WC="0.96" CONTENT="en"/><SP WIDTH="18" VPOS="1045" HPOS="388"/>
							<String ID="string_189" HPOS="406" VPOS="1038" WIDTH="24" HEIGHT="21" WC="0.96" CONTENT="af"/><SP WIDTH="17" VPOS="1038" HPOS="430"/>
							<String ID="string_190" HPOS="447" VPOS="1038" WIDTH="158" HEIGHT="21" WC="0.93" CONTENT="vederbörande"/><SP WIDTH="18" VPOS="1038" HPOS="605"/>
							<String ID="string_191" HPOS="623" VPOS="1038" WIDTH="111" HEIGHT="28" WC="0.91" CONTENT="löntagare"/><SP WIDTH="18" VPOS="1038" HPOS="734"/>
							<String ID="string_192" HPOS="752" VPOS="1038" WIDTH="118" HEIGHT="28" WC="0.91" CONTENT="upprättad"/><SP WIDTH="22" VPOS="1038" HPOS="870"/>
							<String ID="string_193" HPOS="892" VPOS="1039" WIDTH="40" HEIGHT="23" WC="0.96" CONTENT="och"/>
						</TextLine>
						<TextLine ID="line_25" HPOS="183" VPOS="1072" WIDTH="749" HEIGHT="28">
							<String ID="string_194" HPOS="183" VPOS="1072" WIDTH="153" HEIGHT="27" WC="0.96" CONTENT="församlingen"/><SP WIDTH="18" VPOS="1072" HPOS="336"/>
							<String ID="string_195" HPOS="354" VPOS="1072" WIDTH="46" HEIGHT="20" WC="0.93" CONTENT="före"/><SP WIDTH="18" VPOS="1072" HPOS="400"/>
							<String ID="string_196" HPOS="418" VPOS="1072" WIDTH="180" HEIGHT="27" WC="0.91" CONTENT="uppbördsdagen"/><SP WIDTH="19" VPOS="1072" HPOS="598"/>
							<String ID="string_197" HPOS="617" VPOS="1072" WIDTH="105" HEIGHT="27" WC="0.92" CONTENT="delgifven"/><SP WIDTH="17" VPOS="1072" HPOS="722"/>
							<String ID="string_198" HPOS="739" VPOS="1072" WIDTH="71" HEIGHT="28" WC="0.92" CONTENT="längd,"/><SP WIDTH="23" VPOS="1072" HPOS="810"/>
							<String ID="string_199" HPOS="833" VPOS="1074" WIDTH="46" HEIGHT="20" WC="0.93" CONTENT="mot"/><SP WIDTH="21" VPOS="1074" HPOS="879"/>
							<String ID="string_200" HPOS="900" VPOS="1080" WIDTH="32" HEIGHT="14" WC="0.92" CONTENT="er-"/>
						</TextLine>
						<TextLine ID="line_26" HPOS="183" VPOS="1106" WIDTH="749" HEIGHT="28">
							<String ID="string_201" HPOS="183" VPOS="1106" WIDTH="94" HEIGHT="28" WC="0.91" CONTENT="sättning"/><SP WIDTH="18" VPOS="1106" HPOS="277"/>
							<String ID="string_202" HPOS="295" VPOS="1106" WIDTH="25" HEIGHT="21" WC="0.96" CONTENT="af"/><SP WIDTH="15" VPOS="1106" HPOS="320"/>
							<String ID="string_203" HPOS="335" VPOS="1106" WIDTH="152" HEIGHT="28" WC="0.96" CONTENT="församlingen"/><SP WIDTH="18" VPOS="1106" HPOS="487"/>
							<String ID="string_204" HPOS="505" VPOS="1106" WIDTH="40" HEIGHT="22" WC="0.96" CONTENT="och"/><SP WIDTH="18" VPOS="1106" HPOS="545"/>
							<String ID="string_205" HPOS="563" VPOS="1106" WIDTH="67" HEIGHT="21" WC="0.96" CONTENT="under"/><SP WIDTH="20" VPOS="1106" HPOS="630"/>
							<String ID="string_206" HPOS="650" VPOS="1106" WIDTH="46" HEIGHT="21" WC="0.93" CONTENT="dess"/><SP WIDTH="20" VPOS="1106" HPOS="696"/>
							<String ID="string_207" HPOS="716" VPOS="1113" WIDTH="156" HEIGHT="21" WC="0.92" CONTENT="gemensamma"/><SP WIDTH="23" VPOS="1113" HPOS="872"/>
							<String ID="string_208" HPOS="895" VPOS="1114" WIDTH="37" HEIGHT="14" WC="0.92" CONTENT="an-"/>
						</TextLine>
						<TextLine ID="line_27" HPOS="183" VPOS="1138" WIDTH="749" HEIGHT="30">
							<String ID="string_209" HPOS="183" VPOS="1140" WIDTH="108" HEIGHT="28" WC="0.93" CONTENT="svarighet"/><SP WIDTH="17" VPOS="1140" HPOS="291"/>
							<String ID="string_210" HPOS="308" VPOS="1140" WIDTH="34" HEIGHT="22" WC="0.93" CONTENT="för"/><SP WIDTH="17" VPOS="1140" HPOS="342"/>
							<String ID="string_211" HPOS="359" VPOS="1140" WIDTH="57" HEIGHT="22" WC="0.92" CONTENT="hvad"/><SP WIDTH="18" VPOS="1140" HPOS="416"/>
							<String ID="string_212" HPOS="434" VPOS="1147" WIDTH="45" HEIGHT="15" WC="0.92" CONTENT="som"/><SP WIDTH="14" VPOS="1147" HPOS="479"/>
							<String ID="string_213" HPOS="493" VPOS="1140" WIDTH="85" HEIGHT="26" WC="0.90" CONTENT="influtit,"/><SP WIDTH="16" VPOS="1140" HPOS="578"/>
							<String ID="string_214" HPOS="594" VPOS="1138" WIDTH="29" HEIGHT="30" WC="0.93" CONTENT="pä"/><SP WIDTH="15" VPOS="1138" HPOS="623"/>
							<String ID="string_215" HPOS="638" VPOS="1140" WIDTH="111" HEIGHT="21" WC="0.92" CONTENT="bestämda"/><SP WIDTH="14" VPOS="1140" HPOS="749"/>
							<String ID="string_216" HPOS="763" VPOS="1140" WIDTH="55" HEIGHT="22" WC="0.93" CONTENT="tider"/><SP WIDTH="14" VPOS="1140" HPOS="818"/>
							<String ID="string_217" HPOS="832" VPOS="1140" WIDTH="100" HEIGHT="28" WC="0.92" CONTENT="uppbära"/>
						</TextLine>
						<TextLine ID="line_28" HPOS="183" VPOS="1174" WIDTH="749" HEIGHT="29">
							<String ID="string_218" HPOS="183" VPOS="1176" WIDTH="56" HEIGHT="20" WC="0.96" CONTENT="samt"/><SP WIDTH="13" VPOS="1176" HPOS="239"/>
							<String ID="string_219" HPOS="252" VPOS="1175" WIDTH="34" HEIGHT="21" WC="0.93" CONTENT="till"/><SP WIDTH="13" VPOS="1175" HPOS="286"/>
							<String ID="string_220" HPOS="299" VPOS="1175" WIDTH="139" HEIGHT="27" WC="0.92" CONTENT="löntagarene"/><SP WIDTH="8" VPOS="1175" HPOS="438"/>
							<String ID="string_221" HPOS="446" VPOS="1175" WIDTH="13" HEIGHT="27" WC="0.96" CONTENT="i"/><SP WIDTH="16" VPOS="1175" HPOS="459"/>
							<String ID="string_222" HPOS="475" VPOS="1175" WIDTH="61" HEIGHT="21" WC="0.93" CONTENT="deras"/><SP WIDTH="19" VPOS="1175" HPOS="536"/>
							<String ID="string_223" HPOS="555" VPOS="1175" WIDTH="97" HEIGHT="21" WC="0.79" CONTENT="hemvist&quot;"/><SP WIDTH="10" VPOS="1175" HPOS="652"/>
							<String ID="string_224" HPOS="662" VPOS="1174" WIDTH="92" HEIGHT="22" WC="0.92" CONTENT="aflemna"/><SP WIDTH="15" VPOS="1174" HPOS="754"/>
							<String ID="string_225" HPOS="769" VPOS="1175" WIDTH="63" HEIGHT="21" WC="0.93" CONTENT="dessa"/><SP WIDTH="13" VPOS="1175" HPOS="832"/>
							<String ID="string_226" HPOS="845" VPOS="1175" WIDTH="87" HEIGHT="28" WC="0.92" CONTENT="afgifter"/>
						</TextLine>
						<TextLine ID="line_29" HPOS="181" VPOS="1208" WIDTH="750" HEIGHT="28">
							<String ID="string_227" HPOS="181" VPOS="1209" WIDTH="66" HEIGHT="27" WC="0.92" CONTENT="jemte"/><SP WIDTH="18" VPOS="1209" HPOS="247"/>
							<String ID="string_228" HPOS="265" VPOS="1208" WIDTH="135" HEIGHT="28" WC="0.96" CONTENT="redovisning"/><SP WIDTH="18" VPOS="1208" HPOS="400"/>
							<String ID="string_229" HPOS="418" VPOS="1208" WIDTH="35" HEIGHT="22" WC="0.96" CONTENT="för"/><SP WIDTH="18" VPOS="1208" HPOS="453"/>
							<String ID="string_230" HPOS="471" VPOS="1209" WIDTH="54" HEIGHT="26" WC="0.96" CONTENT="dem,"/><SP WIDTH="19" VPOS="1209" HPOS="525"/>
							<String ID="string_231" HPOS="544" VPOS="1209" WIDTH="40" HEIGHT="21" WC="0.96" CONTENT="och"/><SP WIDTH="19" VPOS="1209" HPOS="584"/>
							<String ID="string_232" HPOS="603" VPOS="1209" WIDTH="53" HEIGHT="21" WC="0.93" CONTENT="skall"/><SP WIDTH="18" VPOS="1209" HPOS="656"/>
							<String ID="string_233" HPOS="674" VPOS="1209" WIDTH="110" HEIGHT="27" WC="0.92" CONTENT="restlängd"/><SP WIDTH="22" VPOS="1209" HPOS="784"/>
							<String ID="string_234" HPOS="806" VPOS="1209" WIDTH="58" HEIGHT="22" WC="0.96" CONTENT="öfver"/><SP WIDTH="19" VPOS="1209" HPOS="864"/>
							<String ID="string_235" HPOS="883" VPOS="1210" WIDTH="48" HEIGHT="26" WC="0.96" CONTENT="alla,"/>
						</TextLine>
						<TextLine ID="line_30" HPOS="183" VPOS="1242" WIDTH="751" HEIGHT="28">
							<String ID="string_236" HPOS="183" VPOS="1249" WIDTH="46" HEIGHT="14" WC="0.92" CONTENT="som"/><SP WIDTH="22" VPOS="1249" HPOS="229"/>
							<String ID="string_237" HPOS="251" VPOS="1242" WIDTH="18" HEIGHT="27" WC="0.93" CONTENT="ej"/><SP WIDTH="24" VPOS="1242" HPOS="269"/>
							<String ID="string_238" HPOS="293" VPOS="1242" WIDTH="12" HEIGHT="21" WC="0.88" CONTENT="ä"/><SP WIDTH="22" VPOS="1242" HPOS="305"/>
							<String ID="string_239" HPOS="327" VPOS="1244" WIDTH="67" HEIGHT="19" WC="0.93" CONTENT="utsatt"/><SP WIDTH="21" VPOS="1244" HPOS="394"/>
							<String ID="string_240" HPOS="415" VPOS="1243" WIDTH="202" HEIGHT="26" WC="0.89" CONTENT="uppbördsstämma"/><SP WIDTH="19" VPOS="1243" HPOS="617"/>
							<String ID="string_241" HPOS="636" VPOS="1243" WIDTH="46" HEIGHT="20" WC="0.91" CONTENT="sina"/><SP WIDTH="18" VPOS="1243" HPOS="682"/>
							<String ID="string_242" HPOS="700" VPOS="1242" WIDTH="89" HEIGHT="28" WC="0.91" CONTENT="afsigter"/><SP WIDTH="22" VPOS="1242" HPOS="789"/>
							<String ID="string_243" HPOS="811" VPOS="1244" WIDTH="74" HEIGHT="26" WC="0.95" CONTENT="erlagt,"/><SP WIDTH="24" VPOS="1244" HPOS="885"/>
							<String ID="string_244" HPOS="909" VPOS="1244" WIDTH="25" HEIGHT="20" WC="0.97" CONTENT="af"/>
						</TextLine>
						<TextLine ID="line_31" HPOS="183" VPOS="1276" WIDTH="749" HEIGHT="28">
							<String ID="string_245" HPOS="183" VPOS="1276" WIDTH="201" HEIGHT="27" WC="0.92" CONTENT="uppbördsmännen"/><SP WIDTH="15" VPOS="1276" HPOS="384"/>
							<String ID="string_246" HPOS="399" VPOS="1278" WIDTH="113" HEIGHT="26" WC="0.92" CONTENT="upprättas"/><SP WIDTH="16" VPOS="1278" HPOS="512"/>
							<String ID="string_247" HPOS="528" VPOS="1276" WIDTH="40" HEIGHT="27" WC="0.93" CONTENT="och"/><SP WIDTH="14" VPOS="1276" HPOS="568"/>
							<String ID="string_248" HPOS="582" VPOS="1276" WIDTH="107" HEIGHT="27" WC="0.93" CONTENT="tillställas"/><SP WIDTH="15" VPOS="1276" HPOS="689"/>
							<String ID="string_249" HPOS="704" VPOS="1276" WIDTH="132" HEIGHT="28" WC="0.92" CONTENT="löntagaren,"/><SP WIDTH="17" VPOS="1276" HPOS="836"/>
							<String ID="string_250" HPOS="853" VPOS="1276" WIDTH="13" HEIGHT="22" WC="0.91" CONTENT="&amp;"/><SP WIDTH="14" VPOS="1276" HPOS="866"/>
							<String ID="string_251" HPOS="880" VPOS="1277" WIDTH="52" HEIGHT="21" WC="0.90" CONTENT="hvil-"/>
						</TextLine>
						<TextLine ID="line_32" HPOS="183" VPOS="1310" WIDTH="749" HEIGHT="30">
							<String ID="string_252" HPOS="183" VPOS="1311" WIDTH="41" HEIGHT="22" WC="0.95" CONTENT="ken"/><SP WIDTH="19" VPOS="1311" HPOS="224"/>
							<String ID="string_253" HPOS="243" VPOS="1310" WIDTH="35" HEIGHT="22" WC="0.93" CONTENT="det"/><SP WIDTH="19" VPOS="1310" HPOS="278"/>
							<String ID="string_254" HPOS="297" VPOS="1310" WIDTH="123" HEIGHT="22" WC="0.92" CONTENT="ankommer"/><SP WIDTH="18" VPOS="1310" HPOS="420"/>
							<String ID="string_255" HPOS="438" VPOS="1312" WIDTH="38" HEIGHT="24" WC="0.96" CONTENT="att,"/><SP WIDTH="20" VPOS="1312" HPOS="476"/>
							<String ID="string_256" HPOS="496" VPOS="1310" WIDTH="65" HEIGHT="22" WC="0.93" CONTENT="sedan"/><SP WIDTH="18" VPOS="1310" HPOS="561"/>
							<String ID="string_257" HPOS="579" VPOS="1310" WIDTH="65" HEIGHT="28" WC="0.92" CONTENT="sagde"/><SP WIDTH="18" VPOS="1310" HPOS="644"/>
							<String ID="string_258" HPOS="662" VPOS="1310" WIDTH="64" HEIGHT="28" WC="0.92" CONTENT="längd"/><SP WIDTH="19" VPOS="1310" HPOS="726"/>
							<String ID="string_259" HPOS="745" VPOS="1311" WIDTH="69" HEIGHT="21" WC="0.91" CONTENT="blifvit"/><SP WIDTH="14" VPOS="1311" HPOS="814"/>
							<String ID="string_260" HPOS="828" VPOS="1310" WIDTH="14" HEIGHT="22" WC="0.93" CONTENT="ä"/><SP WIDTH="14" VPOS="1310" HPOS="842"/>
							<String ID="string_261" HPOS="856" VPOS="1311" WIDTH="76" HEIGHT="29" WC="0.93" CONTENT="kyrko-"/>
						</TextLine>
						<TextLine ID="line_33" HPOS="183" VPOS="1344" WIDTH="750" HEIGHT="28">
							<String ID="string_262" HPOS="183" VPOS="1346" WIDTH="92" HEIGHT="20" WC="0.96" CONTENT="stämma"/><SP WIDTH="18" VPOS="1346" HPOS="275"/>
							<String ID="string_263" HPOS="293" VPOS="1345" WIDTH="107" HEIGHT="27" WC="0.96" CONTENT="granskad"/><SP WIDTH="22" VPOS="1345" HPOS="400"/>
							<String ID="string_264" HPOS="422" VPOS="1345" WIDTH="40" HEIGHT="22" WC="0.93" CONTENT="och"/><SP WIDTH="22" VPOS="1345" HPOS="462"/>
							<String ID="string_265" HPOS="484" VPOS="1345" WIDTH="106" HEIGHT="27" WC="0.93" CONTENT="godkänd,"/><SP WIDTH="19" VPOS="1345" HPOS="590"/>
							<String ID="string_266" HPOS="609" VPOS="1344" WIDTH="130" HEIGHT="23" WC="0.92" CONTENT="öfverlemna"/><SP WIDTH="19" VPOS="1344" HPOS="739"/>
							<String ID="string_267" HPOS="758" VPOS="1345" WIDTH="127" HEIGHT="24" WC="0.96" CONTENT="densamma,"/><SP WIDTH="15" VPOS="1345" HPOS="885"/>
							<String ID="string_268" HPOS="900" VPOS="1346" WIDTH="33" HEIGHT="22" WC="0.96" CONTENT="till"/>
						</TextLine>
						<TextLine ID="line_34" HPOS="183" VPOS="1378" WIDTH="748" HEIGHT="30">
							<String ID="string_269" HPOS="183" VPOS="1380" WIDTH="159" HEIGHT="28" WC="0.96" CONTENT="vederbörande"/><SP WIDTH="19" VPOS="1380" HPOS="342"/>
							<String ID="string_270" HPOS="361" VPOS="1379" WIDTH="144" HEIGHT="29" WC="0.93" CONTENT="kronofogde"/><SP WIDTH="12" VPOS="1379" HPOS="505"/>
							<String ID="string_271" HPOS="517" VPOS="1378" WIDTH="17" HEIGHT="30" WC="0.88" CONTENT="&amp;"/><SP WIDTH="16" VPOS="1378" HPOS="534"/>
							<String ID="string_272" HPOS="550" VPOS="1379" WIDTH="73" HEIGHT="21" WC="0.96" CONTENT="landet"/><SP WIDTH="23" VPOS="1379" HPOS="623"/>
							<String ID="string_273" HPOS="646" VPOS="1380" WIDTH="50" HEIGHT="26" WC="0.96" CONTENT="eller"/><SP WIDTH="22" VPOS="1380" HPOS="696"/>
							<String ID="string_274" HPOS="718" VPOS="1380" WIDTH="112" HEIGHT="28" WC="0.94" CONTENT="magistrat"/><SP WIDTH="21" VPOS="1380" HPOS="830"/>
							<String ID="string_275" HPOS="851" VPOS="1381" WIDTH="7" HEIGHT="21" WC="0.96" CONTENT="i"/><SP WIDTH="19" VPOS="1381" HPOS="858"/>
							<String ID="string_276" HPOS="877" VPOS="1381" WIDTH="54" HEIGHT="27" WC="0.95" CONTENT="stad,"/>
						</TextLine>
						<TextLine ID="line_35" HPOS="183" VPOS="1414" WIDTH="749" HEIGHT="29">
							<String ID="string_277" HPOS="183" VPOS="1422" WIDTH="46" HEIGHT="14" WC="0.96" CONTENT="som"/><SP WIDTH="14" VPOS="1422" HPOS="229"/>
							<String ID="string_278" HPOS="243" VPOS="1415" WIDTH="40" HEIGHT="23" WC="0.96" CONTENT="bör"/><SP WIDTH="14" VPOS="1415" HPOS="283"/>
							<String ID="string_279" HPOS="297" VPOS="1415" WIDTH="70" HEIGHT="21" WC="0.96" CONTENT="lemna"/><SP WIDTH="15" VPOS="1415" HPOS="367"/>
							<String ID="string_280" HPOS="382" VPOS="1414" WIDTH="122" HEIGHT="22" WC="0.92" CONTENT="omedelbar"/><SP WIDTH="14" VPOS="1414" HPOS="504"/>
							<String ID="string_281" HPOS="518" VPOS="1414" WIDTH="161" HEIGHT="29" WC="0.92" CONTENT="handräckning"/><SP WIDTH="15" VPOS="1414" HPOS="679"/>
							<String ID="string_282" HPOS="694" VPOS="1415" WIDTH="32" HEIGHT="21" WC="0.93" CONTENT="till"/><SP WIDTH="14" VPOS="1415" HPOS="726"/>
							<String ID="string_283" HPOS="740" VPOS="1417" WIDTH="107" HEIGHT="20" WC="0.92" CONTENT="resternas"/><SP WIDTH="11" VPOS="1417" HPOS="847"/>
							<String ID="string_284" HPOS="858" VPOS="1416" WIDTH="74" HEIGHT="21" WC="0.90" CONTENT="indrif-"/>
						</TextLine>
						<TextLine ID="line_36" HPOS="183" VPOS="1449" WIDTH="444" HEIGHT="28">
							<String ID="string_285" HPOS="183" VPOS="1449" WIDTH="68" HEIGHT="22" WC="0.96" CONTENT="vande"/><SP WIDTH="14" VPOS="1449" HPOS="251"/>
							<String ID="string_286" HPOS="265" VPOS="1449" WIDTH="29" HEIGHT="28" WC="0.96" CONTENT="på"/><SP WIDTH="15" VPOS="1449" HPOS="294"/>
							<String ID="string_287" HPOS="309" VPOS="1449" WIDTH="26" HEIGHT="22" WC="0.93" CONTENT="de"/><SP WIDTH="14" VPOS="1449" HPOS="335"/>
							<String ID="string_288" HPOS="349" VPOS="1449" WIDTH="139" HEIGHT="23" WC="0.92" CONTENT="tredskandes"/><SP WIDTH="15" VPOS="1449" HPOS="488"/>
							<String ID="string_289" HPOS="503" VPOS="1449" WIDTH="124" HEIGHT="22" WC="0.96" CONTENT="bekostnad."/>
						</TextLine>
					</TextBlock>
				</ComposedBlock>
			</PrintSpace>
		</Page>
	</Layout>
</alto>
