1006 1692
210 120 31 16 134

411 116 70 24 Nådiga
491 117 136 23 Propositionen
640 117 35 17 N:o
688 118 16 15 2.

535 180 12 28 8
563 181 18 20 1.

376 218 133 23 Nuvarande
524 219 140 29 innehafvare
676 219 26 29 af
711 219 77 21 embete
803 219 51 21 eller
869 219 65 29 tjenst

318 255 34 29 på
370 255 81 21 allmän
467 255 51 21 civil
533 255 52 21 eller
599 254 138 27 militärstat,
754 254 48 21 med
823 254 112 29 undantag

323 290 26 29 af
361 290 24 21 de
400 290 10 20 i
424 288 15 21 3
454 289 11 29 $
478 289 145 29 omförmälda
635 288 93 22 embeten
743 289 38 21 och
797 289 94 28 tjenster,
908 289 27 21 är

324 324 125 29 berättigad
468 327 39 24 att,
525 325 10 20 i
553 324 99 21 händelse
672 324 88 21 embetet
778 324 51 21 eller
846 322 90 31 tjensten

323 359 109 28 indrages,
451 359 94 29 derefter
561 359 38 21 och
613 359 60 21 intill
688 359 46 21 dess
750 358 43 21 han
807 365 73 14 annan
895 359 41 22 all-

323 395 51 20 män
393 394 120 29 befattning
532 393 104 26 tillträdt,
655 393 128 29 oafkortadt
805 393 86 29 åtnjuta
910 393 26 22 de

319 429 116 28 förmåner
457 429 44 20 han
521 428 99 29 innehaft
642 429 69 21 såsom
734 428 147 29 befattningen
903 428 33 21 åt-

317 463 102 29 följande
445 463 112 21 ordinarie
581 463 42 26 lön,
646 463 172 28 lönetillökning,
841 463 96 28 löneför-

324 497 106 29 bättring,
443 498 187 29 tafelpenningar,
642 498 78 21 sådant
735 497 142 21 traktamente
893 504 45 15 som

325 533 27 20 är
372 532 105 21 bestämdt
492 533 35 20 till
541 533 53 20 visst
609 533 70 28 årligt
695 532 80 29 belopp,
796 532 142 21 boställsrän-

326 571 41 23 tor,
390 567 217 28 boställspenningar,
631 568 122 27 ersättning
769 567 42 29 för
828 567 52 29 fria
903 567 35 21 bo-

324 603 114 28 ningsrum
460 603 51 20 eller
533 603 151 28 ingvartering
705 602 48 21 med
774 602 39 21 ved
832 602 39 21 och
890 602 48 29 ljus,

327 637 52 22 eller
388 637 42 30 för
446 637 61 21 dessa
522 636 63 30 behof
594 638 105 27 anslagna
714 637 142 22 lönetillskott
869 637 69 22 under

326 676 30 17 ett
370 673 53 20 eller
439 675 67 18 annat
520 679 71 20 namn,
611 672 66 21 ehvad
696 672 103 28 anslagen
817 673 40 20 äro
874 672 65 21 hvart

327 707 39 21 och
384 710 30 18 ett
426 707 42 28 för
487 707 34 28 sig
537 707 51 22 eller
599 707 56 28 flera
673 707 10 20 i
695 707 108 29 förening
820 710 119 25 upptagna,

328 742 107 29 äfvensom
450 741 100 29 Lagmän
565 741 39 22 och
619 741 210 29 Häradshöfdingar
847 741 93 22 tillkom-

327 776 76 22 mande
415 778 170 27 tingsgästning;
600 776 91 22 hvartill
702 776 94 22 kommer
804 777 137 29 godtgörelse

322 812 42 28 för
387 812 106 28 ätnjutna,
513 818 50 18 men
580 818 75 22 genom
676 811 163 29 indragningen
859 812 82 29 upphö-

328 846 68 22 rande
410 846 117 21 inkomster
537 846 58 30 från
613 846 192 27 boställshemman,
819 848 10 20 i
844 846 97 30 afseende

328 881 70 21 hvarä
414 882 30 20 tio
464 881 37 21 års
519 880 187 30 medelberäkning
725 882 71 28 tjenar
815 882 36 21 till
868 881 73 29 grund

323 916 43 29 för
380 916 157 22 bestämmande
553 916 25 28 af
591 916 159 28 ersättningens
766 916 81 28 belopp.

384 950 102 21 Deremot
501 950 136 27 tillkommer,
652 951 9 20 i
666 950 62 29 följd
740 952 25 28 af
773 951 168 29 indragningen,

330 985 155 29 innehafvaren
499 985 45 21 icke
559 985 72 28 någon
650 986 122 28 ersättning
785 986 42 28 för
839 986 102 29 följande

329 1020 47 20 med
388 1019 146 29 befattningen
539 1019 108 29 förenade
658 1019 118 21 inkomster
789 1020 25 28 af
823 1020 119 22 obestämdt

330 1054 73 26 värde,
425 1055 119 27 nemligen:
568 1054 205 28 uppbördsprocent,
795 1055 147 29 magasinage,

331 1088 240 33 tjenstgöringsarvode,
579 1088 115 28 provision
707 1088 38 21 och
757 1089 96 27 sportlar
865 1090 24 29 af
895 1091 47 19 sär-

330 1122 73 21 skilda
417 1124 53 27 slag.
499 1122 97 29 Afvensä
613 1123 91 28 upphör,
719 1124 10 20 i
737 1123 62 29 följd
815 1123 24 29 af
851 1124 91 29 indrag-

331 1158 86 27 ningen,
438 1158 135 28 utbetalning
595 1156 25 30 af
640 1158 45 21 alla
706 1158 25 20 de
753 1158 82 28 anslag,
858 1158 85 22 hvilkas

332 1191 128 29 benämning
474 1193 84 21 utvisar
577 1195 33 17 att
628 1192 25 22 de
673 1193 102 27 antingen
794 1193 43 28 afse
852 1194 91 28 godtgö-

331 1226 54 20 relse
394 1227 42 27 för
452 1226 115 21 kostnader
582 1226 39 21 och
634 1227 99 27 utgifter,
753 1234 45 13 som
812 1228 75 20 endast
905 1236 38 12 un-

332 1259 39 21 der
390 1260 99 28 tjenstens
507 1260 101 28 utöfning
627 1261 39 20 äro
685 1260 87 28 nödiga,
787 1268 48 13 men
849 1262 94 28 derefter

333 1293 68 30 blifva
423 1294 124 28 obehöfliga,
571 1294 51 21 eller
644 1293 37 22 ock
702 1296 81 27 utgöra
805 1296 92 21 allenast
919 1302 25 15 en

334 1328 100 28 tillfällig
443 1328 62 29 följd
520 1328 24 29 af
557 1329 67 28 något
637 1329 54 21 visst
705 1329 186 29 tjenstegöromål;
909 1330 34 21 så-

334 1370 43 13 som
389 1363 43 28 för
451 1363 64 20 civila
538 1363 139 28 tjenstemän:
699 1366 173 27 resepenningar,
896 1365 47 29 lega

334 1397 51 21 eller
402 1397 116 21 underhåll
529 1397 43 29 för
591 1397 82 28 hästar,
689 1398 71 22 åkdon
775 1399 38 21 och
821 1399 122 29 farkoster,

333 1432 149 29 expensmedel,
505 1431 165 31 skrifvarehjelp
689 1433 38 21 och
745 1433 198 30 skrifmaterialier,

334 1467 29 21 dä
377 1466 25 22 de
417 1467 20 28 ej
452 1467 40 21 äro
506 1467 48 22 med
569 1467 180 30 tafelpenningar
764 1469 179 28 sammanslagna,
