1014 1725
305 113 70 25 Nådiga
386 115 136 23 Propositionen
534 116 35 18 N:o
582 117 15 17 1.
781 118 20 17 31

74 180 51 25 leda
139 181 34 24 till
187 181 83 25 mindre
283 182 109 26 bestämdt
406 183 41 25 och
460 183 106 34 nöjaktigt
580 184 95 26 resultat.
704 184 69 27 Dessa
782 185 43 26 bri-

74 223 44 22 ster
135 222 62 24 torde
214 223 46 23 icke
278 223 32 23 till
328 222 52 24 fullo
398 224 73 23 kunna
491 223 112 31 afhjelpas,
621 223 25 24 så
662 224 64 30 länge
743 224 83 24 stånds-

73 258 151 30 fördelningen
238 259 84 29 fortfar,
337 267 49 15 men
400 260 104 23 utskottet
518 268 63 15 anser
596 260 26 23 de
637 261 7 22 i
658 259 79 31 nådiga
748 268 78 22 propo-

76 295 91 22 sitionen
181 296 8 21 i
205 295 58 23 detta
277 296 121 22 hänseende
412 295 122 29 föreslagna
548 296 133 29 stadganden
692 296 81 28 jemväl
787 303 40 23 ega

75 332 30 21 ett
119 331 106 28 betydligt
238 331 109 23 företräde
362 331 90 22 framför
467 331 26 23 de
508 331 104 29 gällande.
642 331 25 29 Ej
687 332 90 22 allenast
795 334 33 21 att

76 366 121 23 utskottens
218 368 192 28 sammansättning
432 368 41 22 och
494 369 65 21 sättet
576 367 35 23 för
629 367 80 23 besluts
730 368 97 22 fattande

74 402 59 22 inom
149 402 108 22 desamma
271 402 123 28 förenklats,
409 403 137 29 hvarigenom
557 403 27 22 de
594 403 61 22 äfven
666 403 73 22 kunna
749 403 78 29 skynd-

76 444 106 16 sammare
199 437 91 23 slutföra
308 438 62 22 deras
388 437 156 24 förberedande
562 438 95 28 arbeten,
675 438 63 22 äfven
755 438 72 23 åstad-

75 473 128 23 kommande
217 473 25 22 af
254 475 30 21 ett
297 473 127 23 ständernas
438 474 70 23 beslut
521 474 8 23 i
544 474 43 23 alla
597 474 146 29 föreliggande
753 473 75 30 frågor

76 510 40 22 har
131 509 67 29 gjorts
213 509 83 29 möjligt
309 517 77 21 genom
399 509 113 23 införande
530 510 24 22 af
570 510 27 22 de
615 510 116 23 förstärkta
745 510 82 23 utskot-

75 547 44 25 ten,
134 545 78 28 hvilka,
224 545 46 29 just
284 545 34 23 för
332 546 177 28 undanrödjande
523 546 25 22 af
560 546 26 22 de
601 546 142 28 olägenheter,
760 554 45 15 som
819 546 8 22 i

77 581 138 28 ofvanantydt
229 582 121 22 hänseende
363 581 94 30 härflyta
470 589 27 14 ur
510 581 229 29 ståndsfördelningen,
749 583 79 26 utgöra

62 629 3 4 »
77 618 32 20 ett
126 616 130 28 nödvändigt
273 616 143 28 komplement
430 617 34 21 till
481 617 208 28 representationens
706 616 122 29 fördelning

78 651 8 22 i
100 651 49 28 fyra
163 650 68 22 stånd.

147 685 61 22 Efter
226 686 62 21 dessa
306 685 107 22 allmänna
431 686 166 28 anmärkningar
612 685 97 29 öfvergår
723 686 104 22 utskottet

77 719 34 23 till
125 727 27 14 en
167 720 77 27 speciel
260 720 130 28 granskning
405 721 24 21 af
442 721 26 21 de
483 720 122 29 föreslagna
614 720 113 29 lagbuden,
743 721 84 22 hvilken

79 755 130 28 granskning
230 755 108 26 utskottet,
359 755 46 28 just
426 755 34 22 för
482 755 86 28 frågans
587 755 109 22 allmänna
712 755 115 28 betydelse,

79 797 63 14 anser
163 790 53 21 böra
238 789 90 23 omfatta
350 790 42 22 alla
411 790 26 22 de
455 789 104 23 särskilda
577 790 138 28 stadganden,
735 797 46 15 som
798 789 30 29 på

79 823 67 30 något
160 826 43 20 sätt
218 825 68 21 ändra
300 824 52 23 eller
366 826 53 27 göra
432 825 75 28 tillägg
518 824 32 23 till
561 825 100 28 gällande
671 824 106 30 grundlag
787 825 41 22 och

79 858 193 29 landtdagspraxis.

148 894 37 22 Uti
204 894 26 22 de
247 894 31 22 tio
296 894 68 22 första
381 894 155 28 paragraferna
554 895 38 21 äro
607 894 175 22 sammanställda
796 893 32 23 åt-

79 929 85 28 skilliga
177 928 109 23 allmänna
299 929 160 28 bestämningar
469 928 110 29 angående
592 929 129 28 landtdagen
733 929 40 22 och
783 929 45 22 lan-

81 964 46 22 dets
142 963 93 22 ständer.

84 1022 4 2 N
148 998 11 21 I
177 998 93 28 enlighet
287 998 50 21 med
352 999 54 20 1617
422 996 35 24 års
471 997 195 29 Riksdagsordning
683 998 124 29 uppräknas
821 998 8 22 i

82 1034 10 20 1
109 1034 12 27 &
137 1032 26 22 de
177 1032 47 28 fyra
239 1032 95 27 stånden,
353 1040 48 14 men
419 1032 40 22 har
478 1032 70 22 dertill
563 1032 70 28 fogats
648 1040 26 14 en
687 1032 142 30 bestämning,

81 1074 46 15 som
141 1067 77 21 saknas
237 1066 59 22 säväl
309 1067 9 21 i
332 1067 92 21 nämnde
442 1074 46 14 som
506 1067 39 21 ock
562 1067 8 21 i
590 1068 53 21 1723
661 1066 36 23 ärs
715 1067 114 29 Riksdags-

81 1102 97 28 ordning,
198 1102 40 21 den
256 1101 112 29 nemligen,
390 1103 32 20 att
444 1101 100 23 Finlands
566 1101 93 27 ständer,
681 1102 95 22 samlade
797 1101 33 23 till

81 1136 109 29 landtdag,
213 1138 147 26 representera
380 1136 80 22 Finska
481 1136 71 23 folket.
586 1136 73 22 Under
679 1137 151 28 riksdagarnes

81 1172 69 22 första
164 1171 206 29 utvecklingsperiod
383 1171 126 22 betraktade
524 1172 32 27 sig
571 1171 96 28 Sveriges
679 1172 40 22 och
729 1171 102 23 Finlands

82 1207 72 22 städer
169 1206 18 27 ej
203 1205 71 22 säsom
288 1213 27 14 en
329 1213 121 20 gemensam
464 1206 169 28 representation
646 1205 35 22 för
694 1206 49 21 hela
757 1206 72 27 folket,

83 1243 52 20 utan
155 1247 60 15 mera
237 1239 70 23 såsom
330 1247 25 14 en
376 1240 91 27 samling
485 1240 25 22 af
525 1241 26 20 de
569 1239 105 22 särskilda
687 1240 144 27 landskapens

82 1275 198 27 representationer.
309 1269 64 26 Ännu
390 1275 69 20 under
476 1274 116 22 adertonde
610 1274 66 22 seklet
693 1274 48 22 ville
759 1281 50 14 man
823 1275 8 20 i

83 1309 190 28 riksdagsmännen
298 1309 76 21 endast
398 1315 23 15 se
446 1310 171 26 representanter
642 1307 34 22 för
696 1308 73 23 lokala
791 1309 40 21 och

83 1343 185 26 ständsintressen,
283 1343 41 22 och
340 1343 70 21 denna
420 1342 56 27 äsigt
487 1343 79 22 saknar
576 1343 46 21 icke
632 1345 57 19 ännu
701 1343 129 27 anhängare.

84 1377 33 22 En
132 1376 67 22 sädan
213 1375 137 28 uppfattning
368 1377 25 20 är
411 1375 60 27 dock,
490 1376 66 27 enligt
573 1376 114 21 utskottets
705 1375 61 28 äsigt,
785 1376 47 21 icke

85 1411 56 27 enlig
159 1410 95 21 hvarken
270 1409 50 22 med
337 1409 79 22 Finska
434 1409 76 22 folkets
527 1410 134 21 närvarande
679 1409 153 28 ständpunkt
821 1405 16 37 i

85 1444 139 24 förevarande
238 1444 99 23 afseende
356 1444 50 22 eller
420 1444 49 22 med
483 1443 89 24 allmänt
586 1446 94 27 antagna
694 1444 138 29 grundsatser

85 1480 7 21 i
106 1480 99 22 nutidens
218 1479 168 29 representativa
399 1478 157 29 författningar.
585 1479 43 22 Det
644 1481 25 20 är
686 1479 49 23 hela
749 1479 83 22 landets
