1006 1681
270 99 71 23 Nådiga
353 101 137 21 Propositionen
502 102 33 16 N:o
548 102 16 15 9.
735 102 34 16 419

112 163 12 28 $
141 164 31 19 14.
202 162 119 23 Damlucka
334 163 35 22 vid
384 164 123 23 vattenverk
517 165 55 21 skall
582 163 69 24 hållas
662 166 72 27 öppen
744 165 49 22 från

45 197 40 21 den
102 199 24 19 15
138 197 44 28 Maj
197 197 33 22 till
245 198 40 21 den
302 200 10 19 1
326 198 126 28 November,
466 193 40 39 der
518 200 69 27 skada
602 207 76 20 genom
692 200 101 28 dämning

43 232 43 21 kan
101 239 70 14 annan
183 233 128 21 förorsakas.
337 232 46 22 Har
395 241 63 19 egare
469 234 24 21 af
502 234 123 21 vattenverk
636 235 93 27 lagligen
739 235 54 21 und-

43 265 41 22 fätt
102 266 102 27 rättighet
222 269 32 18 att
271 267 68 21 under
353 267 53 26 hela
424 267 47 22 äret
489 268 51 23 eller
558 267 70 29 nägon
646 269 98 21 bestämd
762 269 31 20 tid

44 300 62 21 deraf
118 300 108 21 bibehålla
241 300 157 23 vattenståndet
409 302 34 20 vid
453 301 70 28 någon
534 303 42 21 viss
591 303 57 27 höjd,
659 310 47 14 som
718 310 75 20 genom

43 335 73 21 märke
134 333 28 29 på
186 335 42 21 fast
249 336 70 27 grund
340 343 57 20 noga
419 335 106 23 fastställd
543 337 75 26 blifvit,
637 337 95 27 iakttage
750 337 42 21 han

42 368 57 22 hvad
117 368 90 23 sålunda
224 369 8 21 i
250 370 73 27 hvarje
341 369 38 22 fall
397 370 133 22 föreskrifvet
549 372 31 20 är.
613 371 80 22 Blifver
711 373 83 20 vattnet

43 410 76 21 genom
134 405 54 20 hans
203 403 132 23 förvällande
349 405 66 28 högre
430 405 124 27 uppdämdt,
570 405 50 22 böte
632 405 70 22 såsom
713 406 80 22 nedan-

42 437 46 22 före
103 439 68 27 säges.

111 482 11 27 8
139 482 32 21 15.
201 482 42 21 Det
264 482 55 21 skall
340 489 51 14 vara
413 490 25 14 en
458 483 39 21 och
516 483 52 21 hvar
586 483 109 27 förbjudet
711 483 33 21 att
762 484 31 21 uti

42 516 127 27 vattendrag
190 517 86 20 utkasta
294 515 82 27 sädant,
395 524 45 14 som
458 517 42 21 kan
518 517 113 21 förorsaka
647 517 147 28 uppdämning

42 549 52 22 eller
112 550 67 21 skada
197 550 68 22 farled
284 551 40 21 och
344 551 130 26 fiskevatten,
490 551 51 22 eller
556 553 32 20 att
602 551 109 28 upplägga
726 552 67 27 dylikt

42 583 24 22 sä
80 585 54 20 nära
148 584 56 22 intill
219 585 101 21 stranden
331 587 32 19 att
374 585 36 21 det
420 585 42 21 kan
474 585 24 22 af
506 587 82 20 vattnet
598 586 128 28 nedsköljas.
752 585 43 22 Vid

42 617 89 29 sägverk
150 619 60 21 skola
228 618 92 29 sägspän
344 627 75 20 genom
438 620 68 21 skilda
523 620 67 21 kistor
609 621 51 20 eller
681 619 29 28 pä
728 621 67 21 annat

42 652 178 29 ändamålsenligt
234 655 43 20 sätt
291 654 87 21 hindras
394 656 32 19 att
440 654 32 21 uti
485 656 82 19 vattnet
581 654 99 21 nedfalla.

110 697 12 27 &
139 698 32 20 16.
201 697 65 26 Hvar,
290 705 45 14 som
354 697 73 28 bryter
446 699 55 20 emot
519 697 159 22 föreskrifterne
696 698 8 20 i
723 698 23 27 88
767 699 27 20 14

43 731 40 20 och
100 731 25 20 15
141 731 51 22 eller
206 731 29 27 på
250 734 66 19 annat
331 733 43 20 sätt
385 732 99 27 olofligen
494 732 141 27 uppdämmer
645 733 79 25 vatten,
736 733 57 20 stän-

42 772 38 21 ger
94 765 129 28 kungsådra,
239 766 78 21 skadar
332 773 81 15 annans
428 767 52 20 fiske
496 767 50 20 eller
561 766 123 21 vattenverk
698 767 53 21 eller
762 767 31 20 af-

42 800 58 21 leder
115 801 82 20 vattnet
210 801 8 20 i
233 801 58 27 sjöar
306 801 40 21 och
361 802 113 20 strömmar
489 800 48 22 från
553 800 47 22 'dess
615 800 60 22 förra
689 801 49 27 läge
753 801 40 21 och

42 834 58 27 djup,
116 834 54 22 skall
186 834 53 22 efter
254 835 75 21 sakens
343 835 146 21 beskaffenhet
499 835 52 21 böta
562 834 47 21 från
623 835 39 21 och
673 835 49 21 med
732 835 62 28 tjugu

41 868 32 21 till
92 869 40 21 och
151 869 49 21 med
222 869 114 21 etthundra
353 869 61 21 mark
435 870 40 20 och
497 870 81 21 ersätta
596 869 87 21 skadan.
716 869 78 21 Finnes

40 902 72 29 någon
129 910 53 15 vara
195 903 8 22 i
216 903 68 22 beråd
302 905 32 20 att
352 904 87 27 vidtaga
454 903 50 22 eller
518 903 67 22 redan
600 903 64 22 hafva
678 903 32 21 till
725 905 70 21 större

41 937 52 22 eller
111 938 82 21 mindre
212 938 33 21 del
264 938 90 28 vidtagit
372 937 67 22 sådan
456 938 112 27 lagstridig
586 937 86 28 åtgärd,
692 937 36 22 må
747 938 47 27 den,

40 979 47 14 som
106 972 67 22 skada
193 972 63 22 deraf
267 972 55 22 lider
335 972 52 22 eller
401 972 92 26 befarar,
508 973 67 21 anlita
590 972 137 27 Kronofogde
742 972 52 22 eller

41 1006 119 28 Magistrat,
183 1007 83 21 hvilken
289 1007 53 21 efter
359 1007 159 27 undersökning
535 1007 8 21 i
561 1007 66 21 saken
650 1014 49 20 eger
718 1014 76 20 genom

40 1040 104 28 lämpliga
158 1040 54 22 mått
228 1042 39 20 och
282 1042 46 26 steg
343 1040 77 22 hindra
436 1041 34 21 det
484 1041 90 27 ingrepp
589 1041 7 21 i
612 1048 80 14 annans
707 1042 45 20 rätt
765 1040 28 22 el-

41 1074 32 22 ler
88 1074 41 22 den
148 1074 72 26 skada,
244 1082 46 14 som
308 1075 84 27 afböjas
410 1076 49 25 kan,
478 1076 40 21 och
536 1076 89 20 hänvisa
642 1078 102 24 parterna
763 1077 32 20 att

42 1109 32 21 sin
88 1109 66 26 talan,
171 1110 37 20 der
224 1109 40 21 den
278 1110 72 27 tvistig
365 1110 31 26 är,
412 1116 75 21 genom
501 1110 50 27 laga
565 1108 113 29 rättegång
692 1109 79 22 utföra.

84 1153 38 27 8
139 1154 31 19 17.
200 1147 146 33 Uppkommer
353 1153 51 21 tvist
415 1152 109 28 angående
535 1152 133 28 kungsådras
676 1154 58 20 rätta
746 1152 48 28 läge

41 1187 41 21 och
100 1186 74 26 bredd,
192 1187 46 21 dess
254 1187 112 28 öppnande
381 1187 51 21 eller
446 1187 124 27 stängande,
587 1187 54 21 skall
656 1187 36 21 det
706 1187 88 21 tillhöra

41 1221 80 21 allmän
136 1221 91 21 domstol
242 1223 32 19 att
288 1220 77 29 frågan
379 1223 97 26 upptaga
491 1222 39 21 och
546 1222 80 26 afgöra.

112 1264 11 27 8
141 1266 32 19 18.
202 1264 49 21 Alla
267 1264 31 26 de,
315 1271 45 15 som
371 1266 38 19 äro
421 1264 121 22 närboende
554 1264 33 22 till
598 1266 68 20 större
679 1264 53 22 eller
742 1264 53 22 min-

41 1298 39 22 dre
95 1300 120 24 strömmar,
230 1298 81 22 bäckar
326 1298 51 22 eller
393 1298 38 21 åar
446 1298 40 21 och
500 1298 35 22 vid
547 1298 47 21 dem
605 1298 64 21 hafva
680 1305 51 19 egor
744 1298 51 21 eller

42 1331 38 21 der
95 1331 69 27 nyttja
182 1331 52 21 fiske
253 1332 51 20 eller
318 1331 74 26 farled,
418 1332 52 20 eller
485 1331 39 21 och
543 1331 126 21 annorledes
686 1333 40 19 äro
740 1331 8 21 i
763 1338 33 15 sa-

42 1365 41 22 ken
102 1365 112 27 delaktige,
233 1365 60 21 skola
310 1372 53 14 vara
380 1365 89 28 pligtige
487 1367 39 24 att,
546 1365 70 21 derest
630 1364 77 22 sådant
721 1365 75 28 nödigt

43 1401 31 25 är,
94 1399 82 29 årligen
197 1400 67 21 under
282 1399 46 29 lågt
346 1399 135 23 vattenstånd
499 1406 108 22 upprensa
625 1399 71 29 dylika
714 1401 82 21 vatten-

44 1434 59 28 drag.
132 1434 42 22 Det
191 1434 129 22 tillkommer
334 1434 138 22 Guvernören
489 1436 33 20 att
540 1434 55 22 efter
614 1442 26 14 en
654 1435 63 21 hvars
735 1436 61 26 nytta
