1000 1684
204 122 32 16 282
411 120 71 22 Nådiga
493 120 137 21 Propositionen
642 120 34 16 N:o
688 120 17 16 4.

248 184 44 27 gon
305 182 85 22 vikarie
405 185 121 25 emottages,
536 181 114 29 förrättas
665 182 163 27 inventeringen
843 181 25 29 af
879 188 52 21 pro-

249 220 46 18 sten
309 217 53 21 eller
376 216 40 21 den
430 220 69 24 prest,
518 216 43 20 han
579 216 75 22 dertill
665 216 133 28 förordnar.
827 215 53 22 Alla
897 217 34 19 in-

248 252 139 27 venteringar
406 250 60 21 skola
484 250 34 21 ske
536 251 10 20 i
564 252 96 20 närvaro
679 250 26 29 af
721 250 149 28 kyrkovärden
893 250 38 20 och

250 292 25 14 en
294 286 25 28 af
335 285 140 29 kyrkorädets
493 285 142 21 medlemmar.
668 284 34 30 Af
717 284 214 28 inventeringshand-

224 320 129 28 lingarna
367 319 55 22 skall
437 323 29 17 ett
484 320 110 27 exemplar
609 320 35 20 till
662 318 140 29 domkapitlet
820 318 110 22 insändas.

504 382 25 28 $$
544 380 129 23 302—305.

368 425 62 28 (Lika
443 425 49 22 med
507 426 24 26 88
547 426 111 20 304—307
673 424 8 21 i
695 424 119 28 förslaget.)

456 533 79 24 Femte
560 532 165 31 Afdelningen.

285 592 35 21 Om
334 592 25 20 de
374 592 88 21 enskilta
475 592 248 26 kyrkoförsamlingarnas
737 590 53 22 vård
804 597 32 15 om
850 591 45 21 sina

444 630 97 26 kyrkliga
556 630 179 26 angelägenheter.

416 690 178 20 Adertonde
617 692 149 22 Kapitlet.

498 732 30 22 Om
543 732 139 28 kyrkostämma.

504 788 26 28 $$
545 784 130 23 306—308.

367 828 62 28 (Lika
443 828 49 21 med
506 828 24 27 88
546 828 112 20 308—310
672 827 8 21 i
694 826 118 30 förslaget.)

549 891 12 28 $
576 889 55 22 309.

306 935 66 28 (Lika
392 934 49 21 med
462 935 12 27 $
497 935 39 20 311
559 933 8 21 i
588 933 113 28 förslaget,
722 941 49 14 men
796 935 33 20 att
854 934 12 27 &
888 935 41 20 209

249 969 95 28 citeras.)

493 1006 25 27 $$
534 1004 42 22 310
592 1005 38 20 och
644 1004 44 21 311.

346 1049 62 27 (Lika
422 1048 49 21 med
486 1049 24 27 $$
526 1049 40 20 312
582 1048 40 21 och
638 1049 39 20 313
692 1047 8 21 i
714 1047 118 29 förslaget.)

552 1111 12 28 $
580 1109 48 22 312.

305 1154 63 29 (Lika
381 1154 49 22 med
445 1155 11 27 &
472 1155 42 20 314
528 1153 8 22 i
550 1153 108 28 förslaget,
669 1161 48 14 men
729 1155 32 20 att
776 1154 40 21 här
830 1153 98 22 hänvisas

248 1189 34 22 till
296 1190 12 27 $
324 1189 56 28 314.)

488 1235 26 26 $$
530 1233 42 21 313
587 1233 39 20 och
640 1232 46 21 314.

311 1276 61 28 (Lika
387 1275 49 22 med
450 1276 24 27 $$
490 1277 40 19 315
546 1275 39 22 och
601 1277 40 19 316
656 1275 8 21 i
678 1275 118 31 förslaget.)

550 1339 13 28 $
578 1337 45 22 315.

302 1383 168 29 Kyrkostämma
481 1383 67 21 hälles
560 1383 62 29 äfven
632 1383 42 20 när
683 1381 94 22 kronans
789 1382 139 29 befallnings-

245 1417 113 31 hafvande,
370 1417 146 29 domkapitlet,
528 1417 248 29 visitationsförrättare
788 1418 52 21 eller
852 1417 77 30 kyrko-

245 1453 63 22 rådet
326 1453 36 22 det
380 1452 72 27 äskar,
471 1453 51 21 eller
538 1453 28 21 dä
586 1452 147 29 ordföranden
749 1452 35 21 det
798 1453 78 28 nödigt
886 1453 43 26 jin-
