998 1681
199 102 32 16 316
405 100 71 22 Nådiga
488 100 137 22 Propositionen
638 101 34 17 N:o
684 102 16 16 5.

243 164 38 21 Uti
296 158 137 27 Österbotten
447 162 143 22 förekommer
604 163 76 21 härvid
695 163 76 22 endast
786 164 40 21 den
837 164 91 26 skilnad,

176 200 32 19 att
228 198 72 21 likstol
322 197 96 27 erlägges
440 197 34 21 för
495 198 186 27 hemmansegares
703 197 61 27 barn,
786 205 46 14 som
854 197 75 29 begått

175 232 106 26 nattvard,
297 231 48 22 med
360 239 27 13 en
402 231 60 21 daler
480 231 136 28 silfvermynt,
632 232 150 21 motsvarande
798 234 10 19 1
824 232 62 21 mark
901 234 27 19 92

175 267 74 27 penni;
265 266 35 22 för
313 266 101 28 legohjon
432 266 48 21 med
495 268 75 19 sexton
585 267 37 20 öre
638 266 50 21 eller
704 268 26 19 96
746 266 64 28 penni
824 268 56 20 samt
895 266 34 22 för

175 300 144 28 minderårige
332 300 55 21 barn
401 300 49 22 med
468 300 45 22 åtta
532 302 37 19 öre
587 300 52 22 eller
654 302 26 20 48
696 301 70 27 penni,
782 300 85 22 hvilken
881 301 48 21 sist-

175 335 93 22 nämnde
283 334 62 28 afgift
359 334 95 22 tillfaller
468 335 158 27 kapellanerne.

244 370 43 21 För
305 369 97 28 barndop
421 370 24 20 är
463 369 148 28 kyrkoherden
629 369 121 28 berättigad
772 369 33 22 till
826 370 48 28 fyra
892 370 37 21 öre

177 404 52 22 eller
244 406 27 19 24
285 404 71 27 penni,
372 404 41 21 och

244 438 34 22 för
290 438 126 29 kyrkogång
428 438 51 22 eller
489 438 114 28 inledning
613 438 34 21 till
657 418 43 53 åtta
716 440 4 4 €
715 440 37 20 öre
763 438 51 22 eller
822 440 27 20 48
857 439 71 33 penni.

243 474 44 21 För
294 473 69 24 dessa
377 473 70 28 bägge
458 473 129 21 sistnämnde
598 472 155 29 förrättningar
763 472 81 29 utgår
837 464 14 42 i
857 468 72 27 Öster-

175 508 75 22 botten
263 508 141 21 tillsammans
421 509 25 19 12
462 509 36 19 öre
514 507 51 21 eller
580 508 26 20 72
621 508 70 26 penni.

244 542 43 22 För
302 542 152 28 lysningssedel
468 542 127 22 tillkommer
610 542 147 28 kyrkoherden
772 542 47 28 fyra
830 543 36 21 öre
878 542 52 22 eller

177 578 28 20 24
219 577 65 27 penni
299 576 40 21 och
354 577 7 20 i

248 610 194 29 Vigselpenningar
457 609 46 23 åtta
517 611 37 21 öre
569 610 52 22 eller
637 612 27 19 48
678 611 74 26 penni;
770 617 49 14 men
833 611 8 20 i
856 605 73 27 Öster-

176 645 75 22 botten
266 645 96 28 erlägges
377 645 33 21 till
428 645 147 28 kyrkoherden
593 645 35 21 för
645 645 84 28 lysning
748 645 39 21 och
806 645 66 27 vigsel
887 645 42 21 till-

176 687 106 14 sammans
301 687 26 14 en
346 679 59 21 daler
424 679 130 28 silfvermynt
572 679 51 22 eller
643 681 9 18 1
672 679 62 21 mark
752 681 26 19 92
801 679 64 28 penni
888 679 40 22 och

177 716 31 20 ett
225 721 40 20 par
283 715 118 26 strumpor;
421 714 112 21 hvarutom
555 713 126 28 kapellanen
700 713 80 28 jemväl
800 713 129 22 tillkommer

177 750 30 20 ett
220 756 41 20 par
275 747 86 23 sådane.

244 783 42 21 För
308 783 118 21 socknebud
447 783 82 21 betalas
555 783 62 27 högst
643 783 47 28 fyra
711 783 83 27 kappar
816 782 39 29 råg
877 782 52 22 eller

175 817 61 26 korn,
251 825 49 14 men
314 817 7 21 i
337 813 137 26 Österbotten
493 819 24 20 är
535 817 159 28 presterskapet
712 817 72 22 derför
802 817 19 28 ej
840 817 88 22 berätti-

176 852 52 28 gadt
241 852 33 21 till
289 852 91 21 särskild
395 852 124 27 ersättning.

243 885 140 30 Dagsverken
390 887 88 26 utgöras
486 886 65 27 enligt
558 886 180 27 författningarne
748 886 76 22 endast
834 887 8 20 i
854 882 73 26 Öster-

175 921 80 22 botten.

243 955 66 21 Utom
331 955 139 21 förenämnde
488 955 116 22 inkomster
626 954 48 22 från
696 955 177 27 församlingarne
895 954 33 22 åt-

174 989 62 28 njuta
246 989 174 28 kyrkoherdarne
430 989 7 21 i
448 997 26 13 en
486 989 34 21 del
534 991 127 26 pastorater,
677 989 141 28 synnerligast
832 989 7 20 i
855 984 72 27 Öster-

174 1023 81 26 botten,
270 1023 140 22 kronotionde
426 1023 44 21 dels
481 1024 7 20 i
499 1023 100 28 vederlag
611 1023 34 22 för
659 1023 56 21 vissa
730 1023 132 28 förläningar
876 1023 52 22 eller

174 1057 122 26 inkomster,
315 1057 77 26 hvilka,
411 1057 122 28 isynnerhet
552 1057 35 22 vid
609 1057 41 21 den
668 1057 24 22 af
707 1057 86 28 konung
812 1057 79 22 Gustaf
909 1057 18 27 I,

174 1091 33 21 till
225 1091 51 28 följe
294 1091 25 22 af
330 1091 108 22 Westerås
456 1099 76 18 recess,
547 1091 102 28 vidtagna
667 1091 113 22 reduktion
798 1091 24 22 af
837 1092 90 27 kyrkors

175 1126 40 21 och
233 1126 96 27 andliges
347 1126 59 27 gods,
425 1125 33 22 till
475 1126 82 21 kronan
578 1126 111 27 indragits,
712 1126 68 21 ehuru
802 1126 26 21 de
850 1126 18 28 ej
892 1134 35 13 ur-

174 1160 138 27 sprungligen
330 1160 55 21 varit
402 1159 25 22 af
443 1160 82 21 kronan
543 1159 118 27 förlänade,
680 1160 44 21 dels
742 1161 8 20 i
768 1161 118 27 ersättning
905 1159 23 22 åt

173 1193 69 28 några
259 1194 36 21 vid
313 1194 109 21 allmänna
440 1194 100 27 farvägar
558 1194 84 21 bosatte
660 1196 98 25 pastorer
776 1194 34 21 för
828 1195 100 27 gästning

174 1228 40 21 och
233 1228 129 27 skjutsning,
380 1228 102 21 hvarmed
501 1228 32 25 de,
553 1227 53 21 efter
625 1228 93 27 gammal
735 1228 95 27 plägsed,
849 1229 25 20 af
893 1235 33 14 re-

174 1261 65 21 sande
254 1261 128 21 besvärades
397 1261 7 20 i
420 1261 26 21 de
460 1261 63 26 tider,
535 1260 28 21 då
578 1261 147 27 gästgifverier
740 1261 18 28 ej
774 1261 76 22 funnos
862 1262 8 20 i
881 1261 46 22 lan-

174 1296 35 21 det
227 1295 112 22 inrättade.
376 1295 104 28 Beloppet
499 1295 24 22 af
540 1295 69 22 denna
627 1295 140 22 kronotionde
789 1296 108 22 omvexlar
919 1297 8 21 i

173 1330 116 22 allmänhet
311 1329 48 23 från
381 1332 13 19 8
416 1330 33 21 till
471 1332 26 19 20
519 1332 79 20 tunnor
620 1329 103 29 spanmål,
742 1338 48 14 men
811 1330 64 28 utgår
892 1331 35 21 till

172 1365 147 28 kyrkoherden
338 1365 7 21 i
363 1366 109 21 Kuusamo
492 1365 49 22 med
555 1366 27 20 40
601 1367 85 25 tunnor,
705 1365 33 22 till
756 1365 170 29 kyrkoherden
912 1361 17 37 i

173 1400 76 29 Ulfsby
263 1400 49 22 med
327 1402 26 20 48
368 1402 79 20 tunnor
462 1400 40 22 och
520 1400 33 21 till
570 1400 149 28 kyrkoherden
737 1400 7 22 i
762 1400 53 28 Pojo
834 1400 48 22 med
898 1402 27 20 50

173 1437 78 19 tunnor
265 1434 104 29 spanmål.
