1000 1686
297 113 71 27 Nådiga
380 118 136 22 Propositionen
528 119 34 17 N:o
574 120 17 16 5.
763 117 31 20 299

420 182 12 28 8
448 183 18 20 5.

126 210 95 45 "Önskär
239 228 57 39 prest
308 220 59 40 eller
382 208 128 52 församling
528 230 32 20 att
578 223 68 27 större
665 208 60 42 iller
734 208 84 47 ET

69 252 35 40 del
111 244 32 38 a
154 253 96 34 prestbol
265 260 36 22 mä
310 260 38 23 för
362 262 42 21 viss
418 262 32 21 tid
464 262 157 29 utarrenderas,
638 263 39 23 och
692 263 86 21 komma
792 264 26 20 de

69 286 74 37 derom
153 289 107 41 Otverens,
278 291 49 29 kan.
340 294 76 23 sädant
435 296 49 21 med
498 294 158 23 vederbörande
671 293 147 40 Domkapitels

69 321 109 36 samtycke
196 326 46 29 ske;
268 329 54 22 dock
340 331 32 20 att
390 330 179 28 arrendeafgiften
587 331 61 21 alltid
666 331 96 22 tillfaller
780 331 37 22 bo-

70 363 219 22 ställsinnehafvaren.

422 409 68 28 8:6..

138 445 33 38 Den
187 445 99 38 -tionde-
304 449 53 24 eller
374 451 184 28 tertial-spanmäl,
578 449 46 24 som
642 452 24 21 af
681 451 60 23 ålder
762 450 56 24 varit

69 484 185 29 kyrköherdarnes
268 485 8 21 i
290 485 74 27 hvarje
381 483 97 30 pastorat
496 483 123 25 obestridda
636 487 109 28 rättighet,
761 482 58 26 skall

69 519 7 22 i
92 519 26 22 de
133 519 59 22 delar
206 519 25 22 af
242 519 80 27 landet,
338 519 38 22 der
391 520 122 23 densamma
526 520 30 28 pä
570 521 69 28 grund
654 521 24 22 af
688 521 130 22 -tiondesätt-

70 553 51 28 ning
140 553 52 22 eller
210 554 105 21 särskilda
333 554 133 28 stadganden
484 555 74 21 hittills
577 555 76 27 utgätt,
673 555 62 22 äfven
754 556 64 20 fram-

70 588 57 22 deles
143 588 130 22 oförändrad
287 588 119 22 bibehållas
421 588 70 23 såsom
506 592 30 19 ett
548 585 203 49 jordlägenheterna
766 589 52 29 ålig-

70 622 69 28 gande
154 622 95 28 ständigt
263 622 126 29 lönebidrag
402 624 33 20 till
449 624 157 28 kyrkoherden;
629 629 48 17 men
695 623 29 29 på
743 624 26 22 de
784 632 34 14 or-

69 656 45 27 ter,
124 657 86 21 hvarest
224 656 206 28 tertial-spanmålen
448 658 79 28 erlagts
546 658 53 22 efter
616 654 61 26 årets
691 659 57 25 växt,
767 653 52 27 eller

72 691 68 28 enligt
152 690 80 22 träffad
246 691 92 22 särskild
349 692 210 22 öfverenskommelse
570 692 90 22 emellan
671 689 148 31 kyrkoherden

71 726 41 21 och
126 725 281 27 hemmansinnehafvarene,
422 726 126 22 bestämmes
560 727 69 21 denna
643 726 63 29 afgift
720 722 34 26 till
767 728 52 21 visst

70 760 78 28 belopp
164 759 13 23 å
191 760 74 28 hvarje
279 760 110 28 lägenhets
403 761 87 27 mantal,
504 761 117 22 uträknadt
635 761 54 22 efter
699 764 31 19 ett
740 762 79 22 medel-

70 794 32 22 tal
117 794 25 22 af
153 794 56 22 hvad
223 794 49 22 från
287 795 99 27 samtliga
401 795 107 22 mantalen
518 796 58 21 inom
587 796 152 28 församlingen
750 796 69 22 under

71 829 27 22 de
112 829 30 21 tio
157 828 142 22 sistförflutna
313 828 51 22 åren
378 830 8 20 i
400 828 78 23 sådant
488 830 98 21 afseende
596 830 102 27 utgjorts;
714 830 104 28 börande,

71 863 72 22 derest
156 862 66 29 något
236 865 48 26 nytt
297 863 100 22 hemman
408 863 14 22 3
432 863 81 22 sådana
524 866 58 19 orter
592 863 97 29 uppstår,
701 864 118 23 detsamma

69 898 80 28 jemväl
163 896 88 30 påföras
267 898 113 21 anahanda
394 899 78 24 tertial,
484 905 46 15 som
544 897 14 23 å
572 899 26 21 de
614 899 71 28 gamla
695 896 124 31 jordlägen-

70 933 90 22 heterna
173 933 8 21 i
195 932 154 29 församlingen
364 933 66 28 enligt
444 933 140 22 nästnämnda
595 933 69 28 grund
678 934 33 28 sig
725 933 93 28 belöper.

70 968 48 21 Den
135 967 78 27 tertial,
232 975 47 14 som
295 966 49 23 från
362 968 88 21 säterier
466 968 40 21 bör
524 967 58 29 utgå,
601 968 54 22 skall
673 968 96 22 deremot
783 969 35 21 be-

72 1003 101 21 stämmas
188 1002 101 28 antingen
300 1009 76 21 genom
387 1002 166 29 tiondesättning
564 1003 52 21 eller
627 1010 76 21 genom
713 1003 105 28 förening,

71 1037 87 27 lämpad
180 1037 53 21 efter
255 1037 36 21 det
312 1035 140 28 förhållande,
470 1037 60 22 hvari
544 1033 209 50 tertial-spanmålen
767 1033 53 47 från

72 1071 69 22 andra
154 1071 144 28 lägenheter
290 1067 12 36 i
314 1073 61 20 orten
389 1073 93 26 utgöres.

424 1132 12 28 8
452 1134 18 19 7.

88 1189 6 6 -
111 1169 14 37 +
141 1174 35 21 All
191 1181 71 14 annan
272 1174 73 21 tionde
358 1173 34 22 till
406 1175 163 26 presterskapet,
581 1181 50 15 vare
642 1175 32 27 sig
685 1175 73 26 smör-,
770 1174 49 22 fisk-

74 1208 51 22 eller
143 1209 140 27 gvicktionde,
301 1208 85 28 utbytes
405 1210 57 19 emot
482 1208 111 22 bestämda
615 1209 90 27 afgifter.
739 1204 82 27 Härvid

73 1243 109 22 äfvensom
196 1243 35 22 vid
245 1243 171 22 bestämmandet
431 1242 23 22 af
467 1237 29 27 de
508 1243 92 27 afgifter,
615 1243 72 22 hvilka
700 1243 54 21 böra
768 1242 52 29 utgä

73 1277 34 22 för
124 1277 110 28 bergverk,
253 1277 62 26 bruk,
333 1276 70 28 sägar,
423 1284 97 20 gvarnar,
540 1277 94 22 fabriker
651 1277 41 22 och
707 1277 68 21 andra
789 1277 31 21 in-

73 1312 127 26 rättningar,
214 1311 55 20 skall
284 1311 99 20 afseende
397 1311 67 20 fästas
479 1310 14 21 &
508 1311 25 20 de
547 1312 35 19 för
596 1311 73 20 landet
683 1311 7 20 i
705 1311 116 21 allmänhet

74 1345 40 21 och
129 1344 85 21 särskilt
232 1344 34 21 för
283 1344 57 21 vissa
357 1345 57 20 orter
430 1344 97 27 gällande
541 1343 152 28 författningar
708 1344 41 21 och
763 1344 57 21 stad-

74 1379 90 27 ganden,
182 1378 58 26 eller,
259 1377 133 23 beträffande
410 1377 81 22 sådana
508 1378 142 27 inrättningar
669 1378 40 21 och
723 1378 97 27 närings-

69 1407 61 37 fång,
146 1412 38 22 för
201 1412 72 22 hvilka
289 1411 111 23 bestämda
418 1411 131 22 föreskrifter
563 1412 7 20 i
586 1412 59 21 detta
658 1411 100 22 afseende
774 1412 46 21 sak-

74 1454 46 19 nas,
138 1446 14 22 å
170 1446 18 29 ej
208 1446 83 22 mindre
309 1446 41 21 den
368 1444 48 23 från
432 1446 47 21 dem
493 1445 106 29 utgående
614 1446 57 22 skatt
685 1443 33 25 till
732 1446 89 22 Kronan
839 1476 3 4 -
