1003 1684
282 118 72 23 Nådiga
366 119 136 21 Propositionen
514 120 34 16 N:o
561 120 15 15 5.
749 120 33 17 339

54 182 72 27 lingen
140 181 103 29 uppföras
258 182 41 21 ock
312 182 142 27 underhållas,
470 182 84 22 hvilken
569 183 110 28 jemkning
697 184 40 21 och
755 191 47 21 reg-

55 216 108 28 lering:af
175 216 256 28 byggnadsskyldigheten
450 217 19 27 ej
487 217 67 22 heller
572 218 61 21 torde
649 218 85 22 minska
751 220 52 20 utan

54 258 89 14 snarare
160 251 88 28 utvidga
266 251 41 21 den
319 252 163 27 presterskapet
499 252 31 21 uti
544 252 121 28 privilegier
680 253 39 21 och
735 253 68 27 öfriga

53 285 153 27 författningar
223 285 158 22 tillförsäkrade
395 288 47 18 rätt
463 286 7 21 i
492 286 59 21 detta
572 286 105 22 afseende.
714 286 89 22 Instem-

53 319 78 21 mande
144 318 64 23 alltså
222 319 101 22 likaledes
341 320 4 20 i
358 320 56 21 Herr
428 320 133 22 Ehrnrooths
575 321 130 21 reservation
715 321 8 20 i
735 321 68 21 denna

54 353 41 27 del,
108 352 36 23 får
155 354 39 28 jag
208 353 78 23 föreslå
300 355 33 20 att
347 354 12 28 $
374 356 14 19 4
402 354 80 22 erhölle
496 354 94 28 följande
605 354 88 28 lydelse:

247 388 75 22 Hörer
338 389 35 21 till
388 388 142 29 kyrkoherdes
541 390 53 20 eller
606 389 72 21 annan
690 389 112 22 ordinarie

187 426 72 25 prests
278 422 158 30 löneförmoner
451 424 159 28 jordlägenhet,
630 423 59 22 skola
712 424 44 21 alla
777 424 25 22 de

190 457 45 26 hus,
255 464 45 14 som
312 457 41 29 för
372 458 35 20 det
425 458 108 28 egentliga
547 458 130 28 jordbruket
695 458 106 28 behöfvas,

191 492 25 28 af
228 492 155 28 innehafvaren
402 492 80 28 byggas
500 492 39 21 och
556 493 10 20 i
584 493 50 28 laga
652 492 59 22 skick
725 492 78 22 under-

190 526 76 26 hållas,
287 526 108 22 hvaremot
414 526 187 29 boningsrummen
618 527 39 20 och
671 526 92 22 särskilt
777 528 25 20 de

190 568 44 14 som
248 561 37 21 till
303 560 126 22 embetsrum
448 560 112 30 begagnas,
580 562 69 20 såsom
667 561 37 21 ock
723 562 79 21 sädane

189 595 70 26 uthus,
275 602 45 14 som
334 596 119 28 egentligen
462 596 42 28 för
515 599 99 25 prestens:
628 596 99 21 enskilda
742 596 63 29 behof

189 636 91 14 snarare
303 631 37 20 än.
347 630 42 28 för
412 630 110 21 boställets
545 630 129 26 tillkommit,
697 630 104 29 uppföras

189 664 39 21 och
246 664 139 22 underhållas
402 665 26 27 af
441 664 168 29 församlingen,
632 664 85 22 hvilken
738 665 64 29 äfven

190 698 39 21 bör
238 698 64 30 förse
317 699 25 21 de
358 699 111 21 ordinarie
481 701 94 26 prester,
591 706 45 14 som
651 700 19 27 ej
684 699 118 29 innehafva

189 733 79 21 sådane
291 733 36 21 bot
346 733 48 21 med
416 734 140 28 boningsrum
578 734 38 20 och
637 734 79 28 nödige
737 733 64 22 uthus

189 774 19 14 o.
224 775 16 14 s.
256 775 18 14 v.
291 768 65 28 enligt
369 767 80 28 nådiga
463 768 166 27 propositionen.

120 802 50 22 Med
189 802 98 22 afseende
305 801 14 23 &
335 802 56 23 hvad
410 802 108 22 .ofvanföre
536 810 35 14 om
589 803 81 21 tionde-
689 802 51 22 eller
755 805 45 19 ter-

52 835 174 30 tialsspanmälen
239 837 126 22 framställts
380 838 40 21 och
436 836 28 23 dä
479 837 69 22 denna
566 836 62 27 skatt,
647 836 70 23 såsom
734 837 66 23 också

51 872 67 22 redan
133 871 243 29 sjelfva:benämningen
394 872 95 26 innebär,
504 872 112 21 fastställts
631 873 40 20 och
685 872 115 22 beräknats

52 909 33 19 att
97 908 79 27 utgöra:
193 913 26 15 en
236 906 143 28 tredjedel.af
390 907 50 20 hela
454 907 40 21 den
508 906 75 28 hvarje
597 906 99 28 lägenhet
709 905 91 29 päförde

51 940 176 29 tiondespainmä!,
236 941 73 22 borde
319 942 12 27 &
344 943 12 19 6
367 940 83 23 erhålla
460 941 94 28 följande
567 941 128 21 förändrade
709 941 90 28 lydelse:

243 975 49 22 Den
307 977 80 20 tionde-
402 977 52 20 eller
470 976 178 28 tertialspanmäl,
667 983 44 14 som
729 977 26 28 af
768 976 33 21 äl-

189 1011 37 21 der
250 1011 97 28 tillfallit
364 1010 162 29 presterskapet
549 1010 38 21 och
609 1009 88 22 hvarom
719 1011 9 20 i
747 1011 15 27 $
784 1009 16 21 3

187 1046 95 25 nämnes,
298 1044 55 22 skall
367 1045 10 20 i
391 1044 25 22 de
431 1045 61 20 delar
504 1044 24 29 af
537 1045 79 24 landet,
628 1044 38 21 der
677 1044 123 22 densamma

184 1079 33 28 pä
234 1079 73 28 grund
326 1079 25 28 af
367 1079 170 28 tiondesättning
556 1079 51 21 eller
622 1079 106 21 särskilta
742 1080 58 21 stad-

188 1114 85 29 ganden
292 1114 78 21 hittills
391 1113 80 28 utgått,
491 1113 63 30 äfven
569 1113 120 29 framdeles
712 1113 88 29 oförän

187 1148 57 22 drad
262 1149 37 20 till
316 1148 96 28 beloppet
431 1147 125 27 :bibehållas,
574 1155 47 14 men
634 1148 33 27 pä
685 1148 25 21 de
733 1151 65 23 orter,

188 1183 86 21 hvarest
289 1183 210 28 tertialsspanmälen
513 1182 82 28 erlagts
609 1181 54 28 efter
679 1183 58 20 årets
748 1183 52 22 växt

187 1218 54 21 eller
264 1217 70 29 enligt
363 1217 85 28 träffad
478 1215 206 30 öfverenskommelse
710 1217 89 20 emellan

189 1250 147 30 kyrkoherden
357 1251 51 21 och
418 1250 268 29 hemmansinnehafvaren,
709 1251 89 20 bestäm-

187 1293 43 14 mes
247 1285 73 22 denna
342 1285 66 29 afgift
421 1285 19 20 å
458 1285 74 28 hvarje
555 1284 98 28 lägenhet
672 1285 35 20 till
724 1284 75 29 halfva

188 1319 96 28 beloppet
298 1319 26 28 af
337 1314 63 37 hvad:
406 1314 155 37 kronotionden
571 1318 42 27 för
628 1318 125 27 lägenheten
766 1321 33 17 wt-

188 1354 53 27 gör;
260 1352 94 21 börande
372 1353 70 20 derest
461 1358 19 15 o.
498 1359 16 14 s.
533 1359 19 14 v.
571 1351 66 27 enligt
654 1350 78 29 nådiga
749 1355 49 23 pro-

188 1387 125 27 positionen.

120 1422 42 28 Jag
179 1422 42 21 kan
240 1421 99 28 slutligen
357 1421 46 21 icke
420 1420 86 22 biträda
523 1419 114 23 utskottets
654 1419 143 27 förmenande,

53 1459 32 20 att
99 1456 66 29 något
183 1455 142 24 framstående
344 1463 55 21 gagn
417 1456 19 27 ej
451 1463 50 14 vore
519 1457 32 20 att
569 1455 97 22 förvänta
685 1455 24 22 af
725 1455 25 22 de
765 1455 6 21 i
786 1456 12 27 $
