1014 1681
763 114 6 8 ja

292 111 70 23 Nädiga
374 112 136 22 Propositionen
522 113 34 17 N:o
571 114 26 16 11.
761 114 32 16 525

193 175 27 21 D
234 176 19 27 8.
279 176 100 28 Rymmer
393 176 108 28 gäldenär
510 177 42 28 för
568 177 68 26 skuld,
651 177 52 21 eller
717 179 100 26 missger-

136 211 114 27 ningsman'
265 209 44 30 för
327 210 65 27 brott,
420 211 30 21 mä
456 211 134 28 ingendera
610 211 81 27 fridlös
715 212 101 26 dömmas,

135 247 54 17 utan
204 244 66 21 varde
284 245 47 20 med
346 245 71 28 utslag
434 252 33 13 om
482 245 80 20 brottet
576 245 123 26 innehället,
716 247 45 20 tills
777 246 40 21 den

135 278 73 27 rymde
224 279 145 28 tilläfventyrs
385 279 36 20 till
439 286 61 14 svars
519 279 99 25 kommer,
634 280 51 20 eller
698 280 42 27 för
755 281 62 19 rätta

135 312 80 20 ställes.*
244 312 36 27 (H.
295 312 24 20 B.
337 313 25 19 16
381 312 49 27 kap.
450 313 12 19 5
481 313 12 26 &
512 313 40 20 och
570 312 76 27 Kongl.
665 312 150 22 konkursstad-

135 352 43 21 gan
191 345 40 22 den
246 347 26 20 28
284 346 50 21 Juni
347 348 53 19 1798
412 347 11 27 $
437 348 25 19 17
473 354 63 14 mom.
549 348 22 25 2;
586 346 29 21 M.
627 347 23 21 B.
664 349 26 19 26
702 347 48 28 kap.
764 349 9 19 1
787 348 28 27 $.)

415 418 23 17 3
457 418 79 22 Kap.

216 466 49 21 Huru
280 468 54 20 ärans
349 466 65 22 förlust
428 467 28 21 till
472 468 55 21 annat
541 467 54 22 straff
606 467 81 28 förhytas
701 467 35 23 mä.

190 508 27 21 13
232 509 18 28 $.
280 508 51 21 Har
349 510 78 28 någon,
446 511 67 28 enligt
533 511 36 28 lag
588 511 52 20 eller
655 510 95 22 särskild
763 511 52 28 för-

129 544 107 29 fattning,
256 544 60 29 gjort
337 545 33 28 sig
383 544 111 29 förfallen
512 545 35 21 till
566 546 66 20 ärans
644 545 91 28 förlust,
755 545 58 21 döm-

133 585 42 14 mes
193 579 10 20 i
220 579 73 20 stället
312 579 35 20 till
366 578 85 22 tukthus
464 579 57 29 frän
540 579 38 21 och
596 579 47 21 med
659 580 35 21 tvä
709 580 104 21 mänader

135 614 36 20 till
189 613 38 21 och
245 614 47 20 med
308 614 36 20 två
359 614 33 25 är,
408 615 52 20 eller
476 615 35 20 till
520 614 101 29 fängelse
636 615 36 20 vid
687 618 72 17 vatten
775 615 38 20 och

134 647 55 22 bröd
201 648 57 28 från
277 647 38 21 och
332 648 47 21 med
397 648 48 21 åtta
467 649 35 20 till
524 649 38 20 och
584 649 47 20 med
653 649 61 28 tjugu
736 649 77 28 dagar,

133 686 55 17 samt
206 683 65 20 varde
295 682 73 21 tillika
384 682 122 29 förklarad
529 683 93 28 ovärdig
643 683 170 29 medborgerligt

127 717 130 28 förtroende
271 717 33 28 pä
322 717 95 21 bestämd
434 717 37 26 tid,
485 718 58 28 från
557 717 39 22 och
611 718 47 21 med
677 721 39 18 tre
725 719 35 20 till
775 718 38 21 och

131 751 48 21 med
188 751 85 29 femton
288 752 32 25 är,
337 752 51 21 eller
399 752 32 27 pä
447 751 77 28 lifstid.

188 794 121 21 Förklaras
334 795 72 28 någon
432 795 140 22 annorstädes
594 796 29 19 än
644 796 9 19 i
675 796 34 20 sin
731 795 82 21 hemort

132 829 92 28 ovärdig
243 829 169 28 medborgerligt
424 829 137 28 förtroende,
580 829 40 21 bör
639 830 84 25 sådant,
747 830 65 21 sedan

127 863 161 28 presterskapet
302 864 9 20 i
326 863 40 21 den
381 867 41 22 ort,
438 863 38 21 der
492 863 42 21 han
549 865 27 19 är
592 863 83 26 boende,
691 864 77 21 härom
779 871 34 14 er-

131 898 66 21 hållit
213 898 163 25 underrättelse,
389 898 163 28 församlingen
568 905 76 21 genom
662 897 125 29 kungörelse
803 900 10 19 i

131 931 68 30 kyrka
213 933 9 20 i
236 933 74 27 vanlig
326 932 93 28 ordning
434 932 112 28 delgifvas.

187 973 15 22 I
215 975 24 20 de
248 975 53 28 fall,
317 974 73 21 hvilka
404 975 10 20 i
424 973 25 22 15
460 975 38 20 och
509 973 27 22 16
550 975 26 27 $$
592 975 146 28 omförmälas,
753 976 58 27 gälle

131 1009 56 21 hvad
202 1009 37 21 der
255 1009 95 28 stadgas.

187 1051 24 21 14
225 1053 19 26 $.
266 1051 51 22 Med
333 1051 127 28 ovärdighet
472 1052 25 28 af
513 1051 162 28 medborgerligt
687 1051 122 28 förtroende

124 1086 87 29 förstås
220 1086 86 29 förlust
321 1086 25 29 af
358 1086 133 28 rättigheten
509 1089 33 17 att
560 1085 91 21 bekläda
669 1086 52 20 eller
735 1086 76 29 utöfva

130 1121 109 29 offentligt
261 1121 83 25 embete,
364 1121 51 20 eller
434 1124 66 17 annat
518 1121 92 20 allmänt
628 1121 58 28 värf,
704 1124 55 17 samt
778 1124 33 17 att

129 1155 76 21 dertill
218 1155 66 28 välja,
300 1155 24 20 så
339 1154 37 21 ock
392 1158 32 17 att
436 1155 57 28 föra
512 1155 61 20 talan
585 1154 42 28 för
646 1162 71 13 annan
733 1156 28 19 än
776 1155 33 27 sig

129 1190 52 28 sjelf
192 1190 52 21 eller
260 1190 34 20 sin
309 1190 75 20 hustru
398 1189 38 21 vid
454 1190 90 21 domstol
559 1190 52 20 eller
628 1197 71 21 annan
713 1189 97 29 myndig-

130 1224 41 27 het,
190 1227 32 18 att
240 1231 55 13 vara
306 1224 144 28 förmyndare
470 1227 54 17 samt
542 1227 33 17 att
593 1223 90 29 aflägga
704 1224 105 20 vittnesed

130 1259 51 20 eller
197 1266 71 12 annan
282 1259 10 19 i
307 1259 35 27 lag
358 1258 92 28 stadgad
465 1258 57 28 edlig
531 1257 131 29 försäkran.

185 1300 36 20 På
238 1301 101 20 domstols
353 1301 108 27 pröfning
481 1300 108 20 ankomme
608 1300 67 20 likväl
694 1307 33 13 om
745 1300 64 20 mäls-

128 1335 108 19 mansrätt
248 1334 42 28 för
309 1334 76 20 hustru
404 1334 38 20 och
458 1334 192 28 förmyndarerätt
672 1334 60 28 öfver
754 1340 55 21 egna

129 1368 55 23 barn
197 1368 36 20 mä
248 1368 71 24 kunna
334 1368 40 21 den
389 1367 106 29 sakfällde
504 1368 117 28 förunnas.

186 1402 24 22 15
224 1402 38 22 och
276 1401 28 22 16.
318 1402 33 30 $$.
380 1402 154 22 Oförändrade.
