1028 1681
188 109 32 16 564
386 106 71 23 Nädiga
469 106 137 22 Propositionen
617 106 35 17 N:o
665 106 27 16 12.

165 171 112 22 frikallade
295 170 49 22 från
362 170 147 28 skyldigheten
527 171 32 20 att
577 168 58 22 förse
652 168 33 28 sig
698 168 50 21 med
763 166 106 28 årstjenst,
885 168 29 21 än

166 206 40 21 ock
221 205 31 26 de,
267 204 73 23 hvilka
353 204 67 22 redan
436 211 76 21 genom
527 202 98 22 särskilte
635 201 160 23 förordnanden
805 208 49 15 vore
865 200 49 22 från

165 238 143 30 nyssnämnde
321 238 73 28 afgifts
408 237 120 28 utgörande
541 236 103 23 befriade.

233 342 30 20 Af
280 342 69 21 denna
368 340 157 28 framställning
543 346 62 22 synes
624 341 31 19 att
669 339 183 28 tingsgästningen
866 337 49 24 från

166 376 60 21 äldre
244 376 56 21 tider
318 375 89 22 tillbaka
425 374 70 28 utgått
510 374 49 22 från
570 374 77 28 jorden
662 374 40 21 och
717 374 66 27 enligt
798 373 24 21 af
834 373 82 28 Regent

167 411 40 21 och
230 410 91 22 Ständer
343 411 94 27 antagna
457 408 209 28 beskattningslagar
687 409 7 20 i
712 408 91 21 Finland
822 408 94 28 erlaggts

166 445 49 21 med
236 444 48 28 fyra
304 444 84 27 kappar
406 443 97 28 spanmäl
522 443 24 22 af
561 442 73 28 hvarje
652 442 76 26 bonde,
747 442 81 23 tilldess
846 442 71 22 denna

168 479 69 27 grund
258 478 34 22 för
313 478 194 28 tingsgästningens
525 477 119 28 utgörande
662 477 67 27 enligt
745 476 77 28 Kongl.
840 476 76 28 Regle-

167 515 80 20 mentet
262 513 41 21 den
317 514 27 20 20
359 512 120 22 November
495 514 53 20 1741
563 511 103 28 upphäfts
681 511 40 22 och
732 511 185 27 tingsgästningen

167 547 132 22 förvandlats
319 547 35 21 till
375 554 27 14 en
419 547 99 27 personel
535 546 176 27 penningeafgift,
729 545 45 21 lika
791 545 59 21 öfver
867 545 50 21 hela

168 582 66 26 riket;
251 582 108 21 äfvensom
374 583 31 19 att
419 582 8 20 i
442 581 116 26 anledning
571 580 24 21 af
607 580 89 21 Riksens
712 580 103 21 Ständers
829 579 88 28 tillstyr-

168 616 42 21 kan
228 615 103 28 ätergäng
349 615 56 21 skett
422 614 33 22 till
472 615 57 21 hvad
548 621 35 14 om
600 614 183 28 tingsgästningen
801 614 7 21 i
825 613 92 22 Finland

168 650 55 21 varit
243 649 105 29 päbjudet
365 649 46 22 före
429 649 41 21 den
488 651 27 20 20
533 649 119 22 November
672 650 53 19 1741
745 655 76 21 genom
838 648 78 28 Kongl.

168 684 85 22 Brefvet
268 684 41 21 den
325 685 26 20 22
366 683 117 22 December
499 685 61 24 1743,
575 683 85 26 hvilket,
676 682 28 22 dä
719 683 118 22 detsamma
852 683 66 28 enligt

168 719 114 21 utskottets
303 718 86 27 mening
409 717 119 22 innehäller
546 717 80 28 vigtiga
643 717 160 22 bestämmelser
820 718 8 21 i
846 718 73 21 ämnet

170 753 39 21 och
228 753 18 28 ej
264 753 67 22 finnes
349 753 83 27 intaget
445 753 8 20 i
467 751 49 22 från
530 752 83 29 trycket
626 751 84 28 utgifna
724 751 193 29 författningssam-

169 787 76 28 lingar,
263 787 70 21 blifvit
348 787 58 21 detta
420 787 135 22 betänkande
569 786 83 28 bilagdt
666 786 67 29 enligt
747 793 26 15 en
787 787 34 20 för
835 787 83 21 utskot-

169 823 32 20 tet
214 821 119 28 tillgänglig
348 821 85 21 afskrift
448 821 67 21 deraf.

237 855 149 28 Tvifvelaktigt
403 855 43 21 kan
465 862 52 15 vara
531 855 104 22 huruvida
649 858 87 25 torpare
752 855 40 22 och
807 855 68 23 andra
888 855 30 28 på

170 890 73 23 landet
259 891 84 20 bosatte
360 897 108 20 personer,
483 897 46 14 som
543 889 79 22 brukat
636 897 82 14 annans
730 889 57 29 jord,
802 889 46 22 före
864 891 52 20 1741

170 925 81 27 utgjort
269 923 270 29 tingsgästningsspanmäl,
559 925 51 20 enär
628 924 26 21 de
672 924 8 21 i
698 924 59 22 detta
775 925 62 21 ämne
850 923 68 23 utfär-

171 959 54 21 dade
240 959 158 21 förordnanden
413 959 72 21 derom
501 959 18 27 ej
531 959 70 21 lemna
611 957 71 29 någon
694 959 62 21 säker
766 959 93 28 ledning,
870 966 49 15 men

172 994 32 21 att
221 993 66 26 desse,
302 993 68 21 under
384 1000 75 14 senare
473 993 82 21 hälften
570 992 24 22 af
606 992 60 22 förra
680 993 73 26 seklet,
770 992 127 23 åtminstone
911 993 8 22 i

171 1035 27 14 en
215 1027 34 22 del
267 1027 82 22 trakter
369 1027 24 22 af
404 1027 98 26 Finland,
519 1027 82 28 erlaggt
615 1027 92 21 nämnde
722 1027 63 28 afgift
799 1028 7 20 i
820 1027 99 28 spanmål

171 1061 95 28 framgår
283 1061 66 22 bland
367 1063 66 20 annat
447 1061 24 22 af
484 1061 184 27 ofvanåberopade
683 1062 77 27 Kongl.
775 1062 53 21 Bref
841 1062 24 22 af
878 1062 41 21 den

172 1097 28 20 24
217 1096 58 21 Mars
296 1097 63 25 1778;
378 1097 110 20 hvaremot
503 1096 74 27 fattige
593 1095 114 22 afskedade
721 1096 115 27 krigsmän,
852 1097 67 20 enkor

171 1131 40 20 och
229 1130 123 27 inhysingar
370 1137 77 20 genom
461 1130 76 27 Kongl.
552 1130 150 21 Resolutionen
718 1130 40 21 den
774 1132 12 19 9
801 1130 118 22 December

173 1165 54 20 1766
242 1164 115 21 förklarats
371 1171 52 14 vara
438 1163 47 22 från
499 1164 157 27 tingsgästning
670 1164 103 21 befriade.
798 1164 76 22 Denna
888 1164 31 22 af-

172 1198 40 27 gift
229 1198 40 21 har
287 1197 81 22 således
385 1198 8 20 i
411 1197 98 26 Finland,
527 1198 49 21 med
594 1197 110 28 undantag
719 1197 24 22 af
757 1198 40 22 den
811 1198 63 22 korta
887 1198 32 21 tid

171 1231 76 28 Kongl.
259 1232 146 27 Reglementet
416 1231 41 20 den
469 1233 26 19 20
507 1231 118 22 November
638 1233 52 19 1741
703 1232 8 20 i
722 1231 99 22 afseende
832 1231 10 21 å
852 1232 66 27 tings-

172 1265 125 28 gästningen
318 1265 41 21 här
379 1265 7 20 i
404 1265 73 21 landet
494 1265 47 21 haft
559 1265 98 27 gällande
674 1265 65 26 kraft,
758 1266 56 21 varit
830 1265 90 22 förenad

172 1300 48 21 med
238 1299 147 22 bebrukandet
399 1299 24 21 af
433 1299 57 28 jord,
505 1299 87 22 hvarför
608 1300 40 20 den
663 1300 39 21 ock
717 1301 102 21 bestämts
834 1301 7 20 i
856 1308 63 20 span-

171 1333 44 23 mål
233 1334 40 22 och
290 1334 47 22 icke
355 1334 8 20 i
380 1334 124 27 penningar,
524 1334 80 21 tilldess
623 1334 18 28 ej
657 1334 90 22 allenast
762 1336 157 27 gerningsmän,

172 1365 52 25 utan
243 1365 39 25 ock
301 1367 68 23 andra
385 1367 29 29 på
432 1368 73 21 landet
521 1368 84 22 bosatte
624 1375 102 21 personer
741 1371 53 19 utan
806 1368 112 29 jordbruk,

172 1402 89 22 såframt
280 1403 25 21 de
324 1403 19 28 ej
363 1401 86 29 ätnjutit
469 1410 80 14 annans
568 1402 95 22 enskilda
677 1403 88 27 försvar,
781 1403 74 27 blifvit,
871 1405 49 21 med

174 1437 65 29 några
253 1436 23 22 få
296 1438 117 27 undantag,
432 1444 76 21 genom
527 1437 58 22 förut
599 1438 107 28 uppgifne,
721 1437 30 28 på
765 1438 156 23 administrativ
