1006 1684
168 104 34 15 430

375 104 70 22 Nädiga
457 105 137 21 Propositionen
606 106 34 16 N:n
654 106 14 16 9.

338 168 33 20 att
381 168 144 26 jordbrukare
539 168 68 21 borde
620 168 118 27 berättigas
753 170 33 19 att
796 168 48 21 frän
855 168 39 28 sjö,

283 201 34 26 elf,
333 200 13 22 &
364 201 51 22 eller
433 202 55 21 bäck
505 201 29 28 pä
549 202 32 22 sin
596 209 53 20 egen
666 202 125 26 bekostnad,
805 202 91 25 såframt

280 242 83 14 annans
377 237 44 20 rätt
432 236 32 21 till
475 238 81 21 vattnet
572 236 121 31 derigenom
707 236 47 22 icke
768 236 126 27 förnärmas,

281 270 72 22 inleda
367 271 103 21 rinnande
485 273 71 21 vatten
572 270 12 22 å
600 272 32 20 sin
650 272 42 26 äng
706 271 52 21 eller
772 271 121 28 beteshage,

281 304 8 21 i
305 304 98 22 afseende
419 304 12 22 å
446 305 62 25 deras
524 305 164 28 öfvervattning;
892 309 4 4 :

338 341 32 20 att
389 340 40 21 den
449 340 66 22 öfver-
534 340 51 22 eller
603 340 162 28 underbyggare
786 340 109 29 tillhöriga

281 374 71 26 mark,
372 382 45 14 som
439 375 34 22 för
491 374 66 23 sådan
575 375 159 27 vattenledning
752 376 59 27 tages
829 375 8 21 i
856 382 38 14 an-

281 408 71 28 spräk,
367 409 68 21 borde
449 410 115 27 behörigen
580 411 100 25 ersättas;

338 444 32 20 att
385 443 154 28 öfvervattning
553 444 19 27 ej
587 444 57 27 finge
659 444 37 20 ske
710 443 29 28 pä
750 443 67 22 sådan
828 443 32 22 tid
872 444 25 21 af

282 476 53 27 äret,
350 476 29 22 dä,
393 485 80 20 granne
488 478 62 21 deraf
562 478 42 22 kan
619 478 63 21 hafva
697 485 48 14 men
756 478 52 21 eller
819 478 74 26 skada,

281 512 41 21 och
337 510 82 23 säledes
433 512 50 22 icke
494 512 66 21 heller
574 511 25 23 sä
613 514 47 19 sent
674 511 29 28 pä
718 512 81 26 hösten,
815 514 32 19 att
859 512 36 22 det

281 546 179 22 Ofversvämmade
475 546 61 22 fältet
550 546 46 22 icke
610 547 76 21 hinner
700 547 113 27 upptorka,
828 547 66 21 innan

281 580 54 21 frost
349 580 105 27 inträder;

338 616 31 20 att
385 615 152 27 jordbrukare,
557 622 45 14 som
624 615 91 21 inrättar
732 615 73 21 täckta
824 615 69 26 diken,

281 649 67 21 borde
365 649 117 28 berättigas
497 652 32 19 att
543 649 89 21 medelst
647 649 132 28 afloppsdike
794 650 23 21 af
829 650 66 28 nödig

283 683 68 22 bredd
369 684 40 21 och
428 684 50 28 djup
498 684 68 21 afleda
581 686 81 19 vattnet
676 683 48 22 från
740 684 107 21 desamma
862 684 31 21 öf-

281 725 37 14 ver
332 718 199 28 underbyggarenes
546 718 61 22 mark
622 717 13 22 å
650 718 36 22 det
700 718 67 26 ställe,
784 719 37 21 der
836 719 58 22 diket

281 752 123 28 lämpligast
418 753 70 21 kunde
503 753 84 27 läggas;

339 788 32 20 att
389 787 167 28 underbyggare,
572 794 46 14 som
633 787 24 21 af
669 786 77 22 sådant
761 787 132 27 afloppsdike

280 822 40 21 har
342 822 66 21 behof
424 822 51 21 eller
492 822 78 26 fördel,
589 829 50 14 vore
657 822 82 28 skyldig
757 824 40 24 att,
817 822 8 21 i
843 829 50 14 mon

282 856 69 26 deraf,
371 856 85 28 deltaga
475 857 18 27 ej
512 856 82 21 mindre
612 857 7 20 i
638 856 68 21 dikets
724 857 167 27 uppgräfvande,

281 891 28 21 än
323 891 8 20 i
347 891 46 21 dess
409 891 99 21 framtida
522 890 167 22 underhållande
704 891 8 20 i
722 891 90 27 laggildt
823 891 68 26 skick;

311 947 2 2 >
337 927 32 19 att
379 925 34 21 för
425 925 146 28 försumlighet
582 925 7 20 i
599 925 92 21 nämnde
702 925 130 28 skyldighets
845 925 48 21 full-

281 959 94 28 görande
393 959 67 22 borde
477 961 91 20 utsättas
583 959 98 28 lämpligt
696 967 76 14 ansvar
787 961 56 20 samt
857 959 36 22 det

281 993 97 28 äfventyr
396 995 32 20 att
443 994 64 22 sedan
522 994 41 21 den
578 993 123 28 försumlige
715 994 178 27 underbyggaren

280 1028 115 27 bevisligen
409 1030 128 25 uppmanats
551 1030 33 19 att
598 1028 58 21 inom
669 1029 42 20 viss
726 1028 31 21 tid
772 1029 33 20 sin
821 1030 72 19 änom-

279 1062 104 22 förmälde
402 1063 119 27 skyldighet
541 1063 97 26 fullgöra,
657 1069 49 14 men
724 1063 68 21 denne
810 1063 83 21 ändock

281 1097 102 25 tredskat,
400 1097 35 20 det
450 1097 110 21 eftersatta
575 1097 83 21 arbetet
674 1096 56 28 finge
744 1096 29 28 på
787 1097 53 21 hans
855 1097 36 21 be-

281 1131 92 21 kostnad
387 1131 135 26 verkställas;
536 1133 57 19 samt

336 1166 32 20 att
383 1165 107 21 allmänna
504 1165 72 28 lagens
592 1165 132 27 stadganden
740 1172 33 14 om
789 1172 103 20 grannars

279 1199 129 28 skyldighet,
431 1200 8 20 i
461 1199 99 22 afseende
582 1198 13 22 å
617 1201 69 26 öppen
708 1199 119 28 afdikning,
846 1200 47 21 icke

279 1233 67 21 borde
361 1232 95 27 undergå
470 1240 71 13 annan
556 1233 96 27 ändring,
668 1234 27 19 än
710 1235 33 18 att
757 1233 136 21 föreskriften

281 1273 35 14 om
331 1268 129 25 gemensamt
476 1266 142 27 afloppsdikes
631 1266 67 21 bredd
712 1267 40 20 och
769 1266 50 27 djup
834 1267 59 21 brin-

282 1308 38 20 gas
339 1301 32 20 till
388 1301 218 21 öfverensstämmelse
620 1301 48 20 med
683 1301 56 21 hvad
754 1303 30 19 ett
801 1301 90 22 förbätt-

278 1335 50 22 radt
339 1335 159 28 jordbrukssätt
512 1335 8 21 i
534 1335 60 22 detta
607 1335 121 22 hänseende
742 1334 103 29 påkallar.
