1014 1681
211 118 34 17 524

411 115 72 24 Nädiga
494 117 137 20 Propositionen
643 116 34 17 N:o
691 117 26 15 11.

250 181 167 28 författningar
429 179 141 29 föreskrifna
584 179 65 28 straff
663 179 38 20 och
714 178 111 56 päiden
841 178 26 28 af
880 177 59 22 brott

257 215 70 20 varda
341 214 132 28 afskaffade.

313 248 22 28 1)
351 248 132 21 Fridlöshet.

307 282 33 29 2)
355 278 74 25 Ärans
438 283 106 28 förlust.*

308 316 31 29 3)
354 317 145 28 Förbrytares
510 315 131 22 utställande
653 315 36 22 vid
695 315 54 28 påle
761 315 52 20 eller
823 314 38 41 vid
873 315 66 27 tings-

257 351 52 21 eller
323 345 171 50 rädstufvudörr
504 353 39 18 "att
557 349 124 23 skämmas.
675 345 10 37 .

313 384 24 29 4)
353 384 84 29 Anslag
454 385 15 22 å
488 385 107 28 skampåle
615 391 33 15 om
659 383 142 30 förbrytares
820 389 65 14 namn
901 382 38 21 och

258 420 65 21 brott.

313 453 30 28 5).
353 453 134 29 Kungörelse
501 455 10 19 i
526 453 67 28 kyrka
609 460 34 13 om
652 452 108 29 föröfvad
769 452 141 29 förbrytelse.

314 487 25 29 6).
359 487 144 29 Vanhederlig
522 488 129 29 begrafning
670 494 75 22 genom
763 486 152 29 skarprättare
929 486 10 20 i

257 523 50 28 skog
320 524 59 19 eller
397 522 123 29 galgbacke,
538 523 53 20 eller
610 523 60 27 eljest
689 522 79 29 afsides
786 522 10 20 i
814 522 51 20 eller
880 524 59 17 utom

258 557 131 29 kyrkogård.

299 590 42 30 7)
359 587 105 33 Öffentlig
480 591 72 29 afdön.

314 625 24 30 8)
353 626 80 21 Arbete
448 628 9 20 i
473 626 101 28 halsjern.

316 659 25 30 9)
357 660 166 29 Hudstrykning
538 660 26 29 af
577 660 68 21 bödel.

303 694 39 30 10)
358 694 46 30 Spö
419 696 52 20 eller
485 696 40 20 ris.

307 730 34 28 11)
358 728 115 30 Gatulopp.

299 764 44 29 12)
363 764 48 22 Den
427 765 42 28 för
485 764 130 30 förbrytare
637 767 84 19 utsatta
743 763 140 29 bestrafning
906 766 33 18 att

256 800 70 21 mista:
337 800 38 20 sitt
385 799 52 21 lösa
452 800 38 20 och
503 799 58 29 fasta
577 800 52 20 eller
644 798 55 21 blott
714 798 46 22 lösa
774 798 59 29 gods.

313 832 62 22 2—7
388 834 34 28 $$.
444 834 154 22 Oförändrade.

536 888 24 17 2
578 888 79 22 Kap.

353 929 48 22 Huru
415 929 97 28 landsflykt
526 929 33 21 och
573 928 92 22 fridlöshet
680 928 52 21 skola
746 928 95 23 afskaffas.

315 971 14 21 8
344 973 39 20 och
399 970 13 22 I
427 972 32 27 $$.
490 971 153 22 Oförändrade.

313 1006 27 21 10
356 1007 19 28 $.
407 1005 116 29 Utsprider
541 1005 58 28 finsk
621 1006 140 27 medborgare
784 1007 25 28 af
829 1006 109 22 lutherska

257 1041 187 22 trosbekännelsen
458 1040 130 27 villfarande
605 1041 98 25 lärosats,
717 1040 38 21 och
770 1040 47 21 sker
833 1041 35 20 det
881 1041 10 20 i
906 1041 32 28 af-

257 1077 44 27 sigt
319 1079 32 16 att
369 1075 86 21 dermed
477 1075 94 28 bedraga
593 1075 52 20 eller
662 1075 91 28 förleda
775 1083 78 18 annan,
872 1076 66 21 varde

257 1110 83 21 varnad
357 1110 37 20 och
408 1109 138 26 undervisad,
566 1109 70 21 såsom
654 1111 10 19 i
681 1109 13 21 4
712 1110 12 27 $
743 1110 26 28 af
785 1109 79 29 Kongl.
880 1110 58 21 stad-

255 1152 44 21 gan
314 1144 40 20 den
372 1143 31 21 20
422 1143 63 21 Mars
503 1141 56 22 1735
572 1143 152 29 föreskrifves.
754 1143 69 21 Låter
843 1144 42 21 han
904 1145 33 27 sig

256 1178 65 29 deraf
333 1178 19 27 ej
367 1179 68 24 rätta,
452 1177 47 21 böte
508 1178 58 27 från
581 1177 39 21 och
634 1178 47 21 med
697 1179 75 26 femtio
789 1179 35 20 till
839 1178 38 21 och
891 1179 47 20 med

256 1212 123 23 tvåhundra
394 1212 67 20 daler.
486 1209 46 22 Gör
547 1211 36 20 det
592 1211 59 26 finsk
665 1212 122 25 undersäte,
803 1219 44 13 som
862 1213 19 26 ej
893 1213 46 19 till-

256 1246 41 20 hör
316 1244 94 22 luthersk
423 1245 142 28 församling,
584 1245 52 20 eller
655 1245 40 20 den
717 1252 44 13 som
781 1245 18 28 ej
822 1245 39 20 har
879 1245 58 26 finsk

255 1279 199 28 medborgarerätt;
473 1279 87 28 straffes
583 1278 70 21 säsom
670 1279 10 20 i
698 1278 79 29 Kongl.
797 1278 140 29 kungörelsen

256 1314 41 21 den
311 1312 28 22 24
354 1313 95 21 Januari
463 1311 54 22 1781
533 1314 67 28 säges.

314 1348 82 22 Skedde
411 1348 152 28 utspridandet
577 1348 20 29 ej
611 1348 10 21 i
639 1348 68 21 sådan
722 1349 68 29 afsigt
805 1356 43 14 som
864 1350 74 28 ofvan-

250 1384 53 29 före
323 1383 63 29 sagdt
404 1384 33 25 är,
456 1383 35 21 mä
514 1382 95 22 hvarken
630 1384 93 28 varning
743 1384 52 21 eller
817 1385 64 29 straf
895 1384 42 30 för

256 1420 194 27 gerningsmannen
464 1418 167 28 ifrägakomma.
661 1418 37 28 (M.
714 1418 24 22 B.
755 1421 13 19 4
783 1418 49 28 kap.
849 1421 10 19 1
876 1420 28 28 $.)

311 1452 24 22 11
349 1453 19 28 $.
397 1452 142 22 Oförändrad.
768 1467 2 3 .
