1011 1692
300 106 71 24 Nådiga
383 108 136 21 Propositionen
531 108 34 18 N:o
579 110 14 15 1.
774 110 21 17 83

415 171 12 27 $
445 172 32 20 11.

139 209 159 23 Presteständet
306 212 87 26 utgöres
408 211 31 21 af:
454 209 159 30 Erkebiskopen
627 212 40 22 och
681 212 139 28 Biskoparne,

71 245 72 21 hvilka
153 245 86 21 inställa
253 245 32 27 sig
299 244 29 28 pä
342 245 104 28 Kejsaren
457 246 40 21 och
508 245 141 22 Storfurstens
660 246 92 26 kallelse,
764 249 55 19 samt

71 280 64 20 minst
149 278 93 28 följande
257 279 59 21 antal
329 279 132 28 fullmäktige
471 280 34 21 för
515 280 73 28 hvarje
603 280 51 26 stift,
669 281 61 21 valde
742 281 24 21 af
774 281 45 21 stif-

71 315 41 20 tets
131 313 48 21 med
198 313 106 22 ordinarie
322 313 81 22 embete
425 314 51 21 eller
497 314 65 27 tjenst
583 314 99 21 försedda
703 316 115 26 prestmän,

71 348 114 28 nemligen:
201 347 33 22 för
249 341 47 28 Åbo
311 348 45 21 stift
372 349 32 25 12,
420 348 33 22 för
468 348 71 28 Borgå
553 348 45 23 stift
615 350 25 19 10
655 349 40 21 och
713 349 34 21 för
761 349 57 22 Kuo-

70 382 36 28 pio
122 382 45 22 stift
182 383 18 20 6.

139 416 80 22 Lärare
234 416 39 22 och
288 416 107 22 ordinarie
406 416 127 28 tjenstemän
546 416 35 22 vid
595 417 83 21 landets
689 417 130 22 Universitet

71 450 61 22 skola
149 452 47 20 utse
214 458 26 14 en
257 450 164 28 landtdagsman
438 451 8 20 i
463 450 164 27 Presteständet,
643 451 54 21 dock
711 452 49 20 med
774 453 44 20 rät-

71 485 69 27 tighet
154 486 38 25 att,
208 492 34 14 om
258 484 26 22 de
298 484 36 22 det
348 484 96 26 ästunda,
464 485 62 21 ställa
541 484 34 22 två
589 485 138 28 fullmäktige.
756 486 62 21 Lika-

70 519 58 21 ledes
143 519 60 21 skola
217 519 97 28 samtlige
328 519 107 21 ordinarie
445 519 70 21 lärare
526 519 35 21 vid
571 519 247 27 elementarläroverken,

71 554 57 27 välja
141 553 164 28 landtdagsmän
322 553 8 21 i
344 552 164 28 Presteständet,
524 560 26 15 en
564 553 35 21 för
615 554 73 28 hvarje
703 554 51 26 stift,
769 561 49 14 men

71 588 78 26 kunna,
165 595 35 14 om
214 588 26 21 de
255 586 24 23 sä
294 588 72 26 önska,
381 590 47 19 utse
442 587 36 22 tvä
493 587 138 29 fullmäktige.

140 622 40 22 Om
198 624 42 20 sätt
258 622 40 22 och
316 622 90 28 ordning
421 622 34 22 för
468 623 61 21 valen
543 622 57 22 inom
615 622 26 22 de
655 622 105 23 särskilda
772 622 47 23 stif-

71 659 37 19 ten
123 656 35 22 mä
173 656 26 22 de
213 656 98 28 väljande
326 657 31 27 sig
372 657 90 21 emellan
477 657 186 21 öfverenskomma.

415 709 11 27 8
444 710 31 20 12.

138 748 182 29 Borgareständet
336 750 87 26 utgöres
442 748 23 22 af
482 748 131 28 fullmäktige
631 748 34 22 för
678 748 83 22 landets
776 750 43 20 stä-

70 783 37 22 der
123 782 98 23 sälunda:
237 785 32 19 att
283 783 34 21 för
331 783 73 27 hvarje
419 783 47 23 stad
477 783 66 28 väljes
554 790 26 14 en
590 783 170 27 landtdagsman,
770 790 49 15 men

69 817 85 29 uppgär
168 818 151 28 folkmängden
336 818 54 20 efter
407 817 183 28 mantalslängden
608 817 33 21 till
659 819 98 19 sextusen
771 825 47 20 per-

70 860 69 19 soner,
158 852 66 28 väljas
245 851 37 23 tvä
299 852 40 21 och
358 852 120 21 derutöfver
497 859 26 14 en
541 851 33 22 för
592 852 73 27 hvarje
682 852 50 21 fullt
748 852 31 21 tal
797 851 25 22 af

71 889 62 25 6,000
152 895 111 20 personer;
282 887 54 21 dock
353 885 36 22 mä
407 887 48 21 stad
472 887 49 21 med
538 886 83 22 mindre
639 888 27 20 än
682 887 61 25 1,500
760 885 59 23 invä-

70 929 53 15 nare
134 922 99 28 antingen
248 921 34 22 för
296 922 32 27 sig
343 921 63 22 ställa
420 921 89 22 särskild
524 921 119 28 fullmäktig
657 921 51 22 eller
723 921 40 22 ock
776 921 44 22 för-

70 964 41 14 ena
129 957 32 27 sig
179 963 34 15 om
228 963 120 21 gemensam
365 955 164 28 landtdagsman
543 955 49 22 med
607 963 69 14 annan
694 955 54 26 stad,
767 955 52 22 hvil-

69 991 48 27 ken,
133 991 65 27 enligt
211 990 56 22 hvad
281 991 40 20 här
336 991 24 20 är
375 990 69 28 sagdt,
455 990 42 22 kan
512 989 32 22 till
558 990 129 27 landtdagen
701 989 68 22 sända
783 997 35 14 en-

71 1025 48 22 dast
135 1032 26 14 en
176 1024 123 27 deputerad.

138 1059 137 27 Berättigade
293 1060 32 19 att
343 1058 7 21 i
367 1058 57 21 valet
443 1058 84 28 deltaga
545 1059 47 21 äro:
615 1058 97 28 borgare,
732 1058 86 27 skepps-

70 1094 83 25 redare,
168 1093 161 26 fabriksidkare,
344 1093 74 21 idkare
433 1093 23 21 af
468 1093 66 28 yrken
552 1091 29 29 pä
595 1093 69 27 grund
678 1092 25 21 af
715 1092 105 21 särskilda

69 1128 127 28 privilegier,
213 1128 39 21 och
268 1126 135 29 gärdsegare,
419 1127 24 21 sä
461 1127 65 21 framt
544 1127 26 21 de
589 1129 37 19 äro
641 1127 8 21 i
663 1127 75 21 staden
753 1127 66 20 skatt-

70 1162 86 26 skrifne,
165 1161 107 22 äfvensom
283 1161 110 21 städernas
402 1161 105 21 ordinarie
517 1161 148 27 borgmästare
676 1161 39 21 och
722 1159 96 23 rädmän.

275 1201 86 21 Valrätt
375 1201 129 21 tillkommer
518 1200 29 28 ej:

208 1235 78 27 qvinna
301 1235 39 27 gift
354 1234 52 22 eller
420 1235 63 27 ogift;

206 1269 41 21 den
266 1267 128 29 gårdsegare
413 1275 44 14 som
476 1270 24 19 är
515 1268 114 21 frälseman
644 1268 51 21 eller
709 1268 64 21 hörer
786 1267 35 22 till

241 1301 169 27 Presteständet;

207 1335 265 28 kofferdi-sjömanskapet,
488 1335 154 28 gemenskapen
656 1335 35 21 vid
706 1335 112 26 militären,

240 1371 55 19 samt
311 1369 107 21 allmänna
439 1370 40 20 och
498 1369 94 21 enskilda
609 1369 61 21 verks
689 1369 40 20 och
744 1369 76 26 korpo-

240 1403 105 22 rationers
360 1403 168 28 vaktbetjening;

208 1439 53 26 dem,
276 1446 46 14 som
331 1433 38 37 äro
381 1439 113 21 anställde
504 1438 7 21 i
523 1445 81 14 annans
617 1437 65 28 tjenst
697 1437 51 22 eller
763 1439 58 20 stän-
