998 1681
199 116 32 15 318
406 113 72 24 Nådiga.
489 115 137 21 Propositionen
638 114 34 17 N:o
685 116 15 15 5.

173 178 134 27 sterskapets
325 177 94 28 aflöning
436 177 64 27 utgår
518 177 7 22 i
544 177 106 22 Städerna
668 177 66 28 enligt
749 177 73 22 derom
836 177 93 22 träffade

176 212 129 27 föreningar.

244 245 41 22 Till
299 245 170 28 presterskapets
483 245 157 22 löneförmoner
654 246 55 21 höra
723 245 62 22 äfven
799 245 129 28 prestbolen,

176 280 87 21 hvartill
274 280 174 28 jordlägenheter
464 280 44 22 dels
523 279 24 23 af
560 280 88 26 kronan,
661 279 44 22 dels
717 280 24 21 af
751 279 178 28 församlingarne

176 314 110 28 upplåtits.
316 308 19 27 Å
349 313 166 29 prestgårdarne
533 314 52 22 eller
602 314 156 27 pastorsbolen,
777 314 71 22 hvilka
863 315 67 27 enligt

176 349 122 28 privilegier
312 348 83 28 åtnjuta
409 349 99 22 befrielse
524 348 48 23 från
590 349 103 25 särskilde
712 356 66 14 onera
792 349 40 22 och
846 351 83 25 presta-

176 384 76 25 tioner,
268 384 27 21 de
309 383 38 22 der
359 383 175 28 jordlägenheter
551 384 8 21 i
577 383 116 22 allmänhet
711 382 77 29 åligga,
803 383 72 28 bygga
888 384 42 23 och

177 417 126 22 underhålla
321 418 170 21 socknemännen
510 418 25 21 de
552 418 8 21 i
579 419 12 19 2
607 418 11 27 8
634 419 26 20 26
675 418 49 27 kap.
740 418 25 20 B.
780 418 24 21 B.
819 418 110 27 uppgifne,

178 451 109 23 såkallade
307 452 51 27 laga
375 453 47 26 hus,
441 452 116 27 hvaremot,
581 451 37 22 der
640 451 114 29 prestgård
775 452 82 22 tarfvar
879 452 51 22 flere

177 486 46 26 hus,
238 486 148 28 kyrkoherden
401 485 82 29 åligger
498 487 48 21 dem
560 486 71 28 bygga
645 487 40 21 och
700 485 121 29 uppehålla.
851 487 78 26 Kapel-

176 521 47 21 lans
243 521 41 21 och
302 520 67 28 öfrige
387 521 96 27 prestbol
501 521 81 28 byggas
600 521 40 20 och
657 519 138 24 underhållas
812 521 9 21 i
838 521 92 28 laggildt

173 555 64 22 skick
255 555 24 21 af
294 555 159 26 innehafvaren,
471 562 49 14 men
539 555 40 21 ock
596 555 130 26 flerestädes,
749 555 67 28 enligt
837 555 93 22 konven-

173 589 55 26 tion,
244 589 25 22 af
280 589 183 28 församlingarne.
485 589 11 21 I
510 589 150 28 Lappmarken
674 589 100 22 bekostas
786 589 55 22 dock
851 588 79 29 ifråga-

178 623 94 23 varande
286 623 233 28 byggnadsskyldighet
534 623 24 22 af
570 624 108 21 allmänna
692 623 76 22 medel.

247 657 29 22 Så
291 658 115 21 önskvärdt
421 659 36 20 det
470 658 34 21 för
518 658 104 22 utskottet
635 665 52 15 vore
700 660 33 19 att
746 659 73 21 kunna
833 658 99 22 meddela

178 692 49 22 fullt
240 692 137 28 tillförlitliga
395 693 108 27 uppgifter
521 691 29 28 på
568 693 26 20 de
612 693 172 25 löneinkomster,
798 693 133 27 presterska-

178 729 37 25 pet
229 726 34 22 för
277 727 134 21 närvarande
426 726 100 28 åtnjuter,
541 727 40 21 har
595 727 110 26 utskottet,
721 728 7 20 i
747 727 81 21 saknad
843 727 24 21 af
883 727 48 21 full-

178 761 95 28 ständigt
287 761 98 25 material
401 761 78 26 derför,
493 761 9 21 i
517 761 59 21 detta
590 761 99 22 afseende
707 761 90 28 nödgats
815 761 117 22 inskränka

178 796 33 27 sig
224 795 34 22 till
273 797 32 20 att
319 795 120 28 framlägga
456 795 68 28 några
542 795 29 28 på
588 795 134 28 tillgängliga
736 796 69 21 källor
821 796 111 28 grundade

178 830 150 28 beräkningar,
343 830 78 26 hvilka,
437 837 34 14 om
491 830 26 22 de
532 830 40 21 ock
586 831 47 20 icke
646 833 108 25 noggrant
769 830 86 28 angifva
869 831 63 21 dessa

178 865 123 26 inkomster,
316 865 64 21 likväl
395 865 71 21 lemna
481 872 25 14 en
521 864 122 28 ungefärlig
656 865 115 28 utredning
787 865 79 21 derom.
892 865 39 21 Ut

178 899 79 24 skottet
271 898 81 22 tillåter
367 899 32 28 sig
415 901 32 18 att
461 899 8 20 i
484 899 59 21 detta
553 899 121 21 hänseende
685 898 23 22 få
719 900 73 21 anvisa
802 899 33 21 till
845 899 86 28 bilagde

178 933 161 27 sammandrag,
354 933 133 28 upprättadt,
502 933 57 22 hvad
577 933 118 21 erkestiftet
709 933 74 28 angår,
799 933 54 22 efter
867 941 27 14 en
909 933 24 22 af

178 967 147 28 Domkapitlet
342 967 4 21 i
360 961 47 28 Åbo
425 967 123 28 förslagsvis
562 967 117 22 verkställd
694 968 40 21 och
747 967 66 28 jemte
827 967 48 22 dess
891 968 40 21 cir-

178 1002 62 23 kulär
259 1001 24 22 af
299 1001 40 22 den
359 1003 26 20 14
403 1001 103 22 Februari
526 1003 54 20 1866
598 1001 113 22 meddelad
732 1002 155 28 uppskattning
909 1002 25 21 af

178 1036 192 22 löneinkomsterne
388 1036 35 21 vid
442 1036 97 28 samtlige
561 1036 183 28 prestlägenheter
765 1037 8 20 i
794 1036 66 29 sagde
878 1037 52 26 stift,

178 1073 56 18 samt
247 1070 135 22 beträffande
396 1069 72 28 Borgå
483 1071 40 21 och
537 1071 85 26 Kuopio
637 1071 46 20 stift
700 1071 49 21 med
766 1071 87 27 ledning
867 1071 25 21 af
904 1071 27 22 de

178 1105 110 28 uppgifter
301 1105 8 20 i
324 1105 77 25 ämnet,
416 1104 72 22 hvilka
504 1104 44 22 dels
566 1104 131 22 förekomma
711 1105 8 20 i
734 1105 63 22 dessa
811 1104 120 25 stifts-frän

178 1139 83 28 trycket
278 1138 83 28 utgifna
379 1139 118 26 matriklar,
516 1139 45 21 dels
580 1138 35 22 för
632 1139 85 28 Kuopio
735 1139 46 22 stift
798 1139 70 22 blifvit
886 1141 45 20 sär-

178 1173 65 22 skildt
258 1173 118 22 aflemnade
390 1173 34 22 till
439 1173 155 22 ofvanbemälte
610 1173 83 22 komité.
724 1173 30 21 Af
769 1174 91 22 berörde
874 1181 56 14 sam-

177 1208 105 27 mandrag
297 1214 62 21 synes
372 1210 34 19 att
419 1208 193 21 löneinkomsterne
626 1208 33 21 för
671 1208 36 22 det
717 1208 107 22 ordinarie
838 1210 93 26 prester-

179 1241 76 27 skapet
268 1243 88 25 utgöra:

450 1299 49 21 Inom
513 1292 37 28 Åbo
565 1298 92 22 erkestift:

178 1341 34 23 för
227 1343 41 20 110
283 1342 148 28 kyrhoherdar
457 1360 5 4 .
493 1359 4 5 .
528 1360 4 4 .
636 1359 4 5 2
670 1359 5 5 <
706 1360 5 4 .
741 1343 75 22 F.M:k
831 1345 99 25 641,400.

186 1386 12 11 »
221 1378 40 20 251
274 1377 129 28 kapellaner,
416 1355 192 83 sockneadjunkter
620 1377 39 23 och
666 1385 49 21 pre-

235 1411 98 22 dikanter
355 1430 4 4 .
390 1429 5 4 .
425 1429 5 4 .
532 1430 4 4 S
568 1430 4 4 4
711 1430 4 4 s
776 1422 11 11 ”
831 1415 98 25 381,300.
