1011 1695
199 110 22 16 48
404 109 72 23 Nådiga
487 109 135 22 Propositionen
635 109 33 17 N:o
682 110 14 15 1.

177 172 39 21 och
230 172 70 21 bästa.
325 173 27 20 28
370 172 12 27 &
399 172 8 20 i
424 171 79 28 nådiga
524 171 159 28 propositionen
705 171 118 23 behandlar
844 178 81 14 samma

177 205 68 30 fråga,
264 206 39 21 och
321 205 90 22 föreslår
430 206 41 21 den
489 205 99 28 ändring,
607 207 32 19 att
654 205 58 22 detta
726 205 131 28 uppvisande
871 205 55 22 skall

176 240 38 21 ske
227 240 35 25 för
276 240 115 21 ständerna
406 240 39 21 och
461 239 35 21 det
509 239 58 21 inom
585 239 79 28 fjorton
679 239 67 28 dagar
761 239 52 21 efter
827 239 99 22 landtda-

178 281 50 20 gens
244 274 118 27 öppnande.
384 273 110 22 Utskottet
509 281 61 13 anser
586 273 62 26 dessa
662 274 115 27 ändringar
791 275 77 26 utgöra
882 274 44 27 vig-

176 309 46 26 tiga
239 308 161 27 förbättringar,
418 310 23 25 ty
459 309 77 20 rättast
554 307 68 22 måste
640 307 35 22 det
693 308 34 21 väl
745 315 61 14 anses
825 314 51 15 vara
894 309 32 20 att

178 342 115 22 ständerna
310 343 8 20 i
336 343 33 21 sin
386 343 72 20 helhet
478 343 39 20 och
535 342 19 28 ej
573 342 90 21 allenast
677 344 31 19 ett
723 342 61 21 deras
798 342 81 21 utskott
893 341 44 32 får

178 377 34 21 del
226 377 24 22 af
263 377 135 22 statsverkets
416 376 102 28 tillstånd,
537 377 40 22 och
596 379 32 19 att
645 376 76 22 sådant
739 377 48 21 sker
805 376 34 22 vid
856 376 70 22 landt-

178 412 79 27 dagens
275 412 83 27 början,
373 413 25 20 är
415 412 75 27 nödigt
506 411 29 28 på
553 412 35 21 det
606 414 32 19 att
652 412 114 27 tillräcklig
780 412 32 21 tid
825 410 36 23 må
874 411 52 21 lem-

177 454 39 14 nas
231 447 122 25 ständerna,
371 448 32 20 att
422 446 52 21 efter
494 447 98 27 vidtagna
609 446 155 22 förberedande
782 446 88 21 arbeten
887 446 40 21 hos

178 482 62 20 stats-
262 481 40 21 och
323 480 248 28 bevillnings-utskotten,
590 480 122 28 öfverlägga
734 481 39 21 och
791 480 87 23 besluta
892 487 35 14 om

178 515 41 22 den
233 515 122 27 bevillning,
370 522 46 14 som
430 515 101 28 möjligen
545 515 43 21 kan
602 515 66 22 blifva
681 515 71 28 nödig.

245 549 74 21 Under
342 550 82 20 30—45
447 550 24 28 $8
494 549 67 22 finnas
582 551 111 26 upptagna
713 549 159 28 bestämningar
890 556 37 16 an-

176 574 84 39 gående
274 583 241 28 landtdagsärendernes
530 584 136 27 beredning
657 579 14 36 i
682 584 86 21 utskott.

246 618 10 21 I
274 618 101 22 Finlands
394 618 98 27 gällande
510 618 129 27 grundlagar
657 617 68 22 finnas
744 618 18 28 ej
781 617 67 28 några
870 618 56 21 stad-

177 653 85 27 ganden
277 660 34 19 om
326 652 154 22 förberedande
494 653 87 25 utskott,
597 653 40 21 och
652 653 61 20 äfven
730 653 8 20 i
755 654 53 19 1723
824 651 35 23 års
873 653 53 21 riks-

179 687 143 28 dagsordning
337 688 37 20 äro
389 687 46 21 icke
450 687 66 21 heller
530 687 88 28 intagna
628 685 68 30 några
706 688 99 20 närmare
819 687 108 21 föreskrif-

178 724 34 19 ter
226 722 7 21 i
249 722 59 21 detta
322 721 126 22 hänseende.
477 721 11 22 I
501 723 25 20 14
541 722 11 27 &
568 721 23 22 af
603 721 93 21 nämnda
711 721 90 28 ordning
816 723 60 26 säges
892 728 35 14 en-

180 756 47 21 dast
242 758 32 19 att
289 756 96 28 samtlige
400 757 86 20 ständer
500 763 46 21 ega,
561 756 34 21 för
609 756 227 28 riksdagsärendernas
851 756 76 28 skynd-

180 798 81 14 samma
274 791 147 26 utarbetande,
437 791 74 21 förena
526 791 32 28 sig
572 798 35 22 om
620 791 56 21 vissa
692 790 154 28 deputationer,
858 789 70 23 såsom

179 825 108 21 utskotten
306 824 27 22 då
351 825 101 25 kallades,
471 827 55 19 samt
544 833 34 13 om
597 825 35 21 det
647 825 58 21 antal
719 825 122 26 ledamöter,
856 825 72 21 hvilka

180 859 33 21 till
227 859 48 21 dem
289 854 66 37 skulle
367 859 76 28 väljas.
473 859 58 22 Enär
546 860 7 20 i
569 861 54 19 1772
643 858 34 23 års
695 859 172 28 Regeringsform
881 860 47 21 icke

179 892 68 29 några
268 893 81 21 sådana
369 901 157 20 gemensamma
547 894 81 21 utskott
651 894 94 25 omtalas,
767 894 108 21 nedsattes
892 894 36 22 vid

182 929 137 20 1778—1779
339 927 61 22 årens
418 928 87 27 riksdag
523 929 19 27 ej
560 928 66 21 heller
645 927 67 28 några
731 928 81 28 dylika;
830 935 48 15 men
893 929 35 21 vid

182 963 53 21 1786
254 961 35 22 års
307 962 85 28 riksdag
410 962 77 27 följdes
505 961 46 22 åter
565 962 48 21 med
628 964 111 26 regentens
753 963 60 21 bifall
828 963 100 27 stadgan-

180 996 36 21 det
230 997 7 20 i
252 997 177 27 ofvannämnda
416 992 13 37 $
442 997 24 21 af
476 999 53 19 1723
545 996 34 22 års
594 997 198 28 riksdagsordning,
808 997 40 22 och
862 997 66 22 sedan

181 1031 47 21 dess
245 1031 41 21 har
305 1031 35 21 det
357 1031 55 22 varit
430 1031 60 28 öfligt
508 1033 32 20 att
557 1031 34 21 för
612 1031 99 28 samtliga
733 1031 89 22 stånden
844 1039 84 20 gemen-

180 1073 81 14 samma
275 1065 82 22 utskott
370 1065 70 22 blifvit
457 1066 90 21 tillsatta
564 1065 34 22 för
612 1067 33 20 att
658 1066 114 21 förbereda
787 1066 26 21 de
827 1065 100 27 ärenden,

180 1107 46 14 som
240 1100 88 21 kommit
341 1100 67 21 under
423 1100 124 22 ständernas
565 1100 106 27 pröfning.
700 1100 11 21 I
729 1100 93 27 enlighet
839 1100 89 21 härmed

180 1135 104 26 upptages
299 1133 61 22 äfven
374 1134 8 20 i
398 1135 26 19 30
440 1135 11 26 &
467 1136 31 19 att
513 1135 55 20 vissa
582 1134 82 21 utskott
678 1134 61 21 skola
749 1134 35 21 vid
798 1134 74 27 hvarje
882 1134 45 27 lag-

179 1167 53 21 tima
245 1167 103 28 landtdag
365 1167 107 27 tillsättas,
492 1168 106 22 äfvensom
618 1168 79 21 antalet
715 1168 25 21 af
757 1168 61 21 dessa
835 1168 92 21 utskotts

180 1201 137 21 medlemmar
331 1202 133 21 bestämmes.
494 1203 108 21 Utskottet
616 1202 99 21 förordar
730 1202 165 27 godkännandet
906 1202 24 21 af

181 1235 61 20 dessa
263 1235 164 27 bestämningar,
446 1235 24 21 så
491 1237 83 26 mycket
595 1236 67 20 hellre
684 1243 46 13 som
752 1236 35 20 det
804 1237 8 19 i
831 1238 24 17 31
872 1237 12 25 8
904 1237 24 19 är

180 1269 115 20 ständerna
309 1270 65 25 öppet
388 1269 94 21 lemnadt
496 1269 18 27 ej
531 1269 89 21 allenast
635 1271 31 18 att
680 1269 90 21 tillsätta
785 1269 99 21 särskildt
894 1271 33 19 ut-

180 1302 57 22 skott
251 1302 34 22 för
299 1301 66 29 något
379 1302 89 23 ärendes
483 1303 125 28 beredning,
623 1304 52 21 utan
690 1303 40 22 ock
744 1304 33 21 att
791 1303 41 22 öka
846 1303 82 22 antalet

181 1337 24 22 af
217 1337 26 22 de
258 1337 106 22 ordinarie
378 1338 118 21 utskottens
507 1338 143 26 medlemmar,
662 1339 39 20 när
712 1337 67 23 behof
788 1338 61 22 deraf
858 1340 70 26 göres,

248 1372 73 28 Enligt
338 1373 92 27 gammal
448 1373 51 21 häfd
519 1373 64 21 hafva
604 1373 107 22 utskotten
733 1375 148 20 sammansatts
900 1372 29 29 på

182 1404 23 23 så
223 1407 44 20 sätt
285 1408 32 19 att
333 1406 149 28 ridderskapet
500 1407 39 21 och
558 1407 62 21 adeln
638 1407 57 21 inom
712 1407 73 28 hvarje
800 1407 81 22 utskott
895 1415 33 14 re-

181 1443 142 25 presenterats
341 1441 25 21 af
382 1443 30 20 ett
430 1441 87 22 dubbelt
535 1443 69 20 större
622 1441 58 22 antal
699 1443 27 20 än
743 1442 62 21 hvart
820 1442 24 22 af
856 1443 26 21 de
897 1442 31 22 öf-
