1700 1836
665 194 71 23 Nådiga
748 196 135 21 Prepositionen
895 196 34 17 N:o
942 197 15 15 1.
1139 197 22 16 41

436 258 25 21 af
474 258 47 22 dem
536 258 49 21 med
599 258 99 22 säkerhet
715 258 37 22 må
769 259 72 22 kunna
860 259 74 26 slutas,
952 259 56 21 huru
1021 258 79 29 många
1114 259 70 22 landt-

437 293 103 26 dagsmän
554 293 85 21 komma
653 292 33 22 att
699 293 35 21 vid
749 294 102 27 landtdag
869 294 80 21 infinna
967 294 32 27 sig
1013 294 8 20 i
1035 293 149 28 borgarestån-

437 326 41 26 det,
494 326 56 21 helst
564 326 107 22 dessutom
687 323 20 31 ej
721 327 138 27 någorstädes
874 328 67 20 finnes
951 328 108 20 bestämdt
1069 328 56 21 hvad
1136 327 49 21 med

436 360 82 21 mindre
534 361 71 21 städer
621 362 53 20 skall
689 361 83 21 förstås.
802 362 33 20 En
853 362 102 21 orättvisa
973 361 67 27 ligger
1055 360 46 23 åter
1116 362 70 20 deruti

437 396 32 19 att
488 394 25 21 de
532 396 68 20 större
619 395 99 21 städerna
733 396 23 27 "ej
775 395 22 21 få
818 396 67 20 sända
902 396 53 20 flera
972 395 164 27 landtdagsmän
1158 397 27 19 än

437 428 41 21 den
492 429 78 21 minsta
588 429 123 27 stapelstad.
740 429 109 22 Utskottet
867 437 62 14 anser
948 429 83 21 derföre
1049 436 27 14 en
1094 430 92 27 ändring

437 463 24 21 af
474 463 62 21 dessa
549 463 148 22 förhållanden
708 471 51 14 vara
775 464 23 21 af
810 464 97 27 billighet
921 464 40 21 och
976 464 88 21 rättvisa
1077 463 108 28 påkallad.

436 498 43 20 För
494 500 32 19 att
540 498 92 21 bedöma
647 498 110 22 städernas
772 498 88 22 relativa
874 498 128 28 betydenhet
1015 498 62 21 torde
1087 498 51 28 föga
1148 498 37 22 nå-

437 539 42 21 gon
494 539 70 14 annan
580 532 69 28 grund
663 532 72 22 kunna
749 532 119 28 uppställas
884 534 27 20 än
927 532 40 21 den
981 539 46 15 som
1041 532 66 22 finnes
1122 533 8 21 i
1145 532 41 22 den

436 565 80 29 nådiga
534 567 159 27 propositionen
711 567 127 27 föreslagen,
861 567 80 21 antalet
959 566 24 22 af
999 567 110 21 städernas
1127 567 59 21 inne-

436 600 86 22 vånare.
555 601 47 21 Den
627 601 71 27 gamla
719 602 78 27 regeln,
821 604 32 18 att
870 601 73 27 hvarje
961 601 48 20 stad
1027 601 40 20 bör
1084 601 58 28 välja
1160 608 26 14 en

437 635 170 28 landtdagsman,
626 635 83 22 komme
727 635 81 22 således
823 635 61 22 äfven
899 635 34 22 för
947 635 114 21 framtiden
1075 636 33 20 att
1122 635 64 28 gälla,

438 669 54 22 dock
508 671 32 20 att
555 670 48 21 stad
618 670 48 21 med
682 671 54 19 6000
751 669 128 22 innevånare
894 670 54 21 skall
962 670 57 27 välja
1033 669 36 22 två
1084 670 39 21 och
1140 670 46 21 der-

437 704 83 21 utöfver
538 711 26 14 en
582 704 34 21 för
634 704 73 27 hvarje
725 704 48 21 fullt
793 705 58 20 antal
869 704 24 21 af
909 706 104 19 sextusen.
1043 703 59 22 Ifrån
1117 704 70 21 denna

438 738 108 21 allmänna
559 738 59 28 regel
632 738 83 21 komme
731 738 53 21 dock
798 739 83 20 landets
895 739 83 21 mindre
992 738 77 27 städer,
1085 738 102 21 hvarmed

440 772 54 22 skall
512 771 78 23 förstås
609 773 32 26 de,
660 773 7 20 i
685 773 72 21 hvilka
777 772 167 22 innevånarenas
963 772 58 22 antal
1038 772 47 21 icke
1103 772 84 28 uppgår

440 807 33 21 till
491 809 83 19 ettusen
593 807 132 26 femhundra,
748 809 32 19 att
798 809 77 26 utgöra
892 807 115 28 undantag,
1026 807 8 20 i
1053 807 35 20 det
1108 806 80 28 nådiga

438 842 160 27 propositionen
616 841 90 22 föreslår
724 843 32 20 att
775 841 25 22 de
818 841 117 22 bibehållas
953 841 35 22 vid
1007 841 61 22 deras
1090 842 44 20 rätt
1155 843 33 19 att

438 875 75 22 förena
528 876 32 27 sig
574 875 36 22 två
625 883 34 14 om
671 883 26 14 en
707 876 126 27 fullmäktig,
845 876 79 21 hvilket
935 875 109 28 undantag
1055 875 48 22 från
1113 875 74 28 regeln

438 910 103 20 utskottet
556 917 63 14 anser
634 910 25 20 af
670 910 125 27 billigheten
810 909 115 28 påkalladt,
941 911 52 19 enär
1004 910 35 20 det
1050 909 34 21 för
1095 909 93 27 mången

438 944 68 21 under
529 944 69 21 denna
619 944 96 27 kategori
737 944 94 21 hörande
853 944 48 21 stad
922 944 71 20 kunde
1014 943 97 21 medföra
1129 945 59 19 stora

438 978 149 27 uppoffringar
602 980 32 19 att
648 978 81 27 nödgas
744 978 33 21 till
791 978 130 27 landtdagen
936 978 67 21 sända
1021 985 26 14 en
1065 978 123 27 landtdags-

438 1019 56 14 man.
524 1011 31 21 Pä
571 1012 61 21 dessa
647 1012 52 26 skäl,
715 1012 39 21 och
770 1011 27 21 då
811 1012 103 21 utskottet
929 1019 62 13 anser
1002 1013 30 20 ett
1039 1012 97 27 jemnare
1148 1012 40 21 och

440 1046 53 21 efter
508 1046 111 21 städernas
633 1046 89 21 relativa
736 1046 135 27 betydenhet
878 1053 59 14 mera
948 1046 96 26 lämpadt
1054 1044 135 23 förhållande

440 1080 121 28 derigenom
577 1079 163 27 åstadkommas,
755 1082 56 19 samt
821 1080 124 27 tillräckligt
956 1080 58 21 antal
1024 1080 165 26 landtdagsmän

439 1114 8 21 i
461 1113 177 29 borgareståndet
653 1113 98 27 erhållas,
769 1114 74 21 tvekar
858 1114 103 21 utskottet
975 1114 47 21 icke
1037 1116 31 19 att
1082 1114 107 27 tillstyrka

442 1150 9 20 1
470 1156 63 14 mom.
555 1150 25 19 13
599 1149 18 27 8,
637 1156 48 14 men
706 1148 90 22 föreslår
818 1149 59 26 dock,
900 1148 33 22 för
955 1148 105 22 vinnande
1079 1148 24 21 af
1119 1149 70 20 större

440 1183 109 28 tydlighet,
565 1190 26 14 en
606 1182 125 28 förändring
745 1183 8 20 i
767 1183 138 21 redaktionen
925 1182 64 22 deraf.

508 1217 11 20 I
535 1218 11 19 2
561 1224 63 13 mom.
640 1217 128 21 bestämmas
786 1217 26 21 de
831 1217 107 21 allmänna
956 1217 94 20 vilkoren
1065 1216 34 21 för
1113 1217 75 26 rättig-

440 1251 64 20 heten
522 1253 32 18 att
573 1251 85 27 deltaga
675 1251 8 20 i
701 1251 34 21 val
757 1251 24 20 af
799 1251 163 27 landtdagsman
980 1251 8 20 i
1005 1249 183 28 borgareståndet.

440 1284 34 21 Då
496 1285 79 21 ombud
597 1284 48 21 från
667 1285 100 21 städerna
788 1285 54 21 först
863 1285 94 20 kallades
975 1285 33 20 till
1025 1284 164 27 herredagarne,

442 1319 85 28 gjordes
546 1319 17 27 ej
583 1326 71 13 annan
672 1319 83 20 skilnad
773 1319 110 21 städernas
905 1318 127 22 innevånare
1054 1319 90 20 emellan
1161 1320 29 19 än

442 1353 41 21 den
498 1355 32 19 att
545 1353 76 21 endast
636 1353 31 25 de,
683 1353 70 21 hvilka
768 1353 53 27 egde
835 1353 42 21 fast
892 1353 102 27 egendom
1009 1353 7 20 i
1031 1353 80 25 staden,
1124 1352 66 27 enligt

442 1387 133 26 stadslagens
587 1387 137 26 stadganden,
739 1387 71 21 kunde
823 1387 84 26 deltaga
921 1387 8 20 i
943 1387 86 20 stadens
1040 1387 88 26 styrelse
1139 1387 51 20 eller

442 1420 82 22 erhålla
546 1421 67 20 andra
636 1420 107 21 allmänna
764 1421 104 26 uppdrag.
902 1421 62 20 Först
985 1420 68 21 under
1076 1421 25 20 17
1123 1420 68 21 seklet

444 1455 73 28 gjorde
532 1455 41 21 den
588 1453 55 29 åsigt
657 1455 32 27 sig
705 1455 104 27 gällande,
826 1456 32 19 att
872 1455 93 26 köpmän
981 1455 39 20 och
1034 1454 156 21 handtverkare

443 1490 67 22 borde
528 1497 40 20 ega
585 1489 135 22 uteslutande
738 1491 43 19 rätt
799 1491 32 20 att
849 1489 86 28 deltaga
953 1489 7 20 i
979 1489 110 21 städernas
1103 1488 87 23 förvalt-

436 1525 64 28 ning,
516 1525 83 21 hvilken
614 1523 55 29 åsigt
683 1524 110 28 grundade
807 1524 32 28 sig
853 1523 14 22 å
881 1524 40 21 den
936 1523 66 22 redan
1017 1522 65 30 något
1097 1523 57 22 förut
1169 1523 24 22 af
