1009 1692
301 118 72 23 Nädiga
384 119 140 22 Propositionen
536 120 34 17 N:o
583 121 16 15 4.
772 121 32 16 159

73 188 72 14 annan
160 181 153 28 anmärkning,
322 180 25 23 sä
361 182 40 21 har
416 182 104 22 utskottet
535 182 102 28 företagit
651 182 62 22 dessa
727 184 77 20 ämnen
818 183 8 21 i

72 215 95 28 följande
182 216 100 28 ordning:

140 251 12 27 $
169 252 19 19 1.
211 250 116 28 Angående
346 251 69 22 denna
433 252 19 27 &,
471 259 46 14 som
535 250 118 23 innehåller
674 246 93 38 kyrkans
789 252 37 22 be-

72 285 111 26 kännelse,
206 286 40 20 har
267 285 71 21 såsom.
359 286 79 21 bekant
460 288 45 20 stor
527 287 241 28 meningsskiljaktighet
789 289 38 26 ägt

73 327 49 13 rum
136 319 66 22 bland
217 320 54 25 dem,
287 327 46 14 som
347 320 7 20 i
369 319 76 28 frägan
459 322 68 26 yttrat
541 321 39 26 sig.
610 321 37 20 Uti
662 321 36 21 det
713 321 24 21 af
749 321 76 28 kyrko-

72 353 142 28 lagskomit&n
228 354 127 21 utarbetade
371 355 39 20 och
426 355 120 21 Ständerna
560 355 35 21 vid
610 355 99 22 sednaste
723 356 104 27 landtdag

73 389 93 27 delgifna
185 388 80 28 förslag
283 388 32 21 till
333 389 102 28 kyrkolag
454 389 56 22 hade
529 390 33 27 8:n
581 389 69 22 denna
664 390 90 27 lydelse:
769 390 58 26 ,Den

73 423 241 28 evangelisk-lutherska
331 423 82 28 kyrkan
431 424 7 21 i
455 424 92 21 Finland
562 424 105 21 erkänner
682 424 59 21 Guds
756 425 71 27 heliga

74 457 46 27 ord,
138 457 152 28 uppenbaradt
307 458 7 21 i
333 458 70 27 gamla
422 459 39 21 och
479 466 43 21 nya
540 460 147 20 testamentets
709 459 118 27 profetiska

73 493 41 21 och
128 492 132 27 apostoliska
275 492 91 27 skrifter,
379 492 70 22 säsom
461 493 35 22 det
507 493 55 22 enda
572 495 135 25 rättesnöret,
719 494 108 21 hvarefter

73 527 43 22 alla
137 527 59 22 läror
218 527 39 22 och
280 527 70 22 lärare
367 528 8 21 i
393 528 81 27 kyrkan
495 528 56 21 böra
572 535 61 14 anses
656 529 40 20 och
717 529 108 25 bedömas,

73 563 56 20 samt
143 562 109 21 bekänner
267 562 32 28 sig
312 562 34 21 till
361 562 41 21 den
413 563 207 27 grunduppfattning
632 563 23 21 af
665 563 40 21 den
716 563 8 21 i
735 563 92 21 nämnde

72 597 72 27 heliga
162 597 86 21 skrifter
267 597 133 21 framställda
421 597 68 26 läran,
509 605 45 14 som
572 597 68 22 finnes
657 598 84 21 uttalad
760 598 7 21 i
785 598 42 21 den

73 631 70 22 äldsta
157 631 93 28 kyrkans
265 634 33 19 tre
312 631 183 28 hufvudsymbola,
511 633 56 20 samt
586 632 53 29 efter
656 632 170 28 kyrkoreforma-

72 666 73 21 tionen
159 666 8 21 i
183 666 40 21 den
241 666 142 21 oförändrade
402 667 155 27 augsburgiska
575 667 142 21 bekännelsen
736 667 40 21 och
795 667 31 21 öf-

71 701 48 27 riga
138 700 41 21 den
196 701 110 21 lutherska
323 701 93 27 kyrkans
434 701 7 21 i
460 701 40 21 den
516 700 109 22 säkallade
639 701 187 22 konkordieboken

72 737 112 25 upptagna
205 735 231 22 bekännelseskrifter.*
473 735 37 22 Uti
532 736 37 21 sitt
590 736 33 21 till
648 735 121 23 Ständerna
790 736 36 21 vid

72 770 100 21 sednaste
187 770 102 28 landtdag
308 770 81 28 afgifna
407 770 135 22 betänkande
558 770 125 22 utvecklade
698 771 127 27 Lagutskot-

72 806 32 20 tet
119 804 26 22 de
160 804 52 27 skäl,
228 804 99 22 hvarföre
343 804 22 22 ät
380 805 40 21 den
435 805 148 28 formulering,
598 805 101 22 hvarmed
711 806 41 21 den
763 806 62 28 kyrk-

72 839 44 28 liga
128 839 145 21 bekännelsen
292 838 90 23 sälunda
399 840 184 26 karakteriserats,
602 839 68 22 mäste
687 840 139 22 tillerkännas

72 873 109 22 företräde
199 874 90 21 framför
306 874 150 22 motsvarande
474 875 11 27 &
500 874 8 21 i
525 876 54 19 1686
598 874 36 22 års
647 874 110 28 kyrkolag.
786 874 40 22 Ut-

72 908 86 22 skottet:
169 908 100 21 framhöll
290 908 183 28 hufvudsakligen,
493 911 32 19 att
543 908 258 29 bekännelseparagrafen
818 909 8 21 i

73 943 36 21 det
131 950 43 20 nya
194 942 103 28 förslaget
315 942 70 22 såsom
403 943 119 21 förnämsta
541 944 104 26 grundval
662 944 35 20 för
715 944 43 21 alla
779 944 47 21 sina

72 977 73 22 vidare
166 977 162 27 bestämningar
348 978 104 26 uppställt
474 978 40 21 den
536 978 32 20 uti
594 978 40 21 den
658 978 168 27 protestantiska

73 1012 82 27 kyrkan
171 1012 60 20 alltid
247 1012 94 21 erkända
355 1011 132 27 hufvudsats,
507 1014 31 19 att
557 1012 40 21 den
615 1012 71 28 heliga
704 1012 68 26 skrift,
791 1008 37 25 så-

73 1053 46 14 som
136 1046 150 22 innehållande
305 1046 40 22 den
368 1046 123 28 gudomliga
512 1046 177 28 uppenbarelsen,
711 1047 8 21 i
741 1046 85 22 hvilken

73 1080 82 28 kyrkan
173 1081 50 27 sjelf
239 1082 40 20 har
297 1081 36 21 sitt
351 1081 84 27 upphof
455 1081 40 21 och
517 1081 34 21 sin
572 1080 132 22 fortfarande
725 1081 100 26 lifskälla,

73 1116 65 26 utgör
152 1115 37 21 det
204 1115 55 21 enda
273 1116 128 20 rättesnöret
416 1115 34 21 för
467 1115 84 27 kristlig
569 1115 48 21 lära
631 1116 40 20 och
686 1115 94 28 kristligt
794 1116 30 26 lif,

74 1149 108 22 äfvensom
198 1151 37 25 att,
251 1148 73 23 såvida
339 1150 40 21 den
395 1149 107 22 allmänna
517 1150 82 20 kristna
614 1150 81 27 kyrkan
710 1150 68 21 under
792 1150 33 22 sin

73 1184 116 21 historiska
203 1184 121 28 utveckling
343 1184 57 21 delat
417 1184 33 27 sig
467 1184 8 20 i
493 1184 52 21 flere
563 1184 100 21 särskilta
681 1184 85 28 kyrkor,
785 1184 40 22 och

73 1218 73 28 hvarje
165 1218 67 22 sådan
251 1218 84 22 derföre
352 1218 67 22 borde
436 1219 8 20 i
462 1218 32 21 sin
516 1218 173 21 trosbekännelse
710 1218 69 22 uttala
797 1218 30 28 på

74 1252 83 29 engång
176 1253 56 21 hvad
249 1253 44 21 hon
310 1254 45 20 tror
375 1254 130 27 gemensamt
522 1252 49 22 med
590 1252 26 22 de
631 1252 69 28 öfriga
715 1253 40 21 och
769 1252 57 23 hvad

73 1287 43 21 hon
130 1289 47 19 tror
191 1287 76 21 enskilt
281 1287 34 21 för
330 1287 37 27 sig,
384 1287 59 21 detta
461 1287 62 21 äfven
540 1287 69 21 blifvit
626 1287 8 21 i
651 1287 103 28 förslaget
771 1287 54 21 iakt-

73 1323 65 25 taget,
153 1321 46 27 ithy
214 1323 31 18 att
261 1321 45 21 deri
321 1320 70 21 såsom
405 1321 86 27 uttryck
504 1321 35 20 för
557 1321 41 20 den
617 1321 209 26 evangelisk-luther-

73 1355 39 21 ska
127 1355 92 27 kyrkans
234 1355 127 21 bekännelse
376 1355 100 21 anfördes
490 1355 47 20 icke
553 1354 90 21 allenast
661 1355 26 20 de
704 1356 34 19 tre
756 1354 70 22 äldsta

73 1389 222 28 hufvudsymbolerna,
310 1390 53 20 utan
374 1389 61 21 äfven
447 1388 99 29 samtliga
557 1389 8 20 i
574 1388 187 22 konkordieboken
771 1396 54 21 upp-

74 1425 66 27 tagna
154 1423 220 27 bekännelseskrifter,
389 1423 72 22 hvilka
476 1423 45 22 dels
535 1423 82 28 positift
631 1423 70 22 uttala
712 1423 40 22 den
763 1431 62 14 evan-

75 1459 81 28 geliska
173 1459 93 28 kyrkans
284 1459 47 22 lära
350 1458 44 22 dels
413 1458 102 28 derjemte
534 1458 47 21 dess
600 1457 106 23 åtskilnad
727 1457 49 24 från
798 1458 28 23 de
