<?xml version="1.0" encoding="UTF-8"?>
<alto xmlns="http://www.loc.gov/standards/alto/ns-v3#" xmlns:xlink="http://www.w3.org/1999/xlink" xmlns:xsi="http://www.w3.org/2001/XMLSchema-instance" xsi:schemaLocation="http://www.loc.gov/standards/alto/ns-v3# http://www.loc.gov/alto/v3/alto-3-0.xsd">
	<Description>
		<MeasurementUnit>pixel</MeasurementUnit>
		<sourceImageInformation>
			<fileName>/tmp/tess_u_9nu2cj_input.PNG</fileName>
		</sourceImageInformation>
		<OCRProcessing ID="OCR_0">
			<ocrProcessingStep>
				<processingSoftware>
					<softwareName>tesseract 5.3.4</softwareName>
				</processingSoftware>
			</ocrProcessingStep>
		</OCRProcessing>
	</Description>
	<Layout>
		<Page WIDTH="1700" HEIGHT="1836" PHYSICAL_IMG_NR="0" ID="page_0">
			<PrintSpace HPOS="0" VPOS="0" WIDTH="1700" HEIGHT="1836">
				<ComposedBlock ID="cblock_0" HPOS="641" VPOS="202" WIDTH="497" HEIGHT="23">
					<TextBlock ID="block_0" HPOS="641" VPOS="202" WIDTH="497" HEIGHT="23">
						<TextLine ID="line_0" HPOS="641" VPOS="202" WIDTH="497" HEIGHT="23">
							<String ID="string_0" HPOS="641" VPOS="202" WIDTH="71" HEIGHT="23" WC="0.92" CONTENT="Nådiga"/><SP WIDTH="12" VPOS="202" HPOS="712"/>
							<String ID="string_1" HPOS="724" VPOS="204" WIDTH="136" HEIGHT="21" WC="0.96" CONTENT="Propositionen"/><SP WIDTH="12" VPOS="204" HPOS="860"/>
							<String ID="string_2" HPOS="872" VPOS="204" WIDTH="33" HEIGHT="16" WC="0.96" CONTENT="N:o"/><SP WIDTH="13" VPOS="204" HPOS="905"/>
							<String ID="string_3" HPOS="918" VPOS="204" WIDTH="16" HEIGHT="15" WC="0.95" CONTENT="4."/><SP WIDTH="172" VPOS="204" HPOS="934"/>
							<String ID="string_4" HPOS="1106" VPOS="204" WIDTH="32" HEIGHT="16" WC="0.95" CONTENT="193"/>
						</TextLine>
					</TextBlock>
				</ComposedBlock>
				<ComposedBlock ID="cblock_1" HPOS="412" VPOS="265" WIDTH="752" HEIGHT="952">
					<TextBlock ID="block_1" HPOS="540" VPOS="265" WIDTH="624" HEIGHT="203">
						<TextLine ID="line_1" HPOS="606" VPOS="265" WIDTH="556" HEIGHT="32">
							<String ID="string_5" HPOS="606" VPOS="265" WIDTH="40" HEIGHT="27" WC="0.95" CONTENT="De,"/><SP WIDTH="16" VPOS="265" HPOS="646"/>
							<String ID="string_6" HPOS="662" VPOS="274" WIDTH="45" HEIGHT="13" WC="0.96" CONTENT="som"/><SP WIDTH="14" VPOS="274" HPOS="707"/>
							<String ID="string_7" HPOS="721" VPOS="267" WIDTH="37" HEIGHT="21" WC="0.92" CONTENT="vid"/><SP WIDTH="15" VPOS="267" HPOS="758"/>
							<String ID="string_8" HPOS="773" VPOS="267" WIDTH="159" HEIGHT="29" WC="0.90" CONTENT="ofvannämnda"/><SP WIDTH="15" VPOS="267" HPOS="932"/>
							<String ID="string_9" HPOS="947" VPOS="268" WIDTH="36" HEIGHT="20" WC="0.95" CONTENT="val"/><SP WIDTH="15" VPOS="268" HPOS="983"/>
							<String ID="string_10" HPOS="998" VPOS="268" WIDTH="26" HEIGHT="29" WC="0.96" CONTENT="af"/><SP WIDTH="12" VPOS="268" HPOS="1024"/>
							<String ID="string_11" HPOS="1036" VPOS="268" WIDTH="62" HEIGHT="21" WC="0.93" CONTENT="såväl"/><SP WIDTH="10" VPOS="268" HPOS="1098"/>
							<String ID="string_12" HPOS="1108" VPOS="274" WIDTH="54" HEIGHT="21" WC="0.91" CONTENT="pre-"/>
						</TextLine>
						<TextLine ID="line_2" HPOS="547" VPOS="302" WIDTH="615" HEIGHT="28">
							<String ID="string_13" HPOS="547" VPOS="302" WIDTH="93" HEIGHT="27" WC="0.91" CONTENT="sterliga"/><SP WIDTH="15" VPOS="302" HPOS="640"/>
							<String ID="string_14" HPOS="655" VPOS="308" WIDTH="44" HEIGHT="14" WC="0.93" CONTENT="som"/><SP WIDTH="16" VPOS="308" HPOS="699"/>
							<String ID="string_15" HPOS="715" VPOS="302" WIDTH="112" HEIGHT="21" WC="0.92" CONTENT="lekmanna"/><SP WIDTH="11" VPOS="302" HPOS="827"/>
							<String ID="string_16" HPOS="838" VPOS="302" WIDTH="76" HEIGHT="21" WC="0.96" CONTENT="ombud"/><SP WIDTH="11" VPOS="302" HPOS="914"/>
							<String ID="string_17" HPOS="925" VPOS="303" WIDTH="35" HEIGHT="20" WC="0.96" CONTENT="det"/><SP WIDTH="10" VPOS="303" HPOS="960"/>
							<String ID="string_18" HPOS="970" VPOS="304" WIDTH="99" HEIGHT="19" WC="0.95" CONTENT="närmast"/><SP WIDTH="15" VPOS="304" HPOS="1069"/>
							<String ID="string_19" HPOS="1084" VPOS="302" WIDTH="78" HEIGHT="28" WC="0.94" CONTENT="högsta"/>
						</TextLine>
						<TextLine ID="line_3" HPOS="549" VPOS="335" WIDTH="614" HEIGHT="30">
							<String ID="string_20" HPOS="549" VPOS="336" WIDTH="113" HEIGHT="20" WC="0.96" CONTENT="röstetalet"/><SP WIDTH="14" VPOS="336" HPOS="662"/>
							<String ID="string_21" HPOS="676" VPOS="335" WIDTH="95" HEIGHT="27" WC="0.95" CONTENT="erhållit,"/><SP WIDTH="20" VPOS="335" HPOS="771"/>
							<String ID="string_22" HPOS="791" VPOS="343" WIDTH="51" HEIGHT="14" WC="0.95" CONTENT="vare"/><SP WIDTH="19" VPOS="343" HPOS="842"/>
							<String ID="string_23" HPOS="861" VPOS="336" WIDTH="96" HEIGHT="28" WC="0.96" CONTENT="skyldige"/><SP WIDTH="16" VPOS="336" HPOS="957"/>
							<String ID="string_24" HPOS="973" VPOS="340" WIDTH="38" HEIGHT="22" WC="0.96" CONTENT="att,"/><SP WIDTH="17" VPOS="340" HPOS="1011"/>
							<String ID="string_25" HPOS="1028" VPOS="337" WIDTH="37" HEIGHT="20" WC="0.93" CONTENT="vid"/><SP WIDTH="15" VPOS="337" HPOS="1065"/>
							<String ID="string_26" HPOS="1080" VPOS="337" WIDTH="83" HEIGHT="28" WC="0.91" CONTENT="inträf-"/>
						</TextLine>
						<TextLine ID="line_4" HPOS="540" VPOS="369" WIDTH="624" HEIGHT="30">
							<String ID="string_27" HPOS="540" VPOS="369" WIDTH="73" HEIGHT="28" WC="0.88" CONTENT="fande"/><SP WIDTH="23" VPOS="369" HPOS="613"/>
							<String ID="string_28" HPOS="636" VPOS="371" WIDTH="51" HEIGHT="26" WC="0.88" CONTENT="laga"/><SP WIDTH="15" VPOS="371" HPOS="687"/>
							<String ID="string_29" HPOS="702" VPOS="370" WIDTH="83" HEIGHT="28" WC="0.95" CONTENT="förfall"/><SP WIDTH="12" VPOS="370" HPOS="785"/>
							<String ID="string_30" HPOS="797" VPOS="371" WIDTH="42" HEIGHT="27" WC="0.96" CONTENT="för"/><SP WIDTH="20" VPOS="371" HPOS="839"/>
							<String ID="string_31" HPOS="859" VPOS="370" WIDTH="108" HEIGHT="26" WC="0.95" CONTENT="ombuden,"/><SP WIDTH="15" VPOS="370" HPOS="967"/>
							<String ID="string_32" HPOS="982" VPOS="371" WIDTH="33" HEIGHT="28" WC="0.96" CONTENT="på"/><SP WIDTH="19" VPOS="371" HPOS="1015"/>
							<String ID="string_33" HPOS="1034" VPOS="371" WIDTH="86" HEIGHT="21" WC="0.96" CONTENT="kallelse"/><SP WIDTH="19" VPOS="371" HPOS="1120"/>
							<String ID="string_34" HPOS="1139" VPOS="371" WIDTH="25" HEIGHT="28" WC="0.96" CONTENT="af"/>
						</TextLine>
						<TextLine ID="line_5" HPOS="549" VPOS="404" WIDTH="613" HEIGHT="30">
							<String ID="string_35" HPOS="549" VPOS="404" WIDTH="148" HEIGHT="28" WC="0.95" CONTENT="ordföranden"/><SP WIDTH="22" VPOS="404" HPOS="697"/>
							<String ID="string_36" HPOS="719" VPOS="405" WIDTH="37" HEIGHT="20" WC="0.92" CONTENT="vid"/><SP WIDTH="21" VPOS="405" HPOS="756"/>
							<String ID="string_37" HPOS="777" VPOS="406" WIDTH="73" HEIGHT="25" WC="0.94" CONTENT="mötet,"/><SP WIDTH="23" VPOS="406" HPOS="850"/>
							<String ID="string_38" HPOS="873" VPOS="405" WIDTH="83" HEIGHT="28" WC="0.95" CONTENT="infinna"/><SP WIDTH="18" VPOS="405" HPOS="956"/>
							<String ID="string_39" HPOS="974" VPOS="406" WIDTH="33" HEIGHT="27" WC="0.96" CONTENT="sig"/><SP WIDTH="9" VPOS="406" HPOS="1007"/>
							<String ID="string_40" HPOS="1016" VPOS="405" WIDTH="42" HEIGHT="29" WC="0.96" CONTENT="för"/><SP WIDTH="16" VPOS="405" HPOS="1058"/>
							<String ID="string_41" HPOS="1074" VPOS="409" WIDTH="33" HEIGHT="17" WC="0.96" CONTENT="att"/><SP WIDTH="14" VPOS="409" HPOS="1107"/>
							<String ID="string_42" HPOS="1121" VPOS="405" WIDTH="41" HEIGHT="21" WC="0.96" CONTENT="den"/>
						</TextLine>
						<TextLine ID="line_6" HPOS="548" VPOS="438" WIDTH="393" HEIGHT="30">
							<String ID="string_43" HPOS="548" VPOS="438" WIDTH="93" HEIGHT="21" WC="0.93" CONTENT="sålunda"/><SP WIDTH="14" VPOS="438" HPOS="641"/>
							<String ID="string_44" HPOS="655" VPOS="438" WIDTH="115" HEIGHT="29" WC="0.90" CONTENT="uteblefnes"/><SP WIDTH="11" VPOS="438" HPOS="770"/>
							<String ID="string_45" HPOS="781" VPOS="440" WIDTH="61" HEIGHT="27" WC="0.96" CONTENT="plats"/><SP WIDTH="16" VPOS="440" HPOS="842"/>
							<String ID="string_46" HPOS="858" VPOS="440" WIDTH="83" HEIGHT="28" WC="0.96" CONTENT="intaga."/>
						</TextLine>
					</TextBlock>
					<TextBlock ID="block_2" HPOS="547" VPOS="473" WIDTH="615" HEIGHT="166">
						<TextLine ID="line_7" HPOS="605" VPOS="473" WIDTH="556" HEIGHT="30">
							<String ID="string_47" HPOS="605" VPOS="473" WIDTH="84" HEIGHT="21" WC="0.95" CONTENT="Besvär"/><SP WIDTH="19" VPOS="473" HPOS="689"/>
							<String ID="string_48" HPOS="708" VPOS="473" WIDTH="60" HEIGHT="29" WC="0.96" CONTENT="öfver"/><SP WIDTH="18" VPOS="473" HPOS="768"/>
							<String ID="string_49" HPOS="786" VPOS="475" WIDTH="41" HEIGHT="24" WC="0.96" CONTENT="val,"/><SP WIDTH="23" VPOS="475" HPOS="827"/>
							<String ID="string_50" HPOS="850" VPOS="481" WIDTH="45" HEIGHT="14" WC="0.96" CONTENT="som"/><SP WIDTH="17" VPOS="481" HPOS="895"/>
							<String ID="string_51" HPOS="912" VPOS="481" WIDTH="29" HEIGHT="13" WC="0.93" CONTENT="nu"/><SP WIDTH="18" VPOS="481" HPOS="941"/>
							<String ID="string_52" HPOS="959" VPOS="474" WIDTH="94" HEIGHT="21" WC="0.94" CONTENT="nämnda"/><SP WIDTH="19" VPOS="474" HPOS="1053"/>
							<String ID="string_53" HPOS="1072" VPOS="475" WIDTH="46" HEIGHT="25" WC="0.95" CONTENT="äro,"/><SP WIDTH="13" VPOS="475" HPOS="1118"/>
							<String ID="string_54" HPOS="1131" VPOS="474" WIDTH="30" HEIGHT="29" WC="0.96" CONTENT="få"/>
						</TextLine>
						<TextLine ID="line_8" HPOS="548" VPOS="507" WIDTH="614" HEIGHT="30">
							<String ID="string_55" HPOS="548" VPOS="507" WIDTH="59" HEIGHT="21" WC="0.95" CONTENT="inom"/><SP WIDTH="16" VPOS="507" HPOS="607"/>
							<String ID="string_56" HPOS="623" VPOS="509" WIDTH="74" HEIGHT="20" WC="0.96" CONTENT="trettio"/><SP WIDTH="16" VPOS="509" HPOS="697"/>
							<String ID="string_57" HPOS="713" VPOS="508" WIDTH="70" HEIGHT="28" WC="0.96" CONTENT="dagar"/><SP WIDTH="15" VPOS="508" HPOS="783"/>
							<String ID="string_58" HPOS="798" VPOS="509" WIDTH="54" HEIGHT="28" WC="0.96" CONTENT="efter"/><SP WIDTH="15" VPOS="509" HPOS="852"/>
							<String ID="string_59" HPOS="867" VPOS="509" WIDTH="56" HEIGHT="20" WC="0.96" CONTENT="valet"/><SP WIDTH="15" VPOS="509" HPOS="923"/>
							<String ID="string_60" HPOS="938" VPOS="509" WIDTH="90" HEIGHT="28" WC="0.96" CONTENT="anföras"/><SP WIDTH="12" VPOS="509" HPOS="1028"/>
							<String ID="string_61" HPOS="1040" VPOS="509" WIDTH="37" HEIGHT="20" WC="0.93" CONTENT="hos"/><SP WIDTH="11" VPOS="509" HPOS="1077"/>
							<String ID="string_62" HPOS="1088" VPOS="509" WIDTH="74" HEIGHT="21" WC="0.88" CONTENT="veder-"/>
						</TextLine>
						<TextLine ID="line_9" HPOS="548" VPOS="541" WIDTH="614" HEIGHT="31">
							<String ID="string_63" HPOS="548" VPOS="541" WIDTH="95" HEIGHT="22" WC="0.91" CONTENT="börande"/><SP WIDTH="15" VPOS="541" HPOS="643"/>
							<String ID="string_64" HPOS="658" VPOS="542" WIDTH="137" HEIGHT="29" WC="0.95" CONTENT="domkapitel,"/><SP WIDTH="26" VPOS="542" HPOS="795"/>
							<String ID="string_65" HPOS="821" VPOS="550" WIDTH="44" HEIGHT="13" WC="0.96" CONTENT="som"/><SP WIDTH="22" VPOS="550" HPOS="865"/>
							<String ID="string_66" HPOS="887" VPOS="545" WIDTH="53" HEIGHT="27" WC="0.96" CONTENT="äger"/><SP WIDTH="22" VPOS="545" HPOS="940"/>
							<String ID="string_67" HPOS="962" VPOS="543" WIDTH="102" HEIGHT="20" WC="0.92" CONTENT="besvären"/><SP WIDTH="15" VPOS="543" HPOS="1064"/>
							<String ID="string_68" HPOS="1079" VPOS="543" WIDTH="83" HEIGHT="29" WC="0.92" CONTENT="pröfva"/>
						</TextLine>
						<TextLine ID="line_10" HPOS="547" VPOS="573" WIDTH="615" HEIGHT="33">
							<String ID="string_69" HPOS="547" VPOS="576" WIDTH="41" HEIGHT="20" WC="0.96" CONTENT="och"/><SP WIDTH="14" VPOS="576" HPOS="588"/>
							<String ID="string_70" HPOS="602" VPOS="573" WIDTH="75" HEIGHT="31" WC="0.96" CONTENT="genom"/><SP WIDTH="15" VPOS="573" HPOS="677"/>
							<String ID="string_71" HPOS="692" VPOS="578" WIDTH="71" HEIGHT="26" WC="0.93" CONTENT="utslag"/><SP WIDTH="16" VPOS="578" HPOS="763"/>
							<String ID="string_72" HPOS="779" VPOS="577" WIDTH="84" HEIGHT="28" WC="0.91" CONTENT="afgöra,"/><SP WIDTH="19" VPOS="577" HPOS="863"/>
							<String ID="string_73" HPOS="882" VPOS="577" WIDTH="47" HEIGHT="21" WC="0.96" CONTENT="med"/><SP WIDTH="19" VPOS="577" HPOS="929"/>
							<String ID="string_74" HPOS="948" VPOS="578" WIDTH="115" HEIGHT="28" WC="0.95" CONTENT="anvisning"/><SP WIDTH="15" VPOS="578" HPOS="1063"/>
							<String ID="string_75" HPOS="1078" VPOS="579" WIDTH="36" HEIGHT="20" WC="0.93" CONTENT="till"/><SP WIDTH="15" VPOS="579" HPOS="1114"/>
							<String ID="string_76" HPOS="1129" VPOS="577" WIDTH="33" HEIGHT="21" WC="0.92" CONTENT="be-"/>
						</TextLine>
						<TextLine ID="line_11" HPOS="548" VPOS="610" WIDTH="328" HEIGHT="29">
							<String ID="string_77" HPOS="548" VPOS="611" WIDTH="52" HEIGHT="19" WC="0.96" CONTENT="svär"/><SP WIDTH="15" VPOS="611" HPOS="600"/>
							<String ID="string_78" HPOS="615" VPOS="611" WIDTH="70" HEIGHT="20" WC="0.96" CONTENT="såsom"/><SP WIDTH="14" VPOS="611" HPOS="685"/>
							<String ID="string_79" HPOS="699" VPOS="612" WIDTH="10" HEIGHT="19" WC="0.92" CONTENT="i"/><SP WIDTH="14" VPOS="612" HPOS="709"/>
							<String ID="string_80" HPOS="723" VPOS="611" WIDTH="12" HEIGHT="28" WC="0.91" CONTENT="$"/><SP WIDTH="15" VPOS="611" HPOS="735"/>
							<String ID="string_81" HPOS="750" VPOS="610" WIDTH="45" HEIGHT="21" WC="0.94" CONTENT="420"/><SP WIDTH="15" VPOS="610" HPOS="795"/>
							<String ID="string_82" HPOS="810" VPOS="613" WIDTH="66" HEIGHT="26" WC="0.95" CONTENT="säges."/>
						</TextLine>
					</TextBlock>
					<TextBlock ID="block_3" HPOS="543" VPOS="643" WIDTH="619" HEIGHT="271">
						<TextLine ID="line_12" HPOS="605" VPOS="643" WIDTH="556" HEIGHT="28">
							<String ID="string_83" HPOS="605" VPOS="645" WIDTH="12" HEIGHT="26" WC="0.93" CONTENT="$"/><SP WIDTH="15" VPOS="645" HPOS="617"/>
							<String ID="string_84" HPOS="632" VPOS="643" WIDTH="51" HEIGHT="22" WC="0.95" CONTENT="462."/><SP WIDTH="29" VPOS="643" HPOS="683"/>
							<String ID="string_85" HPOS="712" VPOS="645" WIDTH="80" HEIGHT="21" WC="0.96" CONTENT="Mötets"/><SP WIDTH="15" VPOS="645" HPOS="792"/>
							<String ID="string_86" HPOS="807" VPOS="646" WIDTH="62" HEIGHT="20" WC="0.96" CONTENT="valde"/><SP WIDTH="12" VPOS="646" HPOS="869"/>
							<String ID="string_87" HPOS="881" VPOS="646" WIDTH="118" HEIGHT="21" WC="0.96" CONTENT="ledamöter"/><SP WIDTH="12" VPOS="646" HPOS="999"/>
							<String ID="string_88" HPOS="1011" VPOS="645" WIDTH="55" HEIGHT="22" WC="0.96" CONTENT="böra"/><SP WIDTH="11" VPOS="645" HPOS="1066"/>
							<String ID="string_89" HPOS="1077" VPOS="645" WIDTH="84" HEIGHT="21" WC="0.96" CONTENT="erhålla"/>
						</TextLine>
						<TextLine ID="line_13" HPOS="549" VPOS="679" WIDTH="612" HEIGHT="30">
							<String ID="string_90" HPOS="549" VPOS="679" WIDTH="84" HEIGHT="25" WC="0.95" CONTENT="arvode,"/><SP WIDTH="21" VPOS="679" HPOS="633"/>
							<String ID="string_91" HPOS="654" VPOS="679" WIDTH="86" HEIGHT="26" WC="0.93" CONTENT="hvilket,"/><SP WIDTH="20" VPOS="679" HPOS="740"/>
							<String ID="string_92" HPOS="760" VPOS="680" WIDTH="71" HEIGHT="20" WC="0.89" CONTENT="såvidt"/><SP WIDTH="18" VPOS="680" HPOS="831"/>
							<String ID="string_93" HPOS="849" VPOS="680" WIDTH="34" HEIGHT="22" WC="0.96" CONTENT="det"/><SP WIDTH="18" VPOS="680" HPOS="883"/>
							<String ID="string_94" HPOS="901" VPOS="681" WIDTH="67" HEIGHT="27" WC="0.96" CONTENT="utgår"/><SP WIDTH="15" VPOS="681" HPOS="968"/>
							<String ID="string_95" HPOS="983" VPOS="681" WIDTH="35" HEIGHT="20" WC="0.96" CONTENT="till"/><SP WIDTH="15" VPOS="681" HPOS="1018"/>
							<String ID="string_96" HPOS="1033" VPOS="680" WIDTH="76" HEIGHT="21" WC="0.96" CONTENT="ombud"/><SP WIDTH="10" VPOS="680" HPOS="1109"/>
							<String ID="string_97" HPOS="1119" VPOS="680" WIDTH="42" HEIGHT="29" WC="0.96" CONTENT="för"/>
						</TextLine>
						<TextLine ID="line_14" HPOS="543" VPOS="713" WIDTH="617" HEIGHT="30">
							<String ID="string_98" HPOS="543" VPOS="713" WIDTH="170" HEIGHT="28" WC="0.91" CONTENT="prestaständet,"/><SP WIDTH="18" VPOS="713" HPOS="713"/>
							<String ID="string_99" HPOS="731" VPOS="714" WIDTH="91" HEIGHT="29" WC="0.92" CONTENT="stiftsvis"/><SP WIDTH="16" VPOS="714" HPOS="822"/>
							<String ID="string_100" HPOS="838" VPOS="714" WIDTH="55" HEIGHT="22" WC="0.96" CONTENT="skall"/><SP WIDTH="15" VPOS="714" HPOS="893"/>
							<String ID="string_101" HPOS="908" VPOS="715" WIDTH="105" HEIGHT="20" WC="0.96" CONTENT="beräknas"/><SP WIDTH="16" VPOS="715" HPOS="1013"/>
							<String ID="string_102" HPOS="1029" VPOS="715" WIDTH="38" HEIGHT="20" WC="0.93" CONTENT="och"/><SP WIDTH="14" VPOS="715" HPOS="1067"/>
							<String ID="string_103" HPOS="1081" VPOS="715" WIDTH="79" HEIGHT="28" WC="0.92" CONTENT="gäldas"/>
						</TextLine>
						<TextLine ID="line_15" HPOS="548" VPOS="747" WIDTH="613" HEIGHT="30">
							<String ID="string_104" HPOS="548" VPOS="747" WIDTH="26" HEIGHT="28" WC="0.88" CONTENT="af"/><SP WIDTH="13" VPOS="747" HPOS="574"/>
							<String ID="string_105" HPOS="587" VPOS="748" WIDTH="44" HEIGHT="21" WC="0.92" CONTENT="alla"/><SP WIDTH="15" VPOS="748" HPOS="631"/>
							<String ID="string_106" HPOS="646" VPOS="748" WIDTH="171" HEIGHT="29" WC="0.92" CONTENT="valberättigade"/><SP WIDTH="15" VPOS="748" HPOS="817"/>
							<String ID="string_107" HPOS="832" VPOS="750" WIDTH="58" HEIGHT="19" WC="0.96" CONTENT="inom"/><SP WIDTH="15" VPOS="750" HPOS="890"/>
							<String ID="string_108" HPOS="905" VPOS="749" WIDTH="60" HEIGHT="21" WC="0.96" CONTENT="detta"/><SP WIDTH="12" VPOS="749" HPOS="965"/>
							<String ID="string_109" HPOS="977" VPOS="749" WIDTH="68" HEIGHT="26" WC="0.96" CONTENT="stånd,"/><SP WIDTH="19" VPOS="749" HPOS="1045"/>
							<String ID="string_110" HPOS="1064" VPOS="752" WIDTH="48" HEIGHT="17" WC="0.95" CONTENT="samt"/><SP WIDTH="11" VPOS="752" HPOS="1112"/>
							<String ID="string_111" HPOS="1123" VPOS="749" WIDTH="38" HEIGHT="28" WC="0.96" CONTENT="för"/>
						</TextLine>
						<TextLine ID="line_16" HPOS="548" VPOS="781" WIDTH="614" HEIGHT="30">
							<String ID="string_112" HPOS="548" VPOS="781" WIDTH="25" HEIGHT="22" WC="0.92" CONTENT="de"/><SP WIDTH="11" VPOS="781" HPOS="573"/>
							<String ID="string_113" HPOS="584" VPOS="783" WIDTH="131" HEIGHT="27" WC="0.90" CONTENT="prosterivis"/><SP WIDTH="14" VPOS="783" HPOS="715"/>
							<String ID="string_114" HPOS="729" VPOS="783" WIDTH="86" HEIGHT="22" WC="0.91" CONTENT="utsedde"/><SP WIDTH="17" VPOS="783" HPOS="815"/>
							<String ID="string_115" HPOS="832" VPOS="783" WIDTH="83" HEIGHT="21" WC="0.93" CONTENT="lekmän"/><SP WIDTH="10" VPOS="783" HPOS="915"/>
							<String ID="string_116" HPOS="925" VPOS="787" WIDTH="110" HEIGHT="17" WC="0.88" CONTENT="uttaxeras"/><SP WIDTH="11" VPOS="787" HPOS="1035"/>
							<String ID="string_117" HPOS="1046" VPOS="791" WIDTH="27" HEIGHT="13" WC="0.93" CONTENT="ur"/><SP WIDTH="13" VPOS="791" HPOS="1073"/>
							<String ID="string_118" HPOS="1086" VPOS="782" WIDTH="76" HEIGHT="29" WC="0.89" CONTENT="kyrko-"/>
						</TextLine>
						<TextLine ID="line_17" HPOS="548" VPOS="816" WIDTH="613" HEIGHT="31">
							<String ID="string_119" HPOS="548" VPOS="816" WIDTH="105" HEIGHT="22" WC="0.94" CONTENT="kassorna"/><SP WIDTH="18" VPOS="816" HPOS="653"/>
							<String ID="string_120" HPOS="671" VPOS="817" WIDTH="54" HEIGHT="30" WC="0.94" CONTENT="efter"/><SP WIDTH="9" VPOS="817" HPOS="725"/>
							<String ID="string_121" HPOS="734" VPOS="818" WIDTH="202" HEIGHT="28" WC="0.96" CONTENT="församlingarnas"/><SP WIDTH="13" VPOS="818" HPOS="936"/>
							<String ID="string_122" HPOS="949" VPOS="817" WIDTH="138" HEIGHT="30" WC="0.93" CONTENT="folkmängd,"/><SP WIDTH="23" VPOS="817" HPOS="1087"/>
							<String ID="string_123" HPOS="1110" VPOS="821" WIDTH="51" HEIGHT="17" WC="0.88" CONTENT="utur"/>
						</TextLine>
						<TextLine ID="line_18" HPOS="549" VPOS="851" WIDTH="612" HEIGHT="30">
							<String ID="string_124" HPOS="549" VPOS="851" WIDTH="74" HEIGHT="21" WC="0.94" CONTENT="hvilka"/><SP WIDTH="18" VPOS="851" HPOS="623"/>
							<String ID="string_125" HPOS="641" VPOS="851" WIDTH="74" HEIGHT="21" WC="0.93" CONTENT="kassor"/><SP WIDTH="12" VPOS="851" HPOS="715"/>
							<String ID="string_126" HPOS="727" VPOS="852" WIDTH="82" HEIGHT="28" WC="0.92" CONTENT="jemväl"/><SP WIDTH="16" VPOS="852" HPOS="809"/>
							<String ID="string_127" HPOS="825" VPOS="852" WIDTH="74" HEIGHT="29" WC="0.96" CONTENT="öfriga"/><SP WIDTH="15" VPOS="852" HPOS="899"/>
							<String ID="string_128" HPOS="914" VPOS="852" WIDTH="114" HEIGHT="21" WC="0.96" CONTENT="kostnader"/><SP WIDTH="9" VPOS="852" HPOS="1028"/>
							<String ID="string_129" HPOS="1037" VPOS="852" WIDTH="43" HEIGHT="29" WC="0.96" CONTENT="för"/><SP WIDTH="14" VPOS="852" HPOS="1080"/>
							<String ID="string_130" HPOS="1094" VPOS="853" WIDTH="67" HEIGHT="19" WC="0.96" CONTENT="mötet"/>
						</TextLine>
						<TextLine ID="line_19" HPOS="549" VPOS="885" WIDTH="442" HEIGHT="29">
							<String ID="string_131" HPOS="549" VPOS="885" WIDTH="54" HEIGHT="29" WC="0.96" CONTENT="efter"/><SP WIDTH="16" VPOS="885" HPOS="603"/>
							<String ID="string_132" HPOS="619" VPOS="885" WIDTH="112" HEIGHT="22" WC="0.96" CONTENT="enahanda"/><SP WIDTH="15" VPOS="885" HPOS="731"/>
							<String ID="string_133" HPOS="746" VPOS="887" WIDTH="71" HEIGHT="27" WC="0.92" CONTENT="grund"/><SP WIDTH="16" VPOS="887" HPOS="817"/>
							<String ID="string_134" HPOS="833" VPOS="886" WIDTH="60" HEIGHT="21" WC="0.93" CONTENT="skola"/><SP WIDTH="14" VPOS="886" HPOS="893"/>
							<String ID="string_135" HPOS="907" VPOS="887" WIDTH="84" HEIGHT="27" WC="0.92" CONTENT="gäldas."/>
						</TextLine>
					</TextBlock>
					<TextBlock ID="block_4" HPOS="412" VPOS="918" WIDTH="750" HEIGHT="299">
						<TextLine ID="line_20" HPOS="480" VPOS="918" WIDTH="680" HEIGHT="24">
							<String ID="string_136" HPOS="480" VPOS="918" WIDTH="72" HEIGHT="23" WC="0.95" CONTENT="Sedan"/><SP WIDTH="17" VPOS="918" HPOS="552"/>
							<String ID="string_137" HPOS="569" VPOS="920" WIDTH="104" HEIGHT="21" WC="0.96" CONTENT="utskottet"/><SP WIDTH="18" VPOS="920" HPOS="673"/>
							<String ID="string_138" HPOS="691" VPOS="920" WIDTH="7" HEIGHT="20" WC="0.96" CONTENT="i"/><SP WIDTH="18" VPOS="920" HPOS="698"/>
							<String ID="string_139" HPOS="716" VPOS="920" WIDTH="134" HEIGHT="22" WC="0.96" CONTENT="förestående"/><SP WIDTH="17" VPOS="920" HPOS="850"/>
							<String ID="string_140" HPOS="867" VPOS="919" WIDTH="68" HEIGHT="22" WC="0.96" CONTENT="måtto"/><SP WIDTH="18" VPOS="919" HPOS="935"/>
							<String ID="string_141" HPOS="953" VPOS="920" WIDTH="115" HEIGHT="22" WC="0.96" CONTENT="framställt"/><SP WIDTH="15" VPOS="920" HPOS="1068"/>
							<String ID="string_142" HPOS="1083" VPOS="920" WIDTH="26" HEIGHT="22" WC="0.93" CONTENT="de"/><SP WIDTH="14" VPOS="920" HPOS="1109"/>
							<String ID="string_143" HPOS="1123" VPOS="927" WIDTH="37" HEIGHT="14" WC="0.91" CONTENT="an-"/>
						</TextLine>
						<TextLine ID="line_21" HPOS="412" VPOS="953" WIDTH="749" HEIGHT="29">
							<String ID="string_144" HPOS="412" VPOS="953" WIDTH="138" HEIGHT="28" WC="0.96" CONTENT="märkningar"/><SP WIDTH="16" VPOS="953" HPOS="550"/>
							<String ID="string_145" HPOS="566" VPOS="954" WIDTH="39" HEIGHT="22" WC="0.96" CONTENT="och"/><SP WIDTH="15" VPOS="954" HPOS="605"/>
							<String ID="string_146" HPOS="620" VPOS="954" WIDTH="81" HEIGHT="28" WC="0.95" CONTENT="förslag"/><SP WIDTH="14" VPOS="954" HPOS="701"/>
							<String ID="string_147" HPOS="715" VPOS="954" WIDTH="33" HEIGHT="21" WC="0.95" CONTENT="till"/><SP WIDTH="15" VPOS="954" HPOS="748"/>
							<String ID="string_148" HPOS="763" VPOS="955" WIDTH="116" HEIGHT="27" WC="0.95" CONTENT="ändringar"/><SP WIDTH="14" VPOS="955" HPOS="879"/>
							<String ID="string_149" HPOS="893" VPOS="955" WIDTH="7" HEIGHT="20" WC="0.96" CONTENT="i"/><SP WIDTH="15" VPOS="955" HPOS="900"/>
							<String ID="string_150" HPOS="915" VPOS="954" WIDTH="36" HEIGHT="22" WC="0.96" CONTENT="det"/><SP WIDTH="14" VPOS="954" HPOS="951"/>
							<String ID="string_151" HPOS="965" VPOS="955" WIDTH="25" HEIGHT="21" WC="0.96" CONTENT="af"/><SP WIDTH="11" VPOS="955" HPOS="990"/>
							<String ID="string_152" HPOS="1001" VPOS="955" WIDTH="60" HEIGHT="22" WC="0.93" CONTENT="Hans"/><SP WIDTH="14" VPOS="955" HPOS="1061"/>
							<String ID="string_153" HPOS="1075" VPOS="955" WIDTH="86" HEIGHT="27" WC="0.91" CONTENT="Kejser-"/>
						</TextLine>
						<TextLine ID="line_22" HPOS="412" VPOS="987" WIDTH="748" HEIGHT="30">
							<String ID="string_154" HPOS="412" VPOS="987" WIDTH="44" HEIGHT="28" WC="0.96" CONTENT="liga"/><SP WIDTH="17" VPOS="987" HPOS="456"/>
							<String ID="string_155" HPOS="473" VPOS="988" WIDTH="102" HEIGHT="28" WC="0.96" CONTENT="Majestät"/><SP WIDTH="17" VPOS="988" HPOS="575"/>
							<String ID="string_156" HPOS="592" VPOS="989" WIDTH="83" HEIGHT="21" WC="0.93" CONTENT="landets"/><SP WIDTH="20" VPOS="989" HPOS="675"/>
							<String ID="string_157" HPOS="695" VPOS="988" WIDTH="91" HEIGHT="22" WC="0.91" CONTENT="Ständer"/><SP WIDTH="22" VPOS="988" HPOS="786"/>
							<String ID="string_158" HPOS="808" VPOS="989" WIDTH="110" HEIGHT="28" WC="0.91" CONTENT="förelagda"/><SP WIDTH="18" VPOS="989" HPOS="918"/>
							<String ID="string_159" HPOS="936" VPOS="989" WIDTH="224" HEIGHT="28" WC="0.90" CONTENT="kyrkolagsförslaget,"/>
						</TextLine>
						<TextLine ID="line_23" HPOS="413" VPOS="1024" WIDTH="747" HEIGHT="27">
							<String ID="string_160" HPOS="413" VPOS="1029" WIDTH="45" HEIGHT="15" WC="0.96" CONTENT="som"/><SP WIDTH="15" VPOS="1029" HPOS="458"/>
							<String ID="string_161" HPOS="473" VPOS="1025" WIDTH="58" HEIGHT="26" WC="0.96" CONTENT="synts"/><SP WIDTH="15" VPOS="1025" HPOS="531"/>
							<String ID="string_162" HPOS="546" VPOS="1024" WIDTH="85" HEIGHT="27" WC="0.96" CONTENT="nödiga,"/><SP WIDTH="15" VPOS="1024" HPOS="631"/>
							<String ID="string_163" HPOS="646" VPOS="1024" WIDTH="61" HEIGHT="20" WC="0.96" CONTENT="torde"/><SP WIDTH="16" VPOS="1024" HPOS="707"/>
							<String ID="string_164" HPOS="723" VPOS="1024" WIDTH="35" HEIGHT="20" WC="0.96" CONTENT="det"/><SP WIDTH="14" VPOS="1024" HPOS="758"/>
							<String ID="string_165" HPOS="772" VPOS="1031" WIDTH="52" HEIGHT="14" WC="0.93" CONTENT="vara"/><SP WIDTH="15" VPOS="1031" HPOS="824"/>
							<String ID="string_166" HPOS="839" VPOS="1024" WIDTH="133" HEIGHT="27" WC="0.92" CONTENT="öfverflödigt"/><SP WIDTH="15" VPOS="1024" HPOS="972"/>
							<String ID="string_167" HPOS="987" VPOS="1026" WIDTH="84" HEIGHT="25" WC="0.95" CONTENT="nämna,"/><SP WIDTH="13" VPOS="1026" HPOS="1071"/>
							<String ID="string_168" HPOS="1084" VPOS="1025" WIDTH="32" HEIGHT="21" WC="0.91" CONTENT="att"/><SP WIDTH="10" VPOS="1025" HPOS="1116"/>
							<String ID="string_169" HPOS="1126" VPOS="1026" WIDTH="34" HEIGHT="19" WC="0.91" CONTENT="ut-"/>
						</TextLine>
						<TextLine ID="line_24" HPOS="413" VPOS="1056" WIDTH="747" HEIGHT="30">
							<String ID="string_170" HPOS="413" VPOS="1056" WIDTH="79" HEIGHT="23" WC="0.96" CONTENT="skottet"/><SP WIDTH="14" VPOS="1056" HPOS="492"/>
							<String ID="string_171" HPOS="506" VPOS="1058" WIDTH="34" HEIGHT="21" WC="0.96" CONTENT="för"/><SP WIDTH="15" VPOS="1058" HPOS="540"/>
							<String ID="string_172" HPOS="555" VPOS="1058" WIDTH="32" HEIGHT="21" WC="0.96" CONTENT="sin"/><SP WIDTH="15" VPOS="1058" HPOS="587"/>
							<String ID="string_173" HPOS="602" VPOS="1058" WIDTH="34" HEIGHT="22" WC="0.96" CONTENT="del"/><SP WIDTH="15" VPOS="1058" HPOS="636"/>
							<String ID="string_174" HPOS="651" VPOS="1060" WIDTH="69" HEIGHT="20" WC="0.96" CONTENT="ansett"/><SP WIDTH="15" VPOS="1060" HPOS="720"/>
							<String ID="string_175" HPOS="735" VPOS="1058" WIDTH="102" HEIGHT="27" WC="0.96" CONTENT="förslaget"/><SP WIDTH="14" VPOS="1058" HPOS="837"/>
							<String ID="string_176" HPOS="851" VPOS="1058" WIDTH="54" HEIGHT="22" WC="0.96" CONTENT="böra"/><SP WIDTH="14" VPOS="1058" HPOS="905"/>
							<String ID="string_177" HPOS="919" VPOS="1058" WIDTH="7" HEIGHT="21" WC="0.96" CONTENT="i"/><SP WIDTH="15" VPOS="1058" HPOS="926"/>
							<String ID="string_178" HPOS="941" VPOS="1058" WIDTH="38" HEIGHT="23" WC="0.95" CONTENT="allt"/><SP WIDTH="12" VPOS="1058" HPOS="979"/>
							<String ID="string_179" HPOS="991" VPOS="1058" WIDTH="64" HEIGHT="27" WC="0.93" CONTENT="öfrigt"/><SP WIDTH="12" VPOS="1058" HPOS="1055"/>
							<String ID="string_180" HPOS="1067" VPOS="1058" WIDTH="93" HEIGHT="28" WC="0.91" CONTENT="godkän-"/>
						</TextLine>
						<TextLine ID="line_25" HPOS="412" VPOS="1091" WIDTH="749" HEIGHT="29">
							<String ID="string_181" HPOS="412" VPOS="1098" WIDTH="46" HEIGHT="19" WC="0.94" CONTENT="nas,"/><SP WIDTH="18" VPOS="1098" HPOS="458"/>
							<String ID="string_182" HPOS="476" VPOS="1091" WIDTH="109" HEIGHT="22" WC="0.96" CONTENT="äfvensom"/><SP WIDTH="18" VPOS="1091" HPOS="585"/>
							<String ID="string_183" HPOS="603" VPOS="1094" WIDTH="37" HEIGHT="25" WC="0.96" CONTENT="att,"/><SP WIDTH="19" VPOS="1094" HPOS="640"/>
							<String ID="string_184" HPOS="659" VPOS="1092" WIDTH="7" HEIGHT="21" WC="0.96" CONTENT="i"/><SP WIDTH="19" VPOS="1092" HPOS="666"/>
							<String ID="string_185" HPOS="685" VPOS="1092" WIDTH="100" HEIGHT="21" WC="0.93" CONTENT="händelse"/><SP WIDTH="19" VPOS="1092" HPOS="785"/>
							<String ID="string_186" HPOS="804" VPOS="1093" WIDTH="20" HEIGHT="20" WC="0.93" CONTENT="X"/><SP WIDTH="17" VPOS="1093" HPOS="824"/>
							<String ID="string_187" HPOS="841" VPOS="1092" WIDTH="90" HEIGHT="28" WC="0.96" CONTENT="kapitlet"/><SP WIDTH="15" VPOS="1092" HPOS="931"/>
							<String ID="string_188" HPOS="946" VPOS="1093" WIDTH="41" HEIGHT="20" WC="0.96" CONTENT="och"/><SP WIDTH="13" VPOS="1093" HPOS="987"/>
							<String ID="string_189" HPOS="1000" VPOS="1093" WIDTH="57" HEIGHT="20" WC="0.92" CONTENT="vissa"/><SP WIDTH="14" VPOS="1093" HPOS="1057"/>
							<String ID="string_190" HPOS="1071" VPOS="1092" WIDTH="90" HEIGHT="23" WC="0.92" CONTENT="enskilta"/>
						</TextLine>
						<TextLine ID="line_26" HPOS="412" VPOS="1126" WIDTH="749" HEIGHT="28">
							<String ID="string_191" HPOS="412" VPOS="1126" WIDTH="127" HEIGHT="27" WC="0.96" CONTENT="paragrafer"/><SP WIDTH="14" VPOS="1126" HPOS="539"/>
							<String ID="string_192" HPOS="553" VPOS="1126" WIDTH="28" HEIGHT="27" WC="0.95" CONTENT="på"/><SP WIDTH="16" VPOS="1126" HPOS="581"/>
							<String ID="string_193" HPOS="597" VPOS="1127" WIDTH="62" HEIGHT="21" WC="0.93" CONTENT="ofvan"/><SP WIDTH="16" VPOS="1127" HPOS="659"/>
							<String ID="string_194" HPOS="675" VPOS="1127" WIDTH="75" HEIGHT="27" WC="0.92" CONTENT="antydt"/><SP WIDTH="15" VPOS="1127" HPOS="750"/>
							<String ID="string_195" HPOS="765" VPOS="1128" WIDTH="43" HEIGHT="20" WC="0.96" CONTENT="sätt"/><SP WIDTH="14" VPOS="1128" HPOS="808"/>
							<String ID="string_196" HPOS="822" VPOS="1127" WIDTH="110" HEIGHT="26" WC="0.93" CONTENT="uteslutas,"/><SP WIDTH="16" VPOS="1127" HPOS="932"/>
							<String ID="string_197" HPOS="948" VPOS="1127" WIDTH="213" HEIGHT="27" WC="0.89" CONTENT="ordningsnummern"/>
						</TextLine>
						<TextLine ID="line_27" HPOS="412" VPOS="1160" WIDTH="750" HEIGHT="29">
							<String ID="string_198" HPOS="412" VPOS="1160" WIDTH="34" HEIGHT="23" WC="0.96" CONTENT="för"/><SP WIDTH="15" VPOS="1160" HPOS="446"/>
							<String ID="string_199" HPOS="461" VPOS="1160" WIDTH="26" HEIGHT="22" WC="0.96" CONTENT="de"/><SP WIDTH="14" VPOS="1160" HPOS="487"/>
							<String ID="string_200" HPOS="501" VPOS="1160" WIDTH="95" HEIGHT="28" WC="0.96" CONTENT="följande"/><SP WIDTH="15" VPOS="1160" HPOS="596"/>
							<String ID="string_201" HPOS="611" VPOS="1161" WIDTH="95" HEIGHT="28" WC="0.96" CONTENT="kapitlen"/><SP WIDTH="15" VPOS="1161" HPOS="706"/>
							<String ID="string_202" HPOS="721" VPOS="1161" WIDTH="39" HEIGHT="21" WC="0.96" CONTENT="och"/><SP WIDTH="15" VPOS="1161" HPOS="760"/>
							<String ID="string_203" HPOS="775" VPOS="1161" WIDTH="156" HEIGHT="28" WC="0.96" CONTENT="paragraferna"/><SP WIDTH="14" VPOS="1161" HPOS="931"/>
							<String ID="string_204" HPOS="945" VPOS="1161" WIDTH="7" HEIGHT="20" WC="0.96" CONTENT="i"/><SP WIDTH="15" VPOS="1161" HPOS="952"/>
							<String ID="string_205" HPOS="967" VPOS="1161" WIDTH="93" HEIGHT="28" WC="0.96" CONTENT="enlighet"/><SP WIDTH="15" VPOS="1161" HPOS="1060"/>
							<String ID="string_206" HPOS="1075" VPOS="1161" WIDTH="87" HEIGHT="23" WC="0.96" CONTENT="dermed"/>
						</TextLine>
						<TextLine ID="line_28" HPOS="412" VPOS="1195" WIDTH="130" HEIGHT="22">
							<String ID="string_207" HPOS="412" VPOS="1195" WIDTH="41" HEIGHT="22" WC="0.96" CONTENT="bör"/><SP WIDTH="14" VPOS="1195" HPOS="453"/>
							<String ID="string_208" HPOS="467" VPOS="1196" WIDTH="75" HEIGHT="21" WC="0.96" CONTENT="rättas."/>
						</TextLine>
					</TextBlock>
				</ComposedBlock>
				<ComposedBlock ID="cblock_2" HPOS="414" VPOS="1329" WIDTH="750" HEIGHT="263">
					<TextBlock ID="block_5" HPOS="414" VPOS="1329" WIDTH="750" HEIGHT="233">
						<TextLine ID="line_29" HPOS="482" VPOS="1329" WIDTH="680" HEIGHT="29">
							<String ID="string_209" HPOS="482" VPOS="1329" WIDTH="87" HEIGHT="22" WC="0.91" CONTENT="Jemlikt"/><SP WIDTH="18" VPOS="1329" HPOS="569"/>
							<String ID="string_210" HPOS="587" VPOS="1330" WIDTH="33" HEIGHT="21" WC="0.93" CONTENT="sin"/><SP WIDTH="19" VPOS="1330" HPOS="620"/>
							<String ID="string_211" HPOS="639" VPOS="1330" WIDTH="109" HEIGHT="22" WC="0.92" CONTENT="ofvanföre"/><SP WIDTH="18" VPOS="1330" HPOS="748"/>
							<String ID="string_212" HPOS="766" VPOS="1330" WIDTH="96" HEIGHT="21" WC="0.96" CONTENT="uttalade"/><SP WIDTH="19" VPOS="1330" HPOS="862"/>
							<String ID="string_213" HPOS="881" VPOS="1330" WIDTH="137" HEIGHT="28" WC="0.96" CONTENT="uppfattning"/><SP WIDTH="14" VPOS="1330" HPOS="1018"/>
							<String ID="string_214" HPOS="1032" VPOS="1330" WIDTH="25" HEIGHT="21" WC="0.96" CONTENT="af"/><SP WIDTH="12" VPOS="1330" HPOS="1057"/>
							<String ID="string_215" HPOS="1069" VPOS="1330" WIDTH="41" HEIGHT="23" WC="0.93" CONTENT="den"/><SP WIDTH="14" VPOS="1330" HPOS="1110"/>
							<String ID="string_216" HPOS="1124" VPOS="1330" WIDTH="38" HEIGHT="22" WC="0.92" CONTENT="nå-"/>
						</TextLine>
						<TextLine ID="line_30" HPOS="415" VPOS="1364" WIDTH="749" HEIGHT="28">
							<String ID="string_217" HPOS="415" VPOS="1364" WIDTH="49" HEIGHT="28" WC="0.92" CONTENT="diga"/><SP WIDTH="14" VPOS="1364" HPOS="464"/>
							<String ID="string_218" HPOS="478" VPOS="1364" WIDTH="166" HEIGHT="28" WC="0.96" CONTENT="propositionen,"/><SP WIDTH="16" VPOS="1364" HPOS="644"/>
							<String ID="string_219" HPOS="660" VPOS="1364" WIDTH="40" HEIGHT="23" WC="0.96" CONTENT="har"/><SP WIDTH="15" VPOS="1364" HPOS="700"/>
							<String ID="string_220" HPOS="715" VPOS="1365" WIDTH="103" HEIGHT="21" WC="0.95" CONTENT="utskottet"/><SP WIDTH="13" VPOS="1365" HPOS="818"/>
							<String ID="string_221" HPOS="831" VPOS="1372" WIDTH="29" HEIGHT="13" WC="0.96" CONTENT="nu"/><SP WIDTH="15" VPOS="1372" HPOS="860"/>
							<String ID="string_222" HPOS="875" VPOS="1364" WIDTH="111" HEIGHT="28" WC="0.96" CONTENT="redogjort"/><SP WIDTH="10" VPOS="1364" HPOS="986"/>
							<String ID="string_223" HPOS="996" VPOS="1364" WIDTH="34" HEIGHT="21" WC="0.96" CONTENT="för"/><SP WIDTH="12" VPOS="1364" HPOS="1030"/>
							<String ID="string_224" HPOS="1042" VPOS="1365" WIDTH="40" HEIGHT="21" WC="0.96" CONTENT="och"/><SP WIDTH="14" VPOS="1365" HPOS="1082"/>
							<String ID="string_225" HPOS="1096" VPOS="1366" WIDTH="68" HEIGHT="26" WC="0.95" CONTENT="yttrat"/>
						</TextLine>
						<TextLine ID="line_31" HPOS="414" VPOS="1398" WIDTH="750" HEIGHT="27">
							<String ID="string_226" HPOS="414" VPOS="1399" WIDTH="32" HEIGHT="26" WC="0.96" CONTENT="sig"/><SP WIDTH="19" VPOS="1399" HPOS="446"/>
							<String ID="string_227" HPOS="465" VPOS="1406" WIDTH="34" HEIGHT="12" WC="0.89" CONTENT="om"/><SP WIDTH="17" VPOS="1406" HPOS="499"/>
							<String ID="string_228" HPOS="516" VPOS="1398" WIDTH="217" HEIGHT="27" WC="0.89" CONTENT="kyrkolagsförslaget"/><SP WIDTH="18" VPOS="1398" HPOS="733"/>
							<String ID="string_229" HPOS="751" VPOS="1399" WIDTH="7" HEIGHT="20" WC="0.96" CONTENT="i"/><SP WIDTH="20" VPOS="1399" HPOS="758"/>
							<String ID="string_230" HPOS="778" VPOS="1399" WIDTH="47" HEIGHT="19" WC="0.96" CONTENT="dess"/><SP WIDTH="18" VPOS="1399" HPOS="825"/>
							<String ID="string_231" HPOS="843" VPOS="1399" WIDTH="80" HEIGHT="25" WC="0.96" CONTENT="helhet;"/><SP WIDTH="24" VPOS="1399" HPOS="923"/>
							<String ID="string_232" HPOS="947" VPOS="1399" WIDTH="40" HEIGHT="20" WC="0.96" CONTENT="och"/><SP WIDTH="18" VPOS="1399" HPOS="987"/>
							<String ID="string_233" HPOS="1005" VPOS="1398" WIDTH="34" HEIGHT="20" WC="0.96" CONTENT="får"/><SP WIDTH="20" VPOS="1398" HPOS="1039"/>
							<String ID="string_234" HPOS="1059" VPOS="1399" WIDTH="105" HEIGHT="20" WC="0.95" CONTENT="utskottet"/>
						</TextLine>
						<TextLine ID="line_32" HPOS="414" VPOS="1432" WIDTH="750" HEIGHT="26">
							<String ID="string_235" HPOS="414" VPOS="1432" WIDTH="73" HEIGHT="20" WC="0.96" CONTENT="vidare"/><SP WIDTH="14" VPOS="1432" HPOS="487"/>
							<String ID="string_236" HPOS="501" VPOS="1432" WIDTH="8" HEIGHT="20" WC="0.96" CONTENT="i"/><SP WIDTH="15" VPOS="1432" HPOS="509"/>
							<String ID="string_237" HPOS="524" VPOS="1432" WIDTH="114" HEIGHT="26" WC="0.95" CONTENT="anledning"/><SP WIDTH="15" VPOS="1432" HPOS="638"/>
							<String ID="string_238" HPOS="653" VPOS="1432" WIDTH="24" HEIGHT="20" WC="0.95" CONTENT="af"/><SP WIDTH="14" VPOS="1432" HPOS="677"/>
							<String ID="string_239" HPOS="691" VPOS="1432" WIDTH="24" HEIGHT="20" WC="0.96" CONTENT="de"/><SP WIDTH="15" VPOS="1432" HPOS="715"/>
							<String ID="string_240" HPOS="730" VPOS="1434" WIDTH="33" HEIGHT="19" WC="0.93" CONTENT="tre"/><SP WIDTH="15" VPOS="1434" HPOS="763"/>
							<String ID="string_241" HPOS="778" VPOS="1432" WIDTH="99" HEIGHT="21" WC="0.92" CONTENT="särskilta"/><SP WIDTH="14" VPOS="1432" HPOS="877"/>
							<String ID="string_242" HPOS="891" VPOS="1434" WIDTH="146" HEIGHT="19" WC="0.91" CONTENT="momenterna"/><SP WIDTH="18" VPOS="1434" HPOS="1037"/>
							<String ID="string_243" HPOS="1055" VPOS="1432" WIDTH="7" HEIGHT="20" WC="0.96" CONTENT="i"/><SP WIDTH="20" VPOS="1432" HPOS="1062"/>
							<String ID="string_244" HPOS="1082" VPOS="1439" WIDTH="82" HEIGHT="14" WC="0.96" CONTENT="samma"/>
						</TextLine>
						<TextLine ID="line_33" HPOS="414" VPOS="1464" WIDTH="749" HEIGHT="29">
							<String ID="string_245" HPOS="414" VPOS="1466" WIDTH="140" HEIGHT="27" WC="0.96" CONTENT="proposition,"/><SP WIDTH="16" VPOS="1466" HPOS="554"/>
							<String ID="string_246" HPOS="570" VPOS="1464" WIDTH="110" HEIGHT="29" WC="0.95" CONTENT="angående"/><SP WIDTH="17" VPOS="1464" HPOS="680"/>
							<String ID="string_247" HPOS="697" VPOS="1466" WIDTH="72" HEIGHT="21" WC="0.96" CONTENT="hvilka"/><SP WIDTH="18" VPOS="1466" HPOS="769"/>
							<String ID="string_248" HPOS="787" VPOS="1466" WIDTH="59" HEIGHT="21" WC="0.96" CONTENT="Hans"/><SP WIDTH="15" VPOS="1466" HPOS="846"/>
							<String ID="string_249" HPOS="861" VPOS="1466" WIDTH="120" HEIGHT="27" WC="0.96" CONTENT="Kejserliga"/><SP WIDTH="14" VPOS="1466" HPOS="981"/>
							<String ID="string_250" HPOS="995" VPOS="1465" WIDTH="102" HEIGHT="27" WC="0.91" CONTENT="Majestät"/><SP WIDTH="12" VPOS="1465" HPOS="1097"/>
							<String ID="string_251" HPOS="1109" VPOS="1465" WIDTH="54" HEIGHT="23" WC="0.91" CONTENT="lika-"/>
						</TextLine>
						<TextLine ID="line_34" HPOS="415" VPOS="1500" WIDTH="748" HEIGHT="29">
							<String ID="string_252" HPOS="415" VPOS="1500" WIDTH="58" HEIGHT="23" WC="0.93" CONTENT="ledes"/><SP WIDTH="15" VPOS="1500" HPOS="473"/>
							<String ID="string_253" HPOS="488" VPOS="1500" WIDTH="56" HEIGHT="22" WC="0.93" CONTENT="velat"/><SP WIDTH="14" VPOS="1500" HPOS="544"/>
							<String ID="string_254" HPOS="558" VPOS="1500" WIDTH="95" HEIGHT="21" WC="0.91" CONTENT="inhemta"/><SP WIDTH="15" VPOS="1500" HPOS="653"/>
							<String ID="string_255" HPOS="668" VPOS="1500" WIDTH="130" HEIGHT="22" WC="0.92" CONTENT="Ständernas"/><SP WIDTH="14" VPOS="1500" HPOS="798"/>
							<String ID="string_256" HPOS="812" VPOS="1500" WIDTH="105" HEIGHT="28" WC="0.93" CONTENT="yttrande,"/><SP WIDTH="16" VPOS="1500" HPOS="917"/>
							<String ID="string_257" HPOS="933" VPOS="1500" WIDTH="130" HEIGHT="22" WC="0.92" CONTENT="härmedelst"/><SP WIDTH="15" VPOS="1500" HPOS="1063"/>
							<String ID="string_258" HPOS="1078" VPOS="1500" WIDTH="85" HEIGHT="29" WC="0.90" CONTENT="afgifva,"/>
						</TextLine>
						<TextLine ID="line_35" HPOS="416" VPOS="1533" WIDTH="748" HEIGHT="29">
							<String ID="string_259" HPOS="416" VPOS="1536" WIDTH="32" HEIGHT="20" WC="0.95" CONTENT="att"/><SP WIDTH="14" VPOS="1536" HPOS="448"/>
							<String ID="string_260" HPOS="462" VPOS="1534" WIDTH="104" HEIGHT="22" WC="0.96" CONTENT="utskottet"/><SP WIDTH="14" VPOS="1534" HPOS="566"/>
							<String ID="string_261" HPOS="580" VPOS="1534" WIDTH="35" HEIGHT="22" WC="0.96" CONTENT="vid"/><SP WIDTH="16" VPOS="1534" HPOS="615"/>
							<String ID="string_262" HPOS="631" VPOS="1534" WIDTH="40" HEIGHT="21" WC="0.96" CONTENT="den"/><SP WIDTH="16" VPOS="1534" HPOS="671"/>
							<String ID="string_263" HPOS="687" VPOS="1534" WIDTH="130" HEIGHT="27" WC="0.94" CONTENT="detaljerade"/><SP WIDTH="14" VPOS="1534" HPOS="817"/>
							<String ID="string_264" HPOS="831" VPOS="1534" WIDTH="158" HEIGHT="27" WC="0.96" CONTENT="granskningen"/><SP WIDTH="15" VPOS="1534" HPOS="989"/>
							<String ID="string_265" HPOS="1004" VPOS="1534" WIDTH="24" HEIGHT="21" WC="0.93" CONTENT="af"/><SP WIDTH="12" VPOS="1534" HPOS="1028"/>
							<String ID="string_266" HPOS="1040" VPOS="1533" WIDTH="124" HEIGHT="29" WC="0.90" CONTENT="kyrkolags-"/>
						</TextLine>
					</TextBlock>
					<TextBlock ID="block_6" HPOS="1075" VPOS="1575" WIDTH="20" HEIGHT="17">
						<TextLine ID="line_36" HPOS="1075" VPOS="1575" WIDTH="20" HEIGHT="17">
							<String ID="string_267" HPOS="1075" VPOS="1575" WIDTH="20" HEIGHT="17" WC="0.95" CONTENT="13"/>
						</TextLine>
					</TextBlock>
				</ComposedBlock>
			</PrintSpace>
		</Page>
	</Layout>
</alto>
