1034 1692
323 139 72 23 Nådiga
405 141 137 21 Propositionen
554 141 34 17 N:o
602 142 14 15 1.
811 142 10 15 3

92 203 33 21 sin
139 202 65 22 frihet
217 202 35 22 för
267 203 46 21 sina
327 203 84 28 yttrade
425 202 80 29 åsigter
520 203 40 22 och
570 204 110 27 meningar
691 204 52 21 eller
753 204 38 21 sitt
800 203 43 22 för-

92 236 100 22 hållande
206 237 69 21 under
289 236 188 29 förhandlingarne
491 237 36 21 vid
544 238 136 26 landtdagen,
698 238 49 20 med
761 238 83 21 mindre

93 270 36 22 det
144 270 68 27 stånd,
231 271 86 21 hvartill
335 271 43 20 han
395 271 70 26 hörer,
484 270 77 22 sådant
582 271 110 27 medgifvit
713 279 76 20 genom
811 273 33 20 ut-

92 304 101 28 tryckligt
210 304 77 27 beslut,
305 305 61 21 hvari
383 305 64 21 minst
465 305 42 21 fem
526 305 122 28 sjettedelar
666 305 24 21 af
706 304 95 23 ständets
821 305 23 22 in

92 339 63 27 pleno
177 339 134 21 närvarande
332 339 137 21 medlemmar
491 339 93 22 instämt.
616 339 84 22 Varder
721 339 123 28 landtdags-

92 381 50 14 man
161 373 106 28 anklagad
284 373 34 22 för
337 374 57 27 groft
411 374 64 26 brott,
491 372 35 23 mä
543 374 43 21 han
601 373 47 22 icke
661 374 73 21 kunna
747 374 97 21 inmanas

91 408 8 21 i
114 408 70 26 häkte,
200 407 24 22 sä
238 408 66 21 framt
318 408 43 21 han
376 408 18 28 ej
410 408 69 21 blifvit
494 409 104 26 ertappad
610 407 13 22 å
633 408 41 21 bar
688 408 91 28 gerning
794 408 51 21 eller

93 442 108 27 domaren,
220 442 54 22 efter
292 443 93 21 anställd
406 443 140 26 ransakning,
568 441 86 28 pröfvat
674 443 78 27 skäligt
774 442 71 22 dertill

91 476 91 22 besluta.
204 477 42 20 För
256 476 84 21 mindre
355 476 137 28 förbrytelser
506 475 36 22 mä
556 476 164 28 landtdagsman
734 477 19 27 ej
768 477 77 21 häktas

93 511 40 22 och
148 511 47 21 icke
209 510 68 22 heller
290 511 69 21 under
377 509 116 29 pästäende
511 510 103 28 landtdag
629 510 34 21 för
677 511 50 27 gäld
742 510 101 28 bysättas.

446 562 11 27 5
474 563 19 20 9.

160 602 48 21 Den
222 601 52 22 eller
289 601 26 22 de
333 601 67 22 finske
417 601 147 28 medborgare,
579 601 72 22 hvilka
668 601 97 22 väldföra
783 602 62 28 Stän-

93 637 73 26 derna,
182 636 62 22 deras.
262 636 83 22 utskott
363 636 51 22 eller
428 632 98 36 enskilde
543 636 170 27 landtdagsmän,
732 637 40 21 och
791 637 54 21 deri-

93 678 76 21 genom
184 672 58 21 störa
257 671 92 21 friheten
363 671 7 20 i
385 671 62 21 deras
462 670 185 29 öfverläggningar
658 671 40 21 och
708 671 77 26 beslut,
795 678 51 15 vare

92 705 100 22 förfallne
206 705 33 22 till
254 712 77 14 ansvar
346 704 69 22 säsom
430 705 34 21 för
478 705 115 26 förräderi;
613 705 39 22 och
667 704 81 29 äligger
763 705 83 22 landets

92 740 133 21 Prokurator
239 741 33 20 att
286 738 67 23 sådan
367 739 127 28 förbrytelse
508 739 7 21 i
530 739 50 28 laga
594 739 90 28 ordning
699 739 75 22 beifra.

439 791 12 27 8
468 791 33 20 10.

161 830 81 22 Blifver
255 829 71 29 nägon
341 830 170 27 landtdagsman,
526 830 68 21 under
611 829 117 28 pästäende
742 831 105 27 landtdag

94 866 52 21 eller
163 865 69 21 under
250 864 48 22 dess
316 871 60 15 resor
398 864 33 21 till
453 864 40 22 och
515 863 49 22 frän
585 864 136 27 landtdagen,
740 864 50 22 med
807 865 40 21 ord

94 900 52 22 eller
161 899 89 29 gerning
265 898 95 28 ofredad,
375 899 66 21 sedan
456 899 43 21 han
513 898 165 28 tillkännagifvit
692 901 32 19 att
738 899 45 21 han
793 900 8 20 i
812 899 36 22 det

94 934 79 22 ärende
188 934 63 22 stadd
266 935 31 25 är,
313 934 52 21 eller
380 934 39 20 ock
434 933 53 21 efter
501 933 131 27 landtdagen
645 932 29 28 pä
688 932 106 22 väldsamt
804 935 43 20 sätt

94 970 8 21 i
120 970 40 21 och
178 969 34 22 för
233 967 238 29 landtdagsgöromälen
489 968 105 26 antastad,
612 968 65 22 varde
696 968 41 21 den
754 970 93 20 omstän-

95 1004 73 28 dighet
183 1006 32 19 att
229 1003 80 22 brottet
324 1003 101 21 föröfvats
439 998 46 26 mot
498 1002 170 28 landtdagsman,
680 1001 70 23 säsom
761 1010 86 20 synner-

95 1046 41 20 gen
150 1037 138 23 försvårande
303 1038 86 20 ansedd.
412 1038 45 26 Lag
473 1044 81 14 samma
568 1036 74 28 gälle
633 1031 11 39 i
657 1036 98 22 afseende
766 1035 14 23 ä
790 1036 57 22 stän-

95 1073 52 21 dens
163 1072 40 22 och
216 1072 120 22 utskottens
351 1072 130 21 sekreterare
497 1071 39 22 och
551 1071 114 27 betjening.

441 1124 11 26 8
470 1124 32 20 11.

164 1164 157 26 Ridderskapet
332 1163 40 21 och
383 1163 68 21 Adeln
466 1162 90 22 infinner
570 1162 33 28 sig
617 1162 33 21 till
664 1162 103 27 landtdag
782 1162 67 28 enligt

95 1198 247 28 Riddarhusordningen,
353 1197 85 21 hvilken
448 1197 40 21 bör
498 1204 52 14 vara
564 1196 91 22 affattad
669 1196 8 21 i
692 1196 93 28 enlighet
799 1196 49 21 med

96 1232 167 29 grundlagarna.

443 1266 12 26 s
471 1266 32 20 12.

165 1302 159 23 Presteständet
334 1304 86 26 utgöres
435 1302 31 22 af:
481 1301 161 28 Erkebiskopen
656 1302 40 21 och
710 1301 138 27 Biskoparne,

96 1338 72 20 hvilka
178 1337 87 21 inställa
279 1337 33 26 sig
326 1336 29 27 pä
370 1336 103 27 Kejsaren
484 1336 40 20 och
536 1334 142 22 Storfurstens
689 1334 93 26 kallelse,
794 1336 55 19 samt

96 1372 66 20 minst
175 1370 94 27 följande
284 1370 59 21 antal
357 1369 132 27 fullmäktige
499 1368 35 22 för
544 1369 72 27 hvarje
632 1368 51 26 stift,
698 1368 62 21 valde
771 1367 24 22 af
804 1367 45 22 stif-

97 1407 41 20 tets
156 1404 50 21 med
224 1404 107 22 ordinarie
350 1404 81 21 embete
453 1403 51 21 eller
526 1402 64 29 tjenst
612 1402 100 22 försedda
732 1404 116 25 prestmän,

97 1439 115 28 nemligen:
227 1439 35 22 för
276 1432 47 28 Åbo
338 1437 46 23 stift
399 1439 33 24 12,
447 1437 35 22 för
496 1436 72 29 Borgå
582 1437 46 21 stift
644 1438 25 20 10
685 1437 40 22 och
743 1436 34 21 för
791 1436 58 23 Kuo-

98 1474 36 29 pio
149 1473 46 23 stift
210 1475 18 20 6.
