1003 1678
212 128 34 15 470

409 125 72 23 Nådiga
492 126 137 22 Propositionen
640 126 34 16 N:o
688 126 27 16 10.

569 189 12 27 8
595 188 31 21 15.

315 230 143 28 Likalydande
472 230 49 22 med
535 237 82 15 samma
631 230 12 28 $
657 230 9 21 i
679 230 167 28 propositionen.

568 292 13 28 8
595 290 35 23 16.

315 335 37 22 En
369 336 60 25 hvar,
444 343 46 14 som
504 335 102 29 olofligen
619 335 116 28 företager
746 335 52 28 jagt
811 334 52 21 eller
879 333 61 29 djur-

254 371 59 28 fång
328 370 32 28 pä
379 377 80 14 annans
478 377 57 21 egor,
555 369 54 26 böte,
625 369 54 28 efter
694 369 76 21 sakens
788 368 151 30 beskaffenhet,

256 405 55 28 från
334 405 62 28 tjugu
417 405 35 21 till
468 404 78 29 femtio
565 403 61 22 mark
646 411 18 14 o.
683 411 17 14 s.
717 411 19 14 v.
756 403 65 28 enligt
841 403 98 28 proposi-

259 439 79 22 tionen.

569 475 14 28 $
597 472 33 24 17.

316 518 31 21 Af
364 518 44 23 lika
428 517 94 23 innehåll
543 517 49 23 med
612 517 151 23 motsvarande
783 518 12 27 &
816 517 8 22 i
841 517 99 29 proposi-

266 553 79 22 tionen.

571 590 13 28 $
599 588 32 23 18.

316 633 21 28 (1
357 633 72 28 mom.)
458 632 54 27 Dän,
535 640 44 14 som
597 633 74 29 jagar,
688 633 93 29 fångar,
803 633 53 21 eller
873 632 68 21 sårar

260 668 33 28 elg
309 667 51 21 eller
376 667 80 29 bäfver,
473 667 47 25 böte
536 667 122 28 tvåhundra
671 667 63 23 mark
750 667 38 21 och
798 674 51 14 vare
860 667 80 29 djuret,

261 708 33 14 om
309 701 35 26 det
359 702 83 26 dödats,
452 700 140 30 förverkadt.
620 700 69 22 Idkar
707 702 73 27 nägon
797 701 70 21 under
877 700 63 30 frid-

261 736 41 28 lyst
321 736 32 25 tid
365 735 120 29 förbjuden
500 735 50 28 jagt
569 736 53 22 eller
633 735 80 29 fängst
732 735 25 28 af
775 739 67 17 annat
859 735 83 28 nyttigt

260 770 109 25 vildbräd,
388 771 51 20 eller
457 769 80 21 skadar
556 769 39 22 och
606 769 89 29 förstör
714 769 46 22 dess
776 771 43 26 ägg
834 769 52 21 eller
901 776 40 14 un-

259 811 49 21 gar,
326 805 61 20 miste
406 804 56 21 hvad
477 803 95 22 sålunda
590 803 122 22 ätkommits
731 804 39 21 och
788 803 87 29 straffes
893 803 48 22 med

261 837 68 28 böter,
347 838 54 29 efter
420 838 214 29 omständigheterne,
650 838 58 29 från
730 839 62 28 tjugu
809 838 36 21 till
860 837 82 30 femtio

260 872 69 21 mark.
357 871 51 22 Har
423 879 19 14 o.
458 879 16 14 s.
489 879 19 15 v.
524 872 54 21 efter
591 869 166 30 propositionen.

318 908 22 27 (2
355 906 72 29 mom.)
459 901 158 34 Öfverträdelse
636 907 25 28 af
678 906 56 22 hvad
748 907 10 20 i
772 907 12 28 $
799 905 24 22 15
838 906 106 29 stadgadt

261 942 34 25 är,
313 941 105 28 umgälles
435 941 47 22 med
497 941 61 21 böter
571 941 58 28 från
648 941 38 20 och
704 941 48 20 med
770 941 61 28 tjugu
849 941 35 20 till
903 941 40 21 och

261 975 48 22 med
317 975 78 29 femtio
410 975 63 21 mark
489 982 19 15 o.
523 982 16 14 s.
554 983 19 13 v.
589 975 66 27 enligt
668 970 167 32 propositionen.

318 1010 22 27 (3
355 1009 72 28 mom.)
450 1008 46 22 För
512 1008 71 22 andra
598 1009 168 32 öfverträdelser
778 1008 25 30 af
812 1009 69 21 denna
889 1008 53 30 för-

262 1043 94 28 ordning
373 1043 91 21 dömmes
484 1044 35 21 till
537 1042 61 23 böter
611 1043 58 29 frän
688 1045 30 19 tio
738 1044 36 20 till
785 1040 79 33 femtio
878 1044 64 20 mark

262 1077 39 21 och
315 1076 193 30 skadeersättning.

571 1131 12 28 $
597 1129 34 23 19.

317 1173 144 28 Likalydande
476 1173 48 22 med
538 1174 150 21 motsvarande
702 1174 12 28 $
729 1174 8 21 i
750 1174 166 27 propositionen.

263 1208 52 22 eller
329 1208 49 21 ock:

317 1240 120 30 Förbryter
452 1242 34 28 sig
501 1237 121 33 öfvermage
638 1244 55 18 emot
708 1242 56 20 hvad
782 1242 10 20 i
809 1242 70 21 denna
891 1242 52 28 för-

262 1273 94 31 ordning
375 1276 93 28 stadgas,
487 1281 51 15 vare
551 1275 42 29 för
612 1276 78 21 sädant
708 1275 80 29 okynne
802 1276 85 22 varnad
903 1276 39 21 och

257 1310 33 29 pä
309 1311 96 28 lempligt
424 1311 45 20 sätt
483 1310 160 33 tillrättavisad
658 1310 25 29 af
693 1309 128 31 föräldrar,
836 1312 107 20 målsman

261 1345 52 21 eller
333 1345 111 21 husbonde.
474 1344 148 30 Adagalägga
640 1345 61 21 dessa
719 1345 149 29 efterlätenhet
887 1345 54 27 deri,

261 1379 25 29 sä
301 1382 33 22 att
348 1378 90 30 okynnet
451 1386 113 21 upprepas;
581 1380 52 21 eller
649 1380 121 28 öfvertygas
789 1380 24 21 de
829 1383 33 18 att
877 1380 65 29 hafva

260 1413 89 30 afvetat,
371 1420 47 18 men
439 1413 45 25 icke
507 1413 48 26 sökt
577 1414 124 29 alvarligen
722 1414 76 30 afböja
819 1414 122 26 detsamma,

263 1455 90 15 ansvare
369 1448 41 29 för
432 1448 26 21 de
480 1448 61 21 böter
563 1448 39 21 och
624 1448 40 22 den
686 1448 194 29 skadeersättning,
899 1455 44 15 som
