1003 1686
290 110 71 22 Nädiga
372 110 134 22 Propositionen
519 110 34 16 N:o
565 110 17 15 4.
752 110 32 16 173

60 175 41 21 och
119 174 176 28 gudaktighetens
313 173 83 28 öfning,
414 172 109 22 äfvensom
540 172 99 28 oenighet
657 172 8 21 i
682 172 124 27 äktenskap,

60 208 92 23 härdhet
169 210 45 20 mot
231 208 55 21 barn
305 208 40 22 och
363 207 91 26 husfolk,
472 215 27 13 m.
514 215 36 18 m.,
565 206 24 22 sä
607 214 60 20 synes
685 206 40 22 allt
743 206 63 27 detta,

61 243 38 21 der
120 243 158 28 kyrkoherdens
302 242 145 27 förmaningar
472 241 69 22 blifvit
564 243 53 19 utan
641 240 91 28 påföljd,
755 242 53 20 böra

60 278 85 31 komma
158 277 68 21 under
241 276 129 27 behandling
384 276 56 21 inför
454 274 113 29 kyrkoräd,
583 274 70 22 säsom
663 276 93 21 varande
768 276 40 20 den

60 311 119 22 institution
193 311 58 21 inom
265 310 157 27 församlingen,
438 317 46 14 som
498 311 51 26 äger
563 309 55 21 vaka
633 309 57 22 öfver
701 309 41 22 den
753 311 55 26 yttre

60 345 97 28 kyrkliga
172 345 117 27 ordningen
304 345 40 20 och
358 343 311 28 församlingsmedlemmarnas
684 343 109 28 sedlighet.

128 379 30 22 Af
175 379 61 22 dessa
254 378 46 21 skäl
318 385 62 15 anser
393 378 110 26 utskottet,
518 378 8 21 i
540 377 148 28 hufvudsaklig
703 377 105 22 öfverens-

60 413 121 23 stämmelse
198 413 48 22 med
265 413 243 28 granskningskomitöns
526 413 129 21 härutinnan
673 412 76 28 gjorda
766 412 42 21 för-

60 449 56 28 slag,
132 449 33 27 sig
182 448 54 22 böra
253 447 112 22 hemställa
383 449 32 20 att
432 446 163 29 ifrågavarande
613 447 11 28 $
642 448 40 20 104
696 445 66 23 måtte
777 454 31 15 er-

61 482 58 23 hälla
133 483 94 28 följande
242 482 88 28 lydelse:

255 515 46 23 Gör
316 517 88 21 medlem
419 516 25 29 af
451 505 161 39 församlingen
627 516 33 28 sig
675 515 85 29 skyldig
775 517 35 20 till

196 551 120 29 uppenbart
328 550 80 29 förakt
420 550 42 29 för
483 548 59 23 Guds
561 550 40 21 ord
617 550 38 20 och
669 550 141 28 gudaktighe-

198 589 45 18 tens
262 586 83 29 öfning,
361 586 35 21 till
415 585 97 28 oenighet
530 586 9 19 i
554 584 123 29 äktenskap,
694 585 36 20 till
745 585 65 20 härd-

197 620 35 21 het
254 623 54 18 emot
330 620 64 26 barn,
418 619 83 29 husfolk
524 619 52 21 eller
601 619 70 21 andra
693 619 117 28 underhaf-

197 655 75 26 vande,
288 655 35 20 till
339 654 92 29 olydnad
445 657 45 17 mot
498 653 121 30 föräldrar
635 657 55 17 samt
705 654 35 20 till
752 654 58 28 oför-

197 689 113 28 sonlighet,
326 689 39 20 och
380 689 40 20 har
435 688 43 21 han
493 689 19 28 ej
526 695 75 21 genom
619 688 191 28 undervisningens

199 723 38 21 och
249 723 168 28 förmaningens
436 723 42 20 ord
496 723 33 28 sig
547 723 62 21 rätta
629 723 60 24 lätit;
707 729 51 14 vare
775 723 34 28 lag

199 765 81 14 samma
294 765 45 14 som
353 759 9 20 i
377 758 12 27 $
404 756 44 22 102
464 759 67 26 säges.

130 793 11 27 &
158 793 46 20 105.
227 792 40 21 Till
282 791 134 22 undvikande
431 791 24 22 af
468 791 40 22 den
522 791 33 21 uti
570 791 194 27 begynnelseorden
779 791 33 20 :fö+

62 826 150 22 rekommande
227 827 118 28 otydlighet
358 827 8 20 i
380 826 166 28 uttryckssättet,
562 824 89 22 föreslås
667 825 96 27 följande
778 833 32 13 re-

64 861 225 27 daktionsförändring
294 868 4 13 :

256 894 69 22 Söker
342 894 243 30 församlingsmedlem,
611 901 44 14 som
679 894 131 29 villfarande

199 930 86 28 mening
300 930 78 28 hyllar,
394 932 32 18 att
442 930 70 20 andra
527 929 75 21 dertill
617 928 108 30 öfvertala
740 936 70 14 o.s.v.

201 964 51 28 (För
267 964 65 28 öfrigt
347 963 145 28 oförändrad.)

131 999 12 27 8
160 999 46 20 106.
232 994 67 25 Äfven
310 998 8 21 i
329 997 77 28 början
417 997 24 22 af
450 997 69 22 denna
530 998 12 27 $
552 997 174 22 förekommande
737 996 73 29 spräk-

63 1032 139 28 oriktigheter
216 1039 63 21 synas
294 1032 70 21 tarfva
378 1032 93 26 rättelse,
487 1031 23 22 sä
525 1033 32 20 att
572 1032 35 21 det
621 1031 40 22 bör
676 1032 59 21 heta:

256 1066 141 21 Försummar
418 1067 88 20 medlem
532 1067 24 28 af
573 1067 170 28 församlingen,
765 1066 47 21 med

201 1101 85 21 hvilken
298 1101 84 28 förhör
396 1102 10 20 i
421 1101 128 27 bokläsning
565 1101 38 20 och
618 1099 195 22 kristendomskun-

201 1135 52 29 skap
268 1135 78 28 nödigt
361 1142 66 19 anses,
443 1138 33 18 att
491 1135 79 21 bivista
585 1135 117 29 läsförhör,
713 1135 54 21 eller
782 1134 31 21 lä-

201 1173 33 17 ter
255 1170 72 27 någon
349 1168 44 22 icke
412 1170 49 20 sina
480 1169 54 21 barn
553 1176 19 13 o.
587 1176 16 14 s.
618 1177 19 12 v.
671 1168 51 28 (Det
744 1168 69 28 öfriga

202 1204 155 27 oförändradt.)

133 1239 12 27 8
158 1239 46 20 107.
226 1238 38 21 Uti
279 1238 53 21 sista
346 1239 120 24 momentet,
482 1245 45 14 som
542 1237 71 28 lyder:
628 1230 39 33 »Åt
677 1237 136 25 studerande,

65 1280 46 15 som
125 1272 33 28 sig
173 1272 32 21 till
220 1272 190 27 prediko-embetet
424 1272 85 26 bereda,
525 1273 41 26 äga
584 1272 39 21 ock
641 1271 173 28 kyrkoherdarne

65 1307 7 20 i
87 1306 179 27 församlingarna
280 1305 67 25 sådan
361 1305 99 21 tillåtelse
474 1306 114 25 meddela,"
600 1306 61 20 torde
672 1306 61 20 ordet
744 1307 68 25 ,äga",

66 1339 70 22 såsom
155 1339 69 28 enligt
236 1338 145 28 språkbruket
397 1338 146 22 innefattande
558 1338 79 28 jemväl
655 1338 122 28 betydelsen
792 1338 24 21 af

65 1373 138 28 förpligtelse,
218 1373 54 21 böra
286 1373 85 28 utbytas
386 1374 44 20 mot
445 1373 61 21 ordet
520 1372 99 27 ,kunna".

135 1408 12 27 &
164 1408 46 20 112.
239 1407 70 21 Bland
319 1407 94 21 vilkoren
427 1406 34 22 för
476 1407 102 28 rättighet
592 1408 32 20 att
637 1406 34 22 till
684 1386 130 47 prostembe-

67 1444 32 20 tet
112 1442 82 28 invigas
208 1443 87 20 nämnes
309 1442 46 26 här,
370 1443 33 20 att
416 1441 109 22 sökanden
540 1440 85 22 erhållit
638 1440 87 22 kallelse
735 1440 34 22 till
780 1447 34 14 or-
