1700 1836
643 191 70 23 Nådiga
725 193 134 22 Propositionen
870 195 35 16 N:o
918 196 22 23 1.
1117 196 20 16 67

605 256 233 26 Grundlags-utskottets
851 257 130 21 betänkande
992 259 37 19 N:o
1039 259 13 19 6
1067 259 93 27 innefat-

550 289 63 21 tande
627 291 86 27 förslag
733 291 35 21 till
786 291 205 29 sammanjemkning
1010 292 26 28 af
1051 291 109 23 Ständens

549 322 128 30 skiljaktiga
693 324 66 21 beslut
770 325 9 21 i
791 325 115 28 anledning
922 326 25 28 af
959 324 62 22 Hans
1036 326 124 28 Kejserliga

548 356 115 30 Majestäts
689 359 82 28 nådiga
794 360 139 27 proposition
958 360 109 28 angående
1090 360 70 22 landt-

549 392 156 29 dagsordning.

480 460 71 21 Sedan
566 460 27 21 de
608 461 104 21 särskilda
727 460 88 22 ständen
830 462 91 21 tillställt
932 462 229 28 grundlags-utskottet

411 494 202 28 protokollsutdrag,
627 494 149 22 innehällande
790 495 99 23 ständens
904 496 70 22 beslut
987 497 34 21 vid
1036 497 124 21 behandlin-

412 536 40 20 gen
471 528 25 21 af
510 529 113 21 utskottets
642 529 139 27 betänkande,
800 538 34 14 n:o
854 533 18 24 1,
891 531 7 21 i
916 531 114 28 anledning
1049 532 24 20 af
1088 532 72 27 högst-

414 563 93 21 berörda
528 562 79 29 nädiga
628 564 138 27 proposition,
789 565 40 21 har
849 565 230 27 grundlags-utskottet
1100 566 63 21 deraf

412 597 69 20 funnit
499 599 32 19 att
549 596 89 22 stånden
657 600 86 19 stannat
760 599 7 20 i
785 599 56 21 olika
859 599 70 21 beslut
947 598 109 29 angående
1071 599 67 28 några
1153 600 7 20 i

412 631 143 21 betänkandet
573 631 172 22 förekommande
763 633 164 28 bestämningar,
946 633 40 22 och
1004 635 37 20 äro
1057 634 62 21 dessa
1134 633 26 22 de

413 665 104 21 särskilda
532 665 99 22 ståndens
646 666 70 21 beslut
731 667 103 27 följande:

482 701 38 20 1:0.
550 699 115 28 Angående
679 701 110 27 ingressen
803 701 63 22 hafva
881 701 98 28 samtliga
990 700 89 23 stånden
1090 704 70 19 ansett

412 734 232 27 landtdagsordningen
664 735 55 21 böra
741 734 82 22 erhålla
845 743 25 14 en
892 734 67 23 sådan
977 735 24 22 af
1017 735 41 22 den
1080 735 80 28 lydelse

412 768 230 27 grundlags-utskottet
656 769 115 27 föreslagit,
787 777 48 13 men
850 769 102 28 derjemte
962 770 40 21 har
1012 770 149 27 ridderskapet

412 803 40 20 och
470 802 62 21 adeln
550 802 34 21 för
602 803 33 21 sin
654 803 33 27 del
704 803 88 21 beslutit
810 805 32 20 att
859 803 53 22 efter
934 804 74 21 orden:
1035 803 125 27 utfärdade

412 838 48 19 äro"
471 836 67 21 borde
549 844 76 20 genom
635 837 120 21 insättande
767 837 24 22 af
799 838 76 21 orden:
889 839 20 25 ,i
920 838 116 28 anledning
1048 838 26 29 af
1086 838 74 21 derom

412 871 66 20 skedd
492 871 67 28 nådig
572 872 157 27 proposition,"
744 871 50 28 ingå
809 879 26 14 en
849 872 117 28 antydning
981 879 34 14 om
1027 872 89 22 orsaken
1127 872 33 21 till

411 905 243 27 landtdagsordningens
667 905 109 22 tillkomst.

481 941 39 19 2:0.
550 939 137 21 Beträffande
709 941 12 19 9
744 940 11 27 $
774 940 64 22 hafva
858 940 148 28 ridderskapet
1027 940 40 30 och
1089 940 70 26 adeln,

412 972 177 28 borgareståndet
604 974 40 21 och
659 973 154 22 bondeståndet
828 975 81 27 antagit
924 974 36 22 det
973 975 8 21 i
995 974 114 22 utskottets
1123 974 36 22 be-

411 1008 107 21 tänkande
535 1008 124 27 uppställda
677 1015 75 15 senare
771 1008 117 26 alternativ,
911 1009 40 21 och
969 1008 82 22 således
1072 1008 88 22 beslutit

412 1044 32 19 att
455 1042 69 21 denna
535 1042 11 27 $
558 1042 55 21 skall
623 1041 48 22 från
681 1042 232 28 landtdagsordningen
926 1042 109 26 uteslutas,
1050 1043 111 21 hvaremot

411 1075 156 28 presteständet
582 1076 108 28 godkännt
705 1076 69 22 denna
788 1077 18 27 8,
822 1076 66 22 sådan
903 1076 41 22 den
958 1076 60 28 lyder
1028 1077 8 21 i
1046 1077 114 21 utskottets

412 1110 59 22 förra
486 1110 118 22 alternativ.

481 1146 39 20 3:0.
550 1144 168 22 Vidkommande
729 1146 26 20 29
771 1146 12 27 $
798 1146 39 21 har
849 1145 121 21 densamma
981 1145 130 21 oförändrad
1122 1152 37 14 an-

413 1179 65 27 tagits
493 1179 24 21 af
529 1179 149 27 ridderskapet
693 1180 40 20 och
748 1180 68 26 adeln,
827 1178 157 29 presteståndet
994 1181 55 19 samt
1059 1179 101 28 borgare-

413 1212 91 27 ståndet,
523 1213 110 21 hvaremot
650 1213 156 22 bondeståndet
823 1214 88 21 beslutit
929 1215 32 20 att
979 1214 69 21 denna
1066 1214 11 27 &
1093 1213 66 22 borde

413 1247 82 22 erhålla
516 1247 94 27 följande
631 1247 83 28 tillägg:
741 1248 50 25 ,och
813 1248 152 21 bondeståndet
986 1247 117 21 bibehållas
1121 1247 38 21 vid

410 1282 47 21 dess
472 1281 108 28 rättighet
595 1282 37 20 till
647 1281 110 29 betalning
772 1289 27 14 ur
815 1282 137 21 statsmedlen
963 1281 81 29 jemväl
1055 1281 46 29 för.
1110 1277 49 37 sina

393 1315 95 30 öfriga
503 1315 182 30 kansliutgifter.*

480 1351 40 20 4:0.
550 1349 115 28 Angående
680 1351 11 19 3
706 1357 63 14 mom.
785 1350 7 20 i
807 1351 27 20 48
849 1351 11 26 $
875 1349 64 22 hafva
957 1349 148 27 ridderskapet
1119 1349 40 21 och

412 1384 69 25 adeln,
503 1383 157 27 presteståndet
683 1385 54 20 samt
759 1383 174 28 borgareståndet
951 1383 77 21 bifallit
1047 1383 35 20 det
1099 1382 60 21 förra

413 1417 135 22 alternativet
561 1417 8 20 i
583 1417 114 20 utskottets
711 1417 140 25 betänkande,
867 1417 40 20 och
922 1415 81 22 således
1018 1416 82 27 antagit
1114 1423 45 14 mo-

412 1452 80 20 mentet
509 1449 76 22 sådant
604 1451 35 20 det
660 1450 60 28 lyder
738 1451 7 20 i
763 1449 79 28 nådiga
862 1450 165 27 propositionen,
1049 1450 111 21 hvaremot

412 1484 154 24 bondeståndet
584 1485 48 21 med
650 1485 61 22 bifall
729 1485 33 21 till
779 1491 74 15 senare
871 1484 134 21 alternativet
1022 1483 88 23 beslutit
1125 1486 32 19 att

413 1520 65 28 sagde
492 1521 93 20 moment
599 1520 67 21 borde
681 1519 47 22 från
742 1519 231 28 landtdagsordningen
987 1517 57 29 utgå.
