1000 1689
198 118 33 16 382
405 118 72 23 Nådiga
489 118 136 22 Propositionen
637 118 34 16 N:o
684 118 17 16 5.

369 182 99 21 Finlands
486 183 96 20 Ständers
599 179 143 29 underdåniga
760 187 49 15 svar
826 182 10 20 i
854 181 73 22 anled-

313 217 54 27 ning
382 216 25 29 af
419 215 63 22 Hans
497 215 124 30 Kejserliga
636 215 115 29 Majestäts
768 214 89 30 Nädiga
871 215 58 21 Pro-

308 252 101 27 position
431 251 108 28 angående
565 251 127 28 grunderna
707 251 43 28 för
771 251 112 28 reglering
905 251 26 28 af

309 285 172 28 presterskapets
507 285 96 28 aflöning
625 285 10 21 i
660 285 83 22 landets
765 284 165 29 evangelisk-lu-

315 320 87 21 therska
411 320 170 29 församlingar.

465 375 22 22 S.
501 375 26 22 A.
542 375 26 22 K.
585 382 18 15 0.
619 374 21 22 8.

246 418 97 23 Emedan
365 419 27 22 de
413 419 8 21 i
442 419 91 22 Finland
554 418 106 29 gällande,
683 425 77 22 genom
781 418 60 23 äldre
862 419 67 22 tiders

178 453 134 29 lagstiftning
333 453 104 28 stadgade
459 453 93 28 grunder
573 453 34 22 för
629 453 169 28 presterskapets
820 453 8 22 i
845 453 84 23 landets

179 488 240 28 evangelisk-lutherska
444 488 151 28 församlingar
619 487 95 29 aflöning
738 487 81 22 funnits
844 488 8 21 i
878 488 52 22 flere

178 522 136 22 hänseenden
327 529 53 15 vara
395 522 44 22 dels
454 523 87 27 obilliga
555 523 41 20 och
611 521 44 22 dels
672 522 121 28 olämpliga,
808 522 41 22 har
862 523 26 20 E.
902 522 27 22 K.

178 557 39 21 M:t
231 557 32 21 uti
281 564 27 14 en
326 556 121 22 Ständerna
460 557 35 21 vid
514 557 69 21 denna
600 556 104 28 landtdag
721 556 97 29 förelagd
832 557 98 27 proposi-

179 591 45 22 tion
238 591 8 21 i
260 590 68 23 näder
342 591 56 22 velat
412 591 33 22 till
461 591 130 22 Ständernas
606 591 122 28 antagande
743 591 129 22 öfverlemna
886 591 44 22 för-

179 626 47 27 slag
247 625 33 22 till
302 625 126 29 förordning
449 625 111 29 angäende
581 625 123 28 grunderna
724 625 35 22 för
780 626 106 28 reglering
908 626 25 22 af

179 661 188 28 prestaflöningen.

247 695 43 22 Vid
307 695 156 29 öfvervägande
480 695 25 22 af
520 695 59 23 detta
593 695 79 22 ärende
686 696 40 21 har
742 695 36 22 det
795 695 136 31 förekommit

180 731 121 21 Ständerna
319 730 156 29 ovedersägligt
492 732 32 20 att
543 730 18 28 ej
580 731 83 21 mindre
686 731 164 28 olägenheterna
872 731 8 21 i
899 731 31 22 af-

180 766 77 21 seende
276 764 13 22 &
306 765 127 28 uppbörden
455 765 24 22 af
497 765 235 28 prestarättigheterna,
755 767 27 20 än
804 765 126 28 afgifternas

180 800 84 28 ojemna
278 799 121 28 fördelning
417 799 59 22 säväl
493 799 117 29 löngifvare
625 807 47 14 som
685 800 112 28 löntagare
812 800 96 26 emellan,
923 800 8 21 i

179 835 99 28 förening
295 835 50 21 med
363 834 70 29 öfriga
446 835 8 20 i
469 834 40 22 den
527 834 80 28 nädiga
623 834 161 28 propositionen
802 834 129 23 framhällna

180 869 187 28 omständigheter,
383 868 86 29 päkalla
485 876 25 15 en
524 869 100 28 tidsenlig
641 869 107 28 reglering
763 869 25 21 af
799 869 132 28 presterska-

180 905 48 27 pets
246 904 100 28 aflöning.
376 904 46 21 Och
439 905 40 21 har
497 903 166 27 Presteständet,
682 911 46 14 som
750 904 70 21 funnit
841 904 90 21 hufvud-

180 939 187 27 bestämningarne
384 939 9 20 i
410 938 104 28 förslaget
532 938 81 29 egnade
631 940 32 19 att
685 937 29 28 pä
737 940 30 19 ett
789 938 142 22 tillfredsstäl-

180 973 64 22 lande
266 975 43 20 sätt
330 973 68 22 ordna
419 973 163 28 ifrägavarande
604 973 161 28 angelägenhet,
787 972 34 22 för
842 974 34 21 sin
898 973 34 22 del

181 1008 94 28 godkänt
290 1008 65 28 sagde
369 1007 87 29 förslag,
471 1008 65 21 likväl
549 1007 50 22 med
617 1007 107 28 ätskilliga
741 1007 77 28 nödige
837 1008 95 22 ansedda

180 1043 75 27 tillägg
277 1043 41 21 och
339 1043 126 27 ändringar;
491 1043 110 21 hvaremot
622 1042 156 28 Ridderskapet
800 1043 40 21 och
862 1043 69 21 Adeln

181 1079 55 19 samt
254 1078 105 27 Borgare-
374 1077 40 22 och
432 1076 163 22 Bondeständen
613 1076 70 22 funnit
702 1084 26 14 en
745 1077 101 27 tidsenlig
863 1077 68 28 regle-

180 1112 49 26 ring
244 1111 24 21 af
280 1111 77 28 frägan
371 1112 46 21 icke
431 1111 73 22 kunna
517 1111 176 27 tillvägabringas
708 1112 52 20 utan
775 1118 59 14 mera
845 1118 86 20 genom-

181 1146 104 27 gripande
298 1145 151 28 förändringar
463 1146 8 20 i
485 1153 29 14 nu
531 1144 115 23 bestående
664 1144 154 27 förhällanden,
837 1147 28 20 än
884 1146 47 20 dem

181 1180 102 28 förslaget
297 1180 63 26 afser,
375 1180 99 22 hvarföre
489 1180 40 22 och
544 1179 27 22 dä
586 1180 118 21 detsamma
718 1180 8 20 i
740 1180 118 28 väsentliga
872 1180 60 22 delar

182 1215 18 26 ej
219 1214 112 22 förmädde
351 1214 136 27 undanrödja
509 1214 26 22 de
553 1214 112 21 anmärkta
688 1214 165 26 olägenheterna
874 1215 8 20 i
900 1214 31 22 af-

181 1248 77 22 seende
272 1247 14 22 å
300 1249 65 20 sättet
379 1247 35 22 för
430 1247 191 28 prestaflöningens
636 1248 120 27 utgörande
771 1248 51 21 eller
836 1247 49 21 leda
899 1248 33 21 till

182 1284 30 20 ett
226 1282 108 28 varaktigt
348 1281 109 22 ordnande
473 1282 24 21 af
506 1282 69 21 denna
586 1281 161 28 angelägenhet,
758 1281 100 22 bemälda
869 1281 63 22 ständ

180 1317 48 22 icke
244 1316 83 22 kunnat
349 1316 113 28 godkänna
479 1316 138 22 merberörda
634 1316 90 28 förslag,
741 1316 67 27 jemte
826 1316 36 21 det
878 1316 54 22 Bor-

182 1359 61 21 gare-
258 1352 40 20 och
312 1350 165 22 Bondeständen
495 1350 68 22 tillika
580 1350 79 22 uttalat
678 1350 41 22 den
732 1350 148 28 underdäniga
895 1352 37 20 ön-

182 1386 53 22 skan
253 1387 33 20 att
302 1393 29 21 ny
345 1385 134 29 proposition
497 1386 7 20 i
522 1386 77 25 ämnet,
615 1385 73 28 byggd
701 1384 29 28 pä
745 1386 141 26 grundsatsen
901 1388 31 19 att

181 1420 170 28 presterskapets
368 1420 94 28 aflöning
480 1420 54 21 skall
551 1419 106 22 beräknas
676 1420 39 21 och
730 1421 88 27 utgöras
833 1420 53 22 efter
900 1420 32 22 in-

181 1454 160 23 nevänaretalet
358 1454 7 22 i
384 1454 183 29 törsamlingarne,
585 1453 66 23 mätte
669 1454 83 22 landets
770 1454 90 22 härnäst
877 1461 55 15 sam-
