1003 1692
296 124 71 24 Nådiga
379 126 135 21 Propositionen
526 126 34 17 N:o
573 127 16 15 3.
761 127 31 16 145

201 189 48 26 slut,
267 188 96 30 förenar
385 190 34 28 sig
438 196 34 14 om
490 189 40 22 den
548 190 26 28 af
590 189 25 21 de
634 190 74 28 öfriga
726 190 90 22 stånden

201 222 116 29 godkända
331 224 77 28 lydelse
417 224 42 28 för
475 224 64 28 sagde
554 224 20 28 $.

131 257 63 24 Hvad
212 256 46 23 åter
276 257 67 28 angår
361 257 187 29 borgareståndets
566 258 70 21 beslut
651 258 73 21 derom
738 260 33 20 att
784 259 32 20 uti

63 291 137 28 inledningen
213 291 67 22 borde
295 293 106 26 upptagas
416 294 32 19 att
463 292 79 27 jemväl
556 292 71 27 kongl.
642 291 82 23 brefvet
738 293 25 20 af
775 292 41 22 den

65 327 26 20 26
108 325 94 22 Oktober
218 327 53 20 1748
287 334 50 13 vore
348 326 110 27 upphäfdt,
475 333 61 15 anser
550 327 104 21 utskottet
664 326 33 22 till
712 326 103 22 förekom-

63 360 77 21 mande
155 360 25 21 af
192 360 73 28 möjlig
280 361 148 28 misstydning,
444 361 65 27 sagde
523 361 71 27 kongl.
609 361 49 21 bref
674 361 142 28 uttryckligen

64 395 55 21 böra
132 396 89 20 nämnas
241 394 69 22 såsom
328 395 111 28 upphäfdt,
456 395 39 22 och
510 394 90 23 föreslår
614 395 104 22 utskottet
733 395 83 23 derföre

202 433 33 17 att
250 430 121 28 höglofliga
386 429 149 29 ridderskapet
549 430 38 21 och
599 430 68 26 adeln,
680 430 136 28 högvördiga

197 465 164 26 prestaständet
380 464 38 21 och
437 464 134 21 hedervärda
591 464 152 21 bondeståndet
764 465 51 21 ville

196 498 83 29 förena
294 499 33 27 sig
342 499 47 20 med
404 499 178 28 borgareståndet
597 499 74 21 derom
688 502 34 18 att
735 500 34 20 uti
783 499 33 21 in-

202 533 114 28 ledningen
334 533 36 21 till
388 533 40 21 den
440 533 146 29 författning,
605 540 44 14 som
672 533 92 21 kommer
783 536 33 18 att

201 567 108 29 utfärdas,
325 567 56 22 skall
394 568 86 28 intagas
497 571 32 17 att
547 567 71 29 kongl.
634 567 82 30 brefvet
730 567 41 22 den
785 566 31 22 26

201 600 96 23 Oktober
311 600 56 23 1748
382 603 26 20 är
423 602 115 29 upphäfdt.

257 762 99 21 Finlands
373 762 97 21 Ständers
487 760 143 28 underdäniga
648 768 48 15 svar
713 762 11 21 €
744 761 71 22 anled-

200 801 55 27 ning
273 800 25 29 af
311 798 62 22 Hans
389 798 123 30 Kejserliga
526 799 114 29 Majestäts
658 798 88 30 Nädiga
760 799 57 21 Pro-

198 838 104 28 position,
325 836 109 30 angäende
458 837 89 29 behörig
570 837 91 21 domstol
676 837 44 29 för
740 840 77 25 uppta-

200 875 71 29 gande
287 875 25 29 af
326 874 146 30 hvarjehanda
486 875 51 26 mäl,
553 875 94 21 rörande
656 874 132 30 frälsemän.

352 937 22 22 S.
389 938 25 21 A.
430 938 27 20 K.
473 945 19 14 0.
508 937 21 22 5.

133 985 39 21 Uti
191 992 26 14 en
234 984 102 22 Finlands
355 984 91 21 Ständer
460 984 35 21 vid
513 984 70 21 denna
600 984 102 28 landtdag
720 984 97 28 förelagd

66 1019 71 29 Nädig
154 1020 133 28 proposition
304 1019 41 21 har
362 1018 24 22 E.
402 1019 26 21 K.
444 1018 27 21 M.
488 1018 44 22 dels
550 1018 34 21 till
601 1018 155 28 Ridderskapet
778 1018 39 22 och

66 1054 69 22 Adeln
153 1054 140 22 öfverlemnat
309 1052 106 22 huruvida
433 1051 85 23 ståndet
535 1059 50 15 vore
603 1052 91 28 benäget
712 1054 32 20 att
762 1059 55 15 sam-

66 1088 64 30 tycka
151 1088 33 22 till
201 1087 151 29 upphäfvande
370 1087 24 21 af
410 1087 26 21 de
453 1087 7 21 i
479 1088 13 20 6
510 1086 95 28 punkten
624 1087 24 21 af
662 1086 157 28 Ridderskapet

67 1124 40 22 och
122 1123 79 22 Adelns
216 1122 121 28 privilegier
351 1121 24 22 af
388 1122 40 21 den
445 1122 25 20 16
490 1120 95 22 Oktober
600 1122 53 20 1723
672 1122 56 21 samt
745 1122 13 20 8
777 1120 41 23 och

67 1161 12 19 9
98 1166 86 14 momm.
203 1158 8 20 i
229 1159 12 19 2
261 1158 10 28 $
291 1158 12 20 8
323 1157 48 27 kap.
390 1155 130 29 Rättegängs
542 1156 81 21 Balken
644 1154 175 24 förekommande

67 1193 134 28 stadganden
215 1191 110 29 angäende
338 1191 51 27 laga
404 1190 91 22 domstol
512 1190 35 22 för
564 1190 138 28 upptagande
720 1190 25 21 af
756 1190 62 22 hvar-

65 1227 95 29 jehanda
181 1226 44 22 mäl
245 1226 93 22 rörande
359 1225 123 25 frälsemän,
506 1224 69 22 sävidt
599 1224 62 22 dessa
686 1224 132 28 stadganden

67 1264 58 21 ännu
144 1263 37 20 äro
201 1260 104 29 gällande,
325 1260 44 21 dels
387 1259 40 22 ock
445 1259 33 22 för
496 1258 67 23 sädan
581 1258 101 22 händelse
698 1259 40 21 hos
757 1258 61 22 Stän-

69 1297 66 22 derna
149 1295 110 28 föreslagit
270 1294 121 27 antagande
402 1294 21 21 at
434 1301 26 14 en
471 1293 135 28 förordning,
617 1293 137 28 hvarigenom
765 1300 54 21 upp-

67 1330 117 21 häfvandet
202 1329 24 21 af
244 1328 92 21 nämnde:
357 1327 132 27 stadganden
508 1326 68 21 skulle
595 1326 159 27 offentliggöras
772 1327 47 24 och,

69 1363 49 22 med
133 1363 90 26 ändring
235 1361 79 28 jemväl
329 1361 24 20 af
365 1360 43 22 alla
422 1359 13 22 ä
450 1360 49 21 dem
513 1359 109 28 grundade
637 1359 134 21 föreskrifter
785 1366 34 15 om

67 1397 155 28 iakttaganden
235 1395 36 22 vid
286 1394 91 23 dödsfall
391 1393 57 22 inom
462 1392 150 23 trälseständet
623 1394 55 20 samt
688 1392 131 29 förmynder-

69 1432 53 28 skap
137 1431 34 22 för
185 1437 102 22 personer
305 1429 25 22 af
345 1435 81 16 samma
444 1427 68 27 stånd,
531 1426 34 24 för
583 1427 113 22 framtiden
714 1426 105 30 päbjudas

69 1466 103 29 följande:

731 1504 21 17 10
