1700 1836
653 183 70 23 Nådiga
735 184 137 22 Propositionen
883 184 35 17 N:o
932 185 15 15 1.
1132 184 22 17 73

563 246 56 22 hvad
633 245 81 29 i:68
701 241 14 38 $
732 248 67 26 säges,
818 246 46 22 icke
884 247 83 21 kunnat
986 246 190 29 tillvägabringas,

563 281 56 21 skall
637 280 64 22 saken
719 282 142 27 öfverlemnas
876 282 36 20 till
927 281 119 28 afgörande
1063 282 23 20 åt
1101 280 73 22 bevill-

562 314 173 29 ningsutskottet,
745 315 110 28 förökadt
867 316 34 20 till
913 318 30 17 ett
954 315 78 21 sådant
1043 315 62 20 antal
1120 315 58 20 leda-

562 350 75 24 möter,
651 355 44 14 som
705 350 9 19 i
729 347 25 22 75
765 349 12 27 $
789 349 130 21 bestämmes.
949 349 86 28 Bifalla
1046 349 37 20 två
1095 349 79 28 tredje-

563 382 61 21 delar
644 383 26 28 af
685 383 36 20 det
735 383 92 20 sålunda
835 382 130 29 förstärkta
979 382 115 22 utskottets
1109 383 10 20 i
1134 390 43 14 om-

562 417 128 28 röstningen
712 417 128 27 deltagande
866 417 117 20 ledamöter
1006 417 172 28 bevillnings-ut-

563 451 88 20 skottets
661 451 90 29 förslag
767 451 8 20 i
791 458 25 13 en
831 451 51 21 eller
893 451 58 28 flera
962 451 25 28 af
997 451 25 21 de
1033 451 68 26 delar,
1113 451 65 20 hvar-

562 487 35 20 uti
611 486 118 20 ständerna
743 485 46 21 icke
802 485 67 29 förut
887 486 117 20 detsamma
1019 485 106 29 enhälligt
1140 493 38 13 an-

564 521 63 28 tagit,
651 520 77 29 blifver
743 520 59 21 detta
811 520 90 28 förslag
916 520 102 28 gällande
1034 520 69 21 såsom
1119 521 59 20 stän-

563 555 79 20 dernas
658 554 73 22 beslut.
761 554 50 20 Kan
830 555 68 20 sådan
908 555 118 27 pluralitet
1041 555 20 27 ej
1075 555 101 26 erhållas,

564 588 56 21 skall
638 588 35 21 det
691 588 76 27 åligga
786 588 245 28 bevillnings-utskottet,
1047 592 34 16 att
1089 588 89 28 föreslå

564 629 25 14 en
611 629 72 14 annan
702 623 134 28 fördelning,
860 623 51 20 eller
931 622 70 21 andra
1019 623 96 28 grunder
1138 622 40 21 och

564 658 45 19 sätt
620 657 42 28 för
680 657 131 28 utgörandet
829 657 26 28 af
870 657 40 21 den
929 657 63 20 andel
1009 658 9 19 i
1040 657 138 27 bevillnings-

565 699 102 18 summan,
683 691 113 28 hvaruppä
810 691 40 21 den
859 691 132 29 förkastade
1003 691 60 21 delen
1073 692 10 20 i
1093 691 83 21 utskot-

564 729 40 18 tets
615 726 70 29 förra
694 726 89 28 förslag
799 725 40 22 har
855 726 103 29 afseende.

621 759 16 21 3
651 766 60 15 mom.
739 759 79 22 Kunna
829 761 102 27 samtliga
942 760 91 26 stånden
1043 759 46 22 icke
1094 760 84 29 förena

564 795 34 28 sig
612 796 10 19 i
637 795 228 21 sammanstämmande
881 795 73 26 beslut,
974 795 109 28 angående
1098 796 77 27 anslag

558 829 43 29 för
609 829 109 22 särskilda
727 829 108 26 ändamål,
848 830 37 21 och
898 829 38 21 har
947 829 72 29 försök
1029 831 36 20 till
1073 837 105 14 samman-

561 863 113 30 jemkning
689 865 80 28 aflupit
779 863 116 30 fruktlöst,
915 863 56 22 skall
986 863 65 22 saken
1067 864 111 29 öfverlem-

564 906 39 13 nas
619 899 36 20 till
671 899 120 27 afgörande
807 899 23 20 åt
839 898 116 28 förstärkt
971 898 142 21 statsutskott.
1138 898 40 21 Ut-

559 932 62 28 falla
639 932 36 22 vid
694 933 125 27 voteringen
841 932 46 21 icke
905 933 67 20 minst
991 933 36 20 två
1047 932 131 28 tredjedelar

564 966 26 29 af
606 967 25 20 de
650 966 87 30 afgifna
752 968 102 19 rösterna
862 967 43 28 för
921 966 119 28 beviljande
1056 968 25 27 af
1095 968 83 27 anslag,

566 1008 60 13 anses
635 1001 88 28 frågan
737 1001 73 21 derom
822 1008 54 14 vara
888 1002 25 27 af
923 1001 118 21 ständerna
1050 999 128 31 förkastad.

497 1030 168 27 Vidkommande
677 1036 22 27 6)
707 1035 186 29 sjuttiondefjerde
899 1036 139 28 paragrafen
1048 1035 41 21 har
1099 1035 79 22 bonde-

428 1068 86 23 ståndet
532 1071 70 20 ansett
621 1070 122 21 densamma
764 1069 54 21 böra
840 1070 142 27 omredigeras
1000 1070 7 20 i
1025 1070 54 27 följd
1097 1070 24 21 af
1138 1070 40 21 den

429 1104 49 21 med
492 1103 127 28 föregående
634 1105 12 26 $
661 1103 101 28 vidtagna
776 1103 130 28 förändring,
921 1111 49 14 men
985 1105 52 20 enär
1050 1103 128 22 bondestån-

430 1138 37 21 det
484 1139 8 20 i
510 1138 59 21 detta
587 1138 95 28 yrkande
701 1139 23 20 är
743 1140 88 24 ensamt,
851 1139 39 20 och
909 1137 28 22 då
955 1138 69 21 denna
1043 1139 11 26 $
1073 1139 19 27 ej
1111 1137 45 22 står
1171 1139 8 20 i

429 1171 66 29 något
510 1171 24 23 så
549 1173 131 20 omedelbart
694 1172 153 28 sammanhang
860 1172 49 21 med
925 1173 25 20 73
966 1173 19 26 $,
1000 1174 32 19 att
1047 1179 26 14 en
1088 1172 92 27 ändring

430 1206 24 22 af
472 1207 40 21 den
530 1207 132 20 sistnämnda
679 1207 138 26 ovilkorligen
834 1206 105 27 päkallar:
951 1213 26 14 en
996 1207 146 21 omredaktion
1157 1207 25 20 af

431 1240 40 22 den
486 1240 66 26 förra,
566 1239 91 23 föreslär
671 1240 105 21 utskottet
790 1240 108 22 vördsamt

568 1278 33 17 att
619 1274 134 22 hedervärda
772 1275 151 21 bondeständet
945 1275 50 21 ville
1011 1275 88 29 frängä
1120 1274 60 22 detta

567 1310 40 20 sitt
621 1308 74 22 beslut.

499 1342 116 28 Angående
631 1344 21 26 7)
667 1343 180 29 sjuttiondefemte
859 1343 142 29 paragrafen,
1020 1342 33 23 får
1067 1344 111 25 utskottet,

431 1376 29 28 på
482 1377 69 27 grund
573 1377 24 21 af
617 1377 40 21 den
679 1378 156 26 omredigering
854 1380 25 19 73
899 1378 12 26 &
929 1377 120 27 undergätt,
1071 1378 109 21 vördsamt

431 1410 85 26 föreslå,
532 1412 32 19 att
578 1410 147 22 förstnämnda
740 1411 11 27 8
767 1410 91 22 erhåller
872 1411 95 27 följande
982 1411 142 28 ordalydelse:

436 1450 2 2 |
775 1454 12 27 $
805 1451 32 23 75.

625 1486 75 30 Hafva
711 1487 96 26 stånden,
819 1487 36 21 vid
867 1488 118 28 afgörande
997 1488 26 29 af
1031 1488 72 29 någon
1115 1488 65 21 bland

570 1522 24 21 de
609 1523 10 20 i
636 1520 26 23 74
676 1522 13 27 $
704 1522 128 21 omnämnda
844 1522 89 29 frågor,
953 1526 88 17 stanmat
1055 1524 10 19 i
1079 1523 25 21 så
1119 1522 60 30 skilj-
