1000 1686
316 111 71 24 Nådiga
397 113 136 22 Propositionen
545 113 34 18 N:o
591 115 16 16 4.
779 115 32 16 277

456 177 12 28 $
483 174 53 24 237.

315 219 63 30 (Lika
391 219 49 22 med
454 221 12 27 $
482 221 40 20 238
537 221 8 21 i
559 220 120 29 förslaget.)

454 283 12 27 $
481 281 53 23 238.

210 324 63 28 (Lika
287 324 49 22 med
350 325 12 28 &
378 326 40 20 239
433 325 8 21 i
455 324 108 29 förslaget,
578 332 49 15 men
644 326 49 21 med
707 325 91 29 ändring
812 326 25 21 af

128 351 104 38 citaten
245 358 34 22 till
294 359 11 28 $
321 358 57 30 203.)

452 406 13 28 $
480 404 54 22 239.

210 448 63 28 (Lika
286 448 50 22 med
350 448 11 28 $
377 449 41 21 240
432 449 8 21 i
454 448 110 29 förslaget,
576 448 54 22 dock
641 450 32 21 att
684 450 26 21 de
724 449 41 22 här
779 449 55 22 före-

151 482 128 23 kommande
293 482 105 22 citaterna
412 483 85 27 ändras,
512 482 28 29 på
558 483 60 22 förra
632 484 72 22 stället
718 483 33 23 till
766 484 12 28 $
793 485 41 20 238

126 521 1 3 |
149 517 43 23 och
205 516 30 29 pä
249 516 91 24 sednare
352 516 74 24 stället
439 517 33 22 till
492 518 6 28 $
515 517 56 29 182.)

452 581 13 27 $
479 579 52 22 240.

209 622 62 29 (Lika
288 622 50 22 med
352 622 11 28 $
379 623 40 21 241
435 622 8 21 i
457 622 109 28 förslaget,
580 629 49 15 men
643 622 48 22 med
706 623 91 28 ändring
812 623 24 22 af

151 656 79 23 citaten
244 656 34 22 till
292 657 12 28 $
319 655 57 30 235.)

454 702 13 28 $
481 701 47 22 241.

207 745 51 22 Har
271 745 142 30 församling,
427 745 33 28 pä
474 746 45 21 sätt
532 745 10 21 i
563 745 6 28 $
583 743 46 23 205
642 746 93 21 nämndt
749 746 34 25 är,
799 745 33 22 be-

150 781 54 29 gärt
211 780 75 29 fjerde
299 779 178 30 profpredikant,
496 779 39 22 och
552 781 40 20 vill
610 780 73 26 denne,
698 781 33 28 pä
749 780 83 29 tillfrä-

150 822 50 22 gan,
219 815 101 21 kallelsen
337 818 107 25 mottaga;
458 815 78 29 pröfve
555 814 147 29 domkapitlet,
725 815 108 21 huruvida

150 849 44 22 han
211 850 69 28 enligt
297 849 26 28 $$
342 848 43 22 160
404 849 38 21 och
460 848 40 22 165
518 848 90 29 behörig
628 850 33 20 är.
691 848 80 22 Finnes
790 849 41 27 det,

150 884 30 22 då
194 884 56 22 skall
265 884 49 26 han,
330 884 63 28 äfven
408 890 34 14 om
457 884 43 20 han
514 884 10 20 i
542 884 102 28 tjensteär
659 884 26 20 de
694 884 67 28 förut
769 884 63 28 före-

150 919 73 29 slagne
244 918 144 28 underlägsen
410 919 34 26 är,
462 918 32 28 pä
510 918 89 29 förslag
620 919 10 20 i
644 918 75 29 fjerde
741 922 92 17 rummet

148 954 106 28 uppföras
270 953 39 21 och
323 953 37 21 till
368 953 66 29 profs
450 953 130 29 afläggande
593 952 129 30 försändas.
751 951 81 23 Finnes

148 988 37 21 det
203 988 133 27 annorledes,
354 988 52 21 eller
425 988 87 29 afsäger
526 988 43 21 han
587 988 34 28 sig
636 987 112 27 kallelsen;
766 988 65 21 varde

142 1022 172 30 församlingens
330 1022 97 29 begäran
442 1023 102 29 afslagen.
566 1022 78 22 Ehvad
655 1022 69 22 sådan
735 1022 96 28 begäran

149 1056 84 30 bifalles
256 1058 52 21 eller
330 1057 78 29 afslås,
430 1058 58 28 gifve
510 1056 141 30 domkapitlet
677 1057 53 22 derå
750 1058 80 27 utslag,

147 1092 49 22 med
210 1092 115 28 anvisning
334 1092 42 29 för
392 1091 82 22 besvär.

449 1155 13 28 $
476 1153 52 22 242.

205 1197 64 29 (Lika
282 1197 49 22 med
346 1197 12 28 8
374 1197 40 22 243
429 1198 8 21 i
451 1197 109 28 förslaget,
574 1204 49 15 men
638 1198 32 21 att
687 1197 41 22 här
745 1197 42 22 bör
800 1197 28 22 ci-

147 1235 58 20 teras
220 1233 12 28 $
248 1232 57 29 243.)

452 1269 12 28 $
479 1268 50 22 243.

205 1309 76 29 Hafva
301 1310 38 20 vid
359 1311 58 19 valet
438 1311 102 19 rösterna
558 1309 73 28 blifvit
650 1310 25 20 så
692 1310 82 25 delade,
797 1313 32 17 att

147 1345 65 27 ingen
230 1344 26 28 af
269 1343 24 21 de
305 1344 127 28 föreslagne
450 1343 40 20 den
508 1344 9 19 i
535 1342 12 27 $
565 1342 45 21 242
627 1343 94 20 nämnda
736 1344 94 26 röstplu-

147 1379 76 20 ralitet
238 1377 96 27 erhållit,
349 1377 57 22 skall
423 1378 9 20 i
451 1377 95 28 afseende
562 1377 13 20 å
591 1377 100 28 tjenstens
706 1377 123 22 besättande

142 1413 101 29 följande
259 1413 94 28 ordning
367 1412 117 28 iakttagas.
509 1410 75 22 Hörer
600 1412 127 28 lägenheten
742 1412 35 20 till
792 1420 37 12 an-

148 1448 53 21 talet
215 1448 25 29 af
253 1447 53 29 dem,
322 1447 36 22 till
374 1446 73 23 kvilka
461 1445 141 30 domkapitlet
616 1447 63 28 äfven
693 1447 10 20 i
714 1446 60 22 detta
782 1446 48 28 fall
