1009 1689
214 123 38 31 498
421 126 71 23 Nådiga
503 126 134 22 Propositionen
648 126 35 17 N:o
697 127 25 16 11.

197 191 38 20 ton
252 189 34 21 till
304 189 40 22 och
362 189 48 21 med
428 187 107 30 tjuguåtta
551 189 72 28 dagar,
642 189 40 20 och
697 189 65 22 varde
776 188 104 28 kopplare
896 189 46 21 der-

194 223 66 28 jemte
276 223 64 22 dömd
354 223 33 21 till
400 222 88 23 tukthus
501 223 9 22 i
524 222 24 23 så
562 222 50 29 lång
626 223 32 20 tid
672 229 49 15 som
733 222 36 29 lag
784 224 69 26 säger.

264 259 26 20 25
306 259 18 27 8.
354 252 31 27 Är
399 258 54 27 ilag
468 257 51 22 eller
534 257 90 22 särskild
639 257 127 28 författning
781 257 111 28 ovilkorlig
906 257 37 21 be-

196 292 113 28 straffning
326 291 48 22 med
392 293 38 27 spö
450 292 50 21 eller
517 292 29 21 ris
565 291 145 27 föreskrifven,
730 290 27 23 då
775 291 60 26 skall,
850 291 8 21 i
872 291 72 22 stället

196 327 34 22 för
244 326 76 23 sådant
335 326 67 27 straff,
418 326 94 28 fängelse
527 327 35 21 vid
575 328 72 21 vatten
664 327 39 21 och
714 325 54 22 bröd
780 325 109 22 ådömmas
901 326 43 21 för-

195 362 107 27 brytaren,
322 361 54 22 efter
394 361 36 21 det
446 361 139 26 förhållande,
604 361 60 21 hvari
683 361 61 21 dessa
762 360 67 26 straff,
850 360 66 28 enligt
931 361 10 20 1

196 396 39 21 och
251 397 13 20 4
279 396 24 28 88
314 395 8 22 i
334 396 11 20 5
356 395 90 28 kapitlet
457 395 149 26 Straffbalken,
615 395 109 28 jemförda
734 395 48 21 med
794 396 26 20 43
832 395 11 27 $
855 395 7 21 i
874 395 69 22 denna

195 430 131 28 förordning,
342 432 44 20 mot
400 430 121 22 hvarandra
535 431 69 21 mätas
618 429 60 23 böra.

263 465 45 21 Der
328 465 8 21 i
357 464 35 29 lag
410 465 52 21 eller
480 464 91 22 särskild
585 464 126 28 författning
725 464 136 29 kroppsplikt
874 464 68 22 finnes

194 499 146 27 föreskrifven,
357 499 65 22 varde
440 500 40 21 ock
498 499 40 21 den
556 498 141 29 bestraffning
714 500 7 20 i
741 499 96 29 fängelse
850 499 36 22 vid
896 501 46 20 vat-

194 536 36 20 ten
245 534 41 22 och
299 533 55 22 bröd
368 535 84 20 utmätt.

262 570 27 20 26
305 569 19 28 &.
353 568 46 22 Har
417 568 7 21 i
438 568 36 28 lag
489 568 51 22 eller
554 568 92 22 särskild
660 568 126 28 författning
800 568 70 22 blifvit
884 568 58 22 stad-

195 603 52 28 gadt
264 605 33 20 att
315 610 76 15 ansvar
412 602 34 22 för
464 602 66 29 nägot
546 603 60 21 brott
622 602 54 22 skall
694 603 88 27 utgöras
801 604 101 27 antingen
920 604 24 21 af

194 638 38 27 spö
251 638 52 21 eller
320 638 37 26 ris,
376 637 51 22 eller
446 638 39 22 ock
503 637 25 22 af
542 635 66 30 nägot
626 639 66 19 annat
710 637 68 27 straff,
792 636 36 23 mä
842 638 19 28 ej
876 638 66 22 fram-

194 671 57 23 deles
265 672 33 21 till
312 673 39 26 spö
368 672 50 22 eller
432 672 31 22 ris
478 672 101 22 dömmas.

263 708 26 20 27
304 707 18 27 8.
352 705 115 29 Angående
481 706 91 28 ändring
586 706 24 22 af
619 706 83 22 straffet
712 706 34 22 för
757 706 27 22 de
794 706 65 27 brott,
869 706 73 30 hvilka

193 742 125 20 omnämnas
332 741 8 21 i
355 742 12 20 2
383 741 11 28 &
410 742 12 20 7
437 740 89 28 kapitlet
541 741 40 21 och
593 742 11 20 3
617 741 11 28 &
641 742 24 20 11
678 741 90 27 kapitlet
778 740 162 30 Missgernings-

192 775 84 27 balken,
292 776 86 28 stadgas
393 776 7 20 i
416 776 12 21 6
443 776 49 27 kap.
508 776 24 21 af
545 776 70 21 denna
630 776 131 28 förordning.
945 800 4 3 N

262 812 26 20 28
304 811 18 27 8.
351 806 43 26 Äro
417 810 53 22 efter
491 810 36 28 lag
549 810 51 22 eller
621 810 91 22 särskild
733 810 128 29 författning
878 812 62 22 böter

194 845 96 27 8dömda,
310 845 7 22 i
335 844 71 23 stället
423 845 35 21 för
475 845 77 27 hvilka,
566 845 36 22 vid
616 845 110 22 bristande
739 844 91 30 tillgång
844 846 39 22 hos
898 847 41 21 den

192 880 110 26 sakfällde,
316 880 135 28 kroppsplikt
465 879 65 29 enligt
545 880 11 21 5
572 880 90 28 kapitlet
677 879 145 23 Straffbalken
832 880 108 30 undergäs

192 915 46 27 bör,
257 914 29 22 dä
303 914 60 22 skola
376 914 90 22 böterna
479 914 34 21 till
526 914 96 28 fängelse
636 914 35 22 vid
684 916 73 20 vatten
772 916 40 20 och
826 915 55 21 bröd
896 916 43 22 för-

192 950 85 26 ändras,
292 949 54 22 efter
361 949 26 21 de
402 949 98 28 grunder,
516 950 26 20 43
557 949 11 28 &
580 949 8 21 i
599 949 69 21 denna
678 948 126 30 förordning
814 949 124 23 innehåller.

259 984 47 28 Lag
324 990 81 15 samma
425 990 50 15 vare
494 984 37 21 der
549 983 90 22 särskild
657 983 128 28 författning
803 984 136 22 föreskrifver

192 1020 33 21 att
242 1018 62 22 böter
318 1017 60 22 skola
392 1018 33 21 till
440 1018 101 27 gatulopp
557 1017 112 23 förändras
684 1018 86 28 (Kongl.
786 1018 152 29 förordningen

191 1053 41 22 den
248 1054 26 20 18
288 1052 104 22 Februnri
409 1052 69 28 1768).

505 1111 23 16 6
546 1109 79 23 Kap.

192 1148 30 21 Om
236 1146 77 29 ändring
327 1146 22 22 af
360 1147 71 21 straffet
444 1147 29 21 för
482 1147 48 21 vissa
542 1147 128 28 tjufnadsbrott
680 1149 46 20 samt
738 1147 58 22 första
806 1154 54 16 resan
870 1148 67 22 inbrott

234 1182 7 20 i
255 1182 57 28 afsigt
326 1182 27 20 att
367 1181 60 28 stjäla,
441 1181 89 22 äfvensom
546 1181 21 22 af
578 1181 12 22 2
605 1180 12 30 $
632 1181 12 21 7
658 1182 42 28 kap.
715 1182 33 21 och
762 1182 12 22 3
789 1182 12 29 &
816 1182 23 21 11
854 1183 43 28 kap.

461 1215 201 27 Missgerningsbalken.

259 1258 26 19 29
301 1257 18 27 &.
348 1256 42 21 För
408 1256 62 25 stöld,
490 1263 45 14 som
553 1256 65 27 enligt
633 1256 76 22 hittills
724 1258 98 26 gällande
836 1258 100 28 stadgan-

190 1290 42 22 den
253 1290 19 28 ej
295 1289 82 23 medför
394 1289 176 28 fästningsstraff,
589 1290 55 22 skall
663 1290 41 22 den
722 1290 112 29 brottslige
851 1292 86 23 straffas

190 1325 53 22 efter
257 1322 56 24 hvad
331 1324 36 28 lag
385 1324 51 22 eller
451 1324 90 22 särskild
559 1324 132 28 författning,
707 1325 94 28 jemförd
818 1327 49 21 med
882 1328 26 20 28
924 1328 12 28 8

188 1360 8 21 i
215 1359 69 22 denna
301 1358 131 28 förordning,
450 1359 33 21 för
501 1358 75 28 hvarje
594 1358 38 22 fall
646 1359 136 23 föreskrifver
796 1363 56 19 samt
866 1362 72 21 dertill

189 1393 68 23 hällas
271 1394 8 21 i
293 1393 94 27 tukthus,
402 1393 68 22 första
484 1392 83 29 gängen
581 1392 49 23 frän
644 1401 26 15 en
684 1394 33 22 till
732 1395 40 22 och
783 1396 49 21 med
843 1403 37 15 sex
892 1395 45 23 mä-

188 1429 74 27 nader,
278 1428 40 22 och
332 1428 68 22 andra
413 1436 63 14 resan
490 1426 48 23 frän
554 1428 39 22 och
607 1428 49 22 med
670 1428 48 29 fyra
731 1428 103 24 mänader
848 1431 33 21 till
896 1432 40 22 och

188 1464 48 21 med
251 1464 31 20 ett
297 1462 24 22 är
336 1462 37 28 (M.
388 1462 24 22 B.
428 1464 27 19 40
470 1462 49 27 kap.
537 1463 9 20 1
564 1462 40 21 och
620 1464 12 20 3
648 1463 24 27 $$
686 1470 28 15 m.
730 1464 38 28 fl.).
