998 1686
318 102 72 23 Nådiga
400 103 137 22 Propositionen
549 104 35 17 N:o
596 104 16 16 4.
784 104 32 16 279

458 167 13 27 $
486 165 51 23 259.

214 208 49 22 Har
279 209 124 29 lägenheten
420 216 76 22 genom
505 210 170 29 företrädarens
684 210 111 28 flyttning,
811 210 29 21 el-

159 244 32 21 ler
206 244 127 28 afsättning,
346 244 52 20 eller
410 244 104 28 afsägelse
529 244 25 28 af
562 244 151 28 prestembetet
728 244 72 28 blifvit
811 244 27 21 le-

157 278 44 27 dig,
217 278 52 20 eller
284 279 27 19 är
326 278 40 21 den
380 278 10 19 i
408 278 12 27 $
435 276 44 22 258
494 278 109 21 bestämda
618 278 58 21 tiden
692 278 146 29 tilländagän-

155 318 51 22 gen;
221 312 57 28 gälle
290 311 56 22 hvad
357 318 34 15 om
406 312 99 21 tillträde
519 313 10 20 i
543 313 12 27 $
569 311 46 22 256
630 313 26 20 är
671 312 69 29 sagdt.

414 375 25 28 $$
454 373 130 24 260—262.

273 418 62 30 (Lika
349 418 49 21 med
413 418 25 29 $$
454 419 111 21 261—263
580 418 7 21 i
602 417 118 30 förslaget.)

337 507 155 19 Sextonde
506 507 149 23 Kapitlet.

229 548 30 22 Om
274 548 93 27 klockare,
382 548 106 27 orgelnister
503 548 33 21 och
549 548 49 27 öfrig
611 548 159 28 kyrkobetjening.

456 603 12 27 $
483 601 53 22 263.

213 639 106 23 Klockare
335 639 61 27 skall,
415 640 38 21 der
472 640 20 29 ej
506 639 91 22 särskilt
616 640 91 28 sångare
722 641 9 20 i
740 640 96 29 försam-

157 675 72 28 lingen
247 675 96 21 anställd
365 676 33 25 är,
422 674 48 21 leda
492 675 79 28 sängen
593 675 37 20 vid
653 675 99 28 offentlig
774 675 63 28 guds-

157 711 64 27 tjenst
244 709 108 29 äfvensom
370 709 36 21 vid
429 709 70 22 andra
513 709 133 28 presterliga
658 709 177 28 förrättningar,

155 744 38 21 vid
209 743 72 22 hvilka
296 744 53 27 säng
359 743 149 30 föreskrifven
523 745 38 24 är;
576 743 42 22 han
633 743 56 21 skall
699 745 10 20 i
720 743 116 29 koralsäng

156 778 244 29 skriftskoleungdomen
413 778 122 27 undervisa,
550 779 37 20 vid
603 779 63 20 barns
681 779 155 28 undervisning

154 814 11 20 i
171 812 143 29 bokläsning,
333 813 38 20 der
392 813 24 20 sä
431 812 64 29 behof
510 814 69 27 göres,
599 812 137 29 tillhandagä
754 817 54 16 samt
828 814 9 19 i

157 847 62 21 deras
229 846 83 29 förhör
328 847 47 20 deri
390 847 37 20 vid
446 847 104 21 läsmöten
568 847 97 27 deltaga;
681 847 60 27 öfver
756 848 81 27 renlig-

155 881 35 21 het
209 881 38 21 och
266 881 92 28 ordning
377 882 10 19 i
404 880 68 29 kyrka
489 882 109 20 närmaste
617 881 74 28 tillsyn
706 881 75 29 hafva;
794 881 42 29 för

154 916 25 21 de
199 915 92 29 kyrkans
314 916 166 28 tillhörigheter,
501 922 43 15 som
563 916 34 20 till
615 915 55 21 vård
689 916 51 20 eller
760 916 76 28 begag-

155 950 69 22 nande
247 950 76 21 honom
340 951 9 19 i
368 950 38 20 och
422 950 42 28 för
487 951 89 28 tjensten
599 949 110 27 ombetros,
732 958 104 18 ansvara;

150 984 162 29 presterskapet
329 986 10 19 i
351 985 161 28 församlingen
527 985 36 20 vid
581 984 147 29 gudstjensten
747 985 88 28 betjena,

155 1023 54 17 samt
228 1019 56 21 hvad
303 1023 66 17 annat
388 1019 77 20 honom
482 1020 10 20 i
510 1019 89 28 tjensten
617 1019 115 28 anbefalles
752 1020 33 27 sig
801 1019 35 22 till

155 1053 115 29 obrottslig
285 1053 127 29 efterlefnad
428 1054 71 21 ställa.

391 1117 26 28 $$
432 1116 44 21 264
490 1117 39 21 och
542 1115 54 22 269.

250 1160 63 28 (Lika
326 1159 49 22 med
390 1160 24 27 $$
430 1160 40 20 265
486 1159 40 21 och
542 1160 40 20 270
597 1159 8 21 i
619 1159 119 28 förslaget.)

455 1223 13 27 $
482 1220 55 24 270.

211 1265 73 23 Bland
295 1266 98 26 sökande,
405 1272 44 14 som
461 1265 102 29 behörige
579 1266 46 26 äro,
638 1266 53 28 äger
704 1265 130 29 kyrkoherde

154 1301 39 20 och
207 1300 116 28 kyrkoråd,
341 1300 86 21 säsnart
440 1300 190 28 ansökningstiden
642 1301 148 27 tilländagätt,
804 1304 31 18 tre

155 1334 24 22 de
202 1334 143 28 skickligaste,
365 1334 57 26 eller,
446 1340 34 14 om
502 1333 154 28 skickligheten
678 1334 37 21 hos
732 1334 54 28 flere
810 1336 26 19 är

155 1368 50 26 lika,
229 1368 23 22 de
274 1372 53 17 mest
343 1368 107 28 förtjente
464 1368 32 28 pä
509 1368 90 28 förslag
618 1368 95 29 uppföra
735 1368 38 21 och
795 1368 41 27 det,

151 1403 65 29 jemte
234 1403 87 28 uppgift
335 1403 32 28 pä
387 1402 25 21 de
431 1402 71 29 öfrige
522 1402 139 26 sökanderne,
674 1402 58 29 från
746 1403 91 28 predik-

154 1438 67 21 stolen
235 1438 34 28 pä
284 1438 47 20 sön-
346 1438 52 20 eller
417 1436 130 29 högtidsdag
567 1436 105 29 kungöra.
701 1436 83 22 Finnas
802 1445 35 13 en-
