1000 1686
194 119 32 17 222
398 118 70 24 Nådiga
480 119 136 22 Propositionen
628 119 34 17 N:o
674 120 17 16 4.

172 180 70 22 denna
255 180 115 22 frälsarens
384 181 113 22 försäkran
512 180 30 28 så,
558 182 44 26 ,att
616 181 75 29 hvarje
703 181 26 28 af
739 180 86 22 Honom
833 180 85 29 funnen

172 214 39 22 och
228 214 98 22 benådad
344 215 96 28 syndare,
460 216 94 28 derefter
573 215 65 21 borde
658 216 71 20 bevisa
749 214 170 29 barmhertighet

172 249 39 21 och
226 249 95 21 tålamod
336 253 55 17 emot
405 256 25 14 en
445 250 84 26 broder,
549 256 45 14 som
608 256 75 22 genom
698 251 39 19 sitt
746 249 113 29 'syndande
875 248 43 22 blir

172 283 77 21 honom
263 283 115 30 besvärlig,
394 284 39 21 och
446 283 45 22 icke
506 287 75 26 genast
592 284 101 21 använda
707 284 26 21 de
749 284 101 21 hårdaste
861 283 58 22 med-

173 318 40 27 len,
228 321 52 18 utan
296 319 63 28 äfven
372 319 11 20 i
397 319 34 21 sin
446 319 141 30 bestrafning
599 319 94 28 förfara
708 319 54 28 efter
777 318 41 21 den
831 318 89 29 gudom-

174 353 45 28 liga
236 353 147 28 pedagogiens
406 353 147 29 barmhertiga
574 355 122 19 marimer
730 353 46 22 Och
797 353 62 22 hvem
876 353 43 22 kan

172 387 62 26 neka,
249 389 32 19 att
294 387 48 22 icke
357 387 69 22 denna
440 388 96 27 tolkning
551 387 24 22 af
587 388 71 21 stället
669 388 8 21 i
688 387 51 22 visst
750 387 100 22 afseende
860 387 59 22 inne-

172 421 41 22 bär
228 428 25 15 en
267 422 97 27 sanning.
392 421 50 22 Men
464 421 157 29 hufvudfrägan
643 424 25 19 är
689 423 40 20 här
748 422 50 21 den:
820 421 100 23 hvarföre

172 455 55 22 skall
249 455 140 30 bestrafning
411 459 56 20 emot
485 464 27 14 en
528 456 80 22 broder
625 456 39 22 alls
683 456 115 27 användas,
820 456 100 22 hvarföre

173 489 55 22 skall
246 497 49 14 man
313 487 53 30 icke,
384 489 71 23 såsom
473 498 26 15 en
517 491 24 21 af
557 491 83 21 Herren
657 491 81 21 funnen
759 491 39 21 och
820 489 100 23 benådad

172 524 97 28 syndare,
284 526 54 19 utan
352 525 29 21 all
395 525 140 27 bestraffning
553 525 82 21 öfverse
652 525 50 21 med
719 525 34 21 sin
767 525 89 21 broders
871 532 49 21 syn-

174 558 82 21 dande?
285 558 47 21 Och
344 559 45 27 just
403 558 29 28 pä
446 560 70 21 denna
530 558 63 29 fråga
603 560 40 21 har
654 559 42 21 den
706 560 41 20 här
757 559 97 22 försökta
864 559 56 22 tolk-

173 592 78 28 ningen
265 593 54 21 intet
333 600 49 14 svar
397 595 32 19 att
442 593 77 22 lemna.
548 593 52 22 Man
614 592 68 23 måste
697 593 64 22 likväl
776 593 100 27 erkänna,
888 595 33 20 att

172 625 77 29 frågan
263 626 54 22 efter
332 627 59 22 detta
409 627 101 30 hvarföre
528 627 36 29 låg
582 628 40 21 här
640 628 81 27 ganska
736 629 59 21 nära.
824 628 96 22 Redan
905 621 18 40 i

174 660 41 23 den
234 662 25 21 21
278 669 75 14 versen
370 662 45 21 läse
432 663 27 26 vi,
478 663 56 21 huru
552 663 76 21 Petrus
647 661 74 29 frågar
738 662 92 23 Herren:
854 663 66 26 huru

174 695 46 29 ofta
235 695 55 22 skall
307 697 47 20 min
372 696 78 22 broder
469 697 67 29 synda
554 701 55 17 emot
627 698 52 27 mig,
699 697 38 21 och
749 698 42 28 jag
805 697 55 22 skall
869 697 52 30 för-

174 730 46 21 låta
235 730 89 21 honom?
352 731 80 21 Männe
447 732 34 28 sju
495 738 60 15 resor
571 733 39 20 äro
626 731 67 28 nog?"
723 731 45 22 Och
779 731 83 22 Herren
874 739 47 14 sva-

173 771 37 14 rar
224 764 88 22 honom:
335 765 56 26 icke
409 766 33 29 sju
460 773 67 19 resor,
546 769 53 18 utan
618 766 75 29 sjuttio
709 767 69 20 sinom
792 767 34 28 sju
840 768 80 19 resor."

173 797 85 30 Frågan
272 798 69 23 måste
355 799 63 22 alltså
432 800 66 22 blifva
513 800 51 22 den:
586 800 101 22 hvarföre
705 799 34 22 får
753 799 168 29 bestraffningen

173 833 92 21 likafullt
278 833 47 21 icke
339 834 111 27 uteblifva;
465 835 100 21 hvarföre
579 834 68 22 måste
659 835 45 27 jag,
717 835 67 21 ehuru
799 834 24 22 af
836 834 85 22 fullaste

173 867 71 28 hjerta
257 866 120 24 förlåtande
391 868 44 22 min
449 868 85 28 broder,
548 869 48 21 icke
606 870 71 21 lemna
687 870 54 21 hans
752 869 54 29 synd
817 869 105 22 obestraf-

174 902 50 22 fad?
254 902 49 22 Just
325 904 70 20 svaret
415 902 30 28 på
466 903 70 22 denna
557 902 63 30 fråga
638 903 70 22 måste
727 904 41 22 den
781 904 9 21 i
802 904 120 22 motiverna

174 936 99 22 använda
287 944 103 20 exegesen
404 937 66 22 blifva
484 938 89 28 skyldig.

242 970 59 22 Skall:
320 973 32 19 ett
368 972 90 27 verkligt
476 979 48 15 svar
542 971 29 28 på
589 972 69 22 denna
677 971 62 28 fråga
756 971 39 28 fås,
814 971 24 23 så
852 971 69 23 måste

175 1005 41 21 den
230 1005 122 28 exegetiska
368 1005 85 22 blicken
471 1007 95 21 sträckas
581 1006 75 28 längre
670 1007 90 21 tillbaka
774 1007 28 21 än
816 1007 33 21 till
865 1008 56 20 11:te

174 1046 81 15 versen.

242 1073 27 21 Vi
290 1072 68 23 måste
379 1074 8 21 i
410 1074 115 22 allmänhet
546 1074 96 27 besinna,
664 1076 33 19 att
717 1075 82 21 Herren
818 1073 29 29 på
862 1075 59 21 detta

174 1107 62 21 ställe
249 1107 57 21 talar
320 1107 33 21 till
368 1108 46 21 sina
428 1108 111 28 lärjungar
554 1115 35 15 om
604 1108 171 27 ,himmelriket*,
787 1109 80 21 hvilket
877 1109 44 21 han

174 1148 39 14 var
226 1141 98 21 kommen
342 1143 32 20 att
391 1143 102 26 upprätta
510 1141 30 29 på
550 1142 84 28 jorden,
650 1142 20 21 d.
686 1150 18 14 v.
720 1150 16 14 s.
751 1150 35 14 om
800 1142 121 22 församlin-

174 1182 48 21 gen,
244 1176 41 21 och
306 1176 109 21 hurudant
435 1176 144 22 förhållandet
600 1177 57 21 inom
679 1177 69 21 henne
766 1176 68 23 skulle
848 1176 72 22 blifva.

174 1209 50 21 Just
237 1208 29 28 på
280 1210 148 27 lärjungarnes
446 1210 71 28 fråga:
540 1211 96 27 ,hvilken
651 1212 28 20 är
693 1212 41 20 den
748 1212 82 20 största
843 1212 10 20 i
868 1211 54 21 him-
940 1214 2 3 '

174 1243 121 21 melriket?*
314 1250 74 14 svarar
405 1244 82 21 Herren
505 1243 31 27 så,
554 1246 32 20 att
604 1245 43 20 han
666 1244 74 22 ställer
754 1246 31 20 ett
798 1245 55 21 barn
867 1244 55 22 midt

174 1276 74 22 ibland
263 1277 48 21 dem
325 1278 40 20 och
380 1279 72 27 säger:
474 1282 63 22 utan
551 1278 19 21 J
586 1279 109 21 omvänden
708 1279 60 21 eder
786 1279 39 21 och
838 1279 83 21 varden

175 1312 70 21 såsom
259 1312 61 26 barn,
337 1312 72 21 skolen
422 1312 19 21 J
452 1312 46 22 icke
514 1312 83 22 komma
611 1314 24 20 in
649 1314 10 20 i
675 1313 153 22 himmelriket"
843 1314 41 28 (vv.
900 1315 20 25 1,

176 1346 29 28 2).
235 1346 46 22 Och
299 1346 65 22 sedan
382 1347 44 22 han
444 1346 90 23 sålunda
552 1348 75 28 antydt
642 1348 41 21 den
697 1348 68 22 första
780 1348 140 22 allmännaste

176 1380 40 22 och
230 1381 166 28 nödvändigaste
411 1382 140 27 egenskapen,
566 1389 47 15 som
626 1382 48 22 icke
688 1381 34 23 fär
737 1382 77 22 saknas
828 1383 40 22 hos
882 1382 38 23 nä-

175 1421 42 22 gon
232 1415 24 22 af
267 1415 54 22 hans
336 1415 56 22 rikes
406 1416 41 22 och
461 1416 135 29 församlings
610 1418 58 21 rätta
682 1417 143 28 medlemmar,
840 1417 79 29 begyn-

174 1456 40 15 ner
235 1450 43 21 han
299 1451 33 21 att
353 1450 45 22 tala
416 1457 35 15 om
469 1451 41 22 den
528 1453 58 21 stora
604 1452 95 26 skulden,
718 1457 46 17 som
778 1452 69 22 hvilar
861 1452 60 23 öfver
