1003 1686
196 112 33 31 166
399 115 71 22 Nådiga
481 115 136 22 Propositionen
628 115 34 16 N:o
674 115 17 16 4.

241 179 12 28 8
269 179 34 20 64.
326 177 64 22 Emot
405 177 146 28 ordalydelsen
566 177 25 22 af
602 177 91 22 sednare
703 178 122 25 momentet,
836 176 38 22 der
885 176 36 22 det

173 213 69 21 heter:
264 212 113 21 uteblifver
394 211 71 28 någon
483 210 58 29 (från
559 211 135 27 nattvarden)
713 210 59 22 öfver
790 212 30 20 ett
835 209 31 28 år,
882 211 40 27 äge

174 247 161 28 presterskapet
348 246 8 21 i
370 246 158 27 församlingen,
544 245 38 22 der
595 245 43 22 han
652 245 46 26 bor,
713 245 49 21 med
776 245 83 28 kristlig
873 245 49 21 kär-

173 281 35 21 lek
222 281 40 21 och
277 280 97 21 saktmod
389 280 78 21 honom
482 286 34 14 om
530 279 55 21 hans
599 279 146 21 försummelse
759 279 24 21 af
795 279 127 21 nattvarden

175 315 71 22 erinra
260 322 28 14 m.
303 322 36 18 m.,
353 314 40 21 har
408 314 115 26 anmärkts,
543 315 32 20 att
593 313 61 22 ordet
672 314 59 26 ,äge"
750 313 70 21 kunde
838 314 62 27 tagas
914 313 8 21 i

175 349 41 21 den
230 348 91 28 mening,
341 350 32 20 att
393 348 34 22 det
445 356 50 14 vore
512 348 169 28 presterskapets
697 347 120 28 skyldighet
832 349 32 19 att
878 347 44 22 för-

174 390 65 15 mana
253 383 73 28 hvarje
341 382 232 28 församlingsmedlem,
590 381 24 22 sä
628 384 61 19 snart
699 382 43 21 han
754 384 31 19 ett
799 380 24 23 är
837 382 85 21 uteblif-

174 418 31 21 vit
219 416 48 23 från
281 417 133 21 nattvarden.
436 417 41 21 Till
487 416 173 22 förekommande
674 416 24 22 af
711 424 26 13 en
752 416 57 28 dylik
819 416 103 28 tolkning,

174 452 138 28 hvarigenom
322 453 91 26 presten,
425 451 134 28 synnerligen
573 451 8 21 i
592 458 25 14 en
628 450 77 22 folkrik
715 450 131 28 församling,
855 451 68 21 skulle

176 485 109 22 åhvälfvas
300 487 30 19 ett
345 484 118 29 åliggande,
483 484 24 22 så
525 485 84 28 mycket
623 484 86 22 svårare
724 486 33 20 att
771 484 92 29 fullgöra
877 492 46 14 som

178 520 35 21 det
226 520 71 21 kunde
312 519 33 22 stå
359 520 8 20 i
381 520 54 20 strid
449 520 49 21 med
511 520 54 21 hans
584 519 139 28 öfvertygelse
737 527 36 13 om
787 520 57 20 rätta
859 520 65 21 sättet

176 554 34 21 för
232 554 41 21 den
294 554 91 21 enskilta
406 553 143 28 själavärdens
571 553 169 24 handhafvande,
763 554 39 21 har
820 554 105 21 utskottet

177 590 69 20 ansett
261 588 66 28 sagde
340 588 108 28 tvetydiga
463 588 39 21 ord
516 588 53 21 böra
584 587 86 29 utbytas
685 589 56 20 emot
755 588 62 21 ordet
832 588 63 26 ,mä.*

245 622 50 22 Men
313 622 109 28 angäende
440 622 163 28 ifrägavarande
621 624 93 19 moment
729 622 61 21 äfven
804 622 8 21 i
827 622 48 22 dess
889 620 34 24 sä-

176 656 68 22 lunda
263 656 130 22 förändrade
411 656 54 22 form
484 657 40 21 har
543 656 41 22 den
604 657 241 28 meningsskiljaktighet
866 657 57 21 inom

177 691 104 21 utskottet
299 692 37 26 ägt
355 698 53 19 rum,
427 693 32 19 att
476 690 92 22 flertalet
587 690 23 22 af
627 691 25 21 de:
664 691 133 27 deputerade
811 690 49 22 från
874 691 50 21 Rid-

178 726 113 27 derskapet
309 726 40 20 och
368 726 68 20 Adeln
455 727 55 19 samt
528 724 181 29 Borgareständet
727 727 69 19 ansett
813 726 49 21 hela
880 733 44 15 mo-

177 762 80 19 mentet
275 760 55 21 böra
347 760 110 25 uteslutas,
476 761 51 20 enär
544 761 97 25 prestens
659 760 103 26 rättighet
780 761 31 20 att
830 761 53 26 göra
897 767 27 15 en

179 794 57 28 dylik
253 794 92 26 erinran,
368 794 61 21 äfven
452 801 34 14 om
508 794 73 21 derom
598 794 54 21 intet
669 794 67 21 finnes
755 794 67 28 sagdt,
839 794 25 28 ju
878 794 48 22 icke

178 827 71 22 kunde
263 827 147 28 ifrägasättas;
429 828 111 21 hvaremot
555 828 25 21 de
596 828 129 27 deputerade
739 828 34 21 för
787 828 83 21 Preste-
886 828 40 21 och

178 861 163 22 Bondeständen
356 863 69 20 ansett
439 862 74 27 nödigt
528 864 31 19 att
574 861 67 22 sädan
654 863 103 26 rättighet
767 862 66 21 finnes
844 863 8 20 i
864 863 63 27 lagen

178 896 142 28 uttryckligen
335 896 80 21 erkänd
429 898 55 19 samt
499 896 84 21 derföre
597 897 68 20 röstat
679 896 34 21 för
727 899 125 19 momentets
867 897 59 22 bibe-

179 929 106 22 hållande.
321 930 30 21 Af
367 929 66 22 sådan
456 931 113 27 anledning
588 931 24 20 är
630 931 103 20 utskottet
753 931 121 21 nödsakadt
895 933 32 20 att

179 964 133 22 beträffande
327 964 70 21 denna
411 965 11 27 &
438 965 91 21 aflemna
543 965 95 27 följande
652 965 126 22 alternativa
792 965 91 28 förslag:

374 998 35 21 Pä
425 999 64 21 hvars
505 999 38 21 och
558 1006 35 14 ens
608 1006 51 21 egen
669 999 109 29 pröfning
793 1000 35 21 mä
843 1000 35 21 det
890 1007 38 14 an-

318 1033 88 26 komina,
426 1033 55 21 huru
500 1033 46 29 ofta
565 1033 41 21 han
622 1034 33 28 sig
671 1034 34 21 till
720 1034 128 28 deltagande
862 1035 10 20 i
886 1035 41 21 den

317 1067 72 28 heliga
402 1068 131 21 nattvarden
546 1068 83 26 infinna
644 1069 45 20 vill.
721 1068 120 29 Uteblifver
854 1069 74 28 någon

317 1102 59 28 öfver
399 1105 29 18 ett
451 1102 32 26 år,
504 1102 36 21 mä
558 1102 162 28 presterskapet
737 1103 10 20 i
759 1103 168 29 församlingen,

316 1136 39 21 der
373 1136 43 20 han
435 1136 45 26 bor,
499 1136 47 21 med
564 1136 88 29 kristlig
676 1136 75 22 kärlek
774 1138 38 20 och
830 1137 98 22 saktmod

317 1170 76 21 honom
404 1178 34 13 om
450 1170 53 21 hans
509 1170 151 29 försummelse
672 1171 24 28 af
704 1172 130 21 nattvarden
845 1173 82 26 erinra,

317 1205 70 21 såsom
400 1205 10 20 i
424 1205 13 27 $
454 1203 30 22 92
498 1206 67 27 säges.

182 1238 59 22 eller:

373 1272 36 21 Pä
423 1272 65 21 hvars
504 1272 39 22 och
557 1279 36 15 ens
607 1279 52 22 egen
669 1274 110 28 pröfning
793 1274 35 20 mä
842 1274 36 21 det
890 1281 37 14 an-

319 1305 89 28 komma,
428 1307 56 21 huru
503 1307 46 30 ofta
564 1307 43 21 han
622 1308 32 28 sig
671 1308 35 21 till
720 1308 128 29 deltagande
863 1309 10 21 i
887 1308 41 22 den

318 1341 72 29 heliga
404 1342 130 21 nattvarden
548 1342 83 27 infinna
646 1343 45 21 vill.

249 1377 25 28 $$
290 1377 26 20 65
333 1377 39 21 och
388 1378 32 19 66.
450 1376 11 22 I
481 1377 40 21 den
539 1377 59 22 förra
615 1377 24 22 af
652 1377 61 22 dessa
727 1378 127 28 paragrafer
867 1379 60 21 näm-

182 1418 39 14 nas
236 1410 33 27 de,
288 1409 23 23 åt
328 1410 71 22 hvilka
416 1411 94 22 tillträde
528 1411 33 22 till
577 1411 40 22 den
631 1412 70 28 heliga
715 1412 127 22 nattvarden
857 1413 19 28 ej
891 1412 37 23 må

182 1445 86 26 lemnas,
287 1445 114 28 nemligen:
424 1446 22 27 a)
465 1446 32 26 de,
516 1453 46 15 som
579 1447 58 21 ännu
657 1446 47 22 icke
725 1447 141 22 undervisade
888 1448 40 21 och
