1000 1686
309 93 71 22 Nådiga
391 94 136 22 Propositionen
539 94 34 17 N:o
586 93 16 17 4.
773 94 32 16 231

147 156 71 23 Skulle
240 156 56 23 dock
317 156 70 22 denna
408 156 135 29 bestämning
561 163 61 16 anses
640 157 82 22 mindre
740 157 88 28 lämplig

77 189 30 30 på
125 191 59 22 detta
202 191 68 26 ställe,
288 189 34 23 får
337 191 39 28 jag
394 191 121 28 ödmjukast
536 190 86 27 föreslå,
644 193 33 20 att
699 191 129 26 densamma,

77 225 72 22 såsom
167 225 131 28 förpligtelse
316 225 35 22 för
367 225 159 28 presterskapet
547 233 34 14 om
603 225 169 28 ändamålsenlig
792 233 36 14 en-

78 259 55 22 skild
147 259 161 27 undervisnings
323 259 140 22 meddelande
481 258 23 23 åt
521 259 62 22 dessa
601 259 108 28 okunniga
727 260 40 21 och
785 259 43 22 för-

77 293 110 21 summade
201 300 108 20 personer,
320 292 67 22 måtte
401 293 115 27 inrymmas
530 293 8 21 i
552 292 42 22 XII
608 293 91 27 kapitlet
713 300 35 14 om
762 293 68 29 själa-

76 328 84 21 värden
174 328 15 20 t.
205 334 31 14 ex.
252 326 79 22 mellan
347 328 25 20 93
388 327 40 22 och
444 328 27 20 94
489 328 24 27 $$
532 326 48 22 med
598 327 125 28 uttryckligt
740 327 88 22 berätti-

76 362 70 28 gande
163 361 34 22 för
214 361 152 29 själasörjaren
384 363 33 20 att
437 362 116 28 uppskjuta
574 361 73 22 vidare
668 362 116 21 admission
806 361 24 22 af

77 396 55 27 dem,
148 396 38 22 hos
202 396 71 22 hvilka
288 395 107 29 synnerlig
410 396 129 28 okunnighet
553 395 68 23 finnes
635 394 60 29 råda,
711 396 55 21 intill
781 396 47 22 dess

76 430 152 28 undervisning
242 430 112 24 meddelad
367 430 75 23 blifvit,

145 464 43 22 XII
201 465 49 27 kap.
277 464 41 22 Om
329 464 140 28 själavärden.
492 464 10 22 I
513 464 94 29 enlighet
617 464 49 22 med
677 465 151 29 gransknings-

77 499 95 23 komitén
193 500 40 21 har
254 499 120 28 Kejserliga
395 495 160 49 propositionen
577 500 40 21 och
639 499 69 22 likaså
725 500 105 22 utskottet

76 534 98 22 uteslutit
189 535 12 20 9
216 534 12 28 $
243 534 25 21 af
281 534 59 23 detta
353 534 100 27 kapitel
449 528 11 39 i
468 535 53 20 1863
537 532 35 24 års
587 534 206 29 kyrkolagsförslag,
804 534 25 22 så

76 568 102 29 lydande:
199 563 84 26 Önskar
301 568 41 21 den
360 568 59 29 sjuke
437 568 54 29 begå
509 567 99 22 Herrans
627 569 72 28 heliga
717 569 111 27 nattvard,

77 603 57 22 skall
149 603 40 22 den
208 603 76 21 honom
302 603 113 26 meddelas,
435 603 38 21 der
487 607 90 25 presten
595 603 77 21 honom
690 604 76 21 dertill
785 603 45 22 kri-

77 639 91 28 steligen
182 638 79 21 beredd
269 638 81 27 finner.
380 637 163 29 Uteslutningen
561 638 40 21 har
620 638 208 29 granskningskomi-

76 672 37 23 tön
130 672 114 23 motiverat
262 672 75 22 endast
355 671 92 28 dermed,
467 674 32 20 att
517 672 93 27 ,enskild
624 675 69 25 prest*
709 675 80 20 ansetts
805 672 25 23 sä

76 708 86 28 mycket
176 707 82 22 mindre
276 707 34 21 ha
325 707 103 30 rättighet
443 708 32 20 att
489 708 66 26 vägra
571 708 128 21 nattvarden
714 707 23 23 åt
750 707 79 29 någon,

77 742 29 22 då
117 742 69 22 denna
196 742 103 28 rättighet
309 742 67 27 enligt
386 741 52 21 XIII
453 742 48 27 kap.
513 742 46 21 icke
570 742 25 20 är
607 741 83 29 engång
700 741 130 30 kyrkorådet

76 776 132 22 tillerkänd.*
230 776 50 22 Men
291 776 88 21 oaktadt
390 776 47 21 icke
447 776 67 21 heller
523 777 54 20 1863
589 775 36 23 års
635 776 195 29 kyrkolagskomité

76 811 111 22 tillerkänt
200 810 130 29 kyrkorådet
347 811 70 21 denna
435 811 108 27 rättighet,
558 811 40 21 har
612 812 43 21 hon
670 812 64 21 likväl
748 810 30 30 på
792 819 38 15 an-

76 845 60 22 fördt
150 845 46 22 skäl
214 845 110 28 föreslagit
342 845 66 27 sagde
425 845 135 28 bestämning
579 846 40 21 och
635 847 86 20 dermed
735 846 95 28 tydligen

77 879 121 30 ådagalagt,
214 882 32 19 att
260 879 127 22 åtminstone
403 879 42 22 kon
462 880 47 22 icke
527 879 79 29 äsyftat
625 882 32 20 att
671 881 108 27 berättiga
792 880 38 23 nä-

77 922 43 21 gon
142 914 111 29 verkligen
270 913 130 31 förhärdad
421 914 34 21 till
473 914 137 22 nattvardens
627 915 63 21 bruk.
719 915 49 24 Hon
789 915 41 22 har

76 949 112 28 nemligen,
204 948 71 22 såsom
288 948 86 26 bekant,
386 950 71 19 ansett
471 949 137 21 nattvardens
623 951 81 26 vägran
718 949 8 21 i
741 949 89 22 allmän-

76 983 38 23 het
135 982 99 29 otillåtlig
255 983 94 28 derföre,
368 984 32 20 att
422 983 35 22 det
480 983 41 22 kan
539 983 95 26 inträffa,
653 985 33 20 att
705 991 26 14 en
752 990 78 21 person

77 1030 9 4 -
100 1031 10 3 -
125 1031 9 3 -
148 1018 69 21 under
236 1017 158 29 skriftermälet
408 1030 9 3 -
432 1030 9 3 -
456 1030 9 3 -
483 1017 52 22 eller
557 1017 40 28 ,på
618 1019 66 20 annat
706 1019 52 20 sätt"
773 1030 9 4 -
797 1031 9 3 -
821 1030 9 4 -

76 1052 80 22 mellan
170 1052 100 22 samtalet
284 1052 48 21 med
347 1054 86 25 presten
449 1052 40 21 och
501 1053 137 20 nattvardens
649 1051 109 29 begående
773 1065 9 3 -
797 1065 9 3 -
821 1065 9 3 -

77 1087 43 22 kan
138 1086 58 22 finna
214 1087 32 27 sig
264 1087 25 20 af
305 1086 60 21 Guds
383 1086 56 21 ande
457 1085 24 23 så
499 1086 86 27 träffad,
601 1088 32 20 att
649 1086 47 28 just
715 1086 59 25 detta
788 1086 42 22 till-

76 1121 52 22 fälle
142 1121 77 21 blifver
233 1120 188 28 utgångspunkten
435 1120 34 22 för
483 1121 53 21 hans
551 1121 106 21 väckelse"
670 1121 40 21 och
721 1122 43 25 ,att
773 1122 57 20 natt-

77 1155 91 22 vardens
185 1154 111 28 begående
314 1155 29 21 då
360 1154 43 22 blir
420 1154 35 22 för
476 1156 79 20 honom
577 1156 30 20 ett
629 1155 115 22 stärkande
766 1154 64 23 näde-

78 1189 79 22 medel"
173 1196 19 15 o.
208 1196 16 14 s.
239 1196 19 14 v.
289 1189 46 21 Och
353 1188 85 22 derföre
459 1189 40 21 har
520 1189 98 22 bemälde
639 1189 80 22 komité
741 1189 65 26 ,blott
823 1189 8 21 i

79 1224 36 22 det
132 1223 37 21 fall
188 1224 70 21 ansett
275 1225 60 26 prest
352 1223 73 21 kunna
442 1224 67 27 vägra
525 1223 138 22 nattvarden"
681 1223 35 22 vid
734 1223 97 28 sjuksän-

79 1266 47 21 gen,
146 1260 42 24 att
205 1256 71 29 någon
292 1258 47 28 just
356 1258 37 21 vid
413 1258 100 28 tillfället
524 1257 43 29 för
586 1258 46 21 dess
651 1258 105 28 begående
771 1259 59 19 visar

77 1292 112 29 uppenbar
205 1292 178 29 obotfärdighet",
398 1292 40 21 och
450 1292 46 28 just
510 1291 24 25 af
547 1292 58 21 detta
620 1292 46 21 skäl
676 1292 66 21 infört
753 1291 79 28 ifräga-

79 1326 99 27 varande,
191 1326 121 21 sedermera
322 1326 114 21 utstrukna
447 1326 47 23 9:de
505 1326 18 27 8.
545 1326 46 21 Här
602 1326 40 21 har
653 1325 82 22 således
744 1326 87 28 gransk-

79 1360 162 28 ningskomitén,
261 1360 40 21 den
322 1359 121 28 Kejserliga
464 1360 160 27 propositionen
647 1360 39 21 och
708 1360 123 27 kyrkolags-

80 1395 105 22 utskottet
202 1394 134 22 öfverträffat
352 1396 53 20 1863
425 1393 35 23 års
477 1394 193 28 kyrkolagskomité
688 1395 8 20 i
713 1394 53 28 högt
780 1394 52 22 drif-

82 1437 40 15 ven
141 1429 139 29 objektivism,
299 1429 77 22 medan
395 1428 40 22 den
454 1428 130 22 sistnämnde
601 1428 8 22 i
627 1428 91 22 anförda
736 1429 95 26 motiver,
