1000 1692
215 93 33 16 248
421 92 71 22 Nådiga
503 93 135 21 Propositionen
651 92 34 17 N:o
697 93 16 15 4.

385 156 98 21 Finlands
500 156 97 21 Ständers
613 155 142 28 underdäniga
773 162 48 15 svar
838 156 10 21 i
869 156 72 22 anled-

329 191 53 28 ning
401 191 24 28 of
437 190 62 22 Hans
515 190 124 29 Kejserliga
652 190 115 29 Majestäts
784 188 88 31 Nädiga
886 190 57 22 Pro-

325 226 98 27 position
442 225 109 28 angående
570 232 28 22 ny
617 224 104 29 kyrkolag
733 226 43 28 för
793 225 41 21 den
853 232 89 22 evange-

329 259 162 22 lisk-lutherska
505 259 84 30 kyrkan
603 260 9 21 i
624 259 200 30 storfurstendömet
837 259 103 23 Finland.

479 317 21 22 S.
515 318 25 21 4.
555 317 26 22 K.
598 317 56 22 0.8.

261 363 41 22 Till
319 363 101 23 Finlands
439 363 85 23 sednast
541 363 129 23 församlade
690 363 91 22 Ständer
799 363 56 23 hade
873 363 67 23 Eders

193 399 119 28 Kejserliga
329 399 100 28 Majestät
447 400 32 21 uti
497 398 29 23 dä
543 398 79 23 afläten
639 398 65 29 nädig
722 399 133 28 proposition
873 399 67 22 öfver-

193 434 80 23 lemnat
291 436 30 19 ett
340 433 24 22 af
379 441 27 14 en
424 433 85 22 särskilt
526 433 85 23 nedsatt
628 433 79 22 komitö
721 434 125 22 utarbetadt
859 434 82 29 förslag

192 469 33 21 till
239 477 28 20 ny
282 469 102 28 kyrkolag
398 468 34 22 för
447 468 26 22 de
487 468 239 29 evangelisk-lutherska
740 469 178 28 församlingarna
932 469 8 22 i

192 503 79 27 landet,
286 503 34 21 för
335 505 32 20 att
381 503 95 22 inhemta
494 502 129 23 Ständernäs
637 503 99 28 yttrande
754 502 59 23 såväl
831 503 109 29 angående

193 538 26 21 de
233 537 109 22 allmänna
356 537 93 29 grunder
463 537 34 22 för
510 544 28 21 ny
552 537 111 29 kyrkolag,
679 538 72 21 hvilka
761 539 7 20 i
779 538 103 28 förslaget
892 537 49 23 blif-

192 572 31 21 vit
244 571 77 29 följda,
344 579 45 15 som
411 572 39 22 ock
471 571 105 22 huruvida
597 571 120 22 Ständerna
738 572 93 22 önskade
853 574 32 20 att
906 572 35 22 vid

192 605 143 30 nästföljande
349 607 102 27 landtdag
467 607 36 21 det
516 613 42 22 nya
575 606 216 29 kyrkolagsförslaget
808 607 7 21 i
835 607 46 22 dess
896 607 45 22 hel-

191 641 38 21 het
243 641 68 22 skulle
326 641 47 22 dem
387 641 126 29 föreläggas,
529 641 52 22 eller
595 648 33 15 om
644 641 25 21 de
687 641 65 22 furne
771 641 35 22 det
821 641 120 22 ändamäls-

193 675 93 29 enligare
301 677 32 20 att
348 676 74 21 endast
436 676 56 22 vissa
507 675 59 23 delar
582 675 65 27 deraf,
662 676 49 21 med
729 675 98 22 afseende
842 675 13 23 å
869 676 71 21 hvilka

192 709 150 30 förändringar
363 711 122 28 isynnerhet
505 718 50 15 vore
577 710 24 23 af
620 710 99 22 behofvet
736 709 120 28 päkallade,
875 710 65 22 fram-

193 745 86 22 ställdes
293 745 33 23 till
342 746 120 28 antagande
476 745 70 23 säsom
565 745 98 23 särskilta
681 745 158 28 författningar.
869 745 71 22 Sedan

193 780 120 23 Ständerna
327 780 54 22 härä
395 781 82 27 afgifvit
491 780 141 29 underdänigt
650 788 54 18 svar,
720 780 56 22 hade
789 780 26 22 E.
829 780 27 22 K.
871 780 69 29 Maj:t,

192 815 66 28 enligt
279 815 101 22 utfärdad
401 815 64 29 nädig
490 816 126 27 kungörelse
638 816 24 21 af
682 815 40 21 den
745 816 27 20 24
794 814 61 28 April
878 816 62 26 1865,

191 849 68 23 bland
280 852 66 20 annat
367 850 116 26 förordnat,
503 852 32 20 att
552 850 98 28 samtliga
673 850 144 27 domkapitlen
835 849 56 29 ägde
907 850 33 22 in-

191 884 86 22 komma
295 884 49 22 med
361 884 59 22 säväl
437 892 54 20 egna
509 892 46 14 som
572 885 168 28 presterskapets
759 884 35 22 vid
811 886 69 25 prest-
899 885 41 21 och

191 918 184 22 kontraktsmöten
384 919 33 21 till
427 920 128 26 protokollet
566 921 111 27 upptagna
687 919 114 28 yttranden
809 918 58 22 öfver
875 919 65 28 sagde

191 953 204 29 kyrkolagsförslag,
415 954 108 22 äfvensom
540 954 67 28 öfrige
628 954 139 22 auktoriteter
789 954 39 22 och
851 954 89 22 enskilte

192 995 101 21 personer
314 988 90 22 lemnats
427 990 64 26 öppet
513 991 32 20 att
565 989 57 21 inom
640 988 97 28 förelagd
754 989 33 21 tid
803 988 81 28 ingifva
902 996 37 14 an-

191 1023 138 28 märkningar
347 1025 56 20 emot
421 1023 123 23 detsamma.
573 1024 32 22 De
623 1024 100 21 inkomna
741 1022 139 24 utlätandena
898 1024 40 22 och

192 1058 193 28 anmärkningarna
403 1058 64 22 hafva
485 1059 65 21 sedan
564 1059 55 21 varit
637 1058 156 22 öfverlemnade
810 1058 33 22 till
862 1066 26 14 en
902 1058 37 22 ko-

191 1092 56 26 mitö,
264 1095 139 19 sammansatt
421 1092 44 22 dels
485 1093 24 22 af
520 1093 137 22 medlemmar
672 1092 48 22 frän
735 1094 41 20 den
790 1093 59 21 förra
862 1093 77 28 kyrko-

190 1126 141 28 lagskomitön
350 1127 43 22 dels
411 1127 25 22 af
451 1128 66 21 andre
535 1128 130 27 sakkunnige
679 1134 109 21 personer,
802 1127 86 22 hvilken
902 1127 37 22 ko-

191 1161 56 27 mit6,
260 1161 84 28 jemlikt
359 1160 90 22 erhållet
462 1162 108 28 uppdrag,
586 1162 101 22 aflemnat
703 1162 82 27 förslag
801 1162 34 21 till
853 1162 85 22 ändrin-

191 1202 40 21 gar
251 1196 8 20 i
281 1196 220 28 kyrkolagsförslaget,
529 1195 51 23 derä
608 1196 24 21 E.
658 1196 26 21 K.
709 1196 46 26 M:t,
785 1196 53 22 efter
867 1196 73 28 slutlig

190 1229 100 27 pröfning
305 1230 24 20 af
342 1230 93 25 ärendet,
451 1229 48 21 lätit
512 1231 98 26 uppgöra
625 1230 35 20 det
675 1230 99 26 ,Förslag
787 1230 34 20 till
835 1230 104 27 kyrkolag

191 1262 34 22 för
239 1262 41 22 den
295 1263 239 27 evangelisk-lutherska
551 1263 82 28 kyrkan
650 1263 8 20 i
676 1263 200 22 storfurstendömet
890 1264 49 21 Fin-

190 1297 68 26 land,"
273 1297 80 22 hvilket
367 1297 67 22 finnes
450 1297 40 22 den
504 1305 29 14 nu
548 1296 80 23 aflätna
641 1296 79 29 nådiga
733 1297 160 28 propositionen
907 1297 31 23 bi-

189 1331 70 28 lagdt;
285 1331 40 22 och
348 1331 65 28 jemte
439 1331 36 22 det
492 1332 24 21 E.
535 1332 26 21 K.
580 1331 39 22 M:t
636 1332 33 21 till
687 1332 84 21 landets
797 1339 29 14 nu
849 1331 90 23 försam-

189 1366 49 22 lade
253 1365 102 23 Ständers
369 1367 107 27 lagenliga
494 1366 129 29 behandling
642 1366 137 23 öfverlemnat
797 1366 143 29 nyssnämnda

191 1401 80 28 förslag
293 1401 32 21 till
348 1401 112 28 kyrkolag,
477 1401 40 21 har
535 1401 24 22 E.
575 1401 26 22 K.
617 1401 44 26 M:t,
677 1401 34 22 för
730 1401 41 22 den
788 1401 102 22 händelse
907 1403 33 20 att

190 1435 103 28 förslaget
306 1435 47 22 icke
368 1435 67 22 skulle
449 1436 8 21 i
473 1435 46 22 dess
534 1436 72 22 helhet
619 1435 66 22 blifva
701 1436 24 21 af
741 1435 120 23 Ständerna
875 1443 63 21 gran-
