1700 1834
650 195 71 23 Nådiga
732 197 136 22 Propositionen
880 198 33 16 N:o
926 197 15 15 4.
1113 198 31 16 181

487 260 11 26 $
514 260 47 19 271.
591 259 64 21 Emot
673 258 41 22 den
731 259 75 21 hittills
825 259 98 27 gällande
941 260 41 20 och
999 260 8 20 i
1026 260 69 21 denna
1102 254 14 37 &
1137 260 31 21 bi-

417 292 101 22 behållna
536 293 100 27 ordning,
655 294 32 19 att
703 293 149 27 kyrkoherden
870 301 72 13 ensam
960 296 114 24 upprättar
1088 294 81 28 förslag

417 327 33 20 till
464 326 172 28 klockaretjenst,
650 327 43 20 kan
708 327 48 21 med
771 326 46 22 skäl
832 328 113 20 anmärkas
957 329 31 19 att
999 328 40 21 den
1051 330 24 19 är
1087 328 80 27 olämp-

416 360 40 28 lig,
479 360 71 22 såsom
571 360 113 22 lemnande
705 361 84 21 tillfälle
811 361 33 21 till
865 362 91 27 ensidigt
981 362 124 21 förfarande
1127 362 41 21 och

416 394 114 27 missbruk,
549 396 56 19 samt
623 395 101 28 derjemte
743 395 83 28 obillig,
843 396 87 21 emedan
948 396 47 21 icke
1013 396 154 28 kyrkoherden,

416 431 53 20 utan
484 429 158 28 församlingen,
658 429 81 23 aflönar
753 429 121 22 klockaren.
897 430 46 21 Den
959 430 130 29 delaktighet
1103 431 8 20 i
1126 431 42 21 för-

417 465 79 27 slagets
518 464 151 28 upprättande,
689 471 45 14 som
751 464 67 21 borde
836 463 22 22 åt
875 464 152 29 församlingen
1045 466 122 27 inrymmas,

416 498 43 22 kan
475 499 54 21 dock
544 499 46 21 icke
605 499 24 21 af
643 499 68 21 denna
725 499 106 21 kollektift
845 499 89 26 utöfvas,
946 506 48 14 men
1009 500 34 21 väl
1058 499 110 22 öfverlem-

416 540 39 17 nas
470 533 33 22 till
516 532 136 29 kyrkorådet,
668 533 69 22 såsom
752 534 93 21 varande
863 541 26 14 en
908 533 120 28 delegation
1043 534 24 21 af
1079 534 89 21 försam-

416 569 78 27 lingen.
524 569 10 20 I
554 569 58 20 detta
630 568 55 27 syfte
703 568 39 21 har
759 569 105 20 utskottet
882 570 71 19 ansett
971 568 32 28 sig
1021 568 54 22 böra
1089 568 80 22 föreslå

416 603 96 28 följande
527 603 175 27 omformulering
717 603 24 20 af
754 603 43 27 $:n:

611 637 74 22 Bland
696 637 99 26 sökande,
807 645 43 14 som
863 637 100 29 behörige
972 639 46 25 äro,
1031 639 53 28 äger
1093 637 77 30 kyrko-

554 672 64 21 herde
635 672 38 21 och
688 671 115 30 kyrkoråd,
821 673 86 20 såsnart
919 672 191 29 ansökningstiden
1126 672 44 21 till-

554 707 113 28 ändagått,
688 710 31 17 tre
738 707 25 20 de
781 706 144 29 skickligaste,
946 708 57 26 eller,
1019 714 34 13 om
1068 707 101 28 skicklig-

554 742 62 21 heten
631 741 37 21 hos
678 742 54 27 flere
748 742 26 19 är
790 741 51 26 lika,
857 742 24 21 de
896 745 53 17 mest
957 742 108 29 förtjente
1075 743 34 27 på
1117 742 52 29 för-

554 777 48 28 slag
617 776 94 29 uppföra
726 775 39 22 och
779 775 41 28 det,
833 777 64 28 jemte
911 777 88 28 uppgift
1009 777 32 28 på
1057 777 24 20 de
1097 777 72 28 öfrige

555 811 139 26 sökanderne,
707 811 58 28 från
779 811 150 27 predikstolen
940 811 33 28 på
989 813 47 19 sön-
1050 812 51 20 eller
1117 811 53 28 hög-

556 846 87 27 tidsdag
663 844 104 29 kungöra.
797 844 82 22 Finnas
897 845 76 21 endast
988 846 36 21 två
1039 846 52 21 eller
1105 853 26 13 en
1146 845 26 29 af

555 880 25 21 de
597 879 92 22 sökande
702 879 129 28 kompetente
846 887 54 14 vara
915 883 33 17 att
962 880 10 20 i
987 879 76 22 åtanke
1079 879 89 27 komma,

555 915 52 21 eller
623 914 65 28 hafva
703 915 19 27 ej
731 915 54 27 flere
801 913 129 29 kompetente
945 915 34 27 sig
994 915 88 25 anmält,
1094 914 29 21 då
1133 914 37 21 må

555 949 57 21 desse
628 950 52 20 eller
695 949 40 21 den
750 955 35 15 ene
798 949 104 28 föreslås.
932 948 52 28 (Det
1001 948 94 29 följande
1113 949 56 21 oför-

555 984 108 27 ändradt.)

486 1020 12 28 &
514 1020 47 20 272.
584 1019 11 21 I
610 1018 218 22 öfverensstämmelse
842 1019 48 21 med
905 1019 41 21 den
961 1018 128 22 förändrade
1103 1018 66 28 lydel-

418 1061 38 14 sen
472 1054 24 21 af
508 1055 11 27 &
536 1055 47 24 271,
599 1060 61 21 synes
676 1053 61 21 äfven
751 1054 8 20 i
774 1053 69 21 denna
861 1054 11 27 $
891 1053 94 27 följande
1003 1052 167 22 redaktionsför-

418 1089 92 27 ändring
527 1088 66 22 blifva
612 1088 24 21 af
651 1088 79 21 nöden:
745 1088 95 28 pröfvar
859 1088 132 28 kyrkoherde
1007 1088 38 21 och
1061 1087 109 29 kyrkoråd

418 1124 66 27 ingen
502 1123 26 28 af
544 1122 131 21 sökanderne
695 1123 105 27 lagenligt
819 1122 72 21 kunna
909 1123 36 20 till
963 1122 90 28 tjensten
1065 1122 104 29 föreslås,

418 1158 58 28 gifve
495 1157 35 21 det
549 1157 137 21 sammaledes
709 1156 108 21 tillkänna
839 1156 37 21 och
897 1156 93 21 meddele
1013 1156 158 21 besvärsanvis-

418 1193 61 26 ning,
496 1192 69 20 såsom
579 1191 10 20 i
603 1191 12 28 $
631 1189 43 22 271
689 1192 67 27 säges.
783 1191 80 21 Vinner
879 1191 87 21 beslutet
982 1191 49 28 laga
1047 1191 60 29 kraft
1119 1191 52 21 eller

419 1226 138 27 vederbörlig
571 1225 135 28 stadfästelse
722 1232 18 13 o.
756 1233 16 12 s.
787 1233 19 13 v.
836 1225 79 28 (Slutet
930 1225 155 28 oförändradt.)

488 1261 12 26 8
516 1261 48 19 279.
593 1259 43 21 Det
650 1259 40 21 här
708 1259 125 27 begagnade
851 1259 167 28 uttryckssättet,
1037 1261 32 19 att
1087 1259 84 28 ,hvarje

420 1293 92 28 afgifven
534 1295 46 20 röst
601 1293 55 21 skall
674 1293 43 22 lika
735 1293 82 21 räknad
835 1295 68 24 vara",
923 1293 42 22 kan
983 1293 56 28 gifva
1057 1294 114 27 anledning

419 1328 34 22 till
467 1327 36 22 två
518 1329 57 20 olika
584 1326 133 29 tolkningar,
732 1328 105 27 nemligen
855 1328 101 27 antingen
975 1329 31 20 att
1021 1328 94 21 likheten
1130 1327 42 28 syf-

420 1365 35 20 tar
469 1363 90 21 tillbaka
573 1361 29 29 på
617 1362 36 21 det
667 1361 134 29 föregående,
813 1363 38 21 der
866 1362 35 21 det
915 1362 61 21 heter
991 1363 32 20 att
1037 1362 35 22 vid
1086 1362 86 21 klocka-

420 1397 59 21 reval
496 1396 102 21 förhålles
617 1395 70 22 såsom
704 1396 35 21 vid
761 1397 99 25 prestval,
883 1396 51 21 eller
956 1399 32 17 att
1010 1397 86 20 dermed
1118 1397 54 20 skall

420 1429 78 23 förstås
518 1430 26 21 de
562 1429 82 28 afgifna
662 1431 107 20 rösternas
791 1429 44 22 lika
853 1429 70 22 värde.
953 1429 47 22 Den
1017 1429 94 27 följande
1130 1431 42 20 sat-

422 1472 48 15 sens
485 1464 113 21 inledande
612 1463 49 22 med
676 1463 141 22 adversativet
832 1465 75 25 ,men",
922 1463 43 21 kan
979 1463 62 22 äfven
1057 1463 56 28 gifva
1124 1463 49 22 stöd

422 1499 22 23 åt
465 1499 106 22 hvardera
589 1498 130 29 tolkningen,
738 1498 140 22 allteftersom
898 1498 162 29 bestämningen
1078 1499 7 20 i
1104 1499 70 22 denna

422 1537 44 20 sats
481 1541 61 16 anses
557 1533 99 29 uttrycka
671 1535 30 20 ett
719 1532 223 23 motsatsförhållande
956 1533 32 21 till
1003 1533 36 22 det
1053 1534 48 20 näst
1115 1533 58 22 förut
