1006 1678
208 105 33 16 432
415 104 71 23 Nådiga
498 105 137 21 Propositionen
647 105 34 17 N:o
694 105 16 16 9.

185 167 57 28 ning,
258 175 46 14 som
318 167 34 22 för
366 166 123 23 ändamålet
503 167 90 26 fordras,
608 167 61 22 torde
683 167 65 21 häraf
760 167 77 28 tydligt
855 167 84 28 framgå

189 202 40 21 och
244 202 18 27 ej
278 201 87 28 påkalla
379 201 101 22 särskildt
494 201 124 28 stadgande.

254 235 108 28 Derjemte
381 242 61 21 synes
461 235 36 21 det
515 235 104 22 utskottet
636 242 53 14 vara
707 235 84 21 rättvist
810 235 40 22 och
869 235 70 28 billigt

188 272 32 19 att
235 270 47 26 den,
298 277 46 14 som
358 270 40 21 har
413 269 66 22 behof
492 271 33 20 att
539 276 76 21 genom
630 271 40 26 väg
685 269 49 22 leda
749 269 138 28 afloppsdike,
899 270 40 21 bör

187 304 71 29 bygga
272 305 42 21 och
328 304 127 21 underhålla
469 304 40 22 bro
525 303 106 27 deröfver;
647 304 39 21 och
703 304 36 21 det
753 304 125 28 stadgande,
894 311 46 14 som

186 339 8 21 i
212 339 52 21 sista
282 346 63 14 mom.
365 338 21 22 af
406 340 11 26 8
438 340 10 19 1
468 339 7 20 i
494 339 59 21 detta
571 338 54 28 syfte
643 338 148 26 förekommer,
805 339 8 20 i
828 337 62 29 fråga
905 345 35 14 om

187 373 54 26 dike,
261 373 43 22 ledt
323 380 76 21 genom
417 380 82 15 annans
518 372 95 23 enskilda
632 374 46 26 väg,
695 380 63 14 anser
772 373 105 22 utskottet
892 373 47 21 der-

187 408 47 21 före
248 408 55 21 böra
317 407 33 22 till
364 409 40 26 väg
418 407 8 21 i
442 407 115 22 allmänhet
571 407 129 22 utsträckas.

256 442 43 21 För
322 443 32 20 att
375 442 75 27 afböja
473 442 40 21 den
532 441 119 28 olägenhet,
670 449 46 14 som
734 441 33 22 för
786 441 154 28 öfverbyggare

187 477 43 21 kan
244 475 80 29 uppstå
336 476 62 21 deraf
407 478 32 19 att
450 483 80 20 granne
541 475 107 28 fördröjer
659 475 180 22 iståndsättandet
851 477 24 20 af
885 476 54 26 dike,

187 511 34 21 till
238 511 64 21 hvars
320 509 112 23 underhåll
449 511 44 20 han
511 511 24 20 är
554 509 127 27 förbunden,
701 511 68 21 ehuru
784 511 43 20 han
842 512 38 20 om
891 510 49 21 full-

188 545 95 28 görande
302 545 24 21 af
342 545 70 21 denna
431 545 32 20 sin
478 544 119 28 skyldighet
611 543 69 22 blifvit
695 545 92 28 tillsagd,
803 545 40 21 har
857 539 83 27 utskot-

187 581 32 20 tet
237 581 70 20 ansett
324 580 8 21 i
352 580 11 27 8
384 581 12 20 6
412 579 53 22 böra
479 579 110 28 uttryckas
604 581 33 19 att
651 579 152 28 öfverbyggare
819 587 49 20 eger
883 579 58 22 oför-

188 614 84 22 töfvadt
286 614 114 21 verkställa
416 614 35 21 det
466 613 110 22 eftersatta
591 613 88 26 arbetet,
696 613 65 22 sedan
773 614 41 21 den
828 614 7 21 i
850 614 66 27 sagde
928 615 11 28 8

187 649 123 27 föreslagna
328 655 44 21 syn,
391 648 34 21 till
442 648 118 22 utredande
579 648 24 21 af
620 647 67 22 dikets
705 647 97 23 tillständ
821 649 40 22 och
876 649 64 21 brist-

188 682 128 28 fälligheter,
332 684 36 26 egt
381 690 54 13 rum.

256 717 43 21 Vid
316 716 128 28 stadgandet
457 718 8 20 i
480 717 12 27 $
508 718 19 24 7,
543 716 110 28 angående
671 717 162 28 öfvervattning,
849 718 41 20 har
905 717 36 23 det

188 751 102 22 förefallit
307 752 104 21 utskottet
429 753 33 19 att
479 751 75 21 hinder
573 751 39 22 och
631 750 131 29 svärigheter
780 752 8 20 i
802 751 138 22 lokalförhäl-

188 786 102 21 landerne
308 786 72 21 kunna
394 786 59 20 möta
466 787 92 20 vattnets
574 784 137 23 äterledande
725 786 34 21 till
771 786 47 22 dess
833 786 108 28 naturliga

188 820 121 26 strömfära,
328 820 70 22 såsom
416 821 7 21 i
442 820 66 28 sagde
526 821 11 28 &
557 820 144 27 föreskrifves;
717 821 116 28 Kvarjemte
849 821 92 21 bestäm-

188 856 80 21 melsen
292 855 82 26 derom,
397 857 32 20 att
448 857 81 20 vattnet
547 855 66 22 borde
631 856 58 21 inom
708 855 125 28 September
851 855 90 23 månads

188 890 81 29 utgäng
287 897 52 15 vara
357 889 48 23 frän
424 890 147 22 öfvervattnad
585 891 62 21 mark
666 890 71 27 afledt,
753 893 59 26 synts
827 891 114 22 utskottets

187 925 111 28 pluralitet
316 925 108 28 olämplig.
458 925 81 28 Nyttan
557 925 24 21 af
596 927 92 20 vattnets
707 924 153 29 gvarhällande
878 925 13 22 &
910 926 31 21 öf

188 960 135 21 vervattnadt
345 959 39 22 fält
402 960 97 27 betingas
518 959 129 22 framförallt
669 960 25 21 af
715 960 25 21 de
759 960 57 22 olika
834 959 107 28 ändamål,

190 1001 44 15 som
254 994 68 22 under
338 994 160 28 jordkulturens
514 995 73 27 jemna
605 994 102 28 framsteg
722 995 73 21 kunna
809 995 48 21 med
873 995 68 22 öfver-

188 1028 124 31 vattningen
327 1027 89 29 äsyftas;
433 1028 39 21 och
488 1027 27 22 dä
529 1028 92 21 nämnde
637 1028 185 28 tidsbegränsning
833 1029 34 21 för
878 1037 63 20 gran-

189 1063 74 27 nelags
278 1063 101 21 intresset
393 1062 18 28 ej
428 1070 61 19 synes
503 1070 53 14 vara
571 1062 24 22 af
607 1062 76 27 nöden,
696 1064 51 20 enär
759 1070 80 20 granne
849 1064 7 20 i
867 1064 74 27 hvarje

189 1097 38 21 fall
246 1098 25 20 är
287 1097 121 27 berättigad
426 1096 33 21 till
479 1097 117 27 ersättning
615 1096 33 22 för
667 1098 41 20 den
723 1098 73 26 skada,
811 1098 80 22 honom
906 1105 35 21 ge-

188 1138 51 14 nom
253 1133 92 19 vattnets
360 1131 146 28 uppdämning
521 1131 42 21 kan
577 1131 126 28 tillskyndas
719 1132 39 21 och
769 1132 85 22 hvilken
865 1140 77 20 genom

190 1166 40 21 den
248 1165 122 28 föreslagna
387 1165 204 28 tidsbestämningen
610 1166 18 27 ej
647 1166 67 22 heller
732 1167 62 21 torde
812 1167 73 21 kunna
902 1175 40 13 un-

190 1200 38 21 der
245 1200 43 21 alla
306 1198 148 23 förhällanden
472 1200 49 21 med
539 1200 100 21 säkerhet
657 1200 148 27 förekommas,
825 1200 69 23 häller
908 1204 33 19 ut-

189 1234 79 20 skottet
286 1234 46 20 före
348 1235 31 19 att
393 1233 128 27 stadgandet
536 1240 35 14 om
585 1235 93 19 vattnets
693 1234 138 22 äterledande
845 1235 33 21 till
893 1236 48 21 dess

188 1267 109 27 naturliga
311 1266 114 22 strömfära
440 1268 40 20 och
496 1274 34 14 om
541 1267 65 25 tiden,
623 1268 110 20 hvarinom
745 1268 76 22 sädant
832 1270 55 20 skall
897 1270 44 26 ske,

188 1302 41 21 bör
244 1300 48 23 från
308 1301 69 22 denna
391 1302 11 27 &
418 1301 110 22 uteslutas.

256 1337 74 27 Enligt
348 1337 12 27 $
381 1337 25 20 12
422 1336 54 21 skall
491 1335 122 29 kungsådra
628 1336 8 21 i
649 1337 84 21 mindre
747 1337 133 28 vattendrag,
895 1345 47 15 som

188 1371 65 21 likväl
274 1370 33 22 till
328 1370 43 22 far-
393 1370 51 22 eller
462 1370 82 22 flottled
561 1371 118 27 begagnas,
699 1372 79 22 räknas
797 1372 34 22 för
849 1372 92 28 segelled

189 1405 33 22 till
241 1406 41 21 tolf
299 1405 61 22 alnar
378 1407 55 20 samt
451 1405 34 21 för
503 1404 47 23 bät-
569 1406 40 21 och
627 1406 83 22 flottled
727 1407 33 21 till
779 1406 46 23 åtta
843 1407 71 27 alnar,
934 1409 7 21 i

190 1440 98 28 djupaste
300 1442 87 24 vattnet,
401 1440 83 21 ändock
495 1441 32 21 att
538 1440 130 28 tredjedelen
677 1441 24 21 af
706 1442 159 28 vattendragets
873 1442 68 22 bredd
