1011 1692
307 105 71 25 Nådiga
390 108 137 21 Propositionen
538 108 35 17 N:o
586 109 27 15 11.
779 108 33 16 505

83 169 126 29 gelsestraff,
225 170 52 22 eller
291 170 49 22 med
353 170 63 22 böter
431 178 45 15 som
487 171 34 22 för
531 171 60 22 brott
601 171 69 22 blifvit
684 170 98 27 ådömde,
794 171 40 21 och

81 204 44 22 kan
143 204 41 22 den
202 204 104 22 sakfällde
324 205 33 21 till
375 205 53 22 fullo
451 206 86 28 erlägga
558 205 95 27 böterne,
672 206 56 28 gälle
748 205 40 22 ock
807 204 28 22 då

81 238 57 23 hvad
156 239 66 28 sagde
240 239 127 29 författning
381 239 34 22 för
430 239 80 23 sådana
527 240 113 22 händelser
655 240 95 28 stadgar.
780 240 52 21 För-

82 272 47 23 mår
149 273 40 22 den
212 274 104 22 sakfällde
337 274 47 22 icke
402 274 87 29 erlägga
509 274 62 23 vites-
594 274 51 22 eller
663 273 171 27 ensaksböterne,

81 308 62 21 skola
160 308 60 22 desse
237 308 34 21 till
288 308 96 29 fängelse
401 309 128 22 förvandlas.
563 304 32 27 Är
612 310 43 20 han
674 309 103 28 derjemte
790 309 44 21 för-

81 343 66 22 fallen
161 343 33 22 till
209 343 120 28 ovilkorligt
346 343 163 28 fängelsestraff,
528 344 66 21 varde
609 344 36 21 det
659 343 65 22 straff
735 343 49 22 med
799 343 37 22 det

81 377 70 28 öfriga
168 376 180 30 fängelsestraffet
366 378 100 22 förenadt
484 378 53 22 efter
557 378 41 22 den
613 378 69 28 grund
696 385 46 15 som
756 378 8 21 i
779 379 27 20 46
822 378 12 28 $

81 413 96 21 nämnes.

151 448 27 20 54
194 447 17 28 8.
241 442 31 26 Är
294 446 70 29 någon
382 447 34 22 för
438 447 105 22 särskilda
563 447 60 22 brott
643 447 54 22 fälld
715 447 33 22 till
765 447 69 26 böter,

83 481 72 22 hvilka
169 481 35 22 vid
218 481 110 22 bristande
342 481 90 29 tillgång
446 482 67 21 borde
527 482 49 21 med
591 482 74 21 arbete
679 481 98 28 aftjenas,
793 482 41 21 och

81 516 34 21 till
133 516 68 26 böter,
219 516 71 21 hvilka
308 516 53 22 böra
378 517 34 20 till
430 516 95 28 fängelse
543 516 120 26 förändras,
679 516 40 22 och
734 516 42 21 kan
790 516 44 21 han

83 550 18 29 ej
122 550 89 22 böterne
224 551 34 21 till
272 550 53 22 fullo
343 551 93 28 erlägga,
456 550 28 22 då
501 551 54 22 skall
569 551 44 21 han
630 551 40 21 ock
684 551 34 21 för
732 551 50 22 hela
795 550 39 22 bö-

82 585 133 28 tesbeloppet
229 586 7 21 i
251 585 94 29 fängelse
359 585 76 22 hållas.

150 615 31 27 Är
196 620 136 29 förbrytaren
346 621 68 21 tillika
429 620 53 22 fälld
494 620 32 22 till
538 620 121 28 ovilkorligt
669 619 101 29 fängelse,
783 617 51 24 eller

82 655 34 22 till
131 655 87 22 tukthus
229 654 29 29 på
272 655 97 22 bestämd
383 655 37 26 tid,
436 655 66 22 varde
515 655 44 22 han
574 654 27 22 då
615 655 8 20 i
638 662 40 14 ena
692 655 38 21 bot
744 655 90 22 straffad

82 690 49 22 med
145 690 96 28 fängelse
259 690 51 21 eller
328 690 48 22 med
396 690 94 27 tukthus,
505 690 53 21 efter
573 697 45 14 som
633 691 25 19 51
675 690 11 27 &
702 689 7 22 i
724 689 59 22 detta
796 690 38 21 ka-

83 725 53 28 pitel
150 725 142 21 föreskrifver.

153 760 26 20 55
195 760 17 27 8.
243 759 165 22 Sammanträffa
422 759 67 26 böter,
505 767 46 14 som
565 759 34 21 för
610 759 59 22 brott
680 758 92 22 ädömda
784 758 48 22 blif-

83 794 30 21 vit
132 794 40 21 och
190 794 71 21 hvilka
279 793 32 22 till
330 794 72 21 arbete
420 794 67 21 borde
504 793 121 26 förändras,
639 793 49 22 med
702 793 68 26 böter,
786 800 46 14 som

83 828 34 22 till
131 827 95 29 fängelse
240 828 36 22 vid
290 830 72 20 vatten
377 828 40 22 och
432 828 54 22 bröd
501 827 59 23 skola
575 827 92 28 öfvergä,
682 827 41 22 och
737 827 43 21 kan
793 827 41 22 den

83 862 113 28 brottslige
215 863 17 27 ej
252 863 88 21 böterne
354 862 34 22 till
405 862 53 22 fullo
478 862 68 28 gälda,
567 861 28 23 dä
609 862 60 22 skola
688 862 146 22 förstnämnde

84 898 62 22 böter
160 897 34 22 till
208 897 96 29 fängelse
318 897 120 26 förändras,
454 898 40 21 och
505 897 36 22 det
552 896 160 29 fängelsestraff
720 895 114 30 undergäs,

84 932 67 22 sedan
168 932 136 28 förbrytaren
322 932 54 22 först
394 932 33 22 för
446 932 36 21 det
499 932 69 28 öfriga
585 931 184 29 bötesbeloppet
757 927 14 38 i
786 931 48 22 fän-

85 967 58 29 gelse
157 968 35 21 vid
206 969 72 20 vatten
294 967 40 22 och
348 967 55 21 bröd
417 966 78 22 hällits.

153 998 31 25 Är
202 1002 135 28 förbrytaren
359 1002 102 28 derjemte
480 1001 98 22 förfallen
598 1001 34 21 till
649 1000 120 28 ovilkorligt
787 1000 47 21 fän-

85 1036 58 29 gelse
161 1036 35 22 vid
214 1038 72 20 vatten
304 1036 40 22 och
361 1036 61 25 bröd,
442 1036 51 21 eller
509 1036 34 21 till
560 1035 101 28 fängelse,
678 1035 50 21 eller
746 1035 88 21 tukthus

85 1070 30 29 pä
129 1070 97 22 bestämd
241 1070 37 26 tid,
295 1070 27 22 dä
337 1070 60 22 skola
412 1070 26 22 de
453 1070 99 28 grunder,
567 1077 46 14 som
627 1070 8 20 i
650 1070 69 20 denna
734 1070 11 27 $
758 1070 56 20 samt
827 1069 8 21 i

85 1107 35 25 48,
136 1106 27 20 49
178 1106 40 20 och
234 1106 26 20 52
276 1106 24 27 88
316 1105 23 21 af
352 1105 58 21 detta
424 1104 80 28 kapitel
519 1106 37 20 äro
571 1104 109 28 stadgade,
695 1104 115 27 tillämpas.

155 1140 26 20 56
196 1140 18 27 &.
244 1139 62 21 Huru
320 1138 162 29 fängelsestraff,
495 1138 95 28 fängelse
601 1138 35 22 vid
647 1140 71 20 vatten
730 1138 40 22 och
780 1138 55 22 bröd

86 1176 56 20 samt
155 1173 153 22 tukthusstraif
320 1174 60 21 skola
394 1173 125 22 verkställas
533 1174 26 20 är
573 1172 133 22 föreskrifvet
720 1173 8 21 i
743 1172 92 22 särskild

85 1209 126 27 förordning
225 1216 35 14 om
274 1208 158 28 verkställighet
447 1208 24 22 af
483 1207 142 23 frihetsstraff.

397 1296 37 17 10
447 1296 78 22 Kap.

87 1337 31 21 Om
132 1336 111 28 förbrytares
258 1336 90 21 häktande
363 1336 33 20 och
410 1335 47 21 hvad
471 1335 29 21 vid
517 1334 58 21 denna
595 1334 113 28 förordnings
723 1334 113 28 tillämpning

274 1370 7 20 i
296 1370 47 21 vissa
357 1368 111 22 hänseenden
483 1368 93 27 iakttagas
591 1368 53 21 skall.

157 1417 26 21 57
198 1417 18 27 8.
245 1414 119 23 Innehållet
378 1415 24 22 af
415 1416 12 19 2
442 1415 12 27 8
471 1416 9 19 1
496 1413 90 29 kapitlet
601 1413 145 22 Straffbalken
761 1413 8 21 i
782 1414 54 20 1734

89 1451 35 23 års
137 1450 37 29 lag
188 1450 64 23 varde
267 1449 90 23 sålunda
370 1449 136 22 förändradt:
