1034 1700
465 330 22 30 L

283 404 69 22 Hans
370 405 156 29 Kejserliga
543 405 141 29 Majestäts
703 404 83 30 Nädiga
800 405 50 22 Pro-

234 438 93 28 position
344 438 35 23 till
397 439 103 23 Finlands
518 439 104 28 Ständer,
640 439 113 29 angäende
772 439 77 23 Landt-

233 472 150 30 dagsordning
404 474 41 22 och
462 474 38 29 lag
517 474 37 22 för
575 473 94 23 ähörare
690 474 37 22 vid
745 473 107 23 Ständens

236 507 175 23 sammanträden
425 508 72 22 under
511 508 118 29 pästäende
644 508 113 29 landtdag.

164 565 96 22 Emedan
273 565 26 22 de
309 564 35 23 för
355 566 90 21 Finland
460 566 104 28 gällande,
576 566 8 21 i
598 566 60 22 äldre
671 566 56 22 tider
742 566 109 22 tillkomne

96 600 133 28 stadganden
248 601 40 21 och
310 600 132 22 föreskrifter
460 601 92 22 rörande
571 601 131 22 Ständernas
720 603 72 20 möten
810 602 40 21 och

98 635 191 22 sammankomster
304 635 7 21 i
326 635 105 22 särskilda
446 636 59 21 delar
520 636 66 21 sakna
602 636 64 28 nödig
681 636 168 28 fullständighet,

96 669 105 29 tydlighet
216 670 39 21 och
269 669 141 27 bestämdhet,
422 673 55 18 samt
489 670 79 28 jemväl
582 671 7 20 i
604 670 51 21 flere
670 671 179 28 omständigheter

96 704 48 21 icke
166 705 38 21 äro
227 704 102 28 lämpliga
347 704 33 22 för
401 705 123 21 nuvarande
546 703 155 28 förhällanden,
723 705 41 21 har
780 705 71 22 Hans

96 738 152 29 Kejserliga
261 739 126 28 Majestät
401 738 48 22 lätit
463 739 99 22 utarbeta
576 739 81 28 förslag
670 739 33 22 till
717 739 133 29 Landtdags-

96 773 91 28 ordning
206 773 34 22 för
260 773 203 22 Storfurstendömet
477 773 91 22 Finland
583 775 56 20 samt
653 773 33 22 till
699 774 37 28 lag
750 773 34 22 för
798 773 51 22 ähö-

97 815 50 14 rare
164 807 36 22 vid
219 807 100 22 ständens
337 809 172 20 sammanträden
526 808 68 22 under
612 807 116 28 påstående
746 808 103 28 landtdag

98 843 40 21 och
152 842 8 21 i
174 841 72 23 Näder
260 843 57 21 velat
331 843 64 27 sagde
410 843 81 28 förslag
505 843 33 22 till
552 843 131 22 Ständernas
698 843 99 28 pröfning
809 843 40 22 och

97 877 121 28 antagande
232 877 88 22 härmed
335 877 138 22 öfverlemna:

117 946 101 35 Förslag
234 947 39 27 till
289 948 239 34 Landtdagsordning
545 949 39 26 för
601 948 228 28 Storfurstendömet

421 992 108 27 Finland.

449 1052 12 27 8
478 1053 18 19 1.

165 1089 204 24 Storfurstendömet
382 1091 101 22 Finlands
499 1091 96 27 Ständer,
615 1092 77 26 hvilka,
707 1091 94 23 samlade
816 1093 33 21 till

96 1124 110 29 landtdag,
226 1127 148 25 representera
387 1125 69 23 finska
471 1126 70 27 folket,
557 1127 88 27 utgöras
659 1127 25 21 af
695 1126 155 29 Ridderskapet

96 1159 41 21 och
155 1159 75 26 Adeln,
250 1159 165 27 Presteständet,
430 1160 181 28 Borgareständet
629 1162 40 20 och
683 1160 164 23 Bondeständet.

449 1219 12 27 s
477 1220 19 19 2.

164 1256 101 22 Finlands
281 1257 92 21 Ständer
387 1264 40 21 ega
442 1260 37 24 att,
494 1258 29 28 pä
534 1259 104 27 Kejsaren
653 1259 40 21 och
706 1259 143 22 Storfurstens

96 1290 93 26 kallelse,
202 1289 126 23 åtminstone
339 1292 62 21 hvart
412 1292 64 22 femte
487 1291 24 23 år
523 1293 181 21 sammankomma
716 1294 33 20 till
760 1293 88 28 lagtima

96 1324 104 27 landtdag
214 1325 40 20 och
268 1325 73 21 kunna
352 1326 79 26 jemväl
445 1327 33 19 till
493 1327 79 20 urtima
586 1327 103 27 landtdag
707 1327 140 21 sammankal-

96 1357 39 26 las,
152 1356 28 22 dä
194 1358 104 27 Kejsaren
313 1358 24 22 sä
351 1359 74 27 nödigt
439 1359 73 21 finner.
543 1360 41 21 Vid
602 1360 79 21 urtima
695 1360 103 28 landtdag
812 1359 36 23 mä

96 1391 76 22 endast
194 1391 131 23 förekomma
343 1393 84 25 ärende,
447 1400 46 14 som
513 1393 108 22 föranledt
638 1394 102 22 kallelsen
758 1394 50 22 eller
825 1394 26 22 af

96 1426 105 28 Kejsaren
216 1426 61 28 eljest
290 1427 33 21 till
337 1426 120 23 Ständerna
475 1428 146 28 öfverlemnas,
636 1427 24 23 sä
675 1429 40 22 ock
732 1420 54 40 hvad
798 1424 49 27 med

97 1460 67 29 dylikt
179 1461 78 22 ärende
271 1468 50 21 eger
336 1461 131 29 oskiljaktigt
481 1463 160 28 sammanhang.

769 1506 8 15 1
