1006 1686
300 120 72 24 Nådiga
384 121 135 22 Propositionen
532 121 33 17 N:o
578 123 16 15 4.
769 122 31 16 163

74 183 41 21 ock
129 184 33 20 att
175 183 142 22 bekännelsen
330 183 77 23 hänför
418 184 32 28 sig
461 184 32 22 till
505 183 268 28 hufvudbestämningarna
785 183 39 22 och

74 218 47 20 icke
140 217 33 21 till
192 217 44 21 alla
251 218 137 24 enskiltheter
405 218 8 20 i
433 218 36 22 det
486 218 32 21 uti
535 218 244 27 bekännelseskrifterna
792 220 33 19 ut-

75 251 72 21 talade
165 251 178 26 trosinnehället.
365 252 45 21 Och
432 260 46 14 som
500 252 70 21 denna
592 252 81 21 olikhet
691 252 8 20 i
716 252 111 28 meningar

76 285 58 22 inom
152 284 104 23 utskottet
273 286 47 21 icke
338 285 83 23 kunnat
439 286 184 27 sammanjemkas,
645 286 40 21 har
704 285 76 28 frågan
794 285 32 22 af-

75 319 68 28 gjorts
159 326 76 20 genom
250 319 136 29 omröstning,
403 320 74 21 dervid
490 319 36 22 två
541 319 68 22 Stånd
624 321 86 20 stannat
723 321 46 20 mot
783 319 42 27 två,

74 353 47 28 ithy
136 355 32 19 att
183 353 92 22 flertalet
290 354 24 21 af
327 353 57 22 såväl
394 354 157 27 Ridderskapet
565 355 40 20 och
620 354 79 21 Adelns
715 361 46 14 som
775 354 50 21 Pre-

75 387 129 22 staståndets
227 388 154 27 deputerade
371 383 13 37 i
399 388 42 21 allo
461 389 94 27 godkänt
573 388 41 21 den
632 387 79 29 nådiga.
728 389 97 26 proposi-

74 422 79 26 tionen,
172 422 110 21 hvaremot
301 423 25 20 de
346 422 128 27 deputerade
492 421 48 23 från
558 423 105 27 Borgare-
683 423 40 21 och
741 422 83 22 Bonde-

76 455 90 23 stånden
183 456 78 21 uttalat
280 457 32 28 sig
329 457 34 21 för
378 464 26 14 en
418 457 255 28 redaktionsförändring,
688 457 138 28 hvarigenom

75 492 35 27 $:n:
124 490 67 23 skulle
206 490 82 23 erhålla
302 490 95 29 följande
410 491 89 28 lydelse:

268 525 49 21 Den
336 525 243 29 evangelisk-lutherska
601 525 84 29 kyrkan
703 527 10 20 i
731 525 97 22 Finland

212 559 108 22 bekänner
336 561 33 27 sig
385 561 35 20 till
435 560 40 21 den
489 560 104 28 kristliga
609 563 40 23 tro,
662 567 50 20 som,
723 560 103 28 grundad

212 595 10 20 i
238 592 59 23 Guds
314 594 71 29 heliga
401 595 47 25 ord,
467 595 35 21 det
517 595 73 28 gamla
606 595 38 20 och
659 602 41 21 nya
716 592 112 23 testamen-

212 632 41 17 tets
268 629 123 28 profetiska
410 629 37 21 och
465 628 133 29 apostoliska
617 629 97 28 skrifter,
738 629 90 28 hufvud-

212 663 98 28 sakligen
327 664 92 20 uttalats
437 664 10 20 i
465 664 40 21 den
524 663 72 21 äldsta
616 663 92 29 kyrkans
728 666 32 18 tre
781 663 48 29 huf-

212 697 148 29 vudsymboler
372 701 55 18 samt
437 699 10 19 i
458 698 39 21 den
509 698 148 29 oförändrade
669 697 158 29 augsburgiska

212 732 140 21 bekännelsen
372 732 37 21 och
429 732 73 28 öfriga
521 732 41 21 den
581 731 110 22 lutherska
711 731 92 30 kyrkans
819 733 10 20 i

211 767 43 20 den
276 766 110 21 såkallade
409 765 185 22 konkordieboken
615 770 112 25 upptagna
751 766 78 21 bekän-

213 801 153 29 nelseskrifter,
373 801 152 28 fasthällande
536 801 71 21 säsom
618 801 150 22 bekännelsens
777 801 52 28 hög-

214 839 34 17 sta
267 836 36 28 lag
321 835 40 21 den
378 837 10 19 i
407 835 61 21 dessa
488 835 219 29 bekännelseskrifter
721 835 61 21 klart
795 839 34 18 ut-

214 869 86 29 tryckta
315 869 114 29 orubbliga
445 871 124 28 sanningen,
586 873 33 18 att
632 868 58 23 Guds
704 870 73 28 heliga
789 870 40 21 ord

214 906 27 19 är
257 904 55 21 enda
326 905 139 25 rättesnöret,
485 904 108 29 hvarefter
609 904 31 21 all
655 905 50 20 lära
719 905 10 20 i
744 904 84 28 kyrkan

214 938 54 21 skall
284 946 60 13 anses
360 939 37 20 och
413 938 104 22 bedömas.

144 973 43 21 Till
200 972 55 28 följd
270 972 24 22 af
306 973 69 21 denna
389 972 87 28 utgång,
492 973 110 21 hvaremot
617 972 98 22 särskilte
726 972 102 22 medlem-

78 1015 47 13 mar
143 1007 7 21 i
168 1007 103 22 utskottet
288 1009 117 19 reserverat
424 1007 38 28 sig,
485 1014 34 14 ser
537 1007 104 21 utskottet
657 1007 34 27 sig
709 1007 120 21 nödsakadt

78 1043 32 19 att
128 1041 34 22 till
179 1041 83 22 landets
280 1041 115 27 höglofliga
414 1040 91 22 Ständer
523 1041 123 22 alternativt
664 1040 113 22 hemställa
795 1047 35 16 om

78 1075 121 28 antagande
217 1075 24 21 af
257 1076 11 27 $
289 1077 10 18 1
319 1075 100 27 antingen
433 1075 8 21 i
456 1075 93 27 enlighet
565 1075 50 21 med
630 1075 40 21 den
685 1073 79 29 nådiga
778 1082 50 20 pro-

78 1110 126 27 positionen,
216 1109 50 21 eller
276 1109 49 21 med
336 1109 41 21 den
387 1109 247 27 redaktionsförändring
645 1109 50 26 deri,
710 1116 47 14 som
768 1115 60 21 nyss-

79 1143 91 22 anförda
184 1143 80 27 förslag
278 1142 123 22 innehåller.

147 1177 38 21 Uti
200 1178 12 27 $
228 1178 26 20 12
269 1177 62 22 torde
346 1177 61 21 ordet
421 1177 159 27 ,hvarförutan*
595 1157 53 41 böra
661 1176 72 22 såsom
745 1178 85 26 oegent-

79 1212 40 27 ligt
132 1212 87 27 utbytas
234 1214 57 19 emot
306 1212 144 28 ,hvarjemte.*

148 1247 12 27 8
176 1248 33 19 13.
238 1246 11 20 I
264 1246 104 21 anseende
385 1246 34 20 till
436 1246 40 20 här
493 1245 174 22 förekommande
687 1244 82 22 mindre
784 1245 47 27 tyd-

80 1280 67 28 lighet
160 1280 8 21 i
183 1278 167 30 uttryckssättet,
368 1280 41 21 har
427 1280 104 21 utskottet
549 1281 70 20 ansett
637 1279 32 27 sig
683 1279 54 22 böra
752 1278 80 22 föreslå

80 1314 95 27 följande
190 1314 94 21 ändrade
299 1314 145 26 uppställning
458 1314 25 21 af
495 1314 43 26 $:n:

274 1347 47 21 För
344 1346 165 30 handhafvande
531 1347 26 28 af
577 1346 174 28 kyrkostyrelsen
772 1346 61 29 öfver

213 1382 193 28 församlingarna
429 1382 27 20 är
479 1380 73 22 landet
573 1380 98 22 indeladt
692 1380 10 21 i
724 1380 48 29 stift
794 1380 39 21 och

219 1416 75 29 hvarje
316 1416 48 29 stift
385 1417 10 19 i
413 1416 129 29 prosterier.
572 1414 61 22 Inom
656 1415 70 28 stiftet
747 1414 86 29 utöfvas

217 1451 71 21 denna
307 1451 87 28 styrelse
414 1451 25 28 af
455 1457 26 14 en
500 1449 73 29 biskop
593 1450 38 20 och
646 1453 30 17 ett
694 1449 139 29 domkapitel.
