1000 1681
216 112 33 16 214
422 110 71 23 Nådiga
504 110 136 22 Propositionen
651 110 35 17 N:o
698 111 17 15 4.

194 172 70 23 såsom
282 173 36 22 det
335 172 71 22 kunde
423 179 70 22 synas,
512 172 105 22 omvända
634 172 101 28 ordning,
752 172 40 22 och
813 171 56 22 först
886 171 56 22 fästa

194 214 34 15 oss
242 207 36 22 vid
293 207 36 21 det
342 207 112 27 praktiska
470 207 8 21 i
496 205 82 29 frågan,
594 206 34 22 för
643 208 32 20 att
690 206 62 22 deraf
764 206 58 21 sluta
835 206 34 22 till
882 206 60 22 theo-

194 241 45 22 rins
253 241 103 28 riktighet
370 240 52 22 eller
437 240 120 28 oriktighet.

267 277 40 20 1:o.
339 275 112 28 Förslaget
472 275 88 27 stadgar
582 273 70 23 såsom
673 274 41 23 den
739 274 98 28 kyrkliga
857 274 87 22 tuktens

194 310 111 27 slutpunkt
326 309 95 28 följande
441 309 144 28 bestämning:
604 304 34 26 Är
660 309 41 21 den
717 309 90 29 felande
829 308 85 22 varnad
935 309 11 21 i

195 344 111 29 kyrkoråd
325 344 39 21 och
382 344 68 21 likväl
468 345 34 27 sig
521 344 20 28 ej
559 344 62 20 rätta
640 344 61 26 låter,
721 344 29 21 då
763 344 37 20 må
814 343 132 29 kyrkorådet

190 378 106 30 förklara
318 378 77 21 honom
410 378 109 28 förlustig
540 378 134 28 rättigheten
696 381 33 17 att
750 384 54 14 vara
821 378 68 20 vittne
907 378 38 21 vid

196 413 48 28 dop,
260 416 33 18 att
307 412 87 28 deltaga
408 413 10 20 i
432 413 36 20 val
484 412 25 29 af
522 412 117 21 ledamöter
653 413 10 20 i
678 411 137 29 kyrkorådet,
831 412 25 29 af
869 412 77 22 ombud

195 448 37 21 vid
254 446 123 30 kyrkomöte
400 447 39 21 och
461 447 25 29 af
505 447 87 21 valmän
614 447 81 26 dertill,
717 450 55 18 samt
790 450 34 17 att
842 446 52 29 sjelf
910 447 36 21 till

196 482 92 21 nämnde
307 480 149 30 befattningar
470 481 77 29 väljas.
577 481 73 21 Tänka
664 480 21 22 vi
703 488 35 15 oss
756 488 30 14 nu
802 481 144 28 kyrkotukten

197 515 25 22 sä
235 517 44 20 satt
292 516 8 20 i
313 515 79 26 verket,
408 516 40 20 och
467 522 26 15 en
510 515 92 22 medlem
620 515 24 21 af
659 515 152 29 församlingen
828 516 82 21 träffad
924 516 25 22 af

198 557 27 14 en
246 548 67 23 sädan
334 549 119 28 förklaring
474 548 48 23 frän
546 548 139 29 kyrkorädets
709 550 51 21 eller
784 549 163 29 församlingens

198 584 56 26 sida;
269 583 85 22 hvilken
367 583 147 28 föreställning
528 590 35 15 om
577 583 153 28 församlingen
745 583 50 28 sjelf
807 584 54 21 skall
875 584 35 21 väl
920 591 28 14 en

198 617 67 22 sädan
279 617 119 28 förklaring
412 618 38 21 hos
469 618 78 21 honom
562 617 126 22 framkalla?
711 617 123 28 Säkerligen
848 618 48 21 icke
910 617 38 22 nä-

198 658 43 21 gon
258 651 147 28 föreställning
423 659 34 14 om
475 651 66 28 nägot
558 651 68 22 Kristi
643 652 46 21 rike
707 651 29 28 pä
750 652 84 27 jorden,
853 652 38 21 der
909 652 39 22 allt

197 686 41 21 bör
255 686 38 22 ske
310 685 25 22 af
350 686 28 21 fri
395 686 74 21 kärlek
485 685 35 23 för
536 685 94 22 Herrens
648 686 62 26 skull,
728 686 46 21 icke
791 687 47 28 för
857 690 33 17 att
906 687 42 28 för

198 720 123 21 menniskor
339 727 62 22 synas
419 721 68 28 nägot
501 727 65 19 vara;
585 721 39 20 der
638 721 41 20 den
698 727 45 14 som
760 722 68 19 störst
846 721 28 20 är
893 720 56 23 skall

198 762 55 14 vara
267 755 41 21 den
322 758 80 25 yngste,
418 755 39 20 och
471 755 41 21 den
526 762 45 14 som
584 758 88 25 ypperst
684 756 33 25 är,
729 755 70 21 såsom
810 762 25 14 en
848 756 100 28 tjenare.

198 789 55 21 Hela
274 788 146 29 förklaringen
442 796 34 14 om
498 787 81 24 sädana
603 789 215 28 rättighetsförluster
839 789 64 27 skall,
925 788 25 23 sä

198 823 63 28 länge
276 823 41 22 den
331 823 89 22 tuktade
435 823 103 22 erkännes
552 823 8 21 i
576 823 64 28 öfrigt
654 822 71 23 såsom
739 824 8 21 i
761 824 39 21 full
814 824 85 28 mening
913 831 37 15 va-

199 857 67 22 rande
283 857 91 23 medlem
392 857 24 22 af
431 857 158 28 församlingen,
609 857 75 22 endast
697 858 69 21 vittna
783 865 34 14 om
835 858 56 22 flärd
909 859 41 21 och

199 891 131 22 verldssinne
344 891 8 21 i
366 891 151 28 församlingen
532 891 54 28 sjelf,
601 892 41 21 och
657 891 84 23 derföre
755 892 69 28 aldrig
838 893 66 22 verka
917 893 34 22 till

199 925 152 28 uppbyggelse,
365 927 54 20 utan
432 926 34 21 till
481 926 47 21 dess
543 928 95 19 motsats.
668 926 50 22 Men
736 928 107 27 antagom,
858 929 33 20 att
904 934 46 15 ver-

200 960 43 22 kan
259 960 70 21 blefve
345 959 72 22 bättre
435 961 28 20 än
480 967 50 14 man
548 960 96 28 skäligen
661 961 44 21 kan
723 961 108 26 förvänta;
850 963 101 26 antagom

201 995 33 20 att
250 994 39 21 hos
308 993 41 22 den
366 994 68 22 under
452 995 48 20 tukt
518 994 76 21 ställde
616 995 35 21 det
669 995 89 22 oaktadt
776 995 68 22 skulle
860 995 91 22 bevaras

200 1027 56 23 både
270 1027 43 29 håg
327 1028 41 22 och
381 1028 44 22 lust
439 1030 32 19 att
485 1029 59 27 tjena
558 1029 8 23 i
580 1029 152 28 församlingen
750 1029 44 22 icke
808 1030 42 29 för
868 1031 84 20 utmär-

202 1062 54 21 kelse
274 1064 53 20 utan
346 1062 24 22 af
385 1063 34 26 fri,
434 1062 142 28 uppoffrande
593 1063 81 26 kärlek,
689 1063 25 22 sä
733 1063 91 22 återstår
840 1064 54 22 dock
908 1063 44 23 frä-

202 1103 51 21 gan:
271 1097 57 21 huru
346 1097 54 21 skall
414 1097 152 28 församlingen
580 1097 8 21 i
602 1096 129 29 kyrkorädet
746 1098 50 27 sjelf
808 1098 72 22 kunna
895 1099 58 28 dölja

202 1131 34 22 för
250 1131 33 28 sig
297 1131 42 22 den
352 1131 134 28 motsägelse,
504 1139 47 14 som
568 1131 68 28 ligger
654 1131 52 27 deri,
725 1133 32 20 att
774 1139 51 15 man
842 1133 111 28 törbjuder

203 1165 41 22 den
258 1167 33 19 att
304 1165 59 28 tjena
376 1165 8 21 i
399 1165 158 28 församlingen,
572 1165 84 22 hvilken
671 1173 50 14 man
735 1166 57 21 inför
806 1167 94 22 Herrens
914 1175 38 14 an-

204 1199 54 28 sigte
273 1199 40 22 och
327 1199 35 22 vid
376 1199 54 22 hans
444 1198 110 23 nädebord
568 1199 8 21 i
590 1199 42 22 allo
648 1200 104 22 erkänner
770 1199 71 23 såsom
855 1201 33 21 sin
903 1201 49 23 bro-

204 1233 44 21 der.
278 1233 59 21 Skall
358 1233 47 21 icke
426 1233 78 21 tanken
527 1232 72 28 derpä,
622 1235 31 19 att
675 1234 43 21 han
740 1235 58 26 äter
817 1235 36 20 till
872 1242 82 15 samma

204 1267 68 28 kropp
291 1267 38 20 och
346 1266 87 21 dricker
456 1267 35 20 till
512 1273 82 14 samma
615 1267 68 21 anda*
705 1268 108 22 varnande
834 1269 64 21 träda
919 1269 34 22 för

202 1299 201 23 rädsmedlemmens
417 1302 93 20 samvete
525 1301 40 21 och
580 1302 52 26 säga
646 1301 89 22 honom:
750 1302 45 26 ,Du
805 1302 41 22 bär
856 1303 96 27 skulden,

203 1336 33 21 att
256 1336 44 21 han
320 1335 95 22 härefter
432 1334 84 29 fäfängt
532 1334 69 23 mäste
618 1337 36 20 äta
673 1336 40 22 och
730 1335 84 30 fäfängt
831 1337 81 27 dricka,
930 1339 23 27 ty

203 1370 29 21 du
252 1370 111 28 förbjuder
384 1370 78 22 honom
484 1371 31 21 att
536 1370 58 27 tjena
615 1370 158 30 församlingen,
793 1378 46 16 som
859 1372 47 28 just
926 1373 26 21 är

204 1404 67 22 Kristi
285 1404 90 28 kropp!*
