1003 1681
206 128 34 16 452

411 127 71 22 Nådiga
493 128 136 21 Propositionen
641 128 34 16 N:o
687 128 16 16 9.

252 191 41 21 den
308 191 52 21 eller
375 190 31 26 de,
421 198 44 14 som
479 190 61 22 diket
552 190 80 29 nyttja,
648 190 95 28 skyldige
759 193 32 19 att
806 190 38 20 bro
859 189 73 31 deröf-

253 231 36 14 ver
305 225 70 28 bygga
390 224 37 21 och
441 224 136 22 underhålla.

309 260 24 27 $$
349 260 61 20 2—5.
439 259 144 28 Likalydande
598 258 49 22 med
660 258 149 22 motsvarande
824 259 24 27 $$
862 258 8 20 i
881 258 50 28 pro-

252 294 125 27 positionen.

309 328 12 28 $
337 327 21 22 6.
387 327 55 29 Ifall
455 329 72 28 nägon
541 328 125 21 underläter
681 331 33 17 att
728 327 133 21 iständsätta
875 326 56 27 dike,

253 364 35 20 till
303 363 64 20 hvars
381 363 115 21 underhåll
511 363 42 20 han
565 364 27 19 är
597 362 132 28 förbunden,
740 362 35 21 mä
787 368 89 22 granne,
888 369 44 13 som

253 398 113 28 olägenhet
380 397 64 28 deraf
457 397 47 26 har,
523 396 115 28 bevisligen
653 398 90 27 tillsäga
759 397 75 20 honom
850 400 33 17 att
898 397 34 20 sin

253 432 120 28 skyldighet
385 432 108 28 fullgöra.
523 431 156 29 FEfterkommes
694 432 20 28 ej
729 432 68 20 sådan
815 432 117 28 tillsägelse

253 466 141 30 oförtöfvadt,
407 466 74 21 stånde
495 472 98 22 grannen
598 466 57 28 fritt
666 469 33 17 att
710 463 82 23 arbetet
805 465 126 26 verkställa,

253 501 64 21 sedan
333 500 42 21 han
391 500 50 21 låtit
455 500 78 21 utreda
547 499 69 22 dikets
632 500 100 21 tillstånd
748 500 39 20 och
801 500 132 28 bristfällig-

253 535 59 21 heter
327 542 75 21 genom
417 542 43 20 syn,
477 542 33 13 om
521 535 64 20 hvars
600 534 135 22 anställande
751 534 40 21 den
800 534 132 29 försumlige

253 569 40 21 bör
307 568 147 23 underrättas.
479 568 78 22 Denna
567 576 51 14 vare
630 569 65 21 sedan
709 568 84 29 skyldig
805 572 33 18 att
849 565 84 24 ersätta

253 603 118 21 kostnaden
386 604 42 28 för
455 604 119 20 bristernas
597 603 134 29 afhjelpande
755 602 38 22 och
815 603 31 21 all
864 602 69 22 skada

253 641 55 18 samt
323 638 47 20 böte
385 638 57 28 efter
461 637 75 22 sakens
555 637 139 29 beskafenhet
705 638 60 28 från
783 637 38 21 och
834 638 48 20 med
897 644 35 15 sex

254 672 35 21 till
304 672 39 21 och
357 672 48 21 med
419 673 66 19 sextio
500 671 69 22 mark.
857 673 1 3 |

309 708 12 27 $
340 704 19 23 7.
387 706 121 28 Jordegare
523 713 51 14 vare
591 706 124 28 berättigad
727 710 32 17 att
766 707 33 28 på
810 707 35 20 sin
856 706 76 22 odlade

251 741 63 21 mark.
333 741 52 21 eller
404 740 115 28 beteshage,
539 741 35 21 till
592 741 70 21 dessas
675 741 165 28 förbättrande,
858 741 74 21 inleda

253 778 73 18 vatten
334 775 58 29 från
406 775 39 28 sjö,
461 775 31 29 elf
505 776 51 20 eller
571 774 53 22 bäck
640 778 55 18 samt
710 775 60 21 hålla
779 776 68 28 fältet
863 775 70 29 öfver-

252 809 102 21 vattnadt
372 810 87 27 sålänge
479 809 94 29 bekofvet
588 808 111 29 päkallar,
719 810 92 28 såframt
829 810 43 20 han
886 810 46 20 icke

250 851 77 22 genom
339 844 67 21 sådan
417 844 81 28 åtgärd
511 844 156 21 åstadkommer
678 843 87 29 skadlig
777 844 155 29 uppdämning,

247 878 132 30 förderfvar
391 878 77 29 farled
487 879 52 21 eller
557 886 83 13 annans
653 878 62 27 fiske,
734 879 51 20 eller
797 878 135 29 förnärmar

252 912 47 27 den,
319 920 44 14 som
381 912 70 22 bättre
470 913 51 21 eller
541 913 94 27 tidigare
654 914 47 20 rätt
716 914 35 20 till
765 916 93 18 vattnets
876 917 57 25 nytt-

249 947 67 29 jande
332 947 80 29 hafver.
441 947 97 27 Befinnes
553 947 35 21 det
602 947 78 28 nödigt
694 951 33 17 att
736 947 43 29 för
794 951 92 17 vattnets
898 949 34 20 in-

254 982 87 28 ledning
359 982 52 20 eller
433 982 70 28 aflopp
521 982 80 28 gräfva
617 981 51 22 dike
691 982 60 28 öfver
773 990 81 13 annans
874 989 58 22 egor,

252 1016 63 29 hafve
333 1017 66 21 denne
419 1016 19 28 ej
456 1018 47 19 rätt
522 1019 33 17 att
573 1016 77 20 sådant
672 1018 75 26 vägra,
766 1016 50 29 ifall
835 1017 42 20 han
890 1017 42 29 för

252 1051 75 26 skada,
344 1058 46 14 som
407 1058 74 21 genom
499 1051 131 29 gräfningen
646 1050 42 21 kan
703 1051 76 21 honom
798 1051 134 28 tillskyndas,

253 1085 95 21 erhåller
363 1085 47 28 full
432 1086 128 27 ersättning.
596 1084 107 30 Behöfver
725 1085 149 29 dambyggnad
891 1086 41 29 för

255 1120 122 20 ändamälet
399 1120 111 27 anläggas,
533 1118 56 22 skall
606 1119 76 21 dervid
699 1120 62 27 gälla
780 1120 55 20 hvad
854 1120 78 21 nedan-

247 1154 54 28 före
316 1153 109 28 angående
439 1152 134 22 vattenverks
587 1154 134 27 anläggning
737 1154 93 27 stadgas.

310 1188 115 27 $$8:8-—10.
454 1187 31 21 Af
496 1187 44 21 lika
554 1186 94 22 innehåll
662 1187 49 21 med
725 1194 81 15 samma
821 1188 24 28 $$
860 1188 8 21 i
882 1195 48 21 pro-

253 1222 127 26 positionen.

514 1272 31 23 Om
559 1272 111 29 kungsådra.

310 1319 11 27 8
339 1320 32 20 11.
400 1318 29 22 Af
442 1319 112 21 enahanda
570 1318 80 29 lydelse
667 1318 49 22 med
733 1319 150 23 motsvarande
897 1320 11 28 $
924 1320 8 21 i

253 1354 165 27 propositionen.

310 1388 13 28 $
337 1386 33 22 12.
396 1386 39 22 Uti
441 1388 84 21 mindre
533 1388 135 29 vattendrag,
677 1395 45 15 som
730 1388 68 22 likväl
806 1389 35 20 till
842 1389 53 29 far-
902 1390 29 20 el-

255 1423 32 20 ler
293 1423 87 27 flottled
393 1422 112 29 begagnas,
517 1422 55 22 skall
585 1422 124 28 kungsådra
717 1422 81 22 räknas
807 1424 35 20 till
850 1423 44 29 tolf
899 1424 31 21 al-

253 1463 48 20 nar,
309 1457 10 20 i
326 1456 97 30 djupaste
434 1460 89 23 vattnet,
535 1456 82 22 ändock
625 1460 33 18 att
670 1457 128 29 tredjedelen
806 1458 25 28 af
837 1460 94 19 vattnets
