1011 1686
317 102 72 24 Nådiga
399 103 137 22 Propositionen
548 103 35 17 N:o
597 104 27 16 11.
788 103 32 17 507

96 174 45 20 ras;
157 166 105 23 skolande
272 166 168 29 straffmildring,
449 167 86 28 jemlikt
548 166 139 29 grundlagen,
698 167 52 24 bero
762 167 24 22 af
793 167 50 28 Kej-

96 202 65 28 serlig
174 201 49 22 Nåd
238 202 75 22 allena.

165 237 27 21 60
211 237 18 28 $.
258 237 11 21 I
288 237 26 22 de
331 236 50 27 mål;
398 237 61 22 hvari
476 236 122 22 underrätts
616 237 71 27 utslag
704 237 140 22 härförinnan

97 271 66 27 enligt
176 271 36 27 lag
229 271 65 21 bordt
312 271 123 21 hemställas
453 271 97 21 Hofrätts
568 271 105 27 pröfning,
688 271 66 21 varde
768 271 77 21 sådant

97 305 62 21 äfven
173 304 113 22 framdeles
304 305 110 27 iakttaget,
433 304 88 22 oaktadt
539 305 35 21 det
592 304 34 22 för
644 304 80 22 brottet
741 304 103 28 stadgade

96 338 66 22 straff
174 346 75 20 genom
265 339 69 21 denna
348 338 124 28 förordning
486 338 70 22 blifvit
569 338 97 22 ändradt.

166 374 59 26 61.8.
255 373 77 21 Denna
348 373 126 28 förordning
492 374 60 21 träde
570 373 7 21 i
591 374 136 21 verksamhet
740 373 41 22 den
796 390 5 4 .
817 389 26 5 .-.

98 424 26 4 ...
141 424 5 4 .
163 408 40 20 186
220 424 4 9 ,
240 406 28 22 då
282 408 40 20 ock
337 408 42 21 alla
393 410 45 19 mot
453 408 122 21 densamma
589 408 109 21 stridande
713 407 59 22 äldre
786 406 58 22 stad-

97 441 85 28 ganden
202 442 60 21 skola
283 442 98 27 upphöra
403 444 33 20 ait
454 442 62 28 gälla.
546 442 68 26 Brott,
633 449 45 14 som
697 441 147 22 dessförinnan

93 476 113 27 föröfvats,
224 484 49 14 men
290 476 34 22 för
340 476 79 22 hvilket
437 476 64 22 straff
516 476 28 22 då
561 476 19 28 ej
599 478 26 20 är
642 476 116 22 bestämdt.
769 483 76 21 genom

96 510 78 30 utslag,
192 518 46 15 som
256 511 80 24 vunnit
347 511 50 28 laga
415 511 58 22 kraft
491 512 51 21 eller
560 512 18 28 ej
598 511 147 28 öfverklagadt
756 510 87 27 :varder,

97 546 55 22 skall
170 546 40 22 ock
228 546 53 22 efter
300 546 69 22 denna
386 546 133 28 Förordning
536 546 93 26 straffas,
648 553 34 15 om
704 546 36 22 det
761 553 83 19 ansvar,

97 588 46 16 som
163 581 65 27 enligt
246 581 40 22 den
303 581 40 22 bör
361 580 14 22 ä
392 581 80 22 brottet
489 581 59 28 följa,
570 582 24 21 är
615 581 116 27 lindrigare
752 582 38 20 än
802 580 43 27 det,

98 622 46 15 som
159 614 83 23 derföre
256 616 8 21 i
278 615 59 23 äldre
351 616 36 27 lag
401 616 52 21 eller
467 615 125 29 författning
606 616 56 21 varit
675 615 106 29 stadgadt.

290 679 73 28 Enligt
380 678 59 23 Hans
454 679 119 28 Kejserliga
586 678 111 28 Majestäts
711 677 83 29 Nädiga
808 678 36 22 be-

234 714 98 28 fallning,
348 713 91 28 gifven
432 709 14 38 i
457 713 171 29 Tsarskoje-Selo
646 714 41 21 den
705 714 26 21 30
750 713 95 27 Septem-

234 748 39 22 ber
288 749 36 28 (12
339 748 103 28 Oktober)
459 750 60 20 1866.

308 813 45 25 Em.
372 814 260 32 Stjernwall-Walleen.

569 891 22 18 A.
604 890 27 20 W.
643 889 134 20 Wallensköld,

293 1047 154 26 Lagutskottets
467 1041 129 26 betänkande
614 1046 37 20 N:o
668 1045 18 26 3,
704 1046 10 20 €
733 1045 114 28 anledning

238 1081 26 30 af
272 1080 63 22 Hans
349 1080 124 29 Kejserliga
487 1079 114 30 Majestäts
615 1079 83 30 nädiga
708 1080 140 29 proposition

236 1116 110 28 angående
357 1115 150 29 upphäfvande
518 1115 25 29 af
552 1115 120 28 dödsstraf
678 1114 42 29 för
735 1114 114 28 åtskilliga

238 1150 58 22 brott
311 1153 55 18 samt
381 1149 135 30 afskaffande
535 1149 26 29 af
577 1150 58 21 vissa
653 1148 103 22 hitintills
771 1148 77 29 begag-

237 1185 54 21 nade
306 1185 124 28 straffarter
446 1183 38 22 och
498 1184 63 21 deras
580 1183 123 22 ersättande
721 1190 75 21 genom
812 1190 37 13 an

238 1219 42 22 dra
294 1219 69 29 straff.

170 1273 104 28 Samtliga
288 1272 89 23 ständen
391 1273 36 22 vid
442 1273 68 21 denna
524 1272 104 27 landtdag
638 1272 63 21 hafva
711 1271 34 22 till
754 1271 94 22 behand-

101 1308 46 27 ling
165 1308 24 20 af
204 1307 149 27 Lagutskottet
371 1307 139 20 öfverlemnat
524 1306 140 21 omförmälda
678 1305 79 27 nädiga
772 1313 77 19 propo-

103 1341 73 26 sition;
192 1341 40 21 och
246 1341 40 20 har
300 1340 103 21 utskottet
418 1339 100 27 derjemte
532 1338 42 22 fätt
588 1338 48 22 frän
650 1339 120 27 Kejserliga
785 1338 64 22 Sena-

102 1377 37 20 ten
157 1376 107 27 emottaga
281 1373 128 28 protokollet
427 1373 59 22 öfver
503 1380 27 15 en
548 1372 109 23 derstädes
674 1373 8 21 i
700 1372 76 29 frågan
794 1372 55 22 före-

104 1409 65 23 fallen
184 1408 136 28 omröstning.
