1006 1689
207 117 21 16 92
412 115 70 24 Nådiga
492 117 182 22 Propositionen.
646 111 30 32 N:o
688 118 16 16 1.

251 180 68 21 Innan
334 179 151 23 Sekreteraren
498 179 8 22 i
520 179 158 22 Bondeståndet
691 179 106 22 tillträder
810 180 33 21 sin
853 179 77 23 befatt-

183 214 61 27 ning,
266 214 95 27 aflägger
382 215 43 20 han
445 213 57 22 inför
522 214 110 27 Kejsaren,
656 213 50 22 eller
728 214 40 21 den
789 214 49 21 Han
859 215 9 20 i
889 213 42 22 Bitt

183 248 62 22 ställe
259 250 49 24 satt,
323 248 94 28 följande
432 248 34 21 ed:
483 248 51 28 ,Jag
548 248 26 21 N.
590 248 33 26 N.,
638 248 104 21 utnämnd
760 248 40 21 och
814 248 117 22 förordnad

183 283 34 21 till
235 283 135 21 Sekreterare
388 283 7 21 i
413 281 159 23 Bondeståndet
588 283 36 20 vid
646 283 69 21 denna
732 282 112 28 landtdag,
863 283 69 21 lofvar

183 318 41 21 och
238 319 55 24 svär,
307 317 36 21 vid
358 317 49 21 Gud
425 317 39 22 och
482 317 53 21 hans
553 317 71 28 heliga
640 317 137 27 evangelium,
796 319 32 19 att
843 317 39 28 jag
896 317 35 22 vid

183 351 124 28 utöfningen
325 351 24 22 af
365 351 69 22 denna
451 352 43 22 min
512 351 120 28 befattning
653 351 48 22 med
723 351 29 22 all
773 352 43 21 min
834 351 98 29 förmåga

182 387 37 22 vill
233 387 40 22 och
287 386 55 22 skall
355 387 97 28 iakttaga
469 387 41 21 och
526 385 146 29 upprätthålla
682 386 27 28 .ej
728 386 81 22 mindre
827 387 104 28 Kejsaren

183 421 40 22 och
242 420 142 22 Storfurstens
401 422 45 20 rätt
463 423 28 20 än
509 420 95 22 ståndets
622 421 40 21 och
680 420 130 22 Ständernas
831 420 37 22 fri-
891 421 40 21 och

182 456 133 27 rättigheter,
331 455 66 29 enligt
411 456 98 28 gällande
524 455 135 29 grundlagar.
688 456 65 21 Detta
767 455 38 21 allt
815 455 68 22 lofvar
892 455 39 29 jag

183 492 70 26 troget
267 488 64 28 hålla,
347 489 24 22 sä
385 492 63 20 sannt
461 491 44 27 mig
520 490 48 21 Gud
582 490 71 28 hjelpe
667 490 33 22 till
714 490 26 21 lif
754 490 39 22 och
808 490 59 28 själ."

253 525 47 21 Den
321 524 118 28 betjening,
460 525 74 28 hvarje
555 524 63 22 stånd
638 524 8 22 i
668 524 65 28 öfrigt
754 524 34 22 för
809 525 33 27 sig
862 524 69 22 under

183 558 130 29 landtdagen
327 558 68 22 finner
409 559 74 28 nödig,
498 559 98 22 tillsättes
612 559 24 21 af
649 558 90 22 ständet.

249 592 170 23 Bondeständets
437 593 136 22 Sekreterare
591 592 93 29 ätnjuter
702 593 24 21 af
742 593 107 22 allmänna
867 595 62 20 stats-

181 628 70 21 medel
265 628 41 21 den
320 627 104 29 aflöning,
440 635 45 14 som
499 628 24 22 af
535 628 103 27 Kejsaren
652 628 133 22 bestämmes.

525 689 11 28 8
552 690 34 20 29.

249 732 42 22 Vid
305 732 74 28 hvarje
392 731 89 28 lagtima
494 732 103 27 landtdag
611 731 60 22 skola
685 732 58 22 inom
757 731 46 23 ätta
818 732 67 28 dagar
900 732 30 22 ef-

181 767 34 21 ter
233 766 47 22 dess
298 766 113 28 öppnande
429 766 108 22 tillsättas:
557 768 31 20 ett
604 766 124 28 lagutskott,
747 768 30 20 ett
799 766 130 22 ekonomiut-

181 800 62 27 skott,
258 802 32 20 ett
304 800 140 26 statsutskott,
460 802 30 20 ett
507 800 207 28 bevillningsutskott
732 801 40 21 och
791 803 30 19 ett
838 800 91 22 bankut-

181 835 62 21 skott.
272 835 61 27 Lag-,
349 835 105 21 ekonomi-
469 835 41 21 och
528 835 162 21 statsutskotten
708 835 59 21 skola
785 834 61 23 bestå
864 835 24 21 af
902 837 25 19 16

180 871 56 20 samt
249 869 134 27 bevillnings-
399 869 40 21 och
452 869 165 21 bankutskotten
633 869 24 21 af
670 871 26 19 12
713 869 117 22 ledamöter
847 870 80 27 hvarje,

179 903 78 26 hvilka,
272 904 34 20 till
320 903 43 21 lika
378 902 59 22 antal
451 904 57 20 inom
521 904 63 21 hvart
598 904 40 21 och
654 905 29 19 ett
697 902 68 28 ständ,
782 911 75 20 genom
872 904 56 22 elek-

180 940 58 19 torer
252 939 65 20 utses.
345 937 32 21 Pä
391 937 111 22 enahanda
517 939 43 20 sätt
577 938 67 27 väljas
662 937 61 22 äfven
738 938 137 27 suppleanter
889 940 38 24 att,

180 972 35 21 vid
236 971 113 22 inträffadt
369 971 72 22 förfall
461 971 34 22 för
516 971 216 27 utskottsledamöter,
753 972 8 21 i
783 972 62 22 deras
866 973 62 22 ställe

180 1007 91 21 inträda.

247 1041 41 21 Vid
303 1041 78 22 urtima
399 1041 102 28 landtdag
515 1041 60 22 skola
590 1041 18 28 ej
624 1042 52 22 flera
690 1042 81 21 utskott
785 1043 101 21 tillsättas
900 1044 27 20 än

179 1083 46 14 som
239 1075 107 22 erfordras
360 1075 34 22 för
404 1075 117 28 beredning
532 1075 24 22 af
564 1076 73 21 dervid
647 1076 172 22 förekommande
830 1077 97 22 ärender.

523 1137 11 27 8
550 1137 33 20 30.
757 1157 2 2 n,

246 1179 49 22 Kan
306 1177 67 29 fråga,
385 1179 111 21 hvaröfver
506 1179 92 21 utskotts
609 1179 134 23 betänkande
755 1179 114 28 erfordras,
881 1181 47 22 icke

178 1213 115 28 lämpligen
307 1213 124 28 hänskjutas
445 1213 32 21 till
492 1213 65 28 något
571 1213 25 21 af
608 1213 26 22 de
648 1214 7 21 i
671 1216 26 19 29
714 1215 10 27 &
739 1215 93 21 nämnda
846 1215 82 22 utskott

179 1247 50 21 eller
247 1254 62 14 anses
328 1247 40 20 den
386 1247 33 21 för
437 1247 105 22 vinnande
560 1247 24 21 af
599 1247 32 21 tid
654 1247 50 22 eller
726 1248 24 21 af
771 1255 69 14 annan
863 1250 64 20 orsak

177 1281 54 21 böra
249 1281 138 21 öfverlemnas
409 1281 33 21 till
463 1281 116 27 beredning
601 1281 24 20 af
644 1282 101 21 särskildt
765 1283 88 26 utskott,
875 1290 51 15 vare

178 1315 119 22 Ständerna
311 1315 134 29 berättigade
459 1317 32 20 att
506 1315 66 29 dylikt
585 1315 82 22 utskott
680 1316 96 23 tillsätta.

245 1351 74 21 Varda
333 1351 57 20 inom
404 1349 66 29 något
487 1351 81 21 utskott
586 1350 122 28 göromålen
726 1351 24 22 så
767 1352 67 22 ökade
853 1354 31 20 att
899 1353 26 22 de

177 1384 46 22 icke
237 1385 72 22 kunna
323 1385 58 22 inom
395 1385 89 28 behörig
498 1385 31 21 tid
543 1385 89 26 utföras,
645 1393 37 20 ege
696 1387 103 22 utskottet
813 1387 40 22 hos
863 1387 63 23 'stån-

178 1419 40 21 den
232 1419 89 22 utverka
335 1419 112 28 tillökning
463 1420 8 20 i
488 1419 154 22 ledamöternes
660 1421 58 21 antal
737 1422 40 21 och
795 1422 33 22 för
843 1423 82 21 arbete-

177 1460 39 15 nas
230 1453 152 29 påskyndande
400 1453 82 22 fördela
499 1454 32 28 sig
549 1454 29 28 på
596 1454 139 29 afdelningar.
764 1456 80 28 Hvarje
858 1456 67 23 sådan
