<?xml version="1.0" encoding="UTF-8"?>
<alto xmlns="http://www.loc.gov/standards/alto/ns-v3#" xmlns:xlink="http://www.w3.org/1999/xlink" xmlns:xsi="http://www.w3.org/2001/XMLSchema-instance" xsi:schemaLocation="http://www.loc.gov/standards/alto/ns-v3# http://www.loc.gov/alto/v3/alto-3-0.xsd">
	<Description>
		<MeasurementUnit>pixel</MeasurementUnit>
		<sourceImageInformation>
			<fileName>/tmp/tess_zst4_rh3_input.PNG</fileName>
		</sourceImageInformation>
		<OCRProcessing ID="OCR_0">
			<ocrProcessingStep>
				<processingSoftware>
					<softwareName>tesseract 5.3.4</softwareName>
				</processingSoftware>
			</ocrProcessingStep>
		</OCRProcessing>
	</Description>
	<Layout>
		<Page WIDTH="1009" HEIGHT="1692" PHYSICAL_IMG_NR="0" ID="page_0">
			<PrintSpace HPOS="0" VPOS="0" WIDTH="1009" HEIGHT="1692">
				<ComposedBlock ID="cblock_0" HPOS="306" VPOS="102" WIDTH="504" HEIGHT="24">
					<TextBlock ID="block_0" HPOS="306" VPOS="102" WIDTH="504" HEIGHT="24">
						<TextLine ID="line_0" HPOS="306" VPOS="102" WIDTH="504" HEIGHT="24">
							<String ID="string_0" HPOS="306" VPOS="102" WIDTH="71" HEIGHT="24" WC="0.92" CONTENT="Nädiga"/><SP WIDTH="12" VPOS="102" HPOS="377"/>
							<String ID="string_1" HPOS="389" VPOS="104" WIDTH="137" HEIGHT="22" WC="0.96" CONTENT="Propositionen"/><SP WIDTH="11" VPOS="104" HPOS="526"/>
							<String ID="string_2" HPOS="537" VPOS="105" WIDTH="35" HEIGHT="17" WC="0.89" CONTENT="N:o"/><SP WIDTH="14" VPOS="105" HPOS="572"/>
							<String ID="string_3" HPOS="586" VPOS="106" WIDTH="26" HEIGHT="16" WC="0.96" CONTENT="11."/><SP WIDTH="164" VPOS="106" HPOS="612"/>
							<String ID="string_4" HPOS="776" VPOS="106" WIDTH="34" HEIGHT="16" WC="0.96" CONTENT="489"/>
						</TextLine>
					</TextBlock>
				</ComposedBlock>
				<ComposedBlock ID="cblock_1" HPOS="79" VPOS="166" WIDTH="756" HEIGHT="1307">
					<TextBlock ID="block_1" HPOS="79" VPOS="166" WIDTH="755" HEIGHT="889">
						<TextLine ID="line_1" HPOS="86" VPOS="166" WIDTH="747" HEIGHT="32">
							<String ID="string_5" HPOS="86" VPOS="168" WIDTH="52" HEIGHT="20" WC="0.96" CONTENT="setts"/><SP WIDTH="17" VPOS="168" HPOS="138"/>
							<String ID="string_6" HPOS="155" VPOS="173" WIDTH="53" HEIGHT="15" WC="0.92" CONTENT="vara"/><SP WIDTH="17" VPOS="173" HPOS="208"/>
							<String ID="string_7" HPOS="225" VPOS="166" WIDTH="48" HEIGHT="22" WC="0.93" CONTENT="med"/><SP WIDTH="14" VPOS="166" HPOS="273"/>
							<String ID="string_8" HPOS="287" VPOS="167" WIDTH="123" HEIGHT="22" WC="0.26" CONTENT="sambhällets"/><SP WIDTH="15" VPOS="167" HPOS="410"/>
							<String ID="string_9" HPOS="425" VPOS="169" WIDTH="99" HEIGHT="27" WC="0.96" CONTENT="trygghet"/><SP WIDTH="13" VPOS="169" HPOS="524"/>
							<String ID="string_10" HPOS="537" VPOS="168" WIDTH="98" HEIGHT="29" WC="0.95" CONTENT="förenlig."/><SP WIDTH="29" VPOS="168" HPOS="635"/>
							<String ID="string_11" HPOS="664" VPOS="169" WIDTH="76" HEIGHT="22" WC="0.93" CONTENT="Denna"/><SP WIDTH="15" VPOS="169" HPOS="740"/>
							<String ID="string_12" HPOS="755" VPOS="170" WIDTH="78" HEIGHT="28" WC="0.92" CONTENT="grund-"/>
						</TextLine>
						<TextLine ID="line_2" HPOS="84" VPOS="201" WIDTH="749" HEIGHT="31">
							<String ID="string_13" HPOS="84" VPOS="202" WIDTH="46" HEIGHT="21" WC="0.96" CONTENT="sats"/><SP WIDTH="14" VPOS="202" HPOS="130"/>
							<String ID="string_14" HPOS="144" VPOS="202" WIDTH="42" HEIGHT="21" WC="0.96" CONTENT="har"/><SP WIDTH="12" VPOS="202" HPOS="186"/>
							<String ID="string_15" HPOS="198" VPOS="201" WIDTH="59" HEIGHT="22" WC="0.93" CONTENT="Hans"/><SP WIDTH="19" VPOS="201" HPOS="257"/>
							<String ID="string_16" HPOS="276" VPOS="201" WIDTH="119" HEIGHT="29" WC="0.91" CONTENT="Köjserliga"/><SP WIDTH="14" VPOS="201" HPOS="395"/>
							<String ID="string_17" HPOS="409" VPOS="203" WIDTH="100" HEIGHT="28" WC="0.96" CONTENT="Majestät"/><SP WIDTH="15" VPOS="203" HPOS="509"/>
							<String ID="string_18" HPOS="524" VPOS="203" WIDTH="70" HEIGHT="22" WC="0.96" CONTENT="funnit"/><SP WIDTH="17" VPOS="203" HPOS="594"/>
							<String ID="string_19" HPOS="611" VPOS="202" WIDTH="25" HEIGHT="23" WC="0.96" CONTENT="sä"/><SP WIDTH="17" VPOS="202" HPOS="636"/>
							<String ID="string_20" HPOS="653" VPOS="204" WIDTH="84" HEIGHT="28" WC="0.80" CONTENT="mycket"/><SP WIDTH="13" VPOS="204" HPOS="737"/>
							<String ID="string_21" HPOS="750" VPOS="204" WIDTH="83" HEIGHT="22" WC="0.96" CONTENT="mindre"/>
						</TextLine>
						<TextLine ID="line_3" HPOS="81" VPOS="235" WIDTH="752" HEIGHT="31">
							<String ID="string_22" HPOS="81" VPOS="236" WIDTH="58" HEIGHT="21" WC="0.72" CONTENT="böra"/><SP WIDTH="21" VPOS="236" HPOS="139"/>
							<String ID="string_23" HPOS="160" VPOS="236" WIDTH="75" HEIGHT="21" WC="0.67" CONTENT="-härvid"/><SP WIDTH="21" VPOS="236" HPOS="235"/>
							<String ID="string_24" HPOS="256" VPOS="235" WIDTH="93" HEIGHT="29" WC="0.88" CONTENT="frängäs,"/><SP WIDTH="23" VPOS="235" HPOS="349"/>
							<String ID="string_25" HPOS="372" VPOS="244" WIDTH="45" HEIGHT="14" WC="0.93" CONTENT="som"/><SP WIDTH="21" VPOS="244" HPOS="417"/>
							<String ID="string_26" HPOS="438" VPOS="238" WIDTH="185" HEIGHT="28" WC="0.88" CONTENT="nödvändigheten"/><SP WIDTH="18" VPOS="238" HPOS="623"/>
							<String ID="string_27" HPOS="641" VPOS="238" WIDTH="25" HEIGHT="22" WC="0.93" CONTENT="af"/><SP WIDTH="19" VPOS="238" HPOS="666"/>
							<String ID="string_28" HPOS="685" VPOS="238" WIDTH="148" HEIGHT="22" WC="0.96" CONTENT="dödsstraffets"/>
						</TextLine>
						<TextLine ID="line_4" HPOS="84" VPOS="270" WIDTH="748" HEIGHT="29">
							<String ID="string_29" HPOS="84" VPOS="270" WIDTH="134" HEIGHT="28" WC="0.91" CONTENT="fullkomliga"/><SP WIDTH="21" VPOS="270" HPOS="218"/>
							<String ID="string_30" HPOS="239" VPOS="270" WIDTH="131" HEIGHT="22" WC="0.92" CONTENT="afskaffande"/><SP WIDTH="19" VPOS="270" HPOS="370"/>
							<String ID="string_31" HPOS="389" VPOS="272" WIDTH="18" HEIGHT="27" WC="0.93" CONTENT="ej"/><SP WIDTH="20" VPOS="272" HPOS="407"/>
							<String ID="string_32" HPOS="427" VPOS="273" WIDTH="57" HEIGHT="20" WC="0.96" CONTENT="ännu"/><SP WIDTH="17" VPOS="273" HPOS="484"/>
							<String ID="string_33" HPOS="501" VPOS="273" WIDTH="26" HEIGHT="20" WC="0.96" CONTENT="är"/><SP WIDTH="18" VPOS="273" HPOS="527"/>
							<String ID="string_34" HPOS="545" VPOS="272" WIDTH="24" HEIGHT="21" WC="0.96" CONTENT="af"/><SP WIDTH="16" VPOS="272" HPOS="569"/>
							<String ID="string_35" HPOS="585" VPOS="272" WIDTH="36" HEIGHT="22" WC="0.97" CONTENT="det"/><SP WIDTH="18" VPOS="272" HPOS="621"/>
							<String ID="string_36" HPOS="639" VPOS="272" WIDTH="108" HEIGHT="22" WC="0.93" CONTENT="allmänna"/><SP WIDTH="21" VPOS="272" HPOS="747"/>
							<String ID="string_37" HPOS="768" VPOS="274" WIDTH="64" HEIGHT="21" WC="0.92" CONTENT="rätts-"/>
						</TextLine>
						<TextLine ID="line_5" HPOS="82" VPOS="304" WIDTH="751" HEIGHT="32">
							<String ID="string_38" HPOS="82" VPOS="304" WIDTH="150" HEIGHT="23" WC="0.95" CONTENT="medvetandet"/><SP WIDTH="14" VPOS="304" HPOS="232"/>
							<String ID="string_39" HPOS="246" VPOS="305" WIDTH="7" HEIGHT="21" WC="0.96" CONTENT="i"/><SP WIDTH="15" VPOS="305" HPOS="253"/>
							<String ID="string_40" HPOS="268" VPOS="305" WIDTH="72" HEIGHT="21" WC="0.96" CONTENT="landet"/><SP WIDTH="14" VPOS="305" HPOS="340"/>
							<String ID="string_41" HPOS="354" VPOS="304" WIDTH="24" HEIGHT="23" WC="0.93" CONTENT="sä"/><SP WIDTH="15" VPOS="304" HPOS="378"/>
							<String ID="string_42" HPOS="393" VPOS="306" WIDTH="124" HEIGHT="28" WC="0.87" CONTENT="obetingadt"/><SP WIDTH="14" VPOS="306" HPOS="517"/>
							<String ID="string_43" HPOS="531" VPOS="306" WIDTH="82" HEIGHT="22" WC="0.94" CONTENT="erkänd"/><SP WIDTH="13" VPOS="306" HPOS="613"/>
							<String ID="string_44" HPOS="626" VPOS="308" WIDTH="31" HEIGHT="20" WC="0.96" CONTENT="att"/><SP WIDTH="16" VPOS="308" HPOS="657"/>
							<String ID="string_45" HPOS="673" VPOS="307" WIDTH="69" HEIGHT="21" WC="0.93" CONTENT="denna"/><SP WIDTH="11" VPOS="307" HPOS="742"/>
							<String ID="string_46" HPOS="753" VPOS="308" WIDTH="80" HEIGHT="28" WC="0.92" CONTENT="vigtiga"/>
						</TextLine>
						<TextLine ID="line_6" HPOS="83" VPOS="339" WIDTH="750" HEIGHT="31">
							<String ID="string_47" HPOS="83" VPOS="339" WIDTH="172" HEIGHT="29" WC="0.92" CONTENT="lagförändrings"/><SP WIDTH="14" VPOS="339" HPOS="255"/>
							<String ID="string_48" HPOS="269" VPOS="340" WIDTH="112" HEIGHT="22" WC="0.96" CONTENT="införande"/><SP WIDTH="14" VPOS="340" HPOS="381"/>
							<String ID="string_49" HPOS="395" VPOS="340" WIDTH="70" HEIGHT="22" WC="0.96" CONTENT="kunde"/><SP WIDTH="14" VPOS="340" HPOS="465"/>
							<String ID="string_50" HPOS="479" VPOS="341" WIDTH="49" HEIGHT="21" WC="0.96" CONTENT="med"/><SP WIDTH="15" VPOS="341" HPOS="528"/>
							<String ID="string_51" HPOS="543" VPOS="341" WIDTH="38" HEIGHT="21" WC="0.93" CONTENT="full"/><SP WIDTH="10" VPOS="341" HPOS="581"/>
							<String ID="string_52" HPOS="591" VPOS="341" WIDTH="110" HEIGHT="28" WC="0.91" CONTENT="tillförsigt"/><SP WIDTH="10" VPOS="341" HPOS="701"/>
							<String ID="string_53" HPOS="711" VPOS="349" WIDTH="35" HEIGHT="14" WC="0.93" CONTENT="om"/><SP WIDTH="11" VPOS="349" HPOS="746"/>
							<String ID="string_54" HPOS="757" VPOS="344" WIDTH="76" HEIGHT="26" WC="0.90" CONTENT="nyttan"/>
						</TextLine>
						<TextLine ID="line_7" HPOS="84" VPOS="374" WIDTH="749" HEIGHT="30">
							<String ID="string_55" HPOS="84" VPOS="374" WIDTH="63" HEIGHT="22" WC="0.68" CONTENT="deraf."/><SP WIDTH="15" VPOS="374" HPOS="147"/>
							<String ID="string_56" HPOS="162" VPOS="374" WIDTH="104" HEIGHT="28" WC="0.95" CONTENT="vidtagas."/><SP WIDTH="31" VPOS="374" HPOS="266"/>
							<String ID="string_57" HPOS="297" VPOS="375" WIDTH="37" HEIGHT="21" WC="0.93" CONTENT="Ett"/><SP WIDTH="17" VPOS="375" HPOS="334"/>
							<String ID="string_58" HPOS="351" VPOS="375" WIDTH="76" HEIGHT="21" WC="0.96" CONTENT="hinder"/><SP WIDTH="18" VPOS="375" HPOS="427"/>
							<String ID="string_59" HPOS="445" VPOS="375" WIDTH="34" HEIGHT="22" WC="0.93" CONTENT="för"/><SP WIDTH="18" VPOS="375" HPOS="479"/>
							<String ID="string_60" HPOS="497" VPOS="374" WIDTH="68" HEIGHT="23" WC="0.96" CONTENT="sådan"/><SP WIDTH="18" VPOS="374" HPOS="565"/>
							<String ID="string_61" HPOS="583" VPOS="374" WIDTH="76" HEIGHT="29" WC="0.96" CONTENT="åtgärd"/><SP WIDTH="14" VPOS="374" HPOS="659"/>
							<String ID="string_62" HPOS="673" VPOS="376" WIDTH="68" HEIGHT="28" WC="0.93" CONTENT="ligger"/><SP WIDTH="12" VPOS="376" HPOS="741"/>
							<String ID="string_63" HPOS="753" VPOS="376" WIDTH="80" HEIGHT="28" WC="0.91" CONTENT="jemväl"/>
						</TextLine>
						<TextLine ID="line_8" HPOS="83" VPOS="408" WIDTH="749" HEIGHT="28">
							<String ID="string_64" HPOS="83" VPOS="408" WIDTH="33" HEIGHT="22" WC="0.86" CONTENT="uti"/><SP WIDTH="14" VPOS="408" HPOS="116"/>
							<String ID="string_65" HPOS="130" VPOS="408" WIDTH="145" HEIGHT="28" WC="0.92" CONTENT="fängelsernas"/><SP WIDTH="14" VPOS="408" HPOS="275"/>
							<String ID="string_66" HPOS="289" VPOS="410" WIDTH="132" HEIGHT="21" WC="0.95" CONTENT="närvarande"/><SP WIDTH="15" VPOS="410" HPOS="421"/>
							<String ID="string_67" HPOS="436" VPOS="409" WIDTH="151" HEIGHT="27" WC="0.93" CONTENT="beskaffenhet,"/><SP WIDTH="16" VPOS="409" HPOS="587"/>
							<String ID="string_68" HPOS="603" VPOS="410" WIDTH="60" HEIGHT="22" WC="0.92" CONTENT="hvari"/><SP WIDTH="12" VPOS="410" HPOS="663"/>
							<String ID="string_69" HPOS="675" VPOS="417" WIDTH="25" HEIGHT="15" WC="0.93" CONTENT="en"/><SP WIDTH="13" VPOS="417" HPOS="700"/>
							<String ID="string_70" HPOS="713" VPOS="410" WIDTH="119" HEIGHT="22" WC="0.91" CONTENT="ändamåls-"/>
						</TextLine>
						<TextLine ID="line_9" HPOS="84" VPOS="443" WIDTH="747" HEIGHT="29">
							<String ID="string_71" HPOS="84" VPOS="443" WIDTH="57" HEIGHT="28" WC="0.96" CONTENT="enlig"/><SP WIDTH="17" VPOS="443" HPOS="141"/>
							<String ID="string_72" HPOS="158" VPOS="443" WIDTH="130" HEIGHT="28" WC="0.96" CONTENT="förbättring"/><SP WIDTH="18" VPOS="443" HPOS="288"/>
							<String ID="string_73" HPOS="306" VPOS="445" WIDTH="57" HEIGHT="19" WC="0.96" CONTENT="ännu"/><SP WIDTH="17" VPOS="445" HPOS="363"/>
							<String ID="string_74" HPOS="380" VPOS="444" WIDTH="68" HEIGHT="21" WC="0.96" CONTENT="under"/><SP WIDTH="18" VPOS="444" HPOS="448"/>
							<String ID="string_75" HPOS="466" VPOS="452" WIDTH="26" HEIGHT="14" WC="0.96" CONTENT="en"/><SP WIDTH="18" VPOS="452" HPOS="492"/>
							<String ID="string_76" HPOS="510" VPOS="445" WIDTH="74" HEIGHT="27" WC="0.93" CONTENT="längre"/><SP WIDTH="18" VPOS="445" HPOS="584"/>
							<String ID="string_77" HPOS="602" VPOS="444" WIDTH="68" HEIGHT="28" WC="0.68" CONTENT="tid-ej"/><SP WIDTH="19" VPOS="444" HPOS="670"/>
							<String ID="string_78" HPOS="689" VPOS="445" WIDTH="43" HEIGHT="21" WC="0.93" CONTENT="kan"/><SP WIDTH="14" VPOS="445" HPOS="732"/>
							<String ID="string_79" HPOS="746" VPOS="447" WIDTH="85" HEIGHT="20" WC="0.92" CONTENT="motses."/>
						</TextLine>
						<TextLine ID="line_10" HPOS="83" VPOS="478" WIDTH="749" HEIGHT="28">
							<String ID="string_80" HPOS="83" VPOS="478" WIDTH="60" HEIGHT="21" WC="0.93" CONTENT="Hans"/><SP WIDTH="19" VPOS="478" HPOS="143"/>
							<String ID="string_81" HPOS="162" VPOS="478" WIDTH="119" HEIGHT="28" WC="0.91" CONTENT="Kejserliga"/><SP WIDTH="18" VPOS="478" HPOS="281"/>
							<String ID="string_82" HPOS="299" VPOS="478" WIDTH="100" HEIGHT="27" WC="0.93" CONTENT="Majestät"/><SP WIDTH="14" VPOS="478" HPOS="399"/>
							<String ID="string_83" HPOS="413" VPOS="479" WIDTH="40" HEIGHT="21" WC="0.93" CONTENT="har"/><SP WIDTH="14" VPOS="479" HPOS="453"/>
							<String ID="string_84" HPOS="467" VPOS="478" WIDTH="86" HEIGHT="22" WC="0.91" CONTENT="derföre"/><SP WIDTH="14" VPOS="478" HPOS="553"/>
							<String ID="string_85" HPOS="567" VPOS="481" WIDTH="70" HEIGHT="19" WC="0.93" CONTENT="ansett"/><SP WIDTH="14" VPOS="481" HPOS="637"/>
							<String ID="string_86" HPOS="651" VPOS="480" WIDTH="181" HEIGHT="21" WC="0.92" CONTENT="rättssäkerheten"/>
						</TextLine>
						<TextLine ID="line_11" HPOS="83" VPOS="512" WIDTH="748" HEIGHT="28">
							<String ID="string_87" HPOS="83" VPOS="519" WIDTH="53" HEIGHT="19" WC="0.95" CONTENT="vara"/><SP WIDTH="21" VPOS="519" HPOS="136"/>
							<String ID="string_88" HPOS="157" VPOS="512" WIDTH="49" HEIGHT="22" WC="0.93" CONTENT="bäst"/><SP WIDTH="17" VPOS="512" HPOS="206"/>
							<String ID="string_89" HPOS="223" VPOS="512" WIDTH="92" HEIGHT="28" WC="0.96" CONTENT="tryggad"/><SP WIDTH="18" VPOS="512" HPOS="315"/>
							<String ID="string_90" HPOS="333" VPOS="520" WIDTH="75" HEIGHT="20" WC="0.93" CONTENT="genom"/><SP WIDTH="19" VPOS="520" HPOS="408"/>
							<String ID="string_91" HPOS="427" VPOS="513" WIDTH="146" HEIGHT="22" WC="0.93" CONTENT="dödsstraffets"/><SP WIDTH="18" VPOS="513" HPOS="573"/>
							<String ID="string_92" HPOS="591" VPOS="513" WIDTH="149" HEIGHT="23" WC="0.93" CONTENT="bibehållande"/><SP WIDTH="19" VPOS="513" HPOS="740"/>
							<String ID="string_93" HPOS="759" VPOS="514" WIDTH="72" HEIGHT="22" WC="0.89" CONTENT="tillsvi-"/>
						</TextLine>
						<TextLine ID="line_12" HPOS="82" VPOS="546" WIDTH="749" HEIGHT="30">
							<String ID="string_94" HPOS="82" VPOS="546" WIDTH="60" HEIGHT="27" WC="0.91" CONTENT="dare,"/><SP WIDTH="14" VPOS="546" HPOS="142"/>
							<String ID="string_95" HPOS="156" VPOS="554" WIDTH="50" HEIGHT="14" WC="0.96" CONTENT="men"/><SP WIDTH="14" VPOS="554" HPOS="206"/>
							<String ID="string_96" HPOS="220" VPOS="547" WIDTH="49" HEIGHT="21" WC="0.93" CONTENT="med"/><SP WIDTH="14" VPOS="547" HPOS="269"/>
							<String ID="string_97" HPOS="283" VPOS="547" WIDTH="152" HEIGHT="28" WC="0.87" CONTENT="inskränkning"/><SP WIDTH="15" VPOS="547" HPOS="435"/>
							<String ID="string_98" HPOS="450" VPOS="548" WIDTH="33" HEIGHT="21" WC="0.96" CONTENT="till"/><SP WIDTH="14" VPOS="548" HPOS="483"/>
							<String ID="string_99" HPOS="497" VPOS="548" WIDTH="76" HEIGHT="22" WC="0.96" CONTENT="endast"/><SP WIDTH="15" VPOS="548" HPOS="573"/>
							<String ID="string_100" HPOS="588" VPOS="548" WIDTH="26" HEIGHT="22" WC="0.93" CONTENT="de"/><SP WIDTH="15" VPOS="548" HPOS="614"/>
							<String ID="string_101" HPOS="629" VPOS="548" WIDTH="81" HEIGHT="28" WC="0.93" CONTENT="gröfsta"/><SP WIDTH="14" VPOS="548" HPOS="710"/>
							<String ID="string_102" HPOS="724" VPOS="549" WIDTH="43" HEIGHT="21" WC="0.92" CONTENT="och"/><SP WIDTH="9" VPOS="549" HPOS="767"/>
							<String ID="string_103" HPOS="776" VPOS="556" WIDTH="55" HEIGHT="14" WC="0.91" CONTENT="sam-"/>
						</TextLine>
						<TextLine ID="line_13" HPOS="82" VPOS="580" WIDTH="748" HEIGHT="30">
							<String ID="string_104" HPOS="82" VPOS="580" WIDTH="169" HEIGHT="22" WC="0.86" CONTENT="hällsbeständet"/><SP WIDTH="16" VPOS="580" HPOS="251"/>
							<String ID="string_105" HPOS="267" VPOS="583" WIDTH="55" HEIGHT="22" WC="0.93" CONTENT="mest"/><SP WIDTH="17" VPOS="583" HPOS="322"/>
							<String ID="string_106" HPOS="339" VPOS="582" WIDTH="124" HEIGHT="22" WC="0.96" CONTENT="kränkande"/><SP WIDTH="14" VPOS="582" HPOS="463"/>
							<String ID="string_107" HPOS="477" VPOS="582" WIDTH="65" HEIGHT="27" WC="0.93" CONTENT="brott,"/><SP WIDTH="15" VPOS="582" HPOS="542"/>
							<String ID="string_108" HPOS="557" VPOS="582" WIDTH="84" HEIGHT="22" WC="0.93" CONTENT="hvilken"/><SP WIDTH="15" VPOS="582" HPOS="641"/>
							<String ID="string_109" HPOS="656" VPOS="582" WIDTH="65" HEIGHT="28" WC="0.90" CONTENT="äsigts"/><SP WIDTH="16" VPOS="582" HPOS="721"/>
							<String ID="string_110" HPOS="737" VPOS="583" WIDTH="93" HEIGHT="27" WC="0.92" CONTENT="godkän-"/>
						</TextLine>
						<TextLine ID="line_14" HPOS="82" VPOS="616" WIDTH="749" HEIGHT="30">
							<String ID="string_111" HPOS="82" VPOS="616" WIDTH="70" HEIGHT="22" WC="0.92" CONTENT="nande"/><SP WIDTH="13" VPOS="616" HPOS="152"/>
							<String ID="string_112" HPOS="165" VPOS="616" WIDTH="30" HEIGHT="26" WC="0.93" CONTENT="af"/><SP WIDTH="13" VPOS="616" HPOS="195"/>
							<String ID="string_113" HPOS="208" VPOS="616" WIDTH="120" HEIGHT="22" WC="0.91" CONTENT="Ständerna"/><SP WIDTH="14" VPOS="616" HPOS="328"/>
							<String ID="string_114" HPOS="342" VPOS="618" WIDTH="58" HEIGHT="27" WC="0.92" CONTENT="synts"/><SP WIDTH="15" VPOS="618" HPOS="400"/>
							<String ID="string_115" HPOS="415" VPOS="616" WIDTH="24" HEIGHT="23" WC="0.96" CONTENT="sä"/><SP WIDTH="13" VPOS="616" HPOS="439"/>
							<String ID="string_116" HPOS="452" VPOS="618" WIDTH="85" HEIGHT="28" WC="0.93" CONTENT="mycket"/><SP WIDTH="14" VPOS="618" HPOS="537"/>
							<String ID="string_117" HPOS="551" VPOS="617" WIDTH="67" HEIGHT="22" WC="0.91" CONTENT="hellre"/><SP WIDTH="13" VPOS="617" HPOS="618"/>
							<String ID="string_118" HPOS="631" VPOS="618" WIDTH="72" HEIGHT="22" WC="0.93" CONTENT="kunna"/><SP WIDTH="14" VPOS="618" HPOS="703"/>
							<String ID="string_119" HPOS="717" VPOS="617" WIDTH="114" HEIGHT="29" WC="0.93" CONTENT="päräknas,"/>
						</TextLine>
						<TextLine ID="line_15" HPOS="82" VPOS="652" WIDTH="748" HEIGHT="28">
							<String ID="string_120" HPOS="82" VPOS="658" WIDTH="47" HEIGHT="15" WC="0.92" CONTENT="som"/><SP WIDTH="13" VPOS="658" HPOS="129"/>
							<String ID="string_121" HPOS="142" VPOS="652" WIDTH="74" HEIGHT="27" WC="0.91" CONTENT="lagens"/><SP WIDTH="15" VPOS="652" HPOS="216"/>
							<String ID="string_122" HPOS="231" VPOS="652" WIDTH="111" HEIGHT="27" WC="0.91" CONTENT="stränghet"/><SP WIDTH="8" VPOS="652" HPOS="342"/>
							<String ID="string_123" HPOS="350" VPOS="652" WIDTH="49" HEIGHT="26" WC="0.96" CONTENT="kan,"/><SP WIDTH="16" VPOS="652" HPOS="399"/>
							<String ID="string_124" HPOS="415" VPOS="652" WIDTH="66" HEIGHT="28" WC="0.96" CONTENT="enligt"/><SP WIDTH="15" VPOS="652" HPOS="481"/>
							<String ID="string_125" HPOS="496" VPOS="652" WIDTH="40" HEIGHT="22" WC="0.96" CONTENT="den"/><SP WIDTH="15" VPOS="652" HPOS="536"/>
							<String ID="string_126" HPOS="551" VPOS="652" WIDTH="7" HEIGHT="22" WC="0.93" CONTENT="i"/><SP WIDTH="15" VPOS="652" HPOS="558"/>
							<String ID="string_127" HPOS="573" VPOS="652" WIDTH="132" HEIGHT="28" WC="0.92" CONTENT="grundlagen"/><SP WIDTH="11" VPOS="652" HPOS="705"/>
							<String ID="string_128" HPOS="716" VPOS="653" WIDTH="58" HEIGHT="21" WC="0.93" CONTENT="Hans"/><SP WIDTH="11" VPOS="653" HPOS="774"/>
							<String ID="string_129" HPOS="785" VPOS="653" WIDTH="45" HEIGHT="21" WC="0.92" CONTENT="Ma-"/>
						</TextLine>
						<TextLine ID="line_16" HPOS="79" VPOS="685" WIDTH="752" HEIGHT="30">
							<String ID="string_130" HPOS="79" VPOS="686" WIDTH="67" HEIGHT="28" WC="0.91" CONTENT="jestät"/><SP WIDTH="18" VPOS="686" HPOS="146"/>
							<String ID="string_131" HPOS="164" VPOS="686" WIDTH="108" HEIGHT="28" WC="0.92" CONTENT="medgifna"/><SP WIDTH="17" VPOS="686" HPOS="272"/>
							<String ID="string_132" HPOS="289" VPOS="685" WIDTH="182" HEIGHT="29" WC="0.91" CONTENT="benädningsrätt,"/><SP WIDTH="19" VPOS="685" HPOS="471"/>
							<String ID="string_133" HPOS="490" VPOS="686" WIDTH="28" HEIGHT="22" WC="0.93" CONTENT="dä"/><SP WIDTH="17" VPOS="686" HPOS="518"/>
							<String ID="string_134" HPOS="535" VPOS="687" WIDTH="208" HEIGHT="28" WC="0.92" CONTENT="omständigheterna"/><SP WIDTH="18" VPOS="687" HPOS="743"/>
							<String ID="string_135" HPOS="761" VPOS="687" WIDTH="70" HEIGHT="22" WC="0.88" CONTENT="dertill"/>
						</TextLine>
						<TextLine ID="line_17" HPOS="82" VPOS="720" WIDTH="749" HEIGHT="30">
							<String ID="string_136" HPOS="82" VPOS="720" WIDTH="117" HEIGHT="27" WC="0.92" CONTENT="föranleda,"/><SP WIDTH="19" VPOS="720" HPOS="199"/>
							<String ID="string_137" HPOS="218" VPOS="721" WIDTH="94" HEIGHT="21" WC="0.93" CONTENT="mildras."/><SP WIDTH="30" VPOS="721" HPOS="312"/>
							<String ID="string_138" HPOS="342" VPOS="721" WIDTH="60" HEIGHT="21" WC="0.93" CONTENT="Dock"/><SP WIDTH="18" VPOS="721" HPOS="402"/>
							<String ID="string_139" HPOS="420" VPOS="728" WIDTH="62" HEIGHT="22" WC="0.93" CONTENT="synas"/><SP WIDTH="15" VPOS="728" HPOS="482"/>
							<String ID="string_140" HPOS="497" VPOS="721" WIDTH="111" HEIGHT="29" WC="0.90" CONTENT="oafvisliga"/><SP WIDTH="15" VPOS="721" HPOS="608"/>
							<String ID="string_141" HPOS="623" VPOS="722" WIDTH="46" HEIGHT="21" WC="0.92" CONTENT="skäl"/><SP WIDTH="13" VPOS="722" HPOS="669"/>
							<String ID="string_142" HPOS="682" VPOS="722" WIDTH="45" HEIGHT="21" WC="0.92" CONTENT="tala"/><SP WIDTH="14" VPOS="722" HPOS="727"/>
							<String ID="string_143" HPOS="741" VPOS="722" WIDTH="34" HEIGHT="21" WC="0.96" CONTENT="för"/><SP WIDTH="16" VPOS="722" HPOS="775"/>
							<String ID="string_144" HPOS="791" VPOS="722" WIDTH="40" HEIGHT="22" WC="0.96" CONTENT="den"/>
						</TextLine>
						<TextLine ID="line_18" HPOS="83" VPOS="754" WIDTH="748" HEIGHT="30">
							<String ID="string_145" HPOS="83" VPOS="754" WIDTH="76" HEIGHT="29" WC="0.95" CONTENT="åtgärd"/><SP WIDTH="22" VPOS="754" HPOS="159"/>
							<String ID="string_146" HPOS="181" VPOS="757" WIDTH="32" HEIGHT="19" WC="0.93" CONTENT="att"/><SP WIDTH="23" VPOS="757" HPOS="213"/>
							<String ID="string_147" HPOS="236" VPOS="755" WIDTH="135" HEIGHT="22" WC="0.73" CONTENT="dödstraffets"/><SP WIDTH="18" VPOS="755" HPOS="371"/>
							<String ID="string_148" HPOS="389" VPOS="756" WIDTH="123" HEIGHT="28" WC="0.96" CONTENT="skärpning,"/><SP WIDTH="19" VPOS="756" HPOS="512"/>
							<String ID="string_149" HPOS="531" VPOS="763" WIDTH="45" HEIGHT="16" WC="0.95" CONTENT="som"/><SP WIDTH="19" VPOS="763" HPOS="576"/>
							<String ID="string_150" HPOS="595" VPOS="756" WIDTH="66" HEIGHT="28" WC="0.95" CONTENT="enligt"/><SP WIDTH="18" VPOS="756" HPOS="661"/>
							<String ID="string_151" HPOS="679" VPOS="756" WIDTH="98" HEIGHT="28" WC="0.96" CONTENT="gällande"/><SP WIDTH="18" VPOS="756" HPOS="777"/>
							<String ID="string_152" HPOS="795" VPOS="756" WIDTH="36" HEIGHT="28" WC="0.96" CONTENT="lag"/>
						</TextLine>
						<TextLine ID="line_19" HPOS="82" VPOS="789" WIDTH="751" HEIGHT="30">
							<String ID="string_153" HPOS="82" VPOS="789" WIDTH="34" HEIGHT="22" WC="0.96" CONTENT="för"/><SP WIDTH="18" VPOS="789" HPOS="116"/>
							<String ID="string_154" HPOS="134" VPOS="790" WIDTH="57" HEIGHT="21" WC="0.96" CONTENT="vissa"/><SP WIDTH="18" VPOS="790" HPOS="191"/>
							<String ID="string_155" HPOS="209" VPOS="790" WIDTH="37" HEIGHT="21" WC="0.97" CONTENT="fall"/><SP WIDTH="19" VPOS="790" HPOS="246"/>
							<String ID="string_156" HPOS="265" VPOS="791" WIDTH="24" HEIGHT="20" WC="0.93" CONTENT="är"/><SP WIDTH="18" VPOS="791" HPOS="289"/>
							<String ID="string_157" HPOS="307" VPOS="790" WIDTH="96" HEIGHT="27" WC="0.93" CONTENT="stadgad,"/><SP WIDTH="20" VPOS="790" HPOS="403"/>
							<String ID="string_158" HPOS="423" VPOS="789" WIDTH="70" HEIGHT="23" WC="0.92" CONTENT="säsom"/><SP WIDTH="18" VPOS="789" HPOS="493"/>
							<String ID="string_159" HPOS="511" VPOS="791" WIDTH="40" HEIGHT="21" WC="0.92" CONTENT="ock"/><SP WIDTH="17" VPOS="791" HPOS="551"/>
							<String ID="string_160" HPOS="568" VPOS="791" WIDTH="74" HEIGHT="27" WC="0.92" CONTENT="hvarje"/><SP WIDTH="18" VPOS="791" HPOS="642"/>
							<String ID="string_161" HPOS="660" VPOS="793" WIDTH="65" HEIGHT="19" WC="0.96" CONTENT="annat"/><SP WIDTH="18" VPOS="793" HPOS="725"/>
							<String ID="string_162" HPOS="743" VPOS="792" WIDTH="46" HEIGHT="27" WC="0.96" CONTENT="slag"/><SP WIDTH="20" VPOS="792" HPOS="789"/>
							<String ID="string_163" HPOS="809" VPOS="790" WIDTH="24" HEIGHT="22" WC="0.96" CONTENT="af"/>
						</TextLine>
						<TextLine ID="line_20" HPOS="82" VPOS="824" WIDTH="749" HEIGHT="29">
							<String ID="string_164" HPOS="82" VPOS="824" WIDTH="119" HEIGHT="21" WC="0.90" CONTENT="dödsstraff"/><SP WIDTH="16" VPOS="824" HPOS="201"/>
							<String ID="string_165" HPOS="217" VPOS="826" WIDTH="27" HEIGHT="19" WC="0.96" CONTENT="än"/><SP WIDTH="19" VPOS="826" HPOS="244"/>
							<String ID="string_166" HPOS="263" VPOS="824" WIDTH="36" HEIGHT="21" WC="0.96" CONTENT="det"/><SP WIDTH="18" VPOS="824" HPOS="299"/>
							<String ID="string_167" HPOS="317" VPOS="832" WIDTH="45" HEIGHT="13" WC="0.96" CONTENT="som"/><SP WIDTH="18" VPOS="832" HPOS="362"/>
							<String ID="string_168" HPOS="380" VPOS="824" WIDTH="49" HEIGHT="21" WC="0.96" CONTENT="sker"/><SP WIDTH="18" VPOS="824" HPOS="429"/>
							<String ID="string_169" HPOS="447" VPOS="825" WIDTH="90" HEIGHT="21" WC="0.93" CONTENT="medelst"/><SP WIDTH="13" VPOS="825" HPOS="537"/>
							<String ID="string_170" HPOS="550" VPOS="825" WIDTH="157" HEIGHT="28" WC="0.92" CONTENT="halshuggning"/><SP WIDTH="14" VPOS="825" HPOS="707"/>
							<String ID="string_171" HPOS="721" VPOS="824" WIDTH="66" HEIGHT="23" WC="0.92" CONTENT="mätte"/><SP WIDTH="14" VPOS="824" HPOS="787"/>
							<String ID="string_172" HPOS="801" VPOS="832" WIDTH="30" HEIGHT="15" WC="0.97" CONTENT="nu"/>
						</TextLine>
						<TextLine ID="line_21" HPOS="82" VPOS="858" WIDTH="749" HEIGHT="29">
							<String ID="string_173" HPOS="82" VPOS="858" WIDTH="68" HEIGHT="22" WC="0.96" CONTENT="redan"/><SP WIDTH="14" VPOS="858" HPOS="150"/>
							<String ID="string_174" HPOS="164" VPOS="859" WIDTH="7" HEIGHT="20" WC="0.96" CONTENT="i"/><SP WIDTH="16" VPOS="859" HPOS="171"/>
							<String ID="string_175" HPOS="187" VPOS="859" WIDTH="40" HEIGHT="21" WC="0.96" CONTENT="den"/><SP WIDTH="16" VPOS="859" HPOS="227"/>
							<String ID="string_176" HPOS="243" VPOS="859" WIDTH="108" HEIGHT="24" WC="0.96" CONTENT="allmänna"/><SP WIDTH="13" VPOS="859" HPOS="351"/>
							<String ID="string_177" HPOS="364" VPOS="859" WIDTH="63" HEIGHT="27" WC="0.93" CONTENT="lagen"/><SP WIDTH="14" VPOS="859" HPOS="427"/>
							<String ID="string_178" HPOS="441" VPOS="859" WIDTH="109" HEIGHT="22" WC="0.92" CONTENT="afskaffas."/><SP WIDTH="29" VPOS="859" HPOS="550"/>
							<String ID="string_179" HPOS="579" VPOS="859" WIDTH="44" HEIGHT="22" WC="0.93" CONTENT="För"/><SP WIDTH="14" VPOS="859" HPOS="623"/>
							<String ID="string_180" HPOS="637" VPOS="859" WIDTH="64" HEIGHT="28" WC="0.96" CONTENT="öfrigt"/><SP WIDTH="14" VPOS="859" HPOS="701"/>
							<String ID="string_181" HPOS="715" VPOS="859" WIDTH="116" HEIGHT="22" WC="0.96" CONTENT="innefattar"/>
						</TextLine>
						<TextLine ID="line_22" HPOS="82" VPOS="893" WIDTH="752" HEIGHT="28">
							<String ID="string_182" HPOS="82" VPOS="893" WIDTH="60" HEIGHT="22" WC="0.96" CONTENT="detta"/><SP WIDTH="18" VPOS="893" HPOS="142"/>
							<String ID="string_183" HPOS="160" VPOS="893" WIDTH="80" HEIGHT="28" WC="0.93" CONTENT="förslag"/><SP WIDTH="12" VPOS="893" HPOS="240"/>
							<String ID="string_184" HPOS="252" VPOS="893" WIDTH="79" HEIGHT="28" WC="0.92" CONTENT="jemväl"/><SP WIDTH="14" VPOS="893" HPOS="331"/>
							<String ID="string_185" HPOS="345" VPOS="893" WIDTH="91" HEIGHT="28" WC="0.96" CONTENT="ändring"/><SP WIDTH="15" VPOS="893" HPOS="436"/>
							<String ID="string_186" HPOS="451" VPOS="893" WIDTH="24" HEIGHT="22" WC="0.96" CONTENT="af"/><SP WIDTH="12" VPOS="893" HPOS="475"/>
							<String ID="string_187" HPOS="487" VPOS="893" WIDTH="56" HEIGHT="22" WC="0.93" CONTENT="vissa"/><SP WIDTH="14" VPOS="893" HPOS="543"/>
							<String ID="string_188" HPOS="557" VPOS="893" WIDTH="90" HEIGHT="28" WC="0.92" CONTENT="lagrum,"/><SP WIDTH="16" VPOS="893" HPOS="647"/>
							<String ID="string_189" HPOS="663" VPOS="894" WIDTH="38" HEIGHT="21" WC="0.93" CONTENT="der"/><SP WIDTH="15" VPOS="894" HPOS="701"/>
							<String ID="string_190" HPOS="716" VPOS="894" WIDTH="118" HEIGHT="22" WC="0.92" CONTENT="dödsstraff"/>
						</TextLine>
						<TextLine ID="line_23" HPOS="82" VPOS="928" WIDTH="749" HEIGHT="29">
							<String ID="string_191" HPOS="82" VPOS="929" WIDTH="24" HEIGHT="21" WC="0.89" CONTENT="är"/><SP WIDTH="18" VPOS="929" HPOS="106"/>
							<String ID="string_192" HPOS="124" VPOS="928" WIDTH="35" HEIGHT="22" WC="0.96" CONTENT="för"/><SP WIDTH="17" VPOS="928" HPOS="159"/>
							<String ID="string_193" HPOS="176" VPOS="928" WIDTH="81" HEIGHT="23" WC="0.84" CONTENT="brottet"/><SP WIDTH="17" VPOS="928" HPOS="257"/>
							<String ID="string_194" HPOS="274" VPOS="928" WIDTH="106" HEIGHT="29" WC="0.88" CONTENT="stadgadt,"/><SP WIDTH="20" VPOS="928" HPOS="380"/>
							<String ID="string_195" HPOS="400" VPOS="935" WIDTH="48" HEIGHT="15" WC="0.96" CONTENT="men"/><SP WIDTH="15" VPOS="935" HPOS="448"/>
							<String ID="string_196" HPOS="463" VPOS="928" WIDTH="60" HEIGHT="23" WC="0.97" CONTENT="detta"/><SP WIDTH="14" VPOS="928" HPOS="523"/>
							<String ID="string_197" HPOS="537" VPOS="928" WIDTH="64" HEIGHT="22" WC="0.93" CONTENT="straff"/><SP WIDTH="12" VPOS="928" HPOS="601"/>
							<String ID="string_198" HPOS="613" VPOS="929" WIDTH="18" HEIGHT="28" WC="0.93" CONTENT="ej"/><SP WIDTH="16" VPOS="929" HPOS="631"/>
							<String ID="string_199" HPOS="647" VPOS="937" WIDTH="60" HEIGHT="14" WC="0.96" CONTENT="mera"/><SP WIDTH="14" VPOS="937" HPOS="707"/>
							<String ID="string_200" HPOS="721" VPOS="937" WIDTH="62" HEIGHT="14" WC="0.96" CONTENT="anses"/><SP WIDTH="14" VPOS="937" HPOS="783"/>
							<String ID="string_201" HPOS="797" VPOS="928" WIDTH="34" HEIGHT="23" WC="0.96" CONTENT="stä"/>
						</TextLine>
						<TextLine ID="line_24" HPOS="81" VPOS="963" WIDTH="750" HEIGHT="30">
							<String ID="string_202" HPOS="81" VPOS="964" WIDTH="8" HEIGHT="21" WC="0.93" CONTENT="i"/><SP WIDTH="17" VPOS="964" HPOS="89"/>
							<String ID="string_203" HPOS="106" VPOS="964" WIDTH="85" HEIGHT="21" WC="0.89" CONTENT="rättvist"/><SP WIDTH="18" VPOS="964" HPOS="191"/>
							<String ID="string_204" HPOS="209" VPOS="963" WIDTH="134" HEIGHT="22" WC="0.92" CONTENT="förhällande"/><SP WIDTH="16" VPOS="963" HPOS="343"/>
							<String ID="string_205" HPOS="359" VPOS="963" WIDTH="34" HEIGHT="22" WC="0.93" CONTENT="till"/><SP WIDTH="17" VPOS="963" HPOS="393"/>
							<String ID="string_206" HPOS="410" VPOS="963" WIDTH="96" HEIGHT="22" WC="0.93" CONTENT="brottens"/><SP WIDTH="17" VPOS="963" HPOS="506"/>
							<String ID="string_207" HPOS="523" VPOS="963" WIDTH="152" HEIGHT="27" WC="0.91" CONTENT="beskaffenhet,"/><SP WIDTH="20" VPOS="963" HPOS="675"/>
							<String ID="string_208" HPOS="695" VPOS="965" WIDTH="7" HEIGHT="20" WC="0.93" CONTENT="i"/><SP WIDTH="15" VPOS="965" HPOS="702"/>
							<String ID="string_209" HPOS="717" VPOS="964" WIDTH="114" HEIGHT="29" WC="0.93" CONTENT="anledning"/>
						</TextLine>
						<TextLine ID="line_25" HPOS="81" VPOS="998" WIDTH="749" HEIGHT="29">
							<String ID="string_210" HPOS="81" VPOS="998" WIDTH="78" HEIGHT="22" WC="0.92" CONTENT="hvaraf"/><SP WIDTH="9" VPOS="998" HPOS="159"/>
							<String ID="string_211" HPOS="168" VPOS="998" WIDTH="202" HEIGHT="22" WC="0.92" CONTENT="öfverdomstolarne"/><SP WIDTH="11" VPOS="998" HPOS="370"/>
							<String ID="string_212" HPOS="381" VPOS="998" WIDTH="66" HEIGHT="21" WC="0.93" CONTENT="redan"/><SP WIDTH="8" VPOS="998" HPOS="447"/>
							<String ID="string_213" HPOS="455" VPOS="998" WIDTH="139" HEIGHT="22" WC="0.92" CONTENT="härförinnan"/><SP WIDTH="7" VPOS="998" HPOS="594"/>
							<String ID="string_214" HPOS="601" VPOS="998" WIDTH="119" HEIGHT="29" WC="0.90" CONTENT="medgifvits"/><SP WIDTH="9" VPOS="998" HPOS="720"/>
							<String ID="string_215" HPOS="729" VPOS="1001" WIDTH="31" HEIGHT="20" WC="0.93" CONTENT="att"/><SP WIDTH="7" VPOS="1001" HPOS="760"/>
							<String ID="string_216" HPOS="767" VPOS="999" WIDTH="63" HEIGHT="22" WC="0.92" CONTENT="straf-"/>
						</TextLine>
						<TextLine ID="line_26" HPOS="82" VPOS="1032" WIDTH="298" HEIGHT="23">
							<String ID="string_217" HPOS="82" VPOS="1033" WIDTH="30" HEIGHT="22" WC="0.93" CONTENT="fet"/><SP WIDTH="14" VPOS="1033" HPOS="112"/>
							<String ID="string_218" HPOS="126" VPOS="1033" WIDTH="8" HEIGHT="21" WC="0.93" CONTENT="i"/><SP WIDTH="15" VPOS="1033" HPOS="134"/>
							<String ID="string_219" HPOS="149" VPOS="1032" WIDTH="81" HEIGHT="22" WC="0.93" CONTENT="sädana"/><SP WIDTH="15" VPOS="1032" HPOS="230"/>
							<String ID="string_220" HPOS="245" VPOS="1033" WIDTH="38" HEIGHT="22" WC="0.93" CONTENT="fall"/><SP WIDTH="14" VPOS="1033" HPOS="283"/>
							<String ID="string_221" HPOS="297" VPOS="1033" WIDTH="83" HEIGHT="21" WC="0.93" CONTENT="mildra."/>
						</TextLine>
					</TextBlock>
					<TextBlock ID="block_2" HPOS="81" VPOS="1067" WIDTH="754" HEIGHT="406">
						<TextLine ID="line_27" HPOS="150" VPOS="1067" WIDTH="681" HEIGHT="29">
							<String ID="string_222" HPOS="150" VPOS="1067" WIDTH="47" HEIGHT="22" WC="0.91" CONTENT="Den"/><SP WIDTH="22" VPOS="1067" HPOS="197"/>
							<String ID="string_223" HPOS="219" VPOS="1067" WIDTH="90" HEIGHT="22" WC="0.91" CONTENT="sednare"/><SP WIDTH="22" VPOS="1067" HPOS="309"/>
							<String ID="string_224" HPOS="331" VPOS="1067" WIDTH="24" HEIGHT="21" WC="0.93" CONTENT="af"/><SP WIDTH="18" VPOS="1067" HPOS="355"/>
							<String ID="string_225" HPOS="373" VPOS="1067" WIDTH="164" HEIGHT="28" WC="0.96" CONTENT="ifrågavarande"/><SP WIDTH="18" VPOS="1067" HPOS="537"/>
							<String ID="string_226" HPOS="555" VPOS="1067" WIDTH="151" HEIGHT="29" WC="0.93" CONTENT="författningar"/><SP WIDTH="19" VPOS="1067" HPOS="706"/>
							<String ID="string_227" HPOS="725" VPOS="1068" WIDTH="56" HEIGHT="22" WC="0.92" CONTENT="afser"/><SP WIDTH="18" VPOS="1068" HPOS="781"/>
							<String ID="string_228" HPOS="799" VPOS="1068" WIDTH="32" HEIGHT="22" WC="0.93" CONTENT="af-"/>
						</TextLine>
						<TextLine ID="line_28" HPOS="82" VPOS="1101" WIDTH="749" HEIGHT="29">
							<String ID="string_229" HPOS="82" VPOS="1101" WIDTH="111" HEIGHT="22" WC="0.92" CONTENT="skaffande"/><SP WIDTH="18" VPOS="1101" HPOS="193"/>
							<String ID="string_230" HPOS="211" VPOS="1102" WIDTH="24" HEIGHT="21" WC="0.93" CONTENT="af"/><SP WIDTH="13" VPOS="1102" HPOS="235"/>
							<String ID="string_231" HPOS="248" VPOS="1101" WIDTH="106" HEIGHT="28" WC="0.93" CONTENT="ätskilliga"/><SP WIDTH="14" VPOS="1101" HPOS="354"/>
							<String ID="string_232" HPOS="368" VPOS="1102" WIDTH="8" HEIGHT="21" WC="0.96" CONTENT="i"/><SP WIDTH="14" VPOS="1102" HPOS="376"/>
							<String ID="string_233" HPOS="390" VPOS="1102" WIDTH="35" HEIGHT="27" WC="0.93" CONTENT="lag"/><SP WIDTH="15" VPOS="1102" HPOS="425"/>
							<String ID="string_234" HPOS="440" VPOS="1104" WIDTH="112" HEIGHT="26" WC="0.92" CONTENT="upptagna"/><SP WIDTH="15" VPOS="1104" HPOS="552"/>
							<String ID="string_235" HPOS="567" VPOS="1102" WIDTH="124" HEIGHT="27" WC="0.91" CONTENT="straffarter,"/><SP WIDTH="16" VPOS="1102" HPOS="691"/>
							<String ID="string_236" HPOS="707" VPOS="1103" WIDTH="72" HEIGHT="21" WC="0.89" CONTENT="hvilka"/><SP WIDTH="13" VPOS="1103" HPOS="779"/>
							<String ID="string_237" HPOS="792" VPOS="1110" WIDTH="39" HEIGHT="14" WC="0.89" CONTENT="nu-"/>
						</TextLine>
						<TextLine ID="line_29" HPOS="82" VPOS="1135" WIDTH="750" HEIGHT="28">
							<String ID="string_238" HPOS="82" VPOS="1143" WIDTH="60" HEIGHT="14" WC="0.89" CONTENT="mera"/><SP WIDTH="23" VPOS="1143" HPOS="142"/>
							<String ID="string_239" HPOS="165" VPOS="1135" WIDTH="79" HEIGHT="22" WC="0.89" CONTENT="funnits"/><SP WIDTH="19" VPOS="1135" HPOS="244"/>
							<String ID="string_240" HPOS="263" VPOS="1136" WIDTH="121" HEIGHT="27" WC="0.90" CONTENT="olämpliga,"/><SP WIDTH="19" VPOS="1136" HPOS="384"/>
							<String ID="string_241" HPOS="403" VPOS="1138" WIDTH="56" HEIGHT="20" WC="0.96" CONTENT="samt"/><SP WIDTH="18" VPOS="1138" HPOS="459"/>
							<String ID="string_242" HPOS="477" VPOS="1137" WIDTH="62" HEIGHT="21" WC="0.93" CONTENT="deras"/><SP WIDTH="19" VPOS="1137" HPOS="539"/>
							<String ID="string_243" HPOS="558" VPOS="1137" WIDTH="121" HEIGHT="22" WC="0.93" CONTENT="ersättande"/><SP WIDTH="17" VPOS="1137" HPOS="679"/>
							<String ID="string_244" HPOS="696" VPOS="1137" WIDTH="49" HEIGHT="22" WC="0.93" CONTENT="med"/><SP WIDTH="18" VPOS="1137" HPOS="745"/>
							<String ID="string_245" HPOS="763" VPOS="1137" WIDTH="69" HEIGHT="22" WC="0.96" CONTENT="andra"/>
						</TextLine>
						<TextLine ID="line_30" HPOS="82" VPOS="1169" WIDTH="749" HEIGHT="30">
							<String ID="string_246" HPOS="82" VPOS="1170" WIDTH="68" HEIGHT="22" WC="0.90" CONTENT="straff."/><SP WIDTH="33" VPOS="1170" HPOS="150"/>
							<String ID="string_247" HPOS="183" VPOS="1171" WIDTH="64" HEIGHT="21" WC="0.86" CONTENT="Detta"/><SP WIDTH="22" VPOS="1171" HPOS="247"/>
							<String ID="string_248" HPOS="269" VPOS="1170" WIDTH="80" HEIGHT="28" WC="0.93" CONTENT="förslag"/><SP WIDTH="22" VPOS="1170" HPOS="349"/>
							<String ID="string_249" HPOS="371" VPOS="1171" WIDTH="197" HEIGHT="21" WC="0.89" CONTENT="öfverensstämmer"/><SP WIDTH="21" VPOS="1171" HPOS="568"/>
							<String ID="string_250" HPOS="589" VPOS="1171" WIDTH="176" HEIGHT="28" WC="0.92" CONTENT="hufvudsakligen"/><SP WIDTH="17" VPOS="1171" HPOS="765"/>
							<String ID="string_251" HPOS="782" VPOS="1169" WIDTH="49" HEIGHT="24" WC="0.96" CONTENT="med"/>
						</TextLine>
						<TextLine ID="line_31" HPOS="82" VPOS="1205" WIDTH="749" HEIGHT="28">
							<String ID="string_252" HPOS="82" VPOS="1205" WIDTH="56" HEIGHT="21" WC="0.92" CONTENT="hvad"/><SP WIDTH="18" VPOS="1205" HPOS="138"/>
							<String ID="string_253" HPOS="156" VPOS="1205" WIDTH="59" HEIGHT="21" WC="0.93" CONTENT="Hans"/><SP WIDTH="20" VPOS="1205" HPOS="215"/>
							<String ID="string_254" HPOS="235" VPOS="1205" WIDTH="118" HEIGHT="28" WC="0.92" CONTENT="Kejserliga"/><SP WIDTH="17" VPOS="1205" HPOS="353"/>
							<String ID="string_255" HPOS="370" VPOS="1205" WIDTH="101" HEIGHT="27" WC="0.93" CONTENT="Majestät"/><SP WIDTH="17" VPOS="1205" HPOS="471"/>
							<String ID="string_256" HPOS="488" VPOS="1205" WIDTH="36" HEIGHT="22" WC="0.93" CONTENT="vid"/><SP WIDTH="19" VPOS="1205" HPOS="524"/>
							<String ID="string_257" HPOS="543" VPOS="1205" WIDTH="98" HEIGHT="22" WC="0.92" CONTENT="sednaste"/><SP WIDTH="16" VPOS="1205" HPOS="641"/>
							<String ID="string_258" HPOS="657" VPOS="1206" WIDTH="104" HEIGHT="27" WC="0.92" CONTENT="landtdag"/><SP WIDTH="14" VPOS="1206" HPOS="761"/>
							<String ID="string_259" HPOS="775" VPOS="1205" WIDTH="56" HEIGHT="22" WC="0.93" CONTENT="före-"/>
						</TextLine>
						<TextLine ID="line_32" HPOS="82" VPOS="1239" WIDTH="749" HEIGHT="29">
							<String ID="string_260" HPOS="82" VPOS="1239" WIDTH="64" HEIGHT="28" WC="0.93" CONTENT="slagit"/><SP WIDTH="18" VPOS="1239" HPOS="146"/>
							<String ID="string_261" HPOS="164" VPOS="1239" WIDTH="40" HEIGHT="22" WC="0.93" CONTENT="och"/><SP WIDTH="20" VPOS="1239" HPOS="204"/>
							<String ID="string_262" HPOS="224" VPOS="1239" WIDTH="120" HEIGHT="22" WC="0.91" CONTENT="Ständerna"/><SP WIDTH="14" VPOS="1239" HPOS="344"/>
							<String ID="string_263" HPOS="358" VPOS="1240" WIDTH="88" HEIGHT="27" WC="0.93" CONTENT="antagit,"/><SP WIDTH="16" VPOS="1240" HPOS="446"/>
							<String ID="string_264" HPOS="462" VPOS="1240" WIDTH="40" HEIGHT="21" WC="0.93" CONTENT="och"/><SP WIDTH="15" VPOS="1240" HPOS="502"/>
							<String ID="string_265" HPOS="517" VPOS="1239" WIDTH="98" HEIGHT="28" WC="0.92" CONTENT="päkallar"/><SP WIDTH="14" VPOS="1239" HPOS="615"/>
							<String ID="string_266" HPOS="629" VPOS="1239" WIDTH="82" HEIGHT="22" WC="0.93" CONTENT="säledes"/><SP WIDTH="15" VPOS="1239" HPOS="711"/>
							<String ID="string_267" HPOS="726" VPOS="1240" WIDTH="18" HEIGHT="27" WC="0.93" CONTENT="ej"/><SP WIDTH="16" VPOS="1240" HPOS="744"/>
							<String ID="string_268" HPOS="760" VPOS="1239" WIDTH="71" HEIGHT="29" WC="0.92" CONTENT="nägon"/>
						</TextLine>
						<TextLine ID="line_33" HPOS="81" VPOS="1273" WIDTH="750" HEIGHT="29">
							<String ID="string_269" HPOS="81" VPOS="1276" WIDTH="100" HEIGHT="19" WC="0.96" CONTENT="närmare"/><SP WIDTH="11" VPOS="1276" HPOS="181"/>
							<String ID="string_270" HPOS="192" VPOS="1275" WIDTH="131" HEIGHT="26" WC="0.95" CONTENT="motivering."/><SP WIDTH="26" VPOS="1275" HPOS="323"/>
							<String ID="string_271" HPOS="349" VPOS="1274" WIDTH="11" HEIGHT="21" WC="0.96" CONTENT="I"/><SP WIDTH="12" VPOS="1274" HPOS="360"/>
							<String ID="string_272" HPOS="372" VPOS="1274" WIDTH="99" HEIGHT="21" WC="0.91" CONTENT="afseende"/><SP WIDTH="11" VPOS="1274" HPOS="471"/>
							<String ID="string_273" HPOS="482" VPOS="1273" WIDTH="13" HEIGHT="22" WC="0.93" CONTENT="ä"/><SP WIDTH="11" VPOS="1273" HPOS="495"/>
							<String ID="string_274" HPOS="506" VPOS="1275" WIDTH="197" HEIGHT="27" WC="0.96" CONTENT="sammanläggning"/><SP WIDTH="12" VPOS="1275" HPOS="703"/>
							<String ID="string_275" HPOS="715" VPOS="1274" WIDTH="24" HEIGHT="21" WC="0.93" CONTENT="af"/><SP WIDTH="8" VPOS="1274" HPOS="739"/>
							<String ID="string_276" HPOS="747" VPOS="1274" WIDTH="84" HEIGHT="22" WC="0.92" CONTENT="frihets-"/>
						</TextLine>
						<TextLine ID="line_34" HPOS="82" VPOS="1307" WIDTH="749" HEIGHT="28">
							<String ID="string_277" HPOS="82" VPOS="1308" WIDTH="64" HEIGHT="22" WC="0.96" CONTENT="straff"/><SP WIDTH="12" VPOS="1308" HPOS="146"/>
							<String ID="string_278" HPOS="158" VPOS="1309" WIDTH="40" HEIGHT="20" WC="0.95" CONTENT="har"/><SP WIDTH="14" VPOS="1309" HPOS="198"/>
							<String ID="string_279" HPOS="212" VPOS="1309" WIDTH="64" HEIGHT="20" WC="0.96" CONTENT="likväl"/><SP WIDTH="15" VPOS="1309" HPOS="276"/>
							<String ID="string_280" HPOS="291" VPOS="1316" WIDTH="26" HEIGHT="13" WC="0.96" CONTENT="en"/><SP WIDTH="11" VPOS="1316" HPOS="317"/>
							<String ID="string_281" HPOS="328" VPOS="1307" WIDTH="48" HEIGHT="22" WC="0.96" CONTENT="från"/><SP WIDTH="12" VPOS="1307" HPOS="376"/>
							<String ID="string_282" HPOS="388" VPOS="1309" WIDTH="35" HEIGHT="20" WC="0.96" CONTENT="det"/><SP WIDTH="10" VPOS="1309" HPOS="423"/>
							<String ID="string_283" HPOS="433" VPOS="1309" WIDTH="59" HEIGHT="21" WC="0.96" CONTENT="förra"/><SP WIDTH="10" VPOS="1309" HPOS="492"/>
							<String ID="string_284" HPOS="502" VPOS="1309" WIDTH="103" HEIGHT="26" WC="0.93" CONTENT="förslaget"/><SP WIDTH="12" VPOS="1309" HPOS="605"/>
							<String ID="string_285" HPOS="617" VPOS="1309" WIDTH="112" HEIGHT="20" WC="0.91" CONTENT="afvikande"/><SP WIDTH="10" VPOS="1309" HPOS="729"/>
							<String ID="string_286" HPOS="739" VPOS="1309" WIDTH="92" HEIGHT="21" WC="0.91" CONTENT="bestäm-"/>
						</TextLine>
						<TextLine ID="line_35" HPOS="81" VPOS="1341" WIDTH="754" HEIGHT="28">
							<String ID="string_287" HPOS="81" VPOS="1342" WIDTH="52" HEIGHT="27" WC="0.94" CONTENT="ning"/><SP WIDTH="26" VPOS="1342" HPOS="133"/>
							<String ID="string_288" HPOS="159" VPOS="1341" WIDTH="80" HEIGHT="22" WC="0.94" CONTENT="funnits"/><SP WIDTH="22" VPOS="1341" HPOS="239"/>
							<String ID="string_289" HPOS="261" VPOS="1341" WIDTH="70" HEIGHT="27" WC="0.95" CONTENT="nödig."/><SP WIDTH="33" VPOS="1341" HPOS="331"/>
							<String ID="string_290" HPOS="364" VPOS="1341" WIDTH="65" HEIGHT="21" WC="0.96" CONTENT="Detta"/><SP WIDTH="21" VPOS="1341" HPOS="429"/>
							<String ID="string_291" HPOS="450" VPOS="1341" WIDTH="100" HEIGHT="26" WC="0.93" CONTENT="innehöll,"/><SP WIDTH="23" VPOS="1341" HPOS="550"/>
							<String ID="string_292" HPOS="573" VPOS="1343" WIDTH="32" HEIGHT="19" WC="0.96" CONTENT="att"/><SP WIDTH="22" VPOS="1343" HPOS="605"/>
							<String ID="string_293" HPOS="627" VPOS="1341" WIDTH="27" HEIGHT="21" WC="0.96" CONTENT="då"/><SP WIDTH="21" VPOS="1341" HPOS="654"/>
							<String ID="string_294" HPOS="675" VPOS="1341" WIDTH="160" HEIGHT="28" WC="0.96" CONTENT="fängelsestraff"/>
						</TextLine>
						<TextLine ID="line_36" HPOS="81" VPOS="1375" WIDTH="750" HEIGHT="28">
							<String ID="string_295" HPOS="81" VPOS="1376" WIDTH="84" HEIGHT="21" WC="0.96" CONTENT="komme"/><SP WIDTH="23" VPOS="1376" HPOS="165"/>
							<String ID="string_296" HPOS="188" VPOS="1377" WIDTH="32" HEIGHT="19" WC="0.96" CONTENT="att"/><SP WIDTH="17" VPOS="1377" HPOS="220"/>
							<String ID="string_297" HPOS="237" VPOS="1375" WIDTH="48" HEIGHT="21" WC="0.93" CONTENT="med"/><SP WIDTH="18" VPOS="1375" HPOS="285"/>
							<String ID="string_298" HPOS="303" VPOS="1375" WIDTH="88" HEIGHT="21" WC="0.92" CONTENT="tukthus"/><SP WIDTH="19" VPOS="1375" HPOS="391"/>
							<String ID="string_299" HPOS="410" VPOS="1375" WIDTH="181" HEIGHT="28" WC="0.91" CONTENT="sammanläggas,"/><SP WIDTH="20" VPOS="1375" HPOS="591"/>
							<String ID="string_300" HPOS="611" VPOS="1375" WIDTH="67" HEIGHT="22" WC="0.93" CONTENT="skulle"/><SP WIDTH="18" VPOS="1375" HPOS="678"/>
							<String ID="string_301" HPOS="696" VPOS="1375" WIDTH="135" HEIGHT="28" WC="0.91" CONTENT="förbrytaren"/>
						</TextLine>
						<TextLine ID="line_37" HPOS="82" VPOS="1408" WIDTH="750" HEIGHT="28">
							<String ID="string_302" HPOS="82" VPOS="1410" WIDTH="34" HEIGHT="21" WC="0.96" CONTENT="för"/><SP WIDTH="13" VPOS="1410" HPOS="116"/>
							<String ID="string_303" HPOS="129" VPOS="1409" WIDTH="50" HEIGHT="22" WC="0.96" CONTENT="hela"/><SP WIDTH="15" VPOS="1409" HPOS="179"/>
							<String ID="string_304" HPOS="194" VPOS="1409" WIDTH="40" HEIGHT="22" WC="0.92" CONTENT="den"/><SP WIDTH="16" VPOS="1409" HPOS="234"/>
							<String ID="string_305" HPOS="250" VPOS="1408" WIDTH="92" HEIGHT="23" WC="0.91" CONTENT="ådömda"/><SP WIDTH="15" VPOS="1408" HPOS="342"/>
							<String ID="string_306" HPOS="357" VPOS="1409" WIDTH="120" HEIGHT="22" WC="0.95" CONTENT="strafftiden"/><SP WIDTH="12" VPOS="1409" HPOS="477"/>
							<String ID="string_307" HPOS="489" VPOS="1408" WIDTH="69" HEIGHT="23" WC="0.96" CONTENT="hållas"/><SP WIDTH="15" VPOS="1408" HPOS="558"/>
							<String ID="string_308" HPOS="573" VPOS="1409" WIDTH="7" HEIGHT="21" WC="0.93" CONTENT="i"/><SP WIDTH="15" VPOS="1409" HPOS="580"/>
							<String ID="string_309" HPOS="595" VPOS="1409" WIDTH="94" HEIGHT="27" WC="0.92" CONTENT="tukthus,"/><SP WIDTH="15" VPOS="1409" HPOS="689"/>
							<String ID="string_310" HPOS="704" VPOS="1410" WIDTH="128" HEIGHT="21" WC="0.96" CONTENT="hvaremot"/><SP WIDTH="-12" VPOS="1410" HPOS="832"/>
							<String ID="string_311" HPOS="820" VPOS="1404" WIDTH="17" HEIGHT="36" WC="0.96" CONTENT="i"/>
						</TextLine>
						<TextLine ID="line_38" HPOS="82" VPOS="1443" WIDTH="750" HEIGHT="30">
							<String ID="string_312" HPOS="82" VPOS="1445" WIDTH="36" HEIGHT="21" WC="0.96" CONTENT="det"/><SP WIDTH="11" VPOS="1445" HPOS="118"/>
							<String ID="string_313" HPOS="129" VPOS="1452" WIDTH="29" HEIGHT="14" WC="0.96" CONTENT="nu"/><SP WIDTH="11" VPOS="1452" HPOS="158"/>
							<String ID="string_314" HPOS="169" VPOS="1444" WIDTH="122" HEIGHT="29" WC="0.96" CONTENT="uppgjorda"/><SP WIDTH="11" VPOS="1444" HPOS="291"/>
							<String ID="string_315" HPOS="302" VPOS="1444" WIDTH="102" HEIGHT="28" WC="0.96" CONTENT="förslaget"/><SP WIDTH="10" VPOS="1444" HPOS="404"/>
							<String ID="string_316" HPOS="414" VPOS="1444" WIDTH="32" HEIGHT="21" WC="0.96" CONTENT="uti"/><SP WIDTH="11" VPOS="1444" HPOS="446"/>
							<String ID="string_317" HPOS="457" VPOS="1444" WIDTH="47" HEIGHT="21" WC="0.96" CONTENT="dess"/><SP WIDTH="12" VPOS="1444" HPOS="504"/>
							<String ID="string_318" HPOS="516" VPOS="1445" WIDTH="27" HEIGHT="20" WC="0.96" CONTENT="47"/><SP WIDTH="12" VPOS="1445" HPOS="543"/>
							<String ID="string_319" HPOS="555" VPOS="1444" WIDTH="8" HEIGHT="28" WC="0.68" CONTENT="8"/><SP WIDTH="11" VPOS="1444" HPOS="563"/>
							<String ID="string_320" HPOS="574" VPOS="1444" WIDTH="26" HEIGHT="28" WC="0.93" CONTENT="är"/><SP WIDTH="7" VPOS="1444" HPOS="600"/>
							<String ID="string_321" HPOS="607" VPOS="1444" WIDTH="107" HEIGHT="28" WC="0.92" CONTENT="stadgadt,"/><SP WIDTH="9" VPOS="1444" HPOS="714"/>
							<String ID="string_322" HPOS="723" VPOS="1446" WIDTH="32" HEIGHT="20" WC="0.93" CONTENT="att"/><SP WIDTH="7" VPOS="1446" HPOS="755"/>
							<String ID="string_323" HPOS="762" VPOS="1443" WIDTH="70" HEIGHT="24" WC="0.86" CONTENT="straft-"/>
						</TextLine>
					</TextBlock>
				</ComposedBlock>
			</PrintSpace>
		</Page>
	</Layout>
</alto>
