1003 1686
328 107 71 24 Nädiga
410 109 137 22 Propositionen
559 109 35 18 N:o
606 109 15 16 9.
792 110 34 16 413

101 172 48 22 dast
160 170 58 30 ålagt
228 171 177 29 underbyggaren
416 174 32 20 att
460 179 75 21 genom
546 172 62 22 deras
621 170 112 24 underhåll
743 172 106 28 befrämja

99 208 94 20 vattnets
214 206 78 28 aflopp
307 206 56 22 ifrån
389 206 177 29 öfverbyggarens
588 214 57 20 egor.
680 206 169 23 Vidkommande

100 240 48 22 åter
169 240 172 29 underbyggares
360 241 120 27 skyldighet
499 243 31 19 att
549 241 84 27 deltaga
651 241 32 21 uti
701 241 98 22 besväret
816 242 32 20 att

100 275 75 28 gräfva
193 275 40 21 och
251 274 126 22 underhålla
397 277 30 18 ett
446 275 57 21 öfver
518 276 53 20 hans
586 275 62 21 mark
662 275 33 21 till
709 283 56 20 gagn
781 274 22 22 ät
817 275 31 21 öf-

99 309 146 27 verbyggaren
262 311 104 25 upptaget
385 309 53 26 dike,
457 309 135 22 föreskrifves
606 310 32 20 uti
655 309 95 22 nämnda
764 309 84 27 lagrum

99 345 33 19 att
150 342 67 22 sådan
235 343 120 28 skyldighet
373 343 53 21 skall
444 351 52 14 vara
510 343 107 22 beroende
631 343 25 21 af
668 344 40 21 den
724 343 69 22 fördel
807 343 42 21 och

99 379 66 26 nytta,
185 383 46 16 som
249 377 177 28 underbyggaren
444 378 42 21 kan
501 377 24 22 af
542 377 113 28 dikningen:
673 377 103 28 påräkna,
791 379 56 20 samt

99 413 32 20 att
154 411 101 22 domaren
273 412 54 21 efter
348 412 99 28 pröfning
466 412 24 21 af
509 412 62 21 dessa
593 412 186 27 omständigheter,
798 419 50 20 eger

98 445 65 28 lägga
177 448 100 25 parterne
292 445 89 22 emellan
397 447 40 20 och
451 446 118 22 bestämma
584 446 61 22 deras
659 446 100 22 inbördes
772 447 75 28 rättig-

99 481 61 21 heter
175 481 39 21 och
232 481 143 28 skyldigheter
389 481 8 21 i
411 480 77 23 sådant
509 480 105 23 afseende.
643 481 76 22 Denna
734 481 113 28 grundsats

99 515 40 22 bör
154 515 60 22 äfven
228 514 125 27 bibehållas,
368 523 48 14 men
431 516 41 21 den
486 515 100 22 behöfver
598 515 63 22 likväl
673 516 105 28 tydligare
791 517 55 20 utta-

99 549 32 22 las
147 551 40 20 och
201 550 8 20 i
224 549 104 21 särskilda
342 549 38 22 fall
394 552 99 19 närmare
507 550 135 21 bestämmas.

167 584 108 28 Derjemte
289 584 54 21 böra
358 584 40 21 den
417 584 98 28 gällande
529 584 170 28 lagstiftningens
714 584 132 28 stadganden

99 619 8 21 i
121 620 72 20 ämnet
206 618 31 22 uti
252 617 68 29 några
335 618 67 22 andra
416 619 98 21 afseende
529 619 119 26 förändras,
664 619 88 21 emedan
764 619 26 21 de
800 619 47 22 icke

99 661 60 14 mera
176 654 72 20 kunna
263 660 60 14 anses
342 655 106 19 motsvara
464 653 36 21 sitt
518 652 105 28 ändamål,
639 653 65 21 bland
719 655 66 20 annat
799 654 47 21 der-

99 687 46 23 före
163 690 32 19 att
210 687 127 29 jordbruket
354 695 29 13 nu
400 688 75 20 vunnit
490 694 26 15 en
533 688 67 28 högre
617 688 127 28 utveckling,
759 689 28 20 än
800 688 46 28 lag-

99 723 99 22 stiftaren
212 722 108 22 förutsatt.
346 722 47 22 Den
406 722 32 22 uti
454 724 55 20 1734
524 721 35 23 års
573 722 36 28 lag
624 722 111 22 bestämda
749 722 50 22 vidd
812 722 34 22 för

100 758 152 27 afloppsdiken,
275 758 70 21 hvilka
367 765 93 21 grannar.
486 759 130 27 gemensamt
638 757 53 22 böra
713 756 132 28 underhålla,

100 792 69 22 måste
183 800 29 14 nu
228 800 61 14 anses
303 799 52 15 vara
369 792 73 22 alltför
454 792 132 28 otillräcklig.
608 792 69 28 Tager
691 799 50 14 man
755 792 7 22 i
778 792 67 22 öfver-

98 828 97 27 vägande
206 829 32 20 att
249 827 86 22 dikenas
346 827 79 22 storlek
436 827 148 28 förnämligast
595 828 24 20 är
633 826 106 23 beroende
752 827 25 22 af
789 834 57 14 mar-

98 862 52 21 kens
161 862 47 27 läge
220 862 40 21 och
271 861 145 22 beskaffenhet
427 864 55 19 samt
496 864 32 19 att
542 861 65 28 något
622 862 51 21 visst
688 860 55 23 mått
753 861 34 22 för
798 861 48 22 dem

99 895 82 23 således
195 897 47 21 icke
256 896 42 22 kan
316 896 142 25 föreskrifvas,
474 895 24 23 så
512 896 70 21 kunde
598 896 35 21 det
647 903 62 14 anses
723 896 123 27 lämpligast

99 933 32 20 att
141 929 56 23 ifrån
212 930 151 29 författningen
377 931 119 22 bortlemna
507 931 30 21 all
547 930 134 27 bestämning
692 930 78 22 derom.
796 930 50 21 Men

99 965 153 28 otvifvelaktigt
269 965 82 21 medför
370 965 35 21 det
423 965 63 22 likväl
504 966 68 21 större
591 965 154 21 rättssäkerhet
759 965 8 20 i
784 964 62 28 fråga

99 1007 36 14 om
149 1007 103 20 grannars
266 999 100 22 inbördes
381 998 126 29 åligganden
522 1001 32 20 att
567 999 62 28 lagen
641 998 33 21 för
685 999 58 22 diket
753 999 92 21 bestäm-

98 1041 47 15 mer
159 1033 70 29 någon
246 1035 42 20 viss
303 1034 85 26 storlek,
404 1041 45 14 som
463 1034 31 21 uti
505 1033 85 28 vanliga
600 1033 39 21 fall
649 1034 25 20 är
684 1033 99 28 behöflig,
797 1041 48 13 men

98 1068 34 23 för
146 1069 106 22 särskilda
266 1069 87 22 orsaker
367 1069 42 21 kan
423 1068 85 22 förökas
520 1069 50 21 eller
584 1067 137 28 förminskas;
733 1070 23 26 ty
767 1075 77 14 annars

98 1103 71 22 kunde
180 1103 163 28 pröfningen
313 1098 24 37 af
351 1103 43 22 alla
405 1103 125 22 dithörande
542 1102 179 28 omständigheter
732 1103 41 21 lätt
779 1103 66 21 blifva

99 1138 120 28 godtycklig
235 1138 39 22 och
290 1138 93 21 orättvis.

166 1172 80 27 Nödigt
264 1173 24 20 är
307 1172 35 21 det
359 1171 40 21 ock
417 1173 32 20 att
466 1172 32 21 uti
515 1171 151 28 lagstifningen
684 1172 97 26 upptaga
799 1172 45 19 sär-

99 1205 70 22 skilda
187 1206 132 27 stadganden
336 1204 110 29 angående
460 1206 73 21 täckta
548 1205 68 26 diken,
632 1205 71 22 hvilka
718 1205 58 21 förut
789 1205 56 21 varit

99 1241 77 21 nästan
191 1240 89 26 okända,
296 1247 47 14 men
357 1239 8 21 i
380 1240 89 21 sednare
483 1239 55 22 tider
548 1239 69 21 blifvit
627 1240 49 20 med
686 1239 70 21 fördel
766 1239 78 28 begag-

98 1274 62 21 nade.
189 1273 75 22 Ehuru
279 1273 61 22 dessa
354 1273 8 22 i
377 1274 115 21 allmänhet
506 1274 72 21 kunna
592 1273 104 22 likställas
711 1273 48 21 med
774 1274 71 26 öppna

99 1308 69 25 diken,
183 1307 25 22 så
221 1308 41 20 bör
275 1307 65 21 likväl
354 1308 82 20 skilnad
455 1307 89 21 emellan
559 1307 48 21 dem
621 1309 63 25 göras
698 1308 32 19 uti
744 1309 31 18 ett
790 1307 54 21 afse-

99 1342 60 21 ende.
188 1341 82 21 Förrän
282 1341 114 27 jordegare
409 1341 51 26 sjelf
473 1341 109 27 begagnar
592 1341 72 20 täckta
675 1341 63 20 diken
748 1340 43 21 kan
801 1341 44 20 han

98 1375 47 22 icke
160 1375 86 28 åläggas
259 1377 37 23 att,
307 1375 82 22 utöfver
400 1374 76 22 måttet
486 1375 24 22 af
519 1375 80 28 vanligt
610 1371 137 31 afloppsdike,
760 1374 85 28 deltaga

98 1410 33 22 uti
149 1410 125 28 gräfningen
292 1409 40 22 och
353 1408 133 23 underhållet
504 1409 25 21 af
544 1408 77 22 sådant
639 1410 68 20 större
727 1408 53 27 dike,
799 1416 45 14 som

99 1445 42 23 kan
155 1452 53 15 vara
224 1444 103 28 behöfligt
340 1444 34 21 för
391 1443 205 29 vattenafledningen
614 1442 56 23 ifrån
685 1444 54 20 hans
754 1450 90 21 grannes
