1003 1684
316 96 71 24 Nådiga
399 97 136 22 Propositionen
547 98 35 18 N:o
594 99 16 16 4.
782 100 33 17 219

88 171 34 5 ==
136 171 33 4 --
187 162 33 18 att
237 159 104 23 den-som
359 160 36 22 det
412 161 24 21 så
454 160 104 30 bedrifvit
581 161 81 29 hafver,
686 161 56 23 skall
765 162 72 29 gifvas

89 193 73 23 Satan
179 195 10 20 i
206 194 58 27 våld,
285 195 36 21 till
339 194 78 22 köttets
429 195 98 29 förderf,
541 196 34 28 på
592 196 36 21 det
645 196 71 21 anden
729 197 37 20 må
781 197 56 28 salig

91 228 69 29 blifva
174 229 33 27 pä
224 227 102 23 Herrans
342 229 53 22 Jesu
412 230 65 27 dag";
499 229 24 22 så
541 230 68 21 hakar
628 230 32 27 sig
678 230 70 22 denna
762 237 76 21 exeges

90 262 135 22 uteslutande
239 263 35 22 vid
289 263 62 22 dessa
365 263 107 28 apostelns
487 264 50 26 ord;
548 264 40 21 och
601 263 81 28 påstår,
697 266 33 20 att
743 265 41 21 här
798 264 40 22 alls

89 297 49 21 icke
159 297 25 20 är
204 295 63 30 fråga
289 305 35 14 om
345 305 26 14 en
393 298 207 21 exkommunikation
618 297 49 22 från
685 299 153 27 församlingen

91 330 53 22 eller
159 331 35 26 ,de
209 331 96 22 kristnas
319 332 72 25 midt",
410 333 52 20 utan
476 339 35 19 om
526 339 26 14 en
567 332 207 22 exkommunikation
789 332 49 22 från

91 365 79 28 nlifvet,
191 366 35 21 till
240 366 80 21 dödens
333 366 210 29 förintelseregion",
561 366 92 27 ungefär
670 367 8 20 i
696 374 82 14 samma
794 373 44 15 me-

90 399 58 28 ning,
167 406 45 15 som
232 400 47 27 den,
296 400 85 22 hvilken
399 400 25 22 af
443 401 97 27 aposteln
555 401 78 21 Petrus
650 401 145 26 verkställdes,
810 400 29 22 då

90 434 55 21 hans
166 434 141 29 bestraffning
320 441 46 15 -var
387 442 49 21 nog,
458 435 34 22 för
510 437 33 22 att
560 434 23 22 ät
601 435 94 22 Ananias
714 435 40 22 och
769 435 70 22 Safira

91 468 98 23 medföra
204 477 26 14 en
244 469 87 28 plötslig
347 469 41 21 död
406 470 49 27 (Ap.
475 469 64 22 Gern.
555 469 29 28 5).
612 469 28 22 Vi
654 469 82 28 nödgas
750 470 89 21 hänvisa

91 503 34 22 till
139 503 39 22 allt
192 503 56 22 hvad
261 503 90 28 kapitlet
365 504 7 20 i
387 504 65 27 öfrigt
465 503 119 22 innehäller
598 504 40 21 och
652 503 101 22 särskildt
768 503 71 22 erinra

93 537 80 26 derom,
187 539 33 20 att
234 537 62 22 äfven
313 537 8 21 i
339 537 26 22 de
382 545 50 21 nyss
451 538 91 22 anförda
556 538 130 27 apostoliska
700 538 68 22 orden
782 538 57 21 klart

91 571 119 28 framlyser,
229 573 32 20 att
279 571 96 28 aposteln
393 572 46 21 icke
457 572 75 21 tänker
550 572 32 27 sig
600 572 55 28 (icke
674 579 38 14 ens
726 572 7 21 i
747 571 92 23 beslutet

90 605 35 22 till
139 606 251 28 exkommunikationen),
401 606 121 21 handlande
532 607 53 20 utan
596 606 158 27 församlingen,
766 613 73 14 ensam

92 640 41 21 och
147 640 76 26 allena,
237 641 53 20 utan
304 641 93 21 tvärtom
415 640 39 21 allt
471 640 84 28 igenom
572 640 141 21 tillsammans
732 640 40 21 och
786 640 53 23 med

91 674 158 28 församlingen.
275 674 90 22 Derföre
375 674 81 28 nyttjar
468 674 102 28 aposteln,
582 674 61 22 äfven
654 674 7 21 i
672 674 33 21 sin
720 675 119 27 strängaste

91 708 60 27 ifver,
167 708 26 22 de
207 708 84 28 mycket
304 708 146 23 betecknande
463 709 122 28 uttrycken:
605 710 19 25 ,?
638 708 50 22 eder
697 708 142 30 församling,

91 744 49 21 med
162 744 69 20 anden
251 744 157 21 närvarande".
437 743 131 22 Aldraminst
589 743 77 23 tänker
688 743 33 27 sig
743 743 97 27 aposteln

92 777 67 29 nägot
177 778 245 22 exkommunikationens
440 778 156 22 verkställande
609 779 53 20 utan
676 777 164 28 församlingens

91 812 136 26 medverkan,
249 814 23 26 ty
291 811 27 23 dä
335 812 67 22 skulle
422 812 39 22 allt
480 812 57 23 hvad
555 812 43 21 han
616 812 82 21 skrifvit
716 819 35 14 om
768 812 73 21 korin-

91 847 96 22 thiernas
201 847 54 28 pligt
270 849 33 20 att
317 849 114 25 ,utrensa",
450 849 32 20 att
500 847 109 29 ,utdrifva
623 847 41 21 den
679 847 43 20 ond
737 848 27 20 är
778 847 63 28 ifrån

93 883 35 28 sig
146 881 93 29 sjelfva",
262 882 56 23 varit
339 881 129 28 fullkomligt
488 882 144 27 meningslöst.
662 876 63 27 Ännu
746 881 53 23 böre
819 881 21 22 vi

93 915 65 22 också
172 916 71 21 erinra
257 916 79 27 derom,
352 917 32 20 att
398 916 40 21 här
452 917 26 20 är
492 915 61 28 fråga
568 923 34 14 om
617 917 30 20 ett
661 915 102 29 gifvande
777 919 64 18 satan

93 951 10 20 i
117 950 51 21 våld
184 951 35 20 till
234 950 78 22 köttets
321 951 98 28 förderf,
438 957 48 15 men
500 951 46 21 icke
562 951 36 20 till
613 950 78 21 köttets
705 951 135 28 undergång,

93 986 53 20 utan
160 985 88 22 fastmer
261 985 34 21 till
310 986 30 20 ett
354 985 88 26 förderf,
457 993 45 14 som
517 986 57 20 ännu
588 985 71 21 kunde
674 984 57 22 sluta
744 985 50 20 med
807 991 34 14 sa-

92 1019 74 28 lighet,
181 1018 82 23 således
277 1019 46 22 icke
337 1018 62 29 fråga
413 1026 35 15 om
462 1021 31 20 ett
506 1019 135 22 uteslutande
653 1018 49 22 från
714 1019 67 29 lifvet,
789 1020 53 19 utan

93 1060 36 15 om
143 1055 31 20 ett
188 1053 135 22 uteslutande
332 1054 58 28 från
398 1054 172 28 församlingens
586 1054 70 27 saliga
667 1052 134 30 gemenskap,
813 1051 29 29 på

94 1088 37 23 det
145 1089 32 21 att
191 1088 133 22 afsaknaden
337 1088 25 21 af
375 1088 121 21 densamma
514 1088 8 21 i
539 1087 100 28 förening
652 1088 50 21 med
716 1087 90 22 känslan
820 1086 25 22 af

94 1122 137 29 syndalifvets
246 1122 83 28 obehag
343 1121 66 22 måtte
424 1122 108 22 förkrossa
547 1122 41 21 den
602 1121 136 22 förhärdade.

163 1156 30 22 Så
206 1156 67 28 långt,
289 1156 52 22 eller
354 1156 33 21 till
401 1156 136 23 uteslutande
552 1155 48 22 från
615 1156 159 28 församlingen,
793 1155 50 21 kom

95 1191 36 22 det
146 1190 18 29 ej
180 1192 49 21 med
244 1192 41 20 den
299 1190 163 28 ifrågavarande
476 1190 139 22 medlemmen
629 1191 8 21 i
651 1190 133 22 korinthiska
799 1189 44 23 för-

95 1225 124 28 samlingen.
249 1227 13 19 2
281 1225 52 21 Kor.
352 1226 19 20 2:
392 1226 11 20 5
422 1224 22 23 ff.
464 1224 143 28 ådagalägger
625 1225 35 21 det
678 1224 106 28 klarligen
801 1224 42 21 och

93 1260 59 21 lärer
171 1267 39 19 oss,
230 1261 32 20 att
279 1259 163 28 församlingens
461 1258 158 27 ybedröfvelse*,
633 1258 86 22 hvilken
734 1260 56 20 emot
804 1257 39 22 ho-

94 1300 51 15 nom
163 1294 107 27 uttryckte
288 1293 33 27 sig
339 1300 76 20 genom
434 1292 149 28 ,bestrafining
598 1292 24 22 af
633 1292 95 28 många",
746 1299 39 14 var
799 1298 45 21 nog

95 1328 33 20 att
142 1328 75 20 krossa
235 1327 79 21 honom
334 1326 25 22 sä
373 1326 68 28 djupt,
457 1328 32 19 att
503 1326 97 26 aposteln
613 1326 110 26 nödgades
737 1325 64 27 bedja
816 1325 27 21 de

94 1361 71 27 andra
184 1364 43 24 att
242 1361 82 29 öfverse
339 1360 47 21 med
401 1360 77 20 honom
494 1360 38 20 och
547 1359 103 29 hugsvala
665 1359 83 26 honom,
759 1359 33 28 pä
807 1359 36 21 det

97 1396 44 22 han
154 1395 46 22 icke
214 1395 68 21 skulle
296 1394 116 30 uppsluken
426 1394 70 22 varda
506 1394 35 22 wti
546 1394 42 29 för
598 1393 87 30 mycken
696 1394 147 28 bedröfvelse.*

95 1430 51 23 Men
164 1429 117 23 emellertid
299 1430 49 21 stod
366 1429 40 22 den
422 1428 130 28 apostoliska
566 1428 102 26 hotelsen,
683 1428 27 21 de
724 1428 33 21 till
771 1428 70 22 korin-
