1003 1681
277 110 71 22 Nädiga
360 111 136 22 Propositionen
507 112 35 16 N:o
554 113 16 15 8.
742 113 34 16 403

187 178 45 18 som
250 173 99 22 häremot
367 174 79 29 bryter,
466 174 61 30 hafve
539 174 119 30 förverkat
676 181 26 16 en
720 176 78 28 tredje-

184 208 36 21 del
237 208 26 28 af
280 209 35 21 sin
331 208 105 29 giftorätt
453 210 11 20 i
478 209 47 21 boet
540 210 27 21 til
581 210 41 22 den
636 210 71 21 andra
721 210 77 26 maken

185 242 52 21 eller
252 242 47 21 dess
311 242 115 29 arfvingar
438 242 39 22 och
492 243 88 29 afvittre
596 243 82 21 ändock
690 244 53 28 efter
756 245 42 27 lag.

239 275 16 21 2
269 276 20 28 8.
310 276 47 21 För
369 276 92 29 enkling,
474 277 54 21 enka
538 278 52 20 eller
601 278 115 27 frånskild
730 278 67 26 make;

171 316 59 14 som
251 311 40 20 vill
312 308 53 31 ingä
387 314 46 26 nytt
452 311 123 29 äktenskap,
593 312 37 20 mä
643 316 64 24 prest
724 313 20 28 ej
766 316 32 18 ut

182 344 70 28 färda
271 345 84 29 lysning
375 346 51 20 eller
445 345 56 22 bevis
520 346 60 29 öfver
599 346 147 22 hinderlöshet
763 347 36 22 till

184 379 97 29 lysnings
296 380 123 21 erhållande
434 381 47 21 med
494 381 84 21 mindre
590 382 41 20 den
645 382 153 28 efterlefvande

184 414 52 20 eller
255 414 131 29 frånskilda
411 414 76 22 maken
512 415 84 29 styrker
618 416 33 28 sig
674 416 65 29 hafva
760 416 37 20 hos

184 448 62 27 Rätt,
266 448 123 23 hvarunder
407 450 45 21 dess
476 450 24 21 bo
522 450 10 21 i
555 450 116 22 hänseende
695 451 35 21 till
752 450 45 30 arf-

183 482 64 30 skifte
271 484 65 28 lyder,
359 484 51 21 eller
433 484 37 21 ock
494 484 37 22 hos
554 484 91 21 Rättens
664 484 132 30 ordförande

184 518 83 21 anmält
281 519 36 20 sin
331 519 68 28 afsigt
414 522 32 17 att
460 522 76 25 uttaga
552 520 83 27 lysning
652 520 35 21 till
700 522 48 25 nytt
759 519 38 21 äk-

184 552 99 29 tenskap;
297 553 39 21 och
351 553 71 28 åligge
437 554 81 20 Rätten
533 556 38 23 att,
587 554 65 20 sedan
666 553 42 22 slik
724 556 73 19 anmä-

184 587 37 20 lan
239 586 61 26 skett,
314 587 42 28 för
375 587 40 21 den
433 588 87 28 aflidna
538 587 85 22 makens
641 588 62 26 barn,
722 595 33 14 om
770 588 25 21 de

183 622 40 19 äro
243 621 120 28 omyndiga,
382 624 44 18 utse
439 622 144 28 förmyndare
601 623 53 20 eller
674 622 44 28 god
738 629 57 20 man,

183 662 46 15 som
243 655 41 22 har
299 659 33 18 att
346 656 62 21 deras
424 657 47 20 rätt
486 656 87 21 bevaka.

238 689 83 30 Bryter
331 693 64 25 prest
409 690 103 27 häremot,
524 689 76 30 plikte,
619 692 3 19 i
634 691 51 20 mån
699 691 26 28 af
738 690 57 22 boets

185 725 124 28 betydenhet
327 725 38 20 och
384 725 70 20 andra
466 725 177 28 förekommande
662 725 133 28 omständig-

182 759 65 25 heter,
257 759 58 28 från
323 759 79 28 femtio
415 759 35 21 till
461 759 119 22 trehundra
590 759 62 20 mark
664 759 52 21 eller
728 759 66 22 varde

181 794 10 19 %
210 793 89 21 svårare
315 793 47 29 fall
377 793 58 29 från
458 794 89 28 tjensten
569 793 143 28 suspenderad
729 794 10 21 i
757 794 36 21 två

183 828 35 20 till
236 834 35 14 sex
289 827 114 26 månader;
425 829 79 19 ersätte
530 827 38 22 ock
591 828 31 20 all
642 834 76 22 genom
740 827 52 21 hans

177 861 106 28 förseelse
294 861 139 29 uppkommen
445 861 73 22 skada.
544 861 97 22 Böterna
656 862 91 28 tillfalla
762 869 30 14 ec-

182 895 121 22 klesiastik-
321 896 38 21 och
377 895 125 22 skolstatens
524 896 60 21 enke-
602 896 39 21 och
656 896 138 29 pupillkassa

182 930 39 21 och
236 929 66 22 skola.
310 930 38 21 vid
363 930 110 21 bristande
488 931 110 28 betalning
610 931 133 28 förvandlas
758 937 34 14 en-

183 965 42 28 ligt
238 964 12 21 1
264 965 13 28 $
291 963 28 23 10
334 964 49 29 kap.
400 964 26 22 U.
441 965 27 21 B.

115 1018 133 28 Helsingfors
263 1019 40 22 den
319 1021 26 19 16
360 1019 104 22 Februari
479 1021 60 20 1867.

297 1173 246 24 Reservationer:

146 1227 30 22 Af
187 1226 160 23 Hofrättsrädet
361 1227 127 22 Grotenfelt:

112 1270 96 22 Emedan
222 1269 71 28 nägon
308 1269 113 28 anledning
435 1269 94 22 hvarken
547 1269 121 28 uppgifvits,
686 1269 59 27 eller,
761 1269 29 22 ef-

45 1306 33 19 ter
96 1305 45 20 min
158 1305 70 23 tanke,
248 1304 61 26 eljest
326 1303 112 21 förefinnes
457 1303 75 25 dertill,
551 1305 33 18 att
601 1316 28 2 —
647 1303 7 19 i
676 1303 62 28 fräga
755 1311 35 14 om

44 1338 62 21 hvem
121 1338 26 20 de
161 1338 8 20 i
183 1337 102 27 förslaget
303 1339 79 19 utsatte
397 1337 39 21 och
451 1336 24 21 af
486 1336 104 22 utskottet
603 1336 112 27 godkände
729 1336 61 22 böter

44 1372 67 22 borde
125 1371 90 26 tillfalla,
231 1371 41 21 och
285 1370 34 22 till
333 1370 79 22 hvilket
426 1372 66 20 annat
506 1369 64 23 straff
581 1376 81 15 samma
676 1370 68 27 böter,
755 1371 36 21 vid

43 1405 111 23 bristande
172 1405 115 28 betalning,
306 1405 67 21 skulle
391 1404 102 29 förbytas,
508 1418 28 3 —
550 1404 49 22 vika
613 1404 48 22 från
676 1405 41 22 den
730 1405 9 23 i
752 1404 40 24 vär

44 1442 36 27 lag
94 1440 173 23 förekommande
281 1441 40 21 och
336 1439 106 22 härintills
459 1439 65 28 följde
541 1439 109 22 allmänna
667 1440 124 27 grundsatts
