1009 1686
203 119 32 16 142
405 117 71 23 Nädigs
487 117 138 22 Propositionen
637 117 34 16 N:o
683 117 16 16 3.

179 180 105 26 anmälde,
307 180 60 22 skola
388 179 109 25 derstädes
518 179 9 21 i
551 178 90 28 behörig
663 178 91 27 ordning
775 177 32 22 till
829 177 43 21 slut
892 176 37 22 be-

179 215 91 22 fordras.

372 259 73 28 Enligt
459 253 60 27 Hans
533 258 121 28 Kejserliga
667 258 112 27 Majestäts
796 256 85 28 Nädiga
894 256 37 22 be-

316 293 98 28 fallning,
430 293 90 28 gifven
509 288 13 37 i
537 292 32 22 S:t
582 288 130 61 Betersbare
730 292 41 21 den
785 291 47 29 (14)
848 292 27 20 26
890 290 41 21 De-

317 328 84 22 cember
417 329 61 20 1866.

461 383 66 24 Alex.
545 382 108 25 Armfelt.

678 457 21 20 A.
712 457 27 19 W.
751 456 137 20 Wallensköld.

377 605 234 26 Grundlags-utskottets
625 604 129 21 betänkande
768 604 37 21 N:o
816 604 12 20 5
843 604 9 21 i
864 600 72 25 anled-

320 640 53 28 ning
393 640 26 28 af
430 638 63 22 Hans
512 638 123 29 Kejserliga
653 638 114 29 Majestäts
785 639 84 29 nädiga
882 646 55 21 pro-

317 674 99 28 position
431 674 36 20 till
480 673 107 21 Finlands
603 672 102 27 Ständer,
721 674 109 28 angäende
846 674 90 28 behörig

321 708 92 22 domstol
421 708 42 28 för
478 707 137 29 upptagande
631 708 24 29 af
672 708 149 28 hvarjehanda
837 708 46 21 mäl
900 710 37 19 rö-

321 743 68 21 rande
399 742 132 29 frälsemän.

253 797 91 22 Medelst
357 796 155 28 högstberörde
525 795 80 29 nädiga
618 796 133 28 proposition
766 796 40 22 har
816 797 61 21 Hans
887 797 50 29 Kej-

186 832 79 28 serliga
278 832 101 27 Majestät
393 831 56 21 velat
463 830 33 21 till
511 830 148 27 ridderskapet
677 831 39 21 och
731 831 63 21 adeln
809 832 130 21 ötverlemna

187 868 32 21 att
233 866 110 27 samtycka
356 865 33 20 till
403 864 151 27 upphäfvande
569 865 24 20 af
606 864 26 21 de
643 865 8 20 i
662 864 217 23 öfverensstämmelse
890 866 49 21 med

187 902 13 19 6
215 901 95 26 punkten
324 900 8 20 i
347 899 64 27 sagde
427 898 72 21 ständs
513 898 121 27 privilegier
649 899 24 20 af
686 899 40 20 den
739 900 25 20 16
777 899 94 22 Oktober
884 901 54 20 1723

187 936 8 20 i
213 936 12 19 8
245 934 40 21 och
304 935 12 19 9
335 940 84 14 momm.
439 934 12 19 2
471 933 11 26 $
502 934 13 19 8
534 933 49 26 kap.
602 932 50 21 R.B.
671 935 109 26 upptagne
799 934 139 27 stadganden,

187 968 73 23 hvilka
272 967 119 22 bestämma
406 966 44 21 dels
465 968 32 19 att
512 967 56 21 vissa
582 965 43 22 mål
639 967 96 21 rörande
749 967 116 22 frälsemän
879 968 61 21 skola

188 1002 25 22 af
225 1002 87 21 Hofrätt
326 1000 70 23 säsom
413 1000 68 22 första
499 1001 92 21 domstol
607 1003 114 26 upptagas,
740 1001 44 21 dels
803 1003 32 20 att
852 1002 88 21 Hofrätt

188 1037 54 22 efter
252 1035 129 28 föregäende
391 1035 131 27 ransakning
534 1035 35 21 vid
579 1035 112 22 underrätt
703 1043 50 20 eger
767 1035 108 22 afdömma
889 1035 51 27 mäl,

188 1071 60 22 hvari
266 1070 114 21 frälseman
398 1071 25 19 är
441 1069 108 28 anklagad
565 1069 35 21 för
617 1069 57 21 vissa
695 1070 72 27 gröfre
788 1070 65 26 brott,
871 1070 69 22 sävidt

188 1105 106 27 nemligen
310 1105 61 20 dessa
385 1103 170 28 lagstadganden
569 1105 57 19 ännu
641 1105 37 20 äro
693 1103 105 27 gällande,
814 1106 56 19 samt
884 1105 8 20 i
906 1103 35 23 sä-

189 1139 43 22 dan
246 1132 100 39 händelse
358 1136 82 23 föreslå
454 1137 116 21 ständerna
584 1138 131 26 antagandet
729 1138 24 20 af
765 1145 26 14 en
805 1138 135 28 förordning,

190 1172 110 28 angående
321 1171 59 22 såväl.
401 1171 160 28 upphäfvandet
582 1171 25 21 af
626 1171 91 22 nämnde
736 1172 140 27 stadganden,
895 1179 47 15 som

190 1207 40 21 ock
245 1206 91 27 ändring
351 1204 24 23 af
386 1206 44 21 alla
446 1205 15 22 ä
479 1206 49 21 dem
543 1205 110 28 grundade
667 1205 133 22 föreskrifter
815 1214 34 14 om
864 1207 78 21 iaktta-

189 1240 85 27 ganden
287 1239 36 21 vid
341 1239 91 21 dödsfall
449 1239 58 21 inom
525 1238 149 22 frälseståndet
692 1241 56 20 samt
765 1240 176 27 förmynderskap

189 1273 34 21 för
237 1280 102 20 personer
354 1272 24 22 af
391 1279 81 14 samma
486 1271 71 22 stånd.

257 1307 77 22 Denna
347 1306 78 29 nådiga
439 1307 132 28 proposition
586 1307 40 21 har
640 1307 24 22 af
676 1307 99 28 samtliga
789 1307 90 23 stånden
893 1308 49 22 blif-

189 1343 32 21 vit
233 1342 124 23 remitterad
372 1342 33 22 till.
418 1342 236 27 grundlags-utskottet,
669 1342 82 22 likvisst
762 1343 24 22 af
795 1343 148 28 ridderskapet

191 1378 40 22 och
246 1377 63 23 adeln
327 1377 48 22 med
392 1377 202 28 tillkännagifvande
613 1379 32 20 att
662 1377 97 22 bemälde
777 1377 62 23 stånd
858 1378 33 23 för
910 1379 33 22 sin

191 1412 35 22 del
243 1412 76 24 endast
335 1411 78 23 bifallit
430 1412 161 28 upphäfvandet
605 1412 24 21 af
642 1414 12 20 9
669 1420 63 15 mom.
749 1414 12 20 2
777 1414 11 27 &
804 1412 138 24 ofvanäbero-

190 1447 57 28 pade
264 1446 80 28 kapitel
363 1447 39 23 och
420 1446 56 22 balk.
508 1446 125 22 Sedermera
650 1447 40 22 har
709 1447 54 21 dock
781 1448 161 27 grundlags-nt-
