1014 1684
296 117 70 24 Nådiga
378 119 137 22 Propositionen
527 120 34 17 N:o
576 121 24 15 11.
765 121 32 16 513

70 182 51 28 ning
139 184 38 24 att,
196 182 61 22 äfven
274 183 66 21 innan
358 183 40 22 den
416 191 42 21 nya
475 183 63 29 lagen
556 183 42 23 blir
616 185 97 27 antagen,
737 184 82 22 landets

70 216 176 22 Ofverdomstolar
264 218 39 21 och
325 217 55 22 Herr
402 218 146 22 Prokuratorn
565 218 8 21 i
590 218 120 28 Kejserliga
729 218 92 22 Senaten

69 253 53 19 utan
136 251 73 21 tvifvel
223 252 59 20 skola
296 252 67 21 väcka
378 252 113 27 styrelsens
509 252 189 28 uppmärksamhet
712 251 29 29 pä
755 252 64 27 brott,

70 292 45 14 som
130 285 34 21 för
178 285 134 21 närvarande
329 286 46 21 icke
393 286 69 21 finnas
477 287 7 20 i
498 286 35 28 lag
551 288 116 26 upptagna,
683 287 40 21 och
739 286 80 28 derige-

70 326 50 14 nom
137 319 8 21 i
163 319 216 22 öfverensstämmelse
398 320 48 21 med
458 322 33 20 43
510 321 11 27 &
540 320 8 21 i
567 322 55 19 1772
642 320 34 22 års
693 320 126 28 Regerings-

70 352 55 22 form
140 353 111 22 föranleda
265 354 132 27 proposition
411 354 8 20 i
434 355 71 21 ämnet
519 354 33 22 till
566 354 84 22 landets
665 354 97 22 Ständer.

138 486 11 22 I
163 486 42 22 den
222 486 148 22 förstnämnda
388 486 25 22 af
428 487 26 21 de
472 495 28 13 nu
516 487 33 21 till
564 487 120 28 antagande
699 487 121 29 föreslagna

70 521 178 28 författningarne
262 521 68 22 finnes
345 521 118 22 dödsstraff
474 522 134 22 föreskrifvet
626 522 33 21 för
673 522 41 22 den
729 529 45 15 som
788 522 32 21 fö-

70 563 36 15 rer
121 556 63 28 afvog
201 556 61 22 sköld
279 557 45 21 mot
342 556 55 21 riket
412 556 57 26 eller,
484 557 8 20 i
506 555 79 29 uppsät
600 558 32 20 att
647 556 61 26 döda,
724 557 96 21 föröfvar

70 590 150 28 väldsgerning
238 590 13 22 &
268 590 110 28 Kejsaren,
398 590 142 28 Kejsarinnan
559 591 51 21 eller
629 591 60 21 deras
708 591 61 26 barn,
789 591 30 22 äf-

70 632 86 14 vensom
175 624 33 22 för
226 625 47 26 den,
291 632 47 15 som
356 626 7 20 i
382 625 111 21 enahanda
510 624 79 29 uppsåt
611 625 47 21 med
679 624 77 23 berådt
770 626 49 21 mod

71 659 100 22 beröfvar
189 666 70 14 annan
276 659 64 22 lifvet.
370 659 34 21 Dä
426 660 103 21 utskottet
549 659 47 21 icke
617 659 82 22 kunnat
720 659 100 28 uppfatta

72 694 62 22 dessa
147 693 80 28 lagbud
242 694 134 21 annorlunda
390 695 28 20 än
433 696 32 19 att
480 693 118 23 dödsstraff
609 694 84 21 komme
704 695 37 25 att,
755 694 65 28 enligt

71 728 115 26 desamma,
204 728 8 21 i
228 728 87 28 vanliga
332 728 38 22 fall
388 727 87 29 öfvergä
494 728 26 22 de
537 728 126 28 förbrytare,
679 735 46 15 som
743 723 40 38 om.
788 728 31 21 de

70 763 93 21 nämnda
178 763 84 21 brotten
277 762 68 22 blefve
363 762 109 28 förvunne,
490 763 40 21 har
548 763 108 27 utskottet,
672 770 46 14 som
735 762 34 22 för
787 763 32 21 sin

71 798 34 22 del
120 798 47 21 icke
182 799 25 19 är
220 797 134 29 öfvertygadt
368 805 35 15 om
417 798 184 28 nödvändigheten
616 800 32 19 att
662 797 35 22 för
711 797 44 22 alla
768 796 50 23 ifrä-

72 833 120 29 gavarande
207 832 137 29 förbrytelser
359 832 76 28 stadga
450 832 120 27 dödsstraff,
586 834 70 20 ansett
671 832 35 22 det
720 839 53 14 vara
786 832 33 21 sin

71 868 54 28 pligt
139 867 105 28 likmätigt
260 869 32 20 att
305 867 56 22 inför
378 867 85 21 landets
482 867 90 22 Ständer
590 866 113 23 framhälla
722 866 25 22 de
766 866 52 27 skäl,

72 910 45 14 som
132 903 39 20 hos
189 902 103 21 utskottet
310 901 115 28 grundlagt
443 909 27 14 en
486 903 89 21 motsatt
593 901 55 28 äsigt
665 902 8 21 i
691 901 70 22 denna
775 901 44 28 vig-

71 937 46 28 tiga
131 935 68 29 fräga.
520 933 5 6 :

139 970 42 21 För
199 972 32 19 att
248 970 75 27 afböja
340 970 88 28 möjliga
444 969 148 23 missförständ
610 970 35 22 vill
662 971 105 21 utskottet
784 979 35 20 ge-

71 1006 50 21 nast
135 1004 48 22 frän
197 1004 76 27 början
288 1004 63 22 hafva
366 1005 104 26 anmärkt,
486 1005 35 21 det
538 1005 103 21 utskottet
658 1005 46 22 icke
719 1005 101 22 förnekar

73 1039 51 22 eller
139 1046 36 15 ens
191 1039 77 27 drager
282 1039 8 21 i
304 1038 126 22 tvifvelsmäl
448 1039 121 22 samhällets
584 1040 45 20 rätt
643 1041 32 20 att
688 1039 8 21 i
710 1040 57 21 vissa
781 1047 38 14 un-

73 1073 130 28 dantagsfall
216 1073 77 21 straffa
308 1073 120 28 förbrytare
442 1073 32 21 till
488 1073 65 22 lifvet.
583 1073 108 22 Utskottet
705 1073 68 22 finner
785 1073 37 22 det

72 1110 91 20 tvertom
176 1115 52 14 vara
246 1107 44 21 helt
308 1107 40 22 och
366 1107 67 22 hållet
451 1107 228 22 öfverensstämmande
693 1108 48 21 med
756 1108 63 21 straf-

73 1142 40 22 fets
128 1143 100 26 begrepp,
244 1140 70 23 säsom
329 1148 26 15 en
369 1142 101 27 negation
484 1141 24 22 af
520 1142 86 25 brottet,
619 1143 32 20 att
664 1149 56 19 man,
735 1143 8 20 i
758 1141 62 28 fräga
833 1143 3 3 '

73 1184 35 15 om
123 1176 26 22 de
164 1175 93 22 svåraste
271 1175 96 22 brottens
382 1175 148 28 bestraffning,
546 1176 85 21 fordrar
642 1177 30 20 ett
687 1176 134 27 fullständigt

72 1211 149 28 upphäfvande
239 1209 24 22 af
279 1209 145 28 förbrytarens
442 1211 98 26 rättsliga
558 1210 64 21 frihet
640 1211 39 20 och
697 1211 124 26 härigenom

73 1245 57 22 ledes
149 1246 31 20 att
198 1245 33 21 för
250 1244 35 21 det
302 1244 117 22 allmännas
434 1244 35 21 väl
483 1244 79 22 förinta
576 1245 41 21 den
630 1244 122 28 brottsliges
767 1245 54 20 indi-

73 1279 92 22 viduella
179 1279 89 21 tillvaro.
298 1279 42 20 Det
354 1279 24 20 är
393 1278 46 21 icke
454 1279 71 26 heller,
541 1278 66 28 enligt
622 1278 113 21 utskottets
749 1279 71 25 tanke,

73 1313 75 26 riktigt
169 1320 46 13 som
235 1320 51 13 man
308 1312 98 21 stundom
427 1313 41 19 hör
490 1312 109 27 äberopas,
618 1314 33 18 att
671 1312 70 21 lifvets
759 1311 62 28 gäfva

73 1353 50 15 vore
138 1345 25 22 sä
180 1346 56 27 helig
254 1346 40 21 och
312 1345 122 22 okränkbar
452 1347 32 19 att
502 1345 112 21 samhället
630 1345 46 21 icke
693 1345 71 21 kunde
782 1352 40 21 ega

75 1382 32 20 att
121 1380 84 28 förfoga
220 1379 101 22 deröfver.
352 1379 73 30 Lifvet
442 1381 25 20 är
484 1379 46 22 icke
547 1377 29 30 pä
594 1381 66 20 annat
674 1380 43 21 sätt
732 1379 90 22 okränk-

74 1416 50 21 bart
138 1416 29 21 än
175 1415 105 30 friheten.
310 1414 100 22 Likasom
427 1414 91 22 friheten
536 1413 48 22 med
603 1413 48 22 fullt
665 1414 46 21 skäl
726 1414 96 22 inskrän-

75 1451 36 22 kes
127 1449 28 23 då
169 1449 41 22 den
224 1449 131 22 missbrukas
368 1449 34 22 till
420 1448 199 28 rättskränkningar
633 1450 44 20 mot
691 1448 74 27 andra,
780 1449 43 22 kan

732 1492 21 17 33
