1028 1695
330 113 71 24 Nådiga
412 115 137 22 Propositionen
560 115 34 17 N:o
607 117 15 15 1.
815 117 10 16 9

443 179 12 27 $
471 180 33 20 20.

164 219 129 23 Underlåter
310 219 66 29 något
393 221 120 22 valdistrikt
532 222 32 20 att
581 221 63 21 ställa
666 221 132 28 fullmäktige
816 221 33 21 till

96 254 100 27 behörigt
210 255 65 25 antal,
290 262 51 14 vare
359 255 94 22 förfallet
470 255 34 21 till
518 255 36 21 det
568 255 47 26 vite,
632 263 44 14 som
692 254 84 23 ståndet
790 255 59 28 pröf-

95 295 39 16 var
153 288 79 28 skäligt
250 289 41 21 och
308 289 43 21 kan
366 296 61 15 anses
442 297 63 14 svara
518 291 46 20 mot
578 289 40 21 den
632 289 92 22 kostnad
738 291 31 20 ett
783 291 67 20 annat

93 322 86 28 jemlikt
194 323 85 21 distrikt
294 323 34 21 för
342 322 112 23 underhåll
465 323 25 22 af
501 323 164 28 landtdagsman
680 322 68 23 måste
762 323 87 22 vidkän-

97 364 45 14 nas.
172 357 65 21 Detta
251 358 42 21 vite
307 357 95 22 tillfaller
416 357 95 22 ståndets
525 358 70 21 kassa.
624 357 115 29 Undantag
754 358 95 21 härutin-

98 398 44 15 nan
161 398 49 21 eger
226 391 65 22 likväl
309 399 48 14 rum
375 392 34 21 för
426 392 158 27 Lappmarkens
603 391 107 29 domsaga,
726 392 8 21 i
748 392 101 22 händelse

99 425 121 29 fullmäktig
235 426 34 22 för
284 426 123 22 densamma
420 426 47 22 icke
482 426 76 22 varder
572 426 82 22 utsedd.

445 491 11 27 g
473 492 33 20 21.

167 532 55 22 Vald
240 534 165 27 landtdagsman
423 533 81 28 ätnjute
525 533 124 28 tillräckligt
669 534 40 22 och
727 534 123 28 anständigt

99 566 120 27 underhåll,
235 568 108 22 äfvensom
362 569 116 27 ersättning
496 568 34 22 för
548 568 137 22 resekostnad
699 568 33 22 till
747 569 41 21 och
801 568 50 22 från

99 601 136 29 landtdagen,
251 603 24 21 af
287 603 54 26 dem,
356 602 72 22 hvilka
445 605 37 19 äro
497 602 168 28 valberättigade
683 603 7 21 i
706 603 36 22 det
760 603 90 26 distrikt,

100 644 46 14 som
164 638 65 20 utsett
249 638 85 20 honom.
363 637 147 28 Erforderliga
527 637 159 22 bestämmelser
703 638 76 21 härom
796 644 54 21 upp-

100 672 63 26 göras
178 671 46 22 före
238 672 72 26 valen;
326 671 39 22 och
381 670 81 29 åligger.
477 672 35 21 det
526 671 159 23 vederbörande
695 672 113 28 Magistrat
819 674 32 19 att

99 706 35 21 för
151 706 190 28 Borgareståndets
363 706 40 22 och
420 706 158 22 vederbörande
600 706 150 28 Kronofogdar
768 708 32 20 att
818 703 34 25 för

100 740 169 22 Bondeståndets
287 740 138 28 fullmäktige,
440 743 53 19 utan
510 741 101 21 särskildt
629 741 83 27 arvode,
729 741 62 22 dessa
808 748 43 14 me-

101 775 34 22 del
146 776 99 26 uppbära
259 776 40 20 och
313 775 34 22 för
363 775 48 22 dem
424 776 103 22 redovisa.
549 776 42 21 För
606 776 26 21 de
646 776 33 20 till
693 774 160 24 Presteståndet

101 810 96 21 hörande
219 810 132 28 fullmäktige
373 810 39 21 bör
435 818 34 14 om
490 810 126 28 uppbörden
634 810 191 22 öfverenskommas
844 810 7 21 i

101 845 154 26 sammanhang
269 844 49 21 med
333 844 225 22 öfverenskommelsen
573 851 34 14 om
620 844 160 29 valordningen.

169 884 136 21 Försummar
327 884 40 21 den
384 884 62 21 valde
464 887 32 19 att
512 885 8 20 i
538 885 45 20 rätt
603 885 32 20 tid
656 884 86 22 inställa
764 885 32 27 sig
816 884 37 22 vid

101 919 136 27 landtdagen,
252 925 51 14 vare
320 918 98 28 förlustig
437 919 37 20 sitt
491 919 78 22 arvode
587 918 33 22 för
639 919 41 21 den
696 919 33 20 tid
746 919 44 22 han
806 920 46 20 ute-

101 953 76 26 blifvit,
197 961 35 13 om
251 953 35 21 det
304 952 69 27 stånd,
392 953 86 21 bvartill
495 954 43 21 han
556 953 69 26 hörer,
644 953 54 22 efter
714 953 102 28 pröfning
831 953 24 22 af

104 988 36 21 det
158 987 7 21 i
184 987 49 22 slikt
255 987 99 22 afseende
371 987 105 28 uppgifna
492 987 78 26 förfall,
589 987 68 22 finner
674 987 79 28 skäligt
769 987 85 22 besluta

102 1021 68 22 sådan
188 1021 91 28 påföljd;
299 1021 40 22 och
357 1029 50 20 eger
425 1021 84 22 ståndet
524 1022 80 27 jemväl
621 1022 59 21 makt
698 1024 38 24 att,
752 1022 54 21 efter
820 1029 33 14 sa-

102 1056 52 22 kens
169 1056 151 26 beskaffenhet,
337 1055 120 23 derutöfver
472 1055 98 23 ådömma
584 1056 78 22 honom
676 1057 62 21 böter
748 1057 63 27 högst
821 1056 33 22 till

102 1091 45 21 lika
161 1090 84 28 belopp.
267 1091 46 27 Lag
328 1098 81 14 samma
422 1098 52 14 vare
488 1098 35 14 om
538 1091 46 26 den,
600 1098 45 14 som
656 1091 66 27 eljest,
733 1092 52 20 utan
797 1090 56 22 stån-

104 1125 47 22 dets
168 1124 102 27 tillstånd,
289 1124 127 22 förfallolöst
435 1124 92 22 afhåller
545 1126 32 27 sig
599 1124 48 22 från
668 1124 96 22 ståndets
786 1125 68 22 öfver-

103 1160 132 27 läggningar.
269 1159 62 22 Hvad
353 1159 40 22 den
414 1160 102 21 uteblifne
537 1159 91 22 sålunda
646 1158 108 23 ådömmes
771 1159 84 23 tillfalle

105 1193 95 23 ståndets
214 1194 69 21 kassa.

450 1240 12 28 s
478 1241 33 20 22.

173 1282 96 21 Embets-
285 1282 51 21 eller
354 1281 132 28 tjensteman,
505 1289 45 14 som
569 1283 61 20 söker
647 1283 49 20 med
715 1283 32 21 sin
766 1282 89 22 embets-

105 1316 123 27 myndighet
242 1316 87 21 inverka
343 1315 29 27 på
385 1316 233 27 landtdagsmannaval,
630 1317 62 20 miste
705 1316 88 21 embete.
815 1317 40 20 Be-

105 1349 73 22 trädes
192 1348 71 28 någon
278 1351 32 19 att
323 1349 65 22 hafva
402 1357 76 20 genom
492 1349 103 22 lockande
613 1350 51 21 eller
678 1350 109 21 tubbande
802 1351 54 20 stört

105 1383 132 26 valfriheten,
253 1383 86 22 straffes
357 1383 160 28 med
408 1379 6 37 '
420 1383 97 28 fängelse
535 1383 48 22 från
601 1384 78 28 fjorton
694 1384 68 28 dagar
776 1383 33 22 till
822 1385 34 20 tre

107 1417 108 23 månader.
244 1418 70 22 Hafva
331 1418 92 22 hotelser
441 1418 51 22 eller
506 1417 49 23 våld
573 1418 68 22 blifvit
655 1419 7 21 i
677 1418 112 23 enahanda
803 1419 54 28 syfte

107 1453 103 27 använda,
226 1453 85 22 straffes
327 1453 191 28 gerningsmannen
532 1453 48 22 med
598 1453 96 28 fängelse
708 1453 48 23 från
772 1460 26 15 en
812 1452 43 23 må-
