998 1681
226 106 33 16 342
433 104 72 23 Nådiga
516 104 136 22 Propositionen
663 104 35 16 N:o
711 104 15 16 5.

206 167 134 28 opåräknadt
354 167 78 28 belopp
451 167 41 22 och
510 166 44 22 han
569 166 79 28 jemväl
664 165 70 22 blefve
747 165 72 22 inledd
834 166 8 20 i
859 165 96 22 frestelse

207 204 31 20 att
252 201 120 22 motarbeta
386 201 139 27 regleringen.
555 201 114 21 Dessutom
684 201 25 20 är
724 200 35 21 det
777 200 74 27 troligt
866 202 32 19 att
913 199 40 22 den

206 244 29 13 nu
249 235 163 28 ifrågavarande
429 235 134 28 regleringen
577 235 7 20 i
598 241 63 14 mera.
672 235 28 20 än
710 235 35 20 :ett
760 233 128 23 decennium.
899 233 56 22 skall

206 270 45 22 låta
268 271 65 20 vänta
350 269 29 28 på
397 269 33 28 sig
448 270 41 21 och
507 269 58 22 inom
583 267 85 24 kortare
682 268 32 22 tid
729 268 51 22 med
791 269 64 21 bästa
868 268 52 28 vilja
934 269 19 28 ej

207 304 66 23 heller
280 305 73 21 kunna
360 304 141 28 genomföras.
523 303 41 22 Till
574 303 51 28 följe
636 303 65 22 häraf
708 303 81 28 torde
782 299 10 37 $
799 304 25 20 16
832 303 55 22 böra
893 303 60 28 lyda:

399 337 127 28 Fullmakt,
542 345 44 14 som
600 338 101 28 utfärdas
717 338 14 21 &
741 337 195 29 prestbeställning
946 339 11 20 i

335 373 142 29 församling,
489 372 45 27 der,
546 373 69 28 enligt
626 372 69 21 denna
699 372 138 29 förordning
845 373 110 28 reglering

339 407 75 29 pågår
433 408 51 21 eller
497 408 53 29 före
566 406 202 29 ansökningstidens
783 407 86 28 ingång
883 407 73 28 blifvit

342 441 121 30 ifrågasatt
475 442 39 21 och
524 442 10 21 i
545 442 98 27 anslaget
657 448 34 14 om
707 441 120 29 ledigheten
839 441 117 22 tillkänna-

343 476 79 29 gifven,
445 476 56 21 skall
521 475 112 22 innehålla
656 479 34 18 att
712 475 41 22 den
775 483 19 14 o.
816 482 17 15 s.
852 483 19 14 v.
891 475 66 28 enligt

341 511 166 28 propositionen.
533 510 51 21 Men
598 511 10 20 i
621 513 88 18 motsatt
717 510 48 29 fall
779 510 36 21 mä
823 509 133 30 fullmakten

342 549 53 18 utan
409 545 72 22 vilkor
495 545 109 30 utfärdas.

275 581 41 21 4:0.
345 580 67 22 Tiden
427 580 24 21 af
463 579 104 29 tjugufem
582 579 24 22 är
621 581 30 25 är,
667 579 67 28 enligt
747 579 44 22 min
806 578 63 29 äsigt,
883 578 73 23 alltför

207 615 49 21 kort
277 613 34 22 för
333 620 26 16 en
381 614 108 22 fastställd
507 613 186 22 lönekonventions
707 613 97 22 bestånd.
833 614 42 21 Vid
888 620 67 16 nuva-

207 648 67 22 rande
291 648 165 29 klyfningsmani
474 649 24 21 af
513 648 208 28 prestlägenheterne
739 648 71 21 skulle
825 649 130 26 presterska-

208 685 47 26 pets
277 683 93 27 aflöning
391 690 77 21 genom
489 683 70 21 denna
580 682 189 22 tidsbestämmelse
790 683 77 21 ställas
881 682 30 28 pä
929 690 27 15 en

209 717 94 22 särdeles
317 717 67 28 rörlig
402 717 37 21 fot.
469 717 90 22 Derföre
578 717 68 22 borde
663 717 75 22 endast
755 717 164 22 bestämmelsen
933 717 25 22 af

209 752 73 21 femtio
297 751 25 22 är
335 752 49 21 med
398 751 136 22 uteslutande
554 751 24 22 af
594 751 62 28 högst
673 751 118 22 bibehällas
809 754 56 19 samt
880 753 11 27 &
907 753 26 20 21
949 753 7 20 i

209 786 64 21 slutet
287 785 22 22 få
325 785 58 22 detta
397 786 84 27 tillägg:
506 786 51 21 eller
572 786 123 27 derutöfver
709 787 62 20 intill
785 786 46 21 dess
840 793 37 22 ny
889 787 68 28 regle

209 821 51 27 ring
279 820 55 21 sker.

311 879 30 22 Af
353 880 211 27 Kontraktsprosten,
579 881 83 21 Doktor
675 881 85 22 Hellön:

277 922 138 22 Beträffande
432 923 164 22 nedannämnda
617 924 24 27 88
659 924 91 22 utbeder
764 924 39 29 jag
821 925 45 28 mig
883 923 24 24 få
921 925 36 22 öd-

209 956 94 28 mjukast
327 957 119 22 framställa
471 957 58 22 mina
554 956 55 23 ifrån
635 958 114 22 utskottets
769 958 136 23 betänkande
926 959 31 22 af

210 991 89 21 vikande
314 990 85 29 åsigter.

281 1025 12 28 $
310 1026 19 20 2.
358 1025 50 22 Med
427 1025 98 22 afseende
543 1026 19 27 ej
581 1026 82 21 mindre
680 1025 14 23 &
711 1026 36 22 det
764 1027 105 22 särskilda
889 1030 69 25 prest-

210 1059 89 28 tjenster
316 1059 128 22 tillhörande
462 1060 58 21 olika
538 1059 107 29 omfånget
663 1061 24 21 af
703 1061 96 27 göromål
823 1063 40 20 och
881 1069 77 15 ansvar

210 1095 28 19 än
254 1094 41 21 den
308 1093 35 22 för
357 1093 43 22 alla
418 1094 107 21 ordinarie
539 1096 89 25 prester,
647 1093 27 23 då
693 1095 26 21 de
738 1095 24 21 af
777 1096 115 27 sjuklighet
906 1097 52 22 eller

211 1126 110 23 ålderdom
341 1127 66 22 blifva
428 1128 33 21 till
482 1127 142 29 tjenstgöring
645 1128 130 29 oförmögne,
801 1137 157 20 gemensamma

212 1162 108 21 saknaden
338 1161 23 22 af
377 1169 71 14 annan
466 1163 94 27 pensiorl,
576 1164 28 20 än
619 1170 28 14 en
658 1164 43 21 viss
715 1165 79 27 anpart
807 1165 8 20 i
830 1165 127 29 aflöningen,

211 1203 62 14 anser
289 1196 39 28 jag
345 1196 78 22 minsta
440 1196 102 28 beloppet
560 1197 23 21 af
598 1197 69 27 lönen,
685 1199 60 20 utom
763 1198 42 22 fria
819 1198 138 29 boningsrum

212 1230 39 21 och
265 1230 81 27 nödiga
359 1230 70 26 uthus,
444 1230 55 21 böra
512 1232 88 25 utgöra:

280 1264 23 27 a)
326 1264 34 21 för
381 1264 106 27 kapellan,
510 1264 114 27 predikant
645 1265 50 21 eller
717 1266 188 28 sockne-adjunkt:
930 1270 27 19 80

211 1300 78 20 tunnor
303 1297 97 29 spanmål
415 1298 52 22 eller
482 1300 61 25 1,600
558 1299 67 27 mark,
640 1300 40 21 och
908 1308 12 5 =

281 1332 23 29 b)
326 1332 34 22 för
381 1332 133 30 kyrkoherde
537 1335 40 20 160
600 1335 78 21 tunnor
699 1334 97 28 spanmäl
822 1336 53 22 eller
897 1338 60 26 3,200

212 1368 61 22 mark
291 1367 74 22 Finskt
382 1369 65 27 mynt.
480 1362 99 34 Ätnjuter
597 1371 59 25 prest
672 1369 91 23 boställe
781 1370 52 23 eller
851 1378 56 22 egor,
927 1372 30 22 af-

213 1403 75 27 drages
303 1400 144 24 medelvärdet
461 1402 24 22 af
498 1403 72 22 dessas
585 1402 100 24 behällna
699 1404 123 30 afkastning
833 1405 56 24 ifrän
899 1414 58 22 nyss-

212 1436 93 22 nämnda
319 1436 132 28 lönebelopp.
