1014 1692
322 98 71 24 Nådiga
404 100 136 25 Propositionen
551 100 34 17 N:o
598 101 16 15 2.
786 102 32 16 125

96 162 55 22 dom.
181 162 45 22 Och
244 162 70 22 tillåta
331 163 21 21 vi
370 170 34 14 oss
423 163 132 22 fördenskull
572 165 32 20 att
622 163 33 21 till
672 164 119 22 Utskottets
806 164 37 22 be-

94 198 108 22 tänkande
216 198 51 28 foga
280 198 95 28 följande
389 199 140 21 reservation:

163 232 10 22 I
189 233 61 21 deras
265 232 147 28 underdåniga
427 240 49 14 svar
490 232 28 29 på
533 233 41 22 den
588 234 132 27 proposition
738 234 8 21 i
764 235 77 25 ämnet,

93 274 46 14 som
161 267 106 22 förelades
290 267 118 22 Ständerne
425 268 35 21 vid
479 268 97 21 sednaste
595 268 108 28 landtdag,
719 268 123 22 förklarade

93 301 67 27 desse,
177 303 31 20 att
223 302 25 21 de
263 302 47 21 icke
324 302 70 21 kunde
410 304 79 25 antaga
501 302 35 21 det
546 302 8 21 i
564 303 160 26 propositionen
737 302 105 28 ingående

92 335 81 29 förslag
188 336 32 21 till
234 336 132 28 förordning,
381 338 56 19 samt
452 336 91 26 anhöllo,
552 336 66 28 jemte
630 336 35 22 det
677 337 25 21 de
713 336 70 22 såsom
794 336 47 22 huf-

91 370 157 28 vudsakligaste
264 371 68 21 skälet
346 370 33 22 för
394 371 62 21 deras
471 370 67 28 afslag
554 370 119 28 åberopade
687 370 116 22 innehållet
818 370 25 22 af

92 406 12 20 2
120 406 11 27 $
147 406 7 20 i
168 405 199 28 Regeringsformen
385 405 41 21 den
444 406 25 20 21
489 405 91 28 Augusti
599 406 60 25 1772,
675 407 13 19 4
705 406 95 27 punkten
819 405 25 21 af

91 440 198 28 Riksdagsbeslutet
307 440 41 21 den
366 441 26 20 23
412 440 51 21 Juni
483 441 53 20 1785
552 440 40 22 och
607 440 125 28 Förenings-
747 440 40 22 och
803 439 38 22 Sä-

91 474 160 22 kerhets-akten
265 474 25 22 af
303 474 41 22 den
359 476 25 19 21
400 474 105 22 Februari
516 474 40 22 och
569 476 11 19 3
593 474 61 28 April
666 476 60 24 1789,
739 476 32 20 att
781 474 59 22 Hans

91 508 102 29 Majestät
209 509 8 21 i
234 508 74 22 Nåder
325 508 49 22 ville
391 508 14 22 å
423 509 165 21 nästinfallande
602 508 103 28 landtdag
720 509 120 29 framlägga

90 552 29 20 ny
133 544 139 28 proposition,
291 543 149 22 innehållande
458 544 8 20 i
484 544 24 21 af
524 544 118 21 Ständerne
659 544 69 21 tillika
746 544 94 28 angifvet

89 578 56 29 syfte
158 578 124 22 utarbetadt
296 578 81 28 förslag
391 578 33 21 till
438 578 36 28 lag
488 578 8 21 i
510 580 77 20 ämnet.
617 577 76 29 Någon
708 578 81 22 önskan
804 586 35 14 om

90 613 91 27 ändring
200 613 51 21 eller
268 612 151 28 upphäfvande
437 613 24 21 af
474 613 26 21 de
514 612 93 22 nämnda
622 612 216 28 grundlagsstadgan-

90 648 55 21 dena
159 647 89 28 antydes
262 648 46 20 icke
322 648 8 20 i
346 647 35 21 det
394 646 147 29 underdåniga
556 649 76 19 svaret.
662 647 45 21 Och
723 648 41 20 den
775 647 62 21 Stän-

89 682 64 21 derne
167 688 30 16 nu
212 682 145 28 föreliggande
371 682 159 27 propositionen
546 682 66 27 gifver
626 682 46 21 icke
686 682 67 21 heller
767 681 71 29 någon

89 715 68 23 sådan
171 716 64 28 afsigt
249 716 110 22 tillkänna.
388 716 42 21 Det
444 716 40 21 bör
499 715 88 27 således,
606 723 35 15 om
658 716 127 22 förberörda
799 724 39 14 un-

89 750 117 29 derdåniga
220 758 48 14 svar
284 751 39 21 och
338 750 135 28 inledningen
488 750 7 22 i
509 750 142 22 nästnämnda
661 750 84 28 Nådiga
759 758 78 20 propo-

88 786 64 21 sition
173 784 23 22 få
216 787 78 26 utgöra
315 786 69 27 grund
406 785 34 22 för
462 785 112 27 omdömet,
593 785 72 21 kunna
683 787 90 26 antagas
792 792 46 15 som

89 820 161 28 otvifvelaktigt,
266 822 32 20 att
312 820 60 21 Hans
386 820 100 27 Majestät
501 820 40 21 och
556 819 119 22 Ständerne
688 820 36 21 vid
738 820 99 21 sednaste

88 855 104 28 landtdag
207 855 55 21 varit
276 854 129 28 fullkomligt
420 861 49 15 ense
484 854 78 27 derom,
575 856 31 19 att
618 854 129 28 ofvansagda
758 854 78 27 grund-

87 889 180 28 lagsstadganden
292 889 67 22 borde
384 889 132 21 fortfarande
540 887 118 23 bibehållas
680 889 35 21 vid
737 888 99 28 gällande

87 923 58 22 kraft
161 924 39 21 och
215 923 79 22 verkan
312 925 56 19 samt
384 923 8 20 i
410 922 77 22 sådant
505 923 59 21 skick
582 923 74 27 läggas
670 923 33 20 till
718 922 69 28 grund
801 922 35 22 för

88 958 41 21 den
150 958 65 27 nödig
236 957 95 22 ansedda
352 956 254 29 lagstiftningsåtgärden,
633 957 63 21 hvars
719 957 54 21 enda
795 957 40 21 och

86 992 164 27 hufvudsakliga
264 991 84 28 uppgift
363 991 133 28 töljaktligen
510 991 67 22 skulle
587 991 65 21 blifva
667 993 32 19 att
712 991 124 21 förmedelst

86 1027 70 26 bägge
175 1025 179 22 Statsmakternas
372 1026 125 21 samverkan
515 1025 146 22 åstadkomma
676 1032 27 14 en
717 1025 118 28 förklaring

86 1060 25 22 af
124 1060 61 21 dessa
201 1060 142 28 stadgandens
357 1061 58 20 rätta
429 1059 97 22 förstånd
541 1059 40 22 och
596 1060 91 27 mening.

155 1094 50 22 Med
220 1094 69 22 denna
303 1094 137 28 uppfattning
455 1094 24 21 af
492 1093 86 29 frågans
590 1093 89 22 formela
688 1093 147 22 beskaffenhet

86 1128 46 23 låta
147 1131 10 19 1
175 1129 40 22 och
230 1130 12 20 2
258 1129 24 28 $$
298 1129 7 20 i
320 1129 36 21 det
373 1128 81 28 törslag
471 1128 33 21 till
522 1128 126 28 förordning
664 1128 8 21 i
691 1129 78 25 ämnet,
788 1135 46 14 som

86 1163 86 28 åtföljer
189 1162 163 29 ifrågavarande
370 1162 80 28 nådiga
466 1163 140 27 proposition,
625 1163 47 20 icke
689 1161 29 28 på
736 1169 26 14 en
777 1161 56 28 gång

85 1198 76 21 förena
175 1198 38 27 sig.
242 1197 112 22 Jemförda
367 1197 49 21 med
430 1197 127 25 hvarandra,
573 1195 28 29 gå
615 1196 105 27 nemligen
735 1196 62 21 dessa
808 1197 24 27 88

85 1234 24 19 ut
123 1231 30 28 på
167 1232 109 27 ingenting
291 1231 89 26 mindre,
398 1233 28 19 än
445 1233 32 19 att
492 1231 26 22 de
532 1231 112 21 anmärkta
659 1230 173 28 grundlagsstad-

85 1267 99 28 gandena
198 1266 66 21 borde
279 1265 109 28 uppfattas
404 1266 40 21 och
458 1264 78 23 förstås
550 1264 30 28 på
594 1267 30 19 ett
639 1266 48 24 sätt,
702 1265 8 20 i
725 1263 62 28 fråga
798 1271 35 14 om

85 1301 90 21 embets-
191 1301 39 21 och
244 1300 133 27 tjenstemän,
393 1299 71 22 hvilka
478 1301 108 20 utnämnts
598 1299 64 21 innan
674 1299 41 21 den
725 1298 108 22 blifvande

84 1334 152 27 förordningen
250 1333 114 26 utfärdats,
383 1340 49 13 men
448 1332 30 27 på
496 1334 30 20 ett
544 1334 66 19 annat
628 1333 49 24 sätt,
692 1333 7 20 i
714 1332 38 21 fall
767 1321 65 40 saken

85 1367 67 28 angår
171 1367 88 22 embets-
278 1367 40 21 och
337 1367 133 27 tjenstemän,
492 1366 82 21 hvilkas
592 1366 124 27 utnämning
734 1364 98 23 inträffar

85 1402 91 23 sednara
191 1403 27 20 än
232 1401 164 28 förordningens
410 1400 135 27 utfärdande,
564 1400 57 27 eller,
640 1399 48 22 med
703 1399 68 22 andra
785 1399 46 27 ord,

84 1439 33 20 att
131 1436 152 23 meranämnda
298 1436 132 29 stadganden
448 1436 72 21 kunna
538 1435 7 22 i
563 1435 56 22 olika
637 1434 38 23 fall
692 1434 65 23 hafva
775 1434 56 22 olika
