1700 1836
649 177 71 22 Nådiga
732 178 137 21 Propositionen
880 178 34 16 N:o
926 178 16 15 4.
1115 177 31 15 287

588 262 2 2 a
788 241 13 28 $
816 239 53 23 387.

476 285 2 29 |
544 280 35 26 Är
599 283 161 30 biskopsembete
779 285 73 28 ledigt,
872 285 51 21 eller
942 278 33 27 är
989 279 73 34 biskop
1081 285 26 29 af
1120 286 50 27 laga

476 319 91 29 förfall
589 320 51 20 eller
659 319 40 28 jäf
718 318 95 23 hindrad
831 321 37 19 att:
890 319 61 20 ordet
969 320 68 27 föra;
1060 319 109 28 öfvertage

476 352 149 39 domprosten
647 352 48 26 och,
717 354 38 21 der
778 354 63 28 äfven
863 353 43 20 han
928 353 94 21 hindrad
1045 355 34 24 är,
1102 354 68 20 äldste

476 384 2 29 |
490 384 118 29 ledamoten
634 387 213 29 ordförandeskapet.
883 381 48 26 Äro
954 395 25 13 en
1001 388 52 21 eller
1069 388 54 27 flere
1146 389 27 38 of

476 417 1 30 |
488 423 147 20 ledamöterna
655 422 25 28 af
697 422 50 28 laga
762 422 83 29 förfall
863 422 52 21 eller.
931 422 39 29 jäf
986 422 105 21 hindrade
1111 425 33 17 att
1161 423 10 20 i

476 457 1 25 |
486 457 144 28 domkapitlet
648 457 59 26 sitta,
727 457 39 20 och
784 458 27 19 är
826 456 141 29 domkapitlet
982 464 80 13 annars
1078 457 19 28 ej
1112 457 58 20 dom-

475 503 2 15 i
482 492 62 29 fört;
560 492 29 21 då
603 489 60 23 skola
677 487 29 26 så
723 492 80 28 många
821 491 106 29 skickliga
945 493 50 28 män
1014 491 65 22 bland
1095 491 75 29 kyrko-

489 526 80 21 herdar
585 526 38 21 och
639 525 92 22 lektorer
745 527 10 20 i
769 526 25 21 de
810 525 132 29 theologiska
957 526 167 29 vetenskaperna
1138 528 33 19 in-

475 557 3 49 |
495 561 69 33 kallas,
581 565 33 16 att
629 561 35 21 det
679 561 96 29 domfört
793 561 84 21 varder.
908 561 158 29 Domkapitlets
1085 562 85 20 notarie

476 607 1 21 |
487 596 37 32 mä
547 595 43 26 ock,
613 596 42 20 när
678 596 95 28 behofvet
785 596 103 27 fordrar,
907 596 10 20 i
935 595 141 31 domkapitlet
1095 596 77 29 adjun-

475 629 2 35 |
487 629 71 35 geras..
588 629 31 29 Ej
636 631 36 20 mä
693 630 72 29 någon
787 630 34 28 sig
842 630 150 28 undandraga,
1015 637 45 14 som
1079 631 91 28 sålunda

475 671 1 14 |
486 663 78 27 kallas,
579 667 54 18 utan
649 665 43 30 han
707 665 50 28 laga
765 664 84 31 förfall
865 665 42 21 kan
920 665 48 20 visa
983 665 38 20 och
1035 665 81 28 styrka.

790 729 13 27 $
818 727 50 22 388.

650 771 61 29 (Lika
726 771 48 21 med
789 772 11 27 $
817 773 39 20 390
871 771 8 21 i
893 771 119 28 förslaget.)

789 833 12 27 $
817 831 52 22 389.

474 901 2 3 i
545 874 16 22 I
577 876 75 29 hvarje
671 875 132 28 domkapitel
820 875 56 22 skall
888 875 74 28 finnas
981 875 132 22 sekreterare
1132 877 38 20 och

474 908 107 37 notarie.
611 910 149 28 Domkapitlet
779 912 39 26 äge
837 914 38 22 att,
895 911 54 27 efter
969 910 107 29 kungjord
1095 911 76 21 ansök-

474 937 2 43 |
492 945 100 28 ningstid,
609 945 36 21 till
663 944 60 21 dessa
741 945 90 28 tjenster
846 948 80 25 antaga
945 944 101 30 skicklige
1057 952 113 21 personer,

474 981 2 17 |
482 979 43 29 för
547 979 74 21 hvilka
639 980 35 20 det
693 979 40 20 har
745 979 136 29 förtroende,
901 982 56 18 samt
975 980 112 20 bestämme
1107 980 63 20 huru-

474 1012 2 16 i
498 1014 47 21 ledes
560 1014 126 28 göromålen
701 1014 46 20 dem
762 1014 89 20 emellan
863 1014 101 28 fördelas
983 1014 61 20 böra.
1075 1013 97 21 Sekrete-

474 1065 2 7 |
489 1056 67 13 raren
571 1048 55 21 skall
641 1055 54 14 vara
707 1055 24 13 en
743 1056 50 13 man
807 1048 47 21 med
869 1048 118 28 bepröfvad
1002 1048 98 29 juridisk
1117 1048 55 21 bild-

488 1084 54 28 ning
561 1083 38 21 och
621 1082 128 29 erfarenhet.
778 1082 48 21 Den
849 1083 24 28 af
891 1082 59 21 desse
972 1084 132 27 tjenstemän,
1127 1090 45 14 som

488 1118 100 28 uppbörd
606 1117 27 29 af
644 1117 175 28 penningemedel
839 1117 109 27 ombetros,
969 1118 45 26 bör,
1034 1119 69 20 säsom
1123 1117 49 22 kro-

488 1160 54 13 nans
557 1152 168 28 uppdbördsmän,
741 1152 76 29 derför
833 1153 66 20 ställa
913 1152 86 29 borgen,
1015 1160 45 14 som
1075 1153 26 28 af
1113 1152 58 21 dom-

473 1183 2 31 |
490 1187 91 28 kapitlet
595 1186 130 29 godkännes.

729 1232 25 28 $$
766 1230 48 22 390
830 1232 38 20 och
882 1230 49 23 391.

588 1274 63 30 (Lika
665 1274 48 22 med
728 1275 24 27 $$
769 1276 40 20 392
825 1275 40 21 och
881 1276 40 20 393
936 1276 8 20 i
959 1275 118 28 förslaget.)

473 1335 2 23 i
790 1336 12 27 $
817 1333 53 23 392.

546 1378 149 28 Domkapitlet
715 1376 77 23 tillhör
811 1381 32 18 att
861 1382 97 24 upptaga
977 1378 38 21 och
1035 1378 64 21 döma
1119 1379 10 20 i
1147 1379 25 21 de

489 1413 51 25 mål,
560 1419 45 14 som
623 1414 55 18 röra
692 1415 73 24 prests
775 1412 146 27 förhållande
935 1413 10 19 i
960 1412 77 20 embete
1053 1413 51 20 eller
1119 1420 54 20 upp-

473 1465 1 8 |
486 1446 97 29 förande
606 1446 38 20 och
667 1445 112 21 ankomma
796 1446 33 27 pä
850 1446 102 28 varning,
976 1446 133 28 löneförlust,
1129 1454 45 12 sus-

473 1480 2 35 |
487 1482 92 28 pension
595 1482 51 20 eller
661 1481 104 27 mistning
778 1480 25 28 af
807 1480 162 28 prestembetet;
985 1487 48 15 men
1043 1481 48 22 med
1102 1481 71 21 andra

472 1516 3 40 |
492 1516 65 26 brott,
573 1517 70 20 större
661 1516 52 20 eller
723 1515 92 26 mindre,
831 1522 44 14 som
883 1519 63 24 prest
958 1515 91 22 tillvitas
1061 1516 39 21 och
1112 1516 61 28 ligga
