1003 1681
196 124 33 16 446
400 122 70 24 Nådiga
482 124 137 21 Propositionen
631 124 34 16 N:o
678 124 15 16 9.

172 186 161 22 föreskrifterne
346 186 8 21 i
368 186 25 28 8$
409 187 27 20 14
451 187 40 21 och
507 187 32 25 15,
555 187 25 20 är
595 186 66 27 enligt
674 186 45 21 min
733 186 139 28 öfvertygelse
883 193 38 14 un-

174 221 38 21 der
225 220 124 21 nuvarande
363 219 149 22 förhållanden
526 220 88 21 alldeles
628 221 119 26 opraktiskt
762 222 56 19 samt
831 220 92 22 ledande

173 255 33 21 till
220 256 93 27 onödiga
327 254 116 29 omgånger
458 255 40 22 och
509 255 106 21 kostader.
642 255 10 21 I
664 255 26 21 de
701 255 62 21 flesta
774 255 37 21 fall
823 253 27 24 då
861 253 62 30 fråga

173 291 26 20 är
214 297 34 14 om
263 290 113 27 öppnande
391 289 23 22 af
428 289 118 27 damlucka,
562 289 117 28 stängande
694 289 25 21 af
730 289 129 28 kungsädra,
875 289 48 23 ska-

174 324 69 22 dande
262 324 24 21 af
301 324 53 21 fiske
371 331 28 14 m.
417 331 28 14 m.
464 325 24 20 är
508 324 34 21 det
560 324 74 27 nödigt
653 326 32 19 att
699 323 22 22 få
736 324 114 28 skyndsam
864 324 59 27 hjelp

173 359 25 22 af
213 359 188 28 polistjensteman,
418 359 9 21 i
445 358 102 21 händelse
562 358 149 28 oberäkneliga
726 358 78 21 skador
818 358 61 21 skola
892 358 32 21 fö-

173 393 113 28 rebyggas.
315 392 152 29 Kronofogden
481 393 40 21 bor
536 392 45 22 ofta
595 391 29 29 pä
639 393 19 26 5,
675 394 12 19 6
700 393 25 27 ja
741 394 26 19 10
779 393 47 21 mils
838 391 85 24 afständ

173 427 48 22 från
244 435 26 14 en
292 429 45 20 stor
359 427 34 22 del
414 427 24 22 af
454 427 101 22 häradets
572 426 108 23 invånare.
713 427 78 22 Hvilka
808 426 116 23 kostnader

173 462 41 21 och
231 462 85 21 hvilken
331 461 120 28 tidsspillan
466 462 54 21 hans
534 461 109 22 anlitande
656 461 84 22 medför
753 462 102 21 behöfver
869 461 56 22 blott

173 495 95 29 päpekas
286 497 41 20 och
345 496 39 21 allt
402 496 59 21 detta
478 495 35 22 för
530 497 32 20 att
580 495 66 22 sedan
660 496 86 21 komma
760 496 33 21 till
808 496 36 21 det
857 496 67 21 resul-

173 533 39 24 tat,
230 533 32 19 att
280 530 152 29 Kronofogden
453 531 97 21 nittionio
570 529 80 29 gänger
667 531 67 21 bland
751 531 112 21 hundrade
880 531 44 21 för-

175 565 78 22 ordnar
268 565 148 21 Länsmannen
430 564 29 28 pä
474 564 71 22 stället
560 567 32 19 att
604 565 8 21 i
623 565 106 27 egenskap
742 565 24 21 af
775 565 79 21 allmän
866 565 58 21 äkla-

175 606 51 21 gare
244 598 121 23 undersöka
383 599 41 21 och
441 599 73 30 utföra
531 598 71 22 mälet.
632 599 65 22 Detta
715 601 25 19 är
757 599 8 21 i
784 599 90 28 sanning
893 600 35 21 att

175 633 28 28 gå
221 633 59 25 öfver
295 632 27 22 än
336 633 55 21 efter
405 635 78 20 vatten.
512 633 35 22 Då
561 633 214 22 Kronolänsmannen
789 634 62 21 äfven
865 634 8 21 i
888 641 37 14 an-

175 668 40 21 dra
228 666 102 23 brottmål
348 668 25 20 är
387 667 68 26 aktor,
470 667 43 21 kan
525 667 39 28 jag
579 667 18 28 ej
613 668 45 21 inse
673 667 99 22 hvarföre
786 668 44 21 han
843 668 8 21 i
866 668 59 22 detta

174 702 39 21 fall
234 702 19 28 ej
276 701 57 28 finge
355 701 81 22 direkte
457 702 83 21 anlitas.
570 701 31 22 På
620 702 61 21 dessa
699 702 47 21 skäl
763 704 47 20 tror
825 703 39 27 jag
882 703 43 28 mig

175 736 54 22 böra
242 736 54 29 yrka
311 737 32 21 att
353 735 140 30 Kronofogde
507 735 67 23 måtte
584 736 87 28 utbytas
683 738 57 20 emot
751 736 174 30 Kronobetjente.

277 794 30 21 Af
318 794 212 27 Kontraktsprosten,
545 794 83 21 Doktor
642 794 85 22 Hellén:

243 840 54 21 Lika
318 840 48 21 med
383 840 116 22 utskostets
518 840 68 28 öfrige
603 840 128 27 ledamöter,
749 841 42 21 har
808 840 62 23 äfven
886 841 39 28 jag

176 876 70 21 ansett
264 875 26 20 de
307 876 77 20 tvenne
401 875 69 21 första
487 877 145 19 momenterne
649 875 32 21 uti
695 873 164 30 ifrågavarande
874 875 51 28 Kej-

175 909 79 28 serliga
270 909 144 27 propositions
433 909 47 21 7:de
495 909 11 28 $
521 909 60 26 böra,
599 909 90 21 medelst
703 917 28 20 ny
745 909 119 27 redaktion,
882 909 43 22 för-

175 943 93 28 tydligas
286 944 40 21 och
341 944 7 20 i
363 945 30 20 ett
407 945 94 20 moment
515 943 172 26 sammanfattas;
703 944 111 21 hvaremot
826 945 39 27 jag
879 945 46 21 icke

175 978 43 21 kan
236 977 56 29 gilla,
311 979 33 20 att
361 977 115 27 Utskottet,
494 985 26 15 ur
535 978 37 22 sitt
586 978 8 21 i
607 978 145 22 betänkandet
767 979 160 27 omredigerade

175 1012 82 27 förslag
276 1012 32 21 till
326 1019 81 15 samma
425 1012 108 28 paragraf,
552 1012 97 22 uteslutit
663 1013 41 21 den
718 1012 80 28 nådiga
811 1014 115 26 propositi-

176 1054 65 14 onens
252 1046 137 22 välbetänkta
403 1047 118 27 stadgande
533 1047 81 21 derom:
630 1048 32 20 att
672 1047 33 21 till
717 1054 61 21 egors
790 1047 136 29 öfversilning

175 1081 113 28 begagnad
309 1082 174 27 vattendämning
504 1082 68 21 borde
588 1082 36 21 vid
643 1081 125 28 September
786 1081 88 23 månads
892 1084 34 20 ut-

176 1114 56 29 gång
247 1116 105 27 upphöra,
366 1110 81 38 hvilket
461 1116 124 28 stadgande,
601 1116 66 28 enligt
681 1116 44 21 min
740 1116 146 28 öfvertygelse,
901 1118 25 20 är

175 1150 89 28 förtjent
278 1152 32 20 att
324 1151 8 20 i
346 1150 153 28 författningen
513 1150 91 28 intagas.

189 1211 4 3 =
244 1185 91 21 Medelst
356 1185 136 21 uteslutande
513 1185 25 21 af
558 1185 156 22 ofvannämnda
736 1185 128 27 stadgande,
886 1186 41 21 har

175 1218 110 22 Utskottet
299 1218 109 22 tillerkänt
419 1219 116 26 jordegare
549 1220 102 25 rättighet
665 1219 34 20 till
713 1220 119 25 uppdämdt
843 1222 83 18 vattens

176 1252 116 21 oafbrutna
309 1251 153 28 gvarhällande
480 1252 13 21 å
511 1252 94 21 marken.
635 1252 153 27 Begagnandet
805 1252 24 21 af
845 1260 27 14 en
886 1253 41 21 slik

175 1286 109 28 rättighet,
303 1286 34 21 för
356 1286 40 22 den
414 1286 54 22 efter
486 1286 125 28 September
628 1285 89 22 mänads
736 1285 81 29 utgäng
836 1285 90 23 äterstä-

176 1320 53 22 ende
248 1320 60 22 delen
327 1320 24 22 af
367 1320 51 27 äret,
438 1321 56 21 visar
512 1321 32 27 sig
563 1320 54 22 dock
636 1320 47 22 icke
698 1320 89 22 allenast
802 1321 124 28 obehöfligt,

176 1354 89 23 emedan
280 1355 87 21 marken
381 1355 69 21 under
464 1356 66 27 sagde
544 1354 73 27 ärstid,
633 1355 43 21 alla
691 1356 184 28 vattenledningar
886 1356 40 22 och

175 1389 162 29 fördämningar
351 1389 92 27 förutan,
459 1397 76 21 genom
549 1392 102 19 naturens
662 1397 53 21 egen
726 1389 136 30 hushällning
872 1391 54 22 und-

176 1423 34 23 fär
225 1425 40 21 och
279 1424 118 22 bibehäller
412 1424 120 28 tillräcklig,
545 1424 25 28 ja
584 1438 28 2 —
627 1425 40 21 ock
682 1424 45 22 ofta
741 1425 124 28 öfverflödig.
880 1426 46 22 fuk-

176 1458 74 28 tighet,
269 1460 53 20 utan
340 1459 40 21 ock
397 1460 77 28 ytterst
492 1459 94 28 skadligt
602 1460 8 20 i
628 1458 25 22 sä
670 1458 74 28 mätto,
760 1461 38 25 att,
813 1460 66 28 enligt
893 1467 32 14 er-
