998 1684
291 106 71 24 Nådiga
373 109 137 21 Propositionen
523 109 33 16 N:o
569 109 15 16 5.
757 110 33 15 305

61 177 44 15 ren.
135 170 66 22 Föres
218 170 8 22 i
241 170 106 29 besvären
365 171 80 28 klagan
463 171 97 22 deröfver
579 173 32 20 att
628 171 93 22 beslutet
738 171 47 22 icke
808 172 7 20 i

60 205 50 27 laga
125 198 89 40 ordning
226 198 133 40 tillkommit,
375 206 55 21 skall
445 206 138 21 Guvernören
598 208 75 25 genast
688 206 74 21 derom
776 213 39 14 un-

61 239 96 21 derrätta
171 235 100 29 komitén,
287 239 84 21 hvilken
386 239 66 22 innan
466 238 149 23 såbeskaffade
625 240 77 21 besvär
713 241 38 20 äro
763 239 51 22 slut-

33 289 4 4 .
60 272 58 27 ligen
135 272 109 27 pröfvade,
263 272 19 27 ej
301 271 36 22 mä
354 273 33 21 sin
405 273 130 28 förrättning
553 273 58 22 inom
628 275 121 25 pastoratet
770 273 46 22 vid-

60 307 58 26 taga.
147 306 86 27 Besvär,
252 306 72 21 hvilka
342 307 44 21 afse
404 307 102 28 beloppet
524 307 40 22 öch
582 307 149 28 fördelningen
749 307 25 22 af
790 307 26 21 de

60 341 123 28 föreslagna
204 341 120 28 afgifterna,
343 341 61 22 skola
426 342 95 21 deremot
543 341 25 22 af
584 341 139 22 Guvernören
740 343 76 26 genast

60 375 141 22 öfverlemnas
218 376 33 21 till
269 375 100 27 komitén,
388 376 34 21 för
441 378 32 19 att
494 377 62 26 tagas
577 376 8 21 i
607 376 156 28 öfvervägande
780 376 36 22 vid

60 410 151 27 uppgörandet
225 410 24 22 af
263 410 47 21 dess
325 409 81 30 förslag
424 410 32 21 till
474 410 107 29 reglering
599 412 56 20 samt
673 411 121 22 sedermera
808 411 8 20 i

60 444 155 29 sammanhang
230 444 87 23 dermed
331 445 73 22 vidare
419 443 128 24 skärskådas
562 445 39 22 och
616 445 131 22 bedömmas.

408 509 12 28 $
437 511 33 19 20.

129 551 50 22 Med
208 551 87 28 ledning
317 551 24 22 af
361 551 36 22 det
425 552 35 21 vid
489 552 171 21 sockenstämma
687 551 130 28 upprättade

61 585 81 28 förslag
161 586 40 21 och
219 586 54 21 efter
291 585 155 28 öfvervägande
464 587 24 21 af
505 587 26 21 de
550 585 156 28 förhållanden,
722 592 46 15 som
782 585 35 22 vid

60 620 100 22 lönernas
181 620 160 22 bestämmande
364 621 41 21 och
426 621 127 28 fördelning,
577 621 66 27 enligt
665 619 152 23 ofvanstående

62 654 108 22 allmänna
185 655 99 27 grunder,
299 655 55 21 böra
368 656 62 26 tagas
448 655 8 21 i
473 655 128 27 beräkning,
616 656 85 26 uppgör
715 654 101 26 komitén,

60 690 64 21 hvars
143 690 174 22 sammanträden
335 689 54 22 böra
410 688 70 23 hållas
497 690 58 22 inom
572 691 126 27 pastoratet,
718 690 37 20 sitt
773 689 43 21 för-

61 724 57 28 slag,
133 723 80 22 hvilket
231 724 140 22 öfverlemnas
388 724 36 24 till.
440 724 144 26 Guvernören,
604 731 46 14 som
669 723 97 22 deröfver
784 724 32 20 in-

61 759 87 21 fordrar
169 758 115 28 yttranden
303 758 24 22 af
343 758 152 28 församlingen
514 758 40 22 och
571 758 141 28 löntagarene
730 759 61 25 samt,
810 758 8 20 i

62 793 101 21 händelse
181 792 71 28 någon
270 793 125 27 presttjenst
412 793 58 21 inom
487 795 120 25 pastoratet
626 794 24 19 är
668 792 67 28 ledig,
755 792 62 21 äfven

63 828 23 21 af
106 828 205 27 kontraktsprosten,
330 827 108 22 hvarefter
460 828 138 22 Guvernören
621 827 109 22 meddelar
752 826 65 22 Dom-

62 863 91 27 kapitlet
168 863 25 22 de
208 863 7 20 i
230 863 66 21 saken
310 862 112 23 tillkomna
436 862 127 29 handlingar
579 863 40 21 och
634 861 100 28 slutligen
744 861 72 22 insän-

63 897 37 22 der
116 897 55 27 dem,
183 897 67 28 jemte
265 897 157 28 Domkapitlets
438 897 39 21 och
492 897 38 21 sitt
545 899 48 26 eget
607 896 111 22 utlåtande
732 896 8 21 i
755 897 62 20 ären-

62 932 42 27 det,
119 932 35 21 till
171 932 60 22 Hans
249 932 120 28 Kejserliga
386 932 112 27 Majestäts
516 931 85 28 Nådiga
615 931 101 28 pröfning
730 930 41 22 och
786 930 31 22 af-

63 967 101 28 görande.

409 1013 11 28 8
437 1014 33 20 21.

132 1053 95 23 Sålunda
244 1055 132 21 tillkommen
395 1055 40 21 och
453 1054 108 22 fastställd
578 1054 108 28 reglering
703 1052 42 28 må,
764 1053 54 22 efter

63 1089 72 21 lokala
153 1090 186 27 omständigheter,
357 1090 131 21 bestämmas
506 1090 32 20 att
556 1088 57 28 gälla
631 1089 65 21 minst
713 1088 105 28 tjugufem

64 1123 40 21 och
119 1123 64 28 högst
197 1124 73 21 femtio
286 1122 30 22 år.

256 1186 73 28 Enligt
347 1186 59 22 Hans
421 1186 120 28 Kejserliga
555 1186 112 27 Majestäts
681 1184 86 29 Nådiga
780 1185 38 21 be-

201 1221 98 27 fallning,
315 1220 70 28 gifven
399 1221 8 21 i
422 1220 171 28 Tsarskoje-Selo
613 1220 41 22 den
673 1221 26 20 28
715 1219 51 22 Juni
781 1219 37 28 (10

201 1255 52 27 Juli)
271 1256 61 20 1866.

345 1310 66 23 Alex.
430 1310 107 23 Armfelt.

562 1384 20 18 A.
595 1383 27 19 W.
635 1383 135 20 Wallensköld.
