1020 1692
294 100 71 23 Nädiga
376 101 136 21 Propositionen
524 102 34 16 N:o
570 102 16 16 2.
758 104 31 16 115

66 163 84 27 belopp,
169 170 45 14 som
233 163 34 22 för
284 164 80 28 verklig
383 164 56 23 aktiv
457 165 140 28 tjenstgöring
616 166 25 21 är
659 165 89 22 embets-
763 166 52 21 eller

65 198 128 27 tjensteman
215 198 160 27 tillförsäkradt,
395 199 18 28 ej
432 199 33 22 till
482 199 53 23 fullo
553 198 70 29 utgår,
644 201 41 20 när
704 207 26 15 en
749 199 66 23 sådan

66 232 140 28 tjenstgöring
221 234 91 26 upphör.

134 265 31 22 På
180 266 61 22 dessa
256 267 46 21 skäl
320 267 36 23 har
371 267 61 21 äfven
446 268 160 27 lagstiftningen
623 268 8 20 i
651 268 25 22 de
696 268 62 22 flesta
772 268 44 22 Eu-

65 307 66 21 ropas
144 302 67 20 stater
225 302 106 26 uppställt
344 308 25 14 en
385 301 81 22 skilnad
478 302 90 21 emellan
580 302 41 21 den
635 303 123 27 ersättning,
771 310 46 14 som

65 335 128 21 tillkommer
207 342 26 14 en
248 337 80 20 statens
343 336 90 21 embets-
448 336 51 22 eller
510 336 133 28 tjensteman,
659 336 24 22 så
697 337 63 28 länge
774 337 42 21 han

65 370 26 20 är
105 370 8 20 i
127 369 90 28 verkligt
232 370 114 22 utöfvande
361 370 24 21 af
398 370 32 22 sin
444 370 125 28 befattning,
589 371 41 21 och
645 371 46 26 den,
711 378 46 14 som
773 372 43 20 till-

65 403 95 22 kommer
177 404 85 26 honom,
282 412 34 14 om
333 405 44 21 han
394 407 52 19 utan
466 407 46 26 eget
531 404 132 23 förvållande
681 405 46 22 icke
743 406 73 23 vidare

66 438 75 22 blifver
155 439 8 21 i
177 439 84 21 tillfälle
276 441 32 19 att
321 439 73 22 utöfva
409 440 69 21 denna
492 440 33 22 sin
539 440 125 28 befattning.

135 473 62 22 Hvad
212 474 41 22 den
267 473 68 23 finska
349 474 159 29 lagstiftningen
523 475 100 21 särskildt
638 474 67 29 angår
716 475 67 23 finnes
796 475 20 28 ej

66 507 125 29 uttryckligt
205 509 106 27 stadgadt,
325 509 57 21 huru
396 510 8 20 i
419 509 58 22 detta
492 510 97 21 afseende
605 510 53 21 skall
673 510 99 26 förfaras,
789 509 27 22 då

66 544 31 20 ett
112 542 81 22 embete
209 543 50 22 eller
274 551 26 13 en
314 544 196 28 tjenstebefattning
530 543 69 22 såsom
613 544 79 28 onödig
706 544 110 27 indrages;

67 577 54 21 dock
135 577 43 21 kan
191 577 56 21 finsk
261 578 89 21 embets-
365 578 51 21 eller
430 578 137 28 tjenstemans
582 578 103 28 rättighet
698 580 32 20 att
745 579 7 20 i
767 578 50 22 slikt

67 612 38 21 fall
119 612 132 22 fortfarande
265 611 22 22 få
303 611 83 29 åtnjuta
400 612 26 22 de
440 612 49 22 med
503 612 146 27 befattningen
668 612 101 23 förenade
784 613 32 23 in-

66 646 94 21 komster
178 653 61 15 anses
258 654 52 14 vara
328 647 78 23 honom
424 646 152 26 tillförsäkrad,
592 653 34 14 om
641 646 64 22 också
720 647 47 21 icke
781 654 36 20 ge-

66 687 50 15 nom
130 680 115 28 uttrycklig
263 680 41 28 lag,
324 681 55 21 dock
397 688 75 20 genom
491 681 158 27 konseqvensen
664 681 24 21 af
700 688 26 14 en
741 680 74 23 sådan.

66 714 76 22 Denna
155 715 104 27 rättighet.
276 715 43 21 kan
336 715 104 28 nemligen
460 715 92 28 grundas
572 714 29 28 på
615 715 42 21 den
671 715 91 22 embets-
778 716 40 21 och

67 750 127 28 tjenstemän
208 750 8 20 i
231 750 47 21 4:de
289 750 94 27 punkten
394 750 8 20 i
415 751 53 20 1786
480 749 35 23 års
527 750 173 27 riksdagsbeslut,
714 750 104 28 jemfördt

67 783 49 23 med
131 786 12 21 2
159 784 11 28 $
186 784 7 21 i
208 784 98 28 gällande
327 784 165 28 regeringsform
511 784 39 22 och
569 784 150 22 stadfästelsen
734 783 13 23 å
764 786 53 20 1789

67 818 36 22 års
124 818 118 28 förenings-
265 819 39 21 och
326 818 162 27 säkerhets-akt,
512 819 59 27 gifna
592 818 112 22 försäkran
722 820 33 20 att
772 818 47 22 icke

67 853 78 26 kunna,
159 855 53 19 utan
227 852 53 22 efter
295 852 50 29 laga
358 853 129 28 ransakning
508 853 39 21 och
566 852 55 26 dom,
641 852 72 28 skiljas
729 852 47 22 frän
792 853 25 22 de

67 887 226 28 tjenstebefattningar,
313 895 45 14 som
376 887 24 22 af
416 888 47 21 dem
484 887 129 26 innehafvas,
636 887 49 22 med
707 887 110 28 undantag

67 921 25 22 af
107 921 56 22 vissa
181 921 46 22 deri
244 922 140 27 uppräknade
403 922 96 21 embeten
517 922 40 21 och
575 921 94 27 tjenster,
694 929 34 14 om
746 921 72 22 hvilka

68 955 54 22 skall
137 955 56 28 gälla
208 956 56 21 hvad
283 963 33 14 om
335 955 47 22 dem
401 956 101 21 särskildt
516 957 24 20 är
555 956 106 27 stadgadt.
691 956 65 21 Detta
770 956 45 27 lag-

69 990 119 28 stadgande
207 990 67 21 skulle
292 990 105 27 nemligen
415 989 80 22 förlora
513 990 29 21 all
560 990 32 21 sin
610 990 114 27 betydelse,
743 997 35 14 om
797 990 18 27 ej

69 1024 104 22 derunder
188 1024 53 21 skall
256 1023 79 22 förstås
349 1023 158 22 bibehållandet
522 1024 24 21 af
555 1024 26 21 de
592 1023 91 22 embetet
698 1024 51 22 eller
763 1025 54 26 tjen-

69 1061 46 20 sten
130 1058 116 28 åtföljande
261 1058 155 22 löneförmåner
431 1059 54 21 intill
501 1059 47 21 dess
563 1058 90 22 embets-
669 1059 50 21 eller
731 1059 86 28 tjenste-

68 1100 92 15 mannen
174 1093 49 27 sjelf
237 1093 89 21 ansöker
341 1095 32 20 att
388 1093 64 22 blifva
471 1093 47 21 från
536 1093 146 27 befattningen
696 1093 121 28 entledigad

70 1127 51 22 eller
136 1135 75 20 genom
226 1127 49 28 laga
291 1127 48 22 dom
354 1127 69 22 blifvit
436 1127 49 22 från
500 1128 122 21 densamma
637 1127 59 22 skild.

138 1162 69 22 Jemte
221 1162 36 21 det
271 1162 229 27 grundlags-utskottet
514 1161 90 22 sålunda
619 1169 61 14 anser
694 1162 123 22 nuvarande

70 1196 89 22 embets-
174 1196 41 21 och
229 1195 128 28 tjenstemän
370 1196 8 20 i
393 1196 115 21 allmänhet
519 1203 52 14 vara
582 1195 91 28 lagligen
685 1196 134 27 berättigade

71 1232 38 25 att,
125 1238 34 14 om
171 1231 61 20 deras
243 1230 221 27 tjenstebefattningar
474 1230 107 27 indragas,
592 1229 133 22 fortfarande
737 1229 84 28 åtnjuta

71 1265 26 21 de
112 1264 48 21 med
175 1265 62 20 dessa
250 1264 144 28 befattningar
409 1264 101 21 förenade
523 1263 162 27 löneförmåner,
700 1264 73 25 tvekar
786 1266 33 19 ut-

71 1299 80 22 skottet
165 1299 46 20 icke
226 1300 32 19 att
272 1299 88 21 förorda
374 1305 27 14 en
414 1299 35 26 lag
464 1299 8 20 i
487 1298 35 21 det
537 1298 54 27 syfte
605 1297 79 28 nådiga
694 1299 127 26 propositio-

75 1339 43 14 nen
132 1332 124 27 uppställer,
272 1333 51 20 enär
338 1332 29 21 all
381 1331 88 22 fordran
483 1331 29 27 på
526 1332 89 20 rättvisa
626 1339 61 20 synes
701 1339 53 14 vara
768 1339 54 20 upp-

75 1366 53 28 fylld
147 1365 121 28 derigenom
290 1367 32 19 att
344 1364 82 22 skilnad
448 1366 62 26 göres
532 1365 89 21 emellan
635 1365 67 21 redan
717 1366 106 23 anställda

77 1400 90 22 embets-
183 1399 40 22 och
237 1399 133 28 tjenstemän,
386 1400 39 21 och
440 1399 53 26 dem,
512 1407 52 19 som,
579 1399 53 22 efter
648 1399 40 22 den
702 1399 121 29 föreslagna

74 1435 74 28 lagens
159 1434 164 29 promulgation,
339 1434 84 22 komma
438 1436 31 19 att
484 1434 105 27 tillsättas,
605 1434 40 21 och
660 1433 27 23 då
701 1435 42 26 det,
759 1435 65 28 enligt
