1009 1686
216 122 32 16 158
422 118 71 24 Nädiga
504 120 136 22 Propositionen
653 120 34 17 N:o
698 120 17 16 4.

192 183 67 22 måtte
278 183 13 22 å
308 182 144 28 nästföljande
469 182 104 28 landtdag
591 182 111 28 förelägga
720 182 121 22 Ständerna
855 182 90 28 ett:lag-

192 218 82 29 förslag
288 219 7 20 i
310 217 136 22 förenämndt
460 217 60 27 syfte,
550 216 61 22 Härå
624 217 40 21 har
679 216 59 22 Hans
753 217 107 27 Majestät,
875 216 71 22 såsom

194 253 24 21 af
230 253 41 21 den
284 252 34 22 till
332 252 83 21 landets
429 259 30 13 nu
476 252 130 21 församlade
626 251 90 21 Ständer
734 251 81 28 afgifna
832 251 115 23 berättelse

194 295 35 13 om
242 287 120 27 Styrelsens
376 285 150 28 tillgörande:i
542 285 114 27 anledning
671 285 24 21 af
707 286 131 20 Ständernas
848 286 36 20 vid
899 286 47 21 sed-

194 323 61 19 naste
268 320 104 27 landtdag
386 319 81 22 fattade
481 320 77 25 beslut,
573 327 63 14 mom.
648 321 28 19 44
690 327 68 20 synes,
774 320 69 20 täckts
858 320 8 20 i
879 319 68 22 nåder

194 355 101 26 förklara,
314 356 32 19 att
365 354 40 21 den
419 355 77 21 väckta
514 353 76 28 frågan
609 360 34 15 om
661 353 102 28 utvidgad
781 353 166 28 religionsfrihet

194 390 40 21 och
249 388 142 23 utarbetande
406 387 24 22 af
442 388 82 27 förslag
541 388 33 21 till
592 387 125 28 fullständig
735 387 140 28 dissenterlag
893 388 55 21 skall

195 423 67 26 anstå,
278 423 55 21 intill
349 423 47 20 dess
412 422 36 22 det
464 429 43 21 nya
524 422 219 28 kyrkolagsförslaget
760 422 70 21 blifvit
844 423 104 28 slutligen

195 457 117 30 granskadt
326 457 40 21 och
382 459 88 26 antaget
484 459 56 19 samt
554 457 73 21 vunnit
641 456 65 32 nådig
721 457 144 22 stadfästelse.

262 493 76 20 Ehuru
360 491 40 22 den
422 491 176 28 religionsfrihet,
621 498 45 15 som
689 491 41 22 den
751 499 42 20 nya
817 492 131 28 kyrkolagen

196 527 86 28 åsyftar,
297 527 55 21 först
367 525 27 22 dä
408 527 43 20 kan
464 527 31 20 bli
510 526 39 20 full
564 526 123 28 verklighet,
702 528 40 19 när
757 533 26 14 en
802 526 152 28 dissenterlag;,

196 562 66 27 enligt
282 561 60 21 Hans
364 561 119 27 Kejserliga
504 560 111 27 Majestäts
637 560 79 27 nådiga
734 560 58 26 löfte,
811 560 88 22 kommit
916 561 33 21 till

196 595 68 26 stånd,
280 595 40 21 har
334 595 104 21 utskottet
454 595 54 20 dock
523 596 76 24 ansett,
615 596 32 19 att
664 595 67 21 redan
749 602 35 18 nu,
800 595 35 20 vid
850 595 99 28 kyrkola-

196 637 51 20 gens
262 629 121 28 antagande
398 629 40 21 och
453 629 66 20 innan
534 629 123 21 densamma
671 629 33 20 till
719 628 125 22 efterlefnad
855 629 93 21 faststäl-

195 665 37 25 les,
248 664 128 21 bestämmas
392 663 72 26 borde,
480 665 34 19 att
528 663 43 21 alla
586 663 25 21 de
626 663 133 27 stadganden
773 663 8 20 i
796 663 108 22 allmänna
918 663 30 22 la-

196 705 41 21 gen
255 699 40 20 och
314 698 69 27 öfriga
400 697 159 28 författningar,
578 705 46 14 som
645 697 48 21 från
715 699 81 20 statens
818 698 46 21 sida
885 698 65 27 lägga

196 732 76 22 hinder
286 732 34 21 för
335 732 198 27 religionsfriheten,
546 732 60 21 skola
620 731 152 28 undanrödjas.
795 732 74 21 Under
881 732 69 22 denna

196 767 153 27 förutsättning
363 767 40 20 har
417 767 105 20 utskottet
536 766 110 21 verkställt
661 766 157 28 granskningen
834 767 24 21 af
871 767 35 21 det
921 775 29 13 nu

197 801 111 28 förelagda
322 801 102 27 förslaget
438 801 33 20 till
485 801 113 28 kyrkolag,
614 801 40 21 och
668 799 34 22 får
717 800 24 22 af
753 800 68 23 sådan
836 801 114 28 anledning

196 835 110 22 vördsamt
320 834 88 22 föreslå:

398 872 33 18 att
454 869 82 21 landets
559 869 122 29 höglofliga
704 868 97 23 Ständer
823 870 67 21 måtte
913 870 37 21 hos

334 902 62 22 Hans
415 903 126 29 Kejserliga
559 903 105 29 Majestät
681 904 9 20 i
704 904 174 29 underdånighet
896 904 55 22 hem-

334 938 74 26 ställa,
428 945 33 13 om
478 938 52 26 icke,
553 939 10 19 i
581 938 154 30 sammanhang
753 940 48 20 med
818 940 132 28 utfärdande

334 973 26 28 af
371 980 28 21 ny
415 972 111 29 kyrkolag,
535 972 103 29 följande
654 973 91 28 lagrum,
760 974 120 27 nemligen:
894 973 58 22 1686

335 1007 37 21 års
391 1006 111 29 kyrkolag,
521 1006 16 21 3
555 1007 39 21 och
611 1006 13 21 4
642 1007 26 28 $$
682 1007 12 21 1
709 1007 57 29 Kap.
781 1007 31 21 M.
827 1007 35 27 B.,
884 1007 6 22 4
908 1009 12 27 $
939 1007 13 22 7

335 1040 48 29 kap.
395 1036 29 25 Ä.
436 1040 32 27 B.,
480 1041 80 29 Kongl.
572 1041 104 21 Plakatet
690 1042 40 21 den
741 1041 27 21 12
778 1042 97 21 Januari
885 1041 66 28 1726,

335 1075 76 21 Riksd.
428 1075 48 22 besl.
491 1076 42 21 den
551 1075 24 21 14
593 1075 115 22 December
727 1074 61 28 1734,
808 1077 12 27 $
836 1075 20 27 8,
871 1075 80 30 Kongl.

334 1109 110 21 Förordn.
459 1110 41 21 den
515 1109 32 21 20
566 1109 62 21 Mars
643 1108 56 22 1735
717 1111 12 27 $
744 1110 18 26 4,
779 1110 79 29 Kongl.
876 1112 75 28 Brefv.

335 1143 41 21 den
392 1142 30 22 24
439 1144 49 21 Juli
506 1142 65 27 1739,
592 1143 78 29 Kongl.
688 1144 75 28 Brefv.
783 1144 40 21 den
844 1144 32 22 23
896 1146 56 20 Juni

335 1175 63 29 1752,
421 1178 79 28 Kongl.
523 1177 111 21 Förordn.
657 1178 40 21 den
719 1178 28 20 24
768 1178 97 22 Januari
886 1178 64 27 1781,

336 1211 79 28 Kongl.
427 1211 95 28 Brefven
536 1212 41 20 den
592 1210 14 21 8
620 1212 48 28 Maj
683 1210 55 22 1731
753 1212 38 20 och
805 1212 41 21 den
860 1212 32 21 29
903 1213 49 28 Maj

335 1242 58 29 1751,
410 1245 109 29 äfvensom
533 1245 25 21 de
574 1245 75 28 öfriga
663 1246 135 27 stadganden
810 1246 39 21 och
857 1246 95 29 författ-

335 1279 87 28 ningar,
439 1278 75 22 hvilka
528 1278 80 22 beröra
626 1279 199 30 religionsfriketen
837 1280 43 21 och
894 1281 34 21 stå
942 1281 10 20 i

336 1313 57 22 strid
410 1313 47 21 med
476 1313 228 30 kyrkolagsförslaget,
721 1314 79 21 sådant
817 1315 36 21 det
871 1314 43 22 kan
929 1315 26 29 af

336 1348 65 29 begge
423 1348 169 21 statsmakterna
613 1348 69 30 blifva
704 1352 100 25 antaget,
826 1350 66 21 måtte
908 1350 43 28 för

329 1383 125 29 framtiden
467 1383 101 28 upphöra
583 1387 33 17 att
630 1391 55 13 vara
699 1384 108 27 gällande.

266 1416 140 23 Beträffande
420 1417 65 22 sedan
500 1417 27 22 de
542 1417 60 22 delar
620 1417 24 22 af
659 1417 108 29 förslaget,
783 1418 35 22 vid
832 1419 72 22 hvilka
918 1420 33 22 ut-

200 1452 78 21 skottet
296 1453 70 21 ansett
383 1452 47 21 skäl
447 1451 70 22 finnas
534 1452 34 21 till
586 1452 122 28 ändringar,
727 1452 158 29 förtydligande
899 1453 52 22 eller
