1014 1678
292 108 71 23 Nådiga
374 109 136 22 Propositionen
522 110 34 17 N:o
570 111 27 16 11.
762 110 33 16 533

69 171 70 22 denna
160 171 96 28 vanfrejd
277 172 95 22 hvarken
393 173 43 21 kan
455 172 50 22 eller
523 172 103 28 lagenligt
643 172 40 22 bör
701 174 63 26 göras
782 172 36 22 be-

68 206 80 21 roende
162 206 25 21 af
199 212 71 15 annan
284 206 32 21 tid
331 208 27 20 än
372 206 100 27 lifstiden,
487 209 56 19 samt
557 206 96 23 anhäller
668 207 57 27 förty
736 207 81 27 ödmju-

68 240 48 20 kast
134 239 23 21 få
174 239 86 27 föreslå,
279 240 36 21 det
331 247 27 14 ur
375 240 68 22 första
460 248 63 14 mom.
537 241 8 21 i
561 242 11 26 8
589 243 25 19 13
629 240 66 22 måtte
713 241 105 21 utlemnas

68 273 120 22 slutorden:
204 272 38 29 ,pä
260 274 96 21 bestämd
374 274 39 26 tid,
428 274 48 22 från
494 275 39 21 och
551 275 49 21 med
618 277 33 19 tre
668 274 33 22 till
716 275 40 21 och
770 275 49 21 med

69 307 81 21 femton
168 307 30 27 år,
217 308 52 21 eller
286 306 28 29 pä
332 308 83 21 lifstid't.
434 321 28 3 —
482 308 108 28 Upptages
611 309 49 21 häri
680 308 48 22 icke
748 308 71 28 någon

68 341 182 28 tidsbestämning,
269 342 62 21 torde
349 342 36 21 det
399 349 52 15 vara
467 342 63 27 klart,
546 344 32 19 att
596 343 36 21 det
649 342 171 28 medborgerliga

69 376 132 21 förtroendet
214 377 25 20 är
254 375 34 22 för
302 376 30 21 all
344 376 32 21 tid
391 376 128 22 förverkadt.

138 411 11 26 8
166 412 32 19 14.
228 410 37 21 Uti
283 410 70 21 denna
371 411 11 27 $
401 411 105 21 förklaras
523 410 118 28 begreppet
659 411 125 27 ovärdighet
798 410 24 22 af

69 444 167 27 medborgerligt
252 444 123 21 förtroende
397 446 105 25 närmare,
520 447 55 18 samt
593 447 104 25 upptages
720 445 40 21 den
782 443 37 28 pä-

69 478 54 27 följd
139 479 40 20 och
194 478 26 21 de
235 478 141 27 olägenheter,
393 485 51 20 som,
460 479 65 28 enligt
540 479 40 21 och
594 479 57 21 inför
664 479 42 28 lag,
718 480 38 20 äro
771 479 49 21 med

71 512 58 28 dylik
143 512 125 27 ovärdighet
282 512 107 21 förenade.

139 546 41 21 Till
194 546 68 21 första
275 553 63 14 mom.
354 546 24 21 af
391 546 70 22 denna
475 547 11 28 &
503 547 55 21 hade
573 547 39 27 jag
631 547 77 21 önskat
722 548 53 27 göra
789 549 31 19 ett

70 579 78 22 sädant
165 580 156 21 inskränkande
339 580 81 28 tillägg,
439 583 32 19 att
489 581 133 22 omförmälte
640 581 125 28 ovärdighet
786 581 34 21 väl

71 614 68 22 skulle
153 614 97 22 medföra
263 615 77 21 förlust
358 615 25 20 af
397 615 103 28 rättighet
517 617 33 20 att
563 622 52 14 vara
633 615 136 28 förmyndare
786 615 35 22 för

71 649 75 25 andra,
161 656 49 14 men
224 649 55 21 dock
293 649 47 21 icke
354 649 79 27 betaga
447 649 70 28 nägon
532 650 41 21 slik
587 651 44 20 rätt
646 649 34 22 för
694 657 54 20 egna
759 650 61 21 barn.

71 684 47 20 Den
132 683 114 27 grundsats
260 684 40 20 har
318 683 97 21 hitintills
434 683 38 21 hos
491 691 34 14 oss
539 684 56 21 varit
613 684 57 27 helig
688 684 40 21 och
744 684 76 21 oefter-

71 717 67 28 giflig,
154 718 60 25 samt,
230 716 70 22 såsom
314 716 74 27 sådan,
403 717 70 21 blifvit
486 720 52 19 utan
552 718 69 21 vilkor
634 718 84 27 inrymd
729 718 7 20 i
747 718 74 27 lagens

72 751 133 27 stadganden.
218 751 32 20 uti
266 753 10 18 1
293 751 40 22 och
348 753 12 19 2
377 751 24 28 $$
417 753 26 18 20
459 751 48 28 kap.
519 747 25 27 Ä.
556 752 31 25 B.,
603 753 32 20 att
650 751 71 26 ,fader
736 753 25 20 är
776 753 46 21 sina

71 785 66 22 barns
152 786 56 20 rätte
222 785 145 28 förmyndare"
383 787 55 20 samt
453 787 37 24 att,
503 786 70 22 derest
587 786 61 22 fader
663 786 43 21 död
720 787 31 25 är,
767 794 55 19 ,mo-

73 819 38 22 der
129 821 39 26 äge
186 820 44 20 rätt
248 821 32 20 att
298 819 80 22 förestå
397 819 47 22 sina
461 820 55 21 barn
535 821 40 20 och
598 821 62 20 deras
677 821 71 26 gods",
768 820 54 22 dock

72 856 32 19 att
121 854 75 21 moder
213 853 66 27 alltid,
296 855 39 20 och
354 854 61 21 fader
433 854 7 21 i
458 854 101 21 särskildt
577 854 98 21 anmärkt
692 854 44 27 fall,
755 854 67 22 borde

73 888 74 22 dervid
164 890 51 26 taga
232 887 40 22 råd
291 888 24 21 af
330 889 55 21 visse
402 895 107 21 personer.
541 889 140 21 Omförmälte
699 889 83 28 princip
798 890 25 21 är

69 923 26 28 ju
110 923 40 22 ock
165 922 25 22 så
204 922 112 28 sjelffallen
330 923 40 21 och
384 923 71 28 riktig,
471 925 32 20 att
520 922 66 28 något
603 923 110 28 undantag
729 923 94 22 derifrän

72 957 98 21 hitintills
185 958 46 21 icke
246 957 141 22 förekommit.
416 958 38 21 Att
471 965 36 18 nu,
526 957 70 22 såsom
613 957 116 28 föreslaget
747 957 75 26 blifvit,

73 993 53 26 göra
143 992 129 30 rättigheten
291 993 32 19 att
340 999 52 14 vara
410 993 47 20 sina
475 999 55 20 egna
547 992 65 20 barns
634 992 138 27 förmyndare
790 992 34 21 för

72 1026 42 21 den
136 1026 60 21 fader
218 1025 51 23 eller
290 1026 79 26 moder,
393 1033 45 14 som
460 1026 69 21 dömts
551 1026 89 27 ovärdig
658 1026 166 27 medborgerligt

72 1060 129 26 förtroende,
216 1060 106 21 beroende
337 1060 23 20 af
373 1060 103 21 domstols
490 1059 106 28 pröfning,
615 1060 110 22 förefaller
740 1060 84 21 derföre

72 1094 45 21 helt
132 1094 126 27 onaturligt;
274 1094 40 21 och
329 1094 112 21 enahanda
456 1096 24 19 är
494 1092 144 23 förhållandet
652 1094 61 21 äfven
728 1094 48 20 med
790 1096 34 19 ut-

73 1129 89 21 skottets
178 1122 88 34 förslag,
286 1129 32 20 att
334 1135 103 14 mannens
454 1128 8 20 i
482 1130 9 19 1
511 1128 12 27 &
542 1128 12 20 9
573 1128 48 26 kap.
638 1128 24 21 G.
678 1128 24 21 B.
717 1128 107 21 bestämdt

72 1164 80 21 utsatte
167 1162 177 22 mälsmannarätt
361 1162 35 21 för
414 1162 76 22 hustru
508 1162 40 22 och
567 1162 40 20 den
625 1162 79 21 honom
718 1162 8 21 i
742 1164 10 19 1
769 1162 11 28 $
797 1163 26 20 15

72 1198 50 26 kap.
144 1197 25 23 R.
192 1196 24 22 B.
238 1196 62 22 äfven
321 1196 142 28 uttryckligen
484 1196 109 28 medgifna
614 1196 128 28 befogenhet
764 1198 32 19 att
816 1196 9 22 i

73 1230 103 24 brottmål
190 1238 62 15 svara
267 1231 34 21 för
315 1231 33 21 sin
362 1231 76 21 hustru
453 1231 54 21 skall
525 1230 32 22 uti
574 1230 103 22 förutsatt
695 1230 38 22 fall
747 1230 78 23 under-

73 1267 73 21 kastas
162 1266 40 20 slik
216 1266 100 27 pröfning
331 1267 56 19 samt
405 1264 89 27 således,
509 1264 90 22 oansedt
617 1265 102 21 makarne
737 1265 19 27 ej
775 1272 50 14 vore

73 1300 94 27 lagligen
190 1300 72 24 skilde,
280 1300 72 20 kunna
370 1306 92 13 mannen
484 1298 135 22 fränkännas.
638 1312 28 2 —
684 1300 116 26 Förslagen
818 1299 8 20 i

75 1334 62 21 dessa
154 1333 135 20 hänseenden
308 1339 63 20 synas
385 1331 95 22 Sålunda
502 1332 39 21 ock
562 1332 104 20 innefatta
684 1332 116 27 ändringar
817 1332 8 20 i

74 1367 173 27 ofvanupptagne
264 1366 91 27 lagrum,
374 1365 40 22 öch
431 1365 65 21 likväl
513 1365 62 21 torde
593 1365 49 21 med
655 1366 170 26 propositionens

74 1400 136 28 hufvudsyfte
224 1399 66 29 nägre
305 1399 80 22 sädane
399 1400 8 20 i
421 1399 81 28 sjelfva.
514 1400 69 21 verket
600 1400 48 21 icke
661 1400 55 21 varit
730 1400 94 22 afsedde.

75 1436 74 28 Enligt
163 1434 41 23 den
218 1434 80 29 lydelse
312 1435 55 34 $+14
380 1441 31 14 nu
425 1432 92 29 erhållit,
533 1434 113 22 förefinnes
660 1434 8 21 i
682 1434 66 28 öfrigt
762 1434 7 22 i
783 1434 42 22 viss
