1006 1695
205 131 40 19 146
417 133 71 22 Nädiga
499 133 138 22 Propositionen
649 133 35 16 N:o
696 133 16 16 3.

542 197 11 27 8
570 197 18 20 1.

258 235 50 22 Alla
329 234 81 23 sådana
431 234 161 23 frälseständets
612 234 140 23 "medlemmar
769 233 93 23 rörande
880 233 62 22 civila

190 270 130 29 rättsfrägor
334 271 40 21 och
389 271 71 27 gröfre
474 269 108 27 brottmål,
598 277 46 15 som
658 269 92 26 Hofrätt,
766 269 66 28 enligt
849 276 30 14 nu
897 269 44 27 gäl-

190 305 63 22 lande
271 305 132 22 föreskrifter
421 305 7 22 i
446 305 50 22 R.B.
511 305 48 28 kap.
576 307 12 19 8
608 306 11 27 $
645 306 6 20 2
669 312 85 14 momm.
770 305 13 20 8
798 304 40 21 och
857 305 19 25 9,
892 311 50 20 eger

191 341 33 20 att
238 338 71 23 säsom
323 339 68 22 första
406 339 91 22 domstol
511 342 96 25 upptaga
622 339 39 22 och
677 339 113 26 afdömma,
802 338 60 22 skola
876 338 65 21 fram-

192 372 57 23 deles
263 375 107 27 upptagas
389 374 39 21 och
446 374 132 28 handläggas
598 374 24 21 af
638 373 40 22 den
695 373 118 26 underrätt,
830 371 13 22 &
857 373 84 21 hvilken

193 408 71 28 dylika
277 407 54 22 måls
346 408 129 27 behandling
489 408 8 21 i
512 408 115 21 allmänhet
642 407 128 22 ankommer.

543 471 12 28 8
571 472 19 20 2.

259 511 49 22 Den
321 511 53 22 värd
389 511 58 22 öfver
464 511 174 28 förmynderskap
657 511 34 22 för
708 518 101 21 personer
828 511 25 22 af
867 510 75 25 frälse-

192 545 91 27 ständet,
299 552 45 16 som
362 546 66 28 enligt
445 546 178 28 författningarne
640 546 76 21 hittills
734 546 116 21 ankommit
864 545 13 22 &
891 545 52 22 Hof-

193 582 49 25 rätt,
258 580 55 23 skall
326 581 126 22 hädanefter
465 581 132 22 handhafvas
609 581 24 21 af
641 580 159 22 vederbörande
814 581 129 21 Häradsrätt

193 615 52 22 eller
259 614 163 23 Rädstufvurätt
436 615 40 22 och
490 615 32 22 till
538 615 60 22 desse
608 615 147 28 myndigheter
769 615 24 21 af
804 615 139 22 Hofrätterne

194 649 147 22 Ofverlemnas.

544 690 47 28 83.

261 730 130 22 Instrument
405 730 58 22 öfver
477 730 105 22 förrättad
597 731 145 27 uppteckning
755 731 8 20 i
777 730 78 22 afliden
869 731 74 22 frälse-

193 773 61 14 mans
268 765 28 22 bo
310 765 47 26 bör,
371 765 90 22 likasom
480 765 112 22 enahanda
609 765 129 28 förrättning
755 765 53 22 efter
826 773 77 20 person
923 766 24 21 af

194 799 147 27 ofrälseständ,
356 800 103 22 inlemnas
474 799 33 22 till
525 799 71 23 förvar
614 800 40 21 hos
671 800 129 22 Häradsrätt
818 800 51 22 eller
887 799 56 23 Räd-

194 835 115 21 stufvurätt
327 835 8 20 i
352 834 41 22 den
411 836 40 25 ort,
469 835 86 21 hvarest
574 835 40 20 den
632 835 55 21 döde
704 835 35 21 vid
759 835 112 21 dödsfallet
888 835 55 21 hade

194 870 37 20 sitt
245 869 35 22 bo.

544 910 12 28 8
572 911 20 19 4.

262 952 33 21 De
309 952 158 28 förteckningar
482 952 58 22 öfver
554 952 80 22 timade
649 952 91 22 dödsfall
753 953 58 22 inom
821 952 122 23 frälsestän-

195 986 41 26 det,
255 986 82 23 hvilkas
354 986 132 22 insändande
503 987 33 21 till
554 986 88 22 Hofrätt
658 987 140 22 härförinnan
815 988 56 22 varit
889 988 55 21 före-

195 1020 93 26 skrifvet,
304 1020 61 22 skola
382 1020 112 22 framdeles
512 1021 102 22 aflemnas
632 1021 32 21 till
683 1022 26 21 de
726 1022 153 28 myndigheter,
899 1029 46 15 som

194 1055 64 21 hafva
279 1057 33 20 att
333 1055 72 28 dylika
426 1055 108 28 uppgifter
557 1063 34 14 om
614 1056 90 22 dödsfall
725 1056 58 22 inom
804 1056 141 23 ofrälseständ

195 1091 117 26 emottaga;
335 1090 40 21 och
396 1089 40 22 bör
457 1090 49 21 med
527 1090 99 27 uppbörd
649 1091 39 21 och
710 1091 135 29 redovisning
864 1092 24 21 af
905 1092 40 21 den

194 1122 48 27 från
260 1124 72 26 adliga
349 1124 99 21 sterbhus
462 1124 106 28 utgående
582 1126 89 26 procent
684 1125 34 21 till
733 1125 166 22 Justitiestatens
914 1126 31 22 af-

193 1157 74 29 löning
281 1157 102 25 förhällas
397 1158 30 27 pä
444 1158 43 21 lika
505 1160 49 24 sätt,
570 1165 45 15 som
634 1166 34 14 om
686 1160 112 21 enahanda
815 1160 63 28 afgift
893 1160 52 22 efter

195 1192 108 21 dödblifne
317 1192 137 22 medlemmar
469 1192 24 22 af
505 1192 157 28 presteständet
675 1194 8 20 i
700 1194 77 28 Kongl.
792 1194 154 28 Förklaringen

195 1226 41 20 den
251 1227 26 19 23
292 1225 59 21 Mars
367 1227 54 19 1807
436 1226 68 21 finnes
518 1226 106 28 stadgadt.

546 1288 12 27 8
575 1288 18 20 5.

263 1326 143 29 Tillämpning
425 1327 24 22 af
465 1327 69 22 denna
555 1327 134 30 Förordning
704 1328 96 29 vidtager
818 1329 41 22 den
879 1331 10 20 1
909 1330 36 22 Ja-

195 1361 63 22 nuari
277 1362 40 21 186
333 1378 6 10 ,
362 1361 54 23 dock
433 1361 90 23 sålunda
541 1365 32 20 att
591 1363 43 21 alla
652 1363 26 22 de
696 1362 44 23 mål
757 1364 40 22 och
815 1364 92 23 ärender
924 1365 25 22 af

194 1395 164 30 ifrågavarande
380 1397 57 28 slag;
458 1404 46 15 som
523 1397 152 28 dessförinnan,
694 1398 8 22 i
719 1399 48 22 stöd
785 1399 24 21 af
825 1399 58 22 förut
901 1400 44 29 gäl-

195 1429 64 24 lande
269 1431 139 28 stadganden,
419 1431 69 22 blifvit
498 1431 32 22 till
544 1432 159 23 vederbörande
714 1433 97 24 Hofrätts
822 1433 76 29 åtgärd
909 1443 36 16 an-

195 1465 76 25 mälde,
287 1465 60 22 skola
362 1465 108 23 derstädes
485 1467 7 20 i
507 1467 89 28 behörig
611 1467 90 28 ordning
715 1468 33 21 till
766 1468 42 23 slut
825 1469 118 23 befordras.
