1006 1684
166 122 33 16 428
373 120 72 24 Nådiga
455 122 137 21 Propositionen
604 122 34 16 N:o
651 122 15 16 9.

337 185 32 20 att
384 184 135 28 obegagnadt
533 184 106 21 strömfall
652 184 68 21 borde
735 185 97 25 ersättas,
848 184 46 22 der-

281 220 33 20 est
329 218 36 21 det
379 218 46 21 icke
439 218 94 21 befinnes
548 217 129 28 fullkomligt
690 218 117 26 värdelöst;

338 254 32 19 att
391 252 36 21 vid
449 252 133 21 vattenverks
605 252 130 28 anläggning
756 252 140 28 tilläfventyrs

280 286 113 22 bestämda
415 286 67 22 vilkor
504 294 34 14 om
558 286 83 22 verkets
659 286 183 22 undanskaffande
861 286 34 22 vid

280 321 108 22 blifvande
403 321 166 28 strömrensning
584 321 46 21 icke
645 321 109 27 upphäfde
765 322 130 26 rättigheten

281 356 38 20 till
333 356 117 27 ersättning
465 356 7 20 i
487 356 217 26 expropriationsfall;
721 356 107 21 äfvensom

339 392 32 19 att
388 389 162 28 ifrägavarande
568 390 36 27 lag
622 390 67 20 borde
707 390 7 20 i
734 390 44 23 allt,
797 397 46 14 som
859 397 37 14 an-

282 423 40 28 går
341 424 154 27 ersättningens
513 423 166 26 bestämmande,
698 424 110 21 utarbetas
827 424 7 21 i
849 424 47 21 huf-

281 458 111 27 vudsaklig
403 458 217 21 öfverensstämmelse
631 458 48 21 med
691 458 40 21 den
743 458 23 21 af
776 458 120 21 Ständerna

282 494 94 26 antagna
390 492 63 28 lagen
468 500 35 13 om
518 492 159 27 expropriation
692 492 24 21 af
725 492 57 27 jord.

213 533 11 22 I
235 532 62 29 fråga
308 540 34 14 om
356 532 67 22 sådan
434 533 127 27 sjöfällning,
574 540 46 14 som
630 532 34 21 för
675 532 51 22 flere
736 532 83 21 medför
826 534 69 26 nytta,

146 575 49 14 men
209 569 8 20 i
231 568 62 21 hvars
308 567 113 22 utförande
437 575 25 13 en
477 567 51 21 eller
543 567 51 22 flere
608 567 137 22 intressenter
756 567 140 28 undandraga

146 603 33 27 sig
198 604 31 19 att
247 604 51 26 taga
313 602 40 26 del,
369 601 56 22 hade
441 601 120 22 Ständerna
576 601 69 22 funnit
659 601 94 28 följande
767 601 129 22 bestämnin-

147 644 39 21 gar
201 637 85 27 nödige:

340 667 31 19 att
390 665 40 21 den
449 665 51 21 eller
520 665 26 21 de
562 665 97 27 delegare
674 665 7 20 i
696 665 86 21 samfält
796 665 39 28 sjö,
851 672 46 14 som

282 699 52 28 vilja
352 699 53 22 fälla
424 699 128 26 densamma,
570 698 36 22 mä
624 699 116 27 herättigas
756 701 32 19 att
803 699 24 22 af
838 699 59 22 med-

283 734 104 27 delegare,
406 734 71 21 hvilka
495 735 65 26 vägra
578 735 32 20 att
628 734 7 20 i
654 733 83 22 arbetet
757 734 39 21 och
811 733 86 22 kostna-

284 769 41 21 den
341 768 91 28 deltaga,
449 769 138 26 expropriera
602 768 62 21 deras
677 768 89 21 andelar
781 768 8 21 i
804 768 41 21 den
855 768 43 21 till-

283 803 108 27 landning,
407 810 45 13 som
467 809 76 21 genom
557 802 117 28 fällningen
689 803 82 25 vinnes;

341 839 32 20 att
387 837 32 26 de,
435 837 71 21 hvilka
520 838 102 20 motsätta
636 837 32 28 sig
683 837 155 28 sjöfällningen,
849 837 48 22 icke

283 879 50 15 vore
354 872 89 27 pligtige
466 874 32 19 att
514 872 130 22 underkasta
663 872 31 28 sig
713 872 159 27 expropriation
890 872 8 21 i

283 914 72 14 annan
371 906 101 22 händelse
490 908 28 19 än
536 908 32 20 att
586 906 32 26 de,
638 914 45 13 som
700 907 54 27 yrka
771 906 28 29 pä
819 906 78 22 företa-

283 942 47 26 gets
348 940 118 26 utförande,
486 948 38 20 ega
542 948 45 14 mer
606 942 28 20 än
648 940 82 22 hälften
745 940 23 22 af
780 941 47 27 sjön
842 942 57 20 samt

282 975 74 21 kunna
374 975 45 21 visa
434 977 30 19 att
479 974 105 28 företaget
598 974 42 22 blir
654 976 78 26 nyttigt
747 975 61 21 äfven
823 976 34 20 för
872 975 27 21 de

284 1009 125 27 motvillige;

342 1044 31 20 att
392 1043 116 28 ersättning
526 1043 34 22 för
579 1044 35 21 det
633 1043 92 27 omräde,
744 1051 45 15 som
808 1043 90 22 sälunda

284 1078 155 27 exproprieras,
451 1078 67 21 skulle
528 1078 129 22 bestämmas
669 1079 53 20 efter
733 1079 35 21 det
779 1078 71 26 värde,
863 1078 35 21 det

285 1112 40 21 har
339 1112 8 20 i
362 1112 47 21 dess
428 1119 75 20 genom
522 1112 148 28 sjöfällningen
685 1112 133 22 förbättrade
832 1112 65 26 skick,

285 1146 67 22 sedan
367 1145 94 23 derifrän
476 1146 102 28 afdragits
594 1146 41 22 den
649 1146 29 28 pä
693 1147 59 21 detta
766 1146 86 22 omräde
866 1147 32 27 sig

284 1180 119 28 belöpande
418 1180 62 21 andel
494 1181 7 20 i
516 1180 133 28 sjöfällnings
664 1181 126 26 kostnaden;
806 1183 55 19 samt

341 1216 32 19 att
387 1210 39 25 Hd
443 1215 162 26 tillandningars
628 1215 84 27 delning
728 1215 88 21 emellan
832 1215 66 21 delta-

285 1255 51 20 gare
353 1248 8 20 i
379 1248 122 27 sjöfällning
518 1248 99 20 afseende
636 1248 175 27 hufvudsakligen
831 1248 67 21 borde

284 1281 68 22 fästas
373 1281 36 22 vid
430 1281 136 28 möjligheten
585 1281 24 21 af
626 1281 175 22 skifteslotternas
820 1282 78 21 lättare

283 1315 139 23 bebrukande
441 1318 55 19 samt
510 1315 134 29 följaktligen
659 1316 40 23 den
715 1317 103 27 delegare,
834 1317 63 21 hvars

283 1352 79 26 anpart
383 1351 34 21 för
435 1351 78 21 honom
532 1351 40 21 blir
591 1351 82 21 mindre
692 1351 107 28 gagnelig,
818 1353 27 20 än
863 1351 35 22 för

286 1393 78 18 annan,
380 1393 51 14 vara
449 1385 121 28 berättigad
585 1386 40 21 och
640 1386 82 28 skyldig
737 1388 32 20 att
783 1387 32 20 till
829 1387 68 21 denne

284 1419 56 23 afstä
359 1421 31 21 sin
409 1421 40 22 lott
468 1422 55 20 emot
540 1420 100 29 vederlag
658 1421 7 21 i
684 1427 70 16 annan
769 1421 57 28 jord,
846 1422 51 21 eller

283 1455 59 22 lösen
357 1455 7 22 i
378 1455 124 28 penningar.
