1011 1686
303 117 71 23 Nädigä
386 119 138 21 Propositionen
536 119 34 17 N:o
584 120 26 15 11.
775 120 32 15 511

83 182 44 26 der,
143 181 80 22 antalet
238 181 24 22 af
277 181 93 23 häktade
384 189 102 21 personer
500 183 6 21 i
521 182 52 23 våra
587 181 243 30 fängelseinrättningar,

83 216 54 21 efter
159 215 35 22 det
215 223 81 14 samma
321 216 127 29 författning
470 216 58 23 trädt
549 218 8 20 i
578 217 140 27 verksamhet,
740 217 92 23 ofelbart

81 251 84 20 komme
180 252 32 19 att
226 251 7 20 i
248 258 26 13 en
288 251 47 21 icke
350 251 107 28 obetydlig
475 251 50 22 mån
539 252 58 21 ökas.
627 252 30 21 Af
671 252 40 21 den
724 251 107 22 underdå-

81 284 51 27 niga
145 283 114 28 berättelse
274 284 110 28 angående
399 285 61 21 civila
470 284 231 29 rättegångsärendena
712 286 40 20 och
763 286 68 21 brott-

81 317 71 22 målen
169 318 7 20 i
193 317 91 22 Finland
302 318 34 22 för
354 318 24 22 år
394 320 61 25 1865,
474 319 84 22 hvilken
575 320 235 21 Prokuratorsembetet
824 320 7 20 i

81 343 120 43 Kejserliga
216 350 90 24 Senaten
323 353 65 27 enligt
405 352 65 29 nådig
488 353 117 28 befallning
623 354 88 27 afgifvit,
726 354 105 22 inhemtas

81 386 34 22 ätt
132 388 41 20 808
192 394 102 20 personer
311 387 69 21 blifvit
393 388 73 20 'under
480 388 93 21 nämnda
591 387 24 22 år
629 388 34 21 för
677 388 155 28 tjufnadsbrott

81 420 113 27 sakfällde;
210 421 40 21 och
265 428 34 14 om
318 421 61 22 äfven
398 424 88 25 antagas
505 421 67 22 måste
591 424 38 24 att,
643 422 35 22 vid
696 423 135 27 tillämpning

81 455 25 21 af
122 455 41 21 den
180 462 42 22 nya
240 455 69 27 lagen,
328 455 92 22 flertalet
438 456 24 21 af
478 456 62 22 dessa
554 456 139 28 brottslingar
708 458 75 20 endast
797 458 35 21 för

81 496 27 15 en
125 489 32 21 tid
176 489 24 21 af
215 488 68 29 några
300 488 22 22 få
340 489 106 22 månader
456 490 83 22 komme
555 492 32 20 att
600 498 52 14 vara
667 491 32 21 sin
714 492 66 21 frihet
793 492 37 21 be-

81 524 93 26 röfvade,
190 524 56 20 lärer
260 524 66 21 likväl
339 524 47 21 icke
401 524 71 22 kunna
487 525 65 21 nekas
568 526 32 20 att
611 524 187 29 åvägabringande
808 526 25 22 af

80 559 69 20 större
164 560 104 25 utrymme
282 558 68 21 under
365 558 41 21 den
420 559 107 21 närmaste
545 559 114 22 framtiden
676 560 8 20 i
698 559 84 22 landets
797 567 33 14 re-

81 593 43 20 dan
138 592 58 21 förut
210 592 169 21 öfverbefolkade
398 593 106 28 fängelser
518 593 57 22 visar
593 594 32 27 sig
639 601 52 14 vara
709 601 26 14 en
749 593 29 29 på
792 595 38 21 ad-

80 627 170 22 ministrationen
260 627 64 21 ställd
336 627 126 28 oeftergiflig
476 627 94 22 fordran.
599 627 34 22 Då
643 636 35 19 nu,
695 629 65 27 enligt
774 629 56 22 hvad

81 661 109 23 ofvanföre
204 662 108 26 nämndes,
330 661 145 28 fängelsernas
493 663 134 21 närvarande
643 662 96 22 tillstånd
758 663 72 22 föran-

80 697 45 21 ledt
143 696 127 28 stadgandet
288 696 78 26 derom,
390 698 31 19 att
440 697 25 21 de
486 697 67 21 redan
574 697 113 21 utfärdade
708 697 121 22 författnin-

81 738 66 21 garne
168 729 110 29 angående
299 731 138 26 misshandel,
459 731 130 21 barnamord
611 732 40 20 och
673 731 156 28 ärekränkning

80 765 85 21 komma
180 766 32 20 att
226 765 108 27 tillämpas
348 765 54 21 först
417 765 40 22 den
470 767 10 19 1
492 765 90 22 Januari
595 767 60 24 1870,
671 773 62 20 synas
748 773 82 14 samma

80 799 53 26 skäl,
153 799 39 21 och
210 800 56 20 ännu
284 806 59 14 mera
361 799 92 26 talande,
468 800 64 21 verka
550 799 81 22 derhän
649 801 32 20 att
698 807 30 14 nu
749 799 79 28 ifråga-

80 834 93 21 varande
191 833 151 28 författningar
359 833 47 21 icke
424 833 45 21 förr
487 835 27 20 än
531 834 88 27 tidigast
640 834 34 20 vid
697 834 70 21 denna
787 835 41 20 tid-

80 867 69 29 punkt
163 868 71 21 kunna
248 868 63 20 träda
325 868 7 20 i
346 868 140 21 verksamhet.
515 868 73 27 Enligt
602 868 132 21 sistnämnda
744 868 84 22 författ-

79 902 78 28 ningar
171 902 85 22 komma
270 902 104 28 nemligen
389 902 138 32 frihetsstraff
539 902 8 21 i
561 902 108 28 åtskilliga
686 902 38 22 fall
739 905 32 19 att
785 903 42 21 till-

79 937 84 28 lämpas
180 937 34 21 för
230 937 66 26 brott,
315 943 44 15 som
379 936 86 22 dermed
482 937 105 22 tillförene
601 937 47 21 icke
662 938 56 21 varit
731 938 97 27 belagde,

81 971 28 22 då
123 971 77 22 sådant
214 972 94 21 deremot
323 971 74 21 endast
407 972 8 20 i
425 971 103 28 betydligt
542 972 86 27 ringare
642 971 49 22 män
706 972 42 21 kan
762 972 66 21 blifva

80 1006 60 22 fallet
155 1006 65 28 enligt
235 1006 25 21 de
275 1005 109 22 ofvanföre
399 1004 121 29 åberopade
537 1006 120 21 kriminella
671 1006 157 28 författningar,

80 1048 47 15 som
147 1041 67 21 redan
231 1040 74 22 vunnit
326 1040 59 21 Hans
407 1040 118 29 Kejserliga
546 1040 111 28 Majestäts
674 1040 79 29 nådiga
771 1041 57 21 stad-

80 1075 92 22 fästelse.

148 1110 50 21 Men
216 1109 61 27 äfven
294 1109 8 21 i
320 1109 68 21 andra
407 1109 59 22 delar
480 1111 27 20 än
521 1110 8 20 i
543 1108 62 29 fråga
620 1117 35 14 om
669 1110 75 27 sjelfva
758 1110 70 21 straff-

81 1145 86 20 arterna
188 1143 68 22 finner
277 1143 104 22 utskottet
401 1143 32 21 uti
456 1143 26 22 de
503 1143 121 28 föreslagna
650 1144 179 28 författningarne

80 1177 79 30 många
172 1178 132 27 stadganden
318 1177 56 28 ingå,
390 1178 32 20 till
440 1178 71 21 hvilka
528 1178 104 21 utskottet
651 1185 62 14 anser
728 1178 32 28 sig
775 1178 54 21 böra

80 1213 87 21 förorda
181 1212 60 22 bifall
256 1213 24 20 af
294 1212 83 21 landets
396 1212 96 21 Ständer.
522 1212 95 22 Sålunda
631 1212 198 23 öfverensstämmer

81 1247 36 22 det
137 1247 45 22 helt
203 1247 40 22 och
260 1246 66 22 hållet
344 1247 48 20 med
410 1247 113 21 utskottets
541 1246 56 28 åsigt
614 1247 7 21 i
640 1247 65 21 saken
724 1249 32 19 att
774 1247 26 21 de
821 1247 8 21 i

79 1282 160 27 propositionen
253 1281 173 21 förekommande
444 1289 77 13 ansvar
539 1281 76 22 endast
633 1283 36 20 äro
688 1282 89 20 relativt
796 1281 33 21 be-

80 1316 92 20 stämda.
200 1316 11 19 1
225 1315 38 20 vär
277 1315 246 26 brottmålslagstiftning
541 1316 40 19 har
595 1316 111 25 nemligen,
722 1315 44 20 lika
780 1315 48 20 med

80 1348 143 22 förhållandet
243 1349 8 20 i
272 1348 160 25 kulturfolkens,
452 1349 36 20 det
508 1347 109 22 såkallade
634 1349 194 26 latitudssystemet,

80 1390 47 14 som
140 1382 89 21 innebär
243 1383 44 20 rätt
302 1381 33 22 för
350 1382 102 21 domaren
466 1383 32 21 att
512 1382 57 21 inom
584 1382 56 21 vissa
654 1381 24 22 af
694 1382 63 27 lagen
771 1381 58 22 stad-

81 1416 54 29 gade
153 1418 88 26 gränser
258 1416 118 22 bestämma
396 1416 84 22 straffet
497 1416 54 22 efter
570 1416 27 21 de
618 1415 138 23 försvårande
778 1416 51 21 eller

80 1450 119 23 mildrande
221 1451 209 27 omständigheterna
447 1450 35 22 vid
500 1450 85 26 brottet,
605 1450 131 28 småningom
754 1450 75 22 vunnit
