1003 1692
293 116 71 23 Nådiga
375 118 137 21 Propositionen
523 118 34 17 N:o
569 119 16 15 4.
756 120 31 16 161

62 186 43 22 nya
118 181 147 21 testamentets
278 180 118 28 profetiska
410 182 40 21 och
465 182 130 27 apostoliska
609 182 91 26 skrifter,
716 184 25 20 är
755 185 56 20 utta-

61 214 37 22 lad
119 214 8 22 i
149 214 41 22 den
211 214 71 22 äldsta
303 215 92 28 kyrkans
416 218 34 20 tre
467 216 188 28 hufvudsymboler
672 220 56 18 samt
745 218 7 20 i
771 218 40 21 den

62 249 143 21 oförändrade
216 250 155 27 augsburgiska
382 250 142 22 bekännelsen
539 251 40 21 och
595 251 68 28 öfriga
678 251 41 22 den
732 252 80 22 luther-

61 284 40 21 ska
118 284 91 28 kyrkans
227 284 8 21 i
253 284 42 22 den
313 284 107 25 såkallade
438 285 186 22 konkordieboken
645 288 110 26 upptagna
776 287 36 21 be-

62 318 194 26 kännelseskrifter,
275 319 41 21 och
337 318 111 24 fasthåller
470 318 71 23 såsom
561 320 153 22 bekännelsens
736 321 76 27 högsta

61 352 36 28 lag
116 352 41 22 den
175 352 7 22 i
201 353 62 22 dessa
280 353 213 22 bekännelseskrifter
507 354 58 22 klart
578 355 107 28 uttryckta
700 355 113 29 orubbliga
836 360 3 4 *

62 387 123 28 sanningen,
201 389 32 20 att
248 387 59 22 Guds
322 388 71 28 heliga
406 388 40 21 ord
461 389 25 21 är
504 389 55 21 enda
575 390 135 26 rättesnöret,
729 390 83 22 hvaref-

61 424 34 20 ter
110 421 30 23 all
153 422 48 21 lära
215 422 7 21 i
236 422 82 28 kyrkan
333 422 54 22 skall
401 430 62 14 anses
477 423 40 21 och
532 423 118 22 bedömas."

129 455 35 22 Då
182 456 41 22 den
240 455 80 29 nådiga
337 457 159 27 propositionen
510 458 100 22 hänvisar
623 458 33 22 till
671 458 26 22 de
711 458 101 29 utförliga

63 491 40 21 och
122 491 132 29 upplysande
271 492 95 26 motiver,
385 499 46 15 som
449 492 24 22 af
488 492 135 22 minoriteten
640 492 8 21 i
663 494 149 27 gransknings-

62 525 94 22 komitén
173 525 70 22 blifvit
260 526 91 21 anförda
368 526 34 22 för
419 526 70 22 denna
506 534 42 21 nya
569 526 138 29 formulering
729 528 24 21 af
772 529 40 27 &n,

62 560 41 22 har
117 560 223 28 kyrkolagsutskottet,
353 560 38 22 vid
404 561 150 28 redogörelsen
572 561 34 22 för
621 562 41 21 den
676 562 137 28 uppfattning

63 595 24 21 af
103 594 83 28 frågan,
201 602 46 14 som
264 595 58 21 inom
340 596 103 21 utskottet
457 596 58 28 gjort
529 596 32 27 sig
576 596 105 28 gällande,
696 598 71 20 ansett
781 597 32 27 sig

62 630 60 26 böra,
140 631 54 19 utan
211 629 107 28 vidlyftigt
334 630 139 27 upprepande
492 630 24 21 af
531 629 44 23 alla
593 630 90 22 anförda
704 630 47 22 skäl
773 632 39 20 och

63 664 99 28 grunder,
181 662 114 23 framhålla
313 664 74 21 endast
404 664 101 28 följande.
538 664 12 28 $
567 666 10 19 1
593 664 7 21 i
620 664 35 22 det
677 672 29 14 nu
727 665 86 27 förelig-

63 699 70 27 gande
154 698 219 28 kyrkolagsförslaget
394 698 59 22 delar
478 698 151 28 förtjensterna
650 699 48 21 med
720 699 36 21 det
777 707 37 13 ur-

63 733 124 28 sprungliga
201 732 104 28 förslaget
319 732 89 22 framför
422 733 256 28 bekännelseparagrafen
692 734 8 21 i
711 735 55 20 1686
779 733 34 23 ärs

63 768 103 28 kyrkolag
185 768 51 26 deri,
255 769 33 21 att
309 768 166 27 lagstiftningen,
497 768 8 20 i
527 768 217 22 öfverensstämmelse
765 769 48 21 med

63 803 41 21 den
122 803 31 21 uti
172 802 26 22 de
215 810 43 21 nya
274 802 109 28 förslagen
401 802 95 22 uttalade
515 802 202 28 religionsfrihetens
735 803 78 28 grund-

64 840 51 24 sats,
129 837 78 22 hänför
225 837 42 28 sig,
286 837 47 22 icke
350 837 33 22 till
400 837 84 22 landets
502 837 99 28 samtliga
619 837 122 29 inbyggare,
761 840 52 19 utan

63 873 34 21 till
111 872 166 22 medlemmarna
295 873 25 20 af
335 872 41 21 den
395 872 238 27 evangelisk-lutherska
650 873 82 28 kyrkan
746 873 8 20 i
768 873 46 21 lan-

65 907 40 27 det,
122 909 55 20 samt
191 909 32 20 att
237 907 92 21 friheten
343 906 48 22 från
405 905 147 30 symboltväng
566 907 69 22 blifvit
649 907 118 28 betryggad
778 915 35 21 ge-

64 949 50 14 nom
129 943 30 20 ett
173 941 107 22 bestämdt
293 941 111 22 uttalande
417 941 25 21 af
455 941 40 22 den
509 941 101 28 ställning
624 941 190 23 bekännelseskrif-

63 978 68 25 terna,
146 975 71 23 säsom
231 976 169 26 menniskoverk,
412 976 74 27 intaga
503 975 34 22 till
555 975 40 22 den
608 976 75 28 heliga
701 976 62 21 skrift
781 975 32 23 sä-

65 1019 46 14 som
126 1011 40 22 den
181 1011 123 28 gudomliga
318 1011 180 27 uppenhbarelsens
513 1010 63 27 källa,
586 1010 13 21 i
614 1010 35 22 det
664 1011 41 21 den
716 1011 98 27 jemväli

65 1046 63 21 dessa
140 1045 215 22 bekännelseskrifter
369 1045 128 22 framhällna
515 1045 112 28 orubbliga
644 1045 123 28 sanningen,
783 1047 32 20 att

66 1080 59 22 Guds
143 1080 71 27 heliga
232 1080 39 21 ord
289 1081 25 20 är
332 1079 56 22 enda
404 1081 134 24 rättesnöret,
561 1079 107 22 hvarefter
688 1080 29 21 all
739 1080 47 21 lära
806 1080 8 21 i

65 1115 82 28 kyrkan.
162 1115 54 21 skall
231 1121 61 15 anses
307 1115 40 21 och
362 1114 107 26 bedömas,
484 1114 107 28 uppstälts
605 1113 70 23 såsom
690 1115 124 26 ,bekännel-

65 1157 49 15 sens
132 1150 77 27 högsta
225 1150 54 27 lag."
308 1149 62 22 Hvad
388 1149 95 24 deremot
500 1149 104 22 beträffar
622 1149 40 22 den
679 1149 32 22 uti
729 1149 36 22 det
779 1157 35 14 ur-

66 1185 125 27 sprungliga
205 1183 102 28 förslaget
320 1183 103 28 ingående
441 1184 167 27 bestämningen,
623 1185 32 20 att
672 1183 83 28 kyrkan
768 1184 46 26 ,be-

65 1220 82 21 känner
169 1219 32 27 sig
221 1218 34 22 till
277 1218 40 21 den
339 1218 206 27 grunduppfattning
566 1217 25 22 af
610 1218 40 21 den
672 1218 8 21 i
698 1217 27 22 de
744 1218 71 28 heliga

67 1253 114 22 skrifterna
202 1252 135 22 framställda
357 1252 71 22 läran"
447 1259 18 14 o.
482 1259 16 14 s.
513 1260 26 18 v.,
558 1252 57 26 eller,
634 1251 70 22 såsom
726 1253 88 26 gransk-

66 1287 155 28 ningskomitön
239 1287 161 22 omformulerat
415 1286 114 28 uttrycket,
547 1286 267 28 ,grundbestämningarna

67 1323 7 20 i
82 1322 49 25 den
144 1321 137 27 uppfattning
297 1321 24 20 af
332 1321 93 20 nämnda
439 1321 70 26 heliga
523 1320 95 21 skrifters
633 1320 64 25 lära,*
712 1319 24 21 sä
746 1319 68 22 mäste

68 1356 36 21 det
119 1361 61 15 anses
195 1354 115 28 oegentligt
325 1355 32 19 att
370 1353 44 22 tala
429 1360 35 14 om
478 1360 26 14 en
515 1353 8 21 i
534 1353 41 21 den
589 1353 70 28 heliga
674 1353 61 21 skrift
749 1353 64 21 fram-

68 1389 64 22 ställd
151 1389 55 26 lära,
229 1387 28 23 dä
278 1388 67 26 läran,
368 1386 69 23 såsom
458 1387 73 26 sådan,
546 1387 35 21 väl
601 1387 41 21 har
662 1387 33 21 sin
717 1387 69 28 grund
806 1387 8 20 i

69 1424 89 27 skriften
172 1423 40 24 och
227 1421 94 24 derifrän
335 1422 82 22 hemtas
433 1429 75 20 genom
522 1421 102 22 reflexion
639 1421 57 22 öfver
710 1422 104 22 trosinne-

69 1459 71 27 hållet,
151 1465 49 16 men
210 1458 47 22 icke
267 1457 110 22 derstädes
390 1456 141 23 förekommer
541 1455 70 24 såsom
621 1456 80 29 färdigt
711 1457 103 22 utbildad.

726 1499 20 14 1
