1023 1681
516 322 42 32 R.

355 396 68 24 Hans
438 396 155 30 Kejserliga
607 389 141 37 Majestäts
763 395 83 30 Nädiga
860 396 50 22 Pro-

297 432 94 28 position
405 432 34 21 till
453 430 102 24 Finlands
571 430 99 28 Ständer,
681 430 113 29 angäende
804 430 106 29 lagmans-

298 466 41 22 och
353 465 386 34 häradshöfdingetingsgästningens
754 465 129 28 utgörande.

230 520 115 28 Lagmans-
365 520 40 21 och
423 520 370 28 häradshöfdingetingsgästningen,
812 520 46 21 som
872 520 40 21 har

162 554 38 22 sitt
213 562 107 20 ursprung
335 553 48 22 frän
398 554 116 28 allmogens
529 554 120 28 skyldighet
663 555 8 20 i
685 554 68 21 äldste
764 554 56 21 tider
831 556 32 19 att
873 562 38 14 un-

163 588 96 22 derhälla
277 589 88 21 domare
383 589 40 21 och
441 589 80 21 nämnd
539 587 29 29 pä
586 588 73 28 tingen
677 589 40 21 och
735 590 53 20 utan
802 588 110 29 betalning

163 623 112 21 fortskaffa
297 624 48 21 dem
366 621 29 29 pä
413 623 147 26 embetsresor,
579 630 62 20 synes
659 622 84 22 fordom
760 623 55 21 varit
832 623 80 21 uteslu-

162 657 65 21 tande
241 657 72 21 fästad
327 656 35 22 vid
374 656 84 28 jorden.
481 657 82 21 Genom
577 657 77 27 Kongl.
669 657 145 27 Reglementet
829 657 41 21 den
885 659 27 19 20

162 690 121 22 November
299 693 60 22 1741,
375 698 46 14 som
435 691 119 27 upphäfver
565 690 43 22 alla
619 690 66 26 äldre,
697 690 95 22 deremot
803 691 110 22 stridande

163 725 140 28 stadganden,
321 725 119 22 utsträckes
455 725 65 21 likväl
535 724 122 29 äliggandet
672 727 32 20 att
719 725 68 21 denne
802 725 62 28 afgift
878 728 34 19 ut-

163 761 53 27 göra
234 760 61 21 äfven
313 760 33 20 till
364 759 67 21 andra
449 758 13 22 å
479 760 73 21 landet
570 760 84 21 bosatte
671 766 110 21 personer,
800 767 46 14 som
860 768 54 20 egen

163 794 47 21 disk
225 794 40 22 och
281 794 42 21 duk
337 794 69 22 hafva.
429 794 53 21 Dei
498 794 70 21 denna
581 793 127 29 författning
718 794 68 22 under
797 802 25 14 en
834 794 80 28 mängd

163 828 60 22 titlar
240 828 125 22 meddelade
383 828 167 26 bestämmelser,
569 828 133 31 beträffande
720 828 46 22 icke
782 829 90 22 allenast
887 829 27 21 de

163 870 108 21 personer,
289 870 47 14 som
353 863 68 21 borde
439 863 87 27 erlägga
543 862 164 28 ifrågavarande
725 863 67 28 afgift,
810 866 54 20 utan
882 864 31 21 äf-

163 905 40 15 ven
221 897 54 26 dem,
295 904 46 14 som
359 896 48 22 från
426 896 69 22 denna
513 897 120 27 skyldighet
651 896 81 28 ätnjöto
751 897 104 27 befrielse,
874 898 40 28 tje-

162 932 57 22 nade
240 932 121 21 sedermera
381 932 33 20 till
436 931 69 28 grund
523 931 34 22 för
573 932 195 27 tingsgästningens
786 932 128 28 utgörande,

163 966 49 22 med
231 966 26 21 de
274 966 75 28 tillägg
368 966 39 21 och
426 965 143 28 förklaringar
587 966 71 26 likväl,
674 973 46 14 som
734 966 76 28 Kongl.
826 967 88 21 Resolu-

163 1002 46 20 tion
228 1000 41 22 den
288 1002 12 19 9
319 1000 118 22 December
453 1002 53 19 1766
523 1000 40 22 och
577 999 86 29 Nädiga
678 1000 181 22 Cirkulärbrefvet
874 1002 41 20 den

164 1036 26 20 20
213 1035 118 21 November
352 1036 53 20 1829
423 1035 8 21 i
450 1036 71 20 ämnet
538 1034 115 27 innehälla,
671 1034 56 22 intill
746 1035 47 21 dess
812 1035 26 22 de
857 1036 57 22 olika

163 1068 86 28 äsigter,
269 1076 45 14 som
332 1068 35 21 vid
385 1069 147 27 debiteringen
551 1069 39 21 och
608 1069 127 27 uppbörden
750 1070 24 20 af
786 1077 82 14 samma
883 1070 31 21 af-

163 1104 40 27 gift
221 1103 118 22 emellertid
358 1103 58 27 gjort
431 1104 31 27 sig
478 1103 105 28 gällande,
599 1103 126 22 föranledde
739 1104 139 22 utfärdandet
893 1105 24 21 af

162 1137 85 29 Nädiga
265 1138 147 27 Kungörelsen
431 1138 40 21 den
491 1139 25 20 12
535 1138 61 27 April
616 1139 61 25 1858,
697 1138 85 22 hvarest
800 1139 115 28 stadgades

163 1175 32 19 att
210 1172 157 28 tingsgästning
381 1172 68 22 skulle
464 1172 97 28 erläggas
576 1172 47 21 icke
638 1172 90 22 allenast
739 1172 24 22 af
771 1173 74 27 hvarje
856 1174 58 21 inne-

163 1206 88 22 hafvare
273 1207 24 20 af
316 1206 105 26 hemman,
441 1206 92 28 lagligen
552 1206 91 21 afskilda
661 1207 178 26 hemmansdelar,
854 1208 61 26 jord-

163 1242 48 25 torp
231 1240 40 21 och
291 1239 67 27 öfrige
375 1239 129 27 lägenheter,
524 1240 72 20 hvilka
613 1240 47 21 icke
680 1240 7 20 i
705 1240 54 27 följd
777 1240 24 21 af
817 1241 99 27 gällande

163 1274 152 27 författningar
329 1274 38 20 äro
383 1272 94 22 derifrän
492 1274 103 25 befriade,
611 1276 52 18 utan
678 1274 40 21 ock
732 1274 25 21 af
765 1275 150 27 gerningsmän

163 1308 41 22 och
218 1308 74 28 hvarje
307 1314 72 15 annan
393 1306 30 29 pä
437 1308 73 21 landet
523 1308 73 22 bosatt
606 1315 78 20 person
695 1309 48 20 med
759 1310 47 26 eget
822 1308 91 28 hushåll,

163 1350 46 14 som
224 1343 85 27 jemlikt
325 1341 86 29 Nädiga
428 1342 161 29 Förordningen
607 1342 24 22 af
648 1343 40 21 den
708 1344 26 20 14
752 1343 91 22 Januari
860 1345 53 20 1852

142 1378 46 27 dai
263 1385 11 14 e
289 1377 106 22 beroende
410 1377 24 21 af
443 1384 71 15 annan
526 1377 81 22 enskild
619 1384 88 21 persons
719 1377 83 23 försvar
813 1379 40 21 och
864 1379 50 22 hus-

163 1412 97 22 hondevälde,
269 1410 147 34 tiitmirdu
434 1412 64 21 likväl
515 1412 138 28 undantagne
671 1413 18 28 ej
709 1414 83 21 mindre
807 1413 107 23 statdrän-

164 1454 39 20 gar
221 1447 52 21 eller
291 1446 109 22 säkallade
418 1446 196 29 spanmälstorpare
632 1450 57 19 samt
703 1448 27 22 de
744 1455 108 21 personer,
868 1455 46 15 som

36 1517 107 70 LAN
