1003 1689
194 130 32 16 102
397 127 70 23 Nådiga
478 127 137 22 Propositionen
627 126 34 17 N:o
675 126 15 17 1.

514 189 12 28 8
542 190 34 20 65.

238 229 180 28 Landtdagsman,
434 236 46 15 som
494 228 19 28 ej
527 229 57 22 varit
593 228 105 22 tillstädes
710 227 28 22 dä
748 227 70 22 beslut
831 227 9 22 i
853 226 67 29 något

171 264 79 23 ärende
267 264 75 21 fattats
359 264 58 21 inom
436 263 36 22 det
488 262 64 23 stånd
569 263 44 21 han
630 263 79 26 tillhör,
727 269 52 15 vare
795 261 78 23 tillåtet
888 263 32 21 att

172 298 92 23 derefter
281 298 33 21 till
331 297 129 29 protokollet
477 297 85 22 anmäla
580 299 33 20 att
629 297 44 22 han
691 297 19 28 ej
728 297 8 21 i
754 304 82 15 samma
849 296 72 22 beslut

172 333 96 28 deltagit,
282 340 49 14 men
346 339 38 22 ege
397 331 47 23 icke
458 333 33 20 att
500 331 72 29 nägon
583 331 140 28 anmärkning
734 333 58 20 emot
803 331 118 22 detsamma

172 367 126 23 framställa.

516 402 12 27 8
544 402 33 20 66.

239 448 69 22 Hvart
317 447 64 22 stånd
391 447 55 22 skall
456 454 76 21 genom
542 447 196 28 protokollsutdrag
748 447 57 28 gifva
815 446 27 23 de
852 446 70 29 öfriga

172 482 91 23 stånden
281 482 34 22 del
333 482 24 22 af
372 482 47 21 sina
436 482 70 21 beslut
524 480 110 29 angående
652 481 86 27 ärende,
756 481 112 23 hvaröfver
883 481 38 22 all

171 519 61 20 mänt
248 517 83 22 utskott
349 516 82 28 afgifvit
448 516 141 27 betänkande,
608 516 109 22 äfvensom
734 515 8 22 i
757 515 68 22 andra
839 515 83 23 sädana

172 551 81 28 frågor,
268 558 47 15 som
328 551 19 28 ej
363 552 50 21 röra
427 549 85 24 ståndet
522 550 98 22 enskildt.
649 550 116 22 Erfordrar
776 551 66 21 saken
853 551 70 22 större

173 586 157 28 skyndsamhet,
345 592 51 15 vare
410 584 90 23 ständen
514 585 100 28 obetaget
628 586 32 21 att
674 585 62 22 äfven
747 592 76 21 genom
833 585 90 28 deputa-

173 621 70 21 tioner
256 620 98 21 meddela
367 619 122 23 hvarandra
503 619 47 22 sina
562 619 80 27 beslut;
666 619 54 22 dock
733 620 41 21 bör
788 626 26 15 en
828 620 25 21 af
864 618 59 23 stän-

175 655 46 22 dets
239 655 136 21 Sekreterare
393 653 119 29 pätecknad
530 654 84 22 afskrift
628 655 26 21 af
665 655 41 21 den
723 654 139 29 proposition,
877 661 46 16 som

174 689 115 28 grundlagt
307 689 97 27 beslutet,
423 689 61 22 alltid
501 689 69 22 tillika
587 688 75 29 ätfölja
680 689 40 22 och
738 689 24 22 af
778 689 145 22 ordföranden

173 724 36 22 för
223 724 152 27 deputationen
389 724 8 21 i
412 723 26 22 de
452 723 68 22 andra
535 723 90 22 ständen
639 723 108 28 uppläsas.

517 775 12 28 8
545 776 34 21 67.

241 815 96 22 Beslut
330 811 12 35 i
355 815 85 26 ärende,
459 822 46 15 som
522 815 70 22 blifvit
610 815 25 22 af
649 815 90 22 allmänt
756 816 81 21 utskott
855 816 67 22 hand-

173 849 66 29 lagdt,
259 849 60 26 skall,
338 848 25 23 sä
380 849 43 22 fort
444 849 37 22 ske
502 849 49 27 kan,
574 856 76 21 genom
671 850 196 29 protokollsutdrag
889 853 34 20 ut-

175 885 80 21 skottet
269 883 114 22 meddelas.

242 918 79 22 Finner
331 919 104 21 utskottet
448 917 75 24 härvid
538 919 32 21 att
584 917 90 23 ständen
688 918 8 22 i
710 917 71 30 nägon
792 918 62 29 fräga
864 921 59 21 stan-

174 954 39 21 nat
226 953 8 21 i
248 952 25 23 sä
287 953 122 28 skiljaktiga
425 952 71 22 beslut
510 954 32 21 att
555 952 93 29 lagenlig
665 953 110 28 pluralitet
789 954 24 22 af
826 954 26 22 de
867 955 57 22 olika

175 987 138 28 meningarne
324 987 18 28 ej
353 987 43 22 kan
406 987 76 26 bildas,
496 987 40 22 bör
550 987 104 22 utskottet
668 988 52 21 söka
735 990 38 25 att,
788 988 69 23 sävidt
870 989 54 28 möj-

174 1021 40 28 ligt
231 1022 31 26 är,
281 1021 167 28 sammanjemka
466 1021 26 22 de
510 1021 57 22 olika
580 1022 138 27 meningarne
732 1023 40 21 och
786 1023 33 21 till
833 1022 91 23 ständen

175 1055 108 22 inkomma
297 1055 49 21 med
359 1055 81 28 förslag
454 1055 33 21 till
501 1055 58 28 dylik
573 1056 211 28 sammanjemkning.

243 1085 32 25 Är
291 1089 110 27 pluralitet
417 1089 67 21 redan
502 1096 91 20 vunnen,
611 1089 140 23 öfverlemnas
769 1090 156 29 handlingarne

175 1122 8 22 i
197 1124 90 21 ärendet
297 1123 33 21 till
341 1124 36 21 det
387 1123 131 22 Ständernas
532 1123 88 27 utskott,
634 1124 89 22 hvarom
736 1125 9 20 i
760 1127 26 19 77
801 1126 12 27 8
827 1127 96 21 nämnes.

518 1181 12 27 8
546 1181 34 21 68.

243 1220 42 22 Vid
296 1220 74 27 hvarje
380 1220 89 28 lagtima
479 1220 104 28 landtdag
589 1221 57 27 välja
654 1221 120 22 Ständerna
784 1222 139 28 fullmäktige,

175 1254 33 21 till
226 1254 44 21 lika
287 1254 59 21 antal
363 1253 34 21 för
414 1254 74 27 hvarje
506 1253 69 27 stånd,
593 1254 53 21 att
639 1249 10 37 i
661 1255 94 27 enlighet
768 1256 49 21 med
831 1256 93 22 instruk-

175 1286 52 29 tion,
246 1294 45 16 som
309 1287 26 22 af
350 1287 120 22 Ständerna
486 1288 114 28 upprättas
614 1288 40 22 och
669 1288 121 28 fastställes,
805 1290 73 22 utöfva
891 1290 32 22 in-

175 1322 78 22 söende
271 1322 58 22 öfver
346 1322 156 28 förvaltningen
520 1322 24 22 af
560 1323 27 21 de
604 1322 68 23 under
690 1323 131 23 Ständernas
839 1323 85 30 garanti

175 1357 40 23 och
234 1356 55 24 vård
311 1357 78 22 ställda
409 1357 75 22 fonder
506 1357 7 21 i
534 1357 101 22 Finlands
653 1358 71 27 Bank;
748 1359 97 23 börande
862 1360 62 22 valen

175 1391 102 23 förrättas
298 1392 101 22 särskildt
418 1392 59 32 inom
494 1392 75 29 hvarje
586 1391 63 23 stånd
667 1393 40 22 och
724 1392 25 24 så
766 1394 63 30 tidigt
847 1396 33 21 att
898 1396 27 22 de

175 1427 89 22 utsedde
278 1426 132 29 fullmäktige
422 1425 38 23 mä
474 1427 72 22 kunna
559 1426 97 24 tillträda
670 1428 32 22 sin
717 1428 120 30 befattning
846 1431 78 22 medan

175 1461 121 23 Ständerna
310 1462 57 21 ännu
382 1462 38 21 äro
436 1460 100 23 samlade.
