1020 1681
195 94 32 16 552
394 91 75 23 Nådiga
476 92 137 21 Propositionen
625 91 34 17 N:o
672 92 26 16 11.

240 156 152 30 dessförinnan
401 156 121 29 föröfvats,
538 161 49 15 men
593 155 42 28 för
651 154 79 31 hvilket
741 154 65 29 straff
814 153 29 22 då
858 153 20 29 ej
892 154 28 21 är

241 184 113 27 bestämdt'
368 180 67 42 genom
448 187 79 32 utslag,
543 196 44 14 som
601 190 79 26 vunnit.
693 189 50 28 laga
758 187 61 29 kraft
833 188 53 21 eller
901 187 20 30 ej

242 224 151 29 öfverklagadt
407 224 85 25 varder,
507 223 57 23 skall
578 223 37 21 ock
631 221 54 30 efter
702 222 70 22 denna
783 222 138 29 förordning

242 259 98 28 straffas,
356 266 34 13 om
404 258 35 21 det
454 257 85 27 ansvar,
555 265 44 13 som
613 258 68 27 enligt
696 254 41 25 den
754 256 39 21 bör
813 257 13 20 å
841 256 81 21 brottet

236 293 68 30 följa,
320 294 27 20 är
362 293 122 28 lindrigare
503 294 29 19 än
549 292 42 25 det,
610 299 44 14 som
672 291 86 29 derföre
776 292 10 20 i
804 291 62 22 äldre
885 292 35 28 lag

242 328 52 21 eller
304 328 138 29 författning
456 328 60 20 varit
531 326 108 29 stadgadt.

242 423 11 23 I
271 425 154 27 sammanhang
441 424 49 22 med
511 424 186 28 bestämningärne
714 423 32 22 uti
764 425 27 20 40
810 424 11 27 &
840 423 24 23 af
881 423 40 22 den

173 458 123 29 föreslagna
310 459 151 28 förordningen
476 458 109 29 angående
604 458 132 22 afskaffande
754 458 24 22 af
794 457 106 29 åtskilliga
915 459 7 20 i

173 493 36 28 lag
220 495 82 20 utsatta
312 493 120 22 straffarter
439 493 40 22 och
492 493 60 22 deras
564 493 122 22 ersättande
697 499 76 21 genom
781 492 69 23 andra
860 492 64 21 straff

174 528 89 27 utbedja
287 527 32 28 sig
338 527 118 23 Ständerna
474 529 32 20 att
523 526 23 24 få
564 527 55 21 fästa
637 527 24 21 E.
680 527 26 22 K.
725 526 50 22 M:ts
793 527 56 27 höga
867 532 54 23 upp-

174 562 145 22 märksamhet
336 562 36 21 vid
388 564 77 19 tvenne
482 562 81 27 vigtiga
577 561 73 28 frägor
664 561 92 22 rörande
771 560 128 24 skadeständ
913 561 8 22 i

175 597 115 27 anledning
304 597 24 21 af
340 597 59 21 brott
414 597 39 21 och
467 597 70 22 tillika
549 597 8 20 i
571 595 170 28 underdänighet
752 595 119 24 framställa
885 596 37 21 be-

174 631 72 22 hofvet
261 631 23 20 af
296 630 181 28 lagförklaringar
490 631 9 20 i
514 630 62 23 dessa
590 631 82 21 ämnen.

243 665 47 21 Den
304 665 68 21 första
386 665 24 21 af
423 665 61 21 dessa
498 664 80 29 frågor,
593 672 46 14 som
656 665 67 21 redan
738 664 23 22 af
773 664 150 28 Lagutskottot

174 698 36 23 vid
225 700 98 22 sednaste
338 699 102 28 landtdag
455 700 7 21 i
478 699 48 22 dess
541 699 40 21 den
597 701 26 20 17
637 699 118 22 December
771 700 54 20 1863
841 699 82 28 afgifna

175 733 135 23 betänkande
327 733 117 27 framhölls,
463 733 69 29 angår
547 733 77 28 frågan
645 741 34 14 om
702 734 117 27 ersättning
840 733 33 22 för
897 733 25 23 de

175 768 116 22 kostnader
306 769 40 21 och
360 768 81 26 besvär,
456 768 136 29 mälsegande
607 768 40 22 och
661 768 80 22 vittnen
755 767 68 23 måste
835 768 87 22 vidkän-

175 809 39 16 nas
228 803 8 21 i
251 802 81 23 sådana
342 803 79 28 grofva,
434 802 108 28 brottmål,
557 803 7 21 i
578 803 72 21 hvilka
664 797 79 28 allmän
753 801 102 29 åklagare
865 803 58 22 förer

175 837 66 22 talan.
270 837 42 22 Det
326 837 99 22 inträffar
439 837 106 29 nemligen
560 838 18 27 ej
595 837 74 27 sällan,
685 839 32 20 att
731 836 136 29 mälsegande
882 837 41 22 och

176 872 81 22 vittnen
275 872 7 21 i
300 871 102 23 brottmäl
419 873 106 21 nödsakas
543 873 33 22 för
595 872 119 22 bivistande
731 873 24 20 af
767 873 157 28 ransakningar

177 907 52 27 göra
244 905 104 29 långväga
362 914 66 19 resor,
444 907 51 21 eller
509 907 117 22 försumma
644 907 32 22 sin
691 907 37 26 tid,
744 906 52 22 eller
810 907 61 28 eljest
885 915 39 14 un-

177 941 100 21 derkasta
295 941 33 28 sig
345 940 153 29 uppoffringar,
513 943 53 20 utan
583 943 32 20 att
634 941 26 22 de
675 941 72 22 derför
762 940 82 23 erhälla
859 940 65 29 nägot

176 974 136 23 skadestånd.
341 975 73 29 Enligt
433 976 11 20 5
464 977 10 27 &
492 977 25 20 17
533 976 48 27 kap.
595 975 25 23 R.
636 975 24 22 B.
679 976 40 21 bör
733 975 124 29 visserligen
876 976 47 27 den,

176 1017 47 15 som
237 1009 97 28 päkallat
348 1011 30 20 ett
392 1010 72 26 vittne,
478 1010 73 22 betala
566 1010 57 26 ,dess
635 1010 138 22 resekostnad
785 1011 39 21 och
835 1011 88 27 täring*,

176 1044 41 22 och
231 1043 29 29 pä
275 1044 69 28 grund
363 1044 23 22 af
399 1046 12 20 3
427 1045 11 28 &
454 1046 24 20 21
495 1045 49 27 kap.
559 1045 24 21 R.
599 1044 23 22 B.
639 1046 24 20 är
681 1045 61 22 äfven
761 1045 40 21 den
820 1045 104 22 sakfällde

176 1080 56 20 samt
247 1078 46 26 den,
309 1086 46 14 som
370 1078 91 28 oskäligt
476 1079 86 21 anställt
581 1078 43 22 ätal
643 1080 39 20 och
701 1079 82 22 säledes
801 1079 68 22 mäste
887 1086 37 15 an-

177 1119 33 15 ses
231 1112 64 22 hafva
316 1115 77 25 tappat
415 1113 71 26 saken,
509 1113 82 28 skyldig
613 1115 33 19 att
667 1112 76 23 &t.sin
761 1114 163 21 vederdeloman

177 1146 112 28 återgälda
303 1147 39 21 allt
356 1147 56 21 hvad
427 1147 68 22 denne
509 1148 90 27 nödgats
615 1147 52 22 derä
681 1148 67 22 kosta.
778 1148 49 22 Men
839 1147 28 22 dä
881 1148 44 21 för-

176 1180 87 29 brytare
281 1182 132 27 gemenligen
431 1182 67 21 sakna
515 1181 115 29 tillgångar
649 1182 33 21 till
696 1182 106 28 gäldande
816 1182 24 21 af
854 1182 71 28 dylika

177 1216 149 26 ersättningar,
344 1216 42 20 blir
403 1216 8 20 i
429 1216 62 20 dessa
508 1216 39 20 fall
564 1215 151 27 mälseganden
733 1216 122 27 derigenom
869 1216 56 21 både

177 1248 51 27 sjelf
239 1251 52 19 utan
306 1249 118 27 ersättning
435 1249 34 21 för
480 1250 47 20 sina
537 1249 148 27 uppoffringar
696 1250 39 20 och
746 1248 34 22 får
795 1251 57 19 ännu
867 1249 57 21 dess-

177 1284 59 20 utom
257 1282 117 22 vidkännas
396 1282 118 22 kostnaden
535 1282 34 22 för
585 1283 148 27 ersättningar
752 1282 22 22 ät
793 1283 26 21 de
837 1284 87 26 vittnen,

177 1316 72 22 hvilka
267 1317 43 21 han
328 1316 32 22 till
378 1317 211 27 missgerningsmäns
612 1317 172 22 öfverbevisande
805 1325 35 14 om
863 1318 61 21 deras

177 1350 137 32 brottslighet
328 1350 101 32 påkallat.
449 1372 1 2 .
460 1350 76 23 Såsom
551 1358 26 15 en
591 1352 94 28 naturlig
698 1350 54 30 följd
769 1352 66 23 häraf
850 1352 75 22 inträf-

177 1386 34 22 far
227 1386 35 22 det
277 1386 84 22 derföre
376 1384 64 24 också
455 1386 51 27 ofta,
522 1388 32 20 att
568 1385 136 30 målsegande
717 1388 102 28 antingen
830 1388 45 21 visa
885 1388 40 21 lik-

179 1420 104 29 giltighet
294 1421 40 21 och
352 1420 80 22 lamhet
449 1421 8 21 i
475 1420 120 32 beifrandet
612 1421 25 22 af
652 1422 71 28 gröfre
737 1422 66 26 brott,
819 1422 52 22 eller
886 1422 39 22 ock
