1003 1684
283 110 70 24 Nådiga
365 112 135 22 Propositionen
513 113 34 17 N:o
560 114 16 16 9.
746 114 32 16 421

123 175 11 28 &
151 176 33 19 22.
213 174 85 22 Medför
312 174 76 22 sådant
402 175 84 28 företag
500 178 60 26 nytta
574 176 35 21 för
623 176 68 22 andra
705 178 28 20 än
749 177 53 26 dem,

51 209 72 21 hvilka
138 208 73 22 derom
225 208 62 28 fräga
300 209 63 21 väckt
377 209 40 21 och
432 210 32 21 uti
478 209 143 23 kostnaderna
635 210 34 21 för
685 211 117 21 detsamma

48 243 51 27 vilja
117 243 91 27 deltaga,
228 242 35 21 mä
282 243 25 21 de
325 243 58 22 förre
401 244 31 20 uti
450 244 50 27 laga
518 244 90 28 ordning
629 252 76 20 genom
720 245 80 22 Guver-

47 279 68 19 nören
133 277 113 27 förpligtas
264 279 32 19 att
314 277 106 22 bestämdt
434 280 59 25 yttra
510 279 33 27 sig
558 286 34 14 om
607 279 26 21 de
648 281 38 19 äro
701 279 99 28 benägna

49 313 32 19 att
99 311 34 22 till
152 311 93 22 arbetets
263 311 114 22 utförande
395 312 91 27 bidraga
505 312 51 22 eller
570 313 52 20 icke.
651 309 44 26 Äro
711 321 91 20 egarene

48 345 25 22 af
86 353 45 14 mer
146 347 28 20 än
189 346 80 21 hälften
284 347 8 20 i
306 346 148 28 vattendraget
469 347 70 21 dertill
553 347 142 28 beredvillige,
710 347 36 22 mä
758 347 43 22 Gu-

48 381 104 20 vernören
168 380 93 21 arbetets
276 380 138 28 företagande
430 381 40 20 och
484 381 114 21 utförande
612 380 70 23 tillåta
697 383 57 20 emot
769 389 31 14 er-

47 415 94 26 sättning
159 414 34 21 för
208 414 40 21 den
267 414 66 21 skada
352 415 39 21 och
410 414 77 22 förlust
506 415 25 22 de
550 415 67 28 öfrige
635 415 68 22 under
718 416 81 21 arbets-

47 448 59 22 tiden
125 447 62 23 deraf
202 448 49 26 lida,
271 449 107 21 äfvensom
400 448 78 28 älägga
496 449 59 22 desse
574 451 37 24 att,
632 450 65 21 sedan
717 450 84 21 arbetet

47 482 70 22 blifvit
135 482 110 27 slutfördt,
265 485 56 19 emot
339 483 59 21 lösen
416 483 56 21 afstä
490 484 46 21 sina
554 491 76 20 genom
648 484 150 28 sjöfällningen

47 517 121 27 uppkomne
186 517 158 28 tillandningar.
374 518 78 21 Kunna
470 517 19 28 ej
508 520 102 25 parterna
631 525 33 14 om
679 519 70 21 lösens
764 519 35 21 be-

47 551 50 28 lopp
117 551 101 28 äsämjas,
241 551 54 22 skall
315 551 122 22 densamma
455 552 25 21 af
495 553 54 27 gode
567 554 50 19 män
635 553 52 21 eller
708 553 91 22 domstol

47 586 128 22 bestämmas
187 588 55 19 samt
253 586 126 27 uppskattas
390 586 54 22 efter
455 587 41 21 den
508 587 99 21 afträdda
620 587 107 28 grundens
734 588 65 21 värde

47 621 7 21 i
77 621 46 21 dess
142 620 134 22 förbättrade
292 621 63 26 skick,
373 621 53 21 dock
440 621 48 21 med
504 621 76 28 afdrag
594 622 24 20 af
631 622 41 21 den
686 622 64 28 utgift
765 622 34 21 för

47 655 89 26 arbetet,
149 662 46 14 som
205 654 29 28 pä
245 655 58 21 detta
317 654 126 28 egoomräde
455 656 32 27 sig
495 655 95 28 belöper,
596 656 66 28 jemte
669 658 63 20 ränta
740 655 57 23 derä.

117 690 10 27 8
145 691 34 20 23.
208 690 78 20 Finnas
309 689 78 26 andra,
409 690 72 20 hvilka
498 690 86 27 pröfvas
601 690 47 22 icke
666 690 132 22 omedelbart

49 724 64 21 hafva
127 722 66 29 nägot
207 731 56 20 gagn
278 724 24 21 af
315 722 76 23 sädant
401 724 91 28 företag,
504 732 45 14 som
559 724 8 21 i
579 724 127 28 föregäende
717 726 24 27 $$
754 732 43 14 om-

47 760 94 24 nämnes,
160 765 48 14 men
226 758 72 21 kunna
317 765 75 20 genom
410 758 82 22 mindre
510 759 90 21 tillskott
617 759 24 21 af
656 759 91 21 kostnad
762 759 35 21 för

48 800 71 14 annan
131 792 157 28 vattenledning
302 792 67 28 draga
382 792 69 22 fördel
463 793 65 26 deraf,
540 800 50 14 vare
601 793 61 22 äfven
674 794 59 21 desse
744 794 54 28 plig-

47 828 44 27 tige
109 829 32 20 att
158 827 7 21 i
184 826 105 29 företaget
309 827 91 28 deltaga,
415 827 87 22 hvarvid
518 827 54 22 dock
586 827 98 28 behörigt
699 828 99 22 afseende

47 862 40 21 bör
102 862 68 21 fästas
188 861 28 28 pä
235 861 40 22 den
292 861 104 22 särskilda
410 861 96 28 kostnad,
522 862 78 22 hvaraf
613 862 60 22 deras
689 863 69 21 fördel
773 864 24 20 är

47 897 113 22 beroende.

115 933 11 27 8
142 933 33 20 24.
206 932 104 29 Samtliga
330 939 156 21 gemensamma
500 933 114 22 kostnader
629 933 60 22 skola
703 933 94 22 fördelas

47 967 90 21 emellan
158 967 97 27 delegare
273 967 53 21 efter
343 967 40 22 den
397 969 66 26 nytta,
483 975 45 14 som
543 967 105 28 företaget
661 967 87 28 pröfvas
762 967 35 22 för

47 1009 26 14 en
88 1002 52 21 hvar
155 1001 101 22 medföra.
287 1002 42 21 Om
344 1001 122 28 tillförlitlig
480 1002 113 27 utredning
609 1002 72 21 derom
695 1002 46 21 icke
755 1002 42 21 kan

46 1036 74 21 vinnas
139 1035 73 21 förrän
231 1036 83 21 arbetet
332 1036 69 21 blifvit
419 1036 88 26 utfördt,
526 1035 36 22 mä
576 1036 147 27 fördelningen
737 1036 60 21 verk-

47 1070 73 21 ställas
136 1070 66 27 enligt
216 1078 70 13 annan
301 1070 88 27 lämplig
404 1070 68 27 grund
484 1070 81 21 tilldess
578 1077 25 14 en
615 1070 63 21 hvars
691 1071 57 20 rätta
760 1077 37 14 an-

47 1104 34 22 del
96 1104 42 21 kan
152 1104 66 22 blifva
232 1104 58 21 känd
305 1104 40 22 och
357 1104 109 28 jemkning
482 1104 89 22 emellan
586 1104 98 28 delegare
696 1103 100 29 försiggä.

45 1139 80 21 Kunna
136 1138 26 22 de
173 1138 18 28 ej
204 1146 34 14 om
250 1137 66 22 sådan
328 1138 72 28 slutlig
408 1138 110 28 jemkning
534 1138 51 22 eller
596 1138 120 28 fördelning
728 1137 68 23 äsäm-

45 1173 42 27 jas,
103 1172 36 22 mä
153 1172 26 22 de
194 1172 32 22 sin
241 1172 60 21 talan
316 1172 127 21 härutinnan
458 1172 34 22 vid
506 1172 50 28 laga
571 1172 90 22 domstol
675 1173 78 21 utföra.

114 1208 11 27 $
142 1208 33 20 25.
204 1206 34 22 Då
256 1206 83 28 företag
357 1206 24 22 af
400 1206 162 28 ifrågavarande
578 1206 146 22 beskaffenhet
738 1207 58 21 kom-

46 1249 45 13 mer
107 1243 32 19 att
153 1241 81 22 utföras
249 1241 49 21 med
313 1241 117 21 understöd
446 1241 23 21 af
483 1241 107 21 allmänna
604 1241 75 26 medel,
695 1241 54 21 skall
761 1242 36 21 det

46 1276 51 21 bero
113 1276 24 20 af
149 1275 211 22 öfverenskommelse
375 1275 90 21 emellan
480 1276 88 20 Kronan
584 1276 38 20 och
637 1276 159 21 vederbörande

43 1310 115 26 jordegare
177 1317 33 12 om
230 1309 40 20 den
288 1309 133 20 förbättrade
440 1310 96 25 grunden
551 1308 34 21 får
600 1309 24 20 af
637 1310 48 19 dem
699 1309 96 21 bebällas

46 1345 53 19 utan
117 1342 91 21 särskild
226 1342 64 26 skatt,
309 1342 51 21 eller
375 1349 34 14 om
428 1342 122 21 densamma
564 1342 41 21 bör
619 1344 7 19 i
640 1343 50 27 laga
705 1342 90 28 ordning

47 1376 141 22 underkastas
203 1376 157 28 skattläggning
379 1376 39 21 och
433 1376 88 21 Kronan
540 1376 121 28 derigenom
679 1376 115 28 godtgöras

46 1412 33 21 till
93 1412 68 21 större
177 1410 51 22 eller
242 1410 83 22 mindre
345 1410 33 22 del
392 1410 34 22 för
441 1410 40 22 den
496 1412 69 26 ränta,
581 1418 44 15 som
641 1411 26 22 de
681 1410 34 22 för
729 1411 65 23 ända-

47 1445 64 23 mälet
126 1446 98 22 använda
238 1445 122 22 statsmedel
375 1445 70 22 kunde
461 1446 90 22 atkasta.
