1700 1839
652 187 70 23 Nådiga
733 189 137 22 Propositionen
883 190 34 16 N:o
930 190 15 15 1.
1127 189 22 15 69

422 251 78 21 bifallit
522 251 239 28 grundlags-utskottets
783 252 80 26 förslag
884 251 33 21 till
935 258 26 14 en
979 250 73 28 sådan,
1073 258 50 14 men
1141 252 32 20 att

421 285 150 27 ridderskapet
582 286 40 21 och
634 285 63 21 adeln
708 286 70 21 dertill
788 286 87 21 beslutit
886 287 30 19 ett
926 286 81 27 tillägg,
1022 284 150 23 innebållande

422 320 118 27 antydning
565 327 35 13 om
625 319 90 22 orsaken
741 320 34 21 till
799 320 242 27 landtdagsordningens
1062 320 110 21 tillkomst.

421 354 59 21 Enär
494 354 113 21 initiativet
625 354 7 20 i
651 353 189 28 grundlagsfrågor
854 354 128 21 tillkommer
995 354 103 22 Finlands
1113 353 59 21 Stor-

422 388 72 26 furste,
518 388 99 21 förordar
636 388 79 27 jemväl
737 388 220 28 grundlagsutskottet
975 390 30 20 ett
1021 388 76 28 tillägg
1114 388 8 20 i
1138 387 35 21 det

421 422 55 28 syfte
489 422 149 27 ridderskapet
653 422 39 21 och
707 422 63 21 adeln
784 422 116 28 föreslagit,
920 422 41 21 och
979 421 33 22 får
1029 422 103 22 utskottet
1150 421 26 21 af

421 455 67 22 sådan
503 456 114 28 anledning
629 455 109 23 vördsamt
752 456 79 22 föreslå
845 458 32 20 att
891 457 9 20 i
913 455 62 29 fråga
985 456 94 22 varande
1090 456 82 28 ingress

421 490 80 22 erhölle
515 490 96 27 följande
625 490 89 28 lydelse:

619 524 27 21 Vi
665 524 140 30 efterskrefne
822 524 107 23 Finlands
947 524 102 28 Ständer,
1070 524 102 30 Grefvar,

556 558 129 28 Friherrar,
701 558 116 29 Biskopar,
833 559 137 28 Ridderskap
986 560 38 28 och
1038 560 64 26 Adel,
1118 559 55 21 Pre-

557 593 104 28 sterskap,
680 593 141 29 Borgerskap
843 594 38 20 och
898 594 86 28 Menige
1002 594 106 28 Allmoge,
1127 602 45 13 som

556 635 35 18 nu,
607 628 14 20 &
637 635 54 21 egna
710 628 39 21 och
767 628 55 20 våra
841 628 177 23 hemmavarande
1033 628 138 22 medbröders

556 663 91 27 vägnar,
675 663 35 21 till
738 663 83 21 allmän
843 663 104 28 landtdag
963 662 137 29 församlade
1123 664 47 25 äro,

556 697 53 27 göre
625 698 114 27 veterligt:
755 700 32 18 att
801 698 29 25 vi,
845 697 47 21 med
906 697 151 29 upphäfvande
1073 697 25 28 af
1106 696 65 22 Riks-

556 731 177 28 dagsordningen
748 731 25 29 af
785 731 41 21 den
839 731 29 21 24
879 731 96 22 Januari
986 729 60 28 1617,
1062 732 109 28 äfvensom

556 765 26 28 af
595 765 45 20 alla
654 765 71 21 andra
740 766 83 20 sådana
838 766 60 21 äldre
911 766 38 20 och
960 773 66 21 nyare
1038 766 70 27 lagar,
1121 766 51 20 ord-

556 799 81 28 ningar
653 799 39 21 och
709 799 72 27 beslut,
795 807 44 13 som
850 800 108 27 angående
970 799 135 22 Ständernas
1117 807 54 13 sam-

556 833 129 26 manträden
704 835 35 20 till
758 834 105 28 landtdag
881 834 117 29 utfärdade
1013 836 48 24 äro,
1080 833 90 22 härmed

555 867 64 26 velat,
642 868 53 28 efter
717 868 73 21 derom
813 868 25 29 af
857 867 62 22 Hans
937 868 105 29 Majestät
1063 867 107 29 Kejsaren

556 902 39 21 och
610 901 139 30 Storfursten
764 903 65 28 gjord
847 903 67 27 nådig
927 904 146 27 proposition,
1090 903 35 20 till
1140 903 30 28 ef-

556 936 108 29 terlefnad
679 940 81 24 antaga
771 943 26 14 en
809 937 210 28 landtdagsordning
1035 937 24 29 af
1066 937 102 28 följande

555 971 98 21 innehåll
668 971 39 20 och
722 971 139 28 ordalydelse.

487 1003 116 29 Angående
619 1005 22 28 2)
655 1005 78 21 nionde
745 1006 138 28 paragrafen
893 1004 64 22 hafva
967 1007 32 20 tre
1010 1004 63 23 stånd
1084 1005 85 21 förenat

419 1039 33 27 sig
470 1039 73 21 derom
561 1041 32 19 att
610 1039 91 22 nämnde
719 1040 12 27 &
749 1039 40 22 bör
806 1039 58 28 utgå,
883 1039 40 21 och
937 1038 90 23 föreslår
1042 1039 126 28 grundlags-

418 1073 104 21 utskottet
536 1073 8 21 i
558 1073 53 28 följd
627 1073 62 21 deraf
701 1073 109 22 vördsamt

555 1111 33 17 att
603 1107 136 29 högvördiga
745 1109 166 27 presteståndet,
921 1108 139 29 frångående
1072 1108 96 21 ståndets

548 1142 67 28 förut
629 1143 10 20 i
653 1141 65 22 saken
730 1142 89 29 fattade
834 1143 73 26 beslut,
920 1142 96 29 förenar
1031 1144 34 27 sig
1079 1143 48 21 med
1142 1143 24 20 de

555 1179 32 18 tre
608 1177 75 28 öfriga
701 1177 90 20 stånden
808 1177 10 20 i
835 1180 32 17 att
881 1176 116 29 godkänna
1012 1184 74 13 senare
1101 1178 66 20 alter-

554 1211 83 20 nativet
653 1211 35 21 till
703 1211 68 21 denna
786 1211 12 28 $
813 1212 9 20 i
835 1211 114 21 utskottets
964 1211 138 22 betänkande.

486 1245 170 22 Vidkommande
675 1245 21 28 3)
715 1245 36 21 det
767 1245 76 28 tillägg
860 1245 155 22 bondeståndet
1032 1246 88 21 beslutit
1134 1246 34 21 till

419 1281 26 20 29
461 1280 19 27 8,
495 1277 34 24 får
544 1279 218 27 grundlagsutskottet
778 1279 107 26 anmärka,
901 1281 32 20 att
947 1280 9 21 i
969 1279 140 22 förevarande
1123 1280 43 21 för-

418 1314 47 27 slag
479 1313 33 22 till
526 1313 205 28 landtdagsordning
749 1313 41 21 den
807 1313 83 28 princip
909 1313 69 23 blifvit
996 1313 59 29 följd,
1075 1315 32 21 att
1124 1314 44 22 alla

418 1348 108 22 allmänna
547 1348 88 27 utgifter
657 1347 34 22 för
712 1347 140 28 landtdagens
873 1348 71 26 hbehof,
967 1348 39 22 och
1027 1348 74 21 ibland
1119 1349 48 21 dem

418 1382 121 27 aflöningen
556 1381 35 21 för
609 1381 26 21 de
652 1382 36 20 vid
706 1381 100 21 ständens
824 1382 93 21 kanslier
935 1382 105 22 anställde
1057 1389 109 20 personer,

418 1415 60 21 skola
492 1415 107 21 bestridas
616 1414 49 21 med
683 1415 74 25 medel,
777 1414 58 21 öfver
852 1415 71 21 hvilka
941 1414 114 22 ständerna
1070 1422 40 20 ega
1125 1416 41 20 dis-

418 1449 153 27 positionsrätt.
594 1447 100 22 Derifrän
704 1450 63 26 utgör
778 1448 87 22 arvodet
876 1448 33 22 för
920 1447 165 23 bondeständets
1096 1449 71 21 sekre-

418 1485 71 21 terare
511 1484 30 20 ett
562 1482 110 28 undantag
690 1482 24 22 af
730 1482 63 22 orsak
811 1484 33 20 att
861 1482 68 22 denne
950 1482 99 23 tillsättes
1068 1482 24 22 af
1107 1483 60 22 Hans

419 1517 101 29 Majestät
535 1517 109 29 Kejsaren.
