1700 1828
477 97 1 17 |
622 89 270 3 ==
1032 89 10 1 —

476 117 2 8 i

477 126 1 8 |

477 135 1 7 I

476 143 2 12 !

476 156 2 8 i

649 197 72 22 Nådiga
732 198 136 21 Propositionen
879 199 34 16 N:o
926 199 16 16 4.
1113 199 33 17 283

476 248 57 38 ner.
567 255 84 27 Önskar
670 261 172 29 röstberättigad
859 262 89 21 medlem
969 261 26 29 af
1007 262 163 29 församlingen

456 309 2 3 +
476 300 1 29 |
488 299 33 30 att.
536 295 160 28 kyrkostämma
707 297 43 26 för
764 296 67 27 något
849 297 79 20 ärende
943 296 165 22 sammankallas
1123 297 46 25 mä;

476 332 1 30 |
492 329 53 21 skall
562 329 36 21 det
616 330 19 27 ej
653 330 87 27 vägras,
757 337 33 13 om
805 331 89 20 ärendet
909 331 26 20 är
951 330 25 28 af
989 331 46 27 vigt
1048 330 45 26 och:
1103 331 20 27 ej
1138 331 32 20 täl

476 365 1 28 i
487 363 98 30 uppskof.:
614 363 99 28 Pröfvar
733 360 146 32 ordföranden
894 363 82 28 skäligt
991 365 68 19 sådan
1074 364 96 27 begäran

475 400 3 27 |
489 397 67 28 afslä;
571 397 92 20 meddele
683 398 47 20 sina
748 397 47 21 skäl
810 393 146 38 skriftligen,
964 405 33 13 om
1012 397 109 29 sökanden
1136 398 34 20 det

475 450 1 12 ;
490 431 85 28 önskar,
595 431 39 22 och
652 433 39 26 äge
709 432 65 21 denne
793 433 48 20 rätt
859 432 100 29 deröfver
975 432 36 21 hos
1029 431 141 30 domkapitlet

490 465 70 30 klaga.

747 513 26 27 $$
788 511 123 22 316—326.

606 555 63 28 (Lika
682 555 49 22 med
746 556 24 27 $$
786 557 111 20 318—328
911 555 8 21 i
934 555 118 29 förslaget.)

788 619 13 28 $
815 617 54 22 327,

546 661 92 21 Medlem
657 661 24 29 af
691 661 167 29 församlingen,
875 669 44 14 som
936 662 47 21 med
1001 661 170 29 kyrkostämmas

474 719 1 3 '
489 696 68 21 beslut
575 696 19 29 ej
613 697 65 28 nöjes,
698 697 38 27 äge
755 697 47 20 rätt
821 699 32 18 att
871 696 72 21 deruti
958 696 52 21 söka
1023 697 98 28 ändring
1136 703 34 22 ge-

473 731 2 34 |
488 737 50 15 nom
552 731 82 26 besvär,
651 730 72 21 hvilka
739 730 60 22 skola
813 731 95 28 ingifvas
922 732 10 20 i
945 731 50 25 mål,
1012 738 44 14 som
1070 731 36 27 i.$
1121 729 49 22 307

474 766 1 31 |
488 773 84 13 momm.
584 764 17 28 1,
616 765 22 26 2,
654 764 21 27 3,
690 764 19 27 4,
725 764 18 26 5,
759 764 23 21 11
797 765 38 21 och
849 764 27 21 12
891 766 40 20 äro
947 765 100 27 nämnda,
1063 766 35 20 till
1113 765 59 20 dom-

473 812 2 17 i
488 800 98 28 kapitlet,
601 807 48 14 men
663 800 9 22 i
687 800 70 20 andra
772 800 44 21 mål
835 800 34 21 till
885 799 92 21 kronans
993 798 179 30 befallmingshaf-

473 843 1 3 |
488 835 74 25 vande,
578 835 68 20 innan
661 834 88 21 klockan
761 835 42 28 tolf
813 834 13 21 å
839 834 113 21 trettionde
968 834 68 28 dagen
1050 828 51 26 näst
1116 833 54 29 efter

473 871 1 3 |
488 870 48 25 den,
559 869 14 21 &
591 868 85 22 hvilken
695 868 88 22 beslutet
795 869 57 28 från
867 868 148 29 predikstolen
1034 867 137 29 kungjordes.

473 907 1 24 |
488 903 47 22 För
554 906 33 18 att
606 904 101 21 besvären
725 903 60 22 skola
804 902 70 22 kunna
890 904 35 20 till
935 903 108 28 pröfning
1057 906 114 25 upptagas,

472 941 3 33 |
490 939 39 20 bör
548 937 121 30 klaganden
688 938 73 29 bifoga
779 938 36 21 det
833 937 152 29 öfverklagade
1004 938 89 21 beslutet
1106 937 66 28 jemte

472 975 2 22 i
488 973 58 24 bevis
566 974 42 19 när
627 973 117 21 detsamma
759 972 135 28 kungjordes.
924 971 16 20 I
955 971 150 29 Lappmarken
1119 978 51 14 vare

472 1001 2 37 i
490 1007 60 22 tiden
568 1007 86 22 dubbelt
673 1007 82 29 längre,
773 1008 28 20 än
816 1007 55 22 hvad
887 1007 76 20 härom
977 1014 29 14 nu
1021 1005 102 29 stadgadt
1137 1007 35 20 är.

474 567 2 10 i

474 592 2 16 i

474 616 2 8 i

474 647 2 11 i

472 1064 2 9 i

791 1071 12 27 $
819 1069 51 22 328.

546 1114 63 28 (Lika
627 1112 48 22 med
693 1114 11 27 $
721 1114 40 20 330
775 1112 9 21 i
798 1112 108 28 förslaget,
921 1119 49 14 men
983 1112 49 21 med
1046 1111 126 27 hänvisning

472 1163 1 12 |
490 1147 34 21 till
538 1148 12 27 $
566 1148 57 27 326.)

472 1177 1 24 |
792 1193 12 27 $
819 1191 53 22 329.

652 1236 63 29 (Lika
729 1235 49 21 med
792 1236 11 28 &
820 1237 39 20 331
875 1236 8 20 i
897 1234 118 29 förslaget.)

678 1324 145 18 Nittonde
841 1323 148 23 Kapitlet.

470 1379 2 14 i
762 1364 31 21 Om
807 1362 97 30 kyrkoråd.
923 1363 2 4 '

470 1412 2 4 |
749 1418 26 27 $$
791 1416 129 22 330—332.

612 1457 62 29 (Lika
689 1456 48 22 med
752 1457 24 28 8$
792 1458 112 20 332—334
919 1457 7 21 i
941 1456 118 28 förslaget.)
