1003 1681
193 117 32 15 398
397 114 70 23 Nädiga
479 115 137 21 Propositionen
628 115 34 16 N:o
676 115 15 15 8.

170 179 90 26 utvägar
278 178 7 21 i
303 178 36 28 lag
357 179 32 20 att
406 177 80 21 bereda
503 177 32 27 sig
553 176 93 22 ätkomst
663 176 25 22 af
702 176 57 22 hvad
777 176 48 22 dem
839 176 78 22 tillhör.

170 212 43 21 För
232 212 47 21 dem
298 213 24 20 är
340 210 82 22 säledes
443 211 128 28 stadgandet
593 218 34 14 om
649 210 147 28 afvittringens
817 210 102 22 verkstäl-

170 246 63 21 lande
248 245 141 28 före*vigseln
403 245 24 21 af
439 246 64 27 ingen
517 245 92 28 egentlig
623 244 114 28 betydelse,
756 251 49 15 men
823 244 36 22 det
877 244 42 22 kan

170 280 34 21 för
220 280 48 21 dem
282 286 46 15 som
343 281 53 19 ärna
410 280 63 21 träda
491 280 8 20 i
516 279 52 28 gifte
585 279 97 21 medtöra
699 278 89 28 mycken
807 278 113 28 olägenhet

171 314 40 21 och
226 314 144 26 förnärmelse,
389 314 8 20 i
415 314 101 21 händelse
533 320 26 15 en
578 313 95 27 arfvinge
688 312 24 22 af
724 312 67 28 begär
805 314 32 20 att
852 312 68 22 skada

171 348 59 21 öfver
248 348 136 28 afvittringen
402 348 59 21 utför
478 348 90 21 klander
583 348 51 21 eller
649 347 71 21 dertill
734 348 77 27 vägrar
826 347 94 27 godkän-

170 383 76 21 nande.
276 383 104 21 Deremot
394 382 96 28 päkallas
505 382 170 28 lagstiftningens
690 381 148 22 mellankomst
848 381 35 22 för
894 381 26 22 de

171 417 44 27 fall,
234 416 28 22 dä
280 417 114 28 omyndiga
410 417 54 21 barn
482 416 67 23 finnas
569 416 53 22 efter
640 416 40 22 den
698 416 78 22 aflidne
793 416 83 26 maken,
891 415 30 28 pä

172 451 35 22 det
225 452 62 22 deras
305 453 44 20 rätt
367 451 35 21 mä
423 452 66 21 blifva
510 451 152 27 erforderligen
684 450 102 29 skyddad.
815 450 11 22 I
844 450 77 22 sådant

171 486 121 22 hänseende
313 486 43 21 kan
376 486 65 21 likväl
463 486 18 27 ej
504 492 71 15 annan
597 484 76 29 ätgärd
690 492 52 15 vara
760 485 64 27 nödig
843 486 27 20 än
889 486 32 20 att

171 521 100 27 trygghet
284 521 74 21 vinnes
373 520 73 21 derom
461 522 32 19 att
507 520 26 21 de
548 520 112 28 omyndige
674 519 18 28 ej
712 520 68 21 sakna
793 520 50 27 laga
857 518 64 23 mäls-

171 562 57 18 man,
247 562 46 14 som
311 554 68 22 under
397 554 94 28 antydda
509 554 133 22 förhällande
660 556 38 26 gör
714 554 62 22 deras
790 554 79 28 lagliga
884 562 37 13 an-

172 588 65 28 spräk
252 589 104 28 gällande.
379 589 67 21 Deras
461 589 59 21 talan
534 589 42 21 kan
591 589 7 21 i
612 588 74 28 hvarje
701 588 38 22 fall
754 589 75 21 endast
844 596 77 20 genom

172 622 67 23 sädan
253 624 66 21 blifva
333 623 55 21 förd.
416 623 65 21 Detta
496 630 61 22 synes
572 623 115 28 lämpligen
702 623 72 21 kunna
790 622 61 22 ernäs
866 623 55 21 deri-

172 665 76 20 genom
266 660 33 20 att
318 658 40 21 den
375 659 64 26 prest,
459 665 46 14 som.
522 657 34 22 för
575 658 84 27 enkling
678 658 51 21 eller
748 658 53 21 enka
822 657 99 22 utfärdar

172 692 90 28 lysning,
284 692 137 22 underrättar
442 692 159 23 vederbörande
623 692 97 26 domstol,
742 692 121 22 hvarunder
884 692 37 21 be-

172 727 146 22 mäldesmake
333 727 8 21 i
356 727 98 21 afseende
468 726 14 22 &
499 727 146 28 förmyndares
663 727 177 21 tillförordnande
853 726 68 28 lyder,

173 768 35 14 om
226 762 36 21 det
279 762 108 21 tilltänkta
405 762 144 27 äktenskapet,
567 760 67 23 hvarä
656 762 118 21 domstolen
796 768 50 21 eger
867 761 55 22 vaka

174 796 96 22 deröfver
288 798 32 20 att
337 796 89 28 behörig
444 796 136 28 förmyndare
598 796 34 21 för
650 796 26 21 de
698 796 118 28 omyndige,
838 796 83 22 hvilkas

173 832 44 20 rätt
232 832 24 19 är
270 831 8 21 i
292 830 68 28 fråga,
375 831 77 21 varder
465 830 83 22 utsedd.
579 826 155 32 Äktenskapets
745 830 121 21 fullbordan
877 831 45 20 mö-

173 866 33 20 ter
224 864 65 24 häraf
304 865 46 21 icke
369 865 81 25 hinder,
471 865 39 21 och
531 864 91 22 barnens
642 866 44 20 rätt
704 864 76 22 blifver
798 865 124 27 härigenom

173 899 96 27 skyddad
287 899 48 21 med
352 899 44 21 lika
414 899 99 21 säkerhet
535 906 45 14 som
599 899 65 27 enligt
682 906 29 14 nu
730 899 98 27 gällande
849 898 74 28 påbud

174 940 34 14 om
222 935 96 25 prestens
338 933 119 27 skyldighet
475 935 32 19 att
524 933 45 21 före
587 933 79 28 vigseln
684 933 56 21 tillse
759 933 35 21 det
813 933 110 28 afvittring

173 968 116 28 behörigen
304 967 119 29 försiggått,
438 968 84 21 hvilken
537 968 71 28 tillsyn
624 968 44 26 ock,
682 968 65 28 enligt
758 968 55 22 hvad
828 968 94 22 erfaren-

173 1002 63 21 heten
250 1002 60 26 visat,
326 1002 97 21 hitintills
442 1002 87 22 hänfört
546 1003 32 27 sig
596 1002 54 21 blott
669 1002 32 22 till
720 1002 145 28 afvittringens
880 1002 43 22 for-

173 1036 64 21 mella
251 1036 152 26 beskaffenhet,
419 1036 84 22 livadan
519 1036 39 22 den
577 1037 7 21 i
602 1036 74 28 sjelfva
694 1037 73 21 verket
785 1037 54 21 varit
857 1038 64 20 rätts-

173 1069 79 22 vården
270 1070 33 21 till
322 1070 62 28 ringa
405 1078 62 20 gagn.
497 1071 129 27 Härigenom
645 1071 67 21 skulle
730 1070 81 23 således
829 1072 92 26 prester-

174 1104 74 27 skapet
266 1104 79 21 befrias
363 1104 47 21 från
430 1105 40 21 den
492 1104 33 22 för
544 1105 47 21 dem
613 1105 115 27 olämpliga
749 1105 119 27 befattning
891 1106 32 20 att

173 1138 73 21 utöfva
260 1140 31 19 ett
305 1138 262 28 kontrollerande
479 1134 10 36 '
495 1138 72 28 bestyr
584 1139 8 20 i
610 1146 26 14 en
654 1139 44 25 sak,
718 1146 45 14 som
781 1139 68 27 ligger
863 1140 60 20 utom

175 1172 61 20 deras
251 1172 107 27 egentliga
372 1172 177 28 verkningskrets,
565 1175 55 19 samt
638 1173 40 21 den
697 1172 92 28 omgång
806 1173 49 21 med
873 1173 49 21 bor-

174 1212 50 20 gens
240 1206 110 25 ställande,
366 1206 87 21 hvarom
468 1207 7 20 i
490 1208 12 19 2
518 1208 11 26 $
545 1206 24 22 af
581 1207 93 21 nämnda
688 1207 81 27 kapitel
780 1207 86 27 stadgas
881 1207 41 21 och

173 1238 84 22 hvilken
272 1239 7 20 i
294 1238 77 28 många
386 1239 37 21 fall
438 1240 42 23 kan
494 1247 52 14 vara
561 1240 92 21 särdeles
672 1240 141 28 betungande,
829 1240 92 21 förfalla.

241 1272 49 22 Med
305 1272 114 28 anledning
433 1273 64 22 häraf
509 1274 40 20 har
564 1274 58 20 Hans
638 1274 118 28 Kejserliga
775 1274 100 28 Majestät
889 1281 33 14 ve-

168 1307 36 21 Jat
218 1307 33 21 till
270 1306 130 23 Ständernas
419 1308 128 28 behandling
565 1308 8 21 i
592 1308 92 28 enlighet
702 1308 49 22 med
766 1310 26 20 42
807 1309 12 27 &
834 1309 8 21 i
855 1308 68 28 Rege-

173 1341 142 28 ringsformen
330 1342 25 22 af
364 1342 40 22 den
419 1344 25 20 21
457 1343 90 28 Augusti
559 1344 54 20 1772
625 1342 129 23 öfverlemna
765 1342 158 23 nedanstäende

174 1376 7 21 i
197 1376 216 23 Ofverensstämmelse
427 1378 49 21 med
491 1377 153 22 ofvanantörda
655 1376 79 30 äsigter
744 1378 122 28 uppgjorda
880 1378 43 21 för-

175 1410 45 29 slag
242 1411 32 21 till
296 1411 124 29 förordning
438 1411 109 29 angäende
565 1412 149 28 upphäfvande
733 1412 24 22 af
774 1414 9 20 1
804 1413 40 21 och
867 1414 11 20 2
898 1413 24 28 88
