1000 1692
210 111 9 15 w

416 108 71 22 Näädiga
498 108 135 22 Propositionen
645 108 34 16 N:o
691 108 16 15 4.

255 178 142 15 assessorerne
412 172 9 20 i
439 170 140 28 domkapitlet
597 171 35 21 till
647 170 92 21 enskildt
748 170 84 28 förhör
846 170 10 20 i
865 169 69 29 prak-

255 206 42 21 tisk
313 204 151 30 bibelkunskap
480 206 109 28 äfvensom
605 206 10 20 i
632 205 41 21 den
683 204 118 28 praktiska
816 204 118 28 theologins

255 240 105 22 särskilta
374 240 67 26 delar,
451 239 160 30 företrädesvis
625 240 10 20 i
650 240 65 20 läran
733 246 33 14 om
785 239 40 21 den
844 238 91 22 enskilta

255 275 139 30 själavärden
415 278 55 17 samt
491 275 10 20 i
522 274 234 29 kyrkolagfarenheten,
777 274 91 21 hvarvid
887 275 47 20 sär-

255 310 66 21 skildt
336 309 95 30 afseende
447 309 39 21 bör
495 309 75 28 fästas
586 309 13 20 ä
617 309 53 21 hans
682 309 108 28 förmåga
808 312 33 17 att
855 310 9 19 i
877 309 57 28 utöf-

253 346 81 27 ningen
353 344 24 29 af
388 343 150 29 prestembetet
556 343 100 21 använda
675 343 55 21 hvad
749 343 42 21 han
809 343 20 29 ej
849 343 85 21 mindre

254 387 75 21 genom
351 386 51 21 egen
424 379 122 28 erfarenhet
569 379 28 20 än
618 385 75 21 genom
719 378 81 21 studier
822 378 111 21 inhemtat.

254 413 160 28 Fördelningen
433 414 24 29 aj
473 414 196 20 exmamens-ämnena
691 412 114 22 verkställe
827 413 108 21 emamina-

255 452 85 17 torerne
362 449 33 27 sig
418 449 89 20 emellan
529 448 54 28 efter
603 447 213 29 öfverenskommelse.
859 447 73 26 Finnes,

254 483 37 21 vid
306 483 119 21 sedermera
441 482 95 21 anstäldt
551 483 132 25 scrutinium,
700 485 33 17 att
752 481 107 22 sökanden
876 482 58 20 visat

247 517 91 29 fullgod
353 516 128 29 skicklighet
495 518 9 19 i
519 517 40 20 allt
574 516 55 21 hvad
644 523 25 14 en
684 516 89 29 kristlig
785 517 148 28 församlings

255 553 73 20 lärare
344 551 143 28 ovilkorligen
505 551 91 28 åligger,
611 551 112 28 uppkallas
743 551 43 20 han
805 551 34 21 till
858 551 75 28 offent-

254 587 41 28 ligt
307 586 90 29 förhör,
417 585 79 22 hvilket
507 586 114 29 förrättas
639 586 9 20 i
666 585 150 29 domkapitlets
834 586 116 21 sessions-
941 581 12 38 -

253 628 48 14 rum
315 621 61 29 inför
392 622 71 27 öppna
478 621 81 21 dörrar
575 621 26 28 af
613 627 80 14 samma
708 621 164 25 examinatorer,
888 628 45 13 som

252 655 114 22 verkställt
381 656 24 21 de
415 655 133 29 föregående
563 656 124 25 tentamina,
700 655 25 28 af
734 654 73 22 hvilka
819 655 34 21 det
867 656 65 27 utgör

253 697 24 14 en
286 691 157 27 fortsättning,
460 690 38 21 och
513 690 91 21 hvarvid
619 690 153 21 examinanden
782 689 98 30 framför
892 690 41 21 allt

253 725 39 20 bör
308 725 78 21 lemnas
403 725 87 28 tillfälle
506 728 33 17 att
553 725 144 28 ådagalägga,
713 724 56 21 huru
788 724 144 21 hemmastadd

253 759 43 21 han
315 761 26 19 är
359 760 9 19 i
386 758 59 22 Guds
464 759 71 28 heliga
554 759 45 26 ord,
619 759 108 28 äfvensom
748 759 55 20 huru
825 759 43 20 han
890 759 42 20 kan

253 794 117 21 detsamma
378 793 108 30 förklara
501 793 38 21 och
554 794 37 21 vid
609 793 323 29 kristendomsundervisningen

253 829 105 28 tillämpa.

320 863 54 29 (Allt
388 863 36 21 det
438 864 69 32 öfriga
521 864 44 21 lika
578 864 48 21 med
641 864 11 28 $
669 864 40 21 164
724 863 7 21 i
745 863 118 28 förslaget.)

513 925 26 28 $$
555 923 115 22 164—168.

368 968 61 29 (Lika
444 968 48 22 med
507 968 24 28 $$
549 969 109 20 165—169
674 968 8 21 i
696 968 118 29 förslaget.)

553 1030 13 27 $
580 1027 50 23 169.

307 1071 80 22 Finnes
402 1072 107 21 sökanden
523 1072 46 20 icke
585 1072 97 28 behörig,
698 1072 69 21 såsom
777 1073 10 20 i
797 1073 25 27 $$
834 1072 43 21 160
892 1073 39 20 och

249 1106 42 21 165
305 1106 64 29 sagdt
383 1108 33 24 är,
432 1107 52 20 eller
498 1110 105 24 upptager
623 1106 51 21 hans
693 1106 120 29 ansökning
832 1107 99 21 vilkorli-

250 1148 41 21 gen
300 1141 54 27 flere
370 1141 129 27 lägenheter,
517 1148 45 13 som
581 1140 67 28 ledige
668 1142 47 26 äro,
731 1141 66 21 varde
816 1142 114 21 ansöknin-

249 1182 42 22 gen
304 1179 54 17 utan
372 1175 95 29 afseende
484 1174 88 22 lemnad.

509 1236 26 26 $$
551 1234 116 21 170—181.

366 1276 62 29 (Lika
441 1277 48 20 med
504 1277 24 27 $$
545 1278 110 20 171—182
670 1278 8 20 i
693 1277 118 29 förslaget.)

550 1332 13 28 $
577 1329 48 22 182.

305 1374 66 28 (Lika
391 1374 49 22 med
462 1375 11 27 &
497 1376 38 19 183
559 1375 9 20 i
588 1374 112 28 förslaget,
721 1376 49 20 med
791 1376 139 28 iakttagande

247 1408 64 23 deraf
323 1410 32 20 att
370 1408 40 23 den
425 1409 93 22 citerade
532 1409 34 28 $:n
579 1410 47 26 180,
641 1409 33 22 till
688 1409 53 29 följd
757 1410 24 22 af
793 1411 82 22 ändrad
890 1419 38 20 pa-

247 1443 177 28 ragrafnummer,
439 1443 40 22 bör
493 1450 52 15 vara
559 1445 11 26 $
587 1444 56 29 179.)
