1006 1684
338 114 71 23 Nådiga
420 116 136 21 Propositionen
567 115 34 17 N:o
615 116 16 15 9.
801 114 33 16 427

265 192 2 2 +
296 185 59 30 Lag-
370 187 37 20 och
420 186 217 21 Ekonomi-utskottets
648 186 131 20 betänkande
789 187 37 19 N:o
837 187 20 25 4,

246 220 10 20 i
275 214 117 34 anledning
415 221 25 28 af
459 220 62 21 Hans
540 210 128 43 Kejserliga
686 218 114 30 Majestäts
819 220 39 21 nå-

246 254 52 28 diga
308 256 145 26 proposition
463 256 35 20 till
513 253 131 28 Ständerna,
656 255 109 28 angående
776 258 81 17 vatten-

248 288 114 28 ledningar
379 289 38 20 och
431 288 130 22 vattenverk.

177 339 76 21 Denna
274 338 84 29 Nådiga
379 340 132 27 proposition
529 339 64 22 hafva
611 340 98 27 samtlige
727 338 104 28 Stånden,
849 340 8 20 i

110 373 99 29 afseende
228 372 13 22 &
258 374 164 28 handläggning,
441 374 118 21 remitterat
573 374 33 22 till
620 374 54 28 Lag-
690 374 40 21 och
744 374 113 21 Ekonomi-

110 408 111 26 utskottet;
244 408 116 27 hvarjemto
381 408 104 22 utskottet
507 408 120 21 sedermera.
644 407 86 22 undfätt
747 408 34 21 del
799 408 58 21 såväl

110 442 24 21 af
151 442 41 26 det,
211 442 48 21 utaf
275 449 26 14 en
319 443 100 20 särskildt
436 442 85 21 nedsatt
539 442 78 21 komité
635 442 81 27 afgifna
730 442 80 27 förslag
826 442 31 21 till

109 477 133 26 proposition
260 477 8 20 i
286 478 78 25 ämnet,
383 484 45 14 som
447 476 24 21 af
487 479 30 19 ett
533 477 8 20 i
559 477 120 27 Kejserliga
697 477 102 20 Senatens
819 477 38 20 all-

110 512 79 20 männa
209 511 87 26 plenum
318 511 41 21 den
377 513 26 18 28
422 511 43 27 Maj
485 511 129 21 sistförlidne
633 510 24 22 år
675 511 59 21 fördt
751 511 106 27 protokoll

110 544 59 22 öfver
184 545 41 21 den
239 545 35 21 vid
288 545 99 22 ärendets
402 545 85 28 slutliga
497 545 118 28 beredning
626 545 109 22 derstädes
745 545 112 22 förefallna

111 580 137 27 omröstning.

178 692 11 21 I
204 692 105 22 anseende
322 691 33 22 till
369 691 104 23 bristerne
487 693 8 20 i
509 692 100 28 gällande
622 692 133 28 lagstiftning
766 699 34 14 om
811 694 45 20 vat-

111 727 147 27 tenledningar
277 727 39 21 och
334 727 128 26 vattenverk,
481 727 54 21 hade
550 727 59 21 Hans
624 727 119 28 Kejserliga
757 727 100 28 Majestät

110 762 8 21 i
133 769 26 14 en
173 762 35 21 vid
223 761 97 22 sednaste
331 761 102 28 landtdag
443 761 97 28 förelagd
550 761 133 28 proposition
693 761 34 22 till
737 761 120 22 Ständerna

111 796 7 21 i
136 795 72 22 Näder
226 796 137 21 öfverlemnat
381 797 31 19 att
431 795 98 22 samräda
548 803 35 14 om
601 796 26 21 de
641 795 106 28 ätgärder,
763 803 46 14 som
823 795 34 22 för

110 830 208 28 tillvägabringande
337 830 23 22 af
379 837 60 15 mera
460 830 113 28 tidsenliga
595 831 40 21 och
656 830 139 28 fullständiga
820 830 37 22 be-

111 864 131 29 stämningar
257 866 7 20 i
280 866 61 20 dessa
355 866 76 20 ämnen
445 872 50 14 vore
510 865 24 21 af
546 865 99 21 behofvet
655 864 118 28 påkallade,
786 864 71 22 äfven-

111 907 46 14 som
179 900 119 21 Ständerna
317 900 8 20 i
343 898 51 22 :derä
413 899 86 28 afgifvet
516 898 143 28 underdånigt
676 906 48 14 svar
742 899 46 21 icke
806 899 51 21 alle-

110 936 50 20 nast
173 936 67 26 yttrat
254 935 32 27 sig
302 942 34 14 om
348 934 25 21 de
383 934 90 21 ledande
485 934 143 28 grundsatser,
640 932 81 28 hvarpä
733 934 68 20 denna
811 934 46 27 lag-

111 969 96 27 stiftning
225 969 67 21 borde
306 968 87 28 byggas,
409 970 51 19 utan
476 968 45 26 ock,
537 967 27 22 då.
579 968 122 21 densamma
715 968 8 21 i
737 968 51 21 flere
803 968 54 21 afse-

112 1003 67 21 enden
201 1003 83 21 komme
303 1004 32 20 att
352 1003 85 27 ingripa
454 1003 7 20 i
477 1002 124 28 jordegares
619 1002 32 21 uti
669 1002 108 21 allmänna
794 1002 63 27 lagen

111 1038 110 27 grundade
239 1039 44 19 rätt
300 1038 55 20 samt
373 1037 56 27 förty
444 1036 34 22 för
493 1037 32 21 sin
540 1036 97 28 giltighet
651 1043 50 14 vore
715 1036 106 21 beroende
835 1036 25 21 af

112 1072 129 21 Ständernas
257 1071 160 27 godkännande,
432 1071 95 27 uttryckt
542 1071 40 20 den
597 1070 86 26 önskan,
695 1072 32 19 att
737 1070 59 21 Hans
807 1070 50 27 Kej-

108 1106 82 27 serliga
207 1105 100 27 Majestät
320 1105 8 21 i
342 1104 67 22 näder
423 1104 110 28 behagade
546 1104 36 21 vid
597 1104 70 21 denna
680 1104 108 28 landtdag,
803 1104 8 21 i
827 1104 30 21 af-

112 1140 77 22 seende
211 1139 13 22 &
249 1140 171 27 grundlagsenlig
441 1139 135 27 behandling,
603 1139 110 27 förelägga
738 1138 120 22 Ständerna

112 1174 80 27 förslag
209 1174 33 20 till
260 1174 79 20 allmän
357 1173 126 27 författning
499 1174 8 20 i
525 1174 91 20 berörde
634 1174 86 25 ämnen,
738 1173 8 20 i
765 1173 93 27 enlighet

111 1208 49 21 med
179 1208 25 21 de
222 1208 24 21 af
262 1208 119 21 Ständerna
399 1208 95 21 uttalade
512 1206 85 29 äsigter,
615 1207 34 21 för
663 1207 72 21 hvilka
749 1207 108 26 utskottet,

111 1242 33 22 till
162 1242 104 21 vinnande
284 1242 25 21 af
323 1243 99 20 närmare
437 1242 115 21 öfverblick
565 1242 8 20 i
588 1242 71 25 saken,
674 1243 70 20 ansett
759 1242 31 26 sig
805 1241 53 21 böra

112 1277 40 20 här
166 1277 8 20 i
188 1276 85 21 korthet
286 1275 111 28 redogöra.

180 1311 10 19 I
205 1311 89 19 främsta
308 1311 91 19 rummet
413 1310 55 20 hade
483 1310 119 20 Ständerna
615 1309 66 21 fästat
696 1309 32 21 sin
743 1309 114 26 uppmärk-

112 1344 84 21 samhet
213 1343 35 21 vid
266 1343 98 21 behofvet
379 1343 24 21 af
418 1343 79 27 nödiga
511 1343 158 21 bestämmelser
685 1351 34 13 om
735 1343 122 27 expropria-

112 1379 45 21 tion
179 1377 23 22 af
221 1377 126 28 vattendrag
368 1377 40 21 och
432 1377 24 21 af
471 1376 80 23 sådane
568 1377 132 26 vattenverk,
718 1384 46 14 som
781 1377 78 21 hindra

112 1413 69 28 nyttig
198 1411 130 29 sjöfällning,
343 1412 166 27 strömrensning
523 1411 52 22 eller
588 1411 199 28 kanalanläggning,
803 1413 55 20 samt

112 1447 111 29 tillstyrkt:
