1000 1689
302 93 72 26 Nådiga
384 95 136 23 Propositionen
531 96 34 17 N:o
577 96 16 17 4.
763 97 33 17 215

141 157 82 29 Frågar
236 165 51 15 man
300 159 84 22 derföre
399 159 41 22 den
455 157 94 24 enklaste
563 159 40 22 och
617 159 66 22 minst
696 160 123 22 utvecklade

73 191 92 23 medlem
182 193 8 21 i
203 191 52 24 våra
272 193 156 28 församlingar,
446 193 105 22 huruvida
569 194 36 21 det
622 195 24 20 är
664 195 45 20 rätt
726 196 32 19 att
775 194 44 21 för-

73 227 68 28 bjuda
154 227 58 27 ,den,
227 234 46 15 som
287 227 40 29 går
340 227 33 22 till
387 228 94 21 Herrans
495 228 105 26 nattvard,
615 229 33 20 att
660 235 53 15 vara
726 228 93 27 fadder",

74 259 25 24 så
113 261 54 22 skall
181 261 44 22 han
239 261 72 22 säkert
325 268 71 16 svara:
411 262 48 29 nej!
481 262 29 28 Ty
524 261 71 23 såsom
608 262 43 21 han
664 263 36 20 vet
713 263 41 21 och
768 263 51 21 kän-

74 302 45 19 ner,
139 297 32 20 att
188 296 43 21 han
248 295 69 23 blifvit
338 295 121 29 berättigad
480 298 31 19 att
532 303 52 15 vara
606 295 75 22 fadder
699 296 51 22 eller
768 296 51 28 dop-

73 329 73 28 vittne,
165 330 39 21 allt
221 330 66 22 sedan
305 331 44 21 han
365 330 144 28 berättigades
527 332 32 20 att
576 329 55 29 begå
651 330 95 22 Herrans
763 332 57 20 natt-

72 364 60 27 vard,
147 364 25 22 så
190 364 54 22 skall
261 365 44 22 han
323 363 64 24 också
403 365 72 22 känna
492 365 36 21 det
544 365 8 22 i
569 365 38 21 sitt
620 365 76 27 hjerta,
711 367 32 19 att
757 365 64 27 ingen

74 405 51 21 eger
138 400 45 20 rätt
197 400 32 20 att
243 398 120 22 frånkänna
376 399 79 22 honom
470 399 40 21 den
524 398 147 23 förstnämnda
685 399 136 27 rättigheten,

73 431 25 23 sä
116 433 63 28 länge
195 433 43 22 han
256 440 50 22 eger
324 433 40 22 den
382 433 137 22 sistnämnda.
552 433 70 22 Saken
640 434 24 20 är
683 432 64 23 också
763 433 8 21 i
789 433 32 28 sig

73 467 52 28 sjelf
136 468 82 28 ganska
232 468 67 22 enkel.
329 468 11 21 I
354 468 126 22 nattvarden
495 468 51 22 firar
560 467 151 29 församlingen
725 468 34 21 sin
768 468 53 28 hög-

74 503 34 21 sta
122 502 64 22 enhet
199 502 8 21 i
221 502 83 22 Herren
319 502 144 28 (communio),
479 502 38 22 der
533 502 110 28 uttrycker
656 503 33 27 sig
706 502 79 28 höjden
799 502 25 22 af

73 536 156 28 broderskapet
242 537 8 21 i
264 537 84 26 Kristo;
362 539 52 19 utan
428 544 27 14 en
469 536 107 28 rubbning
590 536 8 21 i
613 536 68 22 denna
695 537 77 27 högstå
786 544 35 14 en-

74 571 37 22 het
129 571 40 22 och
187 571 151 28 broderlighet,
356 572 25 20 är
396 571 35 22 det
449 571 18 27 ej
486 571 131 28 berättigadt
630 573 33 20 att
677 570 44 23 tala
736 578 35 14 om
784 570 37 22 nå-

74 612 42 22 gon
131 605 108 29 rubbning
253 606 8 21 i
275 606 60 27 lägre
350 606 39 22 och
403 605 148 22 inskränktare
565 604 154 23 törhållanden.

142 641 41 21 2:0.
211 640 112 28 Förslaget
341 640 40 22 har
398 640 8 21 i
425 640 46 21 sina
488 640 89 22 motiver
595 640 24 21 af
634 638 25 23 år
679 640 54 21 1863
752 640 69 28 yrkat,

74 676 34 21 att
121 674 82 29 kyrkan
216 674 48 22 icke
277 681 50 15 vore
341 674 122 28 berättigad
477 677 32 19 att
523 674 96 22 förmena
632 673 72 29 någon
717 674 34 21 sin
764 674 58 22 med-

74 710 44 22 lem
130 709 134 27 nattvarden,
280 709 51 22 eller
350 708 126 23 åtminstone
492 709 47 22 icke
557 708 41 22 den
615 708 96 26 medlem,
727 715 46 15 som
787 715 36 15 en-

74 743 58 29 gång
146 743 69 23 blifvit
229 744 33 22 till
276 744 127 22 nattvarden
417 743 133 23 admitterad.
579 742 50 23 Men
644 742 46 28 just
703 742 48 22 häri
765 742 58 28 röjer

75 778 109 28 förslaget,
199 779 56 21 huru
273 778 48 22 litet
339 779 36 21 det
392 777 45 23 står
455 778 28 28 på
501 778 225 28 evangelisk-luthersk
739 777 84 29 kyrklig

75 813 76 28 grund.
174 813 67 22 Alltid
255 813 40 21 har
309 812 38 23 vår
362 813 67 29 kyrka
443 813 65 21 fattat
521 811 143 23 förhållandet
679 812 90 22 emellan
780 812 42 27 dop

76 848 40 22 och
131 848 99 22 nattvard
245 846 30 28 så,
291 850 32 20 att
338 848 42 22 hon
395 848 33 22 till
443 848 74 28 dopets
532 847 130 29 delaktighet
679 846 100 29 upptagit
792 846 31 22 äf-

75 890 41 15 ven
130 882 61 27 barn,
207 882 71 23 hvilka
293 883 57 21 ännu
364 882 46 22 icke
424 882 72 22 kunna
513 882 98 22 bekänna
626 882 32 21 sin
672 883 41 25 tro,
727 888 50 14 men
791 880 33 22 till

74 917 139 21 nattvardens
226 916 56 22 blott
297 917 41 21 den
356 924 46 14 som
418 916 43 22 kan
479 917 40 21 och
533 916 37 22 vill
587 916 104 22 bekänna.
719 916 50 21 Hon
783 916 41 21 har

75 950 90 23 sålunda
180 951 75 22 erkänt
269 950 56 23 både
340 953 30 20 ett
384 957 89 22 svagare
487 951 40 22 och
542 952 31 21 ett
587 951 103 26 starkare,
701 951 31 21 ett
741 949 83 22 mindre

76 986 40 22 och
133 993 60 14 mera
210 985 123 23 utveckladt
350 985 143 28 medlemskap
511 985 24 22 af
553 985 83 29 kyrkan
654 985 40 22 och
712 984 59 23 ställt
788 984 36 21 be-

74 1020 117 22 kännelsen
205 1019 70 22 såsom
289 1020 152 28 skiljegränsen
457 1019 89 22 emellan
556 1019 111 22 hvardera.
697 1019 46 22 Och
754 1018 71 22 såsom

75 1054 44 22 hon
137 1061 76 22 genom
229 1054 72 22 skrift-
315 1054 53 21 eller
385 1054 288 27 bekännelse-undervisning
686 1053 8 22 i
709 1053 116 22 allmänhet

76 1089 50 21 sökt
140 1089 79 22 bereda
234 1088 54 27 dem,
303 1095 47 15 som
368 1088 47 22 icke
429 1089 73 21 kunna
515 1088 104 26 bekänna,
634 1087 89 22 emedan
739 1087 26 22 de
778 1086 47 23 icke

76 1123 71 22 känna
165 1123 54 28 synd
237 1123 40 22 och
294 1121 44 23 nåd
355 1123 8 20 i
381 1123 121 26 allmänhet,
521 1121 24 24 så
562 1123 41 21 har
623 1123 43 21 hon
689 1122 40 22 ock
749 1128 76 21 genom

76 1157 93 22 särskild
184 1157 212 28 skriftundervisning
411 1157 48 22 sökt
472 1157 80 22 bereda
567 1157 54 26 dem,
636 1163 45 16 som
695 1156 34 23 väl
747 1156 77 26 känna,

76 1199 49 14 men
139 1191 48 22 icke
200 1191 51 28 vilja
269 1191 99 22 bekänna
382 1192 33 21 sin
429 1191 104 22 särskilda
549 1191 53 28 synd
617 1191 39 22 och
671 1191 36 22 sitt
721 1189 105 23 särskilda

76 1226 67 22 behof
151 1226 25 21 af
184 1225 49 22 nåd.
255 1226 51 21 Men
319 1227 53 20 utan
385 1226 129 21 bekännelse
527 1226 41 21 har
581 1226 44 21 hon
639 1225 70 28 aldrig
723 1225 33 21 till
769 1226 56 20 natt-

78 1260 91 23 vardens
184 1260 130 28 delaktighet
328 1261 99 27 upptagit
437 1259 71 29 någon
519 1260 24 22 af
551 1260 47 21 sina
608 1260 144 25 medlemmar,
763 1259 62 21 hvar-

76 1294 43 22 ken
133 1295 49 21 dem
197 1301 45 15 som
255 1295 47 21 icke
320 1295 72 21 kunna
409 1294 52 22 eller
475 1294 48 23 dem
537 1301 46 15 som
597 1294 46 21 icke
656 1293 51 28 vilja
721 1293 104 21 bekänna.

78 1328 31 27 Ty
129 1327 188 28 medlemsskapets
339 1328 137 27 fullgiltighet
497 1327 114 22 förmedlas
628 1328 58 20 inom
703 1325 38 22 vår
758 1326 69 27 kyrka

78 1361 47 22 icke
147 1361 90 22 allenast
258 1361 24 22 af
301 1360 134 22 nådemedlet
455 1363 53 20 utan
529 1361 40 21 ock
587 1367 75 20 genom
678 1359 148 26 bekännelsen,

79 1394 72 24 såsom
168 1397 59 20 trons
245 1395 92 29 uttryck.
365 1395 91 22 Derföre
472 1395 45 28 just
531 1396 88 20 stannar
633 1393 38 23 vår
684 1393 68 29 kyrka
765 1394 62 21 hvar-

80 1430 42 22 ken
137 1430 8 22 i
161 1429 40 23 den
215 1430 114 22 katholska
342 1430 92 29 kyrkans
451 1429 69 22 blotta
536 1429 145 28 utvändighet,
699 1427 50 23 eller
764 1428 8 21 i
787 1427 40 22 den
