1700 1842
666 182 71 23 Nådiga
748 183 135 22 Propositionen
894 184 35 16 N:o
941 184 16 16 4.
1130 184 32 16 183

504 246 11 28 8
531 246 47 20 285.
608 246 96 22 Emedan
721 245 104 28 tjensteed
843 246 140 22 härförinnan
1001 246 46 21 icke
1068 245 116 22 affordrats

434 279 106 27 klockare,
556 280 103 28 orgelnist
673 280 40 21 och
728 280 83 27 kantor,
826 282 56 20 samt
896 280 46 22 skäl
960 280 47 22 icke
1025 280 113 22 förefinnes
1153 281 33 20 att

434 314 42 21 öka
498 314 81 22 antalet
600 314 25 22 af
645 314 71 28 dylika
738 315 55 25 eder,
812 322 63 14 anser
892 315 104 21 utskottet
1013 315 32 27 sig
1066 315 54 21 böra
1142 314 42 22 till-

434 348 79 28 styrka,
530 352 32 17 att
578 348 47 22 hela
640 349 69 21 denna
724 349 12 27 $
750 350 107 20 uteslutes.

498 387 15 31 8
529 392 48 20 303.
607 391 10 21 I
633 391 68 21 denna
716 391 11 28 8
742 392 78 21 saknas
834 392 93 27 behöflig
941 391 108 27 föreskrift
1065 391 73 21 derom
1152 394 32 19 att

433 425 145 28 domkapitlet,
597 433 46 14 som
661 426 40 21 har
718 426 77 28 högsta
811 426 110 21 inseendet
939 425 58 22 öfver
1013 425 109 29 kyrkorna
1144 426 39 22 och

432 460 62 21 deras
513 460 109 27 egendom,
641 460 40 22 bör
700 460 81 22 erhålla
799 460 154 23 underrättelse
972 468 35 14 om
1028 460 112 22 resultatet
1161 461 25 21 af

432 494 116 22 verkställd
562 495 139 27 inventering.
729 494 110 22 Utskottet
857 494 90 22 föreslår
966 494 84 22 derföre
1068 497 32 19 att
1117 495 8 22 i
1140 488 42 28 slu-

431 530 32 20 tet
478 529 24 21 af
514 530 34 27 $:n
563 528 66 22 måtte
643 530 84 27 intagas
742 529 95 28 följande
851 530 84 27 tillägg:

625 572 34 30 Af
674 573 311 28 inventeringskandlingarna
1001 572 55 23 skall
1071 576 30 18 ett
1116 580 67 14 exem-

563 608 54 28 plar
633 608 36 20 till
683 607 140 29 domkapitlet
837 608 112 20 insändas.

498 652 12 26 $
526 652 47 20 317.
599 650 11 22 I
624 651 195 27 begynnelseorden
833 650 24 22 af
870 650 67 22 andra
951 652 124 20 momentet:
1092 651 89 25 ,önskar

430 685 122 27 berättigad
565 684 92 22 medlem
672 685 24 21 af
708 685 168 28 församlingen",
893 692 62 14 anser
970 685 103 21 utskottet
1085 685 40 21 den
1136 686 44 20 rät-

428 720 54 21 telse
500 720 57 22 böra
578 720 43 26 ske,
645 721 32 20 att
699 720 35 21 det
756 719 37 22 der
815 720 70 21 heter:
909 719 80 22 önskar
1007 720 173 28 röstberättigad

428 755 89 22 medlem
532 754 26 28 af
564 755 162 28 församlingen
741 761 18 14 0.
775 762 16 13 s.
807 762 19 13 v.

496 798 12 26 $
525 798 47 20 329.
602 797 11 21 I
632 797 69 21 denna
719 798 11 27 &
749 797 94 28 stadgas,
858 798 32 20 att
909 797 46 26 den,
971 804 45 14 som
1030 796 103 23 besvärar
1147 798 33 27 sig

428 831 58 22 öfver
508 832 169 28 kyrkostämmas
698 831 75 27 beslut,
793 831 54 21 skall
865 830 77 29 åligga,
965 831 65 22 bland
1052 833 71 24 annat,
1148 833 32 19 att

427 866 87 22 sednast
532 865 13 22 å
563 866 114 21 trettionde
693 866 69 28 dagen
777 866 53 21 efter
845 866 46 26 den,
907 865 14 22 å
934 866 85 21 hvilken
1033 865 146 22 besvärstiden

426 900 80 28 utgick,
520 900 33 21 till
569 900 183 28 kyrkostämmans
768 900 129 21 ordförande
914 900 80 28 ingifva
1007 900 100 28 behörigt
1120 900 59 21 bevis

426 934 98 22 deröfver
538 936 33 20 att
584 935 44 21 han
643 935 46 20 sina
707 935 76 21 besvär
799 934 103 22 inlemnat
920 933 13 22 &
952 936 34 20 ort
1004 942 45 14 som
1067 934 110 27 vederhör,

426 969 36 22 vid
480 969 97 28 äfventyr
595 971 32 19 att
645 969 92 21 beslutet
755 976 78 14 annars
853 968 38 29 gär
910 969 7 21 i
935 969 167 28 verkställighet.
1135 970 43 21 An-

426 1003 82 29 gående
526 1003 153 28 behörigheten
693 1003 25 22 af
729 1011 26 14 en
771 1003 57 28 dylik
843 1003 114 27 föreskrift,
973 1011 45 14 som
1032 1004 75 21 hittills
1121 1004 57 21 varit

424 1039 113 27 tillämpad
556 1038 76 22 endast
649 1039 8 20 i
675 1037 62 29 fråga
755 1045 34 15 om
807 1038 76 22 besvär
901 1038 59 21 öfver
975 1038 154 28 domkapitlens
1145 1038 31 22 åt-

425 1073 85 28 gärder,
528 1073 65 22 hafva
610 1073 140 28 meningarna
768 1073 58 21 inom
845 1073 104 22 utskottet
971 1073 54 21 varit
1047 1073 82 22 delade.

425 1115 40 14 ena
484 1108 61 21 sidan
562 1108 41 21 har
621 1108 108 20 anmärkts
745 1109 32 19 att
792 1115 75 20 genom
882 1107 162 28 föreläggandet
1059 1107 24 21 af
1095 1106 36 23 två
1145 1107 31 22 fa-

423 1142 113 25 talietider,
554 1142 8 22 i
581 1141 72 22 stället
670 1141 34 22 för
723 1149 32 18 en,
775 1141 25 22 de
817 1142 149 21 rättsökandes
984 1143 44 20 rätt
1046 1141 129 28 obehörigen

424 1177 72 21 trädes
517 1176 34 21 för
573 1178 60 24 nära,
653 1175 27 22 då
701 1176 160 21 försummelsen
883 1178 32 19 att
937 1176 85 21 anmäla
1040 1183 34 14 om
1092 1176 82 27 besvär,

423 1212 71 21 hvilka
512 1211 8 21 i
537 1211 50 28 laga
605 1211 32 22 tid
651 1211 69 21 blifvit
735 1211 96 26 anförda,
847 1211 68 21 skulle
929 1211 97 21 medföra
1041 1218 81 14 samma
1136 1210 39 29 på-

422 1246 60 27 följd,
501 1253 46 14 som
565 1253 35 14 om
618 1245 145 22 besvärstiden
781 1245 69 22 blifvit
868 1246 111 21 försutten.
1008 1245 57 22 Från
1087 1247 88 30 motsatt

422 1280 48 22 sida
480 1281 40 21 har
531 1280 47 21 åter
589 1279 134 26 framhållits,
738 1281 103 20 hurusom
855 1279 234 29 kyrkostämmobeslut,
1102 1280 72 22 hvilka

423 1315 45 22 ofta
485 1322 43 20 nog
546 1314 113 28 påkallade
678 1315 113 27 skyndsam
811 1314 167 28 verkställighet,
997 1321 27 15 en
1045 1314 75 28 längre
1142 1315 32 20 tid

421 1350 71 21 kunde
510 1349 67 22 blifva
594 1349 111 26 beroende,
726 1348 28 22 då
772 1349 79 21 visshet
872 1349 111 26 saknades,
1004 1349 106 22 huruvida
1131 1349 42 21 till-

421 1384 76 22 tänkta
511 1384 76 21 besvär
602 1383 70 22 blifvit
686 1383 113 27 fullföljda.
821 1383 42 22 Vid
877 1384 8 20 i
900 1383 114 28 anledning
1028 1383 65 21 häraf
1106 1383 66 21 skedd

421 1417 133 26 omröstning
571 1416 65 21 hafva
653 1416 37 21 två
707 1416 68 21 Stånd
793 1418 85 19 stannat
895 1418 46 19 mot
958 1416 41 25 två,
1015 1417 7 20 i
1037 1417 36 20 det
1087 1417 85 20 Presta-

421 1450 96 22 ståndets
536 1451 40 20 och
594 1450 136 27 pluraliteten
749 1450 24 21 af
788 1449 168 22 Bondeståndets
972 1449 129 28 deputerade
1115 1449 57 22 velat

420 1485 108 23 bibehålla
550 1485 34 28 8:n
606 1485 139 25 oförändrad,
767 1491 49 15 men
837 1484 92 22 flertalet
950 1484 24 22 af
994 1484 25 21 de
1042 1484 129 28 deputerade

421 1519 48 23 från
487 1520 156 27 Ridderskapet
661 1519 40 22 och
715 1519 69 22 Adeln
802 1520 55 21 samt
874 1517 181 30 Borgareståndet
1077 1518 93 23 derifrån
