1700 1834
656 178 72 24 Nådiga
739 180 136 21 Propositionen
887 180 34 16 N:o
933 180 16 16 4.
1122 180 32 16 199

427 250 46 19 ran,
496 249 46 15 som
563 242 67 21 finnes
651 242 83 21 uttalad
752 242 7 20 i
778 242 41 22 den
836 242 71 22 äldsta
924 242 93 28 kyrkans
1035 244 33 20 tre
1087 242 90 22 hufvud-

426 276 103 28 symbola,
548 278 56 20 samt
622 276 54 22 efter
697 276 234 29 kyrkoreformationen
948 277 7 20 i
974 277 40 21 den
1033 276 144 22 oförändrade

427 311 156 28 augsburgiska
600 311 142 21 bekännelsen
761 312 40 20 och
820 311 69 27 öfriga
904 312 40 20 den
959 311 110 21 lutherska
1083 311 93 28 kyrkans

425 346 7 20 i
452 346 41 20 den
511 344 25 22 så
553 344 85 22 kallade
657 345 187 21 konkordieboken
860 347 111 25 upptagna
985 345 191 21 bekännelseskrif-

425 381 51 19 ter.*
505 378 47 22 Den
570 378 85 26 komité,
674 386 46 15 som
737 378 128 22 utarbetade
883 379 58 21 detta
959 379 87 27 förslag,
1065 379 111 27 utgjordes

426 414 24 21 af
466 413 83 21 landets
566 415 34 19 tre
618 413 108 27 biskopar,
744 413 147 27 Bergenheim,
907 413 79 21 Ottelin
1001 413 40 21 och
1056 413 119 26 Frosterus,

425 448 137 27 domprosten
584 447 95 26 Renvall,
701 449 113 26 prostarne
833 447 18 21 J.
871 448 23 20 F.
913 448 56 27 Berg
989 448 39 21 och
1049 448 125 27 Europus,

425 489 95 15 assessor
534 481 57 22 Dahl
606 482 40 21 och
660 482 49 27 mig,
729 481 113 28 förslagets
857 481 108 22 redaktör.
995 481 37 22 Uti
1046 481 65 28 nädig
1126 489 49 20 pro-

424 516 95 28 position
549 515 156 22 öfverlemnade
729 515 60 22 Hans
813 516 120 28 Kejserliga
958 515 101 28 Majestät
1083 516 93 21 nämnde

423 549 195 30 kyrkolagsförslag
632 550 33 21 till
680 550 100 21 Finlands
795 550 86 21 sednast
895 550 129 22 församlade
1040 550 91 21 Ständer
1142 550 34 21 för

424 587 32 20 att
470 585 95 22 inhemta
581 585 61 21 deras
657 584 99 28 yttrande
770 585 66 21 bland
851 586 66 20 annat
928 593 35 13 om
973 584 117 22 innehället
1105 585 23 21 af
1141 584 33 22 sä-

424 620 56 21 dana
496 620 44 21 deri
554 621 113 26 upptagna
681 618 72 28 frägor
772 619 24 21 af
813 619 88 28 djupare
919 619 40 22 och
977 626 59 15 mera
1055 619 119 28 genompri-

423 654 71 27 pande
508 653 115 28 betydelse,
639 653 109 28 angående
766 653 71 22 hvilka
855 661 26 14 en
900 653 47 22 från
966 653 209 28 kyrkolagskomiten

423 689 113 21 afvikande
558 687 55 28 åsigt
633 687 100 28 möjligen
752 687 71 22 kunde
842 689 52 26 göra
911 689 32 26 sig
961 688 104 27 gällande.
1095 689 79 26 Lagut-

424 723 84 26 skottet,
524 722 33 21 till
571 722 79 22 hvilket
665 722 88 21 ärendet
770 722 7 21 i
796 722 99 21 afseende
914 721 13 22 &
945 722 116 27 beredning
1079 723 46 20 blef
1141 729 33 14 re-

422 757 117 26 mitteradt,
557 758 83 27 upptog
662 757 65 21 bland
746 757 26 21 de
791 755 78 29 frågor,
889 757 58 21 öfver
966 757 71 21 hvilka
1056 757 118 22 detsamma

422 792 67 28 enligt
504 792 40 21 den
558 791 80 28 nådiga
652 791 159 28 propositionen
826 791 66 22 borde
909 793 58 26 yttra
985 791 38 28 sig,
1042 791 75 21 främst
1133 791 41 22 den

422 827 8 20 i
446 828 53 19 I:sta
514 827 46 27 &:en
579 826 24 21 af
619 825 102 28 förslaget
738 825 173 22 förekommande
929 824 76 28 frågan
1024 833 34 13 om
1077 826 36 21 det
1130 825 43 22 for-

422 861 65 21 mella
508 861 107 27 uttrycket
633 861 34 20 för
685 861 92 26 kyrkans
799 860 133 25 bekännelse,
953 861 39 20 och
1014 860 103 21 stannade
1139 862 33 19 ut-

422 895 79 22 skottet
517 895 8 21 i
544 895 35 21 det
597 895 71 21 beslut
686 896 31 20 att
735 895 88 21 förorda
841 893 163 29 ifrågavarande
1026 895 29 27 $:s
1078 895 95 27 godkän-

421 930 71 21 nande
511 930 24 21 af
550 929 83 21 landets
652 930 96 20 Ständer.
778 929 47 21 Den
844 929 52 21 ende
913 929 94 21 ledamot
1025 928 25 22 af
1062 929 110 26 utskottet,

421 971 47 15 som
482 964 135 22 reserverade
633 964 32 27 sig
683 965 44 19 mot
746 963 59 21 detta
821 963 76 26 beslut,
912 970 39 14 var
968 963 148 30 kyrkoherden
1130 963 42 21 Ro-

421 1006 97 20 sengren.
548 998 34 21 Då
596 998 150 28 lagutskottets
764 998 134 21 betänkande
913 997 110 27 föredrogs
1038 994 57 24 inför
1110 997 62 21 Stän-

422 1033 46 26 den,
491 1032 98 22 lemnade
611 1032 155 27 Ridderskapet
787 1032 40 21 och
846 1032 68 21 Adeln
936 1034 55 19 samt
1013 1030 159 23 Bondeståndet

421 1068 37 21 sitt
476 1067 54 21 fulla
548 1066 135 22 erkännande
701 1066 22 22 åt
741 1066 104 21 komiténs
862 1066 137 27 uppfattning
1021 1066 92 21 rörande
1136 1066 36 21 det

420 1102 98 21 formella
532 1101 107 27 uttrycket
653 1100 34 22 för
701 1100 92 28 kyrkans
808 1100 134 26 bekännelse,
959 1099 76 22 sådant
1046 1100 59 21 detta
1116 1100 56 22 före-

420 1136 67 21 finnes
509 1136 8 20 i
537 1135 114 28 förslagets
672 1136 53 20 1:sta
743 1135 18 27 8.
797 1133 181 29 Borgareståndet
997 1134 60 28 afgaf
1072 1134 35 21 väl
1124 1134 47 22 icke

420 1170 66 28 något
504 1169 101 23 särskildt
626 1168 111 22 utlåtande
755 1169 58 21 öfver
830 1168 164 28 ifrågavarande
1012 1169 18 27 &,
1049 1175 48 15 men
1115 1169 55 21 före-

420 1205 56 21 nade
494 1205 33 27 sig
545 1204 49 21 med
612 1204 26 21 de
655 1206 76 19 tvenne
749 1203 145 22 förstnämnde
917 1202 93 22 Stånden
1032 1203 32 21 uti
1086 1202 41 22 den
1149 1203 25 21 af

420 1240 48 21 dem
486 1238 96 22 uttalade
600 1238 87 26 önskan,
703 1240 32 19 att
753 1238 36 21 det
806 1244 42 21 nya
865 1237 217 28 kyrkolagsförslaget
1099 1238 8 20 i
1123 1238 47 21 dess

419 1274 78 25 helhet,
517 1272 77 22 sådant
611 1273 36 21 det
665 1272 68 22 blifvit
755 1272 24 22 af
797 1272 131 21 komiterade
949 1271 130 26 utarbetadt,
1102 1272 68 21 skulle

419 1308 35 21 vid
472 1308 143 27 nästföljande
632 1307 103 27 landtdag
754 1306 120 28 föreläggas
895 1306 84 21 landets
1001 1305 97 22 Ständer.
1127 1306 43 21 Vid

420 1342 146 22 diskussionen
585 1342 58 21 öfver
660 1340 159 28 Lagutskottets
838 1340 135 22 betänkande
987 1340 7 20 i
1009 1339 161 22 Prestaståndet

419 1376 104 22 stannade
538 1375 91 22 Ståndet
642 1375 55 22 först
713 1375 8 21 i
740 1375 35 21 det
793 1374 75 26 beslut,
887 1376 33 19 att
937 1374 75 22 endast
1030 1374 90 27 kapitlet
1134 1381 35 14 om

419 1410 124 27 kyrkomöte
557 1409 67 22 borde
639 1408 70 21 såsom
723 1408 117 27 lagförslag
851 1408 120 21 Ständerna
981 1408 34 20 vid
1026 1409 62 19 nästa
1099 1408 70 20 landt-

419 1444 43 27 dag
479 1444 127 27 föreläggas,
626 1443 40 21 och
683 1442 74 27 inbjöd
775 1441 89 22 Ständet
881 1441 26 22 de
929 1441 69 27 öfriga
1020 1440 94 22 Ständen
1137 1443 32 19 att

418 1479 76 21 törena
507 1479 33 26 sig
553 1478 8 21 i
577 1478 58 21 detta
650 1477 75 22 beslut.
747 1476 50 22 Men
813 1475 27 23 då
855 1476 61 22 dessa
930 1476 46 21 icke
991 1477 78 26 antogo
1084 1475 84 28 inbjud-

419 1514 85 28 ningen,
519 1515 53 20 utan
586 1512 105 22 vidblefvo
706 1512 37 21 sitt
757 1511 67 22 redan
839 1511 80 22 fattade
934 1510 76 27 beslut,
1021 1509 70 31 beslöt
1106 1509 62 23 Stån-
