998 1686
287 89 71 24 Nådiga
369 90 136 23 Propositionen
517 92 34 17 N:o
564 93 15 16 5.
749 93 33 17 343

129 154 11 28 $
156 155 20 20 6.
205 154 53 21 Lika
272 154 49 22 med
334 154 205 29 Kontraktsptosten
555 155 71 22 Siréns
640 156 136 22 reservation.

128 189 12 28 &
152 190 37 20 10.
218 188 125 23 Förenamde
360 190 44 28 mig
417 190 176 22 med-utskottets
607 190 69 28 öfrige
688 190 118 22 ledamöter

60 222 64 22 i:den
137 222 63 29 äsigt,
222 225 32 19 att
275 223 59 28 pfest
355 224 34 21 för
410 224 124 22 sockmebud
553 224 51 22 eller
625 224 114 28 sjukbesök
759 225 46 21 icke

59 256 68 22 borde
142 256 83 29 åtnjuta
239 258 123 27 ersättning,
381 260 52 19 utan
451 259 75 21 endast
543 258 67 28 skjuis
627 259 56 21 fram
701 259 40 21 och
759 257 46 23 åter

60 291 25 21 af
97 291 54 26 dem,
167 297 45 16 som
227 291 70 22 dertill
311 291 29 22 ha
353 291 96 28 tillgäng,
464 292 42 21 kan
517 292 39 28 jag
567 292 95 21 deremot
671 292 46 21 icke
728 292 77 21 under-

60 325 66 22 stöda.
140 325 113 22 utskottets
272 325 80 28 förslag
370 326 78 26 derom,
471 328 32 19 att
521 327 144 27 ersättningen
684 327 34 20 för
735 328 70 25 prests

60 359 112 28 tidspillan
189 360 39 21 och
246 360 76 21 besvär
340 360 34 21 vid
393 361 143 26 sockneresor,
554 361 8 20 i
581 360 98 22 afseende
697 360 13 22 &
727 361 77 21 förrät-

59 394 65 21 tande
139 394 23 21 af
174 394 79 27 vigslar
268 395 40 21 och
322 394 104 28 barndop,
445 395 66 22 borde
529 395 85 28 utbytas
630 397 55 19 emot
699 395 56 21 vissa
769 395 36 21 be-

60 429 84 21 stämda
157 429 109 28 utskylder
284 430 32 20 att
334 428 14 22 &
364 429 110 28 samtelige
487 428 215 29 betalningsskyldige
716 429 88 22 försam-

59 462 193 29 lingsmedlemmar
270 463 99 22 fördelas.
399 464 11 21 I
428 464 38 21 falt
484 464 65 28 sagde
571 464 80 27 förslag
672 464 83 21 komme
773 465 32 20 att

60 498 131 28 godkännas,
206 499 52 27 egde
272 498 74 28 hvarje
360 499 91 21 medlem
468 499 25 22 af
509 498 151 28 församlingen
673 499 132 28 berättigadt

58 532 94 28 anspråk
166 532 58 28 uppå
238 531 143 29 nyssnämnda
399 533 164 27 förrättningars
577 533 155 21 verkställande
746 533 8 20 i
768 533 37 21 sitt

59 569 48 25 eget
125 567 55 26 hem,
198 567 79 21 hvilket
295 566 93 27 anspråk
406 566 52 27 åter,
478 567 7 21 i
498 566 54 23 våra
565 567 131 21 vidsträckta
710 567 25 21 af
747 567 57 27 sjöar

59 601 156 28 genomskurna
232 601 117 28 kyrkogäll,
367 601 69 21 blefve
454 601 34 22 för
505 603 59 26 prest
582 601 96 28 omöjligt
695 603 38 24 att,
752 603 53 19 utan

58 635 146 22 försummelse
219 635 25 21 af
256 635 47 21 sina
316 635 70 28 öfriga
400 635 161 28 tjenstepligter,
580 635 98 28 fullgöra,
694 635 89 21 emedan
797 635 8 21 i

58 669 125 28 församling
200 669 49 22 med
268 669 75 22 endast
355 671 67 24 3,500
438 676 112 21 personers
565 669 122 28 folkmängd
702 669 81 28 årligen
797 670 8 21 i

33 704 125 27 medeltal
173 703 100 22 förefalla
286 703 149 29 (sjukbesöken
447 703 143 28 oberäknade)
604 704 39 20 160
654 703 101 28 barndop
765 703 39 22 och

59 740 28 20 40
102 739 13 21 &
130 740 26 19 50
171 738 85 28 vigslar.
285 737 12 22 I
312 739 54 20 1686
382 737 39 22 års
431 738 102 28 kyrkolag
546 738 50 27 kap.
613 738 56 27 3:dje
682 739 12 26 &
711 739 11 20 3
737 737 67 22 finnes

58 773 110 28 stadgadt:
185 773 45 26 ,det
245 773 71 27 heliga
330 772 65 28 dopet
409 771 54 23 skall
478 773 60 21 alltid
548 772 122 28 värdeligen
685 773 40 21 och
740 772 64 28 gude-

58 808 58 28 ligen:
128 807 102 22 förrättas
244 808 8 20 i
266 807 88 28 kyrkan,
369 809 40 20 när
423 808 46 21 icke
482 807 87 26 nödfall,
583 807 51 22 eller
644 807 68 21 andra
723 807 82 28 skäliga

59 843 88 21 orsaker:
168 843 46 25 äro,
234 848 46 15 som
301 842 74 21 ferdra
396 843 33 20 att
450 842 76 21 barnet
549 841 54 22 skall
625 842 66 26 döpas
713 842 90 20 hemma.

58 877 106 27 Döpelsen
178 876 36 22 må
228 877 46 26 ock,
293 875 26 23 så
331 876 49 22 vida
393 876 85 28 möjligt
491 878 30 24 är,
537 876 37 22 ske
588 875 30 28 på
631 875 71 28 någon
716 876 87 28 söndag,

58 911 104 28 helgedag
177 911 51 21 eller
242 911 141 21 bönestund.*.
407 911 42 21 Det
462 909 80 29 förslag
557 910 32 22 till
600 918 28 20 ny
638 910 108 28 kyrkolag,
759 918 45 14 som

59 945 85 28 åtföljer
158 945 59 22 Hans
232 945 119 28 Kejserliga
365 946 111 27 Majestäts.
491 946 75 21 härom
577 945 33 21 till
621 945 70 21 denna
701 945 103 28 landtdag

59 980 80 27 afgifna
157 979 79 28 nådiga
253 980 139 27 proposition,
410 980 40 21 har
468 980 40 21 ock
521 980 8 20 i
545 981 42 20 5:te
601 980 88 26 kapitlet
703 980 12 27 &
731 981 26 19 36
773 979 30 21 öf-

58 1014 116 22 verlemnat
190 1013 21 22 åt
225 1013 165 27 vederbörande,
411 1016 31 19 att
460 1014 51 21 med
523 1015 85 26 presten
624 1013 181 22 öfverenskomma

59 1056 35 15 om
115 1048 71 22 stället
208 1049 37 21 der
266 1049 96 27 barndop
381 1049 84 21 komme
482 1050 33 20 att
532 1048 107 21 förrättas.
669 1047 72 28 Vigsel
760 1047 44 22 stär

58 1083 130 22 härutinnan
202 1083 48 22 med
264 1083 97 27 barndop
376 1083 7 20 i
398 1083 86 28 analogt
498 1081 139 27 förhällande,
649 1095 28 3 —
688 1083 40 20 och
739 1082 65 28 enligt

59 1118 89 22 allmänt
169 1117 98 29 gällande
288 1118 37 20 sed
347 1117 63 21 hafva
432 1117 62 21 dessa
515 1117 154 27 förrättningar
686 1116 118 22 merendels

59 1151 113 29 försiggätt
189 1152 7 21 i
214 1152 88 28 kyrkan,
325 1152 119 25 sakristian,
466 1152 155 26 socknestugan
639 1151 51 21 eller
707 1152 96 26 prestens

58 1187 96 25 hemvist,
178 1186 36 22 der
235 1188 60 26 prest
316 1186 39 21 ock
376 1186 107 27 framgent
500 1186 40 21 bör
555 1185 151 27 församlingen
720 1185 7 21 i
742 1184 62 22 dessa

60 1221 113 21 afseenden
190 1223 52 19 utan
261 1220 71 28 någon
349 1220 109 28 betalning
476 1220 91 28 betjena.
596 1220 49 21 Men
667 1227 34 13 om
722 1219 82 21 merbe-

59 1256 70 25 rörde,
152 1254 46 23 äret
221 1262 34 15 om
276 1256 77 20 nästan
376 1254 98 28 dagligen
495 1254 140 22 förefallande
649 1254 154 27 förrättningar

58 1290 69 22 blefve
149 1288 29 29 pä
200 1290 40 21 den
261 1291 47 25 väg,
334 1289 144 21 betänkandet
498 1288 105 26 förordar,
629 1288 121 21 öfverförda
771 1287 33 21 till

59 1324 143 27 kyrkogällets
217 1323 87 27 spridda
318 1323 106 25 bostäder,
440 1322 24 21 sä
478 1323 114 20 hindrades
605 1322 120 27 derigenom
735 1323 68 25 prest-

60 1358 100 22 embetets
176 1357 116 27 tillbörliga
305 1356 135 27 förvaltning,
455 1356 107 21 äfvensom
573 1355 91 21 flertalet
679 1355 24 21 af
714 1354 89 22 försam-

59 1392 82 28 lingens
158 1392 138 21 medlemmar
315 1390 147 26 oförrättades,
480 1397 35 14 om
533 1390 26 21 de
573 1389 85 28 bragtes
673 1391 32 19 att
720 1396 82 21 gemen-

60 1429 55 20 samt
129 1426 105 28 godtgöra
247 1425 167 26 resekostnader,
430 1432 45 15 som
489 1424 94 22 enskilde
597 1431 106 20 personer,
723 1423 33 22 för
770 1423 33 22 sin
