1003 1681
303 106 72 23 Nådiga
387 108 137 21 Propositionen
535 107 35 18 N:o
582 108 16 16 9.
768 108 33 16 453

145 170 67 21 bredd
234 171 27 20 är
282 171 91 20 mindre.
408 170 47 21 För
476 174 93 18 vattnets
595 171 137 28 tillräckliga
754 172 70 27 aftopp

144 204 57 22 skall
219 205 37 21 ock
275 204 70 22 hållas
363 206 71 20 större
454 206 96 27 öppning
563 206 35 20 än
616 212 25 14 en
660 204 109 30 tredjedel,
785 205 39 22 der

144 239 79 21 sådant
238 239 102 28 behöfligt
349 239 76 27 finnes.

201 274 11 27 $
228 273 32 20 19.
280 274 20 27 (1
320 274 73 27 mom.)
426 272 93 23 Strand-
538 256 59 38 eller
612 274 210 28 vattenverksegare,

144 314 44 13 som
206 307 84 28 styrker
309 308 33 27 sig
361 315 55 12 vara
434 308 94 27 lagligen
551 307 124 28 berättigad
694 311 33 16 att
745 309 78 27 stänga

143 344 81 17 vattnet
232 341 137 21 annorlunda
377 343 28 18 än
418 341 112 29 ofvanföre
539 349 33 13 om
586 341 123 28 kungsädra
718 343 27 19 är
753 343 68 28 sagdt,

142 382 51 15 vare
211 376 37 21 vid
263 375 69 21 sådan
349 375 107 29 rättighet
475 375 119 22 bibehållen
612 376 68 21 under
699 376 26 21 de
744 376 77 27 vilkor,

143 416 44 15 som
201 411 9 19 i
225 410 78 21 sådant
319 410 95 28 afseende
424 409 127 30 fastställde
568 411 46 19 äro.

200 445 21 27 (2
236 444 73 28 mom.)
324 444 47 21 lika
381 445 49 20 med
444 445 165 26 propositionen.

200 479 24 27 $$
241 480 89 20 14—17.
360 479 30 21 Af
402 479 43 22 lika
459 478 94 22 innehåll
564 479 48 21 med
627 486 81 15 samma
719 479 24 28 $$
755 479 7 21 i
773 487 49 20 pro-

142 513 126 29 positionen,

200 548 12 28 $
226 547 32 21 18.
288 548 53 22 Alla
353 549 31 25 de,
400 556 44 14 som
455 549 37 21 vid
503 550 71 19 större
585 549 52 20 eller
647 549 85 21 mindre
744 550 78 20 ström-

141 591 55 18 mar,
213 583 79 21 bäckar
308 584 51 20 eller
375 584 41 20 åar.
432 583 64 29 hafva
508 590 57 21 egor,
577 583 52 21 eller
640 583 39 21 der
689 584 72 28 nyttja
766 583 55 27 fiske

142 618 52 21 eller
202 618 84 28 farled,
299 618 52 21 eller
366 617 36 21 ock
418 618 65 28 deraf
499 618 71 28 draga
585 624 71 14 annan
665 618 84 28 fördel,
762 617 60 22 skola

141 659 55 14 vara
206 652 95 28 pligtige
318 655 37 23 att,
373 659 33 13 om
421 652 78 21 sädant
513 652 77 28 nödigt
602 653 33 25 är,
651 652 87 28 ärligen
751 652 69 21 under

142 687 47 27 lågt
203 686 137 21 vattenstånd
349 686 59 28 från
418 686 120 29 vindfällen
550 687 51 20 eller
617 686 70 21 andra
703 687 117 29 tillfälliga

142 721 76 21 hinder
234 720 70 29 befria
322 720 73 29 dylika
408 721 136 28 vattendrag.
573 720 44 22 Det
632 720 129 22 tillkommer
778 719 43 23 Gu-

141 757 105 19 vernören
264 759 34 17 att
315 756 54 27 efter
388 756 91 20 enhvars
498 758 61 25 nytta
574 756 26 27 af
612 755 82 21 arbetet
709 756 42 20 slik
767 755 54 29 skyl-

141 790 74 28 dighet
228 790 92 29 fördela
339 793 55 17 samt
408 793 33 17 att
456 797 34 14 om
504 790 139 28 rensningens
661 790 159 22 verkställande

141 825 101 21 närmare
253 824 118 30 förordna.

307 876 31 22 Om
352 876 90 28 sänkning
457 878 21 20 af
491 878 26 28 sjö
532 877 46 21 eller
592 878 59 21 ström.

198 919 90 22 19—26.
316 917 146 28 Likalydande
480 918 48 22 med
546 917 149 23 motsvarande
709 918 25 28 88
749 918 7 21 i
770 925 49 21 pro-

139 952 126 27 positionen.

321 992 30 21 Om
366 992 113 27 anläggning
493 992 21 21 af
526 993 112 21 vattenverk.

197 1033 11 27 $
223 1031 39 29 27.
278 1032 20 29 (1
318 1033 73 27 mom.)
430 1031 39 22 Uti
492 1033 45 20 smä
558 1033 129 28 vattendrag
709 1033 26 28 af
751 1034 66 21 sädan

140 1065 147 30 beskaffenhet,
303 1073 44 14 som
363 1067 139 28 omförmälas
517 1068 10 19 i
541 1065 27 22 13
584 1067 37 20 och
635 1066 32 22 20
683 1067 32 28 $$,
730 1069 36 19 mä
781 1076 37 13 an-

141 1101 105 28 läggning
265 1101 25 29 af
307 1101 125 20 vattenverk
450 1101 46 20 icke
515 1109 55 13 vara
584 1101 147 22 underkastad
747 1110 72 13 annan

138 1135 160 29 inskränkning
315 1136 28 19 än
358 1139 33 16 att
405 1135 46 26 den,
464 1135 84 21 hvilken
560 1135 78 22 sådant
653 1136 51 21 verk
716 1136 38 21 der
765 1145 53 20 upp-

132 1171 57 28 föra
200 1171 45 25 vill,
258 1170 38 20 bör
302 1170 53 28 före
367 1171 161 26 anläggningen
538 1171 56 26 göra
607 1171 101 21 anmälan
720 1177 25 14 om
755 1171 63 27 före-

139 1207 59 25 taget
210 1203 36 21 hos
258 1203 159 22 vederbörande
433 1203 208 29 distriktsingeniör,
653 1212 50 19 som,
715 1205 47 20 med
775 1205 43 20 led-

137 1239 54 27 ning
210 1238 26 29 af
242 1237 119 28 företedda
376 1237 76 21 kartor
468 1238 38 20 och
522 1238 138 27 handlingar,
677 1245 48 22 eger
739 1239 79 21 under-

138 1273 53 20 söka
206 1279 32 13 om
256 1273 72 27 nägon
346 1279 82 14 annans
446 1273 48 20 rätt
509 1271 42 22 kan
566 1279 75 21 genom
656 1273 161 28 anläggningen

132 1307 130 27 förnärmas
278 1307 39 19 och
331 1307 39 19 sitt
383 1307 101 26 yttrande
498 1307 74 19 derom
586 1307 24 19 ät
624 1306 107 21 sökanden
743 1307 74 29 skrift-

139 1341 57 27 ligen
210 1340 103 20 meddela.

194 1374 22 28 (2
231 1374 72 28 mom.)
319 1373 144 28 Likalydande
477 1373 49 22 med
540 1373 165 28 propositionen.

195 1409 23 28 $$
234 1410 27 19 28
277 1408 40 22 och
332 1410 33 20 29.
395 1407 143 29 Likalydande
555 1408 49 22 med
624 1410 150 21 motsvarande
791 1410 24 28 $$

137 1444 8 21 i
159 1443 164 28 propositionen.
