1025 1684
198 118 33 16 560
397 116 71 23 Nådiga
479 118 138 21 Propositionen
629 117 34 17 N:o
677 118 26 15 12.

173 187 49 15 ners
237 180 63 22 stånd
315 179 41 23 och
370 180 68 22 vilkor
454 180 51 22 eller
519 180 49 21 med
583 180 99 22 afseende
697 178 13 23 å
724 174 56 27 vissa
790 180 135 28 lägenheters

173 216 65 20 natur:
257 215 40 21 och
316 214 126 28 disposition
460 216 57 19 samt
535 213 12 22 å
565 214 48 22 dem
631 214 111 28 befintliga
758 214 62 22 verks
839 215 40 21 och
894 215 32 20 in-

173 249 132 27 rättningars
321 244 105 26 särskilda
440 248 152 26 beskaffenhet,
607 248 91 26 komma,
710 247 68 23 sävidt
786 248 30 22 de
826 249 50 21 med
885 249 42 21 här

174 285 111 26 upptagna
298 283 134 28 stadganden
446 283 47 21 icke
508 283 193 26 öfverensstämma,
717 284 33 20 att
762 282 36 22 för
812 283 114 22 framtiden

173 318 35 21 till
219 318 33 22 all
265 318 60 21 kraft
340 318 40 21 och
394 318 80 21 verkan
488 318 105 27 upphöra.

366 352 74 28 Enligt:
456 352 61 22 Hans
531 352 121 28 Kejserliga
665 352 112 29 Majestäts
792 352 85 29 Nädiga
890 353 37 21 be-

310 386 100 28 fallning,
430 387 70 28 gifven
518 388 7 20 i
544 387 32 22 S:t
593 388 130 28 Petersburg
738 387 41 22 den
795 389 26 19 30
835 388 92 22 Novem-

311 420 40 22 ber
367 422 37 27 (12
418 421 127 28 December)
562 423 61 20 1866.

455 478 66 25 Alex.
539 478 108 24 Armfelt.

671 554 22 19 A.
705 554 28 19 W.
745 552 136 21 Wallensköld.

372 700 52 28 Lag-
435 701 37 20 och
485 701 224 21 Ekonomi--utskottets
719 701 130 21 betänkande
859 702 38 21 N:o
908 702 19 24 6,

312 736 9 20 i
333 735 115 28 anledning
464 736 26 28 af
502 734 63 22 Hans
577 734 123 29 Kejserliga
715 735 115 29 Majestäts
845 736 84 28 nådiga

309 770 146 28 proposition,
479 770 109 28 angående
611 770 108 27 lagmans-
741 770 39 20 och
799 770 130 29 häradshöf-

311 805 269 28 dingetingsgästningens
594 804 128 28 utgörande.

245 856 76 22 Denna
334 855 82 28 nådiga
429 856 134 27 proposition
577 857 24 20 är
613 856 24 21 af
645 855 117 29 höglofliga
772 857 157 29 Ridderskapet

175 890 42 23 och
231 891 76 26 Adeln,
322 890 133 28 högvördiga
468 889 161 22 Prestaståndet
644 891 39 21 och
698 891 132 22 hedervärda
844 891 83 22 Bonde-

176 925 86 23 ståndet
277 925 143 22 öfverlemnad
436 925 32 21 till
478 925 57 27 Lag-
545 925 39 21 och
595 925 227 22 Ekonomi-utskottets
831 926 97 21 behand-

177 960 50 28 ling,
242 960 111 22 hvaremot
366 959 108 28 vällofliga
484 958 181 29 Borgareståndet
675 959 120 28 hänskjutit
806 960 123 22 densamma

176 995 34 21 till
228 994 68 21 Stats-
313 994 43 22 och
373 994 252 27 Bevillnings-utskottet;
645 994 41 21 och
704 1001 46 14 som
768 996 33 19 tre
816 993 64 23 stånd
894 993 33 23 så-

177 1029 66 21 lunda
261 1029 56 21 varit
334 1029 8 20 i
362 1028 136 22 omförmäldt
512 1028 101 21 afseende
628 1035 55 20 ense,
699 1029 40 21 har
753 1028 108 29 vällofliga
875 1029 53 22 Bor-

176 1062 149 29 gareständets
343 1063 113 21 afvikande
469 1063 72 21 beslut
555 1063 18 27 ej
589 1063 83 27 utgjort
686 1063 76 21 hinder
777 1063 34 22 för
824 1064 105 22 utskottet

176 1099 34 20 att
224 1099 96 26 upptaga
335 1097 60 21 detta
409 1097 89 26 ärende;
514 1097 40 21 och
568 1097 41 21 har
623 1097 104 22 utskottet
741 1096 29 28 på
781 1097 73 22 derom
865 1098 63 28 gjord

177 1131 95 28 begäran
291 1130 85 23 erhållit
394 1131 34 21 del
446 1131 24 21 af
487 1132 30 21 ett
535 1131 8 21 i
560 1131 119 28 Kejserliga
698 1131 103 22 Senatens
819 1132 110 22 allmänna

177 1167 87 26 plenum
286 1166 41 21 den
348 1167 26 20 31
395 1165 44 21 Juli
456 1165 92 22 förlidne
566 1164 24 22 år
608 1165 58 22 fördt
684 1166 108 27 protokoll
810 1166 59 21 öfver
888 1167 41 21 den

177 1201 145 27 omröstning,
335 1207 47 14 som
399 1199 36 22 vid
449 1199 171 28 propositionens
635 1199 118 29 beredning
768 1200 110 22 derstädes
893 1203 36 25 egt

177 1241 57 19 rum;
253 1235 113 20 hvarutom
383 1233 129 28 protokollet
530 1233 59 21 öfver
607 1240 26 14 en
651 1234 39 21 hos
708 1233 117 28 höglofliga
838 1234 90 21 Ridder-

177 1267 76 28 skapet
274 1268 40 21 och
339 1267 69 21 Adeln
430 1267 7 20 i
458 1266 77 29 frägan
556 1266 111 22 förefallen
687 1267 120 22 diskussion
824 1268 104 22 utskottet

177 1302 124 21 meddelats.

245 1378 47 25 Den
307 1381 128 30 skyldighet,
454 1382 106 29 allmogen
574 1383 8 20 i
596 1382 59 22 förra
668 1383 58 22 tider
740 1377 96 35 äläg
803 1373 37 43 att
849 1377 79 29 under-

177 1415 58 23 hålla
249 1417 88 22 domare
352 1417 40 22 och
406 1416 80 23 nämnd
500 1417 35 22 vid
550 1417 73 28 tingen
637 1420 56 19 samt
707 1418 112 22 fortskaffa
834 1419 48 21 dem
893 1419 35 22 vid

177 1451 147 27 embetsresor,
347 1452 93 28 utbyttes
462 1452 122 22 sedermera
605 1454 58 19 emot
681 1459 27 15 en
725 1453 42 22 viss
785 1452 55 31 ärlig
858 1454 69 27 afgift,
