1700 1834
472 102 2 20 |

473 174 2 41 |
650 186 71 23 Nådiga
733 188 138 22 Propositionen
883 188 34 17 N:o
929 189 16 15 4.
1115 189 32 16 291

473 221 1 14 I

472 236 7 43 |

493 250 110 29 äfvensom
618 250 75 29 öfriga
704 251 53 29 för
763 253 68 21 mötet
844 252 79 28 nödige
936 252 93 39 utgifter
1043 253 90 29 utgöras
1148 253 26 29 af

450 275 25 32 vå
491 285 82 29 stiftets
587 286 112 21 ordinarie
710 289 93 25 prester.

474 357 1 20 i
765 349 40 33 $
823 348 48 22 449.

474 387 42 25 ih
649 390 63 28 (Lika
726 386 75 32 med
788 382 14 41 &
816 392 40 20 451
872 391 9 21 i
895 390 118 29 förslaget.)

622 479 256 23 Tjugundefemte
891 480 150 24 Kapitlet.

754 516 30 23 Om
796 517 120 29 -kyrkomäte..

792 572 14 28 $
823 571 48 23 450.

528 600 75 36 ili
616 608 92 35 allmänt
729 614 122 29 kyrkomöte
870 616 160 28 sammanträde
1045 616 77 22 ombud
1130 617 43 29 för

474 662 2 12 |
494 650 40 21 den
547 640 132 37 evangelisk-
682 649 110 21 lutherska
803 649 83 29 kyrkan
897 651 9 20 i
916 649 97 23 Finland
1024 650 66 22 hvart
1101 652 72 21 tionde

473 679 3 50 |
491 684 35 26 är,
546 683 53 21 eller
618 682 77 37 oftare,
714 691 34 13 om
765 684 80 25 sådant
864 684 26 29 af
906 684 96 42 behofvet
1016 684 103 29 päkallas
1136 686 38 20 och

474 732 2 22 |
493 718 90 28 hvarom
597 717 135 29 regeringen,
747 719 10 20 i
772 718 78 22 sädant
856 719 55 28 fall,
925 720 30 33 pä
968 719 65 21 skedd
1045 719 129 22 hemställan

466 757 13 27 |
491 746 27 35 of
532 740 149 46 domkapitlet,
705 754 52 27 äger
780 748 121 41 bestämma.
931 748 48 26 Äro
1000 754 37 20 mio
1061 754 26 21 år
1108 754 66 21 sedan

475 785 1 36 |
495 787 98 29 sednaste
614 787 59 27 möte
686 787 111 29 förlidna,
817 783 90 26 "anmäle
933 787 152 29 erkebiskopen
1105 789 69 21 under

473 823 3 22 i

474 891 3 15 |

475 909 1 11 i

475 927 24 32 |

475 955 2 18 |

475 974 11 37 6

476 1012 1 17 I

490 822 99 21 Januari
610 821 80 28 månad
705 822 128 29 påföljande
852 823 27 20 år
898 822 74 21 derom
991 823 36 21 hos
1046 824 128 28 regeringen

475 884 1 5 |
492 856 40 21 och
546 857 110 21 hemställe
672 860 33 18 om
720 860 35 18 ort
771 857 38 21 och
823 857 44 29 dag
875 857 42 29 för
933 857 46 21 dess
995 857 106 22 hållande.

797 923 12 28 $
827 921 44 22 451.

551 964 101 29 Kyrkans
667 965 77 21 ombud
758 966 41 21 vid
810 966 78 21 sådant
901 966 56 20 möte
973 965 61 22 skola
1045 972 55 15 vara
1110 968 65 18 samt-

496 998 42 29 lige
554 998 127 29 biskoparne
696 1000 10 20 i
720 999 82 29 stiften,
818 1001 59 25 eller,
893 1000 38 21 der
945 1001 73 28 någon
1033 1001 25 28 af
1071 1000 48 21 dem
1134 1000 42 21 har

476 1033 102 37 förfall,
594 1034 41 21 den
649 1034 26 28 af
687 1034 150 28 domkapitlets
856 1035 117 21 ledamöter
989 1035 80 28 stiftets
1079 1030 101 50 prester-

476 1078 1 4 '
494 1067 53 29 skap
562 1069 9 20 i
586 1069 53 24 hans
655 1069 64 20 ställe.
734 1069 95 28 väljer;
837 1070 75 20 trettio
931 1069 48 21 med
991 1069 107 28 fullmakt
1112 1069 14 21 &
1142 1076 34 13 or-

493 1102 87 22 dinarie
596 1104 65 28 tjenst
668 1103 105 34 försedde
792 1108 93 24 prester,
908 1103 73 22 hvilka
1002 1104 93 33 stiftsvis
1112 1106 63 23 utses,

476 1136 1 34 |
493 1137 81 29 Jemton
582 1138 59 28 från
654 1131 56 33 Åbo,
729 1139 36 20 nio
775 1139 58 28 frän
845 1139 82 28 Borgå
948 1138 38 21 och
1001 1145 34 14 sex
1044 1139 59 28 från
1117 1137 59 22 Kuo-

476 1156 1 37 |
490 1173 45 27 pio.
546 1173 59 28 stift;
623 1180 26 13 en
665 1172 83 22 lekman
756 1173 59 28 från
830 1173 74 29 hvarje
920 1172 25 30 af
955 1173 83 21 landets
1045 1173 130 28 prosterier,

476 1220 2 20 i
495 1210 56 17 samt
569 1207 105 21 dessutom
692 1214 25 14 en
736 1207 91 21 ledamot
843 1207 54 26 från
915 1207 82 22 landets
1016 1210 60 18 senat
1093 1207 39 20 och
1150 1213 27 14 en

473 1262 5 17 j
488 1241 60 29 från
563 1241 74 28 hvarje
653 1242 25 27 af
691 1241 82 22 landets
788 1241 108 29 hofrätter
912 1238 112 33 äfvensom
1030 1248 26 14 en
1063 1241 113 28 professor

476 1268 6 39 |
495 1275 53 29 frän
564 1275 146 28 theologiska
715 1275 38 22 och
772 1283 25 13 en
805 1275 58 29 från
875 1275 112 29 juridiska
995 1275 124 29 fakulteten
1140 1275 36 21 vid

497 1309 83 21 landets
599 1311 132 25 universitet,
751 1309 72 22 hvilka
839 1309 74 29 hvarje
929 1310 25 26 af
965 1309 96 22 nämnda
1079 1309 97 22 auktori-

496 1347 54 21 teter
569 1343 39 21 och
619 1343 122 29 fakulteter
755 1344 59 21 inom
829 1345 32 27 sig
877 1344 77 29 väljer.

797 1406 12 27 8
827 1405 48 20 452.

554 1450 115 29 Rättighet
691 1454 33 17 att
745 1450 61 29 välja
827 1450 25 21 de
869 1451 136 28 presterliga
1019 1450 104 21 ombuden
1140 1451 38 20 vid

497 1485 124 30 kyrkomöte
636 1486 43 28 äga
694 1485 155 29 domkapitlens
865 1485 116 21 ledamöter
996 1485 39 21 och
1051 1485 127 28 tjenstemän

496 1521 109 30 äfvensom
619 1521 10 20 i
636 1520 193 29 församlingarna
842 1520 40 21 och
897 1519 100 22 skolorna
1017 1520 167 29 tjenstgörande.
