1009 1686
308 108 71 23 Nädiga
384 109 143 21 Propositionen
533 109 40 19 :N:o
584 110 17 15 3.
772 109 33 19 143

78 172 80 22 skottet
171 172 119 22 meddelats
300 172 80 27 utdrag
394 179 27 14 ur
436 172 35 21 det
485 172 35 22 vid
534 172 148 27 ridderskapet
699 172 41 24 och.
755 172 73 23 adelns

78 206 157 22 sammanträde
254 206 40 22 den
312 208 13 19 4
343 206 8 21 i
369 206 70 21 denna
456 201 79 36 månad.
546 206 64 22 förda
625 206 112 27 protokoll,
753 207 78 23 hvaraf

77 241 115 21 inhemtats
214 242 32 20 att
267 240 91 22 nämnde
380 240 68 26 stånd,
467 240 49 22 med
534 240 121 28 antagande
676 240 25 22 af
716 241 26 21 de
761 241 67 28 öfrige

76 274 101 22 ständens
196 274 80 21 aflätna
297 274 151 28 inbjudningar
466 276 32 19 att
516 273 76 28 frångå
610 274 47 21 dess
675 275 59 20 förra
751 275 76 26 beslut,

76 309 79 21 bifallit
168 308 34 21 till
215 308 156 30 upphäfvande
384 308 24 21 af
424 308 27 21 de
468 309 8 20 i
494 308 154 21 ofvananförda
665 309 69 27 punkt
748 309 25 21 af
784 309 43 28 pri-

76 343 117 28 vilegierna
210 345 55 19 samt
284 344 13 19 8
316 343 40 21 och
375 344 12 19 9
405 350 85 13 momm.
507 344 12 19 2
535 343 11 28 $
561 344 13 20 8
589 343 50 27 kap.
653 343 50 21 R.B.
719 345 109 26 upptagne

76 377 260 28 undantagsstadganden.

145 411 234 28 Grundlags-utskottet.
396 412 41 27 har
451 411 80 28 jemväl
549 411 89 22 anhållit
650 414 38 19 att
705 411 22 22 få
749 413 34 21 del
806 413 25 22 af

76 447 36 22 det
126 447 36 22 vid
179 445 87 29 frägans
283 446 130 28 behandling
431 446 8 21 i
456 446 121 28 Kejserliga
595 446 92 21 Senaten
701 447 62 21 förda
777 455 50 20 pro-

75 481 74 26 tokoll,
164 481 41 22 och
222 481 41 21 har
279 481 104 21 utskottet
400 481 9 20 i
426 480 54 28 följd
495 481 63 21 deraf
569 481 146 22 underrättats
731 483 32 19 att
776 482 50 27 Kej-

76 515 78 28 serliga
169 515 92 21 Senaten
276 515 102 27 enhälligt
391 515 102 27 tillstyrkt
507 514 80 28 nådiga
600 515 166 27 propositionen.

144 550 41 21 Till
199 550 26 21 de
239 550 90 21 motiver
344 556 45 14 som
403 550 8 19 i
425 548 79 29 nådiga
517 549 161 27 propositionen
696 549 131 28 framhållas,

75 584 62 21 torde
155 583 50 28 föga
222 591 52 14 vara
292 585 32 20 att
341 583 95 28 tillägga,
455 584 40 21 och
513 591 42 20 nya
573 582 81 23 sådana
675 584 72 21 kunna
765 591 62 15 anses

76 618 143 28 öfverflödiga,
235 619 52 21 enär
302 618 35 21 det
351 617 95 28 framgår
457 618 24 21 af
490 618 40 22 den
545 617 138 28 preliminära
697 618 130 29 behandling

74 653 161 28 propositionen
247 653 9 20 i
270 653 100 27 samtliga
383 651 89 23 stånden
486 651 122 28 undergått,
619 654 32 19 att
663 652 61 22 dessa
738 653 89 22 motiver

74 687 68 22 redan
154 687 71 22 blifvit
241 687 112 27 tillbörligt
371 687 150 27 uppskattade,
539 686 108 22 äfvensom
665 688 32 20 att
709 687 32 21 de
759 687 68 23 andra

75 721 90 22 ständen
179 721 86 22 komma
279 723 32 19 att
326 716 51 36 gilla
381 721 158 27 ridderskapet
557 721 40 21 och
615 720 73 22 adelns
706 721 71 21 beslut
795 723 32 22 att

74 756 75 21 bifalla
162 756 34 21 till
210 755 160 28 upphäfvandet
388 755 24 21 af
427 754 164 28 ifrågavarande
605 755 221 28 undantagsstadgan-

74 791 48 25 den,
137 790 72 21 hvilka
223 791 57 20 ännu
294 791 77 26 utgöra
385 789 8 21 i
406 788 39 22 vår
462 789 36 28 lag
517 788 140 28 qvarstående
674 789 86 22 minnen
778 789 48 22 från

74 832 27 14 en
115 825 31 21 tid
162 824 27 21 då
204 824 112 21 samhället
329 823 110 28 utgjordes
451 823 23 21 af
482 824 56 21 vissa
553 823 47 21 från
611 823 122 21 hvarandra
743 825 84 26 strängt

74 859 70 21 skilda
158 858 126 22 folkklasser
299 857 52 22 eller
365 857 68 27 stånd,
449 858 40 21 och
500 857 29 21 då
540 858 35 21 det
585 857 35 22 för
629 858 118 21 individens
762 859 64 20 rätts-

74 894 100 21 säkerhet
192 892 76 28 ansågs
286 892 75 28 nödigt
379 894 32 20 att
428 892 43 21 han
489 892 8 21 i
515 891 172 22 förekommande
705 892 39 21 fall
758 892 68 23 skulle

75 928 96 21 dömmas
189 927 24 21 af
229 935 26 13 en
272 927 179 27 rättsmyndighet
467 926 108 28 utgången
593 925 49 22 från
660 926 41 22 den
715 926 111 22 samhälls-

74 962 56 22 klass
145 962 44 21 han
203 961 50 29 sjelf
265 961 105 22 tillhörde.
392 961 47 22 Den
453 961 103 21 moderna
570 962 71 20 rätten
655 961 40 21 har
707 961 54 21 dock
771 968 54 20 upp-

73 997 43 21 löst
134 996 69 22 denna
221 996 26 21 de
269 995 68 22 skilda
358 995 165 22 folkklassernas
544 995 106 22 särskilda
671 995 101 28 ställning
792 995 34 21 till

74 1031 128 25 hvarandra,
217 1031 40 20 och
269 1030 67 27 jemte
351 1030 36 21 det
401 1029 74 28 :sjelfva
489 1029 126 22 rättsbuden
627 1029 71 22 blifvit
717 1029 108 23 desamma

74 1065 34 22 för
122 1065 44 22 alla
179 1065 82 21 klasser
275 1064 24 21 af
311 1064 156 27 befolkningen,
481 1064 41 21 har
533 1063 62 22 äfven
606 1063 26 22 de
643 1063 108 22 allmänna
761 1065 64 21 rätts-

74 1099 187 28 myndigheternas
278 1099 123 26 kompetens
416 1098 116 22 utsträckts
547 1097 59 22 öfver
621 1098 42 21 alla
677 1097 147 28 medborgare.

74 1133 45 23 Vår
136 1133 44 21 tids
197 1132 194 22 rättsmedvetande
409 1132 84 21 fordrar
512 1132 123 27 oafvisligen
653 1139 26 14 en
697 1131 67 23 sådan
782 1132 44 22 alla

74 1168 151 28 medborgares
243 1168 67 20 likhet
327 1167 56 21 inför
399 1167 69 27 lagen,
484 1168 41 20 och
543 1166 28 22 då
589 1166 139 22 förevarande
746 1166 79 28 nådiga

73 1203 135 28 proposition
223 1201 80 29 åsyftar
318 1203 31 20 att
358 1201 106 22 befordra
482 1208 27 14 en
526 1201 41 21 slik
585 1201 42 21 alla
641 1201 69 22 finska
727 1200 98 22 medbor-

74 1244 62 21 gares
151 1237 144 27 likställighet,
310 1236 43 21 kan
367 1236 229 27 grundlags-utskottet
614 1235 18 28 ej
652 1237 66 20 annat
735 1237 28 20 än
781 1236 43 20 för-

74 1272 54 21 orda
143 1271 36 21 det
194 1271 126 25 Ständerna,
335 1270 49 21 med
401 1270 150 27 upphäfvande
569 1269 25 21 af
610 1271 11 19 6
641 1270 94 27 punkten
753 1270 8 20 i
775 1269 49 21 ade-

74 1306 44 26 liga
139 1305 149 27 privilegierna
310 1304 23 21 af
353 1304 41 21 den
413 1306 25 18 16
458 1304 94 21 Oktober
572 1305 53 20 1723
647 1306 56 18 samt
720 1305 13 20 8
752 1304 40 21 och
811 1304 12 21 9

73 1346 86 14 momm.
174 1339 8 20 i
197 1340 12 19 2
225 1339 11 27 &
251 1340 13 19 8
279 1338 49 26 kap.
343 1338 57 25 R.B.,
415 1338 48 20 ville
481 1339 79 25 antaga
579 1337 35 21 det
631 1336 79 28 nådiga
727 1337 97 27 proposi-

74 1373 46 21 tion
136 1372 87 28 bilagde
240 1372 80 27 förslag
338 1372 33 20 till
387 1371 136 27 förordning;
542 1371 55 21 dock
614 1370 90 22 föreslår
721 1371 104 22 utskottet

73 1407 110 24 vördsamt
197 1408 32 21 att
242 1406 8 21 i
265 1407 12 20 5
293 1406 12 29 $
319 1405 36 22 mä
367 1406 84 27 intagas
470 1405 41 22 den
529 1401 94 38 närmare
636 1401 141 38 bestämning
792 1406 32 21 att
