1000 1689
307 102 72 24 Nådiga
390 103 136 22 Propositionen
537 104 35 17 N:o
584 104 16 16 4.
772 103 32 17 267

148 165 131 30 kyrkorådet
289 166 108 29 förklara
419 167 76 20 honom
510 167 110 28 förlustig
641 165 133 29 rättigheten
796 169 32 18 att

142 208 59 14 vara
215 202 70 20 vittne
303 201 38 22 vid
359 201 49 29 dop,
427 205 33 18 att
474 201 87 29 deltaga
574 202 10 20 i
598 201 37 22 val
649 201 26 29 af
688 201 116 21 ledamöter
818 201 11 20 i

147 235 136 29 kyrkorådet,
302 236 25 29 af
334 236 86 21 ombud
438 236 37 21 vid
496 235 122 29 kyrkomöte
640 235 39 21 och
701 235 26 29 af
742 235 87 21 valmän

145 269 76 22 dertill
236 273 55 18 samt
305 273 34 18 att
352 270 52 29 sjelf
417 271 36 20 till
467 270 95 21 nämnda
580 270 151 29 befattningar
745 269 83 28 väljas;

146 303 53 22 dock
222 303 55 22 skall
299 303 141 30 kyrkorådets
463 304 77 21 härom
556 304 88 29 fattade
667 304 68 21 beslut
751 303 79 22 under-

146 339 77 20 ställas
241 338 147 29 domkapitlet,
407 345 51 20 som,
478 345 33 14 om
530 338 213 29 omständigheterna
754 338 74 27 finnas

146 372 76 21 dertill
230 373 126 28 föranleda,
373 374 53 27 äger
438 372 58 22 kalla
507 373 41 21 den
556 373 89 28 felande
660 373 61 28 inför
735 373 34 28 sig
784 371 45 27 och,

146 406 71 22 derest
235 406 49 27 han,
303 407 54 29 efter
376 407 97 21 erhållen
491 407 104 28 allvarlig
607 407 139 28 förmaning,
764 407 66 27 ingen

147 440 99 30 bättring
260 442 67 26 visar,
337 440 107 30 förklara
459 441 76 21 honom
545 441 33 28 på
593 440 95 22 bestämd
703 441 33 21 tid
749 440 81 21 oskick-

148 475 31 29 lig
194 479 33 17 att
241 475 101 22 Herrans
359 476 103 21 nattvard
482 476 58 28 begå.
570 474 79 31 Afstär
664 475 44 21 han
720 475 58 29 från
796 475 34 21 sin

148 510 53 29 synd
215 513 56 19 samt
285 510 107 22 bekänner
408 510 38 21 och
461 510 87 30 afbeder
563 510 65 21 henne
639 511 9 20 i
659 509 91 22 särskilt
764 509 66 29 skrif-

148 546 78 21 termål
241 545 43 29 för
303 546 165 28 själasörjaren,
486 546 36 20 må
540 544 131 30 kyrkorådet
693 545 48 21 åter
763 545 68 20 tiller-

148 579 73 22 känna
240 580 75 21 honom
335 580 145 27 förenämnda
496 580 142 28 rättigheter;
659 579 58 29 gifve
740 579 35 21 det
793 578 38 22 ock

148 614 141 30 domkapitlet
311 614 114 22 tillkänna.
462 615 48 29 Lag
532 622 82 14 samma
635 622 52 14 vare
708 614 47 21 med
777 614 53 26 dem,

149 649 75 22 hvilka
239 650 42 29 för
299 650 79 29 grofva
400 650 59 21 brott
479 650 61 29 inför
558 650 104 28 verldslig
681 650 48 20 rätt
750 648 81 22 ställda

150 684 38 21 och
206 684 39 22 der
263 685 36 21 till
317 692 78 14 ansvar
414 684 75 22 dömde
508 684 80 29 blifvit,
606 691 48 14 men
672 684 26 29 af
714 684 69 21 denna
798 683 33 21 be-

149 719 116 29 strafning
281 720 33 28 sig
329 719 20 29 ej
363 720 65 20 rätta
440 719 57 21 låtit.

452 774 13 28 $
480 772 50 23 102.

209 810 75 30 Vägra
295 810 122 30 föräldrar
436 815 33 17 att
488 812 46 21 låta
552 812 48 20 sina
618 810 55 22 barn
689 810 36 22 till
742 810 42 29 dop
799 810 33 22 be-

144 846 101 29 fordras,
261 847 52 20 eller
321 846 138 29 försummar
473 846 73 28 någon
557 846 172 29 församlingens
744 846 88 21 medlem

149 881 138 28 uppsåtligen
306 883 33 18 att
351 880 115 30 förskaffa
484 880 88 29 kristlig
590 880 130 30 uppfostran
739 880 38 21 och
793 888 40 13 un-

150 916 125 27 dervisning
294 916 24 20 ät
336 922 55 22 egna
410 915 54 20 barn
482 916 52 20 eller
553 915 23 20 ät
594 915 89 26 sädana,
702 922 45 13 som
764 915 68 20 under

151 950 47 21 dess
212 950 56 21 vård
283 950 46 26 äro,
346 949 38 21 och
399 949 65 30 hafva
478 949 26 22 de
517 949 47 21 icke
580 949 51 21 låtit
645 950 34 27 sig
696 956 76 21 genom
780 949 53 29 för-

150 985 125 28 maningens
291 984 40 21 ord
346 985 67 26 rätta,
428 984 36 21 mä
482 985 64 28 äfven
563 984 48 21 med
625 983 48 22 dem
681 984 103 29 förfaras
799 983 34 22 sä-

152 1026 45 14 som
210 1020 10 20 i
234 1019 13 28 $
261 1017 40 22 101
315 1019 92 20 nämndt
422 1019 33 20 är.

452 1065 14 28 $
480 1063 50 22 103.

210 1100 47 23 Gör
271 1102 89 22 medlem
375 1102 25 29 af
416 1102 158 28 församlingen
591 1102 34 28 sig
644 1101 85 29 skyldig
747 1101 36 21 till
795 1109 40 20 up-

148 1137 96 29 penbart
255 1137 81 29 förakt
348 1137 42 29 för
410 1135 60 24 Guds
489 1137 40 21 ord
548 1136 39 22 och
604 1136 179 29 gudaktighetens
802 1136 32 29 öf-
854 1153 5 2 -

152 1172 60 28 ning,
228 1172 35 21 till
275 1171 98 29 oenighet
383 1173 10 19 i
408 1171 124 28 äktenskap,
548 1171 36 21 till
599 1170 93 22 hårdhet
707 1173 54 18 emot
772 1170 62 27 barn,

152 1206 84 29 husfolk
259 1207 52 20 eller
333 1206 71 21 andra
424 1205 183 29 underhafvande,
626 1206 36 20 till
680 1205 93 28 olydnad
790 1209 46 17 mot

146 1241 123 29 föräldrar
283 1244 56 17 samt
354 1241 36 20 till
408 1240 162 29 oförsonlighet,
590 1238 38 23 och
646 1239 41 21 har
707 1239 42 21 han
767 1240 19 28 ej
800 1246 36 21 ge-

152 1281 50 14 nom
219 1275 192 28 undervisningens
427 1274 39 21 och
477 1274 169 29 förmaningens
666 1273 41 22 ord
722 1275 33 27 sig
773 1275 63 20 rätta

155 1309 61 24 lätit;
230 1316 51 13 vare
298 1310 36 26 lag
349 1316 81 13 samma
444 1316 46 13 som
502 1309 11 20 i
527 1309 13 26 $
555 1307 39 21 101
609 1309 69 26 säges.

458 1361 12 28 $
485 1359 47 22 104.

211 1397 69 23 Söker
289 1398 245 29 församlingsmedlem,
550 1405 44 14 som
608 1397 131 29 villfarande
750 1398 86 28 mening

155 1433 79 29 hyllar,
249 1436 33 20 att
297 1433 71 22 andra
382 1433 76 21 dertill
473 1433 114 29 öfvertala,
602 1432 39 21 och
658 1433 73 22 vållar
746 1432 90 22 sålunda
