1006 1684
298 108 71 24 Nådiga
381 110 137 22 Propositionen
529 110 35 18 N:o
577 111 26 16 10.
771 110 33 16 459

76 172 137 28 medgifves;.
217 171 94 23 såframt
329 172 48 22 icke
400 172 109 29 godvillig
521 172 222 23 -öfverenskommelse*
754 172 74 48 dna

78 206 49 22 dem
141 206 90 22 emellan
244 205 83 23 träffas.

145 246 12 21 I
170 245 105 29 skärgård
292 244 30 30 pä
338 246 86 28 klippor
442 247 41 21 och
496 247 57 26 skär,
568 252 46 16 som
628 247 52 21 visst
694 247 100 21 hemman
808 246 20 28 ej

78 280 81 28 tillyda,
175 282 55 19 samt
244 282 36 19 ute
294 279 35 28 på-
338 281 72 27 öppna
423 281 78 26 hafvet,
516 287 50 15 vare
585 281 61 27 eljest
663 280 102 28 lofgifven
780 280 49 28 jagt

77 314 117 22 tillsvidare
209 321 26 14 en
249 314 54 22 hvar
317 314 25 22 af
352 314 103 22 Finlands
469 314 102 23 invånare
584 314 90 22 tillåten.

430 378 12 28 8
458 379 20 20 4.

146 415 32 26 Är
192 427 76 20 genom
286 419 101 22 särskildt
404 420 124 27 stadgande,
544 419 58 27 aftal,
619 420 49 22 dom
683 420 51 22 eller
748 419 30 29 pä
791 427 38 15 an-

78 456 39 19 nat
138 454 75 27 lagligt
230 455 44 21 sätt
295 461 35 14 om
346 454 93 28 jagträtt
456 453 14 22 ä
486 453 66 29 något
570 454 62 22 ställe
650 454 126 22 annorledes
793 454 36 22 be-

79 489 81 22 stämdt
180 490 29 20 än
229 489 9 21 i
260 489 69 21 denna
350 489 134 28 Förordning
505 489 145 27 föreskrifves,
672 489 101 22 förblifve
794 489 37 22 det

76 522 111 33 gällande.

432 568 12 27 8
460 568 19 21 5.

148 610 73 28 Björn,
236 617 58 21 varg,
309 610 21 22 lo
346 611 39 21 och
397 610 46 28 jerf
454 609 36 23 mä
504 611 25 21 af
542 610 79 22 enhvar
632 610 64 28 jagas
711 610 41 22 och
763 610 67 23 dödas

80 645 52 22 eller
150 643 82 30 fångas,
250 645 109 22 hvarhelst
377 645 26 22 de
417 645 8 22 i
442 645 48 22 fritt
503 644 96 23 tillstånd
614 645 104 22 anträffas
732 644 29 29 pä
776 652 55 21 egna

82 679 52 22 eller
148 679 79 22 andras
243 687 57 20 egor,
315 679 65 22 likväl
394 680 49 21 med
458 680 119 28 skyldighet
594 680 8 21 i
620 680 90 21 sednare
724 679 60 22 fallet
797 679 34 22 till

81 714 40 21 full
136 714 118 28 ersättning
267 713 35 22 för
320 714 29 21 all
366 715 73 26 skada,
457 721 47 15 som
521 714 123 27 derigenom
661 713 14 22 å
693 714 64 22 odlad
773 713 57 28 jord,

82 748 49 22 med
152 749 94 27 stängsel
267 748 76 28 fredad
364 749 70 26 mark,
457 748 169 29 trädplantering
648 748 51 22 eller
720 748 111 29 hägnader

82 783 126 28 tillskyndas
223 789 78 22 egaren
316 783 51 21 eller
381 783 158 22 innehafvaren.

434 847 12 28 8
463 848 19 20 6.

151 890 46 22 Har
214 888 71 30 nägon
302 890 72 27 ringat
391 890 63 27 björn
472 890 8 21 i
496 890 42 26 ide,
556 889 63 22 hafve
640 896 73 15 ensam
734 890 45 20 rätt
793 890 40 28 att

80 925 76 28 jagten
170 924 102 28 fullfölja;
291 924 40 21 och
348 922 36 23 mä
402 924 18 27 ej
440 931 77 19 annan,
531 924 49 22 med
594 924 88 28 vetskap
697 925 33 21 att
743 923 90 28 björnen

83 960 26 21 är
123 958 83 29 ringad,
222 958 41 22 den
276 966 27 14 ur
317 958 44 21 idet
375 958 158 28 uppskrämma.

436 1021 48 27 87.

152 1064 54 26 Den,
225 1071 46 15 som
289 1064 66 28 eljest,
373 1063 109 22 hvarhelst
501 1063 35 22 det
550 1070 52 14 vara
620 1058 41 38 mä,
673 1058 83 38 träffar
769 1065 66 20 annat

85 1099 54 23 vildt
160 1098 121 28 skadedjur,
300 1098 8 21 i
325 1098 47 21 fritt
389 1097 103 27 tillstånd,
514 1104 38 22 ege
574 1098 44 21 rätt
640 1098 118 22 detsamma
780 1097 56 22 döda

87 1134 52 22 eller
153 1132 66 30 fånga
233 1133 40 22 och
288 1131 91 31 behålla.

439 1192 47 28 88.

157 1235 75 23 Såsom
246 1234 118 29 jagtmedel
380 1234 37 22 mä
435 1234 18 28 ej
473 1234 58 28 spjut
545 1234 51 22 eller
611 1234 121 28 skjutgevär
747 1234 90 27 gillrade

89 1271 114 25 användas,
219 1271 51 20 eller
285 1277 59 20 grop,
360 1276 45 19 sax,
424 1276 64 14 snara
507 1268 51 22 eller
576 1275 71 14 annan
664 1268 34 21 för
716 1269 122 21 menniskor

89 1306 41 21 och
144 1305 90 26 husdjur
250 1303 100 27 lifsfarlig
368 1303 79 21 anstalt
464 1303 108 26 begagnas
586 1301 14 22 å
614 1309 82 14 annans
710 1303 62 20 mark
785 1305 54 18 utan

88 1338 98 23 tillständ
201 1338 23 21 af
237 1337 47 26 den,
300 1344 46 14 som
357 1337 93 27 jagträtt
464 1337 38 20 der
516 1343 56 20 eger,
588 1337 55 20 samt
656 1336 47 21 icke
718 1336 67 21 heller
799 1344 39 13 un-

90 1374 38 21 der
142 1372 59 22 tiden
216 1371 90 23 emellan
321 1371 40 22 den
376 1372 25 20 31
414 1370 43 28 Maj
474 1371 39 21 och
530 1371 25 20 15
571 1369 94 22 Oktober
679 1371 92 26 utsättas
787 1370 52 22 eller

91 1407 137 24 derförinnan
242 1408 67 21 utsatt
324 1405 133 29 gvarlemnas
472 1404 13 23 &
500 1404 91 24 samföld
605 1405 67 26 mark,
684 1403 94 26 såframt
791 1405 47 22 icke

91 1443 43 23 alla
149 1442 126 29 delegarene
290 1441 71 22 dertill
374 1440 33 22 lof:
419 1439 61 30 gifvit
494 1440 40 23 och
548 1439 106 23 anstalten
669 1440 25 21 är
708 1439 49 23 med
771 1439 68 22 fällda
