1003 1681
793 113 7 9 ö

303 112 71 23 Nädiga
386 113 137 22 Propositionen
536 113 33 17 N:o
582 113 16 16 5.
769 113 33 17 335

75 173 53 24 eller
145 174 41 23 ock
203 175 41 22 den
262 175 138 28 öiverflödiga
415 175 128 28 jordvidden
559 174 152 23 utarrenderas
729 177 46 20 mot
791 171 41 26 af

75 210 46 27 gift,
144 217 47 22 som
211 208 354 28 tillfölles-boställsinnehafvaren.
601 209 139 23 "Beträffande
757 210 66 27 bygg-

73 238 203 33 nadsskyldigheten
290 244 83 21 komme
388 243 13 22 &
416 244 43 21 alla
473 243 170 28 prestboställen,
655 244 24 21 af
691 244 57 21 hvad
758 249 65 16 namn

74 279 27 20 de
122 284 53 15 vara
192 277 41 26 mä,
252 275 187 30 boningsrummen
461 278 39 21 och
515 277 56 22 vissa
588 278 64 20 uthus
670 280 33 19 att
720 278 103 27 uppföras

74 312 41 21 och
129 310 136 24 underhållas
281 311 24 22 af
316 311 182 28 församlingarne,
513 312 110 21 hvaremot
638 311 43 21 alla
694 312 71 25 uthus,
777 317 46 16 som

73 345 102 23 behöfdes
190 345 33 22 för
238 346 36 21 det
289 345 105 28 egentliga
405 345 133 28 jordbruket,
553 345 67 22 borde
635 346 24 21 af
671 345 151 22 innehafvaren

72 380 83 28 byggas
170 381 39 20 och
224 381 8 20 i
245 380 51 27 laga
310 380 59 21 skick
382 379 143 22 underhållas.

149 414 103 28 Slutligen
274 414 67 21 skulle
362 414 198 27 tjenstesportlarne
580 414 129 22 bestämmas
730 414 29 28 på
780 417 43 20 sätt

72 449 105 21 utskottet
190 447 115 30 föreslagit.
492 469 2 2 :

141 483 62 22 Hvad
217 483 67 22 sedan
298 483 104 22 beträffar
417 483 26 22 de
457 483 91 22 sålunda
563 483 44 22 dels
621 483 49 22 från
684 484 77 26 staten,
777 484 45 22 dels

72 517 49 22 från
135 518 180 27 församlingarnö
326 517 106 29 utgående
450 518 124 28 afgifternas
592 518 125 22 fördelande
731 518 91 22 emellan

71 553 165 27 presterskapet,
259 553 40 21 har
318 553 39 27 jag
378 553 67 21 redan
462 553 8 21 i
492 553 36 21 det
548 552 129 28 föregäende
698 553 75 28 antydt
795 553 26 21 de

71 586 145 28 grundsatser,
234 594 47 14 som
299 587 35 21 vid
351 587 169 21 bestämmandet
539 587 25 21 af
578 586 155 28 lönebeloppen
754 586 67 22 borde

70 621 71 27 följas.
171 621 45 21 Här
234 620 35 22 mä
288 621 74 21 endast
379 621 99 27 tilläggas
496 623 32 19 att
542 621 48 27 jag,
605 621 44 21 lika
664 621 48 21 med
727 621 41 21 den
782 620 38 22 nä-

72 656 51 26 diga
136 656 165 26 propositionen,
317 663 63 13 anser
394 654 184 23 löneförmänerna
593 655 33 21 för
641 654 107 23 ordinarie
762 658 60 26 prest

70 690 56 21 böra
140 691 77 26 utgöra
231 690 64 21 minst
309 691 27 19 80
351 692 78 19 tunnor
444 689 97 29 spanmä!
558 688 53 23 eller
626 689 61 23 deras
702 690 71 26 värde,
789 690 31 22 af-

72 724 127 28 kastningen
220 724 48 21 från
289 724 90 21 boställe
400 725 48 20 häri
468 724 132 28 inbegripen.
631 724 72 28 Något
724 725 96 21 maximi-

70 758 79 28 belopp
164 759 42 20 kan
222 758 18 28 ej
256 757 28 29 på
298 752 91 28 förhand
403 758 84 26 fixeras,
503 757 27 23 då
548 758 76 22 sådant
639 760 24 20 är
677 759 106 21 beroende
798 760 24 20 af

70 792 152 28 tillgängarne;
238 793 54 21 dock
309 793 61 21 torde
385 793 48 21 med
448 795 30 19 ett
490 793 152 27 jemförelsevis
656 793 48 21 icke
718 794 102 27 synnerli-

70 833 42 21 gen
127 828 55 20 stort
196 827 112 21 statistiskt
326 826 113 26 förarbete,
458 827 86 21 hvartill
561 827 74 27 nödigt
652 828 98 20 material
765 828 55 21 före-

68 861 76 26 finnes,
163 860 124 28 tillräckligt
303 868 111 20 noggrann
435 860 128 28 upplysning
584 860 33 22 stä
639 863 32 19 att
688 862 75 20 vinnas
785 867 35 16 om

71 894 62 23 dessa
147 894 115 29 tillgångar
277 896 55 20 samt
349 894 29 29 pä
396 895 68 28 grund
484 895 62 21 deraf
561 902 26 15 en
605 895 120 28 ungefärlig
743 896 75 21 beräk-

68 930 54 27 ning
136 929 7 21 i
158 929 59 22 detta
232 929 98 22 afseende
344 929 72 22 kunna
430 931 114 26 uppgöras,
560 931 33 20 att
609 929 59 28 tjena
685 930 34 21 till
732 930 87 28 ledning

70 964 36 22 vid
121 964 76 21 sakens
210 964 87 27 slutliga
311 964 122 27 afgörande.
546 956 8 8 N

138 998 43 22 Det
195 999 85 27 förslag,
293 999 38 27 jag
350 999 39 21 här
407 999 47 21 haft
472 1000 52 20 äran
539 999 8 21 i
562 1000 78 20 största
653 999 87 22 korthet
753 1000 65 21 fram-

68 1033 71 26 ställa,
155 1033 42 20 kan
211 1033 47 21 icke
273 1034 52 26 göra
339 1032 93 28 anspråk
447 1033 29 28 pä
490 1035 32 20 att
539 1035 104 19 uttömma
661 1035 72 20 ämnet
750 1034 8 21 i
776 1034 43 21 alla

69 1067 49 22 dess
141 1067 95 28 detaljer.
266 1067 72 22 Skulle
356 1067 118 22 detsamma
490 1068 65 21 vinna
572 1067 65 28 något
659 1067 99 22 afseende
779 1069 39 21 hos

69 1101 84 22 landets
170 1101 114 28 högloflige
302 1101 91 22 Ständer
411 1102 40 21 och
467 1102 88 21 särskilt
572 1102 94 21 hos-det
687 1102 131 28 högvördiga

68 1135 168 26 Prestaständet,
251 1136 63 21 hvars
328 1135 29 28 pä
371 1135 121 28 privilegier
507 1136 110 27 grundade
634 1138 49 24 rätt,
700 1135 70 22 säsom
784 1144 33 14 re-

70 1169 42 22 dan
127 1170 115 25 anmärkts,
257 1170 41 21 här
315 1171 24 20 är
357 1170 8 21 i
382 1169 68 28 fräga,
469 1170 54 21 skall
540 1169 107 22 mähända
665 1171 89 21 ärendet
771 1171 47 21 icke

68 1204 74 21 kunna
159 1204 35 21 vid
216 1204 70 21 denna
307 1204 103 27 landtdag
431 1204 87 27 bringas
540 1204 33 21 till
594 1204 82 28 slutligt
694 1205 122 27 afgörande.

68 1238 51 21 Men
137 1237 28 22 dä
183 1244 26 15 en
226 1237 68 22 sådan
311 1237 86 28 utgång,
416 1239 48 20 med
483 1238 99 21 afseende
600 1237 13 22 &
632 1239 25 20 de
675 1238 67 22 redan
760 1239 58 21 inom

68 1273 105 21 utskottet
190 1273 84 27 yppade
292 1273 116 26 väsentliga
430 1273 169 27 skiljaktigheter
620 1273 7 20 i
648 1273 143 28 meningarne,
810 1273 8 22 i

69 1307 30 20 all
113 1307 101 20 händelse
232 1307 101 20 förefallit
351 1307 42 26 mig
411 1307 139 26 tvifvelaktig,
566 1314 61 19 synes
642 1307 36 20 det
692 1307 58 27 ligga
764 1308 53 20 min-

69 1341 38 21 dre
121 1341 60 21 makt
195 1340 29 28 pä
238 1341 56 20 huru
308 1342 60 19 snart
382 1339 76 28 frägan
473 1340 89 28 afgöres,
576 1342 27 19 än
617 1341 56 21 huru
688 1341 129 26 densamma,

67 1374 35 23 till
123 1376 79 20 största
223 1374 127 28 ömsesidiga
367 1374 68 22 fördel
453 1374 33 22 för
504 1374 111 28 löntagare
636 1375 40 21 och
693 1375 124 28 löngifvare,

68 1408 37 22 mä
119 1409 72 24 kunna
204 1408 29 29 pä
251 1411 31 19 ett
299 1409 33 21 för
350 1408 43 22 alla
410 1409 85 21 rättvist
513 1409 40 21 och
571 1409 48 21 med
633 1410 92 27 kyrkans
739 1410 77 21 välför-

67 1443 79 23 städda
159 1444 90 22 intresse
263 1444 100 27 förenligt
377 1445 43 20 sätt
434 1444 107 27 varaktigt
556 1444 83 21 ordnas.
669 1444 41 28 Jag
724 1444 94 22 förutser
