1009 1692
190 108 33 15 488
389 106 71 22 Nådiga
470 107 138 21 Propositionen
620 106 34 16 N:o
668 107 26 15 11.

169 171 55 20 samt
241 169 56 28 förty
315 169 32 22 uti
364 170 37 20 sitt
419 169 58 21 öfver
495 169 161 27 Propositionen
675 168 82 28 afgifna
770 167 148 29 underdåniga

168 202 117 27 utlåtande,
303 204 61 20 hvari
383 204 36 20 det
435 202 122 28 uppgjorda
577 202 102 27 förslaget
699 202 34 21 för
748 202 65 27 öfrigt
827 202 69 21 blifvit
909 202 8 21 i

170 237 48 22 dess
232 237 164 28 väsendtligaste
411 237 60 22 delar
485 236 115 28 godkändt,
616 236 75 21 önskat
706 235 80 22 sådane
796 236 121 21 förändrin-

169 279 45 21 gar,
233 279 46 14 som
297 271 135 22 föranleddes
450 272 24 21 af
489 271 94 21 nämnda
601 271 61 28 åsigt,
678 271 7 21 i
700 270 218 22 öfverensstämmelse

168 307 102 21 hvarmed
285 305 80 28 jemväl
382 307 47 27 nytt
447 306 80 27 förslag
545 306 70 21 blifvit
629 305 24 22 af
667 305 120 22 Ständerna
800 305 119 28 uppgjordt

169 342 40 26 och
227 341 33 21 till
277 341 60 21 Hans
356 341 120 28 Kejserliga
493 341 111 28 Majestäts
622 339 85 30 Nådiga
724 340 144 29 bepröfvande
886 339 32 23 öf-

169 369 137 29 verlemnadt.

236 411 42 21 Vid.
297 410 154 28 öfvervägande
466 410 24 22 af
503 410 130 22 Ständernas
647 409 148 29 underdåniga
808 408 112 23 utlåtande

168 445 41 21 har
222 445 60 22 Hans
297 445 119 28 Kejserliga
430 445 101 28 Majestät
545 445 70 22 funnit
628 445 59 21 tiden
702 445 18 27 ej
737 446 58 20 ännu
805 452 52 14 vara
869 444 51 22 inne

168 479 35 23 för
221 478 146 23 dödsstraffets
386 480 133 28 fullkomliga
533 475 138 26 afskaffande
680 480 40 21 och
734 479 8 21 i
756 479 53 28 följd
824 479 62 21 deraf
899 479 19 28 ej

169 515 57 22 velat.
239 515 34 21 till
287 512 56 25 hvad
358 514 136 22 Ständerna
486 508 13 39 i
509 515 67 21 denne
587 515 34 20 del
631 514 116 22 framställt
757 515 72 21 lemna
838 513 82 29 Nådigt

168 548 68 28 bifall,
243 544 104 27 hvarföre
358 549 40 22 ock
409 549 41 22 den
459 545 94 26 nämnda
563 549 168 27 Propositionen,
744 548 70 23 såsom
822 548 24 22 af
851 549 69 27 begge

170 578 173 27 Statsmakterne
357 583 18 29 ej
391 584 8 21 i
415 584 47 21 dess
476 583 72 22 helhet
562 585 98 26 antagen,
675 583 89 22 kommit
779 585 32 19 att
824 583 94 22 förfalla.

169 618 58 27 Men
237 626 45 14 som
297 618 26 22 de
338 618 141 22 omförmälda
492 618 214 29 lagförändringarne
721 619 38 21 äro
774 618 34 22 för
822 618 97 23 rättstill-

169 652 85 23 ståndet
271 653 25 22 af
312 652 67 23 sådan
396 654 45 27 vigt
459 655 31 20 att
510 653 25 22 de
553 654 19 28 ej
591 653 54 22 böra
662 654 82 21 lemnas
761 653 107 22 beroende
887 653 33 22 till

170 695 26 17 en
218 687 119 30 aflägsnare
359 688 93 27 framtid,
470 687 32 23 :dä
525 688 40 23 den
587 696 42 20 nya
650 686 124 30 strafflagen
794 688 47 25 kan
854 688 66 23 varda

170 716 120 35 Ständerna
304 723 96 28 förelagd
415 724 40 21 och
470 724 63 23 träda
547 723 7 21 i
568 723 166 28 verkställighet,
745 723 41 21 har
798 723 61 21 Hans
869 723 52 27 Kej-

170 757 77 28 serliga
261 757 101 29 Majestät
375 758 57 22 velat
447 757 55 29 ånyo
517 759 52 27 göra
584 759 71 21 ämnet
669 758 33 21 till
712 757 90 23 föremål
813 757 34 22 för
858 757 62 23 Stän-

170 792 77 22 dernas
265 792 160 28 öfverläggning
439 795 56 19 samt
509 794 8 20 i
531 793 114 27 anledning
660 792 62 22 deraf
738 792 55 27 lätit,
808 793 8 20 i
829 792 91 22 hufvud-

169 826 69 28 saklig
252 827 218 22 öfverensstämmelse
484 827 48 22 med
547 827 56 22 hvad
617 827 45 21 dels
677 827 40 21 den
732 827 106 22 vid-förra
850 827 70 23 landt-

171 862 69 26 dagen
260 861 122 27 framlagda
402 862 163 27 Propositionen
585 861 128 27 innehåller,
737 857 45 36 dels
800 857 122 36 Ständerna

169 896 32 21 uti
220 896 62 22 .deras
301 896 97 22 deröfver
417 896 81 28 afgifna
517 896 110 22 utlätande
642 896 107 28 tillstyrkt,
764 897 98 26 uppgöra
876 895 44 23 för-

169 930 47 28 slag
230 930 33 22 till
278 930 26 22 de
319 930 115 28 ändringar
448 931 8 21 i
471 930 175 28 brottmälslagen
661 938 46 14 som
722 931 23 21 af
758 930 170 23 tidsförhällan-.

171 965 54 21 dena
239 972 64 22 synas
316 972 53 14 vara
382 967 97 20 närmast
492 965 114 28 päkallade
621 966 40 21 och
675 968 52 19 utan
739 967 32 21 att
782 966 86 22 afvakta
880 966 41 21 den

170 1000 139 29 fullständiga
325 1000 142 28 lagreformen
486 1000 71 23 kunna
576 1000 141 28 genomföras.
746 1000 68 26 Dessa
834 1000 88 22 ändrin-

170 1042 39 20 gar
226 1035 65 21 hafva
308 1042 36 19 nu,
363 1035 48 21 med
429 1035 99 21 afseende
547 1034 13 22 å
579 1036 100 21 ämnenas
698 1035 57 22 olika
772 1035 148 22 beskaffenhet

171 1069 40 21 och
229 1069 33 21 till
276 1069 142 21 befordrande
433 1070 25 20 af
470 1068 111 28 frägornas
595 1070 84 26 lösning
695 1068 127 24 åtminstone
836 1069 33 21 till
883 1068 38 22 nä-

170 1110 42 20 gon
227 1103 41 26 del,
282 1103 69 21 blifvit
365 1106 111 24 upptagna
490 1104 7 20 i
512 1103 35 22 två
562 1104 68 21 skilda
643 1103 159 28 författningar,
814 1104 106 27 nemligen

171 1137 41 21 den
227 1144 40 15 ena
281 1136 110 29 angående
406 1138 157 26 ,dödsstraffets
578 1138 151 27 upphäfvande
743 1137 35 22 för
792 1138 56 21 vissa
862 1138 60 21 brott

170 1173 55 21 samt
240 1172 91 27 ändring
346 1171 23 22 af
383 1172 107 21 allmänna
500 1172 74 28 lagens
586 1172 131 27 stadganden
728 1172 7 20 i
747 1171 107 29 åtskilliga
865 1172 56 26 fall",

171 1206 40 21 och
223 1206 40 21 den
274 1206 68 21 andra
353 1205 120 28 ,angående
484 1206 132 22 afskaffande
627 1206 24 22 af
657 1206 107 27 åtskilliga
778 1206 7 20 i
796 1206 36 27 lag
842 1206 80 27 begag-

170 1240 56 20 nade
247 1239 121 21 straffarter
392 1240 39 20 och
447 1240 62 21 deras
529 1240 121 21 ersättande
668 1247 76 20 genom
761 1240 68 21 andra
847 1240 73 25 straff,

170 1275 56 19 samt
240 1273 55 21 huru
310 1273 91 22 förfaras
417 1274 54 21 skall
486 1274 35 21 vid
535 1274 72 21 böters
618 1274 134 27 förvandling
764 1274 40 21 och
814 1281 106 14 samman-

170 1307 102 29 läggning
287 1307 24 22 af
324 1307 57 22 olika
396 1307 64 22 straff
471 1308 48 21 med
534 1311 76 18 mera.*

239 1342 81 23 Genom
339 1342 40 22 den
397 1341 90 24 sålunda
502 1343 123 28 föreslagna
638 1343 148 22 förstnämnda
800 1343 121 23 författnin-

170 1385 41 21 gen
225 1377 88 29 komme
331 1377 126 22 dödstraffet
474 1380 33 22 att
524 1377 87 28 gvarstä
629 1378 75 22 endast
722 1377 33 23 för
775 1379 27 21 de
816 1378 44 27 fall,
876 1385 47 15 som

171 1412 24 22 af
210 1412 145 26 rättskänslan
373 1412 60 22 alltid
451 1413 112 28 stämplats
581 1411 71 24 såsom
670 1413 59 23 brott
747 1413 25 23 af
785 1412 40 23 den
840 1413 82 28 gröfsta

171 1449 34 23 art
219 1447 41 22 och
274 1447 82 27 hvilkas
371 1447 109 28 försoning
494 1447 49 22 med
558 1455 26 14 en
598 1447 89 23 mildare
702 1447 140 28 bestraffning
853 1448 19 27 ej
884 1455 37 15 an-
