998 1689
212 130 33 16 322
418 127 71 23 Nådiga
500 128 136 21 Propositionen
648 127 34 16 N:o
694 127 16 16 5.

190 191 119 28 positionen
324 189 88 30 åsyftas;
428 191 40 21 och
482 189 29 23 då
524 189 179 29 kyrkoherdarne,
718 188 90 22 likasom
822 187 37 22 det
869 187 70 28 öfriga

190 225 107 23 ordinarie
313 225 164 28 presterskapet,
496 225 4 20 i
518 225 11 27 8
548 225 12 20 2
579 223 126 28 berättigats
723 221 33 23 till
773 221 126 29 åtnjutande
917 221 24 22 af

190 267 27 15 en
231 260 54 21 efter
299 259 61 22 deras
375 258 201 29 embetsbefattning
587 258 40 21 och
639 257 69 28 öfriga
722 256 149 23 förhållanden
885 256 53 21 läm-

190 295 43 28 pad
247 294 114 27 tillräcklig
376 293 103 28 aflöning,
497 293 40 22 har
555 293 115 22 utskottets
688 292 110 28 pluralitet
815 291 71 22 funnit
904 291 35 21 det

190 329 122 28 föreslagna
333 328 127 27 stadgandet
482 335 35 14 om
541 326 207 28 tertial-spanmälen
770 326 54 21 böra
848 325 92 22 sålunda

189 363 79 22 ändras
286 365 33 20 att
334 363 123 21 densamma
473 361 118 23 bibehålles
609 361 71 22 såsom
695 363 31 20 ett
737 361 203 28 jordlägenheterne

190 397 112 28 åliggande
316 397 94 28 ständigt
425 397 76 27 bidrag
515 396 33 22 till
561 396 170 28 presterskapets
745 395 101 28 aflöning.

257 433 43 21 För
315 433 32 20 att
358 431 36 21 det
404 432 8 20 i
425 432 8 27 &
446 433 12 19 7
470 431 121 28 föreslagna
605 431 75 27 utbyte
694 430 24 21 af
731 430 29 21 all
774 433 72 18 annan
856 428 83 27 tionde,

190 473 50 15 vare
254 467 33 28 sig
301 467 73 25 smör-,
390 466 48 21 fisk-
453 464 52 23 eller
523 465 139 28 gvicktionde,
678 466 57 20 emot
752 463 112 22 bestämda
872 462 68 29 afgif-

189 503 40 24 ter,
244 501 20 28 ej
279 499 36 23 mä
329 507 61 15 anses
405 499 103 22 innebära
521 500 121 28 skyldighet
655 499 34 22 för
703 498 118 29 löngifvare
837 499 40 21 att:
889 497 51 23 ovil-

189 535 97 28 korligen
293 535 87 27 erlägga
388 535 29 21 all
425 535 70 21 denna
505 534 72 22 tionde
587 534 8 21 i
601 534 125 28 penningar,
734 534 138 27 hvarigenom
879 532 62 23 desse

189 571 8 20 i
204 569 79 28 mänga
289 569 39 22 fall
339 569 69 22 kunde
416 569 125 28 tillskyndas
549 570 68 20 större
628 569 92 22 kostnad
728 569 40 21 och
776 575 71 15 annan
854 568 86 27 olägen-

190 605 43 26 het,
244 611 49 15 men
303 604 159 28 presterskapet
473 602 46 23 äter
529 603 14 22 &
557 603 32 22 sin
601 603 47 22 sida
658 603 34 22 för
702 603 115 22 framtiden
827 602 67 22 mätte
904 603 37 22 be-

190 639 52 22 frias
257 638 48 23 från
320 638 98 22 besväret
432 638 48 21 med
498 638 99 28 uppbörd
616 638 24 21 af
656 638 154 27 gvicktionden,
826 638 63 21 hvars
905 638 35 21 be-

191 674 51 27 lopp
264 673 8 22 i
294 673 27 22 de
342 673 62 22 flesta
424 673 40 21 fall
485 673 97 28 erlägges
604 673 54 21 efter
679 672 143 28 löngifvarens
843 673 98 28 ensidiga

191 708 86 28 uppgift
291 715 35 14 om
341 708 32 21 sin
388 707 60 26 afvel,
463 709 53 20 utan
533 707 112 28 möjlighet
658 707 34 22 för
706 705 126 30 löntagaron
847 708 32 20 att
894 707 47 22 der-

192 743 59 22 öfver
264 742 74 22 utöfva
355 742 62 22 säker
435 742 98 26 kontroll,
552 749 61 20 synes
623 742 113 21 utskottet
752 741 124 28 lämpligast
890 748 52 15 vara

192 779 32 20 att
240 775 164 30 ifrågavarande
421 776 73 22 tionde
511 776 115 22 fastställes
648 776 32 21 till
698 777 52 21 visst
771 777 85 26 belopp,
874 777 67 21 smör-

193 813 40 21 och
253 811 128 22 fisktionden
402 811 8 21 i
431 811 75 28 sjelfva
527 818 66 15 varan
615 813 55 20 samt
692 807 148 32 qvicktionden
861 812 8 21 i
890 819 51 20 pen-

193 847 82 28 ningar.

262 881 71 22 Sedan
350 881 60 21 Hans
428 881 119 28 Kejserliga
568 881 102 28 Majestät
690 881 36 21 vid
747 881 70 22 denna
838 881 105 28 landtdag

192 916 93 28 förelagt
299 915 121 22 Ständerna
433 916 132 27 proposition
580 923 34 14 om
629 915 117 22 förändrad
761 915 69 28 gränd
839 916 35 21 för
882 915 60 29 jord-

193 951 134 28 lägenheters
339 950 126 28 deltagande
478 951 8 21 i
501 951 76 28 kyrko-
589 951 40 22 och
640 950 230 29 prestgårdsbyggnad,
881 951 62 22 torde

193 985 162 28 bestämningen
367 985 8 20 i
390 985 12 28 $
418 987 18 24 8,
452 984 69 23 såvidt
539 984 67 29 angår
624 985 100 28 byggnad
739 986 40 21 och
793 985 114 22 underhåll
921 985 24 22 af

193 1019 102 29 prestbol,
313 1019 54 22 böra
384 1020 104 21 uteslutas
506 1020 40 21 och
564 1020 7 21 i
589 1020 71 21 stället
678 1020 80 22 införas
777 1022 31 19 att
830 1020 57 22 hvad
909 1027 34 14 om

191 1054 184 28 jordlägenheters
390 1053 127 28 deltagande
527 1054 8 21 i
545 1053 224 30 prestgårdsbyggnad
780 1054 101 22 särskildt
895 1054 48 22 blif-

193 1089 30 21 vit
238 1088 105 28 stadgadt,
359 1087 62 22 äfven
435 1088 68 21 skulle
517 1088 58 28 gälla
589 1088 68 28 öfrige
671 1088 101 28 prestbol.

262 1122 119 22 Utskottets
399 1122 110 28 pluralitet
526 1123 40 21 har
583 1123 71 21 funnit
672 1123 36 21 det
725 1130 52 14 vara
794 1123 49 22 med
860 1124 83 26 presta-

194 1156 102 22 embetets
313 1156 112 28 värdighet
442 1156 50 28 föga
509 1156 106 28 förenligt,
634 1158 33 20 att
685 1157 26 22 de
724 1157 8 21 i
754 1158 5 27 $
775 1159 26 20 10
815 1157 129 22 omnämnde

193 1191 157 27 förrättningar
363 1191 53 21 eller
433 1192 66 20 annat
517 1192 171 26 embetsbiträde,
706 1192 89 21 hvarom
812 1194 60 25 prest
891 1192 52 22 anli-

194 1227 40 23 tas,
249 1225 61 21 skola
325 1224 24 21 af
359 1226 206 26 penningeuppbörd
584 1224 91 28 åtföljas,
694 1227 56 19 samt
767 1226 68 20 under
852 1226 91 26 inflytel-

194 1265 38 14 sen
247 1258 24 20 af
283 1258 70 20 denna
367 1257 56 27 äsigt
437 1258 97 21 förordat
549 1260 31 19 att
595 1258 41 21 den
651 1259 159 27 presterskapet
823 1259 34 21 för
872 1260 71 26 dylika

193 1291 154 27 förrättningar
364 1291 160 23 tillkommande
538 1292 159 28 vedergällning
713 1292 85 28 utbytes
817 1295 57 19 emot
888 1294 56 21 vissa

193 1326 34 22 till
240 1325 102 28 beloppet
358 1325 110 22 bestämde
485 1326 115 28 utskylder,
616 1326 53 22 efter
686 1327 118 28 beräkning
820 1327 24 22 af
855 1327 42 22 den
911 1328 32 21 in-

193 1360 76 26 komst,
289 1360 158 28 presterskapet
464 1361 68 21 under
551 1361 26 21 de
594 1361 30 21 tio
643 1362 86 21 sednast
746 1362 102 22 förflutna
866 1361 52 23 ären
935 1363 9 21 i

193 1395 100 22 medeltal
307 1395 8 21 i
331 1395 61 22 dessa
406 1395 115 22 afseenden
535 1395 82 22 kunnat
631 1395 107 29 päräkna;
756 1396 32 22 till
803 1396 51 29 följe
868 1397 78 23 hvaraf

193 1429 157 29 stadganderne
365 1430 72 21 derom
451 1430 8 21 i
474 1429 121 29 åberopade
600 1424 11 38 &
628 1428 70 25 blifvit
708 1431 7 21 i
726 1431 217 23 öfverensstämmelse

192 1464 90 21 härmed
297 1464 101 22 ändrade.
