1000 1686
209 127 33 16 194
414 126 71 23 Nådiga
497 127 135 22 Propositionen
643 128 35 17 N:o
689 128 17 17 4.

184 189 104 28 förslaget
299 189 80 28 jemväl
393 189 65 21 afsett
473 189 160 28 skolstyrelsens
648 189 105 28 skiljande
767 189 48 22 från
831 189 25 21 de
870 189 63 28 kyrk-

184 223 44 28 liga
246 223 178 26 auktoriteterna;
446 223 99 22 hvarföre
563 224 40 21 och
622 231 46 14 som
685 225 184 26 patronatsrätten
887 224 47 21 icke

185 257 142 22 sammanstår
344 258 49 21 med
411 258 26 24 de
455 258 108 27 principer
581 258 104 27 förslaget
702 257 118 22 innehåller
841 258 93 21 rörande

185 291 129 22 besättande
329 292 24 21 af
368 292 149 27 presttjenster
535 292 8 21 i
558 292 121 26 allmänhet,
695 294 56 19 samt
765 292 38 21 allt
817 292 56 22 hvad
888 300 46 14 som

185 326 63 22 berör
263 326 291 28 kyrkomötes-institutionen
573 326 114 28 lämpligen
707 327 42 21 kan
767 326 118 28 uppställas
901 326 33 22 så-

185 367 46 14 som
246 362 30 20 ett
291 360 24 22 af
327 360 217 28 kyrkolagsförslaget
558 361 7 20 i
581 360 64 28 öfrigt
660 361 119 21 oberoende
790 361 50 26 helt,
852 361 81 21 utskot-

185 395 38 25 tet,
245 394 107 28 likmätigt
373 395 37 21 sitt
431 395 99 27 uppdrag
549 397 32 19 att
599 395 61 21 äfven
675 396 7 20 i
698 395 62 21 dessa
778 395 59 21 delar
855 395 80 28 afgifva

185 428 141 26 betänkande,
342 429 108 21 vördsamt
464 428 101 23 föreslår:

185 494 27 22 I.
241 494 119 29 Angående
379 500 27 16 en
426 494 68 22 sådan
515 494 158 29 domkapitlens
695 494 154 29 organisation,
871 495 63 22 hvar-

241 529 85 29 igenom
352 529 167 27 skolstyrelsens
545 529 167 22 handhafvande
737 530 82 22 komme
842 529 34 23 att
896 529 38 23 för

242 563 117 22 framtiden
373 563 78 29 skiljas
465 563 50 22 från
531 563 26 22 de
572 563 105 28 kyrkliga
692 563 184 22 auktoriteterna:

378 617 33 18 att
427 614 82 21 landets
524 614 117 29 höglofliga
656 613 103 28 Ständer,
769 615 42 28 för
826 615 40 21 den
882 615 52 22 hän-

322 649 56 21 delse
391 652 33 17 att
435 648 222 30 kyrkolagsförslaget
668 650 10 20 i
689 651 34 19 sin
735 649 70 22 helhet
811 649 46 22 icke
866 649 68 22 kunde

323 683 25 29 af
364 683 47 21 dem
430 687 97 24 antagas,
547 684 65 20 måtte
630 685 10 19 i
657 684 173 28 underdånighet
839 685 93 28 föreslå,

322 721 34 17 att
374 717 75 21 XXII
466 717 48 29 kap.
534 725 33 14 om
585 717 138 29 domkapitel,
743 719 4 20 i
762 719 40 20 den
811 719 63 28 form
889 719 44 22 det-

321 759 82 14 samma
418 753 25 27 af
455 751 125 22 Ständerna
592 752 72 29 blifvit
675 753 118 28 godkändt,
805 754 70 21 såsom
886 755 48 20 sär-

323 786 53 21 skilt
384 787 140 28 författning
539 786 108 29 utfärdas.

185 847 39 22 IL.
256 846 140 23 Beträffande
413 846 86 29 frågan,
517 846 107 23 huruvida
642 847 41 23 och
703 847 8 22 i
732 848 89 22 hvilken
840 848 94 30 ordning

254 881 43 22 den
314 881 34 22 uti
368 887 29 16 nu
419 881 102 29 gällande
542 882 110 28 kyrkolag
675 882 114 22 omordade
811 882 123 30 patronats-

253 915 76 23 rätten
343 915 34 22 må
391 915 36 22 för
441 915 117 23 framtiden
572 916 109 28 upphöra:

379 964 33 17 att
427 961 82 21 landets
525 960 117 30 höglofliga
656 960 97 23 Ständer
768 963 65 21 måtte
843 963 42 29 för
900 964 35 20 sin

321 995 35 21 del
377 996 71 20 uttala
470 995 41 21 den
533 996 64 28 åsigt,
617 999 33 17 att
664 998 167 26 patronatsrätt
853 998 81 21 hädan-

323 1030 54 28 efter
395 1029 45 21 icke
459 1030 74 21 vidare
552 1030 36 21 må
606 1030 72 28 någon
690 1030 117 30 förunnas,
827 1035 55 17 samt
901 1035 33 18 att

323 1064 132 28 beträfande
471 1064 53 26 dem,
540 1072 44 13 som
599 1064 58 29 dylik
669 1066 48 20 rätt
727 1066 69 20 redan
810 1066 123 30 innehafva,

322 1097 63 22 Hans
404 1098 123 28 Kejserliga
545 1098 105 29 Majestät
668 1100 72 25 måtte,
761 1100 54 28 efter
833 1101 102 21 vederbö-

323 1133 78 20 randes
421 1133 102 26 hörande,
542 1133 89 28 vidtaga
650 1133 68 22 sådan
736 1135 81 28 åtgärd
833 1135 35 21 till
882 1143 52 21 upp-

322 1166 107 29 häfvande
445 1167 64 28 deraf
515 1167 43 28 för
567 1167 130 28 framtiden,
713 1175 45 14 som
773 1169 54 28 efter
844 1170 35 27 lag
896 1170 38 21 och

322 1201 105 21 särskilta
443 1201 182 28 omständigheter
640 1201 42 22 kan
696 1203 167 28 ifrågakomma.

186 1263 36 21 IV.
251 1262 168 23 Vidkommande
438 1262 85 29 frågan,
542 1269 33 16 om
593 1263 48 22 icke
660 1263 41 22 allt
715 1264 58 22 hvad
787 1265 8 20 i
808 1265 61 22 XXV
883 1266 51 29 kap.

250 1297 90 28 stadgas
365 1296 112 29 angående
502 1297 128 28 kyrkomöte
656 1297 79 28 kunde,
765 1298 120 24 oberoende
911 1300 26 23 af

250 1331 229 28 kyrkolagsförslaget
493 1331 8 22 i
516 1331 73 29 öfrigt,
605 1331 92 29 antagas
712 1332 69 23 såsom
795 1333 44 29 lag,
854 1334 33 23 att
902 1335 32 22 uti

251 1365 92 23 särskilt
356 1365 133 29 författning
502 1365 109 23 utfärdas:

379 1420 34 18 att
429 1417 81 21 landets
526 1417 117 29 höglofliga
654 1416 105 29 Ständer,
768 1419 43 29 för
825 1420 41 21 den
881 1420 53 22 hän-

323 1452 56 21 delse
394 1455 33 18 att
442 1451 222 30 kyrkolagsförslaget
678 1454 10 20 i
702 1454 35 20 sin
751 1454 69 22 helhet
835 1455 45 21 icke
896 1463 38 14 an-
