1000 1684
214 128 32 16 228
417 125 73 23 Nådiga
501 126 136 22 Propositionen
649 126 34 17 N:o
695 127 16 15 4.

191 190 49 28 mig,
256 188 135 23 alldenstund
403 189 39 28 jag
456 188 100 26 förutser,
575 190 32 20 att
624 186 217 30 församlingsvården
854 187 85 29 härige-

190 232 50 14 nom
261 222 69 23 måste
351 224 85 20 komma
458 224 32 20 att
511 223 51 25 lida,
583 223 45 21 lika
645 223 52 21 visst
715 230 46 14 som
780 222 160 28 stiftsstyrelsen

192 258 109 28 ingenting
323 258 43 21 kan
387 258 69 21 vinna.
487 257 32 21 De
541 257 158 27 församlingar,
721 256 49 22 från
787 256 71 22 hvilka
878 256 62 22 deras

192 292 107 22 ordinarie
317 294 83 26 prester
418 291 90 22 sålunda
526 291 84 22 komme
625 293 32 19 att
671 291 8 21 i
694 290 160 28 stiftsstyrelsen
868 290 72 22 indra-

192 334 44 21 gas,
255 326 68 22 skulle
340 326 106 28 nemligen
464 326 102 21 försättas
584 326 8 20 i
607 325 100 21 afseende
725 324 13 22 å
756 325 41 21 den
812 325 129 28 presterliga

192 360 198 22 administrationen
403 360 8 21 i
426 366 82 16 samma
522 359 121 28 onaturliga
657 359 55 28 läge,
724 366 45 14 som
781 359 25 21 de
818 358 123 23 nuvarande

192 396 247 26 annexe-pastoraterna,
452 402 35 13 om
497 394 82 21 hvilkas
591 393 132 22 afskaffande
734 395 71 20 rösten
816 394 62 21 torde
889 400 52 15 vara

192 436 26 15 en
232 429 8 21 i
254 429 50 21 hela
317 428 83 27 landet;
423 429 41 20 och
481 427 29 28 på
528 428 68 21 andra
611 427 62 22 sidan
687 427 71 22 kunde
774 427 35 22 det
822 427 56 22 blott
894 427 47 22 allt-

192 463 34 22 för
240 463 41 22 lätt
294 462 78 26 hända,
388 464 38 24 att,
438 469 77 20 genom
525 461 143 23 valområdets
679 462 153 27 inskränkning
842 462 34 21 till
886 461 57 22 blott

192 497 41 22 och
248 497 76 22 endast
338 497 80 28 stiftets
429 497 147 28 presterskap,
592 496 111 28 dugligare
715 497 39 20 och
765 496 33 21 till
808 496 134 22 bedömande

193 531 24 22 af
236 531 41 22 den
299 531 89 28 djupare
411 531 133 27 theologiska
565 531 110 21 lärdomen
693 531 8 20 i
719 531 35 20 det
772 531 80 26 förhör,
873 531 11 28 &
901 532 41 20 164

193 566 97 26 omtalar,
308 565 50 22 vida
375 565 127 28 skickligare
524 572 102 21 personer
644 565 70 22 blefve
731 564 49 23 frän
797 565 95 22 tillträde
909 565 33 22 till

194 599 159 30 stiftsstyrelsen
368 599 121 28 utstängde.

295 659 30 22 Af
336 659 84 23 Doktor
433 659 82 29 Bergh:

261 703 11 22 I
287 710 26 14 en
328 701 128 30 föregående
470 703 132 22 reservation
617 703 41 22 har
673 710 26 15 en
713 703 118 28 väsendtlig
842 703 101 23 afvikelse

194 737 56 23 ifrån
275 737 235 28 Kyrkolagsutskottets
534 737 86 28 mening
645 737 133 23 beträffande
800 738 143 29 kyrkotukten

194 773 131 28 gemensamt
343 772 23 21 af
382 772 56 21 Herr
452 772 143 27 Domprosten
608 773 40 20 D:r
661 772 58 27 Borg
735 773 39 21 och
788 773 44 27 mig
846 773 96 22 uttalats.

193 807 50 22 Men
258 806 112 22 enahanda
380 806 176 28 betänkligheter,
568 813 46 15 som
625 806 124 22 framkallat
759 807 66 28 sagde
836 807 106 28 afvikelse,

193 841 72 28 nödga
279 841 43 28 mig
338 842 32 20 att
380 840 80 28 jemväl
475 842 56 20 emot
545 839 68 30 nägra
628 841 69 21 andra
708 841 24 22 af
740 841 98 22 bemälde
852 842 92 22 utskotts

194 875 110 29 pluralitet
328 875 122 27 föreslagna
475 875 111 28 meningar
610 876 156 22 vördsammast
790 876 88 28 inlägga
899 877 45 21 min

194 909 106 23 särskilda
313 910 138 21 reservation.

262 944 33 21 En
310 944 25 21 af
348 944 40 20 den
402 944 110 22 lutherska
529 944 93 28 kyrkans
640 945 164 27 väsendtligaste
823 946 121 27 signaturer

195 978 33 22 till
244 977 106 22 ätskilnad
360 977 56 22 ifrän
428 978 42 22 alla
482 978 68 22 andra
560 978 168 28 kyrkosamfund
739 980 64 26 utgör
815 979 47 22 dess
878 980 67 21 sköna

194 1012 140 22 berömmelse
352 1014 32 20 att
402 1012 64 22 hafva
485 1012 64 22 fattat
566 1026 28 3 —
612 1012 71 22 såsom
701 1013 49 21 Gud
768 1014 40 20 och
826 1014 118 27 menniska,

196 1046 35 22 det
246 1046 122 28 gudomliga
386 1046 40 23 och
444 1046 118 29 menskliga
580 1060 28 3 —
626 1046 24 22 sä
669 1048 40 21 ock
727 1048 36 21 det
782 1048 107 29 objektiva
904 1048 40 22 och

195 1080 119 29 subjektiva
331 1081 9 21 i
356 1080 158 22 kristendomen
532 1082 8 20 i
558 1081 62 21 deras
638 1088 68 14 sanna
725 1082 39 20 och
782 1082 106 28 innerliga
901 1082 43 22 för-

194 1114 107 27 hällande,
315 1114 97 22 lefvande
427 1115 134 27 gemenskap,
580 1115 141 22 vexelverkan
739 1116 40 21 och
794 1116 104 28 jemnvigt
912 1116 33 22 till

195 1149 127 22 hvarandra.
352 1149 76 21 Denna
446 1149 33 21 sin
498 1149 96 28 signatur
612 1149 40 21 har
666 1150 43 21 hon
723 1149 101 29 pätryckt
838 1150 60 22 såväl
912 1151 33 22 sin

195 1190 53 15 rena
261 1184 48 20 lära
323 1183 41 21 och
378 1184 33 20 sin
425 1184 77 27 nyktra
516 1183 52 26 kult,
583 1183 100 22 hvarföre
698 1184 41 21 den
754 1184 40 21 ock
808 1184 46 22 står
868 1185 77 29 tydligt

196 1217 89 27 preglad
299 1218 8 20 i
321 1217 80 21 hennes
418 1217 139 27 uppfattning
572 1224 34 14 om
620 1218 69 20 Kristi
703 1225 85 20 person,
804 1226 34 14 om
854 1218 40 22 den
908 1219 36 21 he-

196 1251 44 27 liga
254 1250 68 26 skrift,
338 1257 34 14 om
387 1250 180 26 sakramenterna,
586 1250 94 21 särdeles
699 1251 41 21 den
754 1252 41 21 hel.
810 1252 133 27 nattvarden,

198 1291 34 15 om
250 1283 94 30 kyrkans
362 1284 92 29 begrepp
473 1291 19 14 o.
511 1291 16 15 s.
546 1291 18 15 v.
594 1284 91 22 Derföre
702 1284 41 22 har
760 1285 43 22 hon
821 1285 49 22 med
888 1287 58 21 rätta

196 1319 77 28 intagit
291 1318 33 22 sin
342 1319 56 27 plats
417 1317 71 22 såsom
506 1318 40 22 den
564 1325 64 20 ,rena
647 1319 86 22 lärans*
752 1320 40 21 och
811 1319 41 22 den
866 1328 79 19 ,sanna

196 1354 91 21 midtens
300 1352 78 29 kyrka"
392 1353 78 21 mellan
483 1353 25 22 de
520 1353 112 22 katholska
644 1353 116 29 kyrkornas
772 1355 91 28 sinnliga
875 1355 69 30 objek-

197 1389 72 22 tivism
284 1387 13 22 &
311 1395 41 14 ena
366 1388 41 21 och
422 1387 40 22 den
476 1387 127 22 reformerta
616 1388 94 29 kyrkans
722 1389 66 27 jemte
799 1390 147 27 hvarjehanda

196 1423 136 28 sektkyrkors
343 1422 173 27 spiritualistiska
526 1421 147 30 subjektivism
685 1422 13 23 &
709 1424 68 21 andra
787 1424 68 21 sidan.
870 1425 76 22 Denna

196 1457 72 29 pregel
283 1456 40 22 bör
337 1456 139 28 följaktligen,
492 1455 24 23 sä
530 1456 45 22 vidt
588 1457 90 28 möjligt,
691 1457 61 23 äfven
762 1458 100 22 utmärka
872 1459 73 28 hvarje
