1000 1692
286 105 72 23 Nådiga
369 106 137 22 Propositionen
517 105 35 19 N:o
563 106 17 17 4.
750 107 32 17 209

52 168 71 23 blifvit
141 168 93 22 uttaladt
251 168 8 22 i
278 168 27 23 de
323 169 130 29 symboliska
470 170 113 26 böckerna,
602 169 104 23 innebära
727 170 27 21 de
775 177 29 14 nu

53 210 89 15 snarare
160 203 41 27 det,
217 205 32 20 att
267 203 36 22 det
320 204 201 28 hufvudsakligaste,
540 211 49 15 men
606 204 46 22 icke
671 204 39 22 allt
728 204 24 22 af
768 204 36 22 det

53 238 82 22 kristna
150 236 161 24 trosinnehållet
324 238 68 22 finnes
407 238 94 22 uttaladt
514 239 8 21 i
538 238 61 22 dessa
613 239 85 21 böcker.

121 271 34 23 Då
167 272 38 28 jag
219 272 29 28 pä
263 273 69 27 grund
350 273 24 22 af
390 273 56 21 hvad
462 273 39 28 jag
518 280 30 14 nu
566 273 72 21 anfört
655 272 47 22 icke
716 273 42 21 kan
772 267 36 27 föl

54 313 53 18 rena
124 306 45 28 mig
187 314 35 14 om
239 306 124 29 någondera
381 307 22 22 af
422 307 26 22 de
467 307 126 22 alternativa
607 307 81 29 förslag
701 308 105 21 utskottet

53 340 122 27 framställt,
190 341 40 21 och
246 340 27 23 då
284 341 39 28 jag
338 341 46 22 icke
402 342 67 22 heller
488 342 68 22 envist
569 341 38 22 vill
620 341 94 22 vidhålla
729 342 40 21 den
783 342 25 22 af

53 376 44 28 mig
111 376 8 21 i
136 376 53 21 1863
205 375 35 22 års
254 376 196 28 kyrkolagsförslag
465 376 76 28 gjorda
555 376 171 28 formuleringen,
738 376 67 22 ehuru

51 409 39 29 jag
104 410 48 22 icke
166 410 43 22 kan
223 410 113 29 medgifva,
352 412 31 20 att
398 411 41 21 den
454 412 24 20 är
492 410 25 22 så
532 410 86 22 alldeles
629 410 118 28 förkastlig,
759 418 45 15 som

55 444 44 22 den'
113 444 70 23 blifvit
201 445 125 27 framställd,
345 447 53 20 utan
416 446 81 28 ganska
514 446 35 22 väl
566 444 56 23 låter
643 446 96 22 försvara
754 446 50 28 sig,

54 481 53 20 utan
118 480 40 28 jag
172 481 90 21 tvertom
277 487 67 21 gerna
355 480 37 22 vill
406 476 111 26 modifiera
532 480 122 22 densamma
668 481 8 21 i
691 482 68 20 större
774 480 30 22 öf-

55 514 196 22 verensstämmelse
268 515 8 21 i
294 515 86 21 formelt
398 515 98 22 afseende
514 515 48 22 med
578 515 46 26 den,
640 522 46 15 som
700 515 104 22 förekom-

54 550 67 20 mer
112 545 15 37 i
140 549 41 22 den
198 549 121 28 Kejserliga
337 550 166 28 propositionen,
522 549 24 22 så
564 549 34 22 får
614 550 38 27 jag
671 549 34 22 för
721 550 83 21 landets

55 583 92 23 Ständer
162 582 78 23 föreslå
255 584 94 28 följande
363 584 138 28 formulering
516 584 24 22 af
554 586 53 20 1:sta
622 584 56 28 $:en:

124 618 59 27 vDen
198 618 242 29 evangelisk-lutherska
458 618 84 30 kyrkan
559 620 10 20 i
582 618 98 22 Finland
699 619 106 21 bekänner

55 654 34 28 sig
108 653 36 21 till
162 654 40 20 den
220 654 112 20 allmänna
351 653 103 29 kristliga
472 657 42 23 tro,
532 660 45 15 som
595 654 101 28 grundad
713 654 10 21 i
746 652 59 23 Guds

55 688 73 28 heliga
143 688 47 26 ord,
206 688 36 21 det
259 688 73 28 gamla
351 688 39 21 och
407 696 43 21 nya
469 692 142 17 testamentets
627 688 122 29 profetiska
767 688 39 21 och

56 722 133 29 apostoliska
207 721 96 30 skrifter,
324 724 27 19 är
369 723 86 21 uttalad
472 724 10 20 i
500 723 40 21 den
563 723 71 21 äldsta
656 722 94 29 kyrkans
773 726 32 17 tre

56 756 192 30 hufvudsymboler,
263 760 56 18 samt
334 758 36 20 till
384 757 25 21 de
425 757 198 29 lärogrundsatser,
640 756 73 22 hvilka
723 758 41 20 den
776 757 30 21 lu-

56 790 89 22 therska
159 791 84 29 kyrkan
256 791 48 21 med
323 792 97 28 afseende
440 792 13 20 &
471 793 38 20 sitt
522 792 143 28 förhällande
682 792 35 21 till
732 792 74 29 öfriga

56 825 86 22 kristna
157 825 168 30 kyrkosamfund
343 826 106 29 uppställt
466 827 10 20 i
494 827 40 21 den
553 825 158 30 augsburgiska
729 826 76 22 bekän-

55 861 72 22 nelsen
142 860 38 22 och
194 860 92 21 nämnde
303 860 78 29 kyrkas
397 861 74 28 öfriga
485 862 10 20 i
509 861 40 22 den
568 861 24 21 sä
610 861 85 22 kallade
715 861 91 21 konkor-

56 894 103 23 dieboken
172 898 111 26 upptagna
298 895 222 29 bekännelseskrifter,
529 895 152 29 fasthällande
692 896 70 20 såsom
773 895 33 22 be-

57 930 125 21 kännelsens
197 929 76 29 högsta
291 930 36 27 lag
347 930 41 21 den
406 930 10 20 i
434 930 61 21 dessa
514 929 214 29 bekännelseskrifter
747 929 60 22 klart

56 963 110 30 uttryckta
181 964 114 29 orubbliga
310 965 125 28 sanningen,
452 968 32 17 att
500 963 59 23 Guds
575 964 71 29 heliga
662 964 40 21 ord
714 965 27 20 är
752 965 54 21 enda

56 1000 139 25 rättesnöret,
211 999 109 30 hvarefter
336 999 31 21 all
382 999 50 22 lära
447 1000 9 20 i
472 999 82 29 kyrkan
572 998 57 22 skall
644 1006 61 15 anses
721 999 38 22 och
774 999 33 22 be-

57 1034 92 21 dömas."

125 1069 25 28 88
163 1069 27 20 14
204 1068 40 21 och
259 1069 48 20 457.
336 1068 64 22 Emot
414 1067 229 30 kyrkolagsutskottets
656 1067 77 27 beslut,
744 1068 62 22 hvar-

56 1102 91 23 medelst
161 1102 36 22 det
212 1103 93 27 godkänt
320 1102 62 22 dessa
396 1103 32 28 $$,
439 1103 7 20 i
459 1103 72 22 hvilka
546 1103 40 21 den
601 1102 125 28 förändring
740 1102 67 22 finnes

58 1137 63 28 gjord
135 1137 7 21 i
157 1137 148 22 motsvarande
320 1137 24 28 $$
359 1137 8 21 i
384 1139 53 20 1863
457 1136 35 23 års
510 1137 195 28 kyrkolagsförslag
721 1137 57 28 (kap.
794 1139 12 20 3

58 1173 12 27 8
86 1173 13 20 8
116 1172 40 21 och
170 1171 49 28 kap.
235 1173 26 20 25
277 1173 11 27 &
305 1172 28 27 6),
349 1173 32 20 att
394 1172 78 22 medan
487 1172 38 21 der
538 1172 139 28 kyrkomötet,
689 1171 70 22 såsom
774 1173 33 20 ut-

57 1206 95 29 görande
167 1213 26 15 en
207 1206 169 27 representation
396 1206 24 21 af
435 1206 88 29 kyrkan,
542 1206 137 22 tillerkännes
698 1207 33 21 att
748 1206 60 22 stifta

56 1241 37 28 lag
106 1241 9 21 i
130 1241 39 21 allt
183 1247 45 15 som
239 1241 36 21 rör
286 1241 56 21 blott
351 1241 92 28 kyrkans
455 1248 54 20 egna
520 1241 177 28 angelägenheter
708 1242 55 21 samt
774 1243 34 19 att

58 1275 67 22 sädan
143 1275 36 28 lag
196 1275 102 21 förändra
316 1275 40 22 och
374 1275 101 26 förklara,
498 1275 54 22 dock
574 1275 24 22 sä
619 1277 33 19 att
672 1275 135 28 kyrkomötes

57 1310 71 22 beslut
145 1309 67 22 borde
230 1310 136 27 regeringens
384 1309 155 28 godkännande
561 1309 148 26 underställas,
732 1310 75 27 kyrko-

57 1344 77 21 mötets
148 1343 127 27 befogenhet
289 1343 70 21 blifvit
372 1343 112 20 inskränkt
497 1343 33 20 till
545 1344 32 19 att
592 1343 75 21 endast
681 1341 79 23 föreslä
774 1341 33 22 sä-

59 1378 43 21 dan
119 1377 36 27 lag
174 1378 55 19 samt
246 1375 67 22 sädan
331 1376 162 28 lagförändring
515 1376 40 21 och
576 1376 128 28 förklaring,
726 1376 82 28 nödgas

56 1412 40 28 jag
113 1418 109 15 reservera
240 1411 49 28 mig.
319 1411 38 22 Uti
374 1411 118 22 motiverna
510 1410 33 22 till
559 1412 53 21 1863
632 1410 36 23 ärs
685 1411 123 28 kyrkolags-

59 1445 81 29 förslag
155 1446 71 28 (pagg.
244 1447 110 20 134—137
369 1447 56 20 samt
442 1453 62 20 pagg.
525 1446 121 28 214—237)
664 1445 40 22 har
719 1445 39 29 jag
776 1447 33 20 ut-

720 1487 21 16 14
