1025 1678
327 99 72 23 Nådiga
411 101 138 21 Propositionen
561 101 34 16 N:o
609 102 27 15 12.
809 101 32 17 563

110 162 42 22 den
171 162 69 28 grund
259 163 33 21 att
309 164 88 27 torpare
415 164 41 21 och
475 163 162 27 handtverkare,
652 164 25 22 af
688 164 72 22 hvilka
775 164 26 21 de
816 164 47 22 sist-

110 196 93 22 nämnde
217 197 118 22 merendels
349 204 41 22 ega
404 199 69 21 större
485 198 52 22 eller
547 198 82 22 mindre
637 198 113 28 jordbruk,
764 198 45 22 lika
820 199 45 21 ofta

111 238 46 15 som
174 231 178 23 hemmansåboer
369 233 91 21 besvära
478 232 108 26 domaren;
601 240 77 20 genom
692 233 54 21 Bref
758 233 33 21 till
804 234 60 20 kam-

110 265 163 28 markollegium
295 266 41 22 den
360 268 25 20 10
404 267 104 21 Februari
528 268 55 20 1804
600 267 108 21 meddelat
727 268 36 20 det
781 267 83 21 förord-

110 300 72 21 nande
200 301 32 20 att
251 302 56 20 "som
325 300 35 21 vid
375 300 160 28 jemnförandet
553 302 24 20 af
594 301 26 21 de
638 301 52 21 flere
704 301 159 27 författningar,

110 333 111 28 angående
243 334 289 28 tingsgästningskapparnes
551 335 119 27 utgörande
688 336 8 20 i
714 335 91 21 Finland
824 336 40 21 och

110 367 88 23 sednast
216 367 77 28 Kongl.
313 368 91 22 Brefven
419 369 41 20 den
476 370 26 20 30
517 369 120 22 November
653 370 54 20 1773
723 369 40 21 och
779 370 27 20 24
821 369 42 22 No-

110 402 87 22 vember
213 403 53 20 1778
281 415 28 3 —
325 401 28 22 då
367 402 100 23 befrielse
481 403 34 22 för
530 405 87 26 torpare
633 403 71 22 söktes
718 416 29 3 —
761 403 54 22 Wii
826 402 38 23 nå-

111 436 38 23 der
168 436 70 22 funnit
257 437 36 21 det
310 444 53 14 vara
380 437 109 22 bestämdt
503 438 40 21 och
557 437 95 22 faststält
667 439 32 20 att
713 437 96 28 Torpare
823 438 41 21 och

111 470 159 29 Gärningsmän
285 471 54 22 böra
353 473 79 26 utgöra
447 472 287 28 Tingsgästningskapparne
748 472 23 21 in
785 473 79 20 natura

110 505 42 23 och
170 505 35 22 Wi
222 505 8 22 i
249 506 117 21 allmänhet
383 513 51 15 anse
453 507 36 21 det
507 514 51 14 vara
573 507 24 21 af
608 507 91 27 mycken
713 507 51 26 vigt,
780 509 32 19 att
827 506 37 22 do-

110 546 60 16 mare
188 539 25 22 så
227 539 82 22 aflönas
324 542 33 20 att
372 541 26 21 de
412 541 79 26 kunna,
507 543 52 20 utan
573 541 124 28 bekymmer
712 549 35 14 om
761 541 102 26 utkomst,

110 574 63 21 sköta
191 574 62 22 deras
271 575 81 28 vigtiga
370 575 41 22 och
428 577 79 26 trägna
525 575 85 28 sysslor,
625 575 80 22 hvilket
719 576 35 21 Wi
768 576 96 27 isynner-

110 609 38 21 het
169 608 56 22 finne
243 609 7 20 i
268 608 68 23 nåder
354 610 113 28 angeläget
485 610 7 21 i
509 610 98 26 Finland,
626 610 87 21 hvarest
730 609 134 28 tingsställen

110 644 39 22 äro
163 642 79 29 många
257 643 41 22 och
312 644 97 28 klyfning
423 644 25 21 af
460 644 140 28 domsagorne
615 645 7 20 i
637 645 106 21 anseende
757 644 33 21 till
802 644 62 22 deras

110 677 155 22 vidsträckthet
282 678 62 21 torde
363 678 112 22 framdeles
494 678 65 22 blifva
577 678 131 28 nödvändig;
724 677 64 23 alltså
801 678 64 22 hafve

110 712 36 21 Wi
161 711 70 22 funnit
245 712 36 21 det
295 712 96 28 Lagmän
406 713 40 21 och
457 712 228 28 Häradshöfdingarne
695 714 8 19 i
714 712 91 22 Finland
816 714 47 26 äga,

110 745 30 28 på
154 747 44 20 sätt
212 746 7 21 i
233 746 78 28 Kongl.
326 747 87 21 Brefvet
428 747 41 22 den
485 749 26 19 22
525 747 119 22 December
660 749 53 19 1743
726 747 93 28 stadgas,
833 746 30 22 äf-

111 787 40 14 ven
173 780 24 22 af
217 780 94 28 Torpare
331 781 41 21 och
390 781 163 22 Handtverkare
570 781 176 28 Tingsgästnings
765 780 98 29 spanmål

111 817 103 25 upptaga,
234 815 88 22 hvarvid
337 816 35 21 Wi
386 818 71 20 ansett
471 817 75 28 nödigt
561 817 32 21 att
607 816 159 22 vederbörande
783 816 81 21 erinras

110 849 48 23 icke
171 849 92 24 allenast
278 857 35 14 om
327 853 107 25 noggrant
447 851 138 28 iakttagande
600 851 25 21 af
637 853 26 19 36
675 852 12 26 $
704 851 2 20 i
717 850 53 22 Wär
780 849 84 29 Nädiga

110 884 125 22 Resolution
250 885 41 22 den
306 886 12 19 9
334 885 118 22 December
465 887 53 20 1766
531 885 29 28 på
572 885 117 28 allmogens
700 885 83 25 besvär,
794 885 8 20 i
813 884 52 28 följe

110 918 79 22 hvaraf
201 918 75 29 fattige
291 919 115 22 afskedade
420 920 116 27 krigsmän,
552 919 66 22 enkor
629 920 40 21 och
680 919 124 28 inhysingar
815 918 48 23 från

111 953 71 22 denna
200 952 63 29 afgift
281 953 87 22 alldeles
387 955 37 20 äro
443 954 102 26 befriade,
565 956 53 19 utan
633 954 39 21 ock
687 955 32 19 att
734 961 34 13 om
783 953 35 21 vid
833 953 31 21 af-

112 987 77 27 giftens
207 987 142 27 uppbärande
366 988 107 21 missbruk
491 988 7 20 i
517 995 26 14 en
562 988 52 21 eller
629 995 72 13 annan
715 987 68 22 måtto
798 987 66 27 begås

111 1021 74 26 skulle,
209 1020 52 22 Wår
279 1022 238 28 Befallningshafvande
536 1022 54 22 skall
608 1021 71 29 åligga
698 1024 33 19 att
749 1022 114 26 desamma,

111 1054 60 29 uppå
185 1055 171 23 vederbörandes
370 1056 107 26 anmälan,
492 1056 33 22 till
539 1056 50 28 laga
604 1064 77 14 ansvar
696 1056 103 22 anmäla."

182 1090 125 22 Sedermera
325 1092 25 20 är
368 1098 76 21 genom
463 1091 120 29 Kejserliga
601 1091 86 21 Brefvet
704 1091 33 21 till
755 1090 110 22 landshöf-

112 1125 103 27 dingarne
234 1125 41 21 den
294 1126 26 20 20
338 1126 121 20 November
480 1127 53 20 1829
552 1126 119 21 förklaradt
690 1127 32 20 att
740 1126 75 20 endast
830 1124 33 22 så-

112 1159 56 22 dane
179 1160 129 27 inhysingar,
321 1160 202 27 spanmålstorpare,
536 1160 135 27 statdrengar
683 1160 40 21 och
734 1160 130 26 backstugu-

112 1194 82 26 sittare,
210 1201 45 15 som
269 1194 113 22 innehafva
397 1194 116 28 ordentligt
521 1194 112 28 jordbruk,
645 1194 60 21 skola
715 1194 72 20 betala
797 1193 66 27 tings-

112 1228 106 28 gästning,
237 1228 84 21 hvilken
339 1228 121 28 skyldighet
475 1228 63 22 likväl
553 1236 76 20 genom
644 1228 120 27 Kejserliga
779 1227 85 21 Brefvet

114 1262 40 22 den
171 1263 25 19 12
211 1262 62 27 April
289 1263 54 19 1858
358 1262 117 21 utsträckts
490 1262 33 21 till
533 1262 74 28 hvarje
618 1269 71 14 annan
701 1260 29 29 på
742 1261 74 21 landet
826 1261 38 21 bo-

113 1298 44 19 satt
174 1303 78 19 person
270 1296 48 20 med
337 1298 48 24 eget
402 1295 92 27 hushåll,
513 1304 52 18 som,
582 1296 84 27 jemlikt
683 1295 79 27 nådiga
780 1295 83 21 förord-

113 1330 78 26 ningen
207 1329 40 21 den
264 1330 25 19 14
305 1330 90 19 Januari
412 1330 60 25 1852,
489 1330 18 27 ej
522 1336 50 14 vore
587 1330 106 20 beroende
708 1330 24 19 af
744 1336 71 21 annan
827 1336 35 14 en-

114 1362 55 22 skild
187 1365 88 25 persons
289 1362 83 22 försvar
387 1363 40 21 och
442 1363 178 26 husbondevälde,
636 1362 96 22 härifrån
745 1361 65 23 likväl
824 1369 39 15 un-

115 1398 106 27 dantagne
241 1397 136 29 statdrängar
395 1397 52 22 eller
466 1396 108 24 såkallade
595 1397 195 29 spanmålstorpare
808 1398 55 21 samt

115 1433 26 21 de
159 1439 108 21 personer,
287 1440 45 14 som
351 1432 65 28 enligt
434 1433 11 27 $
466 1434 11 19 2
496 1433 7 21 i
522 1432 129 22 sistberörde
668 1432 127 27 förordning
813 1439 50 15 vore
