1014 1681
312 103 70 23 Nådiga
394 104 136 21 Propositionen
542 105 34 16 N:o
591 106 26 15 11.
782 105 33 17 521

87 167 34 28 sig
138 162 165 47 fängelsestraff,
317 167 43 22 kan'
378 167 104 22 utskottet.
499 167 47 22 icke
560 167 34 22 för
608 167 34 23 sin
656 167 34 24 del
704 167 59 23 finna
776 168 62 22 hvar-

87 202 47 26 före.
153 201 18 28 ej
190 197 142 49 hrottslingen
350 202 68 21 skulle
436 202 72 29 kunna
528 202 138 32 under.hela
681 202 40 23 den
739 202 39 27 tid,
795 203 44 22 hän

87 236 49 21 med
155 236 98 21 afseende
269 235 61 25 &:de
342 236 31 21 af
388 237 78 20 honom
481 229 111 29 föröfvade
605 228 61 29 brott
678 236 68 23 borde
760 236 78 23 förkla-

87 277 35 14 ras
141 270 91 21 friheten
249 269 109 28 förlustig,
377 271 141 21 underkastas
536 271 156 27 behandlingen
708 271 14 21 i
743 271 94 26 tukthus,

88 311 45 14 som
147 304 169 27 uppenbarligen
331 306 24 19 är
369 312 61 13 mera
443 305 71 27 rigtad
528 304 59 28 uppå
602 307 31 18 att
648 305 126 28 möjliggöra
785 305 53 21 hans

87 338 135 27 förbättring.
248 339 68 20 Anser
331 346 50 13 man
396 338 47 25 åter
458 341 31 19 att
503 339 173 22 tukthusstraffet
690 339 8 21 i
712 339 126 28 folkopinio-

87 380 42 14 nen
147 373 82 21 medför
248 374 68 20 större
331 375 80 19 vanära
424 373 46 22 och
488 374 54 21 skam
558 373 42 22 för
618 373 40 23 den
677 374 70 21 dertill
763 374 76 21 dömde

87 409 28 20 än
130 407 110 28 fängelset,
256 407 24 22 så
297 408 62 21 torde
377 407 78 28 många
473 408 47 21 skäl
537 408 45 21 tala
600 409 34 20 för
652 410 32 19 att
701 409 47 21 icke
763 415 76 21 genom

86 441 170 28 lagstadganden
275 440 22 22 åt
316 449 26 15 en
361 441 57 28 dylik
437 442 86 27 opinion
542 442 57 28 gifva
613 443 124 28 ytterligare
755 443 82 28 näring.

87 476 50 22 Med
155 475 152 23 tukthusstraff
314 476 110 28 beläggas
443 477 105 28 nemligen
562 477 33 21 uti
610 477 26 21 de
651 477 40 22 den
707 479 26 19 26
748 478 90 22 Novem-

87 511 38 21 ber
146 513 53 19 .1866
217 511 115 21 utfärdade
351 512 116 22 allmänna
480 512 152 28 författningar
650 512 110 28 angående
778 512 60 22 miss-

87 545 78 22 handel
181 546 39 21 och
235 546 72 38 envig.
312 546 61 21 äfven
392 545 80 23 sådana
491 546 144 28 förbrytelser,
648 554 52 14 som:
718 547 75 21 hittills
808 546 30 22 al-

61 581 3 4 *
88 580 47 27 drig
150 582 79 19 ansetts
245 580 47 28 röja
306 580 102 21 moralisk
422 581 133 27 förnedring,
571 582 40 20 och
626 581 212 30 dessutom-godkän-

87 622 38 14 ner
139 615 164 32 propositionen
316 615 40 21 den
374 615 79 27 riktiga
471 616 119 26 grundsats,
609 610 32 27 att
658 608 116 33 skammen,
792 622 47 14 som

87 648 124 28 visserligen
229 649 60 21 alltid
312 648 85 28 åtföljer
415 652 30 18 ett
462 650 78 27 nesligt
556 649 66 27 brott,
640 649 65 21 likväl
722 649 117 27 ingalunda

87 683 40 21 bör
148 684 77 26 utgöra
248 685 30 19 ett
299 684 114 27 väsentligt
436 684 89 20 element
546 684 8 20 i
572 662 77 54 sjelfva;
664 682 173 29 bestraffningen.

87 718 51 21 Icke
152 717 67 21 heller
233 717 40 22 har
289 717 35 22 det
338 718 82 21 kunnat
434 717 72 28 undgå
516 718 114 21 utskottets
642 718 196 27 uppmärksämhet,

88 754 37 24 att,
142 759 34 13 om
192 752 40 21 den
247 752 32 21 uti
292 751 164 29 ifrågavarande
472 754 26 20 47
514 753 11 27 8
544 752 96 22 uttalade
658 753 114 29 gruridsats
787 752 51 28 god-

88 786 85 26 kändes,
191 786 77 21 sådant
281 787 36 21 vid
331 787 186 27 verkställigheten
536 786 68 22 skulle
617 787 49 21 leda
683 787 33 21 till
732 786 106 28 åtskilliga

88 821 183 27 inkonsegvenser.
302 821 81 21 Genom
401 821 197 28 sammanläggning
618 821 23 21 af
657 821 63 21 straff
736 821 34 21 för
787 821 52 22 flere

89 857 81 20 smärre
184 855 138 27 förbrytelser
336 856 42 20 kan
393 863 26 14 en
434 863 78 20 person
526 856 85 21 komma
626 858 32 18 att
671 854 96 29 undergå
782 856 56 21 ända

87 890 33 21 till
135 890 42 22 fem
192 889 34 22 års:
241 890 106 28 fängelse;
366 898 48 13 men
434 898 33 13 om
482 891 49 26 han,
546 892 59 19 utom.
620 890 43 21 alla
678 890 62 21 dessa
754 889 84 29 förbry-

86 925 71 26 telser,
177 924 74 29 begått
268 932 24 14 en
314 925 83 28 tjufnad
412 925 55 21 eller
486 927 65 19 annat
568 925 65 26 brott,
652 924 84 22 derföre
754 925 84 21 straffet

87 959 101 28 utgjorde
206 967 26 14 en
251 959 51 22 eller
320 959 36 22 tvä
373 959 113 22 mänaders
504 960 94 25 tukthus,
618 959 68 22 skulle
704 959 43 22 han
765 959 7 22 i
791 959 46 22 sed-

87 1001 53 14 nare
154 993 65 27 fallet,
236 994 67 21 ehuru
318 1001 26 14 ur
358 993 56 28 legal
432 994 106 27 synpunkt
556 993 123 28 pätagligen
693 1001 60 14 mera
768 993 70 22 straff-

87 1029 40 21 bar
142 1030 27 19 än
184 1029 8 20 i
207 1029 35 21 det
259 1028 67 27 förra,
344 1029 115 27 undslippa
477 1029 47 21 med
543 1031 31 19 ett
591 1028 139 22 frihetsstraff
741 1029 7 20 i
763 1027 35 23 tvä
814 1028 24 22 är

89 1063 40 23 och
143 1063 33 28 sju
192 1063 51 21 eller
257 1062 46 22 åtta
317 1062 102 23 månader
433 1063 7 21 i
456 1063 71 22 stället
544 1063 34 21 för
596 1064 33 21 att
646 1063 42 21 han
703 1063 8 21 i
725 1063 59 24 förra
798 1063 40 21 fal-

87 1098 30 21 let
131 1097 84 22 komme
229 1099 32 20 att
275 1097 69 22 hällas
359 1097 42 22 fem
416 1097 24 22 är
455 1098 7 20 i
476 1097 101 28 fängelse.

156 1132 42 21 Vid
214 1132 154 27 öfvervägande
383 1132 24 21 af
420 1132 42 21 alla
478 1133 60 21 dessa
553 1132 47 21 skäl
614 1131 34 22 fär
662 1132 103 21 utskottet
776 1132 61 21 vörd-

88 1168 56 20 samt
158 1166 87 21 förorda
264 1167 35 20 det
317 1166 65 21 mätte
400 1166 83 21 landets
501 1166 116 28 höglofliga
636 1166 96 26 Ständer,
751 1167 8 20 i
776 1165 62 28 fräga

89 1208 34 14 om
141 1201 197 27 sammanläggning
358 1200 23 22 af
396 1201 143 26 frihetsstraff,
559 1203 79 25 antaga
656 1201 40 20 den
718 1201 119 27 grundsats,

88 1242 46 14 som
150 1235 24 21 af
186 1235 120 21 Ständerna
322 1235 78 27 jemväl
418 1235 35 21 vid
471 1235 98 21 sednaste
587 1235 103 27 landtdag
709 1235 128 27 godkändes,

89 1269 51 21 eller
155 1271 32 19 att
201 1269 120 22 strafftiden
335 1269 8 20 i
358 1269 95 27 fängelse
467 1269 68 21 skulle
550 1276 62 14 svara
626 1271 44 19 mot
684 1269 44 21 lika
743 1267 49 29 läng
806 1269 32 20 tid

88 1303 8 21 i
113 1303 88 21 tukthus
220 1303 40 21 och
278 1304 7 19 i
303 1303 173 21 förekommande
494 1303 38 20 fall
551 1303 35 20 det
604 1303 59 20 förra
684 1303 84 20 straffet
790 1303 48 20 med

89 1337 36 22 det
140 1337 89 21 sednare
244 1337 53 21 efter
312 1336 66 22 sädan
394 1337 68 26 grund
477 1336 84 22 förenas
577 1337 40 20 och
630 1336 115 27 tillämpas.

161 1370 42 22 Vid
220 1369 30 22 57
265 1371 18 27 $.
314 1370 109 22 Utskottet
440 1371 40 21 har
498 1372 70 20 ansett
586 1370 90 22 sednare
696 1370 112 28 meningen
830 1370 8 20 i

89 1405 68 22 andra
171 1405 95 27 punkten
285 1404 24 23 af
325 1405 69 21 denna
411 1404 105 29 paragraf
531 1405 72 21 kunna
618 1404 48 22 leda
680 1404 34 22 till
729 1404 35 22 det
778 1400 60 37 miss-

89 1438 97 24 förstånd
208 1442 32 20 att
261 1440 76 22 endast
358 1440 48 26 den,
424 1446 46 15 som
486 1440 91 22 innehar
594 1439 82 22 embete
698 1439 52 23 eller
766 1439 71 27 tjenst,
