1036 1678
187 101 33 16 576
385 99 71 23 Nädiga
467 100 137 21 Propositionen
616 100 35 16 N:o
664 100 26 16 12.

163 163 91 22 medelst
274 163 83 22 enskild
378 163 210 22 öfverenskommelse
606 162 48 22 med
671 162 152 27 bergmästare,
843 162 68 28 åtagit

164 197 32 28 sig
214 198 78 27 utgöra
310 196 67 22 sådan
393 197 157 26 tingsgästning
564 204 45 13 som
623 196 58 28 legat
694 196 34 21 till
743 197 68 26 grund
825 197 35 21 för
875 197 35 21 det

163 231 8 21 i
184 231 120 27 Kejserliga
318 230 151 27 förordningen
485 230 40 21 den
540 231 26 20 22
581 230 59 21 Mars
656 231 55 20 1854
723 230 72 21 derom
805 230 105 22 förekom-

163 265 77 22 mande
258 265 123 27 stadgande,
401 266 57 20 emot
473 265 36 21 det
522 267 32 18 att
568 265 215 27 bergstingsrätterne
797 265 68 21 skulle
880 265 30 22 of-

163 301 47 20 tare
228 301 28 20 än
270 299 58 22 förut
342 298 13 22 å
369 299 82 22 bruken
465 299 167 26 sammanträda;
648 306 49 14 men
712 297 27 22 då
755 299 25 21 de
795 298 115 23 förhållan-

164 335 47 25 den,
234 341 46 14 som
301 333 107 22 föranledt
430 334 69 21 denna
517 333 217 25 öfverenskommelse,
753 333 49 21 med
819 334 91 21 nämnde

164 368 126 22 domstolars
305 368 127 27 indragning
447 368 100 27 upphört,
558 368 64 22 hafva
634 367 119 22 Ständerna
764 369 70 20 ansett
844 368 66 28 tings-

163 397 126 34 gästningen
307 401 48 23 från
370 403 131 27 jernbruken
515 402 53 21 böra
584 401 133 29 äterbringas
731 402 33 21 till
779 409 80 14 samma
873 403 37 21 be-

163 438 57 27 lopp,
240 445 46 15 som
304 437 66 27 enligt
388 437 76 28 Kongl.
483 437 85 21 Brefvet
586 437 41 21 den
646 438 25 19 21
690 437 43 28 Maj
755 438 54 19 1744
824 437 86 22 sednast

163 472 70 22 blifvit
246 472 8 21 i
268 471 173 29 grundlagsenlig
455 473 40 26 väg
509 471 112 26 bestämdt,
637 470 90 23 sålunda
741 472 32 20 att
789 471 122 22 densamma

163 506 74 27 skulle,
260 507 8 22 i
290 505 104 22 anseende
417 505 70 22 dertill
505 506 32 21 att
553 505 137 28 bergstingen
707 505 8 21 i
732 505 93 21 Finland
842 505 68 22 höllos

163 541 55 22 blott
232 541 62 21 hvart
309 541 66 20 annat
390 539 31 27 är,
437 539 80 28 årligen
532 539 53 28 utgå
599 539 49 22 med
662 540 82 21 hälften
759 539 24 22 af
796 539 36 22 det
842 540 7 21 i
861 539 49 23 åbe-

162 575 81 28 ropade
261 574 77 28 Kongl.
356 574 53 21 Bref
423 576 109 26 upptagne
546 574 184 28 penningebelopp
745 575 7 20 i
767 581 29 14 nu
811 575 99 27 gällande

163 611 65 26 mynt.

230 644 96 21 Emedan
341 643 119 22 Ständerna
474 643 35 22 för
522 644 33 21 sin
571 643 33 22 del
619 643 77 22 bifallit
710 644 33 21 till
758 644 41 21 den
813 644 25 21 af
845 644 25 21 E.
882 644 26 21 K.

162 678 39 22 M:t
215 678 32 21 uti
260 677 72 29 Nådig
345 677 135 27 Proposition
494 678 32 21 till
541 678 70 21 denna
625 677 102 29 landtdag
742 678 121 28 föreslagna
877 678 32 21 in-

163 712 104 28 dragning
282 712 24 22 af
318 712 197 28 lagmansrätterne,
526 712 67 28 jemte
609 712 35 21 det
659 712 120 22 Ständerna
789 712 69 22 tillika
868 714 41 26 ytt-

161 749 35 19 rat
214 748 33 26 sig
264 747 56 21 huru
339 746 64 27 enligt
422 746 62 22 deras
501 746 65 22 tanke
579 746 287 29 lagmanstingsgästningen,
882 746 28 22 då

163 782 41 21 den
218 781 76 22 blifver
309 780 124 28 disponibel,
449 780 67 22 borde
530 780 115 26 användas,
661 781 39 21 har
714 782 8 20 i
737 782 11 27 &
765 783 12 19 3
793 781 23 21 af
825 781 83 22 författ-

161 816 171 28 ningsförslaget,
347 822 46 15 som
407 815 92 21 handlar
514 822 34 14 om
562 815 147 28 fördelningen
720 816 24 21 af
753 816 156 28 tingsgästning

162 850 89 23 emellan
266 850 86 28 lagman
363 850 40 21 och
413 849 169 28 häradshöfding
590 850 66 27 jemte
667 851 85 26 nämnd,
765 853 80 20 ansetts
856 850 53 23 böra

161 885 99 27 tilläggas
275 892 27 14 en
315 885 126 26 hänvisning
455 884 8 21 i
478 883 76 22 sädant
569 884 60 28 syfte.

228 918 33 22 Pä
279 918 69 28 grund
366 918 24 21 af
405 918 56 22 hvad
480 918 120 22 Ständerna
614 918 89 22 sälunda
718 919 7 20 i
739 918 171 29 underdänighet

162 954 72 21 anfört
247 953 65 21 hafva
327 952 120 22 Ständerna
461 953 46 21 icke
521 953 81 21 kunnat
617 955 78 26 antaga
710 953 41 21 den
762 952 85 29 Nädiga
857 954 51 21 Pro-

161 988 119 27 positionen
299 987 136 25 oförändrad,
453 988 52 19 utan
524 987 34 21 för
577 987 32 21 sin
628 987 35 21 del
680 986 87 22 heslutit
785 994 26 15 en
825 987 83 22 författ-

161 1022 51 27 ning
226 1022 8 20 i
248 1022 72 20 ämnet
335 1021 24 21 af
371 1020 94 28 följande
479 1020 90 28 lydelse:

352 1056 12 27 $
379 1054 17 21 1.
419 1054 119 29 Lagmans-
553 1055 39 21 och
606 1055 303 29 häradshöfdingetingsgäst-

297 1090 53 27 ning
364 1090 102 27 utgöres:

354 1123 21 29 a)
397 1123 48 21 med
460 1124 56 28 fyra
538 1123 83 28 kappar
640 1124 104 28 spanmäl,
764 1124 84 29 hälften
866 1125 42 28 råg

297 1158 39 20 och
350 1158 83 28 hälften
448 1158 61 26 korn,
524 1158 52 20 eller
592 1158 94 21 deremot
700 1159 105 21 svarande
816 1160 93 27 pennin-

296 1199 42 21 gar
360 1192 54 28 efter
436 1192 57 20 ärets
518 1191 196 29 markegängspris,
737 1200 48 14 men
803 1194 9 20 i
830 1194 25 20 de
874 1194 36 20 till

298 1225 120 27 Uleåborgs
434 1226 37 20 län
487 1226 95 20 hörande
598 1226 61 20 delar
671 1227 25 27 af
707 1226 155 21 Westerbotten
874 1234 35 13 en-

296 1259 49 21 dast
359 1259 46 20 med
421 1260 111 20 trettiosea
544 1260 73 26 penni,
634 1259 26 29 af
673 1260 44 20 alla
733 1260 52 25 dem,
798 1267 44 13 som
853 1260 56 21 hem-

295 1300 51 14 man
361 1293 51 21 eller
424 1292 148 27 hemmansdel,
585 1292 124 31 kronotorp,
721 1293 115 30 utbyskatt,
845 1294 62 29 jord-

296 1329 52 20 eller
358 1327 123 29 fiskartorp
496 1327 74 27 bruka,
586 1329 52 20 eller
650 1329 59 28 eljest
721 1329 116 29 innehafva
845 1329 62 29 jord-

298 1362 53 22 bruk
367 1362 25 30 af
404 1363 66 20 minst
481 1363 61 29 tjugu
553 1362 119 30 kapplands
684 1364 57 26 vidd,
755 1364 69 21 såsom
836 1364 36 21 ock
885 1364 25 30 af

297 1398 45 22 alla
357 1398 52 26 dem,
422 1405 44 13 som
481 1398 36 21 lön
526 1398 57 21 eller
596 1406 71 13 annan
678 1398 93 22 inkomst
783 1399 25 29 af
818 1398 89 28 kronan,

297 1432 98 22 kommun
417 1433 52 21 eller
488 1441 72 13 annan
578 1433 82 21 allmän
677 1434 126 28 inrättning
823 1434 85 28 ätnjuta
