3548 4487
532 288 328 44 Kyrkolagsutskottets
880 287 118 41 förslag
1017 287 48 32 till
1084 286 285 41 sammanjemkning
1389 285 36 31 af
1442 285 144 32 Ståndens
1608 283 175 42 skiljaktiga
1803 282 98 32 beslut
1919 282 12 32 i
1952 282 161 40 anledning
2135 281 35 31 af
2187 280 79 32 Hans
2287 279 170 42 Kejserliga
2477 279 150 41 Majestäts
2648 278 116 42 Nådiga
2783 279 182 41 proposition

1090 360 156 41 angående
1265 370 42 31 ny
1327 359 151 42 kyrkolag
1497 358 49 32 för
1567 359 37 31 de
1625 356 342 42 evangelisk-lutherska
1987 355 255 40 församlingarna
2261 355 12 31 i
2293 354 112 32 landet.

3173 371 49 21 (Pag.
3235 370 46 22 247.)

252 525 98 21 Utskottets

241 559 119 22 betänkande.

538 540 131 28 Ridderskapet
684 540 32 21 och
730 540 65 21 Adelns
810 540 63 22 beslut.

209 690 89 27 Förslag
312 690 34 21 till
359 690 33 21 in-

199 726 65 20 gress.
287 718 52 28 Pag.
354 719 47 21 158.

474 688 114 23 Godkändt
602 689 53 21 utan
669 687 147 28 anmärkning.

28 1468 134 8 anor
185 1454 78 35 funnen
283 1458 512 22 ST
478 1454 112 35 Godkändt
604 1454 42 35 med
658 1454 136 35 uteslutande
799 1458 34 21 af
834 1458 69 21 ordet
909 1460 67 24 ,stän-

200 1572 11 27 8
228 1572 33 20 64.
290 1571 53 28 Pag.
356 1572 47 20 166.

200 1657 55 27 Kap.
262 1657 26 21 X.
296 1658 24 27 $$
330 1658 26 20 79
365 1658 40 21 och

214 1687 34 19 80.
278 1686 52 27 Pag.
347 1688 46 18 170.

200 1714 12 28 8
222 1715 46 20 102.
291 1714 53 28 Pag.
357 1716 47 20 171.

264 1887 12 27 8
293 1888 47 19 118.

211 1915 52 28 Pag.
279 1916 118 21 174—177.

200 2286 11 28 8
220 2286 48 21 264.
289 2286 52 28 Pag.
356 2288 46 20 180.

198 2630 68 28 8344.
288 2630 52 28 Pag.
354 2631 46 20 186.

197 2715 11 28 8
218 2716 47 20 391.
288 2715 52 27 Pag.
353 2716 47 20 189.

433 1486 55 28 digt"
503 1485 13 23 å
531 1486 67 22 första
612 1487 73 22 raden.
709 1486 81 30 (Enligt
803 1486 81 22 Doktor
894 1486 82 28 Berghs

432 1515 146 28 reservation.)

476 1572 94 22 Sednare
586 1572 135 22 alternativet
735 1571 113 29 godkändt.

432 1688 35 21 vet
516 1702 5 4 A).

476 1715 120 22 Godkändt.

476 1886 47 22 Den
540 1887 8 21 i
566 1887 34 28 8:n
618 1887 88 28 intagna
723 1887 112 28 presteden
849 1888 68 22 skulle
934 1888 42 22 for-

433 1915 93 22 muleras
548 1916 7 21 i
577 1916 217 22 öfverensstämmelse
812 1917 47 21 med
878 1916 99 23 Ständets

433 1944 71 21 beslut
526 1946 31 20 att
579 1946 79 26 antaga
680 1945 12 27 &
715 1946 10 20 1
749 1945 67 27 enligt
836 1945 40 22 den
897 1945 79 29 lydelse

434 1972 66 26 deraf,
520 1980 45 14 som
582 1971 118 24 innehälles
718 1973 8 22 i
744 1973 79 29 Biskop
844 1973 132 24 Schaumans

433 2001 131 22 reservation
580 2002 58 28 (pag.
654 2002 58 28 209).

475 2287 115 22 Godkändt
603 2287 145 23 oförändradt.

474 2632 94 22 Sednare
583 2632 135 23 alternativet
732 2622 114 40 godkändt.

474 2716 151 23 Sekreteraren
646 2718 8 21 i
672 2717 139 29 domkapitlet
831 2718 72 26 borde,
922 2719 51 21 enär

430 2745 43 21 han
490 2746 68 21 tillika
576 2746 96 22 kommer
691 2748 32 20 att
740 2754 53 14 vara
810 2747 93 21 ledamot
921 2747 51 27 deri,

429 2774 100 22 tillsättas
545 2774 24 22 af
581 2774 101 28 Senaten;
697 2775 100 22 hvarföre
812 2776 32 27 8:n
858 2775 68 22 skulle
941 2782 32 15 er-

428 2798 57 37 hålla
495 2798 43 37 följ
696 2812 4 4 E
810 2804 4 4 j

195 3285 25 28 88
235 3286 41 20 428
296 3285 40 22 och
350 3286 49 20 429.

200 3656 193 28 Slutanmärkning,

207 3685 92 21 rörande
311 3686 70 26 Kapp.

204 3713 51 22 XXI
270 3714 40 21 och
320 3714 68 21 XXII.

429 2830 55 20 skall
498 2830 68 20 finnas
581 2830 131 21 sekreterare
727 2831 41 20 och
781 2830 88 22 notarie.
899 2830 74 22 Sekre-

429 2859 91 25 teraren,
537 2865 45 14 som
596 2858 70 21 tillika
680 2859 52 27 äger
747 2859 46 21 säte
808 2858 38 22 och
861 2859 91 21 stämma
966 2859 8 21 i

430 2886 148 27 domkapitlet,
601 2886 55 21 skall
673 2894 52 14 vara
747 2894 26 14 en
798 2894 48 14 man
867 2887 49 21 med
937 2888 36 28 be-

429 2914 91 28 pröfvad
532 2915 92 27 juridisk
634 2915 97 28 bildning
743 2916 40 20 och
795 2915 125 22 erfarenhet.
942 2916 32 20 Är

430 2943 196 28 sekreteraretjenst
636 2943 66 28 ledig,
717 2945 102 26 upprätte
830 2944 143 28 domkapitlet,

430 2972 54 21 efter
497 2972 107 27 kungjord
618 2972 112 22 femtiosex
745 2972 229 28 dagarsiansöknings-

429 3000 37 26 tid,
479 3000 79 27 förslag
570 3000 24 21 af
602 3002 33 19 tre
646 3000 65 21 bland
726 3000 133 28 kompetente
874 3001 100 26 sökande,

430 3028 54 21 efter
500 3028 60 22 deras
575 3028 101 22 inbördes
690 3029 126 27 skicklighet
827 3030 38 21 och
876 3030 98 27 förtjenst

430 3058 55 20 samt
502 3056 89 22 insände
609 3057 105 27 förslaget
724 3056 38 22 till
776 3057 96 27 Senaten,
884 3058 50 22 som
948 3064 26 16 en

430 3085 24 22 af
463 3085 26 22 de
500 3085 119 29 föreslagne
630 3085 33 22 till
673 3086 92 28 tjensten
775 3088 117 20 utnämner.
916 3086 58 22 Skall

429 3114 84 22 notarie
528 3114 106 26 tillsättas,
650 3116 40 26 äge
702 3115 143 27 domkapitlet,
858 3116 53 21 efter
921 3116 52 21 kun-

430 3143 62 27 gjord
510 3143 167 27 ansökningstid,
693 3144 70 21 dertill
781 3144 64 28 enligt
863 3145 111 21 enahanda

430 3172 70 26 grund
516 3173 78 26 antaga
609 3179 26 14 en
650 3172 25 21 af
688 3172 25 21 de
724 3172 100 22 sökande.
845 3172 129 22 Göromälen

429 3200 93 21 fördelas
541 3200 89 21 emellan
648 3200 147 22 sekreteraren
817 3202 38 21 och
876 3202 98 21 notarien

429 3228 25 21 af
474 3228 144 28 domkapitlet.
654 3229 47 21 Den
724 3229 24 21 af
767 3230 60 21 desse
846 3230 128 27 tjenstemän

429 3264 19 14 0.
464 3264 16 14 s.
496 3264 18 15 v.
532 3256 75 29 (enligt
620 3256 160 30 betänkandet).

471 3286 69 20 Dessa
557 3286 24 28 $$
600 3286 68 21 skulle
686 3286 96 28 undergå
804 3287 90 28 ändring
914 3287 8 21 i
941 3286 33 22 sä-

429 3314 52 21 dant
503 3314 60 28 syfte,
586 3316 32 19 att
640 3314 146 22 sekreteraren
807 3316 8 20 i
836 3316 138 27 domkapitlet

428 3342 68 21 borde
513 3343 34 20 för
562 3343 106 27 tjenstefel
683 3344 39 20 och
737 3344 145 22 försummelse
897 3345 7 20 i
918 3344 54 27 tjen-

428 3372 48 19 sten
493 3369 34 22 stä
544 3370 33 22 till
600 3378 76 15 ansvar
697 3370 71 23 säsom
789 3379 70 15 annan
879 3372 94 22 ledamot

428 3399 32 21 uti
475 3398 145 28 domkapitlet.

1164 537 144 31 Prestaständets
1323 537 65 21 beslut.

1662 534 158 29 Borgareständets
1834 533 65 23 beslut.

2109 533 140 22 Bondeständets
2263 534 65 21 beslut.

2692 532 99 23 Utskottets
2805 532 256 29 sammanjemkningsförslag.

475 1658 96 49 prel
588 1658 103 22 uteslutes
708 1658 67 28 enligt
792 1658 58 22 förra
868 1658 108 22 alternati-

835 2804 147 25 -domkapitel
979 2800 12 33 |
993 2819 42 5 -..--

1045 686 69 22 Bland
1134 686 25 21 de
1177 686 33 21 till
1228 685 176 28 undanrödjande
1426 685 122 27 föreslagna

1002 716 84 27 lagrum
1101 715 68 21 skulle
1187 714 62 22 äfven
1267 714 86 22 särskilt
1366 716 89 19 nämnas
1470 714 77 27 Kongl.

1002 744 87 22 brefven
1104 743 24 21 af
1142 743 40 21 den
1198 745 12 19 7
1226 743 50 21 Juni
1292 744 54 20 1733
1362 743 40 21 och
1417 744 27 19 24
1459 743 89 21 Januari

1004 774 61 24 1740,
1084 779 48 14 men
1152 772 94 21 deremot
1264 772 77 27 Kongl.
1360 771 82 21 brefvet
1463 771 25 21 af
1508 772 40 20 den

1004 802 27 20 24
1045 800 44 22 Juli
1106 802 60 24 1739,
1182 800 70 21 säsom
1265 800 47 21 icke
1326 800 95 21 hörande
1432 800 33 20 till
1476 800 71 26 saken,

1002 829 137 25 bortlemnas,
1152 828 108 22 äfvensom
1274 828 74 21 datum
1358 828 34 21 för
1403 828 77 27 Kongl.
1491 828 56 21 bref-

1002 860 36 20 vet
1052 858 24 20 af
1086 858 61 25 1751,
1163 864 46 14 som
1224 858 57 20 orätt
1294 857 110 27 upptagits
1419 856 33 21 till
1468 856 40 22 den
1520 858 26 19 29

1003 886 51 28 Maj,
1072 886 67 22 borde
1156 887 68 20 rättas
1242 886 33 21 till
1301 887 5 19 2
1324 886 50 27 Maj,
1394 887 56 20 samt
1470 885 77 28 Kongl.

1003 915 152 27 förordningen
1173 915 24 21 af
1214 915 40 21 den
1272 916 27 20 24
1318 914 89 22 Januari
1426 916 53 20 1781
1495 913 53 29 utgä

1004 944 48 22 frän
1067 944 40 21 den
1122 943 161 28 ordningsföljd,
1296 944 60 21 hvari
1372 944 122 20 densamma
1508 943 40 21 här

1003 973 147 25 förekommer,
1162 973 40 21 och
1214 972 95 21 deremot
1319 971 70 22 säsom
1399 971 149 22 innehällande

1004 1002 62 21 äfven
1087 1000 82 22 sådana
1189 1001 165 27 bestämningar,
1377 1000 71 22 hvilka
1473 1000 75 21 fortfa-

1002 1030 68 21 rande
1087 1030 85 21 komme
1190 1031 32 19 att
1239 1029 121 22 förblifva
1353 1024 12 36 i
1378 1028 99 28 gällande
1491 1029 58 21 kraft

1003 1058 55 22 först
1078 1058 75 28 längre
1176 1058 55 21 fram
1252 1060 113 25 upptagas,
1387 1058 106 27 nemligen
1515 1056 33 23 så-

1003 1087 67 21 lunda
1087 1088 33 20 att
1142 1086 26 22 de
1191 1086 53 22 efter
1265 1086 100 28 samtliga
1385 1085 164 29 ifrågavarande

1003 1116 163 27 författningars
1183 1115 155 27 uppräknande
1353 1115 23 21 af
1388 1115 104 21 utskottet
1506 1115 43 21 for-

1003 1144 109 22 mulerade
1127 1144 116 28 ordalagen
1256 1144 67 21 borde
1337 1143 121 22 modifieras
1472 1144 33 20 till
1516 1143 32 21 så-

1003 1173 101 27 lydande:
1124 1172 118 27 ,äfvensom
1264 1172 18 28 ej
1306 1172 82 22 mindre
1409 1172 77 27 Kongl.
1505 1172 44 21 för-

1004 1202 118 26 ordningen
1137 1201 24 21 af
1174 1201 40 21 den
1230 1202 26 20 24
1268 1201 89 21 Januari
1370 1202 60 25 1781,
1442 1202 28 20 än
1481 1200 69 28 öfriga

1004 1230 133 27 stadganden
1152 1230 40 21 och
1209 1230 158 27 författningar,
1385 1229 35 21 för
1437 1228 69 22 såvidt
1524 1229 26 21 de

1003 1258 47 22 icke
1065 1259 187 21 öfverensstämma
1262 1258 49 22 med
1324 1258 41 22 den
1375 1258 139 27 uppfattning
1528 1258 24 21 af

1004 1287 200 27 religionsfriheten,
1230 1294 46 14 som
1300 1287 8 21 i
1333 1286 218 28 kyrkolagsförslaget

1004 1316 68 28 hyllas
1092 1316 51 21 eller
1161 1316 34 21 för
1214 1316 64 27 öfrigt
1296 1314 34 23 stå
1347 1316 8 21 i
1373 1316 53 21 strid
1441 1316 49 20 med
1505 1315 45 22 det-

1004 1352 82 14 samma
1104 1344 76 22 sådant
1198 1344 36 22 det
1251 1344 43 21 kan
1312 1344 24 22 af
1351 1344 69 28 begge
1437 1344 113 21 statsmak-

1004 1375 64 19 terna
1086 1373 67 22 blifva
1175 1374 95 26 antaget,
1293 1372 67 22 måtte
1381 1373 33 21 för
1436 1373 114 22 framtiden

1004 1402 99 27 upphöra
1118 1404 32 20 att
1164 1409 52 15 vara
1231 1402 117 28 gällande."

1047 1458 53 22 Lika
1114 1458 49 22 med
1177 1458 157 27 Ridderskapet
1348 1459 40 21 och
1399 1458 119 22 -Adeln-->

1047 1572 68 22 Förra
1129 1572 134 22 alternativet
1278 1572 114 28 godkändt.

1047 1658 109 22 Mellersta
1170 1658 135 22 alternativet
1319 1657 31 29 B)
1367 1658 24 28 a)
1406 1657 115 29 godkändt.

1046 1715 72 27 Antog
1136 1714 36 22 det
1186 1714 204 30 redaktionsförslag
1408 1715 142 27 Domprosten

1005 1744 57 27 Borg
1081 1744 40 21 och
1143 1744 83 21 Doktor
1242 1744 72 28 Bergh
1336 1744 32 21 uti
1386 1744 62 22 deras
1466 1751 84 21 gemen-

1005 1774 55 20 samt
1078 1772 82 27 afgifna
1178 1773 40 21 och
1235 1772 237 22 utskottsbetänkandet
1490 1773 60 27 (pag.

1006 1801 50 28 227)
1072 1800 112 28 vidfogade
1199 1802 131 21 reservation
1344 1801 120 27 framställt,
1480 1802 7 20 i
1498 1801 53 28 följd

1005 1829 77 22 hvaraf
1092 1830 80 27 jemväl
1186 1830 12 27 $
1218 1831 26 20 65
1263 1826 68 25 borde
1348 1830 122 22 modifieras
1487 1830 8 21 i
1514 1838 36 14 an-

1006 1858 64 28 gifvot
1084 1858 55 28 syfte
1154 1858 40 22 och
1208 1859 12 27 &
1236 1860 26 19 66
1277 1857 59 29 utgå.

1048 1887 141 22 Alternativet
1202 1887 33 28 A)
1252 1888 33 31 2:0
1301 1888 24 27 a)
1341 1888 93 28 antaget.

1048 2288 115 23 Godkändt
1172 2289 50 22 med
1232 2289 95 28 följande
1338 2289 124 29 ändringar:
1479 2290 24 28 a)
1515 2296 34 16 or-

1005 2317 50 21 den:
1074 2318 54 26 ,han
1146 2318 54 22 skall
1217 2318 8 21 i
1242 2318 115 28 koralsäng
1374 2318 175 28 skriitskoleung-

1005 2346 76 22 domen
1102 2346 124 22 undervisa*
1248 2347 78 21 ändras
1351 2347 42 21 till:
1417 2348 53 25 ,han
1495 2347 55 21 skall

1004 2374 163 29 församlingens
1186 2376 54 21 barn
1258 2376 40 21 och
1316 2376 8 21 i
1341 2376 115 28 synnerhet
1477 2376 72 21 skrift-

1004 2403 180 29 skoleungdomen
1201 2404 8 21 i
1226 2403 115 29 koralsäng
1358 2404 114 22 undervisa
1487 2404 40 22 och
1541 2404 8 21 i

1004 2431 67 22 sädan
1086 2432 70 28 afsigt,
1176 2432 53 22 efter
1243 2433 159 27 kyrkoherdens
1417 2433 40 21 och
1471 2432 77 28 kyrko-

1003 2459 73 23 rädets
1094 2461 144 26 anordnande,
1256 2460 30 28 pä
1303 2461 103 28 lämpliga
1427 2461 55 21 tider
1500 2462 49 21 med

1004 2488 48 22 dem
1066 2488 153 29 sängöfningar
1230 2490 108 26 anställa,"
1350 2490 40 22 och
1401 2490 23 28 5)
1436 2498 26 13 ur
1472 2490 77 28 kyrko-

1003 2517 161 29 lagsförslagets
1185 2518 139 28 formulering
1342 2518 24 22 af
1382 2519 34 27 &:n
1434 2518 68 22 skulle
1519 2518 29 28 pä

1002 2546 99 28 behörigt
1123 2546 62 22 ställe
1205 2547 81 21 införas
1308 2547 75 21 orden:
1406 2547 142 27 ,presterska-

1002 2576 48 26 pets
1071 2575 128 27 tjenstebref
1220 2576 8 21 i
1252 2576 108 22 fastställd
1384 2576 92 28 ordning
1496 2576 52 22 fort-

1001 2603 88 21 skaffa."

1044 2632 74 28 Enligt
1132 2632 60 22 förra
1206 2632 140 27 alternativet,
1362 2634 25 20 är
1405 2633 41 22 den
1463 2633 85 28 Kejser-

1002 2660 44 28 liga
1060 2661 162 29 propositionen
1236 2662 99 27 antagen.

1044 2718 149 22 Betänkandet
1208 2718 115 28 godkändt.

1606 684 112 22 Godkändt
1731 685 53 21 utan
1799 683 145 28 anmärkning.

1582 1468 4 2 =
1608 1457 112 22 Godkändt
1734 1458 53 20 utan
1801 1457 131 27 förändring.

1608 1571 92 22 Sednare
1714 1571 135 22 alternativet
1863 1570 115 29 godkändt.

1606 1658 54 21 Lika
1686 1657 48 22 med
1762 1657 156 28 Ridderskapet
1946 1657 40 22 och

1578 1686 75 21 Adeln.

1608 1714 118 27 Godkändt,
1741 1714 45 22 lika
1799 1714 49 23 med
1858 1714 128 22 Ridderska-

1578 1745 38 27 pet
1630 1744 40 22 och
1684 1744 73 22 Adeln.

1608 1887 130 29 Paragrafen
1751 1888 109 26 uteslutes,
1876 1888 66 28 enligt
1956 1887 30 22 al-

1579 1916 111 23 ternativet
1704 1916 39 28 B).

1607 2288 113 23 Godkändt
1734 2288 145 24 oförändradt.

1606 2632 93 22 Sednare
1712 2632 136 22 alternativet
1862 2632 115 28 godkändt.

1605 2718 54 22 Lika
1672 2718 47 22 med
1733 2717 167 24 Prestaständet.

1040 3656 96 22 Beslutet
1154 3656 110 28 angående
1283 3657 155 28 domkapitlens
1460 3658 83 27 organi-

998 3685 70 21 sation
1084 3685 64 28 (Kap.
1163 3686 71 28 XXII)
1250 3686 68 21 skulle
1332 3687 58 20 ännu
1404 3686 52 22 bero
1471 3686 25 22 af
1508 3686 36 22 det

998 3713 48 26 slut,
1062 3713 60 22 hvari
1138 3714 120 21 Ständerna
1271 3714 84 22 komme
1370 3716 32 20 att
1416 3716 77 20 stanna
1506 3714 37 22 be-

997 3742 107 21 träffande
1120 3742 41 22 den
1174 3742 50 22 med
1241 3742 79 28 nädiga
1334 3744 160 26 propositionen
1509 3750 34 15 om

998 3770 74 27 anslag
1087 3770 34 21 för
1136 3770 240 23 elementarläroverken
1394 3772 149 21 sammanhän-

997 3798 69 27 gande
1077 3798 76 28 frågan
1165 3806 35 14 om
1211 3800 161 28 skölstyrelsens
1383 3800 105 28 skiljande
1495 3799 48 23 från

996 3826 177 29 kyrkostyrelsen.

2043 682 114 22 Godkändt
2170 683 49 21 med
2231 683 40 21 den
2282 682 141 28 anmärkning

2013 713 32 20 att
2059 712 66 21 bland
2140 712 26 21 de
2180 712 159 26 författningar,
2351 712 72 21 hvilka

2013 739 90 29 ansägos
2121 740 112 28 upphäfna
2250 740 8 21 i
2276 740 53 28 följd
2344 740 25 21 af
2383 740 40 20 den

2013 776 41 21 nya
2068 769 141 28 kyrkolagens
2227 769 122 27 antagande
2366 768 57 22 före-

2013 798 83 20 komme
2107 799 14 19 4
2132 798 11 27 8
2155 798 7 20 i
2173 797 76 27 Kongl.
2261 798 162 26 Förordningen

2013 826 24 22 af
2051 826 40 21 den
2106 828 26 19 20
2147 826 58 21 Mars
2220 827 53 20 1735
2289 826 41 22 och
2344 826 78 27 Kongl.

2012 854 161 28 Förordningen
2191 854 24 22 af
2231 854 41 22 den
2291 856 27 20 24
2333 854 90 22 Januari

2015 885 60 25 1781,
2091 884 68 20 ehuru
2174 884 61 21 dessa
2249 884 85 27 lagrum
2348 883 33 21 uti
2397 884 25 20 10

2013 913 12 27 8
2040 912 24 22 af
2076 912 103 28 förslaget
2192 912 34 22 till
2244 912 127 28 förordning
2386 919 37 15 an-

2013 940 81 29 gående
2109 942 133 21 afskaffande
2257 941 24 21 af
2294 940 108 28 åtskilliga
2416 940 7 22 i

2013 970 36 28 lag
2067 972 82 20 utsatta
2167 970 120 22 straffarter
2306 970 40 22 och
2361 970 62 22 deras

2014 999 121 21 ersättande
2161 1006 75 20 genom
2261 999 69 21 andra
2355 998 68 27 straff,

2013 1027 48 21 med
2076 1034 65 20 mera,
2160 1029 38 19 äro
2217 1026 121 28 åberopade
2353 1027 71 22 såsom

2014 1056 131 22 fortfarande
2161 1056 99 28 gällande
2275 1056 40 21 och
2333 1056 91 22 innefat-

2014 1084 65 22 tande
2086 1085 159 27 bestämningar
2252 1084 33 22 till
2291 1084 73 22 hvilka
2371 1085 52 21 hän-

2014 1110 62 36 visas.
2302 1124 5 2 =

2042 1457 54 21 Lika
2110 1458 48 21 med
2172 1457 187 28 Borgareståndet.

2043 1571 68 22 Förra
2125 1571 136 23 alternativet
2275 1572 116 28 godkändt.

2043 1658 53 21 Lika
2110 1658 49 21 med
2173 1656 167 23 Prestaståndet.

2044 1713 90 23 Ståndet
2154 1715 41 21 har
2216 1714 85 22 förenat
2322 1714 33 28 sig
2376 1714 49 22 med

2014 1743 167 27 Prestaståndet,
2197 1744 32 20 till
2243 1744 54 28 följd
2308 1744 24 21 af
2340 1743 85 28 inbjud-

2014 1773 52 27 ning
2080 1772 49 22 från
2143 1772 132 22 sistnämnda
2289 1772 74 22 Stånd.

2043 1888 54 21 Lika
2110 1887 49 23 med
2173 1886 167 24 Prestaståndet.

2041 2289 48 22 Den
2099 2289 25 22 af
2131 2288 162 23 Prestaståndet
2302 2289 70 23 under
2382 2289 41 22 litt.

2014 2319 24 27 a)
2057 2318 121 28 föreslagna
2198 2318 147 23 modifikation
2363 2320 60 20 anta-

2014 2354 46 20 gen.

2040 2632 69 22 Förra
2123 2632 134 23 alternativet
2271 2634 93 27 antaget.

2041 2718 152 22 Sekreteraren
2203 2718 8 21 i
2223 2718 139 28 domkapitlet
2372 2718 49 22 bor-

2013 2746 26 22 de
2057 2747 100 21 tillsättas
2175 2747 8 21 i
2201 2747 40 21 den
2263 2748 92 27 ordning
2377 2754 45 14 som

2013 2775 86 27 stadgas
2121 2783 35 14 om
2179 2776 40 20 den
2245 2776 62 21 civila
2328 2776 94 21 ledamo-

2003 2804 77 23 tens
2071 2800 13 34 i
2096 2800 137 34 domkapitlet
2245 2800 133 34 tillsättande
2390 2804 34 21 uti

2011 2831 90 21 sednare
2122 2838 63 14 mom.
2205 2831 24 21 af
2249 2832 12 27 &
2284 2833 47 25 388,
2354 2831 68 22 sådan

2012 2859 69 21 denna
2092 2860 11 27 $
2115 2859 142 22 förekommer
2267 2860 7 21 i
2285 2859 79 29 nådiga
2371 2868 50 19 pro-

2011 2888 126 27 positionen,
2153 2888 7 21 i
2172 2888 93 28 enlighet
2275 2889 102 21 hvarmed
2387 2890 34 20 ut-

2011 2916 89 22 skottets
2111 2916 112 22 redaktion
2238 2917 24 21 af
2274 2918 11 27 $
2302 2918 39 20 391
2353 2917 68 21 borde

2010 2944 97 28 undergå
2121 2945 94 21 rättelse.

2037 3658 136 28 Antagandet
2191 3659 24 21 af
2227 3659 70 27 Kapp.
2312 3659 51 21 XXI
2379 3659 39 21 och

2007 3687 72 27 XXII,
2110 3687 109 27 angående
2248 3688 171 27 biskopsembete

2008 3716 41 21 och
2075 3716 130 27 domkapitel
2230 3716 67 22 skulle
2322 3716 52 22 bero
2397 3716 24 22 af

2009 3744 35 22 det
2059 3744 48 26 slut,
2123 3745 60 21 hvari
2199 3744 121 22 Ständerna
2334 3745 85 21 komme

2008 3774 33 20 att
2055 3775 77 19 stanna
2146 3774 93 20 rörande
2257 3774 41 20 den
2316 3774 50 20 med
2381 3773 37 21 nä-

2008 3801 50 27 diga
2072 3802 161 26 propositionen
2248 3809 35 14 om
2294 3802 75 27 anslag
2384 3802 34 21 för

2008 3830 242 22 elementarläroverken
2268 3831 149 20 sammanhän-

2007 3858 70 28 gande
2102 3857 76 29 frågan
2201 3865 34 15 om
2257 3859 160 27 skolstyrelsens

2007 3887 104 27 skiljande
2123 3886 48 22 från
2181 3887 182 28 kyrkostyrelsen;
2374 3887 43 21 för-

2006 3914 127 22 behällande
2148 3916 32 27 sig
2196 3915 89 22 Ständet
2296 3918 33 19 att
2342 3916 8 20 i
2365 3916 52 21 hän-

2007 3944 57 21 delse
2082 3944 76 21 hinder
2176 3944 69 21 skulle
2259 3945 59 21 möta
2333 3944 84 28 organi-

2006 3973 96 20 sationen
2124 3972 24 22 af
2171 3972 86 22 särskilt
2282 3972 135 28 skolstyrelse

1976 4007 7 3 +|
2005 4001 35 20 för
2051 4001 96 25 Finland,
2159 4006 35 15 om
2206 4001 141 21 nästberörde
2358 4001 60 20 delar

2006 4028 23 21 af
2041 4028 219 28 kyrkolagsförslaget
2270 4030 101 21 närmare
2381 4028 36 23 be-

2007 4058 96 20 stämma.

2444 2804 33 21 -de
2488 2803 40 22 två
2540 2804 135 22 sistnämnda
2693 2804 39 23 Stå

2519 682 168 22 Prestaståndets
2703 683 140 28 anmärkning
2858 682 59 22 såväl
2931 684 32 20 att
2981 682 77 28 Kongl.
3073 682 86 22 Brefvet
3176 682 25 21 af
3217 682 40 21 den
3273 683 28 20 24

2451 712 44 22 Juli
2511 713 53 20 1739
2581 711 66 22 borde
2664 712 131 21 bortlemnas
2813 720 46 14 som
2877 714 32 19 att
2927 712 73 21 datum
3021 711 34 21 för
3076 711 77 27 Kongl.
3172 710 85 22 Brefvet
3279 710 24 22 af

2453 742 52 19 1751
2522 748 50 14 vore
2585 742 57 19 orätt
2656 742 109 25 upptaget,
2781 741 62 21 torde
2860 740 92 26 förfalla,
2969 741 51 20 enär
3034 740 149 20 förstnämnda
3197 740 58 20 brefs
3269 740 32 20 in-

2451 768 71 22 nehåll
2541 775 73 21 genom
2633 768 39 22 den
2691 776 42 20 nya
2751 769 140 27 kyrkolagens
2907 768 120 28 antagande
3041 769 8 20 i
3063 768 75 28 sjelfva
3151 768 74 21 verket
3239 769 62 26 göres

2452 798 130 27 öfverflödigt
2596 799 55 19 samt
2665 797 78 28 Kongl.
2758 798 85 21 Brefvet
2858 798 24 20 af
2895 798 40 20 den
2951 799 25 19 29
2988 797 43 27 Maj
3045 798 60 25 1751,
3117 804 50 14 men
3181 796 46 22 icke
3241 796 60 22 Bref-

2451 828 34 20 vet
2504 826 24 22 af
2544 827 38 21 den
2601 827 12 20 2
2631 826 43 28 Maj
2694 834 82 14 samma
2794 826 31 26 år,
2841 828 24 19 är
2881 826 40 26 det,
2937 833 46 14 som
3000 826 67 21 borde
3085 825 126 27 upphäfvas.
3241 825 60 21 Dock

2451 862 46 14 som
2511 855 74 27 Kongl.
2601 854 161 28 Förordningen
2780 855 24 21 af
2821 855 40 21 den
2880 856 27 20 24
2925 855 90 21 Januari
3032 856 60 24 1781,
3107 853 29 28 på
3151 856 43 19 sätt
3208 854 93 21 nämnda

2452 883 68 22 Stånd
2538 884 101 26 anmärkt,
2658 883 118 22 innehåller
2795 884 62 21 äfven
2879 883 81 22 sådana
2977 883 166 27 bestämningar,
3163 890 45 14 som
3226 882 75 22 fortfa-

2451 912 67 22 rande
2532 912 83 22 komma
2629 914 32 20 att
2675 912 101 22 förblifva
2791 913 7 21 i
2813 912 98 29 gällande
2925 912 64 27 kraft,
3005 914 55 20 samt
3074 910 159 23 Bondeståndet
3244 912 57 28 gjort

2452 949 26 14 en
2493 942 83 21 erinran
2590 942 8 20 i
2613 949 81 14 samma
2709 942 63 28 syfte;
2787 944 24 26 ty
2826 942 40 21 och
2885 941 27 22 då
2931 942 78 26 skäligt
3023 948 62 21 synes
3100 943 32 19 att
3144 940 79 28 jemväl
3239 941 25 21 de
3280 940 24 22 af

2451 970 158 22 Prestaståndet
2627 969 121 29 åberopade
2765 970 76 28 Kongl.
2857 971 90 21 Brefven
2962 970 24 22 af
2999 970 41 22 den
3055 972 11 20 7
3083 970 50 21 Juni
3149 971 53 20 1733
3219 970 40 21 och
3274 971 27 20 24

2452 1000 89 21 Januari
2558 1001 51 19 1740
2625 1000 101 21 särskildt
2743 1001 89 20 nämnas
2847 1000 66 21 bland
2928 1000 26 20 de
2969 1000 33 20 till
3015 999 151 27 upphäfvande
3181 999 120 27 föreslagna

2451 1028 90 28 lagrum,
2560 1028 120 21 hemställer
2698 1028 109 26 utskottet,
2827 1036 34 14 om
2879 1029 47 21 icke
2941 1028 100 28 samtliga
3056 1027 94 22 Stånden
3164 1028 49 21 ville
3227 1027 75 22 förena

2452 1058 32 26 sig
2499 1064 35 14 om
2548 1057 91 27 följande
2654 1057 129 21 förändrade
2797 1057 146 27 uppställning
2958 1057 24 21 af
2995 1057 40 21 den
3050 1056 122 28 föreslagna
3185 1057 116 27 ingressen,

2452 1086 105 27 nemligen
2572 1087 31 19 att
2617 1086 38 21 hos
2670 1086 59 21 Hans
2744 1086 120 28 Kejserliga
2878 1086 101 27 Majestät
2993 1086 7 20 i
3014 1084 171 28 underdånighet
3201 1085 101 21 hemstäl-

2452 1114 37 26 les,
2509 1122 44 19 ,om
2570 1114 44 21 icke
2632 1115 9 20 i
2660 1115 153 27 sammanhang
2832 1115 47 21 med
2897 1114 132 29 utfärdande
3052 1114 24 29 af
3092 1121 27 21 ny
3139 1114 104 28 kyrkolag
3259 1114 44 29 föl-

2450 1144 65 28 jande
2532 1144 89 27 lagrum,
2636 1144 120 27 nemligen:
2770 1144 95 20 1686års
2885 1143 110 29 kyrkolag,
3015 1142 14 21 3
3049 1144 38 20 och
3101 1144 13 20 4
3133 1144 24 27 $$
3172 1143 12 20 1
3199 1143 56 27 Kap.
3271 1143 31 20 M.

2452 1172 34 26 B.,
2501 1171 40 28 48
2560 1170 11 23 7
2585 1172 48 28 kap.
2645 1172 28 20 Ä.
2689 1172 32 27 B.,
2734 1172 79 28 Kongl.
2825 1172 104 22 Plakatet
2944 1172 40 21 den
2999 1171 26 21 12
3035 1172 96 21 Januari
3145 1170 64 28 1726,
3225 1172 77 20 Riksd.

2454 1200 48 22 besl.
2523 1201 40 21 den
2579 1200 24 21 14.
2621 1200 115 22 December
2755 1199 61 29 1734,
2836 1202 12 27 $
2867 1200 20 27 8,
2907 1200 78 29 Kongl.
3004 1200 109 22 Förordn.
3133 1201 41 20 den
3193 1199 32 22 20
3240 1201 63 20 Mars

2453 1227 62 29 1735,
2535 1230 11 27 $
2561 1228 17 27 4,
2594 1229 79 28 Kongl.
2692 1230 95 28 Brefven
2801 1231 41 21 den
2857 1228 14 22 8
2885 1230 48 28 Maj
2947 1228 62 27 1731,
3029 1230 40 20 den
3086 1228 13 22 7
3113 1230 54 20 Juni
3182 1228 65 28 1733,
3263 1230 40 20 den

2453 1258 28 20 24
2495 1258 49 21 Juli
2558 1256 63 28 1739,
2637 1259 41 20 den
2692 1258 29 21 24
2735 1259 97 21 Januari
2846 1257 64 28 1740,
2926 1259 40 21 den
2980 1257 32 22 29
3027 1258 48 28 Maj
3090 1257 58 27 1751,
3165 1258 37 21 och
3217 1258 40 21 den
3272 1257 31 21 23

2452 1287 55 21 Juni
2524 1285 61 27 1752,
2605 1287 108 28 äfvensom
2732 1288 19 28 ej
2769 1288 84 21 mindre
2875 1288 80 28 Kongl.
2976 1287 171 28 Förordningen
3169 1287 25 29 af
3213 1287 40 21 den
3275 1286 29 21 24

2452 1315 96 22 Januari
2565 1314 52 23 1781
2636 1317 29 20 än
2685 1316 74 29 öfriga
2781 1316 134 30 stadganden
2935 1316 38 22 och
2988 1316 173 30 författningar,
3184 1316 72 22 sävidt
3279 1316 24 22 de

2452 1344 46 22 icke
2514 1345 187 29 öfverensstämma
2714 1346 48 21 med
2777 1346 40 22 den
2831 1346 141 28 uppfattning
2989 1346 24 28 af
3026 1345 199 29 religionsfriheten
3240 1346 64 20 som
3293 1340 13 39 i

2453 1374 220 29 kyrkolagsförslaget
2689 1375 74 28 hyllas,
2779 1376 52 20 eller
2840 1376 43 28 för
2899 1376 69 28 öfrigt
2983 1375 34 21 stä
3032 1375 9 20 i
3051 1374 57 22 strid
3122 1374 47 21 med
3181 1374 122 27 detsamma,

2453 1403 79 21 sådant
2550 1403 33 21 det
2602 1402 42 21 kan
2663 1403 25 29 af
2705 1404 64 28 begge
2788 1403 168 22 statsmakterna
2974 1404 69 28 blifva
3065 1406 95 26 antaget,
3183 1403 65 21 måtte
3261 1404 43 28 för

2447 1432 124 28 framtiden
2583 1432 100 27 upphöra
2699 1436 33 16 att
2746 1440 54 13 vara
2815 1433 119 27 gällande."

2520 1460 323 20 Emedan=-ordet=,,ständigtt,
2855 1455 234 36 i-det-sammanhang
3104 1455 126 36 detsamma.
3233 1460 82 22 före-|

2452 1488 101 25 kommer,
2568 1487 46 21 icke
2633 1495 66 19 gerna
2716 1488 43 21 kan
2777 1488 136 26 missförstäs,
2931 1489 62 20 torde
3011 1489 155 27 Ridderskapet
3181 1489 40 21 och
3235 1489 70 21 Adeln

2453 1518 55 20 samt
2525 1515 160 22 Prestaständet
2702 1516 49 21 med
2770 1517 25 21 de
2814 1517 69 27 öfriga
2902 1516 94 22 Ständen
3015 1517 85 21 ansluta
3118 1518 32 27 sig
3168 1517 33 21 till
3220 1517 41 21 den
3283 1518 24 21 af

2452 1545 103 21 utskottet
2569 1544 112 22 förordade
2696 1544 79 28 nädiga
2789 1546 166 26 propositionen.

2520 1573 154 27 Ridderskapet
2692 1574 40 27 och
2746 1574 69 21 Adeln
2833 1576 56 20 samt
2906 1573 181 29 Borgareständet
3103 1574 100 28 inbjudas
3221 1576 32 20 att
3268 1582 37 14 an-

2452 1604 51 25 taga
2519 1602 35 21 det
2571 1601 58 22 förra
2648 1602 140 26 alternativet,
2808 1602 70 22 säsom
2897 1603 230 21 öfverensstämmande
3145 1603 48 21 med
3212 1603 41 21 den
3267 1602 38 22 nä-

2453 1630 50 28 diga
2517 1630 158 27 propositionen
2690 1631 40 21 och
2744 1630 75 22 hittills
2835 1631 98 28 gällande
2947 1631 166 28 kyrkoordning.

2520 1659 154 27 Ridderskapet
2689 1660 40 20 och
2743 1660 69 20 Adeln
2826 1662 55 19 samt
2895 1659 183 29 Borgareständet
3091 1660 100 27 inbjudas
3206 1660 24 21 af
3243 1660 62 22 ofvan

2454 1687 90 21 anförda
2559 1687 45 21 skäl
2619 1689 32 19 att
2665 1688 74 20 förena
2754 1688 32 27 sig
2801 1688 49 21 med
2865 1689 84 20 Presta-
2965 1689 40 20 och
3019 1688 172 21 Bondeständen.

2521 1715 93 22 Emedan
2630 1718 33 19 tre
2678 1715 67 23 Ständ
2760 1716 165 29 ursprungligen
2940 1717 95 28 godkänt
3045 1717 114 21 utskottets
3171 1716 135 23 betänkande

2454 1746 40 21 och
2508 1744 157 22 Bondeständet
2680 1745 75 21 endast
2769 1746 33 20 till
2816 1745 53 29 följd
2888 1746 24 21 af
2927 1746 127 28 inbjudning
3071 1745 96 29 frängätt
3185 1746 37 21 sitt
3239 1747 67 21 redan

2453 1774 82 21 fattade
2549 1774 74 26 beslut,
2639 1773 89 22 föresläs
2747 1776 32 19 att
2793 1774 132 22 sistnämnda
2940 1774 67 22 Ständ
3023 1775 107 21 äfvensom
3145 1774 161 23 Prestaständet

2453 1802 66 22 mätte
2537 1802 43 21 lika
2597 1802 49 21 med
2665 1802 25 22 de
2708 1802 36 22 tvä
2762 1802 69 28 öfriga
2849 1803 95 21 Ständen
2962 1805 79 26 antaga
3058 1804 114 22 utskottets
3194 1804 49 22 med
3265 1804 41 22 den

2453 1830 79 29 nädiga
2546 1831 159 27 propositionen
2721 1832 229 22 öfverensstämmande
2964 1832 141 22 betänkande.

2521 1888 11 21 I
2550 1888 103 22 anseende
2675 1889 32 21 till
2726 1889 41 22 den
2787 1890 33 20 uti
2841 1890 140 22 förevarande
2999 1890 80 28 vigtiga
3100 1890 62 28 fräga
3183 1890 124 28 uppkomna

2454 1917 143 28 skiljaktighet
2618 1918 8 21 i
2649 1917 104 23 Ständens
2775 1918 70 22 beslut
2867 1926 63 14 anser
2951 1919 104 21 utskottet
3076 1919 32 27 sig
3126 1919 54 22 böra
3197 1919 110 21 vördsamt

2453 1945 84 27 föreslä,
2557 1946 34 21 det
2605 1946 48 22 ville
2671 1946 83 22 landets
2773 1946 122 29 Höglofliga
2913 1947 92 21 Ständer
3022 1947 74 22 förena
3115 1948 32 27 sig
3163 1955 34 14 om
3211 1947 95 28 följande

2453 1982 42 20 nya
2509 1974 137 28 formulering
2661 1975 24 21 af
2698 1976 11 27 $
2727 1977 49 19 118:
2795 1976 57 26 ,Vid
2871 1976 158 26 ordinationen,
3048 1984 44 12 som
3104 1977 115 28 förrättas
3237 1978 10 19 i
3265 1977 41 20 den

2454 2004 93 28 ordning
2566 2003 124 21 handboken
2708 2005 70 27 säger,
2798 2004 60 22 skola
2876 2005 31 26 de,
2927 2012 44 14 som
2990 2006 35 20 till
3043 2005 152 28 prestembetet
3213 2006 92 27 invigas,

2447 2032 102 29 Följande
2564 2033 24 20 ed
2603 2033 104 28 aflägga:
2721 2033 45 28 Jag
2780 2032 29 22 N.
2825 2032 29 22 N.
2871 2034 70 28 lofvar
2957 2034 39 20 och
3011 2035 50 20 svär
3081 2034 36 21 vid
3134 2032 49 23 Gud
3199 2034 38 21 och
3252 2034 53 21 hans

2453 2061 72 29 heliga
2543 2062 136 28 evangelium,
2695 2065 34 17 att
2740 2062 41 28 jag
2795 2062 38 21 vid
2847 2063 128 28 utöfningen
2989 2063 26 28 af
3023 2062 183 28 predikoembetet
3220 2064 10 20 i
3246 2062 59 22 Guds

2447 2090 140 28 församling,
2604 2090 35 21 det
2662 2091 17 19 jag
2713 2098 30 13 nu
2761 2091 47 21 står
2820 2091 83 29 färdig
2919 2095 33 17 att
2971 2095 113 25 emottaga,
3104 2095 71 25 troget
3193 2092 38 20 och
3247 2092 58 28 oför-

2446 2118 103 29 falskadt
2563 2119 54 21 skall
2632 2119 60 21 hålla
2706 2120 45 28 mig
2768 2120 35 20 till
2819 2118 59 23 Guds
2894 2120 71 28 heliga
2981 2120 46 26 ord,
3043 2120 150 28 uppenbaradt
3207 2122 10 20 i
3231 2122 74 27 gamla

2453 2148 39 20 och
2509 2155 42 21 nya
2569 2151 142 18 testamentets
2729 2148 124 50 pruaista
2876 2149 38 21 och
2936 2148 132 29 apostoliska
3086 2148 90 30 skrifter
3195 2154 56 16 samt
3270 2150 35 21 till

2453 2176 40 21 den
2507 2176 241 29 evangelisk-lutherska
2770 2177 86 29 kyrkans
2871 2178 69 28 derpå
2955 2178 112 28 grundade
3086 2178 131 26 bekännelse,
3233 2179 24 20 så
3272 2182 33 17 att

2449 2206 41 28 jag
2509 2205 92 21 hvarken
2619 2205 170 29 uppenbarligen
2801 2206 127 29 förkunnar
2947 2207 39 21 och
3003 2207 111 28 utsprider
3133 2208 51 20 eller
3200 2207 104 29 hemligen

2446 2234 101 28 främjar
2565 2234 38 21 och
2625 2235 71 28 hyllar
2719 2235 94 21 deremot
2831 2236 112 20 stridande
2967 2236 69 21 läror.
3065 2236 44 28 Jag
3129 2235 66 22 skall
3215 2243 18 15 o.
3252 2243 16 14 s.
3284 2244 19 13 v.

2453 2263 75 28 (enligt
2542 2262 77 29 nädiga
2633 2263 176 29 propositionen.)

2519 2292 84 22 Presta-
2619 2292 39 22 och
2675 2291 165 23 Bondeständen
2857 2292 100 28 inbjudas
2976 2294 33 20 att
3022 2292 76 22 förena
3113 2293 32 27 sig
3159 2293 8 21 i
3182 2293 26 21 de
3221 2292 37 23 två
3273 2293 30 21 öf-

2451 2320 48 28 riga
2517 2320 104 22 Ständens
2639 2320 49 22 med
2707 2321 40 22 den
2765 2321 120 28 Kejserliga
2905 2322 160 27 propositionen
3083 2322 96 21 närmast
3197 2322 106 22 öfverens-

2452 2350 131 21 stämmande
2597 2349 76 22 beslut.

2519 2633 83 21 Presta-
2617 2633 40 21 och
2671 2632 164 22 Bondeständen
2849 2633 100 27 inhjudas
2964 2634 33 20 att
3014 2633 7 21 i
3035 2633 68 21 likhet
3116 2633 49 21 med
3181 2633 25 21 de
3220 2632 36 22 två
3271 2633 30 21 öf-

2450 2661 47 28 riga
2513 2661 92 22 Ständen
2620 2664 79 25 antaga
2714 2662 36 21 det
2765 2662 89 22 sednare
2869 2661 134 23 alternativet
3014 2662 7 21 i
3033 2662 113 21 utskottets
3160 2662 141 26 betänkande,

2450 2690 29 27 pä
2494 2690 26 21 de
2534 2690 7 20 i
2555 2690 144 21 betänkandet
2713 2691 90 20 anförda
2818 2690 52 21 skäl.
3149 2693 4 4 =

2518 2718 94 21 Emedan
2627 2718 160 22 Prestaständet
2803 2719 39 21 och
2857 2717 181 29 Borgareständet
3053 2718 123 28 obetingadt
3193 2718 109 28 godkändt

2450 2747 112 21 utskottets
2580 2747 140 26 betänkande,
2743 2748 40 20 och
2805 2747 155 27 Ridderskapet
2982 2747 40 21 och
3041 2748 79 20 Adelns
3142 2749 55 19 samt
3218 2748 83 21 Bonde-

2451 2775 94 21 ständets
2566 2775 93 21 derifrän
2682 2776 111 21 afvikande
2814 2776 71 21 beslut
2906 2776 135 21 sinsemellan
3063 2776 116 27 divergera,
3201 2776 100 28 inhjudas

2719 2803 68 24 änden
2806 2806 37 21 att,
2859 2804 44 25 lika
2923 2804 45 21 med
2984 2804 87 27 Presta-
3090 2805 39 21 och
3147 2804 154 30 Borgarestän-

2451 2832 46 26 den,
2513 2833 77 25 antaga
2604 2832 150 24 betänkandet,
2769 2832 65 20 likväl
2848 2832 48 20 med
2912 2832 40 20 den
2966 2832 87 21 rättelse
3072 2834 45 19 deri
3128 2830 29 23 af
3169 2832 42 22 alla
3227 2832 74 27 Ständ,
3312 2830 8 7 |

2450 2862 31 19 att
2500 2860 26 21 de
2543 2860 8 20 i
2567 2860 75 27 början
2661 2860 24 20 af
2701 2860 68 27 tredje
2787 2862 116 18 momentet
2917 2860 53 21 efter
2985 2860 61 21 ordet
3060 2860 167 26 ,sekreteraren*
3245 2861 56 21 före-

2449 2888 126 22 kommande
2590 2888 75 22 orden:
2681 2895 56 19 ,som
2751 2888 68 21 tillika
2834 2890 51 26 äger
2900 2890 45 20 säte
2961 2888 39 21 och
3016 2890 91 20 stämma
3121 2890 7 20 i
3143 2890 156 26 domkapitlet",

2449 2918 52 20 enär
2517 2917 70 21 derom
2601 2917 68 21 redan
2683 2918 25 20 är
2723 2917 62 27 sagdt
2799 2917 8 20 i
2821 2917 11 27 8
2849 2918 47 25 387,
2912 2916 71 22 såsom
2997 2916 138 29 öfverflödiga
3150 2918 109 21 uteslutas.

2516 3287 30 21 Af
2561 3288 36 21 det
2614 3287 49 21 utaf
2679 3287 99 28 samtliga
2796 3286 95 23 Stånden
2913 3288 113 28 godkända
3049 3288 127 28 stadgandet
3193 3288 8 21 i
3219 3289 12 27 &
3251 3290 46 24 387,

2449 3318 32 20 att
2496 3316 147 27 domkapitlets
2662 3316 132 22 sekreterare
2808 3317 69 21 tillika
2895 3318 51 26 äger
2961 3317 95 27 ständigt
3070 3318 45 20 säte
3131 3317 40 21 och
3186 3318 91 20 stämma
3291 3317 8 21 i

2448 3345 95 27 kapitlet,
2558 3345 62 27 följer
2638 3345 107 27 sjelfmant
2764 3346 31 20 att
2813 3345 49 26 han,
2881 3345 8 21 i
2907 3345 99 21 afseende
3025 3344 12 22 å
3055 3345 63 21 tilltal
3136 3345 35 21 för
3189 3346 110 21 embetsfel

2448 3374 40 21 och
2503 3374 144 20 försummelse
2661 3374 8 20 i
2683 3374 98 27 tjensten,
2793 3374 40 20 bör
2848 3372 33 22 stå
2895 3374 34 20 till
2943 3381 77 14 ansvar
3031 3373 70 22 såsom
3113 3381 71 14 annan
3195 3374 103 26 ledamot;

2447 3402 100 22 hvarföre
2560 3402 62 21 äfven
2637 3403 11 27 $
2663 3404 48 24 428,
2727 3409 46 14 som
2788 3402 73 21 derom
2875 3402 98 26 handlar,
2987 3402 68 26 torde,
3070 3404 54 19 utan
3141 3404 100 20 närmare
3256 3402 43 22 för-

2447 3431 94 27 klaring,
2559 3438 62 14 anses
2640 3431 57 27 gälla
2715 3430 61 22 äfven
2794 3430 8 21 i
2820 3430 99 22 afseende
2938 3430 13 22 å
2969 3431 152 21 sekreteraren.
3151 3431 50 21 Men
3223 3438 46 14 som
3287 3432 11 26 8

2447 3461 41 19 429
2507 3460 33 20 till
2558 3459 51 27 följd
2631 3459 65 21 häraf
2715 3459 81 21 tarfvar
2817 3459 94 26 rättelse,
2929 3458 34 22 får
2981 3459 104 21 utskottet
3102 3458 79 22 föreslå
3199 3461 32 19 att
3249 3459 50 21 den-

2447 3495 82 14 samma
2546 3487 65 21 måtte
2632 3487 82 21 erhålla
2735 3487 95 28 följande
2853 3488 89 27 lydelse:
2961 3487 117 27 ,Beträdes
3100 3489 85 19 notarie
3204 3488 47 21 med
3264 3488 35 29 fel

2447 3517 52 21 eller
2508 3517 149 28 försummelse
2672 3518 9 19 i
2697 3517 96 27 tjensten,
2813 3516 59 21 döme
2891 3516 140 28 domkapitlet
3051 3516 76 21 honom
3145 3517 36 21 till
3199 3518 100 27 varning,

2448 3546 51 20 eller
2523 3546 132 28 löneförlust,
2675 3546 51 20 eller
2745 3546 130 27 suspension,
2894 3546 52 20 eller
2969 3546 100 27 tjenstens
3082 3546 92 28 förlust,
3194 3546 54 28 efter
3267 3553 33 13 sa-

2448 3573 47 21 kens
2507 3578 3 3 '
2520 3573 149 29 beskaffenhet.
2705 3573 98 27 Befinnes
2821 3574 41 20 den
2881 3582 11 12 af
2921 3574 151 28 domkapitlets
3095 3574 136 28 tjenstemän,
3255 3581 44 13 som

2447 3602 98 28 uppbörd
2560 3603 25 27 af
2593 3603 177 27 penningemedel
2785 3602 124 21 ombetrodd
2924 3604 33 24 är,
2973 3602 48 21 med
3039 3602 110 28 uppenbar
3164 3602 136 22 vårdslöshet

2447 3632 9 19 i
2465 3631 167 29 förvaltningen
2647 3630 68 28 deraf,
2732 3631 51 21 eller
2797 3630 48 21 med
2860 3630 48 21 svek
2924 3630 38 21 och
2978 3630 93 21 otrohet"
3087 3637 19 14 o.
3122 3638 16 13 s.
3153 3638 19 14 v.

2515 3659 95 21 Emedan
2624 3659 59 21 Hans
2698 3659 120 27 Kejserliga
2832 3659 101 27 Majestät
2947 3660 31 20 uti
2993 3658 122 28 åberopade
3128 3658 79 28 nådiga
3221 3666 78 20 propo-

2448 3688 69 26 sition,
2537 3687 107 28 angående
2663 3688 140 21 anskaffande
2821 3688 24 20 af
2864 3688 79 27 nödiga
2964 3688 69 20 medel
3054 3687 33 21 till
3108 3687 148 21 förbättrande
3278 3688 24 21 af

2448 3716 291 27 elementarundervisningen
2754 3716 7 21 i
2775 3716 79 26 landet,
2872 3716 144 27 uttryckligen
3033 3716 111 26 förklarat,
3163 3718 32 19 att
3213 3716 86 26 ,försla-

2448 3747 35 25 get
2504 3745 91 21 rörande
2617 3744 117 22 förändrad
2756 3744 135 28 skolstyrelse
2913 3744 46 22 icke
2981 3745 82 21 kunnat
3085 3744 99 28 slutligen
3207 3744 92 28 afgöras,

2447 3774 65 20 innan
2527 3773 124 26 Ständerna,
2666 3773 35 21 vid
2719 3774 128 26 pröfningen
2865 3773 25 21 af
2906 3773 35 21 det
2960 3773 47 21 dem
3025 3773 110 27 förelagda
3150 3773 103 27 förslaget
3267 3774 32 20 till

2446 3809 29 20 ny
2489 3802 108 27 kyrkolag,
2612 3803 67 26 yttrat
2694 3802 32 27 sig
2745 3801 110 28 angående
2873 3802 160 28 skolstyrelsens
3052 3802 103 27 skiljande
3174 3801 47 21 från
3241 3802 58 21 dom-

2447 3830 111 27 kapitlen",
2581 3830 39 21 och
2642 3830 147 22 förstberörda
2813 3830 62 28 fråga
2897 3838 34 13 om
2957 3830 161 28 skolstyrelsens
3144 3830 155 28 organisation,

2446 3859 102 21 hvarmed
2568 3859 160 27 propositionen
2751 3858 109 28 angående
2886 3858 67 22 ökade
2976 3859 75 27 anslag
3072 3860 33 20 för
3127 3859 172 21 elementarläro-

2447 3888 77 21 verken
2538 3888 45 21 icke
2599 3886 44 22 står
2661 3888 7 20 i
2687 3888 130 26 nödvändigt
2835 3888 163 27 sammanhang,
3014 3887 81 22 således
3115 3889 24 19 är
3157 3888 106 20 beroende
3278 3887 24 21 af

2447 3916 138 28 kyrkolagens
2605 3916 120 27 antagande
2744 3916 40 21 och
2801 3916 47 21 icke
2866 3918 99 24 tvärtom,
2988 3915 70 22 såsom
3080 3915 161 22 Prestaståndet
3259 3916 40 21 och

2446 3944 158 22 Bondeståndet
2619 3952 62 20 synas
2696 3944 65 26 hafva
2775 3944 64 22 fattat
2853 3945 71 25 saken,
2936 3945 123 21 hemställer
3069 3945 104 21 utskottet
3184 3945 114 26 vördsamt,

2446 3973 106 21 huruvida
2564 3973 47 21 icke
2625 3973 99 21 bemälda
2739 3972 67 22 Stånd
2821 3973 48 21 ville
2885 3972 76 28 frångå
2975 3973 47 21 sina
3037 3972 168 29 ifrågavarande,
3217 3980 82 20 uppen-

2446 4001 98 27 barligen
2557 4001 28 21 af
2592 4000 531 22 missförstånd
2756 3996 130 37 föranledda
2899 3996 85 37 beslut:
2990 3996 116 37 —=—---—
3213 4012 4 3 z
