1003 1686
215 109 32 24 172
418 109 71 28 Nådiga
500 115 136 21 Propositionen
648 115 33 16 N:o
694 115 16 16 4.

190 178 63 21 skilta
267 177 181 28 omständigheter
466 177 52 26 deri,
536 177 41 21 har
594 177 104 21 utskottet
715 178 54 20 trott
786 176 32 27 sig
836 177 42 27 äga
892 175 46 22 skäl

188 213 33 21 till
236 212 94 27 följande
345 211 172 28 anmärkningar,
531 211 73 21 hvilka
613 211 40 21 här
664 207 70 25 nedan
748 211 35 21 vid
798 210 26 21 de
838 210 100 21 särskilta

188 246 155 28 paragraferna
357 245 69 22 finnas
441 245 96 22 anförda.

257 281 12 27 8
287 278 46 23 103.
362 280 11 21 1
395 280 69 20 denna
486 281 11 26 &
519 279 87 27 stadgas
628 280 56 20 huru
705 279 91 21 förfaras
815 279 54 20 skall
890 278 49 22 med

189 315 112 25 föräldrar,
316 314 71 22 hvilka
401 315 65 27 vägra
482 316 32 19 att
527 313 45 22 läta
587 314 45 21 sina
647 314 55 21 barn
716 313 32 21 till
764 314 41 27 dop
820 313 118 26 befordras,

189 349 108 22 äfvensom
315 349 48 21 med
381 348 233 28 församlingsmedlem,
633 348 84 22 hvilken
738 347 136 29 uppsåtligen
895 348 43 21 för-

189 391 94 14 summar
298 386 33 19 att
344 383 103 22 förskaffa
461 384 83 27 kristlig
558 383 128 27 uppfostran
701 383 40 21 och
755 383 150 28 undervisning
917 382 22 22 ät

189 426 55 20 egna
258 419 55 21 barn
332 418 51 21 eller
401 417 23 22 åt
438 417 87 27 sådana,
540 424 47 15 som
600 418 69 21 under
684 418 47 20 dess
746 416 52 22 vård
813 419 48 24 äro;
876 418 63 20 hvar-

189 453 54 21 efter
260 454 7 20 i
287 453 40 21 den
345 453 119 27 Kejserliga
481 452 160 28 propositionen
658 452 95 28 följande
772 452 81 22 slutord
871 452 69 21 blifvit

188 488 99 27 tillagde:
306 487 51 27 ,och
374 489 50 25 tage
442 487 153 27 församlingen
613 494 35 14 om
664 487 82 21 barnen
768 487 83 27 kristlig
868 486 71 22 vård.

188 522 49 21 Men
253 522 89 21 emedan
357 522 65 28 sagde
436 521 84 28 tillägg,
536 521 54 22 efter
605 522 181 26 sammanhanget,
797 521 49 21 .kan
864 521 74 22 hänfö-

188 563 36 14 ras
238 556 33 21 till
287 557 35 20 det
336 555 127 28 föregäende
477 556 128 27 stadgandet
619 556 8 20 i
642 555 47 21 dess
704 555 78 26 helhet,
801 556 40 20 och
859 557 80 26 uttryc-

188 591 36 21 ket
241 590 95 28 ,kristlig
352 589 63 22 vård"
434 590 70 21 kunde
522 595 61 16 änses
604 590 110 26 innebära,
734 591 33 20 att
787 590 152 27 församlingen

186 625 80 29 jemväl
281 625 54 27 ägde
353 624 33 21 till
400 624 42 28 dop
457 624 101 22 befordra
573 623 81 23 sädana
668 624 61 26 barn,
745 631 46 14 som
804 624 135 22 föräldrarne

189 659 74 29 sjelfva
277 660 77 27 vägrat
367 658 45 22 läta
428 660 62 27 döpa,
508 659 79 21 hvilket
606 658 46 22 äter
670 656 67 24 skulle
753 658 33 22 stä
800 659 7 21 i
822 659 54 21 strid
890 659 49 21 med

189 695 12 27 8
217 696 33 24 34,
267 694 37 21 der
319 692 117 29 tvängsdop
452 696 24 18 är
491 693 142 28 uttryckligen
651 693 114 28 förbjudet,
781 700 63 15 anser
857 693 82 22 utskot-

188 730 31 20 tet
237 728 26 21 de
281 728 90 22 anförda
389 728 108 22 slutorden
514 728 56 21 böra
586 728 137 26 bortlemnas,
742 728 56 22 helst
818 728 121 22 församlin-

189 770 51 20 gens
263 763 40 21 och
324 762 169 28 presterskapets
519 762 119 28 skyldighet
659 764 32 19 att
713 762 67 22 värda
801 763 32 27 sig
856 770 35 14 om
913 770 26 14 en

188 797 83 28 kristlig
289 796 196 31 barnauppfostran
503 796 13 22 &
534 797 68 21 andra
616 796 76 22 ställen
706 797 8 21 i
728 797 129 27 kyrkolagen
872 797 67 21 finnes

189 832 145 21 föreskrifven.

257 866 11 27 $
286 867 46 19 104.
362 865 38 21 Uti
414 865 69 21 denna
498 866 11 27 &
524 865 64 21 hafva
602 864 82 22 sådana
698 865 124 21 förvillelser
837 865 40 21 och
892 865 47 22 sed-

188 899 44 28 liga
246 900 58 28 lyten
318 899 39 21 hos
372 899 227 28 församlingsmedlem
613 899 69 22 blifvit
697 899 180 27 sammanställda,
893 907 46 14 som

188 930 81 26 ansetts
283 935 55 20 böra
352 933 48 22 från
414 934 93 27 kyrkans
522 934 47 22 sida
583 933 86 28 påkalla
680 934 173 27 tillrättavisning
864 935 76 20 endast

189 971 76 26 genom
288 969 189 27 undervisningens
503 970 40 21 och
569 965 157 32 förmaningens
752 970 49 25 ord,
823 976 49 14 men
893 970 47 21 icke

189 1004 119 28 egentligen
323 1004 51 21 falla
388 1003 68 22 under
470 1004 121 28 kyrkotukt.
621 1004 57 21 Utur
693 1004 69 21 dennä
780 1000 107 32 synpunkt
901 1005 38 20 hö-

188 1046 35 13 rer
242 1039 34 26 8:n
294 1038 46 21 icke
359 1038 66 21 heller
443 1039 33 20 till
496 1039 58 20 detta
572 1038 85 27 kapitel,
676 1040 52 19 utan
746 1039 33 20 till
797 1039 89 27 kapitlet
904 1047 35 13 om

189 1071 144 28 själavärden,
355 1072 85 21 hvartill
462 1072 61 21 äfven
544 1073 32 20 uti
599 1072 69 21 denna
689 1073 11 27 &
723 1073 104 20 hänvisas.
863 1073 77 21 Denna

189 1105 55 28 åsigt
266 1106 59 21 delar
346 1106 109 25 -utskottet,
478 1105 68 23 såvidt
569 1106 35 21 det
625 1107 188 27 rörer:,yttrande
831 1107 24 21 af
871 1107 68 21 villfa-

188 1140 67 22 rande
269 1136 128 31 meningar,"
413 1142 51 19 enär
480 1140 46 26 den,
545 1148 46 14 som
609 1140 67 22 finnes
694 1136 129 26 härutinnan
841 1140 48 27 fela,
905 1141 34 21 väl

187 1175 46 26 bör,
252 1174 70 22 säsom
341 1175 61 21 äfven
419 1175 9 20 i
445 1175 11 27 &
476 1176 25 19 91
518 1177 25 19 är
560 1175 68 26 sagdt,
648 1182 51 14 vara
716 1174 89 22 föremäl
823 1175 34 22 för
875 1176 64 27 själa-

189 1209 106 27 sörjarens
309 1209 138 21 kärleksfulla
461 1209 150 26 undervisning
626 1209 40 21 och
684 1209 129 27 förmaning,
829 1217 48 14 men
891 1210 48 21 icke

189 1242 78 27 dragas
281 1243 58 20 inför
353 1241 112 28 kyrkoråd,
481 1249 45 14 som
545 1242 116 27 ingalnuda
678 1243 43 20 kan
739 1247 62 16 anses
815 1250 52 14 vara
881 1244 58 20 rätta

187 1275 70 22 forum
276 1276 33 21 för
327 1276 131 21 bedömande
477 1276 23 21 af
516 1276 131 21 lärostrider.
676 1277 43 20 För
737 1273 35 24 det
790 1277 38 20 fall
846 1277 46 22 äter
907 1279 32 20 att

188 1311 47 26 den,
251 1318 46 14 som
311 1310 125 23 villfarande
450 1311 110 28 meningar
575 1311 75 28 hyllar,
666 1311 62 22 söker
742 1313 32 20 att
789 1312 68 21 andra
868 1312 71 22 dertill

188 1345 103 23 öfvertala
306 1346 40 21 och
361 1345 90 22 sålunda
464 1345 69 22 vållar
551 1353 38 14 oro
607 1346 40 21 och
666 1346 116 29 förargelse
796 1347 7 20 i
818 1347 121 22 församlin-

188 1383 47 25 gen,
248 1382 27 20 är
289 1381 8 21 i
312 1382 11 27 &
337 1382 38 20 105
392 1381 100 27 stadgadt
506 1383 32 19 att
553 1380 77 23 sådant
644 1381 40 22 bör
698 1382 7 21 i
720 1382 130 27 domkapitel
865 1384 72 20 anmä-

187 1416 38 21 las.
255 1415 138 22 "Beträffande
408 1416 95 21 deremot
518 1416 69 28 öfriga
600 1416 9 20 i
630 1411 13 37 $&
652 1417 40 20 104
710 1416 139 28 uppräknade
866 1417 71 22 förvil-

187 1447 62 24 lelser
264 1450 40 21 och
319 1450 81 27 sedliga
414 1450 64 28 lyten,
494 1449 70 23 säsom
582 1450 71 22 förakt
670 1450 34 22 för
718 1450 149 23 nädemedlens
881 1452 56 22 bruk
