1009 1675
214 114 33 17 136

419 111 71 23 Nådiga
500 112 138 21 Propositionen
649 111 34 17 N:o
695 110 17 16 2.

326 176 71 28 gelse-,
416 174 124 30 sjukvårds-
558 174 39 21 och
615 173 231 28 arbetsinrättningar,
865 172 73 29 äfven-

326 217 45 13 som
389 209 127 28 tjenstemän
533 208 37 21 vid
587 208 153 26 umiversitets-,
762 207 116 31 gymmasii-
900 206 39 21 och

327 244 151 26 skolstaterna,
497 242 75 22 hvilka
588 242 106 26 likaledes,
710 242 68 20 ehuru
792 240 96 22 hörande
904 241 36 21 till

325 277 166 29 presteständet,
503 277 87 28 åtnjuta
605 277 36 20 lön
656 276 25 29 af
694 275 128 26 statsmedel,
835 276 47 25 äro,
895 274 45 21 lika

327 312 48 21 med
397 312 127 28 tjenstemän
543 311 33 28 pä
598 311 82 20 allmän
702 311 100 24 civilstat,
819 309 121 29 föreskrif-

329 351 64 16 terna
407 347 10 20 i
431 346 69 21 denna
509 345 137 29 förordning
656 344 168 25 underkastade;
839 351 48 14 men
901 343 39 22 der

328 381 73 28 någon
416 381 25 28 af
454 381 47 20 dem
517 379 72 22 tillika
600 379 91 21 innehar
703 379 69 21 sådan
784 378 112 22 ordinarie
908 378 33 21 be-

322 416 102 28 fattning
442 416 10 20 i
470 414 93 30 kyrkans
583 415 70 28 tjenst,
666 414 42 29 för
728 413 85 22 hvilken
834 413 75 29 anslag
928 413 14 21 å

329 450 83 21 allmän
432 453 44 18 stat
497 448 46 22 icke
562 449 28 20 är
608 448 111 29 uppfördt,
738 449 59 28 njute
816 447 49 27 han,
884 449 10 20 i
908 447 32 29 af-

329 485 73 20 seende
418 484 14 21 å
446 491 81 14 samma
545 483 127 29 befattning,
684 483 128 29 privilegiet
828 483 36 21 till
878 482 62 29 godo.

612 543 12 29 8
640 544 19 20 6.

385 584 55 22 Lika
454 584 48 22 med
518 585 12 21 5
540 579 12 38 8
572 584 8 21 i
594 583 110 29 förslaget.

613 645 47 27 87.

385 684 97 23 Embets-
503 685 53 21 eller
579 685 133 28 tjensteman,
733 691 45 15 som
792 685 69 29 enligt
875 685 69 21 denna

324 720 138 29 förordning
478 720 96 28 åtnjuter
598 720 76 28 anslag
691 720 34 28 på
746 720 197 28 indragningsstat,

330 756 28 20 är
372 756 10 19 i
397 754 118 22 allmänhet
526 754 85 29 skyldig
623 757 39 23 att,
678 761 34 14 om
728 754 76 21 honom
815 754 32 28 på
862 761 82 15 samma

330 792 36 18 ort
380 789 38 21 der
434 789 42 21 han
488 790 34 20 sin
533 788 112 28 indragna
656 788 122 29 befattning
788 789 92 26 utöfvat,
892 789 52 22 eller

332 824 38 20 ock
388 824 38 20 der
446 824 43 20 han
508 824 27 20 är
554 823 76 26 bosatt,
647 830 72 14 annan
734 822 98 22 likartad
851 823 39 21 och
904 824 41 21 den

324 858 71 29 förra
413 857 45 22 icke
476 857 155 22 underordnad
650 857 65 30 tjenst
734 858 86 21 anvisas
839 858 53 21 eller
912 865 34 14 er-

331 892 79 29 bjudes,
429 893 5 20 i
448 893 41 20 den
504 892 94 28 ordning
614 891 94 22 Senaten
716 892 42 29 för
773 891 98 24 Finland
886 893 59 26 eller,

330 927 11 20 %
358 926 97 27 afseende
475 927 13 21 å
502 933 106 22 personer
630 927 96 20 hörande
749 927 35 21 till
806 927 138 28 krigsstaten,

331 960 159 22 vederbörande
509 960 145 29 militärbefäl
672 968 49 21 eger
739 961 74 21 derom
829 961 116 28 förordna,

332 995 70 22 sådan
417 995 121 29 befattning
550 995 104 22 tillträda
669 995 38 22 och
721 997 10 20 i
739 996 63 29 följd
812 996 66 29 deraf
887 996 58 30 afstå

332 1031 98 28 anslaget
443 1031 33 28 på
493 1030 201 29 indragningsstat;
717 1030 92 22 hvarvid
828 1031 42 21 han
885 1031 60 27 dock,

332 1065 10 20 %
350 1065 47 28 fall
412 1065 36 20 lön
464 1065 38 21 och
518 1065 74 28 öfriga
604 1065 116 28 förmåner
735 1066 38 20 vid
788 1065 40 22 den
838 1073 43 21 nya
892 1066 53 28 tjen-

332 1102 47 18 sten
401 1099 39 21 äro
459 1095 89 39 mindre
572 1100 29 20 än
624 1099 37 21 vid
683 1100 41 21 den
735 1100 67 28 förut
820 1100 125 30 innehafda,

334 1132 93 23 kommer
449 1137 33 17 att
498 1134 43 28 för
559 1133 112 22 skilnaden
682 1134 145 29 fortfarande
844 1135 102 28 uppbära

332 1168 123 28 ersättning
472 1169 34 27 på
527 1168 197 28 indragningsstat.
753 1167 77 23 Sådan
851 1169 95 29 skyldig-

333 1202 36 20 het
386 1201 56 21 skall
460 1201 75 27 likväl,
554 1205 52 18 utan
621 1202 159 28 inskränkning
795 1204 10 20 i
820 1203 96 29 afseende
932 1204 14 21 å

333 1236 41 20 den
396 1238 36 18 ort
452 1236 60 20 inom
530 1236 79 26 landet,
629 1236 85 21 hvarest
732 1244 73 13 annan
822 1236 122 30 befattning

332 1270 93 25 anvisas,
440 1270 61 27 gälla
510 1270 42 28 för
567 1270 25 20 de
603 1270 10 20 i
624 1268 15 22 3
650 1270 12 27 $
674 1270 148 28 omförmälde,
838 1271 108 28 äfvensom

332 1303 26 21 de
371 1304 35 20 till
420 1304 157 20 militärstaten
592 1303 96 21 hörande
703 1303 86 21 embets-
808 1304 38 22 och
862 1306 84 28 tjenste-

332 1337 58 26 män,
409 1336 48 22 med
474 1338 112 27 undantag
605 1338 25 28 af
646 1336 128 28 Auditörer,
797 1338 87 22 Läkare
908 1339 38 22 och

332 1370 98 22 Prester.
463 1370 16 20 I
495 1372 45 20 alla
557 1371 26 21 de
595 1371 54 28 fall,
668 1372 29 21 dä
717 1372 86 20 embets-
822 1373 52 21 eller
893 1374 53 27 tjen-

334 1407 88 24 steman,
435 1404 65 21 hvars
512 1404 120 29 befattning
643 1405 117 28 indragits,
778 1406 111 21 tillträder
904 1414 42 14 em-

333 1438 45 21 bete
396 1439 52 20 eller
468 1438 64 27 tjenst
546 1439 32 27 pä
602 1446 72 13 annan
692 1443 36 16 ort
746 1440 29 20 än
793 1440 38 21 der
854 1440 43 21 han
920 1442 26 19 är
