<?xml version="1.0" encoding="UTF-8"?>
<alto xmlns="http://www.loc.gov/standards/alto/ns-v3#" xmlns:xlink="http://www.w3.org/1999/xlink" xmlns:xsi="http://www.w3.org/2001/XMLSchema-instance" xsi:schemaLocation="http://www.loc.gov/standards/alto/ns-v3# http://www.loc.gov/alto/v3/alto-3-0.xsd">
	<Description>
		<MeasurementUnit>pixel</MeasurementUnit>
		<sourceImageInformation>
			<fileName>/tmp/tess__14tfe1p_input.PNG</fileName>
		</sourceImageInformation>
		<OCRProcessing ID="OCR_0">
			<ocrProcessingStep>
				<processingSoftware>
					<softwareName>tesseract 5.3.4</softwareName>
				</processingSoftware>
			</ocrProcessingStep>
		</OCRProcessing>
	</Description>
	<Layout>
		<Page WIDTH="1000" HEIGHT="1684" PHYSICAL_IMG_NR="0" ID="page_0">
			<PrintSpace HPOS="0" VPOS="0" WIDTH="1000" HEIGHT="1684">
				<ComposedBlock ID="cblock_0" HPOS="198" VPOS="115" WIDTH="497" HEIGHT="23">
					<TextBlock ID="block_0" HPOS="198" VPOS="115" WIDTH="497" HEIGHT="23">
						<TextLine ID="line_0" HPOS="198" VPOS="115" WIDTH="497" HEIGHT="23">
							<String ID="string_0" HPOS="198" VPOS="116" WIDTH="32" HEIGHT="16" WC="0.96" CONTENT="332"/><SP WIDTH="172" VPOS="116" HPOS="230"/>
							<String ID="string_1" HPOS="402" VPOS="115" WIDTH="70" HEIGHT="23" WC="0.92" CONTENT="Nädiga"/><SP WIDTH="12" VPOS="115" HPOS="472"/>
							<String ID="string_2" HPOS="484" VPOS="116" WIDTH="136" HEIGHT="21" WC="0.96" CONTENT="Propositionen"/><SP WIDTH="12" VPOS="116" HPOS="620"/>
							<String ID="string_3" HPOS="632" VPOS="116" WIDTH="34" HEIGHT="16" WC="0.96" CONTENT="N:o"/><SP WIDTH="14" VPOS="116" HPOS="666"/>
							<String ID="string_4" HPOS="680" VPOS="116" WIDTH="15" HEIGHT="16" WC="0.96" CONTENT="5."/>
						</TextLine>
					</TextBlock>
				</ComposedBlock>
				<ComposedBlock ID="cblock_1" HPOS="276" VPOS="178" WIDTH="317" HEIGHT="26">
					<TextBlock ID="block_1" HPOS="276" VPOS="178" WIDTH="317" HEIGHT="26">
						<TextLine ID="line_1" HPOS="276" VPOS="178" WIDTH="317" HEIGHT="26">
							<String ID="string_5" HPOS="276" VPOS="178" WIDTH="31" HEIGHT="20" WC="0.96" CONTENT="Af"/><SP WIDTH="11" VPOS="178" HPOS="307"/>
							<String ID="string_6" HPOS="318" VPOS="178" WIDTH="56" HEIGHT="21" WC="0.93" CONTENT="Herr"/><SP WIDTH="14" VPOS="178" HPOS="374"/>
							<String ID="string_7" HPOS="388" VPOS="178" WIDTH="115" HEIGHT="26" WC="0.91" CONTENT="Ehrnroth,"/><SP WIDTH="17" VPOS="178" HPOS="503"/>
							<String ID="string_8" HPOS="520" VPOS="178" WIDTH="22" HEIGHT="20" WC="0.91" CONTENT="C."/><SP WIDTH="15" VPOS="178" HPOS="542"/>
							<String ID="string_9" HPOS="557" VPOS="178" WIDTH="36" HEIGHT="20" WC="0.91" CONTENT="A.:"/>
						</TextLine>
					</TextBlock>
				</ComposedBlock>
				<ComposedBlock ID="cblock_2" HPOS="168" VPOS="226" WIDTH="758" HEIGHT="1250">
					<TextBlock ID="block_2" HPOS="172" VPOS="226" WIDTH="753" HEIGHT="303">
						<TextLine ID="line_2" HPOS="243" VPOS="226" WIDTH="681" HEIGHT="28">
							<String ID="string_10" HPOS="243" VPOS="226" WIDTH="171" HEIGHT="28" WC="0.88" CONTENT="Olägenheterna"/><SP WIDTH="18" VPOS="226" HPOS="414"/>
							<String ID="string_11" HPOS="432" VPOS="226" WIDTH="24" HEIGHT="22" WC="0.96" CONTENT="af"/><SP WIDTH="16" VPOS="226" HPOS="456"/>
							<String ID="string_12" HPOS="472" VPOS="226" WIDTH="36" HEIGHT="22" WC="0.96" CONTENT="det"/><SP WIDTH="17" VPOS="226" HPOS="508"/>
							<String ID="string_13" HPOS="525" VPOS="226" WIDTH="123" HEIGHT="22" WC="0.96" CONTENT="nuvarande"/><SP WIDTH="18" VPOS="226" HPOS="648"/>
							<String ID="string_14" HPOS="666" VPOS="228" WIDTH="66" HEIGHT="20" WC="0.96" CONTENT="sättet"/><SP WIDTH="13" VPOS="228" HPOS="732"/>
							<String ID="string_15" HPOS="745" VPOS="226" WIDTH="35" HEIGHT="22" WC="0.93" CONTENT="för"/><SP WIDTH="13" VPOS="226" HPOS="780"/>
							<String ID="string_16" HPOS="793" VPOS="227" WIDTH="131" HEIGHT="27" WC="0.93" CONTENT="presterska-"/>
						</TextLine>
						<TextLine ID="line_3" HPOS="174" VPOS="260" WIDTH="750" HEIGHT="29">
							<String ID="string_17" HPOS="174" VPOS="262" WIDTH="46" HEIGHT="27" WC="0.91" CONTENT="pets"/><SP WIDTH="22" VPOS="262" HPOS="220"/>
							<String ID="string_18" HPOS="242" VPOS="261" WIDTH="8" HEIGHT="21" WC="0.93" CONTENT="i"/><SP WIDTH="21" VPOS="261" HPOS="250"/>
							<String ID="string_19" HPOS="271" VPOS="261" WIDTH="84" HEIGHT="21" WC="0.92" CONTENT="landets"/><SP WIDTH="23" VPOS="261" HPOS="355"/>
							<String ID="string_20" HPOS="378" VPOS="260" WIDTH="240" HEIGHT="28" WC="0.91" CONTENT="evangelisk-lutherska"/><SP WIDTH="21" VPOS="260" HPOS="618"/>
							<String ID="string_21" HPOS="639" VPOS="260" WIDTH="151" HEIGHT="29" WC="0.91" CONTENT="församlingar"/><SP WIDTH="22" VPOS="260" HPOS="790"/>
							<String ID="string_22" HPOS="812" VPOS="261" WIDTH="112" HEIGHT="21" WC="0.91" CONTENT="aflönande"/>
						</TextLine>
						<TextLine ID="line_4" HPOS="174" VPOS="294" WIDTH="750" HEIGHT="28">
							<String ID="string_23" HPOS="174" VPOS="297" WIDTH="38" HEIGHT="20" WC="0.91" CONTENT="äro"/><SP WIDTH="15" VPOS="297" HPOS="212"/>
							<String ID="string_24" HPOS="227" VPOS="296" WIDTH="7" HEIGHT="20" WC="0.96" CONTENT="i"/><SP WIDTH="15" VPOS="296" HPOS="234"/>
							<String ID="string_25" HPOS="249" VPOS="296" WIDTH="40" HEIGHT="21" WC="0.93" CONTENT="den"/><SP WIDTH="15" VPOS="296" HPOS="289"/>
							<String ID="string_26" HPOS="304" VPOS="294" WIDTH="84" HEIGHT="28" WC="0.92" CONTENT="Nädiga"/><SP WIDTH="14" VPOS="294" HPOS="388"/>
							<String ID="string_27" HPOS="402" VPOS="295" WIDTH="159" HEIGHT="27" WC="0.96" CONTENT="propositionen"/><SP WIDTH="15" VPOS="295" HPOS="561"/>
							<String ID="string_28" HPOS="576" VPOS="296" WIDTH="48" HEIGHT="21" WC="0.96" CONTENT="kort"/><SP WIDTH="16" VPOS="296" HPOS="624"/>
							<String ID="string_29" HPOS="640" VPOS="296" WIDTH="39" HEIGHT="20" WC="0.93" CONTENT="och"/><SP WIDTH="18" VPOS="296" HPOS="679"/>
							<String ID="string_30" HPOS="697" VPOS="295" WIDTH="107" HEIGHT="22" WC="0.92" CONTENT="träffande"/><SP WIDTH="15" VPOS="295" HPOS="804"/>
							<String ID="string_31" HPOS="819" VPOS="303" WIDTH="105" HEIGHT="14" WC="0.91" CONTENT="samman-"/>
						</TextLine>
						<TextLine ID="line_5" HPOS="174" VPOS="329" WIDTH="750" HEIGHT="29">
							<String ID="string_32" HPOS="174" VPOS="330" WIDTH="81" HEIGHT="22" WC="0.92" CONTENT="fattade"/><SP WIDTH="21" VPOS="330" HPOS="255"/>
							<String ID="string_33" HPOS="276" VPOS="330" WIDTH="32" HEIGHT="21" WC="0.95" CONTENT="uti"/><SP WIDTH="21" VPOS="330" HPOS="308"/>
							<String ID="string_34" HPOS="329" VPOS="329" WIDTH="48" HEIGHT="29" WC="0.93" CONTENT="fyra"/><SP WIDTH="21" VPOS="329" HPOS="377"/>
							<String ID="string_35" HPOS="398" VPOS="330" WIDTH="100" HEIGHT="21" WC="0.91" CONTENT="särskilta"/><SP WIDTH="17" VPOS="330" HPOS="498"/>
							<String ID="string_36" HPOS="515" VPOS="330" WIDTH="99" HEIGHT="27" WC="0.93" CONTENT="punkter,"/><SP WIDTH="19" VPOS="330" HPOS="614"/>
							<String ID="string_37" HPOS="633" VPOS="330" WIDTH="53" HEIGHT="21" WC="0.95" CONTENT="hvar"/><SP WIDTH="17" VPOS="330" HPOS="686"/>
							<String ID="string_38" HPOS="703" VPOS="330" WIDTH="34" HEIGHT="21" WC="0.96" CONTENT="för"/><SP WIDTH="19" VPOS="330" HPOS="737"/>
							<String ID="string_39" HPOS="756" VPOS="330" WIDTH="31" HEIGHT="28" WC="0.93" CONTENT="sig"/><SP WIDTH="18" VPOS="330" HPOS="787"/>
							<String ID="string_40" HPOS="805" VPOS="330" WIDTH="119" HEIGHT="22" WC="0.96" CONTENT="berörande"/>
						</TextLine>
						<TextLine ID="line_6" HPOS="174" VPOS="364" WIDTH="750" HEIGHT="28">
							<String ID="string_41" HPOS="174" VPOS="364" WIDTH="181" HEIGHT="28" WC="0.96" CONTENT="omständigheter"/><SP WIDTH="15" VPOS="364" HPOS="355"/>
							<String ID="string_42" HPOS="370" VPOS="364" WIDTH="24" HEIGHT="22" WC="0.97" CONTENT="af"/><SP WIDTH="13" VPOS="364" HPOS="394"/>
							<String ID="string_43" HPOS="407" VPOS="364" WIDTH="40" HEIGHT="21" WC="0.92" CONTENT="den"/><SP WIDTH="14" VPOS="364" HPOS="447"/>
							<String ID="string_44" HPOS="461" VPOS="364" WIDTH="50" HEIGHT="28" WC="0.92" CONTENT="vigt,"/><SP WIDTH="16" VPOS="364" HPOS="511"/>
							<String ID="string_45" HPOS="527" VPOS="366" WIDTH="32" HEIGHT="20" WC="0.95" CONTENT="att"/><SP WIDTH="15" VPOS="366" HPOS="559"/>
							<String ID="string_46" HPOS="574" VPOS="364" WIDTH="26" HEIGHT="22" WC="0.97" CONTENT="de"/><SP WIDTH="15" VPOS="364" HPOS="600"/>
							<String ID="string_47" HPOS="615" VPOS="364" WIDTH="43" HEIGHT="22" WC="0.93" CONTENT="alla"/><SP WIDTH="14" VPOS="364" HPOS="658"/>
							<String ID="string_48" HPOS="672" VPOS="364" WIDTH="54" HEIGHT="22" WC="0.91" CONTENT="böra"/><SP WIDTH="10" VPOS="364" HPOS="726"/>
							<String ID="string_49" HPOS="736" VPOS="365" WIDTH="8" HEIGHT="20" WC="0.96" CONTENT="i"/><SP WIDTH="10" VPOS="365" HPOS="744"/>
							<String ID="string_50" HPOS="754" VPOS="364" WIDTH="44" HEIGHT="22" WC="0.95" CONTENT="lika"/><SP WIDTH="11" VPOS="364" HPOS="798"/>
							<String ID="string_51" HPOS="809" VPOS="364" WIDTH="50" HEIGHT="22" WC="0.93" CONTENT="män"/><SP WIDTH="11" VPOS="364" HPOS="859"/>
							<String ID="string_52" HPOS="870" VPOS="372" WIDTH="54" HEIGHT="20" WC="0.92" CONTENT="upp-"/>
						</TextLine>
						<TextLine ID="line_7" HPOS="173" VPOS="398" WIDTH="751" HEIGHT="26">
							<String ID="string_53" HPOS="173" VPOS="399" WIDTH="160" HEIGHT="25" WC="0.90" CONTENT="märksammas,"/><SP WIDTH="23" VPOS="399" HPOS="333"/>
							<String ID="string_54" HPOS="356" VPOS="398" WIDTH="89" HEIGHT="21" WC="0.91" CONTENT="säframt"/><SP WIDTH="22" VPOS="398" HPOS="445"/>
							<String ID="string_55" HPOS="467" VPOS="399" WIDTH="35" HEIGHT="21" WC="0.93" CONTENT="det"/><SP WIDTH="19" VPOS="399" HPOS="502"/>
							<String ID="string_56" HPOS="521" VPOS="398" WIDTH="88" HEIGHT="21" WC="0.92" CONTENT="afsedda"/><SP WIDTH="17" VPOS="398" HPOS="609"/>
							<String ID="string_57" HPOS="626" VPOS="398" WIDTH="66" HEIGHT="21" WC="0.91" CONTENT="mälet"/><SP WIDTH="19" VPOS="398" HPOS="692"/>
							<String ID="string_58" HPOS="711" VPOS="399" WIDTH="53" HEIGHT="20" WC="0.96" CONTENT="skall"/><SP WIDTH="18" VPOS="399" HPOS="764"/>
							<String ID="string_59" HPOS="782" VPOS="400" WIDTH="73" HEIGHT="20" WC="0.93" CONTENT="kunna"/><SP WIDTH="21" VPOS="400" HPOS="855"/>
							<String ID="string_60" HPOS="876" VPOS="399" WIDTH="48" HEIGHT="21" WC="0.88" CONTENT="full-"/>
						</TextLine>
						<TextLine ID="line_8" HPOS="174" VPOS="432" WIDTH="751" HEIGHT="29">
							<String ID="string_61" HPOS="174" VPOS="433" WIDTH="94" HEIGHT="28" WC="0.96" CONTENT="ständigt"/><SP WIDTH="14" VPOS="433" HPOS="268"/>
							<String ID="string_62" HPOS="282" VPOS="432" WIDTH="90" HEIGHT="29" WC="0.95" CONTENT="uppnås."/><SP WIDTH="30" VPOS="432" HPOS="372"/>
							<String ID="string_63" HPOS="402" VPOS="433" WIDTH="10" HEIGHT="20" WC="0.94" CONTENT="I"/><SP WIDTH="19" VPOS="433" HPOS="412"/>
							<String ID="string_64" HPOS="431" VPOS="433" WIDTH="59" HEIGHT="20" WC="0.93" CONTENT="detta"/><SP WIDTH="18" VPOS="433" HPOS="490"/>
							<String ID="string_65" HPOS="508" VPOS="432" WIDTH="98" HEIGHT="22" WC="0.96" CONTENT="afseende"/><SP WIDTH="15" VPOS="432" HPOS="606"/>
							<String ID="string_66" HPOS="621" VPOS="433" WIDTH="80" HEIGHT="21" WC="0.96" CONTENT="företer"/><SP WIDTH="14" VPOS="433" HPOS="701"/>
							<String ID="string_67" HPOS="715" VPOS="433" WIDTH="70" HEIGHT="26" WC="0.96" CONTENT="likväl,"/><SP WIDTH="16" VPOS="433" HPOS="785"/>
							<String ID="string_68" HPOS="801" VPOS="433" WIDTH="66" HEIGHT="28" WC="0.96" CONTENT="enligt"/><SP WIDTH="13" VPOS="433" HPOS="867"/>
							<String ID="string_69" HPOS="880" VPOS="433" WIDTH="45" HEIGHT="21" WC="0.97" CONTENT="min"/>
						</TextLine>
						<TextLine ID="line_9" HPOS="172" VPOS="467" WIDTH="752" HEIGHT="27">
							<String ID="string_70" HPOS="172" VPOS="468" WIDTH="71" HEIGHT="25" WC="0.96" CONTENT="tanke,"/><SP WIDTH="16" VPOS="468" HPOS="243"/>
							<String ID="string_71" HPOS="259" VPOS="467" WIDTH="36" HEIGHT="22" WC="0.93" CONTENT="det"/><SP WIDTH="14" VPOS="467" HPOS="295"/>
							<String ID="string_72" HPOS="309" VPOS="467" WIDTH="121" HEIGHT="21" WC="0.92" CONTENT="Ständerna"/><SP WIDTH="13" VPOS="467" HPOS="430"/>
							<String ID="string_73" HPOS="443" VPOS="467" WIDTH="33" HEIGHT="20" WC="0.95" CONTENT="till"/><SP WIDTH="15" VPOS="467" HPOS="476"/>
							<String ID="string_74" HPOS="491" VPOS="467" WIDTH="121" HEIGHT="27" WC="0.93" CONTENT="antagande"/><SP WIDTH="14" VPOS="467" HPOS="612"/>
							<String ID="string_75" HPOS="626" VPOS="467" WIDTH="111" HEIGHT="27" WC="0.91" CONTENT="förelagda"/><SP WIDTH="15" VPOS="467" HPOS="737"/>
							<String ID="string_76" HPOS="752" VPOS="467" WIDTH="39" HEIGHT="21" WC="0.96" CONTENT="och"/><SP WIDTH="15" VPOS="467" HPOS="791"/>
							<String ID="string_77" HPOS="806" VPOS="467" WIDTH="25" HEIGHT="21" WC="0.92" CONTENT="af"/><SP WIDTH="11" VPOS="467" HPOS="831"/>
							<String ID="string_78" HPOS="842" VPOS="467" WIDTH="82" HEIGHT="22" WC="0.92" CONTENT="utskot-"/>
						</TextLine>
						<TextLine ID="line_10" HPOS="172" VPOS="501" WIDTH="752" HEIGHT="28">
							<String ID="string_79" HPOS="172" VPOS="504" WIDTH="32" HEIGHT="19" WC="0.95" CONTENT="tet"/><SP WIDTH="14" VPOS="504" HPOS="204"/>
							<String ID="string_80" HPOS="218" VPOS="503" WIDTH="7" HEIGHT="20" WC="0.93" CONTENT="i"/><SP WIDTH="11" VPOS="503" HPOS="225"/>
							<String ID="string_81" HPOS="236" VPOS="501" WIDTH="120" HEIGHT="22" WC="0.91" CONTENT="hufvudsak"/><SP WIDTH="11" VPOS="501" HPOS="356"/>
							<String ID="string_82" HPOS="367" VPOS="501" WIDTH="113" HEIGHT="28" WC="0.95" CONTENT="godkända"/><SP WIDTH="11" VPOS="501" HPOS="480"/>
							<String ID="string_83" HPOS="491" VPOS="501" WIDTH="102" HEIGHT="28" WC="0.96" CONTENT="förslaget"/><SP WIDTH="10" VPOS="501" HPOS="593"/>
							<String ID="string_84" HPOS="603" VPOS="501" WIDTH="94" HEIGHT="28" WC="0.96" CONTENT="följande"/><SP WIDTH="11" VPOS="501" HPOS="697"/>
							<String ID="string_85" HPOS="708" VPOS="501" WIDTH="118" HEIGHT="28" WC="0.96" CONTENT="väsentliga"/><SP WIDTH="9" VPOS="501" HPOS="826"/>
							<String ID="string_86" HPOS="835" VPOS="501" WIDTH="89" HEIGHT="22" WC="0.95" CONTENT="brister:"/>
						</TextLine>
					</TextBlock>
					<TextBlock ID="block_3" HPOS="170" VPOS="541" WIDTH="756" HEIGHT="578">
						<TextLine ID="line_11" HPOS="242" VPOS="541" WIDTH="682" HEIGHT="29">
							<String ID="string_87" HPOS="242" VPOS="542" WIDTH="42" HEIGHT="28" WC="0.93" CONTENT="1:0)"/><SP WIDTH="19" VPOS="542" HPOS="284"/>
							<String ID="string_88" HPOS="303" VPOS="543" WIDTH="33" HEIGHT="20" WC="0.93" CONTENT="att"/><SP WIDTH="18" VPOS="543" HPOS="336"/>
							<String ID="string_89" HPOS="354" VPOS="541" WIDTH="127" HEIGHT="28" WC="0.93" CONTENT="stadgandet"/><SP WIDTH="17" VPOS="541" HPOS="481"/>
							<String ID="string_90" HPOS="498" VPOS="541" WIDTH="7" HEIGHT="22" WC="0.93" CONTENT="i"/><SP WIDTH="18" VPOS="541" HPOS="505"/>
							<String ID="string_91" HPOS="523" VPOS="542" WIDTH="11" HEIGHT="27" WC="0.82" CONTENT="&amp;"/><SP WIDTH="22" VPOS="542" HPOS="534"/>
							<String ID="string_92" HPOS="556" VPOS="543" WIDTH="9" HEIGHT="20" WC="0.96" CONTENT="1"/><SP WIDTH="21" VPOS="543" HPOS="565"/>
							<String ID="string_93" HPOS="586" VPOS="541" WIDTH="78" HEIGHT="27" WC="0.95" CONTENT="derom,"/><SP WIDTH="20" VPOS="541" HPOS="664"/>
							<String ID="string_94" HPOS="684" VPOS="543" WIDTH="32" HEIGHT="20" WC="0.93" CONTENT="att"/><SP WIDTH="18" VPOS="543" HPOS="716"/>
							<String ID="string_95" HPOS="734" VPOS="541" WIDTH="120" HEIGHT="28" WC="0.92" CONTENT="aflöningen"/><SP WIDTH="21" VPOS="541" HPOS="854"/>
							<String ID="string_96" HPOS="875" VPOS="541" WIDTH="49" HEIGHT="22" WC="0.96" CONTENT="från"/>
						</TextLine>
						<TextLine ID="line_12" HPOS="172" VPOS="576" WIDTH="752" HEIGHT="29">
							<String ID="string_97" HPOS="172" VPOS="577" WIDTH="74" HEIGHT="28" WC="0.95" CONTENT="hvarje"/><SP WIDTH="17" VPOS="577" HPOS="246"/>
							<String ID="string_98" HPOS="263" VPOS="576" WIDTH="125" HEIGHT="27" WC="0.93" CONTENT="församling"/><SP WIDTH="19" VPOS="576" HPOS="388"/>
							<String ID="string_99" HPOS="407" VPOS="576" WIDTH="132" HEIGHT="21" WC="0.96" CONTENT="fortfarande"/><SP WIDTH="19" VPOS="576" HPOS="539"/>
							<String ID="string_100" HPOS="558" VPOS="576" WIDTH="54" HEIGHT="21" WC="0.96" CONTENT="skall"/><SP WIDTH="17" VPOS="576" HPOS="612"/>
							<String ID="string_101" HPOS="629" VPOS="577" WIDTH="33" HEIGHT="20" WC="0.96" CONTENT="till"/><SP WIDTH="18" VPOS="577" HPOS="662"/>
							<String ID="string_102" HPOS="680" VPOS="576" WIDTH="101" HEIGHT="27" WC="0.93" CONTENT="beloppet"/><SP WIDTH="18" VPOS="576" HPOS="781"/>
							<String ID="string_103" HPOS="799" VPOS="576" WIDTH="49" HEIGHT="22" WC="0.92" CONTENT="fullt"/><SP WIDTH="22" VPOS="576" HPOS="848"/>
							<String ID="string_104" HPOS="870" VPOS="578" WIDTH="54" HEIGHT="21" WC="0.52" CONTENT="mot"/>
						</TextLine>
						<TextLine ID="line_13" HPOS="172" VPOS="610" WIDTH="751" HEIGHT="28">
							<String ID="string_105" HPOS="172" VPOS="618" WIDTH="63" HEIGHT="15" WC="0.96" CONTENT="svara"/><SP WIDTH="17" VPOS="618" HPOS="235"/>
							<String ID="string_106" HPOS="252" VPOS="611" WIDTH="57" HEIGHT="21" WC="0.92" CONTENT="hvad"/><SP WIDTH="17" VPOS="611" HPOS="309"/>
							<String ID="string_107" HPOS="326" VPOS="610" WIDTH="106" HEIGHT="21" WC="0.91" CONTENT="härintills"/><SP WIDTH="19" VPOS="610" HPOS="432"/>
							<String ID="string_108" HPOS="451" VPOS="611" WIDTH="85" HEIGHT="27" WC="0.91" CONTENT="erlagts,"/><SP WIDTH="19" VPOS="611" HPOS="536"/>
							<String ID="string_109" HPOS="555" VPOS="611" WIDTH="103" HEIGHT="21" WC="0.96" CONTENT="utesluter"/><SP WIDTH="22" VPOS="611" HPOS="658"/>
							<String ID="string_110" HPOS="680" VPOS="611" WIDTH="137" HEIGHT="27" WC="0.96" CONTENT="möjligheten"/><SP WIDTH="22" VPOS="611" HPOS="817"/>
							<String ID="string_111" HPOS="839" VPOS="613" WIDTH="32" HEIGHT="19" WC="0.96" CONTENT="att"/><SP WIDTH="18" VPOS="613" HPOS="871"/>
							<String ID="string_112" HPOS="889" VPOS="611" WIDTH="34" HEIGHT="22" WC="0.96" CONTENT="för"/>
						</TextLine>
						<TextLine ID="line_14" HPOS="173" VPOS="645" WIDTH="749" HEIGHT="28">
							<String ID="string_113" HPOS="173" VPOS="645" WIDTH="27" HEIGHT="22" WC="0.92" CONTENT="de"/><SP WIDTH="17" VPOS="645" HPOS="200"/>
							<String ID="string_114" HPOS="217" VPOS="645" WIDTH="157" HEIGHT="27" WC="0.92" CONTENT="församlingar,"/><SP WIDTH="20" VPOS="645" HPOS="374"/>
							<String ID="string_115" HPOS="394" VPOS="652" WIDTH="45" HEIGHT="14" WC="0.96" CONTENT="som"/><SP WIDTH="17" VPOS="652" HPOS="439"/>
							<String ID="string_116" HPOS="456" VPOS="653" WIDTH="30" HEIGHT="13" WC="0.96" CONTENT="nu"/><SP WIDTH="18" VPOS="653" HPOS="486"/>
							<String ID="string_117" HPOS="504" VPOS="645" WIDTH="72" HEIGHT="21" WC="0.96" CONTENT="kunna"/><SP WIDTH="15" VPOS="645" HPOS="576"/>
							<String ID="string_118" HPOS="591" VPOS="652" WIDTH="51" HEIGHT="14" WC="0.96" CONTENT="vara"/><SP WIDTH="18" VPOS="652" HPOS="642"/>
							<String ID="string_119" HPOS="660" VPOS="645" WIDTH="49" HEIGHT="21" WC="0.93" CONTENT="med"/><SP WIDTH="18" VPOS="645" HPOS="709"/>
							<String ID="string_120" HPOS="727" VPOS="645" WIDTH="86" HEIGHT="28" WC="0.92" CONTENT="afgifter"/><SP WIDTH="14" VPOS="645" HPOS="813"/>
							<String ID="string_121" HPOS="827" VPOS="645" WIDTH="33" HEIGHT="21" WC="0.93" CONTENT="till"/><SP WIDTH="14" VPOS="645" HPOS="860"/>
							<String ID="string_122" HPOS="874" VPOS="653" WIDTH="48" HEIGHT="20" WC="0.93" CONTENT="pre-"/>
						</TextLine>
						<TextLine ID="line_15" HPOS="173" VPOS="679" WIDTH="749" HEIGHT="28">
							<String ID="string_123" HPOS="173" VPOS="680" WIDTH="119" HEIGHT="27" WC="0.93" CONTENT="sterskapet"/><SP WIDTH="18" VPOS="680" HPOS="292"/>
							<String ID="string_124" HPOS="310" VPOS="679" WIDTH="58" HEIGHT="22" WC="0.92" CONTENT="öfver"/><SP WIDTH="18" VPOS="679" HPOS="368"/>
							<String ID="string_125" HPOS="386" VPOS="679" WIDTH="78" HEIGHT="21" WC="0.93" CONTENT="höfvan"/><SP WIDTH="18" VPOS="679" HPOS="464"/>
							<String ID="string_126" HPOS="482" VPOS="679" WIDTH="127" HEIGHT="28" WC="0.81" CONTENT="betungade,"/><SP WIDTH="16" VPOS="679" HPOS="609"/>
							<String ID="string_127" HPOS="625" VPOS="679" WIDTH="72" HEIGHT="21" WC="0.93" CONTENT="häruti"/><SP WIDTH="15" VPOS="679" HPOS="697"/>
							<String ID="string_128" HPOS="712" VPOS="679" WIDTH="163" HEIGHT="28" WC="0.83" CONTENT="tillvägabringa"/><SP WIDTH="15" VPOS="679" HPOS="875"/>
							<String ID="string_129" HPOS="890" VPOS="687" WIDTH="32" HEIGHT="14" WC="0.93" CONTENT="er-"/>
						</TextLine>
						<TextLine ID="line_16" HPOS="172" VPOS="713" WIDTH="754" HEIGHT="29">
							<String ID="string_130" HPOS="172" VPOS="714" WIDTH="102" HEIGHT="27" WC="0.91" CONTENT="forderlig"/><SP WIDTH="15" VPOS="714" HPOS="274"/>
							<String ID="string_131" HPOS="289" VPOS="713" WIDTH="102" HEIGHT="28" WC="0.96" CONTENT="lindring,"/><SP WIDTH="16" VPOS="713" HPOS="391"/>
							<String ID="string_132" HPOS="407" VPOS="713" WIDTH="55" HEIGHT="21" WC="0.93" CONTENT="helst"/><SP WIDTH="19" VPOS="713" HPOS="462"/>
							<String ID="string_133" HPOS="481" VPOS="713" WIDTH="67" HEIGHT="26" WC="0.93" CONTENT="äfven,"/><SP WIDTH="13" VPOS="713" HPOS="548"/>
							<String ID="string_134" HPOS="561" VPOS="713" WIDTH="84" HEIGHT="28" WC="0.92" CONTENT="jemlikt"/><SP WIDTH="18" VPOS="713" HPOS="645"/>
							<String ID="string_135" HPOS="663" VPOS="714" WIDTH="12" HEIGHT="27" WC="0.67" CONTENT="&amp;"/><SP WIDTH="20" VPOS="714" HPOS="675"/>
							<String ID="string_136" HPOS="695" VPOS="716" WIDTH="18" HEIGHT="23" WC="0.93" CONTENT="3,"/><SP WIDTH="16" VPOS="716" HPOS="713"/>
							<String ID="string_137" HPOS="729" VPOS="714" WIDTH="157" HEIGHT="28" WC="0.91" CONTENT="öfverflyttning"/><SP WIDTH="15" VPOS="714" HPOS="886"/>
							<String ID="string_138" HPOS="901" VPOS="714" WIDTH="25" HEIGHT="21" WC="0.96" CONTENT="af"/>
						</TextLine>
						<TextLine ID="line_17" HPOS="172" VPOS="747" WIDTH="750" HEIGHT="28">
							<String ID="string_139" HPOS="172" VPOS="747" WIDTH="71" HEIGHT="28" WC="0.91" CONTENT="nägon"/><SP WIDTH="15" VPOS="747" HPOS="243"/>
							<String ID="string_140" HPOS="258" VPOS="747" WIDTH="34" HEIGHT="22" WC="0.93" CONTENT="del"/><SP WIDTH="14" VPOS="747" HPOS="292"/>
							<String ID="string_141" HPOS="306" VPOS="747" WIDTH="50" HEIGHT="22" WC="0.92" CONTENT="utaf"/><SP WIDTH="11" VPOS="747" HPOS="356"/>
							<String ID="string_142" HPOS="367" VPOS="747" WIDTH="311" HEIGHT="28" WC="0.91" CONTENT="församlingsmedlemmarnes"/><SP WIDTH="14" VPOS="747" HPOS="678"/>
							<String ID="string_143" HPOS="692" VPOS="748" WIDTH="77" HEIGHT="27" WC="0.90" CONTENT="bidrag"/><SP WIDTH="14" VPOS="748" HPOS="769"/>
							<String ID="string_144" HPOS="783" VPOS="747" WIDTH="47" HEIGHT="22" WC="0.92" CONTENT="frän"/><SP WIDTH="12" VPOS="747" HPOS="830"/>
							<String ID="string_145" HPOS="842" VPOS="756" WIDTH="26" HEIGHT="13" WC="0.93" CONTENT="en"/><SP WIDTH="10" VPOS="756" HPOS="868"/>
							<String ID="string_146" HPOS="878" VPOS="748" WIDTH="44" HEIGHT="22" WC="0.93" CONTENT="för-"/>
						</TextLine>
						<TextLine ID="line_18" HPOS="172" VPOS="781" WIDTH="750" HEIGHT="30">
							<String ID="string_147" HPOS="172" VPOS="782" WIDTH="90" HEIGHT="28" WC="0.96" CONTENT="samling"/><SP WIDTH="15" VPOS="782" HPOS="262"/>
							<String ID="string_148" HPOS="277" VPOS="782" WIDTH="32" HEIGHT="21" WC="0.96" CONTENT="till"/><SP WIDTH="16" VPOS="782" HPOS="309"/>
							<String ID="string_149" HPOS="325" VPOS="789" WIDTH="70" HEIGHT="14" WC="0.93" CONTENT="annan"/><SP WIDTH="15" VPOS="789" HPOS="395"/>
							<String ID="string_150" HPOS="410" VPOS="783" WIDTH="46" HEIGHT="20" WC="0.93" CONTENT="icke"/><SP WIDTH="15" VPOS="783" HPOS="456"/>
							<String ID="string_151" HPOS="471" VPOS="783" WIDTH="25" HEIGHT="20" WC="0.93" CONTENT="är"/><SP WIDTH="14" VPOS="783" HPOS="496"/>
							<String ID="string_152" HPOS="510" VPOS="781" WIDTH="82" HEIGHT="22" WC="0.93" CONTENT="tilläten"/><SP WIDTH="16" VPOS="781" HPOS="592"/>
							<String ID="string_153" HPOS="608" VPOS="783" WIDTH="39" HEIGHT="20" WC="0.96" CONTENT="och"/><SP WIDTH="16" VPOS="783" HPOS="647"/>
							<String ID="string_154" HPOS="663" VPOS="783" WIDTH="41" HEIGHT="21" WC="0.96" CONTENT="den"/><SP WIDTH="18" VPOS="783" HPOS="704"/>
							<String ID="string_155" HPOS="722" VPOS="783" WIDTH="7" HEIGHT="20" WC="0.96" CONTENT="i"/><SP WIDTH="19" VPOS="783" HPOS="729"/>
							<String ID="string_156" HPOS="748" VPOS="790" WIDTH="80" HEIGHT="14" WC="0.93" CONTENT="samma"/><SP WIDTH="19" VPOS="790" HPOS="828"/>
							<String ID="string_157" HPOS="847" VPOS="784" WIDTH="11" HEIGHT="27" WC="0.90" CONTENT="&amp;"/><SP WIDTH="20" VPOS="784" HPOS="858"/>
							<String ID="string_158" HPOS="878" VPOS="790" WIDTH="44" HEIGHT="14" WC="0.92" CONTENT="om-"/>
						</TextLine>
						<TextLine ID="line_19" HPOS="171" VPOS="815" WIDTH="752" HEIGHT="30">
							<String ID="string_159" HPOS="171" VPOS="817" WIDTH="106" HEIGHT="21" WC="0.92" CONTENT="förmälda"/><SP WIDTH="20" VPOS="817" HPOS="277"/>
							<String ID="string_160" HPOS="297" VPOS="815" WIDTH="236" HEIGHT="29" WC="0.92" CONTENT="vederlagsspanmälen"/><SP WIDTH="22" VPOS="815" HPOS="533"/>
							<String ID="string_161" HPOS="555" VPOS="816" WIDTH="51" HEIGHT="21" WC="0.96" CONTENT="eller"/><SP WIDTH="22" VPOS="816" HPOS="606"/>
							<String ID="string_162" HPOS="628" VPOS="817" WIDTH="68" HEIGHT="20" WC="0.93" CONTENT="andra"/><SP WIDTH="21" VPOS="817" HPOS="696"/>
							<String ID="string_163" HPOS="717" VPOS="817" WIDTH="131" HEIGHT="28" WC="0.92" CONTENT="statsbidrag"/><SP WIDTH="24" VPOS="817" HPOS="848"/>
							<String ID="string_164" HPOS="872" VPOS="817" WIDTH="51" HEIGHT="28" WC="0.92" CONTENT="föga"/>
						</TextLine>
						<TextLine ID="line_20" HPOS="171" VPOS="850" WIDTH="751" HEIGHT="30">
							<String ID="string_165" HPOS="171" VPOS="852" WIDTH="62" HEIGHT="21" WC="0.96" CONTENT="torde"/><SP WIDTH="14" VPOS="852" HPOS="233"/>
							<String ID="string_166" HPOS="247" VPOS="858" WIDTH="52" HEIGHT="14" WC="0.96" CONTENT="vara"/><SP WIDTH="14" VPOS="858" HPOS="299"/>
							<String ID="string_167" HPOS="313" VPOS="853" WIDTH="32" HEIGHT="19" WC="0.93" CONTENT="att"/><SP WIDTH="13" VPOS="853" HPOS="345"/>
							<String ID="string_168" HPOS="358" VPOS="850" WIDTH="98" HEIGHT="28" WC="0.92" CONTENT="päräkna"/><SP WIDTH="14" VPOS="850" HPOS="456"/>
							<String ID="string_169" HPOS="470" VPOS="850" WIDTH="70" HEIGHT="22" WC="0.91" CONTENT="säsom"/><SP WIDTH="16" VPOS="850" HPOS="540"/>
							<String ID="string_170" HPOS="556" VPOS="858" WIDTH="25" HEIGHT="14" WC="0.93" CONTENT="en"/><SP WIDTH="15" VPOS="858" HPOS="581"/>
							<String ID="string_171" HPOS="596" VPOS="852" WIDTH="65" HEIGHT="27" WC="0.93" CONTENT="utväg"/><SP WIDTH="15" VPOS="852" HPOS="661"/>
							<String ID="string_172" HPOS="676" VPOS="852" WIDTH="33" HEIGHT="20" WC="0.93" CONTENT="till"/><SP WIDTH="15" VPOS="852" HPOS="709"/>
							<String ID="string_173" HPOS="724" VPOS="852" WIDTH="116" HEIGHT="28" WC="0.92" CONTENT="aflyftande"/><SP WIDTH="10" VPOS="852" HPOS="840"/>
							<String ID="string_174" HPOS="850" VPOS="852" WIDTH="24" HEIGHT="22" WC="0.92" CONTENT="af"/><SP WIDTH="10" VPOS="852" HPOS="874"/>
							<String ID="string_175" HPOS="884" VPOS="851" WIDTH="38" HEIGHT="23" WC="0.92" CONTENT="nä-"/>
						</TextLine>
						<TextLine ID="line_21" HPOS="172" VPOS="885" WIDTH="750" HEIGHT="29">
							<String ID="string_176" HPOS="172" VPOS="893" WIDTH="42" HEIGHT="21" WC="0.96" CONTENT="gon"/><SP WIDTH="17" VPOS="893" HPOS="214"/>
							<String ID="string_177" HPOS="231" VPOS="893" WIDTH="30" HEIGHT="14" WC="0.92" CONTENT="nu"/><SP WIDTH="17" VPOS="893" HPOS="261"/>
							<String ID="string_178" HPOS="278" VPOS="885" WIDTH="106" HEIGHT="28" WC="0.91" CONTENT="utgående"/><SP WIDTH="19" VPOS="885" HPOS="384"/>
							<String ID="string_179" HPOS="403" VPOS="886" WIDTH="67" HEIGHT="27" WC="0.91" CONTENT="afgift,"/><SP WIDTH="19" VPOS="886" HPOS="470"/>
							<String ID="string_180" HPOS="489" VPOS="888" WIDTH="52" HEIGHT="19" WC="0.97" CONTENT="utan"/><SP WIDTH="19" VPOS="888" HPOS="541"/>
							<String ID="string_181" HPOS="560" VPOS="885" WIDTH="28" HEIGHT="28" WC="0.96" CONTENT="pä"/><SP WIDTH="18" VPOS="885" HPOS="588"/>
							<String ID="string_182" HPOS="606" VPOS="886" WIDTH="33" HEIGHT="21" WC="0.92" CONTENT="sin"/><SP WIDTH="18" VPOS="886" HPOS="639"/>
							<String ID="string_183" HPOS="657" VPOS="886" WIDTH="52" HEIGHT="28" WC="0.96" CONTENT="höjd"/><SP WIDTH="17" VPOS="886" HPOS="709"/>
							<String ID="string_184" HPOS="726" VPOS="887" WIDTH="72" HEIGHT="21" WC="0.93" CONTENT="kunna"/><SP WIDTH="15" VPOS="887" HPOS="798"/>
							<String ID="string_185" HPOS="813" VPOS="886" WIDTH="109" HEIGHT="22" WC="0.96" CONTENT="förväntas"/>
						</TextLine>
						<TextLine ID="line_22" HPOS="170" VPOS="920" WIDTH="752" HEIGHT="27">
							<String ID="string_186" HPOS="170" VPOS="920" WIDTH="86" HEIGHT="22" WC="0.96" CONTENT="komma"/><SP WIDTH="15" VPOS="920" HPOS="256"/>
							<String ID="string_187" HPOS="271" VPOS="920" WIDTH="26" HEIGHT="22" WC="0.93" CONTENT="de"/><SP WIDTH="14" VPOS="920" HPOS="297"/>
							<String ID="string_188" HPOS="311" VPOS="920" WIDTH="151" HEIGHT="27" WC="0.92" CONTENT="församlingar"/><SP WIDTH="17" VPOS="920" HPOS="462"/>
							<String ID="string_189" HPOS="479" VPOS="920" WIDTH="33" HEIGHT="21" WC="0.96" CONTENT="till"/><SP WIDTH="19" VPOS="920" HPOS="512"/>
							<String ID="string_190" HPOS="531" VPOS="920" WIDTH="39" HEIGHT="26" WC="0.93" CONTENT="del,"/><SP WIDTH="15" VPOS="920" HPOS="570"/>
							<String ID="string_191" HPOS="585" VPOS="920" WIDTH="72" HEIGHT="22" WC="0.88" CONTENT="hvilka"/><SP WIDTH="18" VPOS="920" HPOS="657"/>
							<String ID="string_192" HPOS="675" VPOS="920" WIDTH="107" HEIGHT="22" WC="0.88" CONTENT="mähända"/><SP WIDTH="17" VPOS="920" HPOS="782"/>
							<String ID="string_193" HPOS="799" VPOS="921" WIDTH="47" HEIGHT="21" WC="0.92" CONTENT="icke"/><SP WIDTH="16" VPOS="921" HPOS="846"/>
							<String ID="string_194" HPOS="862" VPOS="922" WIDTH="60" HEIGHT="20" WC="0.92" CONTENT="mäk-"/>
						</TextLine>
						<TextLine ID="line_23" HPOS="171" VPOS="954" WIDTH="750" HEIGHT="29">
							<String ID="string_195" HPOS="171" VPOS="955" WIDTH="50" HEIGHT="21" WC="0.92" CONTENT="tade"/><SP WIDTH="22" VPOS="955" HPOS="221"/>
							<String ID="string_196" HPOS="243" VPOS="955" WIDTH="54" HEIGHT="21" WC="0.92" CONTENT="bära"/><SP WIDTH="22" VPOS="955" HPOS="297"/>
							<String ID="string_197" HPOS="319" VPOS="954" WIDTH="41" HEIGHT="22" WC="0.92" CONTENT="den"/><SP WIDTH="21" VPOS="954" HPOS="360"/>
							<String ID="string_198" HPOS="381" VPOS="954" WIDTH="171" HEIGHT="28" WC="0.92" CONTENT="löneförhöjning"/><SP WIDTH="22" VPOS="954" HPOS="552"/>
							<String ID="string_199" HPOS="574" VPOS="954" WIDTH="22" HEIGHT="22" WC="0.96" CONTENT="ät"/><SP WIDTH="22" VPOS="954" HPOS="596"/>
							<String ID="string_200" HPOS="618" VPOS="955" WIDTH="36" HEIGHT="21" WC="0.96" CONTENT="det"/><SP WIDTH="21" VPOS="955" HPOS="654"/>
							<String ID="string_201" HPOS="675" VPOS="955" WIDTH="60" HEIGHT="27" WC="0.93" CONTENT="lägre"/><SP WIDTH="21" VPOS="955" HPOS="735"/>
							<String ID="string_202" HPOS="756" VPOS="956" WIDTH="165" HEIGHT="27" WC="0.92" CONTENT="presterskapet,"/>
						</TextLine>
						<TextLine ID="line_24" HPOS="171" VPOS="988" WIDTH="751" HEIGHT="29">
							<String ID="string_203" HPOS="171" VPOS="996" WIDTH="46" HEIGHT="14" WC="0.96" CONTENT="som"/><SP WIDTH="19" VPOS="996" HPOS="217"/>
							<String ID="string_204" HPOS="236" VPOS="990" WIDTH="24" HEIGHT="20" WC="0.95" CONTENT="är"/><SP WIDTH="18" VPOS="990" HPOS="260"/>
							<String ID="string_205" HPOS="278" VPOS="989" WIDTH="7" HEIGHT="21" WC="0.93" CONTENT="i"/><SP WIDTH="18" VPOS="989" HPOS="285"/>
							<String ID="string_206" HPOS="303" VPOS="988" WIDTH="103" HEIGHT="28" WC="0.92" CONTENT="förslaget"/><SP WIDTH="18" VPOS="988" HPOS="406"/>
							<String ID="string_207" HPOS="424" VPOS="988" WIDTH="74" HEIGHT="22" WC="0.92" CONTENT="afsedd"/><SP WIDTH="18" VPOS="988" HPOS="498"/>
							<String ID="string_208" HPOS="516" VPOS="989" WIDTH="40" HEIGHT="21" WC="0.93" CONTENT="och"/><SP WIDTH="16" VPOS="989" HPOS="556"/>
							<String ID="string_209" HPOS="572" VPOS="988" WIDTH="79" HEIGHT="28" WC="0.92" CONTENT="jemväl"/><SP WIDTH="22" VPOS="988" HPOS="651"/>
							<String ID="string_210" HPOS="673" VPOS="989" WIDTH="24" HEIGHT="21" WC="0.93" CONTENT="af"/><SP WIDTH="17" VPOS="989" HPOS="697"/>
							<String ID="string_211" HPOS="714" VPOS="990" WIDTH="208" HEIGHT="27" WC="0.92" CONTENT="omständigheterna"/>
						</TextLine>
						<TextLine ID="line_25" HPOS="171" VPOS="1022" WIDTH="750" HEIGHT="28">
							<String ID="string_212" HPOS="171" VPOS="1023" WIDTH="111" HEIGHT="27" WC="0.91" CONTENT="högeligen"/><SP WIDTH="14" VPOS="1023" HPOS="282"/>
							<String ID="string_213" HPOS="296" VPOS="1022" WIDTH="110" HEIGHT="28" WC="0.92" CONTENT="päkallad;"/><SP WIDTH="17" VPOS="1022" HPOS="406"/>
							<String ID="string_214" HPOS="423" VPOS="1022" WIDTH="32" HEIGHT="21" WC="0.93" CONTENT="till"/><SP WIDTH="14" VPOS="1022" HPOS="455"/>
							<String ID="string_215" HPOS="469" VPOS="1022" WIDTH="50" HEIGHT="28" WC="0.87" CONTENT="följe"/><SP WIDTH="15" VPOS="1022" HPOS="519"/>
							<String ID="string_216" HPOS="534" VPOS="1022" WIDTH="78" HEIGHT="22" WC="0.93" CONTENT="hvaraf"/><SP WIDTH="15" VPOS="1022" HPOS="612"/>
							<String ID="string_217" HPOS="627" VPOS="1023" WIDTH="39" HEIGHT="21" WC="0.96" CONTENT="allt"/><SP WIDTH="15" VPOS="1023" HPOS="666"/>
							<String ID="string_218" HPOS="681" VPOS="1023" WIDTH="35" HEIGHT="21" WC="0.93" CONTENT="det"/><SP WIDTH="14" VPOS="1023" HPOS="716"/>
							<String ID="string_219" HPOS="730" VPOS="1023" WIDTH="191" HEIGHT="27" WC="0.93" CONTENT="missförhällande,"/>
						</TextLine>
						<TextLine ID="line_26" HPOS="171" VPOS="1057" WIDTH="750" HEIGHT="27">
							<String ID="string_220" HPOS="171" VPOS="1064" WIDTH="46" HEIGHT="14" WC="0.93" CONTENT="som"/><SP WIDTH="15" VPOS="1064" HPOS="217"/>
							<String ID="string_221" HPOS="232" VPOS="1058" WIDTH="122" HEIGHT="20" WC="0.91" CONTENT="omnämnes"/><SP WIDTH="14" VPOS="1058" HPOS="354"/>
							<String ID="string_222" HPOS="368" VPOS="1057" WIDTH="8" HEIGHT="21" WC="0.93" CONTENT="i"/><SP WIDTH="10" VPOS="1057" HPOS="376"/>
							<String ID="string_223" HPOS="386" VPOS="1057" WIDTH="95" HEIGHT="27" WC="0.91" CONTENT="punkten"/><SP WIDTH="13" VPOS="1057" HPOS="481"/>
							<String ID="string_224" HPOS="494" VPOS="1058" WIDTH="10" HEIGHT="19" WC="0.96" CONTENT="1"/><SP WIDTH="13" VPOS="1058" HPOS="504"/>
							<String ID="string_225" HPOS="517" VPOS="1057" WIDTH="23" HEIGHT="21" WC="0.93" CONTENT="af"/><SP WIDTH="13" VPOS="1057" HPOS="540"/>
							<String ID="string_226" HPOS="553" VPOS="1057" WIDTH="123" HEIGHT="26" WC="0.92" CONTENT="motiverna,"/><SP WIDTH="16" VPOS="1057" HPOS="676"/>
							<String ID="string_227" HPOS="692" VPOS="1057" WIDTH="131" HEIGHT="22" WC="0.91" CONTENT="fortfarande"/><SP WIDTH="15" VPOS="1057" HPOS="823"/>
							<String ID="string_228" HPOS="838" VPOS="1058" WIDTH="83" HEIGHT="22" WC="0.91" CONTENT="komme"/>
						</TextLine>
						<TextLine ID="line_27" HPOS="172" VPOS="1090" WIDTH="139" HEIGHT="29">
							<String ID="string_229" HPOS="172" VPOS="1093" WIDTH="32" HEIGHT="19" WC="0.93" CONTENT="att"/><SP WIDTH="14" VPOS="1093" HPOS="204"/>
							<String ID="string_230" HPOS="218" VPOS="1090" WIDTH="93" HEIGHT="29" WC="0.91" CONTENT="gvarstä."/>
						</TextLine>
					</TextBlock>
					<TextBlock ID="block_4" HPOS="169" VPOS="1131" WIDTH="752" HEIGHT="234">
						<TextLine ID="line_28" HPOS="240" VPOS="1131" WIDTH="681" HEIGHT="30">
							<String ID="string_231" HPOS="240" VPOS="1132" WIDTH="41" HEIGHT="28" WC="0.92" CONTENT="2:0)"/><SP WIDTH="24" VPOS="1132" HPOS="281"/>
							<String ID="string_232" HPOS="305" VPOS="1133" WIDTH="32" HEIGHT="20" WC="0.95" CONTENT="att"/><SP WIDTH="21" VPOS="1133" HPOS="337"/>
							<String ID="string_233" HPOS="358" VPOS="1132" WIDTH="26" HEIGHT="21" WC="0.92" CONTENT="de"/><SP WIDTH="22" VPOS="1132" HPOS="384"/>
							<String ID="string_234" HPOS="406" VPOS="1131" WIDTH="114" HEIGHT="27" WC="0.95" CONTENT="förbehåll,"/><SP WIDTH="22" VPOS="1131" HPOS="520"/>
							<String ID="string_235" HPOS="542" VPOS="1132" WIDTH="93" HEIGHT="22" WC="0.93" CONTENT="rörande"/><SP WIDTH="21" VPOS="1132" HPOS="635"/>
							<String ID="string_236" HPOS="656" VPOS="1132" WIDTH="124" HEIGHT="28" WC="0.92" CONTENT="afgifternes"/><SP WIDTH="20" VPOS="1132" HPOS="780"/>
							<String ID="string_237" HPOS="800" VPOS="1132" WIDTH="121" HEIGHT="29" WC="0.96" CONTENT="fördelning"/>
						</TextLine>
						<TextLine ID="line_29" HPOS="171" VPOS="1166" WIDTH="748" HEIGHT="30">
							<String ID="string_238" HPOS="171" VPOS="1166" WIDTH="90" HEIGHT="22" WC="0.96" CONTENT="emellan"/><SP WIDTH="15" VPOS="1166" HPOS="261"/>
							<String ID="string_239" HPOS="276" VPOS="1166" WIDTH="26" HEIGHT="22" WC="0.96" CONTENT="de"/><SP WIDTH="15" VPOS="1166" HPOS="302"/>
							<String ID="string_240" HPOS="317" VPOS="1166" WIDTH="57" HEIGHT="24" WC="0.93" CONTENT="olika"/><SP WIDTH="14" VPOS="1166" HPOS="374"/>
							<String ID="string_241" HPOS="388" VPOS="1166" WIDTH="217" HEIGHT="27" WC="0.84" CONTENT="samhällsklasserna,"/><SP WIDTH="16" VPOS="1166" HPOS="605"/>
							<String ID="string_242" HPOS="621" VPOS="1174" WIDTH="46" HEIGHT="14" WC="0.96" CONTENT="som"/><SP WIDTH="18" VPOS="1174" HPOS="667"/>
							<String ID="string_243" HPOS="685" VPOS="1167" WIDTH="68" HEIGHT="21" WC="0.93" CONTENT="finnas"/><SP WIDTH="17" VPOS="1167" HPOS="753"/>
							<String ID="string_244" HPOS="770" VPOS="1167" WIDTH="88" HEIGHT="28" WC="0.48" CONTENT="intagne"/><SP WIDTH="14" VPOS="1167" HPOS="858"/>
							<String ID="string_245" HPOS="872" VPOS="1168" WIDTH="7" HEIGHT="20" WC="0.96" CONTENT="i"/><SP WIDTH="15" VPOS="1168" HPOS="879"/>
							<String ID="string_246" HPOS="894" VPOS="1168" WIDTH="25" HEIGHT="28" WC="0.51" CONTENT="$$"/>
						</TextLine>
						<TextLine ID="line_30" HPOS="171" VPOS="1201" WIDTH="749" HEIGHT="28">
							<String ID="string_247" HPOS="171" VPOS="1202" WIDTH="12" HEIGHT="20" WC="0.93" CONTENT="7"/><SP WIDTH="23" VPOS="1202" HPOS="183"/>
							<String ID="string_248" HPOS="206" VPOS="1201" WIDTH="40" HEIGHT="21" WC="0.95" CONTENT="och"/><SP WIDTH="22" VPOS="1201" HPOS="246"/>
							<String ID="string_249" HPOS="268" VPOS="1202" WIDTH="19" HEIGHT="25" WC="0.96" CONTENT="9,"/><SP WIDTH="23" VPOS="1202" HPOS="287"/>
							<String ID="string_250" HPOS="310" VPOS="1201" WIDTH="66" HEIGHT="27" WC="0.96" CONTENT="enligt"/><SP WIDTH="21" VPOS="1201" HPOS="376"/>
							<String ID="string_251" HPOS="397" VPOS="1202" WIDTH="44" HEIGHT="20" WC="0.96" CONTENT="min"/><SP WIDTH="21" VPOS="1202" HPOS="441"/>
							<String ID="string_252" HPOS="462" VPOS="1201" WIDTH="137" HEIGHT="28" WC="0.96" CONTENT="uppfattning"/><SP WIDTH="22" VPOS="1201" HPOS="599"/>
							<String ID="string_253" HPOS="621" VPOS="1201" WIDTH="60" HEIGHT="21" WC="0.93" CONTENT="skola"/><SP WIDTH="22" VPOS="1201" HPOS="681"/>
							<String ID="string_254" HPOS="703" VPOS="1202" WIDTH="49" HEIGHT="21" WC="0.91" CONTENT="leda"/><SP WIDTH="22" VPOS="1202" HPOS="752"/>
							<String ID="string_255" HPOS="774" VPOS="1202" WIDTH="92" HEIGHT="26" WC="0.92" CONTENT="derhän,"/><SP WIDTH="22" VPOS="1202" HPOS="866"/>
							<String ID="string_256" HPOS="888" VPOS="1203" WIDTH="32" HEIGHT="21" WC="0.96" CONTENT="att"/>
						</TextLine>
						<TextLine ID="line_31" HPOS="170" VPOS="1235" WIDTH="750" HEIGHT="27">
							<String ID="string_257" HPOS="170" VPOS="1235" WIDTH="91" HEIGHT="20" WC="0.90" CONTENT="nämnde"/><SP WIDTH="18" VPOS="1235" HPOS="261"/>
							<String ID="string_258" HPOS="279" VPOS="1235" WIDTH="86" HEIGHT="26" WC="0.92" CONTENT="afgifter"/><SP WIDTH="14" VPOS="1235" HPOS="365"/>
							<String ID="string_259" HPOS="379" VPOS="1235" WIDTH="35" HEIGHT="20" WC="0.93" CONTENT="väl"/><SP WIDTH="19" VPOS="1235" HPOS="414"/>
							<String ID="string_260" HPOS="433" VPOS="1235" WIDTH="67" HEIGHT="21" WC="0.79" CONTENT="blefve"/><SP WIDTH="18" VPOS="1235" HPOS="500"/>
							<String ID="string_261" HPOS="518" VPOS="1235" WIDTH="34" HEIGHT="21" WC="0.96" CONTENT="för"/><SP WIDTH="18" VPOS="1235" HPOS="552"/>
							<String ID="string_262" HPOS="570" VPOS="1235" WIDTH="114" HEIGHT="21" WC="0.96" CONTENT="framtiden"/><SP WIDTH="18" VPOS="1235" HPOS="684"/>
							<String ID="string_263" HPOS="702" VPOS="1236" WIDTH="33" HEIGHT="20" WC="0.96" CONTENT="till"/><SP WIDTH="17" VPOS="1236" HPOS="735"/>
							<String ID="string_264" HPOS="752" VPOS="1236" WIDTH="100" HEIGHT="26" WC="0.93" CONTENT="beloppet"/><SP WIDTH="17" VPOS="1236" HPOS="852"/>
							<String ID="string_265" HPOS="869" VPOS="1236" WIDTH="51" HEIGHT="21" WC="0.92" CONTENT="fixe-"/>
						</TextLine>
						<TextLine ID="line_32" HPOS="169" VPOS="1268" WIDTH="751" HEIGHT="28">
							<String ID="string_266" HPOS="169" VPOS="1268" WIDTH="59" HEIGHT="26" WC="0.93" CONTENT="rade,"/><SP WIDTH="15" VPOS="1268" HPOS="228"/>
							<String ID="string_267" HPOS="243" VPOS="1275" WIDTH="51" HEIGHT="14" WC="0.93" CONTENT="men"/><SP WIDTH="11" VPOS="1275" HPOS="294"/>
							<String ID="string_268" HPOS="305" VPOS="1270" WIDTH="53" HEIGHT="19" WC="0.93" CONTENT="utan"/><SP WIDTH="14" VPOS="1270" HPOS="358"/>
							<String ID="string_269" HPOS="372" VPOS="1269" WIDTH="65" HEIGHT="26" WC="0.91" CONTENT="nödig"/><SP WIDTH="14" VPOS="1269" HPOS="437"/>
							<String ID="string_270" HPOS="451" VPOS="1269" WIDTH="82" HEIGHT="27" WC="0.96" CONTENT="hänsyn"/><SP WIDTH="15" VPOS="1269" HPOS="533"/>
							<String ID="string_271" HPOS="548" VPOS="1268" WIDTH="32" HEIGHT="21" WC="0.96" CONTENT="till"/><SP WIDTH="16" VPOS="1268" HPOS="580"/>
							<String ID="string_272" HPOS="596" VPOS="1275" WIDTH="26" HEIGHT="14" WC="0.93" CONTENT="en"/><SP WIDTH="15" VPOS="1275" HPOS="622"/>
							<String ID="string_273" HPOS="637" VPOS="1269" WIDTH="98" HEIGHT="27" WC="0.92" CONTENT="jemnare"/><SP WIDTH="15" VPOS="1269" HPOS="735"/>
							<String ID="string_274" HPOS="750" VPOS="1269" WIDTH="40" HEIGHT="21" WC="0.92" CONTENT="och"/><SP WIDTH="14" VPOS="1269" HPOS="790"/>
							<String ID="string_275" HPOS="804" VPOS="1269" WIDTH="48" HEIGHT="21" WC="0.92" CONTENT="fullt"/><SP WIDTH="14" VPOS="1269" HPOS="852"/>
							<String ID="string_276" HPOS="866" VPOS="1271" WIDTH="54" HEIGHT="19" WC="0.93" CONTENT="rätt-"/>
						</TextLine>
						<TextLine ID="line_33" HPOS="169" VPOS="1302" WIDTH="751" HEIGHT="29">
							<String ID="string_277" HPOS="169" VPOS="1303" WIDTH="31" HEIGHT="22" WC="0.92" CONTENT="vis"/><SP WIDTH="22" VPOS="1303" HPOS="200"/>
							<String ID="string_278" HPOS="222" VPOS="1302" WIDTH="120" HEIGHT="28" WC="0.96" CONTENT="fördelning"/><SP WIDTH="22" VPOS="1302" HPOS="342"/>
							<String ID="string_279" HPOS="364" VPOS="1303" WIDTH="26" HEIGHT="20" WC="0.92" CONTENT="de"/><SP WIDTH="21" VPOS="1303" HPOS="390"/>
							<String ID="string_280" HPOS="411" VPOS="1303" WIDTH="216" HEIGHT="28" WC="0.60" CONTENT="betalningsskyldige"/><SP WIDTH="21" VPOS="1303" HPOS="627"/>
							<String ID="string_281" HPOS="648" VPOS="1303" WIDTH="97" HEIGHT="26" WC="0.95" CONTENT="emellan,"/><SP WIDTH="19" VPOS="1303" HPOS="745"/>
							<String ID="string_282" HPOS="764" VPOS="1302" WIDTH="70" HEIGHT="23" WC="0.96" CONTENT="såsom"/><SP WIDTH="22" VPOS="1302" HPOS="834"/>
							<String ID="string_283" HPOS="856" VPOS="1303" WIDTH="64" HEIGHT="22" WC="0.86" CONTENT="likväl"/>
						</TextLine>
						<TextLine ID="line_34" HPOS="169" VPOS="1337" WIDTH="353" HEIGHT="28">
							<String ID="string_284" HPOS="169" VPOS="1337" WIDTH="94" HEIGHT="28" WC="0.96" CONTENT="punkten"/><SP WIDTH="16" VPOS="1337" HPOS="263"/>
							<String ID="string_285" HPOS="279" VPOS="1338" WIDTH="12" HEIGHT="20" WC="0.96" CONTENT="2"/><SP WIDTH="15" VPOS="1338" HPOS="291"/>
							<String ID="string_286" HPOS="306" VPOS="1337" WIDTH="8" HEIGHT="21" WC="0.93" CONTENT="i"/><SP WIDTH="15" VPOS="1337" HPOS="314"/>
							<String ID="string_287" HPOS="329" VPOS="1337" WIDTH="117" HEIGHT="22" WC="0.90" CONTENT="motiverna"/><SP WIDTH="15" VPOS="1337" HPOS="446"/>
							<String ID="string_288" HPOS="461" VPOS="1337" WIDTH="61" HEIGHT="22" WC="0.91" CONTENT="afser."/>
						</TextLine>
					</TextBlock>
					<TextBlock ID="block_5" HPOS="168" VPOS="1377" WIDTH="751" HEIGHT="99">
						<TextLine ID="line_35" HPOS="238" VPOS="1377" WIDTH="681" HEIGHT="28">
							<String ID="string_289" HPOS="238" VPOS="1377" WIDTH="41" HEIGHT="28" WC="0.92" CONTENT="3:0)"/><SP WIDTH="17" VPOS="1377" HPOS="279"/>
							<String ID="string_290" HPOS="296" VPOS="1379" WIDTH="31" HEIGHT="20" WC="0.96" CONTENT="att"/><SP WIDTH="16" VPOS="1379" HPOS="327"/>
							<String ID="string_291" HPOS="343" VPOS="1378" WIDTH="67" HEIGHT="21" WC="0.95" CONTENT="ehuru"/><SP WIDTH="16" VPOS="1378" HPOS="410"/>
							<String ID="string_292" HPOS="426" VPOS="1378" WIDTH="25" HEIGHT="21" WC="0.95" CONTENT="de"/><SP WIDTH="15" VPOS="1378" HPOS="451"/>
							<String ID="string_293" HPOS="466" VPOS="1378" WIDTH="7" HEIGHT="21" WC="0.95" CONTENT="i"/><SP WIDTH="15" VPOS="1378" HPOS="473"/>
							<String ID="string_294" HPOS="488" VPOS="1379" WIDTH="24" HEIGHT="26" WC="0.83" CONTENT="$$"/><SP WIDTH="16" VPOS="1379" HPOS="512"/>
							<String ID="string_295" HPOS="528" VPOS="1379" WIDTH="12" HEIGHT="20" WC="0.96" CONTENT="2"/><SP WIDTH="16" VPOS="1379" HPOS="540"/>
							<String ID="string_296" HPOS="556" VPOS="1378" WIDTH="40" HEIGHT="21" WC="0.96" CONTENT="och"/><SP WIDTH="16" VPOS="1378" HPOS="596"/>
							<String ID="string_297" HPOS="612" VPOS="1379" WIDTH="12" HEIGHT="20" WC="0.96" CONTENT="6"/><SP WIDTH="15" VPOS="1379" HPOS="624"/>
							<String ID="string_298" HPOS="639" VPOS="1378" WIDTH="174" HEIGHT="22" WC="0.93" CONTENT="förekommande"/><SP WIDTH="15" VPOS="1378" HPOS="813"/>
							<String ID="string_299" HPOS="828" VPOS="1378" WIDTH="91" HEIGHT="22" WC="0.91" CONTENT="bestäm-"/>
						</TextLine>
						<TextLine ID="line_36" HPOS="168" VPOS="1411" WIDTH="751" HEIGHT="30">
							<String ID="string_300" HPOS="168" VPOS="1411" WIDTH="76" HEIGHT="22" WC="0.93" CONTENT="melser"/><SP WIDTH="18" VPOS="1411" HPOS="244"/>
							<String ID="string_301" HPOS="262" VPOS="1412" WIDTH="7" HEIGHT="21" WC="0.95" CONTENT="i"/><SP WIDTH="18" VPOS="1412" HPOS="269"/>
							<String ID="string_302" HPOS="287" VPOS="1411" WIDTH="63" HEIGHT="29" WC="0.96" CONTENT="fråga"/><SP WIDTH="18" VPOS="1411" HPOS="350"/>
							<String ID="string_303" HPOS="368" VPOS="1420" WIDTH="38" HEIGHT="13" WC="0.93" CONTENT="om"/><SP WIDTH="14" VPOS="1420" HPOS="406"/>
							<String ID="string_304" HPOS="420" VPOS="1412" WIDTH="132" HEIGHT="28" WC="0.92" CONTENT="aflöningens"/><SP WIDTH="18" VPOS="1412" HPOS="552"/>
							<String ID="string_305" HPOS="570" VPOS="1412" WIDTH="124" HEIGHT="23" WC="0.92" CONTENT="fördelande"/><SP WIDTH="22" VPOS="1412" HPOS="694"/>
							<String ID="string_306" HPOS="716" VPOS="1413" WIDTH="90" HEIGHT="22" WC="0.92" CONTENT="emellan"/><SP WIDTH="21" VPOS="1413" HPOS="806"/>
							<String ID="string_307" HPOS="827" VPOS="1415" WIDTH="92" HEIGHT="26" WC="0.92" CONTENT="prester-"/>
						</TextLine>
						<TextLine ID="line_37" HPOS="168" VPOS="1447" WIDTH="751" HEIGHT="29">
							<String ID="string_308" HPOS="168" VPOS="1447" WIDTH="75" HEIGHT="27" WC="0.96" CONTENT="skapet"/><SP WIDTH="14" VPOS="1447" HPOS="243"/>
							<String ID="string_309" HPOS="257" VPOS="1447" WIDTH="7" HEIGHT="20" WC="0.96" CONTENT="i"/><SP WIDTH="15" VPOS="1447" HPOS="264"/>
							<String ID="string_310" HPOS="279" VPOS="1447" WIDTH="74" HEIGHT="27" WC="0.96" CONTENT="hvarje"/><SP WIDTH="15" VPOS="1447" HPOS="353"/>
							<String ID="string_311" HPOS="368" VPOS="1447" WIDTH="125" HEIGHT="28" WC="0.95" CONTENT="församling"/><SP WIDTH="14" VPOS="1447" HPOS="493"/>
							<String ID="string_312" HPOS="507" VPOS="1447" WIDTH="69" HEIGHT="22" WC="0.95" CONTENT="blifvit"/><SP WIDTH="19" VPOS="1447" HPOS="576"/>
							<String ID="string_313" HPOS="595" VPOS="1447" WIDTH="24" HEIGHT="22" WC="0.96" CONTENT="af"/><SP WIDTH="15" VPOS="1447" HPOS="619"/>
							<String ID="string_314" HPOS="634" VPOS="1448" WIDTH="104" HEIGHT="21" WC="0.96" CONTENT="utskottet"/><SP WIDTH="16" VPOS="1448" HPOS="738"/>
							<String ID="string_315" HPOS="754" VPOS="1449" WIDTH="8" HEIGHT="19" WC="0.96" CONTENT="i"/><SP WIDTH="18" VPOS="1449" HPOS="762"/>
							<String ID="string_316" HPOS="780" VPOS="1447" WIDTH="71" HEIGHT="29" WC="0.96" CONTENT="någon"/><SP WIDTH="17" VPOS="1447" HPOS="851"/>
							<String ID="string_317" HPOS="868" VPOS="1448" WIDTH="51" HEIGHT="22" WC="0.95" CONTENT="mån"/>
						</TextLine>
					</TextBlock>
				</ComposedBlock>
			</PrintSpace>
		</Page>
	</Layout>
</alto>
