1028 1692
340 116 72 23 Nådiga
423 117 136 22 Propositionen
572 116 34 17 N:o
619 118 15 15 1.
818 116 19 16 13

179 179 170 24 Bondeståndets
367 180 137 22 Sekreterare
522 178 93 30 åtnjuter
633 179 24 22 af
672 178 109 22 allmänna
797 180 63 21 stats-

111 215 69 21 medel
195 215 40 22 den
250 215 103 28 aflöning,
369 222 45 14 som
429 214 24 22 af
465 214 104 28 Kejsaren
583 214 134 22 bestämmes.

455 275 11 27 8
483 276 33 19 30.

178 318 42 21 Vid
234 317 74 28 hvarje
322 317 89 28 lagtima
424 317 103 27 landtdag
542 316 60 22 skola
616 317 57 21 inom
688 316 45 22 åtta
749 317 67 28 dagar
830 317 30 21 ef-

109 354 34 20 ter
161 353 47 21 dess
227 351 113 29 öppnande
358 351 110 22 tillsättas:
487 352 31 21 ett
535 351 123 28 lagutskott,
677 353 31 20 ett
729 351 130 22 ekonomiut-

109 387 63 26 skott,
188 388 31 21 ett
232 386 142 25 statsutskott,
390 387 30 20 ett
438 385 207 28 bevillningsutskott
663 385 40 22 och
721 387 31 20 ett
768 385 91 22 bankut-

109 421 63 22 skott.
201 421 61 28 Lag-,
278 421 106 22 ekonomi-
400 420 40 21 och
458 420 162 21 statsutskotten
638 420 60 21 skola
715 419 62 23 bestå
794 420 25 21 af
833 422 26 19 16

109 458 56 19 samt
178 455 135 28 bevillnings-
328 455 40 22 och
382 455 166 22 bankutskotten
563 455 24 21 af
601 456 25 19 12
644 454 117 22 ledamöter
779 455 79 28 hvarje,

108 491 78 26 hvilka,
201 490 33 21 till
248 490 44 21 lika
307 489 59 22 antal
380 490 58 21 inom
452 489 62 22 hvart
528 489 41 22 och
584 490 30 20 ett
628 487 69 28 stånd,
713 496 76 21 genom
804 489 54 22 elek-

108 527 59 19 torer
181 527 64 19 utses.
274 523 33 22 På
321 524 112 22 enahanda
448 525 42 20 sätt
508 523 66 28 väljas
593 523 62 22 äfven
669 524 137 27 suppleanter
820 525 38 25 att,

109 559 35 21 vid
164 559 114 21 inträffadt
299 558 72 21 förfall
392 558 34 21 för
447 557 215 26 utskottsledamöter,
684 558 8 21 i
714 558 62 21 deras
798 558 61 22 ställe

108 593 92 22 inträda.

177 627 41 22 Vid
232 628 79 21 urtima
328 627 104 28 landtdag
446 627 60 22 skola
520 627 18 28 ej
555 627 53 22 flera
621 627 82 22 utskott
716 627 100 22 tillsättas
831 629 28 20 än

108 669 46 15 som
169 662 107 21 erfordras
290 661 34 22 för
334 661 117 28 beredning
462 661 24 22 af
495 661 73 22 dervid
578 661 172 22 förekommande
761 662 97 22 ärender.

453 722 11 29 8
481 723 32 20 31.

176 766 48 22 Kan
235 765 69 29 fråga,
315 766 111 22 hvaröfver
437 766 92 22 utskotts
540 765 134 22 betänkande
685 766 115 26 erfordras,
811 766 47 22 icke

107 801 115 28 lämpligen
236 801 125 28 hänskjutas
375 800 34 22 till
422 800 66 28 något
502 801 25 21 af
539 800 26 22 de
579 800 8 22 i
602 802 27 20 30
644 801 11 27 &
669 800 94 22 nämnda
777 801 82 21 utskott

107 836 52 22 eller
175 842 63 15 anses
258 836 40 20 den
316 835 34 22 för
367 836 106 21 vinnande
491 835 24 22 af
531 835 31 21 tid
585 834 50 22 eller
657 834 24 22 af
701 842 72 14 annan
795 836 63 21 orsak

107 870 54 22 böra
179 870 139 21 öfverlemnas
339 869 33 21 till
393 869 117 28 beredning
532 869 24 21 af
576 869 101 21 särskildt
697 869 88 26 utskott,
807 876 50 15 vare

107 904 120 22 Ständerna
240 904 134 28 berättigade
390 905 32 20 att
436 903 66 29 dylikt
516 904 82 21 utskott
612 903 95 22 tillsätta.

175 938 73 22 Varda
262 939 58 21 inom
334 937 67 29 något
417 938 82 22 utskott
516 937 124 29 göromålen
657 936 24 24 så
699 938 68 22 ökade
785 940 32 20 att
832 938 26 22 de

106 973 47 22 icke
167 973 72 21 kunna
252 974 59 20 inom
325 972 90 28 behörig
429 972 32 22 tid
475 972 89 27 utföras,
576 979 39 21 ege
628 972 104 23 utskottet
745 973 40 21 hos
800 972 56 22 stån-

107 1008 40 20 den
162 1008 89 21 utverka
265 1007 112 27 tillökning
395 1008 8 20 i
419 1006 155 22 ledamöternes
592 1007 59 21 antal
668 1008 41 21 och
726 1007 35 22 för
775 1007 82 22 arbete-

106 1048 39 16 nas
159 1040 153 30 päskyndande
330 1041 82 23 fördela
430 1042 32 27 sig
480 1040 29 29 pä
527 1041 139 28 afdelningar.
695 1041 81 29 Hvarje
791 1041 66 23 sådan

107 1076 108 28 afdelning
228 1076 56 22 skall
298 1075 61 23 bestå
370 1076 25 21 af
403 1075 65 22 minst
477 1075 36 23 två
523 1075 118 23 ledamöter
655 1075 48 23 från
717 1076 63 22 hvart
795 1075 62 23 stånd

107 1111 40 22 och
170 1118 50 21 eger
237 1112 7 20 i
262 1111 114 21 utskottets
398 1118 64 14 namn
484 1110 80 28 afgifva
584 1109 125 23 utlåtanden
726 1111 9 21 i
752 1110 31 22 dit
804 1111 52 21 hän-

106 1145 88 28 skjutna
208 1144 78 30 frågor.

175 1180 79 27 Hvarje
268 1179 64 21 stånd
346 1178 35 22 må
397 1179 45 26 ock,
458 1186 35 14 om
508 1179 36 22 det
558 1178 25 23 så
597 1180 74 27 nödigt
681 1179 75 27 finner,
767 1179 90 22 tillsätta

105 1215 32 20 ett
153 1214 83 21 utskott
253 1214 33 20 till
304 1213 156 22 förberedande
477 1214 160 28 handläggning
654 1214 25 21 af
695 1213 48 22 dess
761 1213 96 23 enskilda

105 1248 77 22 besvär
197 1248 40 22 och
251 1248 186 28 angelägenheter.

450 1309 11 26 $
478 1310 33 19 32.

173 1351 26 28 Ej
214 1350 36 22 må
264 1351 91 21 medlem
369 1351 24 21 af
409 1349 93 22 Senaten
515 1357 53 15 vara
584 1350 94 22 ledamot
695 1351 8 20 i
721 1351 134 22 statsutskot-

105 1387 37 24 tet,
158 1385 41 22 och
217 1385 18 28 ej
254 1385 67 22 heller
338 1383 71 30 någon
428 1391 70 15 annan
512 1384 90 28 inväljas
617 1385 7 21 i
638 1385 87 26 utskott,
742 1385 38 22 der
794 1385 61 22 redo-

104 1420 83 28 visning
208 1419 34 23 för
263 1420 53 21 hans
340 1418 182 29 embetsåtgärder
542 1419 43 22 kan
602 1419 33 22 till
652 1419 131 29 granskning
800 1420 54 21 före-

105 1455 92 22 komma.
