1017 1681
295 117 70 23 Nådiga
377 118 136 22 Propositionen
525 118 33 17 N:o
574 119 26 16 11.
766 118 32 16 545

70 188 48 15 som
132 181 24 22 af
168 180 121 22 Ständerna
304 181 80 28 jemväl
400 181 36 21 vid
454 181 98 22 sednaste
570 180 103 29 landtdag
692 181 130 28 godkändes,

72 216 52 22 eller
142 217 32 20 att
192 215 120 22 strafftiden
329 215 9 22 i
354 215 96 28 fängelse
468 222 74 15 svarar
563 217 45 25 mot
628 215 45 22 lika
693 215 52 28 läng
762 215 31 22 tid
815 216 8 20 i

73 250 88 21 tukthus
180 250 40 21 och
234 249 7 21 i
256 245 174 31 förekominiande
444 249 38 21 fall
498 249 34 22 det
547 249 59 22 förra
624 249 85 22 straffet
723 249 49 22 med
787 249 36 22 det

73 283 90 22 sednare
177 283 54 21 efter
246 282 71 29 sädan
328 280 69 31 grund
411 283 86 22 förenas
512 283 40 21 och
567 283 114 27 tillämpas.

140 316 95 22 Sednare
248 317 114 27 meningen
376 317 8 21 i
399 317 68 21 andra
481 317 96 27 punkten
588 317 24 20 af
623 317 25 20 57
662 318 10 27 &
684 317 65 22 hafva
760 316 63 22 Stän-

71 351 69 22 derna
154 353 70 20 ansett
238 351 72 21 kunna
325 351 49 22 leda
388 351 33 22 till
436 351 36 22 det
486 351 148 26 missförständ
645 353 32 20 att
689 351 75 22 endast
776 351 47 26 den,

69 389 49 18 som
132 384 90 23 innehar
236 385 82 22 embete
333 385 51 22 eller
398 385 72 28 tjenst,
486 385 52 22 eller
552 385 43 22 fast
609 385 103 28 egendom
728 385 51 22 eller
794 385 28 22 el-

69 420 43 29 jest
126 420 80 28 stadigt
220 420 90 21 hemvist
325 420 51 21 eller
390 420 57 28 yrke,
462 419 62 29 finge,
544 419 28 22 dä
589 420 44 21 han
647 427 51 15 vore
712 420 34 21 för
763 420 60 22 brott

71 454 120 30 misstänkt,
206 453 29 28 pä
248 453 28 22 fri
290 453 33 22 fot
340 454 91 27 lemnas;
447 454 40 22 och
502 462 46 14 som
566 461 26 15 en
611 454 57 29 dylik
686 454 137 28 uppfattning

72 488 25 30 af
112 484 72 31 saken,
203 488 41 22 den
263 488 40 29 der
322 489 66 27 enligt
410 488 131 23 Ständernas
562 489 66 21 tanke
649 489 47 23 icke
717 489 106 22 öfverens-

71 519 103 26 stämmer
182 515 11 41 '
196 523 48 22 med
270 522 149 29 lagförslagets
441 523 57 21 anda
520 523 40 22 och
584 523 96 28 mening,
706 523 118 23 emellertid

72 558 71 21 kunde
160 557 8 21 i
186 557 42 22 viss
242 556 51 23 män
312 557 111 29 äfventyra:
440 558 182 23 rättssäkerheten
640 558 7 21 i
662 557 78 27 landet,
760 557 64 23 hafva

71 588 123 26 Ständerna
211 592 70 21 funnit
300 591 40 22 den
358 591 140 23 förenämnda
515 592 113 28 meningen
646 591 54 24 böra
718 591 48 24 från
780 591 44 23 för-

72 626 69 29 slaget
155 626 45 22 helt
215 627 41 21 och
271 625 67 22 hållet
353 625 58 29 utgå.

141 659 32 24 På
187 661 69 28 grund
271 660 25 22 af
307 661 56 21 hvad
378 660 91 22 sålunda
482 661 8 21 i
504 660 138 23 förestående
660 660 67 23 måtto
742 661 82 23 anförts

75 694 24 23 få
116 695 130 30 Ständerna,
260 694 67 28 jemte
344 695 138 22 förklarande
500 697 32 20 att
550 695 26 22 de
594 696 8 21 i
620 695 40 22 den
678 695 80 28 nådiga
775 703 49 20 pro-

74 730 120 28 positionen
208 729 123 28 föreslagna
348 729 152 28 författningar
517 730 47 21 icke
581 729 82 22 kunnat
682 730 142 22 oförändrade

74 764 136 28 godkännas,
233 764 33 21 för
288 764 33 23 sin
346 763 34 23 del
404 764 35 23 för
464 764 109 24 desamma
597 764 107 24 fastställa
729 764 94 30 följande

72 799 95 31 lydelse:

129 863 149 32 Förordning
291 861 123 35 angående
426 862 164 28 dödsstraffets
602 863 170 34 upphäfvande
783 863 42 26 för

167 905 66 28 vissa
245 905 67 27 brott
324 907 60 25 samt
402 904 103 35 ändring
522 907 28 26 af
564 906 119 28 allmänna
700 906 84 34 lagens

286 948 149 33 stadganden
452 949 10 26 i
479 948 124 34 åtskilliga
620 949 51 28 fall.

198 1000 112 29 Ingressen
326 999 136 23 oförändrad.

199 1040 45 28 1$.
273 1039 128 30 Dödsstraf
414 1040 56 21 skall
486 1040 128 30 hädanefter
630 1041 109 21 ådömmas
751 1042 75 21 endast

143 1075 30 22 då
187 1075 73 28 någon
269 1075 66 28 förer
352 1075 64 28 afvog
431 1074 62 22 sköld
508 1078 55 18 emot
577 1075 58 21 riket
650 1076 58 26 eller,
724 1077 10 20 i
747 1076 79 28 uppsåt

144 1113 33 17 att
194 1109 64 25 döda,
268 1109 108 29 föröfvar
391 1109 155 28 våldsgerning
560 1112 46 18 mot
620 1109 113 29 Kejsaren,
749 1109 77 30 Kejsa-

141 1144 84 21 vinnan
232 1144 52 20 eller
292 1142 64 22 deras
364 1142 60 22 barn.
442 1142 38 29 (M.
491 1143 24 21 B.
532 1144 9 20 4
548 1143 49 28 kap.
611 1145 9 19 1
634 1144 30 27 81
675 1144 40 21 och
727 1145 13 20 2
751 1144 74 28 mom.)

199 1177 129 29 Dödsstraf
344 1177 126 21 verkställes
488 1177 88 21 medelst
599 1177 165 30 halshuggning,
788 1178 38 22 och

144 1211 95 25 kommer
258 1212 66 28 alltså
341 1212 41 21 den
400 1213 9 20 i
428 1212 35 28 lag
481 1215 82 18 utsatta
576 1211 122 30 skärpning
714 1213 65 29 deraf
791 1220 36 22 ge-

143 1254 50 14 nom
208 1247 70 28 högra
294 1246 94 22 handens
403 1246 137 29 afhuggande
559 1250 55 17 samt
632 1247 40 21 den
690 1247 57 21 döda
762 1246 64 30 krop-

139 1288 55 21 pens
215 1280 124 22 utsättande
354 1281 32 28 pä
405 1281 65 27 stegel
488 1281 52 21 eller
557 1280 153 30 förbränning
730 1282 38 21 och
786 1282 41 21 allt

144 1318 68 17 annat
224 1316 44 19 sätt
277 1315 43 27 för
330 1315 153 27 dödsstraffets
494 1314 159 22 verkställande
664 1319 33 25 att
706 1316 42 28 för
752 1316 74 28 fram-

145 1348 60 21 tiden
218 1347 107 29 upphöra.

201 1380 58 23 2—4
274 1382 32 28 $$.
335 1381 155 22 Oförändrade.

200 1415 49 30 58.
278 1416 75 30 Begär
368 1416 72 29 någon
455 1416 82 30 tidelag
553 1417 39 21 och
604 1418 26 20 är
641 1418 120 29 gerningen
769 1418 57 30 full-

147 1450 93 27 bordad;
259 1451 89 30 straffes
365 1450 47 23 med
431 1450 86 23 tukthus
533 1452 59 28 från
610 1452 40 22 och
666 1453 48 21 med
733 1453 36 21 två
792 1454 35 21 till

736 1494 22 16 35
