1006 1686
300 117 71 24 Nådiga
382 119 136 22 Propositionen
529 120 35 17 N:o
577 120 16 15 2.
767 121 31 16 131

72 181 49 22 med
136 182 13 20 2
164 182 11 27 8
190 181 9 20 i
212 180 100 29 gällande
333 181 165 28 regeringsform
517 182 39 21 och
574 181 150 22 stadfästelsen
738 181 14 23 &
768 183 53 21 1789

73 215 35 22 års
130 215 118 28 förenings-
270 215 40 22 och
332 216 163 26 säkerhets-akt,
518 216 58 28 gifna
597 216 113 21 försäkran
728 218 32 20 att
777 217 46 22 icke

72 250 79 25 kunna,
166 251 52 20 utan
233 249 53 22 efter
301 249 50 28 laga
364 251 130 26 ransäkning
514 251 39 20 och
573 250 54 26 dom,
647 250 72 27 skiljas
734 250 49 22 från
797 251 26 21 de

71 283 229 28 tjenstebefattningar,
319 290 45 14 som
383 283 24 22 af
423 284 47 20 dem
491 284 129 26 innehafvas,
642 284 49 22 med
713 284 110 28 undantag

72 317 26 22 af
112 317 57 21 vissa
187 316 45 22 deri
250 317 140 28 uppräknade
408 318 97 21 embeten
523 318 40 21 och
581 318 95 27 tjenster,
700 325 35 14 om
752 318 72 22 hvilka

72 351 56 22 skall
142 352 58 26 gälla
214 351 56 21 hvad
288 358 35 14 om
341 351 48 22 dem
407 352 101 21 särskildt
523 353 24 20 är
561 352 107 27 stadgadt.
697 352 66 22 Detta
777 353 46 27 lag-

73 385 120 28 stadgande
211 385 68 21 skulle
297 386 105 27 nemligen
420 386 80 21 förlora
518 386 29 21 all
565 386 33 22 sin
615 386 115 28 betydelse,
750 394 35 14 om
803 386 19 28 ej

73 419 107 23 derunder
194 420 54 21 skall
262 418 78 23 förstås
355 419 158 23 bibehållandet
528 420 24 21 af
561 420 26 22 de
599 420 91 22 embetet
704 420 52 22 eller
770 421 54 27 tjen-

73 456 47 20 sten
134 453 118 29 åtföljande
266 453 157 23 löneförmåner
437 455 56 21 intill
507 454 47 22 dess
569 454 90 22 embets-
675 455 51 21 eller
737 455 87 27 tjenste-

73 495 93 15 mannen
181 488 50 28 sjelf
243 488 90 22 ansöker
348 490 32 20 att
393 488 66 22 blifva
477 488 48 22 från
542 489 147 27 befattningen
703 489 122 29 entledigad

74 523 52 22 eller
141 530 76 21 genom
231 523 51 28 laga
296 523 50 22 dom
359 523 70 22 blifvit
442 522 49 22 från
506 524 123 21 densamma
643 524 62 21 skild.

142 558 69 21 Jemte
230 558 36 21 det
284 557 121 22 Ständerna
423 557 89 22 sålunda
529 565 52 18 anse
595 558 124 22 nuvarande
733 558 90 22 embets-

74 593 42 22 och
137 592 128 28 tjenstemän
286 593 8 21 i
316 592 115 22 allmänhet
448 600 52 14 vara
518 593 93 28 lagligen
629 593 134 28 berättigade
786 595 39 24 att,

75 635 35 14 om
125 627 62 22 deras
202 627 221 29 tjenstebefattningar
433 627 107 28 indragas,
552 627 133 22 fortfarande
700 627 84 28 åtnjuta
799 628 27 21 de

74 662 49 22 med
146 662 61 22 dessa
228 661 145 29 befattningar
387 661 101 23 förenade
502 661 163 27 löneförmäner,
681 662 62 22 tveka
762 662 62 21 Stän-

76 697 67 21 derna
156 696 47 22 icke
218 698 32 20 att
264 696 88 22 förorda
366 704 27 14 en
407 696 35 28 lag
457 696 7 21 i
479 696 35 22 det
529 696 54 28 syfte
600 696 80 28 nådiga
697 696 128 28 propositio-

75 738 42 14 nen
131 731 126 28 uppställer,
272 732 52 20 enär
339 730 29 22 all
382 730 89 22 fordran
485 730 30 28 på
529 731 89 21 rättvisa
629 738 61 20 synes
704 738 53 14 vara
771 738 54 20 upp-

74 766 54 27 fylld
148 765 122 27 derigenom
292 766 32 20 att
346 764 83 22 skilnad
451 766 61 26 göres
535 765 89 21 emellan
638 765 67 21 redan
720 765 107 21 anställda

76 800 91 22 embets-
184 800 39 21 och
238 800 133 27 tjenstemän,
387 800 39 21 och
442 800 53 25 dem,
514 806 52 18 som,
581 799 54 21 efter
650 799 41 21 den
705 799 122 28 föreslagna

75 834 75 28 lagens
160 834 164 27 promulgation,
340 834 85 21 komma
440 835 31 20 att
485 834 107 25 tillsättas,
607 834 40 21 och
663 832 26 22 då
704 834 41 25 det,
762 834 65 27 enligt

76 868 132 23 Ständernas
230 867 62 29 åsigt,
314 869 25 20 är
360 867 48 22 med
429 868 97 27 billighet
547 867 40 22 och
609 867 90 22 rättvisa
721 867 105 22 öfverens-

76 903 134 23 stämmande
228 905 32 19 att
278 902 89 21 embets-
385 902 40 21 och
443 903 133 27 tjenstemän,
596 902 77 27 hvilka,
696 909 77 20 genom
794 902 32 21 in-

76 938 106 27 dragning
196 937 24 21 af
233 937 61 22 deras
310 937 151 26 befattningar,
479 935 157 22 urståndsättas
651 938 31 19 att
696 937 49 21 med
760 936 67 22 aktivt

76 972 75 22 arbete
165 971 33 22 till
212 973 69 20 staten
296 971 104 28 godtgöra
415 971 47 21 dem
476 970 127 22 tillerkända
614 969 162 28 löneförmåner,
787 978 40 14 un-

77 1006 111 23 derkastas
203 1013 26 14 en
243 1005 120 28 minskning
377 1005 24 22 af
414 1005 113 22 desamma.

145 1040 81 22 Härvid
244 1040 142 21 förekommer
408 1039 54 21 dock
484 1041 31 20 att
539 1039 48 22 icke
612 1039 43 21 alla
676 1039 90 22 embets-
786 1039 40 22 och

76 1075 130 28 tjenstemän
224 1075 38 20 äro
284 1075 8 20 i
310 1073 99 28 gällande
430 1073 36 28 lag
487 1073 104 28 tryggade
608 1073 35 21 vid
661 1073 166 22 innehafvandet

78 1109 24 21 af
122 1109 62 21 deras
205 1108 151 27 befattningar,
378 1109 8 20 i
408 1108 35 21 det
465 1115 26 14 en
513 1107 34 21 del
569 1107 73 21 kunna
664 1108 25 20 af
707 1107 26 21 E.
752 1107 26 21 K.
797 1107 29 21 M.

78 1144 52 20 eller
148 1143 26 21 de
192 1142 154 28 myndigheter,
364 1142 68 21 under
451 1142 70 21 hvilka
540 1141 26 22 de
580 1142 125 27 tjenstgöra,
720 1140 49 22 frän
784 1148 43 15 em-

77 1178 60 21 betet
154 1177 52 21 eller
223 1176 92 28 tjensten
333 1176 78 27 skiljas.
441 1176 75 21 Denna
535 1175 83 22 skilnad
637 1183 50 13 anse
707 1174 121 22 Ständerna

75 1211 80 29 jemväl
169 1211 34 21 för
217 1210 133 22 närvarande
368 1210 53 21 böra
436 1210 83 27 grunda
534 1216 26 14 en
575 1210 56 20 olika
645 1211 44 19 rätt
703 1209 33 22 till
751 1211 76 20 ersätt-

77 1246 52 27 ning
143 1245 35 21 för
192 1244 158 26 innehafvaren,
368 1244 7 21 i
394 1244 101 21 händelse
509 1243 82 22 embete
606 1243 51 22 eller
670 1243 66 27 tjenst
751 1243 24 21 af
787 1243 40 21 slik

77 1279 147 23 beskaffenhet
238 1279 105 27 indrages.
372 1277 34 22 Dä
421 1278 26 21 de
461 1278 111 28 nemligen,
591 1277 66 27 enligt
671 1277 100 27 gällande
784 1277 43 28 lag,

78 1314 72 21 kunna
164 1313 142 21 närsomhelst
320 1312 97 21 afskedas
433 1312 50 21 eller
498 1312 33 20 till
546 1318 70 14 annan
628 1311 119 27 befattning
758 1313 69 19 trans-

78 1350 104 25 porteras,
198 1348 40 21 och
251 1347 8 20 i
274 1347 59 20 förra
348 1346 59 21 fallet
424 1346 75 21 endast
513 1347 38 20 äro
565 1345 134 27 berättigade
712 1345 34 22 till
760 1344 67 22 sådan

78 1383 95 26 pension,
189 1388 51 19 som,
259 1381 8 20 i
284 1379 133 23 förhällande
435 1379 33 22 till
483 1379 62 22 deras
559 1377 144 24 lefnadsälder
719 1379 40 22 och
773 1379 54 27 tjen-

78 1416 71 27 stetid,
170 1416 44 22 kan
235 1416 48 21 dem
304 1414 205 28 författningsenligt
529 1413 123 26 tillkomma,
679 1413 40 22 och
745 1412 82 23 således

79 1451 112 28 emottagit
205 1451 91 21 embetet
311 1449 51 23 eller
375 1449 91 28 tjensten
484 1449 47 22 med
552 1448 35 22 det
605 1448 67 23 vilkor
687 1450 32 20 att
733 1447 94 23 derifrän
