1009 1700
299 105 72 24 Nådiga
382 106 136 22 Propositionen
530 106 35 18 N:o
578 108 16 15 1.
775 107 22 17 93

70 170 108 28 afdelning
193 169 54 22 skall
260 168 61 24 bestå
333 170 24 21 af
364 170 65 21 minst
439 168 36 24 två
485 169 118 23 ledamöter
618 168 47 24 från
680 170 63 22 hvart
757 169 62 23 stånd

69 205 41 21 och
132 212 49 21 eger
199 204 8 22 i
225 204 114 22 utskottets
359 212 66 14 namn
447 204 79 29 afgifva
547 204 124 23 utlåtanden
689 204 8 22 i
714 204 32 22 dit
766 205 53 22 hän-

69 240 86 27 skjutna
170 238 79 29 frågor.

136 274 81 28 Hvarje
231 272 62 23 stånd
308 272 35 23 må
358 274 45 26 ock,
419 282 35 14 om
469 274 36 21 det
520 273 24 22 så
558 274 75 28 nödigt
643 274 74 26 finner,
729 274 90 21 tillsätta

68 310 31 20 ett
116 308 83 22 utskott
215 308 34 22 till
267 308 154 22 förberedande
439 308 160 28 handläggning
617 305 27 25 af
657 309 47 21 dess
723 308 97 22 enskilda

68 342 76 23 besvär
158 344 41 21 och
213 342 185 28 angelägenheter.

413 396 11 27 8&
441 396 33 21 31.

134 435 26 29 Ej
176 434 36 23 mä
225 435 92 23 medlem
331 436 24 21 af
371 435 93 23 Senaten
478 443 53 14 vara
547 435 95 22 ledamot
655 437 8 20 i
680 436 83 22 utskott
777 436 40 21 och

67 470 19 29 ej
108 470 69 22 heller
197 469 72 30 nägon
291 477 70 15 annan
383 471 89 28 inväljas
491 471 7 21 i
516 471 87 25 utskott,
627 471 38 21 der
682 471 135 27 redovisning

66 504 35 23 för
115 505 54 22 hans
185 504 182 29 embetsätgärder
381 505 42 22 kan
437 505 33 22 till
485 505 130 34 granskning
630 505 137 22 förekomma.

411 564 12 28 8
439 565 34 21 32.
730 576 7 7 5

135 603 54 27 Den,
207 610 46 16 som
270 604 67 22 redan
355 603 70 23 blifvit
443 604 32 22 till
493 604 94 22 ledamot
605 604 8 21 i
629 603 37 23 två
683 604 82 22 utskott
785 604 32 22 in-

67 638 59 27 vald,
140 646 51 14 vare
205 638 121 29 berättigad
341 640 32 20 att
387 638 75 29 afsäga
473 639 31 28 sig
519 640 78 21 honom
611 638 94 23 lemnadt
718 640 100 28 uppdrag

67 675 33 20 att
113 673 124 29 ytterligare
251 674 8 21 i
272 673 190 28 utskottsgöromäl
477 674 94 28 deltaga;
586 680 49 15 men
653 674 33 21 för
701 674 64 28 öfrigt
780 682 37 14 an-

67 708 95 22 kommer
181 708 36 21 det
235 706 14 23 8
265 708 74 28 hvarje
357 707 62 23 stånd
437 710 37 25 att,
493 709 54 21 efter
564 708 100 28 pröfning
682 708 24 22 af
722 710 95 21 anmäldt

66 742 79 27 förfall,
164 742 75 28 afgöra
257 743 104 21 huruvida
379 742 94 22 derifrän
490 743 72 22 invald
579 742 185 24 utskottsledamot
781 743 36 23 mä

67 776 49 23 från
130 777 41 22 slik
185 777 119 29 befattning
319 778 63 22 vinna
395 777 104 22 befrielse.

410 838 11 28 8
438 840 33 19 33.

129 878 121 30 Utskotten
264 878 62 28 välja,
341 879 63 21 hvart
419 878 33 21 för
463 878 41 28 sig,
521 878 127 22 ordförande
658 878 66 22 bland
734 879 82 22 utskot-

65 914 42 21 tets
122 913 144 22 medlemmar.
295 913 59 21 Intill
371 913 47 22 dess
429 912 85 27 sådant
528 914 34 21 val
579 912 114 30 försiggått
710 913 57 22 föres
782 921 33 15 or-

68 948 35 22 det
117 948 24 21 af
153 948 156 28 Ridderskapet
323 948 39 22 och
373 948 79 22 Adelns
467 948 88 22 främste
569 948 132 22 närvarande
715 948 100 22 ledamot.

135 982 114 22 Utskotten
263 989 46 21 ega,
324 983 63 21 hvart
399 982 35 22 för
448 983 41 27 sig,
504 984 48 20 utse
571 982 134 22 Sekreterare
720 983 41 21 och
772 983 44 22 den

68 1017 70 28 öfriga
152 1017 119 28 betjening,
286 1024 46 15 som
350 1018 39 21 hos
404 1017 47 22 dem
465 1017 43 21 kan
522 1017 68 21 finnas
604 1017 71 28 nödig.

407 1078 15 27 $
438 1079 33 20 34.

135 1118 149 29 Lagutskottet
297 1118 55 21 skall
361 1118 98 22 meddela
469 1116 111 24 utlåtande
590 1118 58 22 öfver
659 1117 26 23 de
699 1116 48 25 från
758 1117 57 24 stän-

68 1153 41 22 den
123 1153 33 22 dit
173 1153 156 22 öfverlemnade
347 1153 80 28 förslag
443 1153 34 21 till
493 1152 107 27 stiftande,
619 1153 99 28 ändring,
737 1153 78 22 förkla-

66 1188 49 27 ring
133 1187 53 22 eller
202 1187 151 28 upphäfvande
370 1187 25 21 af
409 1187 106 28 grundlag
536 1188 55 21 samt
609 1187 24 21 af
651 1187 79 22 allmän
752 1187 64 27 civil-,

68 1222 115 26 kriminal-,
198 1222 76 28 kyrko-
289 1221 40 22 och
344 1221 73 28 sjölag.

411 1277 12 27 8
439 1277 33 21 35.

135 1316 41 22 Till
194 1316 199 22 ekonomiutskottet
413 1317 99 21 hänvisas
532 1317 25 21 de
575 1316 33 21 till
629 1316 99 22 ståndens
749 1316 67 22 hand-

66 1351 102 28 läggning
187 1351 39 20 och
244 1349 111 22 utlåtande
373 1350 100 21 inkomna
490 1350 89 28 förslag,
599 1357 45 14 som
662 1349 57 29 angå
733 1350 83 22 landets

67 1386 108 21 allmänna
195 1383 137 29 hushållning
354 1383 51 21 eller
427 1383 70 21 dertill
518 1384 95 21 hörande
634 1384 143 28 inrättningar
795 1384 24 22 af

67 1420 43 22 alla
124 1419 57 28 slag,
197 1420 55 20 samt
266 1418 100 28 ändring,
382 1418 118 28 förklaring
515 1418 51 22 eller
580 1418 151 28 upphäfvande
741 1418 25 22 af
775 1419 40 22 dit-

67 1454 95 23 hörande
177 1453 150 29 förordningar
341 1454 40 22 och
396 1453 93 28 stadgar.
