1009 1686
307 105 72 24 Nådiga
391 107 136 22 Propositionen
539 108 34 17 N:o
587 110 26 16 11.
780 110 33 17 493

157 171 27 20 14
198 171 18 27 8.
246 169 11 21 I
275 169 43 22 alla
336 170 26 21 de
379 170 44 26 fall,
442 171 88 21 hvarom
548 171 8 20 i
572 173 33 25 10,
622 173 33 24 11;
671 173 26 19 12
713 173 39 20 och
770 174 24 19 13
810 173 24 27 8$

85 206 69 26 säges;
173 206 50 20 vare
240 204 81 22 brottet
338 204 44 21 lika
400 205 81 26 ansedt,
500 205 68 22 ehvad
586 206 140 23 blodsbandet
741 206 95 28 grundar

86 238 33 28 sig
134 237 13 22 å
158 239 54 21 äkta
227 238 51 22 eller
293 239 65 21 oäkta
371 238 60 21 börd.
463 239 53 21 Sker
531 239 81 22 enfaldt
626 240 51 21 eller
691 241 90 21 tvefaldt
795 241 40 21 hor

86 272 49 21 med
148 272 72 28 någon
235 271 66 22 sådan
313 272 132 27 anförvandt,
458 281 45 13 som
514 273 7 20 i
533 280 82 15 samma
625 275 24 26 $$
661 275 97 25 nämnes;
771 275 64 21 varde

86 306 172 22 tukthusstraffet
269 306 108 28 törlängdt
387 307 48 21 med
447 309 31 19 ett
488 307 33 21 till
531 308 34 20 tre
577 306 24 22 är
613 308 36 27 (M.
657 308 25 20 B.
693 309 25 20 59
727 308 49 27 kap.
786 309 48 28 58).

155 341 70 21 Gifves
244 340 71 28 nägon
326 341 68 24 skuld
411 341 34 21 för
463 342 64 25 brott,
543 349 45 14 som
603 342 7 20 i
625 342 70 21 denna
708 342 127 29 förordning

84 375 89 22 nämndt
191 377 30 24 är,
240 375 55 22 skall
312 375 122 22 underrätts
451 376 78 27 utslag,
548 376 88 21 oaktadt
655 376 41 22 den
710 384 29 14 nu
754 377 81 22 skedda

85 411 91 27 ändring
193 410 8 22 i:
219 410 100 26 straffet,
324 410 84 28 .jemlikt
427 411 13 20 5
458 412 11 27 &
489 411 27 21 25
535 411 48 27 kap.
602 410 75 28 R..B.,
691 411 143 23 underställas

84 445 125 23 Hofrättens
224 445 106 27 pröfning.

152 480 76 20 Denna
242 480 125 26 förordning
381 480 62 20 träde
457 480 7 20 i
478 479 134 23 verksamhet
627 479 40 22 den
683 496 4 5 .
704 497 5 4 .
725 496 5 5 .
746 496 5 5 .
765 481 67 21 186..

83 514 69 27 Brott,
171 522 45 14 som
235 514 147 22 dessförinnan
400 514 109 27 föröfvats,
524 522 49 13 men
587 514 34 21 för
635 514 80 22 hvilket
729 514 64 22 straff
806 514 27 23 då

84 550 19 27 ej
123 551 25 19 är
165 549 108 21 bestämdt
291 556 75 20 genom
384 549 78 27 utslag,
481 555 46 15 som
546 549 74 22 vunnit
638 549 49 27 laga
705 549 58 22 kraft
782 549 51 22 eller

84 584 18 28 ej
119 583 146 28 öfverklagadt
279 583 82 27 varder,
376 583 54 21 skall
438 583 40 21 ock
489 583 53 21 efter
553 583 70 22 denna
633 584 126 27 förordning
770 584 63 22 straf-

83 618 42 26 fas,
145 625 34 15 om
199 618 36 22 det
252 617 67 27 straff,
339 625 44 15 som
402 618 66 28 enligt
486 618 41 21 den
544 618 40 21 bör
602 616 13 23 &
633 618 80 22 brottet
730 618 62 28 följa,
808 620 25 20 är

82 654 117 27 lindrigare
213 655 28 19 än
257 653 41 26 det,
314 660 45 14 som
373 652 82 23 i-äldre
470 652 36 28 lag
521 653 51 21 eller
586 651 125 30 författning
725 653 35 22 för
774 654 58 21 brot-

83 689 31 21 tet
128 688 100 27 stadgadt
242 688 61 21 varit.

100 757 25 35 2)
148 758 101 32 Förslag
267 757 39 26 till
323 757 141 34 förordning
482 756 122 34 angående
622 758 150 28 afskaffande
786 759 28 26 af

114 797 126 34 åtskilliga
257 798 9 26 i
283 798 41 32 lag
343 799 92 25 utsatta
453 798 136 26 straffarter
606 798 43 26 och
668 798 70 27 deras
756 806 36 19 er-

124 838 109 26 sättande
251 845 84 25 genom
352 838 75 25 andra
445 839 71 25 straff
531 840 61 24 samt
609 839 64 25 huru
690 839 104 26 förfaras

128 876 74 29 "skall
218 878 41 26 vid
276 878 80 27 böters
373 878 154 33 förvandling
545 878 43 26 och
606 878 170 33 sammanlägg-

242 918 60 33 ning
319 919 28 25 af
361 918 64 26 olika
443 919 71 26 straff
528 919 52 25 med
597 926 72 18 mera.

150 976 50 21 Som
218 975 107 30 ätskilliga
342 976 7 20 i
367 983 29 13 nu
412 976 99 28 gällande
525 976 35 28 lag
575 975 121 22 fastställda
711 975 120 22 straffarter

80 1010 81 22 funnits
183 1017 51 15 vara
256 1010 53 21 efter
333 1011 133 20 närvarande
491 1009 191 23 tidsförhällanden
704 1011 126 27 olämpliga,

79 1045 77 21 varder
171 1044 110 28 angående
296 1045 61 21 dessa
372 1044 130 22 straffärters
513 1044 132 26 afskaffande
657 1045 39 21 och
708 1045 123 21 ersättande

80 1079 48 21 med
146 1079 69 21 andra
232 1078 65 22 straff
312 1079 107 21 äfvensom
437 1079 49 21 med
500 1079 152 21 föranledande
668 1079 62 21 deraf
743 1086 35 14 om
792 1086 37 14 an-

81 1103 48 41 svar
148 1113 34 29 för
201 1120 26 14 en
246 1113 33 21 del
297 1112 161 28 tjufnadsbrott,
476 1113 72 21 böters
567 1113 141 27 förvandling,
724 1120 105 16 samman-

80 1148 102 27 läggning
198 1147 23 22 af
234 1148 57 21 olika
305 1146 64 23 straff
380 1148 49 21 med
440 1145 65 28 mera,
517 1147 124 28 härigenom
652 1147 128 22 förordnadt
790 1150 39 23 att,

79 1182 49 21 med
150 1181 90 28 ändring
262 1182 25 21 af
301 1181 56 22 hvad
378 1181 36 28 lag
436 1182 40 21 och
494 1181 151 28 författningar
663 1181 8 21 i
690 1182 61 21 dessa
770 1181 59 22 delar

79 1217 82 27 stadga,
180 1216 162 22 nedannämnde
360 1216 133 22 föreskrifter
510 1215 125 22 hädanefter
650 1216 60 21 skola
723 1216 59 27 tjena
796 1216 34 21 till

80 1251 146 21 efterrättelse.

399 1297 14 17 1
429 1297 80 22 Kap.

78 1333 31 21 Om
124 1332 21 21 de
159 1333 102 20 straffarter
275 1333 32 20 och
324 1332 89 28 påföljder
428 1333 21 20 af
461 1333 54 26 brott,
529 1333 62 21 hvilka
605 1333 28 20 för
647 1333 95 21 framtiden
757 1333 69 24 komma

300 1367 27 21 att
341 1367 88 21 alskaffas
444 1367 45 21 eller
502 1367 102 21 förändras.

148 1412 10 20 1
171 1410 18 28 8.
212 1410 119 28 Följande
324 1404 14 38 i
343 1411 54 20 1734
408 1408 35 23 års
456 1409 36 29 lag
505 1410 40 23 och
557 1409 70 23 dertill
638 1410 95 22 hörande
744 1383 86 60 författ-

77 1446 77 28 ningar
160 1445 129 23 föreskrifna
301 1445 63 22 straff
369 1445 40 21 och
417 1443 106 30 påföljder
530 1444 24 22 af
559 1444 58 22 brott
624 1445 67 22 varda
698 1444 128 23 afskaffade:
