1000 1681
286 103 72 25 Nädiga
368 105 138 22 Propositionen
516 106 35 17 N:o
562 106 16 17 4.
750 107 33 16 213

54 173 108 22 personer,
178 167 71 22 hvilka
263 167 81 23 erhölle
359 168 132 22 förtroendet
504 169 34 21 att
551 168 66 23 blifva
630 169 91 26 valmän,
737 169 68 22 skulle

53 202 77 26 känna,
146 201 71 22 hvilka
232 202 25 21 af
269 201 62 23 dessa
349 202 137 22 medlemmar
500 209 51 16 vore
569 202 26 22 de
609 202 136 29 lämpligaste
760 210 44 15 om-

54 235 44 23 bud
112 236 36 21 vid
162 236 130 28 kyrkomöte.

121 269 38 22 Uti
174 271 70 20 denna
257 271 138 26 reservation,
411 270 69 22 såvidt
495 271 40 22 den
549 273 61 20 rörer
624 272 24 27 8$
665 273 27 20 14
707 272 40 21 och
762 273 41 20 457

52 304 66 22 hafva
134 304 202 28 Häradshöfdingen
352 305 100 22 Friherre
466 305 78 22 Wrede
566 305 40 22 och
628 305 83 22 Doktor
732 305 71 29 Bergh

53 338 85 23 förenat
152 339 39 28 sig.

155 396 31 21 Af
197 396 142 28 Domprosten
353 397 58 28 Borg
426 397 40 21 och
480 397 82 24 Doktor
576 397 81 28 Bergh:

120 441 12 22 I
150 441 61 29 fråga
229 449 35 14 om
281 443 131 27 antagandet
430 443 24 21 af
469 443 49 28 kap.
533 443 53 21 XII
604 443 12 27 $
633 444 40 19 102
687 442 82 29 nödgas
783 443 21 22 vi

53 483 112 16 reservera
178 475 39 24 vär
232 475 60 30 äsigt.

120 511 28 22 Vi
163 518 51 15 anse
233 518 34 14 oss
285 512 76 21 främst
380 512 54 21 böra
451 513 85 25 nämna,
554 513 34 21 att
601 512 21 22 vi
640 512 35 22 för
691 512 64 28 ingen
770 512 34 22 del

52 546 80 22 förbise
151 545 35 22 det
204 546 115 26 företräde,
338 546 27 22 de
382 546 41 22 här
440 548 111 26 upptagna
568 546 187 28 bestämningarne
769 548 34 20 rö-

52 580 68 22 rande
133 580 142 28 kyrkotukten
290 588 40 21 ega
345 580 89 22 framför
452 581 127 22 hithörande
598 581 132 27 stadganden
744 581 8 21 i
766 580 38 23 vär

53 615 99 27 gällande
170 614 102 29 kyrkolag
291 616 39 20 och
349 614 133 28 författning.
515 615 65 21 Detta
602 615 108 22 företräde
732 614 72 23 består

53 649 52 27 deri,
120 650 33 21 att
168 650 32 20 1:o
216 650 42 20 alla
272 649 35 21 för
321 649 83 29 kyrkan
418 650 131 20 fremmande
568 650 40 21 och
626 650 85 21 dertöre
725 648 78 23 otillåt-

52 683 45 28 liga
110 684 123 26 tuktmedel,
248 682 70 23 såsom
333 684 67 26 böter,
416 684 126 28 skamstraff
550 691 27 13 m.
588 692 28 12 m.
628 685 38 20 äro
678 683 125 27 afskaffade,

53 718 40 22 och
108 719 34 21 2:o
156 718 141 27 kyrkotukten
312 717 51 28 sjelf
375 719 25 20 är
414 717 136 29 öfverflyttad
568 716 49 23 från
634 720 97 25 prestens
746 718 58 21 hand

52 753 9 21 i
78 752 169 27 församlingens.
279 752 42 21 Det
340 753 30 25 är,
389 752 71 21 kunde
477 759 50 14 man
544 753 59 26 säga,
622 752 75 21 endast
715 754 31 20 ett
762 759 41 20 par

53 786 63 22 enkla
130 786 40 22 och
184 786 91 22 likasom
289 785 115 28 sjelffallna
418 786 98 21 rättelser
533 786 5 21 i
548 784 38 23 vär
600 786 99 28 kyrkliga
711 786 92 28 lagstift-

52 821 62 27 ning;
136 827 48 15 men
207 820 25 22 de
250 822 38 20 äro
307 820 24 22 af
348 820 40 22 den
410 822 55 20 mest
486 820 181 28 genomgripande
689 820 114 28 betydelse,

53 855 40 22 och
107 854 45 23 visa
166 854 34 28 sig
214 855 35 21 vid
262 856 101 20 närmare
378 854 156 22 eftersinnande
549 854 62 28 djupt
626 854 110 28 grundade
747 855 8 21 i
765 853 38 23 vär

53 890 135 28 evangeliska
201 889 138 22 bekännelses
353 889 138 28 uppfattning
508 889 25 21 af
549 890 36 21 det
602 889 123 28 gudomliga
743 888 61 23 ordet

51 925 55 28 sjelf.
136 925 27 22 Vi
177 927 34 19 tro
230 932 34 14 oss
282 924 119 28 korteligen
419 924 73 21 kunna
509 925 58 26 säga,
586 925 33 20 att
636 923 29 28 pä
683 924 62 21 dessa
759 925 44 20 rät-

52 960 75 21 telsers
146 959 54 21 fulla
217 959 136 21 erkännande
371 959 64 21 beror
453 958 136 28 möjligheten
608 958 24 21 af
651 958 152 29 kyrkotuktens

52 993 160 28 upphjelpande
222 993 57 22 inom
290 993 42 21 den
343 992 239 28 evangelisk-lutherska
593 992 92 28 kyrkan;
698 993 39 21 och
748 993 56 21 huru

52 1029 54 20 nära
128 1027 69 22 denna
218 1027 154 28 angelägenhet
394 1027 178 27 sammanhänger
594 1027 48 21 med
663 1026 99 22 behofvet
781 1026 25 22 af

52 1062 50 22 hela
115 1061 38 22 vär
167 1061 98 29 kyrkliga
279 1061 224 28 författningsreform,
521 1061 62 22 torde
601 1061 19 27 ej
639 1060 91 22 behöfva
743 1062 59 20 näm-

52 1103 40 15 nas
109 1095 35 22 för
162 1096 54 26 dem,
234 1095 72 22 hvilka
323 1095 43 26 lärt
384 1095 32 28 sig
434 1096 32 21 att
484 1103 22 14 se
525 1095 91 28 djupare
633 1095 23 21 in
673 1095 8 21 i
700 1095 41 21 den
758 1095 45 21 lifs-

52 1131 87 26 rörelse,
158 1137 46 15 som
221 1130 8 21 i
243 1129 38 23 vär
299 1129 135 23 närvarande
451 1130 32 21 tid
498 1129 115 29 genomgär
628 1129 41 22 den
683 1131 120 27 protestan-

52 1166 58 21 tiska
123 1165 152 22 kristenheten.

121 1199 50 22 Men
188 1199 44 22 lika
249 1207 66 20 gerna
333 1205 45 16 som
396 1199 21 22 vi
435 1199 92 22 erkänne
544 1199 113 28 törslagets
679 1198 99 28 förtjenst
796 1199 8 21 i

53 1234 67 22 redan
135 1234 75 28 antydt
224 1233 105 27 afseende,
345 1233 44 22 lika
405 1233 48 21 litet
470 1233 72 22 kunna
556 1234 20 21 vi
591 1233 90 22 tillsluta
694 1232 39 23 vär
747 1233 57 21 blick

52 1269 36 22 för
103 1269 41 21 den
160 1268 56 21 brist
232 1268 8 21 i
258 1268 164 27 uppfattningen
440 1268 24 21 af
479 1267 151 29 kyrkotuktens
645 1267 98 26 väsende,
758 1274 46 14 som

54 1302 134 27 obestridligt
202 1302 57 27 röjer
273 1302 33 27 sig
320 1303 8 20 i
342 1301 113 28 förslagets
469 1302 165 27 bestämningar.
664 1302 76 20 Denna
750 1301 54 22 hrist

53 1336 69 22 mäste
140 1336 135 27 naturligtvis
292 1336 75 21 lättast
380 1336 46 21 visa
444 1336 32 26 sig
494 1336 8 20 i
516 1336 41 21 den
571 1335 122 27 föreslagna
707 1334 97 22 tuktord-

54 1370 90 28 ningens
165 1369 134 28 tillämpning
321 1368 29 29 pä
367 1369 65 27 lifvet,
452 1370 40 20 och
511 1369 45 21 deri
574 1369 89 21 likasom
680 1368 124 28 pätagligen

54 1403 91 24 framstä
166 1404 34 22 för
222 1404 35 22 det
278 1404 95 22 enklaste
394 1403 98 29 kyrkliga
512 1403 145 23 medvetande.
690 1403 27 22 Vi
735 1402 69 22 tilläta

56 1446 34 17 oss
106 1439 84 23 derföre
204 1439 54 22 att
254 1433 14 38 i
275 1439 182 28 nedanupptagna
475 1438 165 28 anmärkningar
657 1437 53 28 följa
729 1438 74 26 denna,
