1000 1684
204 127 32 15 38$
409 124 71 22 Nådiga
494 124 136 21 Propositionen
642 122 34 17 N:o
690 123 15 15 7.

250 187 30 22 Af
292 186 148 29 ordalydelsen
454 186 8 20 i
476 185 196 29 kyrkoordningens
686 186 26 19 19
727 184 49 27 kap.
793 185 26 20 20
835 184 11 27 $
862 190 68 21 synes,

182 230 45 14 som
242 221 68 22 skulle
328 227 85 15 annexa
429 219 165 28 ursprungligen
607 220 83 26 utgjort
704 225 26 15 en
745 217 119 26 socknedel,
879 217 53 21 hvil-

182 257 42 21 ken
240 256 35 22 för
290 255 48 21 dess
357 254 132 28 aflägsenhet
503 253 47 22 från
565 252 157 29 moderkyrkan
736 251 86 23 erhållit
835 250 98 23 tillstånd

183 293 32 19 att
229 290 71 29 bygga
314 289 77 28 kapell,
408 288 37 22 der
459 288 33 21 till
507 296 26 14 en
547 288 77 27 början
642 287 149 29 kyrkoherden
806 286 40 22 och
860 286 72 28 kapel-

182 325 64 21 lanen
264 324 91 22 vexelvis
373 322 145 29 tjenstgjorde,
537 322 68 22 ehuru
623 322 103 26 sednare,
738 321 33 21 till
789 321 105 22 vinnande
912 320 24 22 af

184 367 26 14 en
224 358 163 28 fullständigare
401 356 114 30 själavård,
527 356 151 28 kapellboerne
690 355 62 29 åtogo
768 356 32 28 sig
816 357 32 21 att
863 355 71 21 aflöna

184 393 92 22 särskild
289 392 120 29 predikant.
431 391 34 22 Då
480 392 35 21 det
530 391 120 22 sedermera
664 390 46 22 blef
722 391 81 28 vanligt
818 392 32 20 att
860 390 76 21 förena

184 429 52 21 flere
250 427 151 28 församlingar
415 426 68 22 under
499 432 25 16 en
539 426 40 22 och
594 433 82 14 samma
693 426 134 28 kyrkoherde
844 425 34 21 till
891 424 43 22 för-

184 462 114 22 bättrande
320 462 25 21 af
361 462 77 21 dennes
456 461 123 26 lönevilkor,
598 460 84 22 kommo
701 460 35 22 väl
752 460 184 27 benämningarna

184 497 72 28 kapell
274 497 41 22 och
332 503 71 14 annex
421 498 32 19 att
469 495 106 22 beteckna
593 495 56 21 olika
667 495 47 28 slag
726 494 26 22 af
763 490 151 32 församlingar
928 494 8 21 i

185 531 134 22 förhållande
337 530 33 22 till
387 530 162 28 moderkyrkan,
568 536 49 15 men
635 530 68 21 ehuru
720 530 33 21 uti
770 529 98 25 Finland,
887 528 50 22 med

186 567 62 27 högst
266 564 22 23 få
306 565 117 27 undantag,
442 571 93 15 annexer
553 564 7 21 i
582 564 132 22 sistnämnda
736 564 133 21 bemärkelse
890 563 47 21 icke

186 600 86 26 funnits,
290 600 66 21 hatva
374 599 54 21 dock
447 598 227 28 kapellförsamlingar,
690 598 28 28 på
737 598 69 28 grund
824 598 24 22 af
865 597 71 23 ofvan-

185 634 93 22 berörda
293 633 159 27 författningar,
466 634 82 21 ansetts
563 632 95 29 skyldige
674 634 32 20 att
720 632 132 22 fortfarande
867 632 71 28 bygga

186 669 41 21 och
241 667 127 23 underhålla
382 668 67 27 kyrka
464 668 7 20 i
485 667 232 28 moderförsamlingen,
728 670 53 19 utan
792 669 33 19 att
836 667 24 22 af
869 668 70 20 denna

186 703 36 22 vid
239 702 123 28 byggandet
380 702 23 21 af
420 709 52 21 egen
489 702 68 28 kyrka
575 701 81 22 erhålla
674 700 72 30 någon
760 701 65 28 hjelp.
854 701 84 22 Beträf-

187 737 64 21 fande
264 736 115 28 nybildade
393 736 222 28 kapellförsamlingar
627 736 42 21 har
683 736 65 21 likväl
766 735 110 29 undantag
889 736 49 21 här-

187 770 57 22 ifrån
262 773 36 25 egt
314 777 55 20 rum,
388 769 84 22 såväl
462 765 13 37 i
491 770 58 22 äldre
566 771 57 20 tider
641 770 31 21 uti
690 770 97 22 enskilda
805 770 44 26 fall,
868 769 70 23 såsom

188 812 62 21 synes
265 805 25 21 af
302 805 77 27 Kongl.
395 804 90 22 Brefven
499 804 33 22 till
547 804 146 28 Domkapitlet
708 805 8 21 i
729 803 72 29 Borgå
819 804 25 22 af
856 805 42 21 den
914 805 25 21 16

189 840 91 28 Augusti
297 841 54 20 1768
370 839 40 22 och
427 840 34 21 till
479 839 145 28 Domkapitlet
641 840 7 21 i
667 833 47 28 Åbo
733 840 24 21 af
774 840 40 21 den
833 840 26 21 27
881 839 59 22 Mars

191 877 61 24 1787,
271 881 46 14 som
336 875 39 21 ock
393 874 121 28 isynnerhet
532 875 66 21 sedan
615 875 61 21 Hans
698 875 120 28 Kejserliga
840 874 101 28 Måjestät

190 910 41 21 den
246 911 26 20 30
287 908 118 22 December
422 910 55 20 1854
491 909 137 28 bemyndigat
643 909 91 22 Senaten
749 909 33 22 för
796 906 92 25 Finland
902 911 38 25 att,

191 943 28 22 då
236 945 48 26 nytt
300 943 72 28 kapell
390 944 97 25 inrättas,
506 943 54 22 efter
578 943 174 22 förekommande
770 943 46 22 skäl
838 943 41 22 och
897 950 45 15 om-

191 977 152 29 ständigheter,
358 977 75 28 pröfva
449 978 39 21 och
503 978 118 21 bestämma
635 978 106 21 huruvida
750 977 192 29 kapellförsamlin-

192 1020 40 21 gen
247 1011 35 23 mä
300 1011 95 22 frikallas
413 1011 49 22 från
480 1012 119 28 skyldighet
618 1013 31 20 att
666 1013 72 28 bygga
756 1013 66 28 kyrka
836 1012 8 21 i
859 1012 83 22 moder-

192 1046 157 27 församlingen.

260 1081 50 21 Men
328 1087 34 14 om
381 1079 64 23 ocksä
462 1081 259 28 kapellförsamlingarnas
740 1081 203 28 byggnadsskyldig-

193 1115 37 20 het
244 1115 35 21 vid
296 1114 157 28 moderkyrkan
470 1114 68 23 måste
556 1122 61 14 anses
635 1123 53 14 vara
707 1121 76 22 genom
795 1123 35 14 .nu
845 1114 99 29 gällande

194 1149 151 27 författningar
363 1149 97 28 stadgad,
475 1149 45 21 tala
535 1149 54 22 dock
608 1149 78 28 mänga
701 1150 40 21 och
755 1150 81 28 vigtiga
850 1149 46 22 skäl
910 1149 34 22 för

194 1190 26 14 en
235 1183 91 27 ändring
341 1183 130 22 härutinnan
485 1183 33 22 för
536 1183 119 22 framtiden.
685 1184 37 21 Ett
737 1184 123 27 stadgande,
876 1191 46 14 som
936 1183 8 21 i

194 1217 75 26 sjelfva
283 1217 73 20 verket
370 1218 69 20 hvilar
452 1217 29 27 pä
496 1225 25 13 en
536 1218 63 27 högst
614 1218 72 27 obillig
702 1218 75 27 grund,
793 1219 40 20 har
843 1218 47 21 icke
900 1218 45 20 hel-

195 1251 31 20 ler
240 1249 92 28 undgätt
347 1252 32 19 att
393 1250 24 21 sä
435 1251 84 28 mycket
536 1258 59 14 mera
610 1252 91 21 stämma
716 1251 108 22 allmänna
839 1251 107 22 omdömet

196 1286 56 21 emot
270 1285 38 27 sig,
327 1291 46 15 som
392 1285 35 21 det
445 1285 40 21 tidt
504 1285 40 21 och
562 1285 45 22 ofta
625 1285 123 22 framkallat
767 1285 73 22 tvister
854 1285 92 22 rörande

196 1319 207 28 kapellförsamlings
425 1319 130 28 delaktighet
572 1320 7 21 i
596 1320 122 29 byggandet
739 1320 25 22 af
783 1320 165 29 moderkyrkan,

196 1355 64 21 hvars
278 1354 59 21 skick
355 1355 39 20 och
413 1355 80 22 storlek
510 1355 34 21 vid
563 1355 40 22 den
621 1355 65 27 tiden,
702 1355 27 22 dä
746 1355 93 28 kapellet
856 1356 92 24 inrätta-

197 1389 43 26 des,
254 1389 48 21 icke
316 1396 59 15 mera
389 1389 82 22 kunnat
484 1389 93 22 utredas.
606 1390 42 21 Vid
665 1390 142 22 betraktande
822 1390 24 21 af
857 1390 89 21 försam-

196 1424 110 27 lingarnas
325 1424 7 21 i
350 1423 73 22 landet
443 1425 116 21 historiska
579 1425 115 28 uppkomst
715 1425 67 22 finnes
805 1427 32 19 att
855 1425 24 21 af
895 1424 51 22 dei

197 1457 75 28 början
288 1458 55 27 glest
357 1458 84 22 bosatte
456 1459 40 22 och
511 1459 118 22 merendels
647 1459 75 28 fattige
736 1459 146 29 inbyggarene
895 1466 51 21 gan-
