1000 1681
308 74 71 24 Nådiga
390 76 137 22 Propositionen
539 76 35 17 N:o
586 77 16 15 4.
774 76 33 17 263

456 139 13 28 $
482 137 36 22 53.

204 180 77 30 Gifver
296 181 84 21 kristen
394 182 27 29 af
426 182 142 28 främmande
587 180 172 22 trosbekännelse
775 182 51 21 eller

145 216 47 21 icke
207 216 83 20 kristen
300 216 163 28 presterskapet
476 217 10 20 i
500 216 73 28 någon
580 216 144 28 församling,
735 216 47 21 med
793 223 33 14 re-

146 251 48 28 digt
202 250 107 30 förstånd
325 250 38 21 och
371 251 38 28 fri
423 251 60 28 vilja,
500 251 33 21 sin
549 250 82 21 önskan
647 250 109 21 tillkänna
770 254 33 17 att
817 251 10 20 i

145 284 41 22 den
204 284 243 28 evangelisk-lutherska
465 284 94 28 kyrkans
576 284 128 28 gemenskap
718 288 108 24 upptagen

144 318 76 26 varda,
243 318 84 21 anmäle
350 318 35 21 det
407 317 147 29 kyrkoherden
572 317 37 21 hos
628 316 141 29 domkapitlet
787 318 38 20 och

145 352 85 30 afvakte
250 352 46 22 dess
314 359 57 14 svar.
401 351 73 23 Sedan
492 352 141 28 domkapitlet
650 352 74 21 derom
732 352 94 29 förord-

143 390 46 22 nat,
205 386 56 22 skall
275 386 47 26 den,
338 393 44 14 som
397 386 90 29 öfvergå
502 386 45 27 vill,
560 386 128 29 sorgfälligt
698 386 126 21 undervisas

142 422 11 20 %
170 420 41 22 den
229 420 138 29 evangeliska
386 421 65 21 läran
469 420 44 27 och,
535 420 66 22 sedan
623 420 43 21 han
688 420 48 21 deri
756 420 68 28 nödig

144 454 97 29 kunskap
256 455 96 26 erhällit,
367 456 11 19 i
392 455 41 22 den
447 454 136 29 evangeliska
594 454 94 28 kyrkans
698 454 127 29 gemenskap

143 490 95 28 intagas,
249 489 34 29 pä
298 490 45 20 sätt
358 489 126 22 handboken
499 489 74 21 derom
588 490 72 27 säger.

200 522 121 30 Intagning
343 524 26 28 af
383 524 141 29 främmande
547 523 85 21 kristna
651 523 173 29 trosförvandter

142 558 37 21 mä
194 558 34 22 ske
243 559 61 29 inför
320 558 137 30 kyrkorädet,
473 558 38 22 och
519 558 162 30 församlingen
696 558 73 21 derom
776 558 48 29 föl-

141 593 66 28 jande
223 592 82 29 söndag
320 593 68 21 under
403 593 42 21 bön
460 593 36 21 till
507 590 50 24 Gud
569 592 150 22 underrättas.
748 591 76 29 Intag-

143 627 54 28 ning
220 627 25 29 af
264 627 46 22 icke
332 627 86 21 kristna
437 626 56 22 skall
509 628 10 20 i
537 626 83 29 kyrkan
632 627 43 28 för
693 628 34 27 sig
742 627 29 28 gå
786 627 38 20 och

144 661 126 29 kungörelse
288 661 75 22 derom
381 662 47 22 med
447 661 91 29 tjenliga
551 661 161 29 uppmaningar
728 661 35 22 till
771 661 52 28 för-

144 696 119 29 samlingen
288 696 180 29 mnästföregäende
494 695 81 30 söndag
595 696 58 28 från
673 695 151 29 predikstolen

142 731 110 28 uppläsas.
282 729 79 22 Kunna
376 731 31 25 de,
427 737 44 14 som
485 731 87 28 intagas
587 729 66 27 skola,
665 730 43 29 för
726 729 97 29 sjukdom

144 765 53 21 eller
213 765 71 21 andra
298 765 49 21 skäl
361 765 20 29 ej
395 765 84 27 infinna
493 766 33 27 sig
540 765 10 20 i
565 764 89 29 kyrkan,
666 765 36 20 må
712 765 111 28 intagnin-

142 806 42 21 gen
208 799 35 22 ske
262 798 79 23 enskilt
357 801 10 20 i
385 800 94 21 vittnens
497 800 96 21 närvaro
613 799 39 22 och
660 799 163 29 församlingen

143 833 75 22 derom
226 833 102 30 följande
344 834 83 28 söndag
441 833 148 22 underrättas.

345 905 112 22 Sjunde
474 903 149 24 Kapitlet.

401 942 31 21 Om
447 941 115 23 skriftermäl.

419 996 27 28 $$
460 994 89 23 54—58.

143 1038 165 29 (Oförändrade,
326 1039 49 21 med
392 1038 139 28 iakttagande
549 1037 63 23 deraf
627 1039 32 21 att
678 1038 41 21 den
736 1039 8 20 i
762 1039 12 26 8
794 1039 26 20 58

170 1080 63 15 mom.
248 1073 26 28 C)
288 1073 175 22 förekommande
478 1073 79 22 citaten
568 1072 79 22 ändras
660 1072 34 21 till
708 1073 12 27 &
736 1073 56 28 123.)

331 1139 136 22 Åttonde
485 1143 148 23 Kapitlet.

367 1181 31 21 Om
411 1180 80 22 Herrans
504 1180 91 22 nattvard.

413 1235 27 28 $$
454 1233 95 35 59—63.

394 1276 174 29 (Oförändrade.)

449 1328 12 27 $
480 1326 34 22 64.

200 1364 36 22 På
252 1364 64 22 hvars
332 1364 38 21 och
385 1370 35 15 ens
432 1370 51 22 egen
492 1363 107 29 pröfning
609 1363 36 21 må
656 1363 36 21 det
703 1363 118 27 ankomma,

143 1400 56 21 huru
217 1399 47 30 ofta
282 1399 43 21 han
343 1399 34 29 sig
396 1399 35 22 till
449 1398 128 29 deltagande
595 1398 10 21 i
623 1398 40 22 den
678 1398 72 28 heliga
764 1401 58 19 natt-
