1000 1686
189 123 34 16 334
396 121 71 24 Nådiga
479 123 136 20 Propositionen
627 122 33 17 N:o
674 123 15 14 5.

166 185 92 22 nämnde
275 185 73 21 tionde
366 184 120 21 äfvenledes
504 186 25 19 är
547 186 32 19 att
596 184 110 21 betraktas
724 183 70 22 såsom
809 185 31 20 ett
855 186 62 19 stats-

167 219 74 28 anslag
256 219 41 21 och
311 217 82 23 således
408 219 39 20 bör
462 219 71 20 kunna
553 219 34 20 för
604 217 122 22 ändamålet
744 219 108 21 användas
866 220 52 20 utan

166 254 144 27 begränsning
331 253 34 21 till
386 260 82 14 samma
485 253 163 28 församlingar,
671 251 48 22 från
740 253 72 21 hvilka
833 253 85 20 skatten

167 288 113 27 uppbäres.
310 288 11 20 I
338 287 97 27 förening
454 286 49 22 med
521 287 26 21 de
565 287 69 28 öfriga
655 287 158 27 statsbidragen
835 287 83 21 komme

167 322 160 22 tertialtionden
346 323 31 20 att
393 323 78 26 utgöra
490 321 40 21 den
548 328 77 19 reserv,
644 321 85 21 hvilken
747 322 35 21 vid
802 321 117 27 löneregle-

167 357 107 27 ringarne,
290 356 66 22 sedan
371 356 26 21 de
412 355 109 22 ofvanföre
539 356 68 21 under
624 363 85 14 momm.
726 363 17 19 ce,
758 356 15 21 d
791 356 40 21 och
850 363 9 14 e
875 363 44 14 om-

169 391 103 21 förmälde
289 391 117 21 inkomster
425 390 71 22 dervid
513 390 70 21 blifvit
600 390 33 21 till
650 390 101 28 beloppet
769 390 149 28 uppskattade,

168 432 50 15 vore
236 426 32 21 att
285 424 62 29 tillgå
364 424 70 22 såsom
452 425 81 27 fyllnad
551 424 33 22 till
602 425 64 27 sagde
684 425 116 21 inkomster
823 426 40 20 och
885 426 34 20 för

168 460 100 22 lönernas
282 460 137 28 utjemnande
433 460 8 20 i
456 460 36 21 det
506 460 54 28 syfte
576 460 35 27 jag
625 460 68 20 redan
707 460 47 20 haft
769 461 53 20 äran
833 460 86 28 antyda.

169 494 34 22 En
221 495 57 27 dylik
296 500 72 16 reserv
385 494 74 26 skulle,
475 493 66 28 vågar
556 494 39 28 jag
613 496 40 24 tro,
669 494 66 22 blifva
750 494 34 22 för
798 494 122 22 ändamålet

157 551 2 2 .
169 529 48 24 fullt
235 529 115 27 tillräcklig
369 529 39 21 och
427 529 35 21 det
479 528 68 22 måste
561 529 35 21 väl
614 536 61 14 anses
693 529 7 21 i
717 529 34 21 sin
772 529 91 28 ordning
881 531 39 25 att,

169 562 87 29 sålänge
272 570 25 14 en
311 563 122 28 statskyrka
447 563 73 26 finnes,
536 563 127 21 statsverket
678 563 61 22 äfven
753 563 8 21 i
776 563 32 22 sin
823 563 50 22 män
887 564 32 21 bi-

171 597 76 28 drager
260 597 35 22 till
310 598 69 21 denna
392 597 78 28 kyrkas
485 596 118 22 underhäll.

237 631 138 22 Beträffande
397 631 46 22 äter
464 631 103 28 bidragen
589 631 48 22 frän
659 631 186 28 församlingarne,
872 632 48 21 med

170 667 110 27 undantag
301 666 25 21 af
345 666 164 26 tertialtionden,
532 666 95 21 ansluter
646 666 39 28 jag
707 667 53 27 mig,
779 667 56 21 hvad
853 666 68 29 angär

170 701 59 22 säväl
251 697 119 25 desammas
391 701 118 27 utgörande
531 707 46 14 som
599 701 126 27 uppbörden
749 701 63 22 deraf
831 701 32 22 till
885 701 36 22 det

169 735 87 28 förslag,
272 743 46 14 som
332 735 25 21 af
370 735 40 21 den
424 735 7 21 i
449 737 72 20 ämnet
538 735 98 22 nedsatta
654 736 89 21 komitös
761 736 112 27 pluralitet
890 736 31 21 af-

171 771 76 28 gifvits,
263 770 64 21 likväl
342 770 47 21 med
405 769 66 22 sådan
486 769 127 22 åtminstone
631 770 7 21 i
656 771 55 20 form
727 771 24 21 af
763 771 158 28 önskningsmäl

170 805 84 22 uttalad
268 807 100 19 närmare
381 805 140 27 bestämning,
534 807 31 19 att
575 804 164 28 ifrågavarande
751 805 86 28 afgifter
848 806 72 26 borde,

170 840 69 21 under
253 839 138 28 iakttagande
405 839 25 21 af
443 839 40 21 den
498 839 122 28 föreslagna
637 840 200 28 klassindelningen,
853 840 69 22 såvidt

170 874 84 28 möjligt
275 874 87 28 bringas
384 874 33 20 till
438 874 145 27 likformighet
603 874 8 20 i
632 874 49 21 hela
705 874 83 27 landet;
813 875 34 21 till
861 874 61 29 följe

170 908 78 22 hvaraf
268 908 26 22 de
315 908 156 28 församlingar,
493 908 82 22 hvilkas
597 909 191 22 sammanräknade
803 910 79 28 bidrag
900 910 25 21 af

170 951 30 13 nu
218 943 127 22 omförmäld
363 942 146 22 beskaffenhet
527 943 46 21 icke
593 944 108 26 uppginge
719 944 33 20 till
771 943 36 22 det
821 944 101 28 ungefär-

170 977 45 28 liga
232 976 123 22 medeltalet
372 976 33 22 för
423 977 49 21 hela
489 976 79 26 landet,
587 977 68 21 skulle
673 976 103 29 påläggas
791 985 27 14 en
837 978 85 28 förhöjd

171 1011 108 27 taxering,
302 1012 40 20 och
366 1011 25 21 de
414 1010 51 27 åter,
489 1011 38 21 der
548 1011 112 27 afgifterne
682 1012 103 21 befunnes
807 1012 115 28 öfverstiga

172 1045 59 21 detta
245 1045 106 26 medeltal,
366 1044 55 28 finge
437 1044 83 28 åtnjuta
535 1052 26 14 en
575 1046 149 21 motsvarande
737 1046 102 28 lindring.

239 1080 32 20 De
283 1080 180 27 jordlägenheter,
478 1086 46 15 som
538 1087 29 13 nu
582 1081 37 19 äro
634 1080 32 20 till
680 1080 106 22 boställen
797 1080 22 22 åt
829 1083 93 26 prester-

172 1114 75 27 skapet
269 1113 107 28 anslagne,
396 1114 67 21 skulle
485 1114 62 21 äfven
568 1114 113 21 framdeles
705 1115 70 21 dertill
796 1115 125 22 bibehållas.

171 1147 34 21 Då
221 1147 35 21 det
273 1147 65 22 likväl
356 1148 57 21 lärer
431 1148 116 27 medgifvas
566 1150 32 19 att
611 1147 79 29 många
705 1150 21 20 at
741 1149 62 22 dessa
817 1149 106 22 boställen

171 1182 34 21 till
216 1182 128 27 jordvidden
359 1183 38 20 äro
412 1183 69 20 större
500 1184 27 19 än
545 1185 32 18 att
595 1183 152 22 innehafvaren
765 1184 42 21 kan
822 1183 23 22 åt
860 1185 62 20 deras

171 1216 117 27 tillbörliga
309 1216 103 21 skötande
434 1223 54 20 egna
509 1217 65 26 nödig
595 1218 199 25 uppmärksamhet,
816 1220 53 19 utan
891 1221 31 18 att

172 1249 71 21 dertill
257 1249 101 26 uppoffra
374 1256 25 14 en
413 1249 38 26 tid,
467 1257 46 13 som
527 1249 176 28 hufvudsakligen
714 1251 73 21 tillhör
797 1251 54 21 hans
863 1252 59 21 verk-

172 1283 83 21 samhet
272 1290 46 14 som
337 1283 141 27 själasörjare,
498 1285 55 19 samt
574 1282 13 22 å
609 1284 68 21 andra
697 1284 63 21 sidan
781 1285 142 22 förekommer

172 1319 32 19 att
219 1317 51 22 flere
285 1317 107 22 ordinarie
406 1319 83 25 prester
504 1318 67 21 sakna
582 1318 113 27 jordbruk,
711 1319 68 21 ehuru
793 1319 83 27 sådant,
888 1327 35 14 om

172 1353 40 20 ock
223 1352 35 21 till
272 1352 83 21 mindre
370 1351 91 29 omfång,
478 1353 65 28 enligt
557 1353 45 21 min
616 1353 71 27 tanke,
703 1354 138 28 ovilkorligen
856 1355 67 22 borde

172 1386 75 28 åtfölja
261 1387 74 27 hvarje
350 1387 106 21 ordinarie
471 1387 124 28 presttjenst
608 1387 29 28 på
651 1389 79 26 landet,
742 1389 67 21 skulle
820 1389 35 22 vid
865 1390 58 22 löne-

171 1421 160 29 regleringarne
348 1422 131 22 undersökas
497 1422 106 22 huruvida
621 1423 18 28 ej
658 1422 49 23 från
726 1424 25 22 de
773 1426 69 20 större
858 1424 65 23 bolen

171 1456 71 22 kunde
263 1456 98 28 utbrytas
382 1456 65 28 nödig
469 1457 61 21 mark
547 1457 34 21 till
599 1457 140 29 erforderliga
757 1465 42 21 nya
816 1459 106 22 boställen
