1009 1700
204 113 21 17 80
408 113 72 23 Nådiga
491 114 136 22 Propositionen
639 114 34 18 N:o
687 115 15 15 1.

180 177 40 21 och
241 176 152 28 bevillningens
415 176 119 28 fördelning
556 176 32 22 till
609 177 119 27 utgörande
748 184 52 15 vara
818 176 72 29 frågor
908 178 25 21 af

181 211 40 21 den
238 212 44 27 vigt
300 211 40 21 och
357 211 114 27 betydelse,
490 212 32 20 att
540 211 35 21 vid
594 211 60 21 deras
676 211 118 27 afgörande
815 218 27 15 en
863 213 69 20 större

180 244 160 29 röstpluralitet,
356 246 27 20 än
399 245 40 21 den
453 244 87 29 nådigst
553 245 127 27 föreslagna,
695 245 40 21 bör
749 245 93 28 stadgas,
856 246 8 20 i
879 245 52 22 hvil-

179 280 37 22 ket
230 280 99 22 afseende
344 279 120 22 Ständerna
481 280 83 28 antagit
582 281 32 20 att
631 280 35 21 vid
680 280 96 28 votering
794 280 7 21 i
818 279 74 29 frågor
910 280 24 21 af

180 314 63 23 ofvan
257 314 81 28 antydd
351 314 147 22 beskaffenhet
515 314 36 22 två
568 314 128 28 tredjedelar
715 315 24 21 af
756 315 26 22 de
800 315 80 27 afgifna
897 316 35 20 rö-

180 352 73 20 sterna
267 349 60 22 skola
342 349 107 22 erfordras
464 350 34 21 för
514 351 32 19 att
560 351 30 20 ett
608 349 74 29 anslag
696 350 42 20 kan
754 356 61 15 anses
829 356 53 15 vara
895 349 36 21 be-

180 384 76 28 viljadt
270 385 52 21 eller
336 384 7 21 i
358 384 64 27 öfrigt
437 386 31 19 ett
481 384 103 28 lagenligt
601 384 70 21 beslut
689 384 85 27 fattadt,
790 384 38 22 allt
845 383 29 29 på
889 385 43 21 sätt

182 420 26 21 de
225 420 8 20 i
251 418 216 23 öfverensstämmelse
488 419 89 21 härmed
599 418 159 29 omredigerade
778 419 155 27 paragraferna

181 455 99 20 närmare
294 453 75 22 utvisa.

248 488 74 28 Enligt
336 487 92 29 gammal
442 488 52 21 häfd
508 487 76 29 plägar
598 487 35 22 vid
648 487 128 22 utfärdande
790 487 24 22 af
827 487 106 28 grundlag

179 523 67 28 jemte
263 523 119 28 Regentens
401 522 135 22 stadfästelse
554 523 84 28 intagas
660 523 130 21 Ständernas
805 521 129 23 bekräftelse

182 557 24 23 af
219 557 129 27 densamma,
363 556 13 23 &
391 557 62 22 deras
467 559 81 27 vägnar
562 557 159 22 undertecknad
732 557 24 22 af
764 557 169 22 landtmarskalk

182 593 41 22 och
236 593 100 21 talemän.
366 592 100 22 Finlands
485 592 92 22 Ständer
595 599 50 15 anse
660 592 40 22 den
714 592 124 22 häfdvunna
851 592 83 22 formen

182 628 8 22 i
205 628 58 22 detta
278 627 98 23 afseende
390 626 196 28 böra
450 622 5 36 ,
466 626 120 28 bibehållas,
606 627 40 22 och
663 627 65 22 hafva
745 627 25 22 af
785 626 67 23 sådan
870 627 64 22 orsak

181 663 71 28 tillagt
266 662 107 28 inledning
386 663 39 21 och
436 662 170 22 slutbekräftelse
620 662 8 22 i
643 662 92 28 enlighet
749 662 49 22 med
812 663 41 21 den
866 662 67 22 inled-

182 698 52 28 ning
249 698 40 21 och
304 697 176 27 slutbekräftelse,
496 704 46 15 som
556 696 85 29 åtföljer
656 696 98 28 gällande
768 697 166 28 regeringsform

183 732 24 23 af
220 732 24 22 år
260 734 61 25 1772,
340 732 48 22 med
405 732 110 28 häntydan
533 733 32 21 att
584 732 68 22 denna
669 732 205 28 landtdagsordning
892 732 42 21 till-

182 768 90 21 kommit
285 766 30 29 på
330 767 71 22 derom
416 768 24 20 af
452 767 68 21 Eders
538 766 120 28 Kejserliga
674 766 102 28 Majestät
793 766 62 28 gjord
868 766 66 29 nådig

183 802 138 28 proposition.

252 836 247 28 Landtdagsordningen,
518 835 67 23 sådan
604 836 41 21 den
662 836 66 28 enligt
750 836 130 22 Ständernas
898 836 36 22 be-

183 870 44 23 slut
239 871 67 29 lyder,
320 871 84 29 bifogas
418 870 160 29 underdånigst,
594 871 40 21 och

482 925 91 19 Finlands
586 924 80 20 Ständer
676 924 110 21 framhärda
797 926 35 19 ete.

252 983 133 29 Helsingfors
401 983 40 21 den
458 985 26 19 14
498 983 44 29 Maj
560 984 60 20 1867.

252 1079 28 21 Vi
291 1078 137 22 efterskrefne
440 1078 203 22 Storfurstendömet
653 1078 100 22 Finlands
765 1078 97 27 Ständer,
874 1078 61 22 Gref-

184 1120 44 20 var,
242 1114 118 25 Friherrar,
375 1112 111 28 Biskopar,
505 1113 133 27 Ridderskap
658 1114 39 20 och
711 1113 60 26 Adel,
790 1112 144 29 Presterskap,

184 1148 135 27 Borgerskap
338 1147 40 22 och
396 1147 84 27 Menige
494 1147 102 28 Allmoge,
612 1154 46 14 som
675 1155 35 18 nu,
726 1146 14 22 å
757 1154 55 21 egna
829 1148 40 20 och
883 1146 53 23 våra

184 1181 178 23 hemmavarande
376 1181 137 22 medbröders
527 1182 87 27 vägnar,
629 1181 33 21 till
680 1181 78 22 allmän
775 1181 103 28 landtdag
892 1182 43 20 för-

186 1217 94 22 samlade
302 1218 44 24 äro,
369 1217 50 26 göre
440 1216 108 27 veterligt:
571 1217 31 20 att
624 1216 26 25 vi,
672 1216 49 21 med
742 1215 150 28 upphäfvande
913 1215 25 22 af

184 1250 224 26 Riksdagsordningen
433 1249 24 21 af
476 1250 42 20 den
540 1251 28 19 24
589 1249 89 21 Januari
702 1250 60 25 1617,
785 1249 107 22 äfvensom
913 1249 25 21 af

185 1284 43 21 alla
242 1284 68 20 andra
325 1281 81 23 sådana
420 1282 59 22 äldre
494 1283 40 20 och
549 1289 65 21 nyare
628 1282 66 27 lagar,
710 1282 116 28 ordningar
845 1282 41 21 och
900 1283 36 21 be-

184 1318 49 26 slut,
251 1324 46 14 som
314 1315 110 29 angående
442 1316 130 22 Ständernas
594 1316 171 22 sammanträden
782 1317 33 21 till
832 1316 104 29 landtdag

183 1352 115 22 utfärdade
313 1353 44 25 äro,
372 1351 88 22 härmed
474 1351 63 27 velat,
556 1351 54 22 efter
628 1350 72 22 derom
719 1350 24 22 af
758 1351 60 22 Hans
835 1351 101 28 Majestät

184 1387 104 28 Kejsaren
302 1386 41 22 och
362 1385 131 23 Storfursten
512 1386 62 28 gjord
592 1384 66 29 nådig
671 1385 139 28 proposition,
826 1386 33 22 till
873 1386 63 22 efter-

183 1420 72 23 lefnad
270 1422 79 27 antaga
366 1427 27 15 en
410 1419 206 29 landtdagsordning
634 1420 25 22 af
674 1420 94 48 följands
785 1419 93 24 innehäll
896 1422 40 21 och

184 1455 143 29 ordalydelse:
