1061 1631
179 137 26 21 12
398 136 28 23 U.
444 137 28 22 B.
488 149 27 4 —
531 136 75 29 Prop.
623 137 45 23 N:6
684 136 39 24 43.

178 206 133 28 gvarblifne
330 207 82 20 maken
429 206 51 21 från
496 209 35 18 att
547 206 56 29 ingå
618 208 54 26 nytt
687 206 136 28 äktenskap,
840 207 102 20 änskönt

178 240 85 22 sädant
285 248 28 13 ur
336 240 149 29 synpunkten
502 240 64 22 säväl
582 240 26 22 af
621 241 57 21 hans
695 248 58 21 egen
769 247 49 15 som
834 241 58 21 hans
906 239 34 22 fa-

179 275 61 28 miljs
256 275 70 28 lycka
342 275 42 21 och
400 275 104 21 utkomst
520 275 116 21 mähända
651 275 77 21 kunde
739 282 56 14 vara
806 275 8 21 i
825 275 47 28 hög
882 273 58 30 grad

180 309 111 29 önskligt,
314 312 56 18 utan
394 309 43 22 ock
452 312 35 19 att
502 313 57 24 göra
575 317 76 14 annan
667 317 84 21 person
767 309 90 22 mindre
873 309 68 21 benä-

179 351 45 22 gen
240 347 36 18 att
291 343 86 22 afsluta
393 343 117 29 giftermäl
526 343 52 22 med
594 343 45 22 den
655 343 139 22 efterblifne.
825 343 50 22 Och
889 343 53 21 icke

179 378 73 22 heller
271 378 66 21 torde
353 385 29 14 en
397 378 90 29 princip
503 378 72 21 sädan
592 385 48 14 som
657 378 45 21 den
717 385 56 21 nyss
789 377 153 23 omförmälda

179 413 80 20 kunna
283 420 66 13 anses
373 412 114 21 innefatta
508 413 73 27 något
604 412 170 28 äfventyrande
797 412 27 21 af
836 411 106 28 verkliga

180 447 234 21 samhällsintressen.
436 447 35 28 Ty
488 447 28 20 de
531 446 150 29 rubbningar,
691 446 82 22 hvilka
780 446 78 21 kunde
869 445 73 22 blifva

180 489 28 13 en
227 481 60 28 följd
302 481 67 22 deraf
382 484 40 22 att,
438 489 36 14 om
491 481 44 22 den
551 481 127 21 försvunne
694 481 129 22 sedermera
841 481 100 21 befinnes

179 523 56 14 vara
251 516 41 21 vid
308 515 34 27 lif,
358 516 39 21 det
412 523 47 21 nya
475 516 154 27 äktenskapet
640 515 147 22 betraktades
798 516 74 21 säsom
884 514 58 29 ogil-

180 550 52 29 tigt,
249 550 76 21 skulle
340 551 151 28 synbarligen
507 551 7 20 i
530 550 62 28 regel
608 550 101 28 gestalta
723 551 37 28 sig
775 549 56 22 vida
845 549 97 22 härdare

180 584 43 21 och
247 592 64 13 mera
335 585 147 28 betungande
504 585 37 20 för
563 585 110 21 makarne
693 584 43 22 och
752 585 87 20 barnen
856 584 7 21 i
879 583 65 22 detta

180 619 130 28 äktenskap
334 623 28 17 än
386 619 28 21 de
437 619 101 28 menliga
560 619 90 28 följder,
666 626 48 14 som
729 619 42 21 det
785 618 63 22 förra
864 618 79 21 äkten-

180 653 95 28 skapets
299 653 143 28 upplösande
465 653 77 21 kunde
565 653 104 22 medföra
690 653 35 22 för
745 653 45 21 den
805 653 75 21 säsom
897 652 45 21 död

181 687 103 22 ansedde
307 687 88 22 maken.
426 688 78 21 Jemte
524 687 39 22 det
579 688 121 21 Utskottet
715 689 30 27 pä
761 688 66 21 dessa
842 687 101 28 grunder

181 724 77 19 ansett
282 722 36 28 sig
341 721 55 22 böra
418 722 125 28 godkänna
567 721 195 22 ofvanomordade
785 721 97 28 princip,
902 721 42 20 har

182 756 124 21 Utskottet
327 756 58 21 dock
408 757 63 20 velat
493 756 97 29 påpeka,
605 756 109 22 hurusom
731 756 134 21 densamma
880 755 64 21 inne-

181 791 72 20 fattar
269 797 29 14 en
314 791 112 21 afvikeise
442 791 51 21 från
504 791 61 21 hvad
576 791 108 28 gällande
694 791 40 28 lag
745 791 34 21 uti
791 789 152 22 förevarande

183 825 110 21 afseende
311 825 100 28 stadgar.
442 825 82 28 Enligt
539 827 13 19 6
568 827 11 26 $
598 827 24 20 13
638 825 52 29 kap.
721 824 221 23 Giftermålsbalken

182 867 53 20 eger
260 860 118 28 nämligen
397 860 51 25 den,
464 867 47 14 som
529 861 61 20 varit
604 861 56 28 lång
675 860 34 21 tid
725 860 150 26 försvunnen,
892 867 52 13 men

182 893 131 22 sedermera
331 894 153 22 återkommer
500 895 58 20 efter
573 894 39 21 det
627 894 58 21 hans
700 894 82 21 hustru
799 894 78 28 ingått
890 896 54 25 nytt

182 928 137 29 äktenskap,
334 931 47 18 rätt
397 932 34 17 att
446 928 78 22 fordra
539 929 63 21 detta
618 929 141 28 äktenskaps
775 927 169 30 upplösande,
931 923 17 38 i

182 963 111 21 händelse
315 963 45 21 han
383 963 61 21 visar
466 963 52 28 laga
541 963 77 22 förfall
641 963 35 22 för
692 963 35 22 sin
744 963 123 22 bortavaro
883 966 61 17 samt

182 997 94 28 styrker
292 1000 35 18 att
341 997 46 21 han
403 997 50 22 icke
468 998 91 21 kunnat
573 997 65 29 gifva
654 998 106 28 kunskap
771 1005 37 14 om
819 997 44 28 sig.
889 997 55 21 Men

182 1031 84 22 härvid
283 1031 41 22 bör
340 1031 58 22 dock
414 1032 90 21 märkas
520 1032 108 21 hurusom
640 1032 40 21 vid
691 1031 190 28 dödsförklaring
891 1031 52 21 sak-

182 1066 65 28 läget
263 1066 8 21 i
287 1066 28 21 de
331 1065 67 22 flesta
413 1066 42 21 fall
471 1067 72 21 måste
559 1069 97 25 antagas
672 1066 54 21 bero
743 1066 114 28 antingen
872 1065 71 27 deraf,

182 1103 35 18 att
233 1100 53 21 från
302 1100 44 21 den
363 1100 137 21 försvunnes
511 1100 51 22 sida
573 1104 33 17 ett
617 1101 139 28 egenvilligt
767 1099 176 30 öfvergifvande

182 1135 27 21 af
221 1135 46 21 den
285 1135 70 21 andre
371 1135 82 21 maken
470 1138 39 26 egt
524 1142 57 20 rum,
596 1135 73 22 ehuru
685 1135 65 21 detta
765 1134 116 22 måhända
892 1134 51 22 icke

182 1170 46 21 kan
245 1169 100 29 styrkas,
360 1170 56 20 eller
431 1169 43 22 ock
490 1170 70 26 deraf,
575 1173 35 18 att
625 1170 164 28 försumlighet
804 1169 140 21 åtminstone

183 1204 121 21 såtillvida
329 1207 95 18 stannar
446 1204 44 21 den
514 1204 126 21 försvunne
660 1204 36 21 till
712 1204 52 25 last,
781 1207 36 18 att
831 1204 47 20 han
893 1203 51 21 icke

182 1239 90 21 lemnat
287 1239 72 27 några
375 1238 180 22 underrättelser
571 1246 35 14 om
622 1239 42 28 sig,
677 1238 98 22 oaktadt
790 1238 40 22 det
841 1238 51 21 med
902 1246 42 12 nu-

183 1272 78 22 tidens
282 1272 190 22 samfärdsmedel
488 1272 20 28 ej
524 1272 61 22 varit
600 1272 107 29 ogörligt.
739 1272 49 22 Och
804 1280 37 13 om
857 1272 39 21 det
912 1272 32 21 äf-

184 1314 45 14 ven
246 1307 47 21 kan
309 1307 47 21 låta
372 1307 71 21 tänka
458 1307 36 29 sig
509 1310 35 18 att
559 1307 8 21 i
583 1308 113 28 sällsynta
709 1306 178 29 undantagsfall
900 1306 44 22 för-

182 1342 124 21 hållandet
327 1342 50 20 icke
397 1345 25 18 är
436 1342 84 20 sådant
535 1348 48 15 som
598 1350 56 20 nyss
670 1342 122 28 antyddes,
808 1342 56 21 böra
879 1340 65 22 dessa

183 1376 42 21 fall
241 1376 61 22 dock
317 1376 51 21 icke
383 1376 93 21 komma
491 1376 8 21 i
515 1376 157 22 betraktande.
702 1376 37 29 Ty
755 1376 91 22 oafsedt
861 1378 35 19 att
906 1375 39 21 det

183 1410 83 22 tillhör
287 1410 147 28 lagstiftaren
456 1413 36 19 att
513 1410 73 22 ordna
608 1410 177 22 förhållandena
802 1410 75 22 såsvm
892 1410 52 22 dei

183 1445 64 28 regel
264 1444 98 29 gestalta
378 1444 42 29 sig,
435 1444 65 22 torde
516 1444 69 22 äfven
598 1445 7 20 i
616 1444 143 28 nyssnämda
769 1444 175 28 undantagsfall

257 1491 132 23 Lagutskottets
402 1491 110 17 betänkande
524 1491 38 17 N:o
576 1492 25 16 14.
