1061 1631
189 173 12 21 8
378 173 84 23 Ständ.
480 173 40 24 Sv.
535 187 28 2 —
579 174 73 29 Prop.
670 174 41 23 N:o
725 174 38 23 48.

532 281 28 20 11
581 281 20 26 8.

258 347 92 30 Utslag,
369 355 47 15 som
435 348 67 29 lyder
520 349 13 21 å
552 348 196 29 dödsförklaring,
761 348 60 22 skall
836 349 43 21 ock
891 349 57 20 fast-

189 382 70 21 ställa
277 382 143 29 tidpunkten
438 383 30 22 då
486 383 45 22 den
548 383 128 22 försvunne
696 390 66 15 anses
780 382 72 23 hafva
865 382 81 22 aflidit.

258 417 164 22 Förekommer
449 418 21 28 ej
498 417 51 22 skäl
576 417 37 22 till
636 420 72 19 annat
727 417 140 29 antagande,
885 417 62 28 gälle

188 451 77 22 såsom
287 451 72 22 sådan
380 451 113 29 tidpunkt
514 452 44 21 den
580 452 52 29 dag,
652 451 30 22 då
700 451 190 28 dödsförklaring
908 459 39 14 en-

187 485 46 29 ligt
259 486 14 20 2
299 485 43 22 och
364 487 14 20 3
398 487 27 26 $$
443 486 99 29 tidigast
560 487 92 21 kunnat
670 487 46 21 ske.
754 486 67 21 Dock
839 493 54 14 vare
911 485 36 22 tid

188 520 38 21 till
256 520 194 29 bouppteckning
480 521 43 22 och
554 520 273 29 testamentsbevakning
856 519 91 23 räknad

188 555 53 21 från
261 554 75 29 dagen
355 555 35 21 för
408 555 108 29 utslaget.

535 681 28 21 12
583 683 19 25 8.

256 749 51 22 Har
333 750 143 22 försvunnen
503 757 82 22 person
613 749 124 22 förklarats
758 749 37 22 för
813 749 53 28 död,
885 749 60 22 skall

186 783 82 22 härom
296 791 83 22 genom
405 789 89 17 rättens
520 785 89 28 försorg
630 785 9 21 i
658 784 118 22 allmänna
794 783 152 29 tidningarna

186 818 120 28 kungöras
327 819 9 21 i
353 819 73 22 första
444 826 120 15 nummern
582 819 37 22 för
636 821 34 19 ett
688 818 138 29 årsqvartal,
845 818 60 22 dock
923 819 21 28 ej

187 859 82 15 senare
297 857 30 17 än
347 853 40 22 det
405 853 99 28 qvartal,
522 861 49 14 som
589 861 28 14 en
635 853 85 22 månad
738 852 59 22 efter
815 852 40 22 det
875 852 69 22 utsla-

186 889 41 26 get
249 888 86 21 vunnit
357 888 55 28 laga
431 888 64 21 kraft
513 888 58 21 först
589 890 66 27 tager
674 887 35 22 sin
728 887 91 29 början,
837 887 45 22 och
899 887 45 22 för-

187 921 79 29 skjute
285 922 118 22 sökanden
421 922 138 22 kostnaden.

533 1049 30 21 13
582 1050 19 26 8.

255 1117 137 22 Kostnaden
419 1117 36 22 för
482 1117 141 22 försvunnen
641 1125 96 21 persons
756 1117 189 28 dödsförklaring

185 1151 61 22 skall
271 1151 82 29 gäldas
376 1159 28 15 ur
426 1152 60 22 hans
507 1152 188 29 qvarlåtenskap.
732 1152 87 22 Finnes
837 1152 21 29 ej
878 1159 66 21 qvar-

184 1186 131 29 låtenskap,
335 1188 83 20 stanne
436 1186 130 22 kostnaden
584 1186 121 23 sökanden
724 1186 37 22 till
779 1186 52 22 last.

533 1314 30 20 14
582 1314 20 26 8.

254 1380 71 30 Nöjes
349 1382 20 29 ej
395 1385 53 26 part
469 1383 25 21 åt
512 1382 84 29 utslag,
614 1390 48 14 som
682 1382 67 29 lyder
767 1382 14 22 å
799 1381 145 23 dödsförkla-

183 1415 54 28 ring
262 1415 56 22 eller
341 1415 152 30 hvarigenom
516 1416 132 29 ansökning
667 1424 37 14 om
723 1416 72 22 sådan
813 1416 131 28 förklaring

184 1449 114 29 afslagits,
319 1450 55 22 söke
392 1450 50 22 deri
461 1451 100 28 ändring
580 1458 82 22 genom
681 1451 90 22 besvär.
