1061 1631
196 115 14 20 4
383 114 85 23 Ständ.
485 114 39 23 Sv.
539 127 27 3 —
583 114 74 29 Prop.
674 115 41 22 N:o
731 114 38 24 31.

193 181 34 28 År
238 186 63 23 1901
309 188 89 21 senaste
406 185 170 23 åretsinkomst
612 185 150 29 27,343,000

353 220 61 23 ökad
432 220 53 22 med
504 218 73 31 7,5%
630 221 133 28 2,051,000
803 221 149 29 29,394,000

237 261 64 22 1902
309 263 90 20 senaste
407 261 61 22 årets
473 261 104 22 inkomst
612 261 150 28 29,394,000

353 295 61 22 ökad
432 295 54 22 med
504 293 73 30 7,5%
630 295 133 28 2,205,000
803 296 149 28 31,599,000

236 335 66 22 1903
309 337 91 20 senaste
406 336 62 21 årets
474 335 103 22 inkomst
612 335 150 28 31,599,000

354 369 61 22 ökad
433 369 53 22 med
504 367 71 30 7,5%
628 370 134 27 2,370,000
803 370 149 28 33,969,000

237 409 66 22 1904
309 411 91 20 senaste
406 410 62 21 årets
474 409 103 23 inkomst
612 410 150 28 33,969,000

353 443 62 23 ökad
432 444 53 22 med
504 442 73 30 7,5"”/o
607 438 13 39 =
630 445 132 27 2,547,000
802 445 150 27 36,516,000

204 277 9 12 ”

203 351 10 12 LU

203 425 10 12 ”

263 529 37 23 Dä
312 529 39 23 det
362 529 74 30 gäller
448 532 36 20 att
495 530 127 29 uppskatta
633 530 129 29 utgifterna
774 530 36 22 för
819 531 133 28 jernvägar-

193 571 42 15 nas
247 563 58 23 drift
317 564 42 22 och
371 564 123 22 underhåll
506 564 75 22 under
590 565 55 21 åren
660 565 175 27 1900—1904,
846 564 46 22 kan
905 572 46 14 me-

194 598 162 23 delresultatet
368 599 36 21 för
413 599 55 22 åren
487 594 57 38 1890
557 599 83 22 —1899
658 599 52 22 icke
720 599 125 29 tillämpas.
869 599 82 22 Denna

193 633 80 28 utgift,
300 633 106 29 uttryckt
432 633 8 22 i
466 636 97 26 procent
589 634 23 21 af
638 633 221 28 bruttoinkomsten,
883 633 68 22 har
935 629 19 37 i

194 667 111 22 medeltal
327 668 36 21 för
380 667 129 22 sistnämda
526 668 33 21 tio
579 669 25 20 är
621 668 103 29 uppgått
742 668 38 21 till
799 668 53 28 64,9
863 665 27 27 */
908 667 42 22 och

193 702 92 29 utgjort
311 702 62 29 lägst
396 703 74 28 något
487 702 64 22 öfver
570 700 69 27 60%
658 703 26 21 år
704 702 73 28 1896,
794 702 71 29 högst
880 703 33 22 70
923 700 27 27 %

193 737 56 21 ären
279 736 64 23 1892
368 736 43 22 och
431 737 72 21 1899.
539 736 36 23 Dä
593 737 40 22 det
650 737 62 21 visat
730 737 37 28 sig
785 739 36 20 att
839 737 111 22 trafikens

193 771 80 22 starka
300 771 94 29 ökning,
421 771 98 22 hvilken
544 771 9 22 i
571 771 47 28 hög
635 771 58 28 grad
711 771 146 22 framkallats
875 771 24 22 af
917 773 33 20 ta-

192 812 86 15 xornas
296 805 158 29 nedsättning,
472 805 99 22 medfört
589 813 28 14 en
636 805 105 30 stegring
760 805 24 22 af
798 805 151 22 driftkostna-

193 839 44 22 den
265 840 9 21 i
298 841 72 28 något
388 842 74 20 större
479 841 136 28 proportion
633 843 29 19 än
682 840 23 21 af
722 840 140 27 inkomsten,
881 847 67 21 synes

194 873 39 22 det
260 875 21 28 ej
303 874 87 29 rädligt
408 877 36 19 att
461 874 40 22 vid
518 874 152 29 uppgörande
689 875 22 21 af
729 874 153 22 förevarande
900 874 48 22 kal-

191 908 68 29 kyler
286 911 86 26 antaga
398 911 34 19 ett
450 908 135 29 nedgäende
604 909 24 22 af
645 909 213 29 utgiftsprocenten
875 909 73 22 under

190 942 29 22 de
248 941 70 26 70%
345 943 65 28 (eller
437 943 74 28 69,88)
529 951 49 14 som
596 944 50 21 året
665 943 64 22 1899
749 943 94 22 utvisat.
881 943 66 22 Stän-

191 976 74 23 derna
284 985 55 15 anse
356 977 41 22 det
414 977 137 30 visserligen
569 985 56 15 vara
643 978 93 29 möjligt
755 979 35 21 att
809 977 76 23 denna
896 985 50 22 pro-

190 1012 95 28 portion
312 1012 84 22 mellan
422 1012 73 29 utgift
522 1011 43 22 och
583 1012 103 22 inkomst
703 1013 22 28 ej
743 1011 113 23 behöfver
874 1012 72 22 öfver-

190 1045 99 23 skridas.
325 1047 54 21 Men
406 1046 30 22 dä
462 1047 8 21 i
493 1046 153 23 betraktande
664 1049 73 26 tages,
756 1049 36 19 att
810 1054 29 15 en
857 1046 90 29 ökning

190 1081 23 21 af
240 1081 138 28 personalen
404 1080 40 23 vid
462 1081 154 29 jernvägarne
634 1089 56 21 nyss
708 1081 80 22 blifvit
806 1081 139 29 medgifven,

188 1114 153 23 medförande
352 1116 52 21 frän
416 1116 26 21 är
457 1116 64 21 1900
531 1118 35 19 ett
575 1115 102 22 tillskott
686 1116 23 21 af
719 1115 109 30 omkring
839 1116 107 27 385,000

188 1150 68 21 mark
283 1150 9 22 i
313 1150 135 29 utgifterna,
466 1152 36 20 att
519 1158 30 14 en
565 1150 136 29 ytterligare
720 1150 91 29 ökning
829 1150 23 22 af
870 1157 75 23 perso-

188 1184 71 22 nalen
282 1184 47 24 kan
347 1184 74 22 blifva
439 1184 24 22 af
480 1184 77 22 nöden
575 1184 37 22 till
630 1184 161 22 dubbelservis
809 1185 37 21 för
863 1185 82 21 ätmin-

188 1220 67 20 stone
275 1226 29 15 en
322 1219 38 22 del
378 1219 23 21 af
418 1218 165 29 lokomotiven,
595 1222 60 19 samt
667 1221 35 20 att
713 1219 81 29 prisen
805 1220 36 21 för
853 1219 92 22 bränsle

188 1253 105 22 fortfarit
319 1256 35 19 att
380 1254 68 28 stiga,
476 1261 67 21 synes
566 1253 179 29 försigtigheten
763 1253 74 29 bjuda
855 1256 34 19 att
907 1253 38 22 be-

188 1287 75 23 räkna
292 1288 187 22 driftkostnaden
504 1289 73 27 nägot
603 1287 78 30 högre,
700 1292 30 18 än
749 1287 45 23 den
812 1288 90 29 utgjort
920 1289 25 21 är

191 1322 73 28 1899,
289 1322 58 22 eller
364 1322 37 22 till
418 1322 135 29 förslagsvis
573 1322 30 22 72
614 1320 28 26 %/
659 1322 9 22 i
686 1322 111 22 medeltal
815 1322 24 22 af
856 1322 88 22 brutto-

186 1356 160 22 inkomsterna
364 1357 36 22 för
418 1357 54 21 åren
493 1357 173 22 1900——1904.

256 1390 13 23 I
295 1391 167 29 sammanhang
478 1391 96 22 härmod
592 1391 70 22 hafva
680 1390 133 26 Ständerna
831 1393 59 18 trott
907 1391 37 29 sig

186 1425 58 22 böra
271 1426 76 32 uttala
373 1425 140 23 tvifvelsmäl
540 1425 119 29 angående
685 1425 170 29 lämpligheten
873 1425 23 23 af
914 1432 28 15 en
