1061 1631
184 151 13 21 en

394 150 34 22 in

452 150 18 14 tr

686 148 28 17 42

167 152 14 23 ja

169 222 141 22 försvunnes
325 222 73 27 make,
410 225 118 19 närmaste
540 222 138 29 skyldeman
690 223 57 22 eller
759 229 87 21 annan,
861 221 69 23 hvars

170 258 49 20 rätt
244 257 49 21 kan
313 256 23 22 af
360 256 219 29 dödsförklaringen
597 257 62 28 bero,
678 257 99 29 behörig
795 258 35 21 att
851 256 79 22 derom

171 291 89 22 ansöka
287 291 26 22 sä
339 291 43 22 ock
406 293 35 20 att
463 291 101 29 fullfölja
583 292 138 29 ansökning,
740 299 49 15 som
809 291 23 22 af
851 298 77 15 annan

171 325 93 22 inledts.

526 389 14 21 5
561 390 19 25 8.

243 437 71 25 Öfver
327 440 160 29 ansökningen
501 439 56 22 höre
569 442 77 20 rätten
660 441 44 21 den
718 441 137 22 försvunnos
865 440 66 23 make

173 475 44 22 och
243 477 117 19 närmaste
387 474 143 29 skyldeman,
550 474 41 22 der
617 475 29 21 de
673 475 9 21 i
707 474 81 23 landet
807 479 47 24 äro,
873 477 59 20 samt

173 509 138 28 syssloman,
329 509 47 29 god
394 517 53 14 man
466 509 56 21 eller
539 509 155 28 förmyndare,
708 517 37 14 om
763 509 72 22 sädan
848 513 26 18 är
885 511 47 20 satt

174 544 37 21 till
229 543 60 22 hans
308 543 206 29 angelägenheters
533 543 64 29 vård,
610 545 26 20 sä
654 544 44 22 ock
716 544 86 22 allmän
815 544 117 29 åklagare.

529 630 12 21 6
557 614 25 48 8.

246 680 49 23 Äro
319 683 113 20 sannolika
454 682 47 21 skäl
518 682 120 27 förebragta
656 683 34 27 för
707 683 25 20 de
750 682 185 27 omständigheter,

175 724 48 14 som
240 717 37 27 för
293 717 97 20 ansökan
407 724 35 13 om
460 717 171 27 dödsförklaring
649 717 114 27 erfordras,
782 716 90 21 beslute
890 718 46 19 rät-

177 753 40 20 ten
236 753 37 19 att
290 758 84 21 genom
392 750 107 28 offentlig
517 750 140 28 kungörelse
676 750 63 23 kalla
751 750 46 22 den
809 750 127 22 försvunne

177 787 36 20 att
230 785 45 22 sist
293 785 13 21 &
324 785 48 22 viss
390 785 53 28 dag,
462 794 49 12 som
529 785 20 29 ej
569 785 37 21 må
625 787 100 20 utsättas
740 785 101 28 tidigare
854 788 29 18 än
896 792 40 19 sex

177 819 113 22 månader
316 820 52 27 efter
392 821 33 20 det
448 820 88 21 beslutet
555 820 76 27 fattats
650 819 43 22 och
711 820 21 29 ej
752 827 81 14 senare
852 823 29 18 än
900 819 36 21 till

178 854 44 21 den
242 853 116 22 ordinarie
386 853 190 29 rättegängsdag,
595 861 49 14 som
667 857 48 18 natt
733 855 38 21 och
791 855 27 20 är
839 853 99 22 derefter

178 889 59 21 först
264 889 100 26 infaller,
384 888 92 22 anmäla
504 889 35 28 sig
560 888 42 22 hos
620 890 78 20 rätten
717 888 40 22 vid
776 889 108 28 äfventyr
903 890 35 20 att

178 923 47 22 han
253 923 56 28 eljes
336 923 88 27 varder,
450 922 40 21 der
514 923 20 28 ej
553 923 54 28 laga
626 923 83 21 hinder
726 930 82 22 yppas,
827 923 28 28 af
869 925 69 19 rätten

179 957 79 30 (utesl.)
281 957 36 22 för
335 957 46 22 död
399 957 124 22 förklarad.

248 991 165 29 Kungörelsen
440 991 61 22 skall
528 991 44 22 ock
598 991 119 23 innehälla
736 991 147 30 uppmaning
901 991 37 22 till

179 1026 53 27 alla,
251 1033 51 15 som
328 1026 81 21 kunna
435 1025 77 23 lemna
533 1025 144 30 upplysning
694 1026 118 22 huruvida
831 1025 45 23 den
893 1026 45 21 för-

179 1067 92 15 svunne
297 1060 73 22 lefver
390 1061 56 21 eller
464 1064 26 18 är
508 1059 53 29 död,
581 1062 34 20 att
632 1061 64 21 inom
714 1069 87 14 samma
820 1061 35 21 tid
873 1060 65 28 gifva

179 1095 40 21 det
236 1097 80 20 rätten
335 1095 122 22 tillkänna.

535 1171 12 21 7
568 1172 19 25 S.

249 1222 165 29 Kungörelsen
433 1222 60 22 skall
512 1222 76 22 anslås
607 1223 13 21 å
632 1224 89 20 rättens
735 1222 54 22 dörr
801 1222 44 22 och
856 1230 83 21 genom

180 1256 135 22 sökandens
343 1256 83 29 ätgärd
444 1255 87 23 införas
550 1259 30 19 tre
596 1257 81 28 gänger
694 1258 10 20 i
720 1257 115 21 allmänna
854 1257 84 21 tidnin-

178 1298 78 21 garna,
276 1291 65 21 deraf
360 1299 28 14 en
407 1292 64 28 gång
488 1292 8 21 i
514 1291 73 21 första
604 1298 121 15 nummern
743 1292 36 27 för
797 1294 28 19 ett
837 1292 101 27 ärsgvar-

181 1326 35 27 tal,
235 1326 53 21 dock
314 1326 20 28 ej
358 1334 75 14 senare
459 1329 30 18 än
512 1327 33 20 det
563 1326 89 28 gvartal,
671 1333 49 15 som
738 1333 30 14 en
786 1325 86 22 månad
889 1326 53 28 efter

179 1361 35 21 det
231 1360 70 22 beslut
318 1368 35 14 om
371 1361 138 28 kungörelsen
527 1361 75 27 fattats
620 1360 58 22 först
696 1363 59 25 tager
771 1361 38 21 sin
827 1361 80 27 början.

249 1394 90 26 Ratten
368 1402 43 21 ege
436 1394 50 28 ock,
505 1394 42 22 der
564 1394 46 22 den
628 1394 95 29 pröivar
735 1394 92 22 -sådant
846 1404 54 12 vara
914 1395 28 22 ai

181 1428 84 29 nöden,
283 1429 141 22 föreskrifva
444 1429 168 29 kungörelsens
630 1428 123 23 införande
772 1428 86 30 jemväl
876 1430 8 20 i
904 1436 38 15 an-

180 1470 48 14 nan
248 1463 103 29 tidning.
930 1459 2 3 |

252 1507 150 23 Lagutskottets
416 1507 119 18 betänkande
547 1507 41 18 N:o
600 1508 28 16 14.
