1061 1631
192 120 11 19 2
380 118 85 23 Ständ.
482 118 39 23 Sv.
537 130 28 5 —
580 119 74 28 Prop.
669 119 43 23 N:o
727 119 37 23 81.

260 189 12 22 I
299 189 65 23 detta
389 190 89 29 förslag
505 194 25 18 är
551 190 155 22 öfverskottet
723 190 9 22 i
749 189 87 24 fonden
853 189 41 23 vid
911 192 37 20 ut-

190 225 95 28 gången
304 225 23 22 af
339 224 159 23 innevarande
509 225 157 28 finansperiod
679 224 130 23 beräknadt
821 227 37 20 att
869 225 80 29 uppgå

190 259 44 28 till,
261 259 9 21 i
297 259 71 22 rundt
394 259 40 28 tal,
463 259 149 28 18,660,000
630 259 73 28 mark,
722 259 44 22 och
783 259 165 22 trafikvinsten

189 293 53 22 från
269 294 157 28 jernvägarna
447 293 75 22 under
539 293 135 23 förenämda
692 294 52 29 fyra
762 294 26 21 år
805 293 143 30 uppskattad

190 328 37 21 till
245 327 172 30 sammanlagdt
434 328 151 28 38,263,000
603 329 72 21 mark.

259 362 64 22 Enär
349 370 81 14 senare
456 362 301 29 räkenskapsafslutningar
775 369 96 15 numera
890 362 58 22 före-

189 397 72 29 ligga,
289 396 42 23 har
355 396 142 23 Ständernas
516 397 157 22 Statsutskott
690 397 113 30 uppgjort
821 404 29 15 en
867 404 39 21 ny,
926 397 23 22 af

190 431 133 22 Ständerna
349 431 110 29 godkänd
485 431 82 29 kalkyl
589 431 65 22 öfver
672 431 44 22 den
735 431 144 29 behållning,
899 439 49 14 som

188 465 48 22 kan
259 473 58 14 vara
335 468 34 19 att
387 466 105 29 påräkna
510 466 8 21 i
535 465 301 23 kommunikationsfonden
855 465 41 22 vid
914 465 35 22 in-

188 501 95 28 gången
301 500 24 22 af
342 501 25 21 år
387 500 71 22 1901.
488 500 51 22 Den
558 501 30 28 på
606 500 77 23 denna
701 500 82 29 kalkyl
803 499 145 23 inverkande

188 534 164 23 trafikvinsten
380 535 23 21 af
431 535 215 29 statsjernvägarna
664 535 36 22 för
718 536 26 21 år
765 535 65 22 1900
849 534 43 22 har
911 534 37 22 be-

188 569 97 22 räknats
313 569 57 22 efter
397 577 87 14 samma
508 569 102 28 grunder
629 577 49 14 som
697 570 170 29 jernvägarnas
885 569 65 22 vinst

188 603 35 22 för
241 603 56 22 åren
318 603 174 22 1901—1904.

319 773 336 22 Kommunikationsfondens
672 773 147 22 inkomster.

257 845 213 28 Statsjernvägarnas
488 845 123 28 trafikvinst
628 848 26 18 är
671 845 9 21 i
698 843 45 23 den
759 843 88 30 nådiga
859 851 87 22 propo-

186 879 101 21 sitionen
315 877 118 24 beräknad
456 879 9 22 i
482 879 63 22 vissa
563 881 96 26 procent
677 879 24 22 af
718 879 168 28 jernvägarnas
906 886 38 15 an-

186 913 224 29 läggningskapital,
429 913 85 22 sådant
530 913 65 22 detta
613 913 80 22 ställer
710 913 37 29 sig
765 912 30 23 då
813 913 37 22 till
866 913 28 22 de
908 920 36 15 ur-

186 948 139 29 sprungliga
352 947 313 30 anläggningskostnaderna
691 947 81 30 lägges
795 946 40 23 det
850 947 94 29 belopp,

186 990 49 15 som
262 982 37 22 för
324 982 81 29 hvarje
432 983 26 21 år
478 981 107 30 nedlagts
604 982 8 22 i
630 981 255 30 nybyggnadsarbeten
904 981 40 22 vid

186 1017 27 21 de
240 1016 94 29 färdiga
359 1017 105 22 banorna
490 1016 44 23 och
561 1017 30 28 på
617 1016 45 22 den
688 1017 87 28 rörliga
796 1015 148 23 materielens

186 1051 96 29 ökning.

253 1085 66 23 Utan
336 1087 35 20 att
379 1085 154 22 underkänna
550 1085 41 22 det
608 1085 151 29 berättigade
769 1085 8 22 i
787 1084 65 23 detta
862 1085 81 22 beräk-

184 1120 125 29 ningssätt,
326 1119 42 23 har
378 1119 39 22 det
423 1119 74 22 likväl
510 1122 88 20 ansetts
609 1127 55 14 vara
676 1120 23 22 af
709 1119 76 22 nöden
795 1122 36 20 att
840 1119 103 22 beräkna

184 1155 165 22 trafikvinsten
376 1154 69 22 äfven
472 1155 59 21 efter
556 1162 30 14 en
612 1162 78 14 annan
717 1154 84 30 grund,
824 1154 118 28 nämligen

184 1197 85 21 genom
288 1191 36 20 att
340 1192 84 19 utröna
442 1189 223 22 bruttoinkomstens
684 1189 107 29 stegring
808 1189 26 21 år
846 1188 58 22 efter
917 1189 25 21 år

184 1224 8 21 i
219 1226 97 26 procent
343 1224 23 21 af
392 1223 40 22 det
455 1223 139 29 föregående
612 1224 62 21 årets
693 1224 110 27 inkomst,
821 1222 75 23 under
913 1230 29 14 en

183 1258 59 30 följd
270 1258 23 22 af
319 1258 33 22 tio
379 1258 32 28 år,
438 1257 44 23 och
500 1258 106 29 tillämpa
622 1257 135 23 medeltalet
775 1258 24 22 af
817 1257 67 22 dessa
902 1257 40 22 ök-

184 1293 193 29 ningsprocenter
402 1293 30 28 på
459 1292 28 22 de
514 1292 137 22 kommande
679 1293 62 27 åren,
765 1294 60 20 samt
843 1292 51 22 från
913 1291 29 22 de

184 1326 99 23 sålunda
309 1326 157 30 uppskattade
494 1326 239 23 bruttoinkomsterna
761 1326 96 29 afdraga
875 1326 66 22 drift-

183 1361 138 28 kostnaden,
343 1361 118 22 beräknad
481 1362 30 29 på
530 1364 47 19 sätt
593 1361 43 23 här
653 1361 78 23 nedan
749 1360 60 23 skall
827 1360 113 30 angifvas.

251 1396 51 22 För
317 1396 29 22 de
364 1397 32 26 år,
414 1395 75 23 under
505 1396 82 22 hviika
604 1405 29 13 en
651 1404 33 21 my
702 1396 63 22 bana
782 1395 62 23 blott
861 1402 29 15 en
902 1394 37 23 del

183 1431 23 21 af
229 1431 52 22 året
298 1430 139 28 trafikerats,
456 1430 42 23 har
516 1430 76 23 denna
609 1430 73 23 banas
700 1430 105 22 inkomst
822 1428 118 24 uteslutits
