1061 1631
224 138 28 20 48
450 136 22 23 U.
490 136 22 22 B.
528 149 29 3 —
573 136 64 28 Prop.
654 136 37 23 N:o
707 136 39 23 30.

440 202 55 28 ning
517 202 127 28 godkännes
668 202 35 21 till
717 202 119 27 utförande
852 202 72 22 under
943 202 33 22 in-

440 238 127 21 stundande
577 238 168 27 finansperiod;
761 239 63 21 samt

514 275 31 20 att
564 273 36 28 för
616 274 75 21 denna
707 274 58 21 bana
781 274 109 21 beräknas
905 281 27 14 en
946 275 30 20 to-

444 309 126 22 talkostnad
587 312 23 25 af
625 310 135 27 10,060,000
775 310 70 21 mark.

732 375 22 23 E.
771 375 22 23 G.
811 375 93 23 Palmen.

299 439 185 24 Undertecknad
502 439 92 23 förenar
611 441 37 28 sig
664 447 38 16 om
718 440 170 23 ofvanstäende
904 447 72 16 reser-

225 476 92 22 vation:

751 512 22 23 0.
791 512 21 23 E.
829 513 75 22 Könni.

299 577 10 22 I
325 576 171 23 ofvanstäende
515 577 149 34 reservation,
681 577 36 22 för
733 577 27 22 sä
775 577 52 22 vidt
843 577 45 22 den
904 577 73 29 gäller

226 613 146 29 järnvägens
397 613 99 22 ledande
520 619 85 23 genom
630 613 136 23 Ostermark
789 613 35 22 till
841 613 85 28 Kaskö,
942 614 34 21 in-

227 649 116 22 stämma:

289 714 52 23 Onni
358 715 105 22 Hallsten.
494 715 16 22 J.
526 715 15 22 J.
557 715 145 22 Westerlund.
733 715 54 23 Juho
804 715 113 23 Pitkänen.

586 852 34 22 11.

301 899 36 22 Då
353 895 92 38 Nyslott
458 895 167 38 —Elisenvaara
641 899 79 22 banan
735 899 54 22 icke
800 899 112 22 behöfver
922 899 55 23 fort-

228 936 77 21 sättas
322 935 35 22 till
373 941 55 16 vare
445 935 37 28 sig
497 935 167 29 Lahdenpohja
680 935 56 22 eller
746 935 142 29 Kronoborg,
900 935 78 22 därest

228 977 31 16 en
272 971 104 29 järnväg
387 970 53 23 frän
451 971 113 23 Kexholm
578 971 35 22 till
624 971 99 29 lämplig
733 971 77 29 punkt
822 971 31 29 pä
864 971 114 22 Karelska

228 1006 87 28 banan,
332 1007 77 22 säsom
426 1007 116 29 antagligt
558 1009 32 25 är,
606 1007 64 22 inom
686 1013 29 16 en
730 1009 59 20 nära
805 1006 97 23 framtid
912 1007 66 22 kom-

231 1049 52 16 mer
299 1042 35 23 till
350 1042 76 28 ständ,
442 1042 97 23 föreslär
551 1043 44 29 jag
610 1043 130 22 vördsamt:

516 1099 33 19 att
572 1097 118 22 Utskottets
712 1097 117 21 uttalande
846 1097 82 27 därom,
946 1099 33 20 att

443 1133 140 28 Regeringen
591 1133 9 21 i
607 1133 72 22 sinom
687 1133 33 22 tid
727 1133 58 22 skall
793 1133 113 28 förelägga
914 1133 64 22 Stän-

446 1169 70 21 derna
526 1169 84 28 förslag
620 1177 34 14 om
662 1169 113 29 byggande
784 1169 28 27 af
817 1176 27 14 en
852 1169 126 21 hamnbana

446 1205 106 28 antingen
567 1205 53 27 frän
636 1205 150 22 Elisenvaara
802 1205 53 21 eller
871 1204 56 22 Alho
944 1204 35 22 till

443 1240 130 28 Kronoborg
596 1241 54 21 eller
674 1242 37 20 ock
733 1241 56 27 från
808 1240 120 22 Jaakkima
944 1240 35 22 till

444 1276 166 28 Lahdenpohja,
635 1276 45 22 icke
705 1276 64 22 borde
786 1276 88 28 intagas
889 1276 9 21 i
914 1276 64 22 Stän-

445 1313 82 21 dernas
541 1312 185 28 svarsskrifvelse.

676 1378 53 22 Emil
745 1377 162 29 Schybergson.

299 1461 124 23 Helsingfors,
436 1461 59 17 Finsk
508 1461 102 18 Tidskrifts
623 1461 92 22 Tryckeri
728 1460 122 24 Aktiebolag,
865 1461 49 17 1900.
