1061 1631
196 122 15 21 8
506 122 39 22 N:o
562 124 34 20 33.

522 216 27 20 20
565 215 20 27 8.

240 259 152 22 Vattenränna
418 260 51 21 eller
497 261 165 27 vattenledning
688 261 56 21 skall
770 266 54 16 vara
845 260 89 22 försedd

170 294 51 21 med
235 295 128 26 inrättning,
379 301 46 15 som
440 295 134 28 förebygger,
591 297 33 20 att
639 295 41 22 fisk
694 296 123 21 inkommer
831 295 8 22 i
848 298 86 19 vatten-

171 328 72 28 hjulen
261 329 51 21 eller
327 329 197 28 vattenledningen.
549 330 94 27 Utgöres
658 331 151 26 inrättningen
825 329 23 22 af
861 330 73 21 enkelt

171 363 62 22 rissel
257 363 60 22 öfver
339 364 217 27 inloppsöppningen,
576 365 34 21 får
629 365 110 21 afståndet
755 365 79 21 mellan
849 364 84 21 risslets

171 397 83 22 stafvar
277 398 50 26 icke,
343 398 115 28 öfverstiga
478 399 105 27 tjugufem
600 399 57 27 eller,
674 400 37 21 der
727 399 73 22 risslet
816 399 117 27 anbringas

173 432 99 21 ofvanom
287 433 103 27 inloppet,
406 433 76 22 trettio
498 433 127 22 millimeter.

239 466 102 27 Eftergift
362 467 1 21 i
379 474 29 15 nu
424 467 79 22 nämda
522 467 120 28 skyldighet
660 468 42 21 kan
715 467 67 22 likväl
792 467 95 27 beviljas,
899 473 35 15 om

171 501 125 28 synnerliga
311 502 46 21 skäl
373 504 43 19 äro.

240 535 34 22 Då
296 536 71 27 kanal,
387 536 164 27 vattenledning
571 537 51 20 eller
637 536 82 27 fiskväg
734 536 129 27 torrlägges,
879 535 55 22 skall

172 569 47 27 fisk,
235 576 46 16 som
298 571 45 21 deri
357 570 75 27 finnes,
448 573 78 24 genast
541 571 113 28 utsläppas
670 571 6 21 i
692 572 93 20 vattnet.

519 665 26 19 21
563 663 18 27 8.

241 709 121 27 Förbjudet
384 715 51 16 vare
454 711 33 20 att
506 709 58 21 inom
579 709 202 28 fredningsområde
797 708 52 21 eller
864 709 6 20 i
886 708 49 21 dess

175 743 77 22 närhet
267 743 98 28 företaga
380 743 133 28 sprängning
529 743 51 22 eller
595 745 73 25 annat,
685 749 46 16 som
747 745 48 20 stör
810 742 80 22 fiskens
900 742 36 21 lek

176 777 51 22 eller
242 778 85 27 ynglets
343 777 92 22 trefnad.

245 811 42 22 Vid
304 812 49 21 färd
367 818 77 21 genom
460 811 51 22 eller
526 811 55 22 förbi
596 811 202 28 fredningsområde
813 810 55 22 skall
884 811 52 26 ång-

175 846 72 27 fartyg
262 847 27 26 gå
304 847 48 21 med
367 847 98 27 långsam
480 847 49 20 fart.

526 933 27 20 22
569 932 19 27 8.

245 978 74 22 Under
343 979 31 20 tid
397 979 27 20 då
446 979 68 20 fisken
537 979 67 26 stiger
623 985 50 14 vare
694 979 39 20 ock
753 977 112 28 förbjudet
882 977 56 21 att
927 973 15 38 i

178 1014 116 26 åmynning
314 1013 50 22 eller
385 1013 47 22 dess
448 1013 78 22 närhet
541 1013 97 27 företaga
654 1013 85 26 sådant,
757 1019 47 14 som
820 1012 119 21 skrämmer

179 1047 67 22 fisken
263 1047 51 22 eller
330 1047 60 28 eljest
405 1047 89 22 hindrar
510 1048 48 21 dess
574 1047 104 28 stigande.

528 1140 26 20 23
570 1139 18 27 &.

247 1186 24 27 Ej
289 1186 35 21 må
339 1186 71 27 någon
422 1186 106 21 öfverfara
538 1185 153 26 fiskeredskap,
703 1191 47 15 som
762 1186 25 18 är
798 1185 72 19 utsatt
880 1185 60 19 utom

178 1220 117 28 behörigen
317 1221 115 27 utprickad
453 1220 69 22 farled
545 1220 46 25 ochj
606 1220 82 21 utvisas
711 1219 23 21 af
756 1218 79 27 tydligt
860 1218 81 21 märke.

180 1255 75 21 Såsom
271 1255 78 21 sådant
365 1256 73 20 märke
454 1261 62 15 anses
531 1255 7 21 i
555 1254 89 27 saltsjön
660 1254 62 21 mörk
738 1253 79 27 flagga,
833 1253 17 26 ej
863 1252 79 21 under-

182 1290 99 26 stigande
299 1290 61 26 tjugu
379 1290 125 21 centimeter
519 1290 7 20 i
541 1289 92 27 qvadrat
648 1288 39 22 och
703 1288 74 21 fästad
794 1288 13 20 å
822 1286 57 26 flöte,
896 1292 46 16 som

180 1325 85 27 skjuter
288 1324 65 21 minst
372 1330 26 15 en
416 1324 46 21 half
478 1325 72 22 meter]
566 1323 214 27 öfvergvattenytan,
798 1321 39 21 och
852 1322 7 20 i
875 1323 67 19 annat

180 1360 75 20 vatten
275 1358 51 22 flöte
347 1358 22 21 af
386 1358 66 22 minst
468 1364 25 15 en
509 1358 46 21 half
568 1360 78 19 meters
662 1357 51 27 höjd
729 1356 61 21 öfver
806 1357 136 25 vattenytan.

249 1386 120 34 Ångfartyg
384 1393 36 21 mä
434 1393 18 27 ej
464 1393 28 27 gå
503 1394 98 20 uärmare
612 1392 68 22 sådan
690 1390 151 27 fiskeredskap
853 1392 26 16 än
890 1390 53 20 fem-

182 1428 30 20 tio
228 1429 76 24 meter,
321 1427 37 21 der
374 1427 36 21 det
425 1427 43 21 kan
484 1427 111 21 undvikas.
