1061 1631
246 126 13 19 6
475 124 23 23 U.
515 125 22 22 B.
553 138 30 2 —
599 124 64 29 Prop.
680 125 37 23 N:o
733 125 38 23 30.

518 333 203 28 Reservation.

318 415 36 24 Då
377 415 122 23 Utskottet
520 415 86 23 saknat
625 415 92 24 formell
733 415 78 30 grund
826 416 36 22 för
878 423 116 16 samman-

241 452 137 29 jämkning,
402 454 58 20 enär
480 451 40 23 två
540 451 70 23 stånd
630 453 95 21 stannat
746 453 49 21 mot
814 451 46 28 två,
877 453 62 21 samt
955 452 40 23 Ut-

245 487 102 23 skottets
369 487 100 29 tidigare
491 487 89 29 förslag
599 487 52 23 icke
672 487 42 23 bör
735 487 110 30 tilläggas
867 487 44 22 den
932 487 62 29 bety-

245 523 73 27 delse,
343 524 34 21 att
398 523 39 22 det
457 524 8 21 i
486 523 43 22 och
549 523 36 22 för
605 524 38 28 sig
666 523 77 22 skulle
766 525 85 27 utgöra
867 523 76 29 grund
959 523 36 22 för

245 559 244 29 sammanjämkning,
501 565 54 16 men
567 559 131 22 Ständerna
709 559 130 22 emellertid
849 559 53 22 icke
914 559 81 22 kunna

245 594 83 23 skrida
352 595 34 22 till
410 595 86 22 sådant
516 594 84 27 beslut,
621 601 51 16 som
691 596 8 21 i
715 598 28 19 74
760 595 13 28 &
790 595 24 22 L.
831 594 25 23 O.
873 594 122 29 angående

245 630 148 23 tillsättande
414 630 25 23 af
459 630 113 23 förstärkt
593 630 90 23 utskott
702 630 144 27 förutsättes,
863 631 72 22 innan
951 630 44 22 för-

245 666 45 23 sök
313 666 35 23 till
368 666 235 29 sammanjämkning
626 667 87 29 gjorts,
729 665 60 23 hade
808 666 117 23 Utskottet
944 665 52 23 bort

245 701 134 24 framställa
399 702 88 29 förslag
507 702 35 22 till
563 702 77 29 saklig
660 701 236 30 sammanjämkning
916 701 25 23 af
958 701 37 23 be-

246 737 78 23 sluten
341 737 75 30 enligt
427 737 46 23 den
481 737 84 30 grund,
577 739 35 21 att
622 737 46 23 den
680 737 228 29 sydösterbottniska
917 737 78 22 banan

245 773 131 30 förgrenas,
397 773 59 23 dock
478 773 52 22 icke
549 773 53 23 från
618 773 140 30 Kauhajoki,
774 776 58 19 utan
848 773 52 22 från
916 779 78 16 annan

245 809 129 29 västligare
390 809 78 29 punkt
483 809 35 22 till
534 809 66 22 såväl
616 808 157 23 Kristinestad
789 815 50 16 som
851 808 88 27 Kaskö;
952 808 43 23 och

246 844 38 23 fär
297 847 44 28 jag
356 845 61 29 förty
433 845 121 22 vördsamt
570 844 94 23 föreslä:

533 912 31 20 att
579 910 335 29 sammanjämkningsförslaget
924 909 9 22 i
944 910 51 21 den-

461 953 30 15 na
510 946 65 28 fräga
596 946 175 22 äterremitteras
790 946 35 21 till
839 945 106 22 Utskottet
960 945 36 27 för

461 983 143 27 uppgörande
620 982 28 27 af
660 984 49 26 nytt
722 981 273 28 sammanjämkningsför-

462 1018 48 28 slag
526 1018 8 21 i
550 1018 66 27 ofvan
631 1017 131 28 framstäldt
778 1017 64 28 syfte.

696 1119 51 22 Emil
763 1118 161 29 Schybergson.

316 1453 124 22 Helsingfors,
454 1452 58 18 Finsk
526 1452 102 17 Tidskrifts
641 1452 92 22 Tryckeri
746 1450 121 23 Aktiebolag,
882 1450 50 18 1900.
