1061 1631
316 163 72 23 Ständ.
405 163 35 22 Sv.
458 177 25 2 —
500 163 61 28 Prop.
578 163 34 24 N:o
628 164 36 22 37.
853 168 12 19 3

179 226 9 21 I
213 226 100 28 enlighet
335 226 51 21 med
410 226 70 22 ofvan
502 226 136 22 framhållna
661 227 142 29 synpunkter
825 228 42 22 har

110 260 124 21 innehållet
256 260 26 22 af
303 263 10 18 1
337 261 14 28 $
376 263 9 18 1
408 268 67 14 mom.
492 261 98 31 ändrats,
604 261 70 28 jemte
690 261 38 22 det
743 265 123 19 momentet

110 294 73 21 tillika
197 295 7 20 i
219 295 60 21 vissa
295 295 122 21 afseenden
434 295 161 22 omstiliserats.

178 329 35 21 De
236 329 33 21 uti
291 331 14 19 3
325 329 14 29 8
354 329 120 28 ingående,
490 329 51 22 från
557 329 105 28 gällande
677 333 45 18 rätt
738 332 25 19 sä
777 333 88 20 väsent-

109 363 43 28 ligt
174 363 122 22 afvikande
318 363 201 29 bestämningarna
537 371 35 14 om
588 364 103 21 vilkoren
706 364 37 22 för
757 365 70 22 skifte
842 365 25 22 af

109 397 107 24 samfäldt
240 400 79 19 vatten
342 398 76 25 hafva,
442 400 74 19 såsom
538 399 6 20 i
570 399 170 28 propositionen
761 400 103 28 antydes,

109 432 130 21 tillkommit
260 433 51 20 med
326 433 91 28 hänsyn
434 433 36 20 till
484 433 179 28 uppfattningen
678 436 33 18 att
726 433 79 29 hvarje
820 437 44 18 sär-

109 467 70 21 skildt
200 467 171 21 vattenområde
394 467 70 21 borde
486 467 124 22 innehafva
632 475 28 13 en
683 467 69 22 sådan
771 469 93 21 minimi-

109 501 92 26 storlek,
225 503 33 19 att
280 501 61 22 inom
364 501 124 22 detsamma
510 501 57 22 fiske
588 503 73 20 såsom
677 509 28 14 en
720 502 144 29 sjelfständig

108 535 83 28 näring
205 535 76 22 kunde
297 536 50 21 med
362 535 123 29 framgäng
500 535 122 22 bedrifvas.
653 536 127 22 Ständerna
795 537 69 21 hafva

109 569 132 27 emellertid,
257 572 74 19 säsom
349 570 70 22 ofvan
435 570 100 29 antydts,
552 573 74 18 ansett
641 573 33 18 att
689 571 67 21 fisket
771 571 40 21 hos
827 578 36 15 oss

109 611 54 20 eger
178 605 34 20 sin
233 607 82 19 största
331 605 117 28 betydelse
464 607 74 20 säsom
554 605 105 28 binäring
674 605 34 21 till
721 605 141 28 jordbruket.

107 639 85 28 Mänga
214 639 26 21 af
260 640 27 20 de
310 639 220 26 missförhällanden,
553 647 48 14 som
623 647 32 13 nu
677 639 91 22 vidläda
789 639 73 26 fisket,

107 673 77 21 kunde
204 673 85 28 jemväl
311 673 113 29 afhjelpas
446 681 83 20 genom
551 676 33 19 att
606 674 8 21 i
633 673 67 29 fräga
716 681 37 14 om
768 676 95 19 vattnen

108 707 45 22 den
176 708 101 21 enskilda
293 709 163 28 eganderätten
472 708 89 21 komme
577 708 34 21 till
626 710 71 19 större
711 708 107 28 giltighet
833 711 29 18 än

107 749 49 14 som
178 742 45 21 kan
239 743 46 25 ske,
301 745 24 19 sä
340 743 67 28 länge
424 743 38 20 det
477 743 131 21 nuvarande
624 742 238 29 sameganderättsför-

107 776 116 22 hällandet
237 777 141 21 beträffande
394 777 51 21 dem
460 777 8 21 i
483 777 62 28 regel
560 777 129 21 fortbestär.
708 777 82 21 Dertill
801 777 60 21 kom-

106 817 54 19 mer,
176 813 33 19 att
231 811 148 28 möjligheten
402 811 26 22 af
448 811 89 22 enskild
561 811 77 21 andels
661 811 136 28 utbrytning
819 811 43 21 och

106 844 91 22 dermed
219 845 102 28 följande
343 845 68 22 friare
434 845 192 28 dispositionsrätt
649 845 64 22 öfver
733 845 104 28 grunden
855 845 7 21 i

107 879 109 22 särskilda
231 880 70 21 andra
316 880 124 21 afseenden
452 882 25 19 är
488 879 25 22 af
526 882 71 19 större
614 879 115 28 betydelse
740 882 28 19 än
780 879 82 22 beträf-

106 913 69 22 fande
196 914 73 21 fisket.
299 914 53 21 Med
375 914 91 28 hänsyn
489 914 75 21 härtill
584 914 70 21 hafva
670 913 127 22 Ständerna
812 913 49 22 icke

106 947 88 22 kunnat
208 949 80 21 förena
303 949 35 28 sig
354 956 36 14 om
407 956 28 14 en
452 950 25 19 sä
491 949 65 28 långt
571 948 88 28 gående
674 948 165 28 inskränkning
855 948 7 20 i

106 983 168 28 befogenheten
297 985 33 19 att
344 983 98 21 utverka
458 983 75 25 skifte,
550 989 48 14 som
613 981 167 22 fastställandet
795 982 26 21 af
833 989 28 14 en

105 1017 141 22 minimividd
272 1017 36 22 för
331 1017 27 22 de
374 1017 104 22 enskilda
492 1017 98 21 lotterna
604 1016 116 26 innebure,
736 1018 55 19 utan
806 1018 56 19 trott

105 1051 36 28 sig
163 1051 54 22 böra
239 1052 100 21 vidhålla
361 1051 107 29 gällande
488 1051 49 28 lags
553 1051 7 21 i
577 1053 10 18 1
604 1051 14 28 $
634 1053 26 18 17
676 1051 51 28 kap.
743 1051 26 22 B.
785 1051 26 20 B.
828 1053 33 18 ut-

105 1086 73 21 talade
201 1086 128 28 grundsats,
350 1089 33 18 att
398 1088 75 19 rätten
489 1085 35 21 till
539 1085 69 22 skifte
624 1085 25 21 af
662 1085 106 21 samfäldt
783 1087 78 19 vatten

105 1121 50 20 icke
178 1120 69 22 borde
263 1128 54 14 vara
332 1120 156 22 underkastad
503 1127 75 14 annan
593 1119 160 29 begränsning,
769 1122 29 18 än
813 1125 48 15 som

105 1155 104 28 betingas
232 1155 25 21 af
274 1155 206 28 nödvändigheten
496 1157 32 19 att
543 1154 80 22 härvid
638 1156 54 26 taga
707 1154 90 28 hänsyn
813 1153 47 21 der-

105 1190 40 25 till,
162 1192 33 18 att
209 1190 50 21 icke
275 1190 87 21 enskild
378 1189 106 28 delegare
500 1191 36 19 mä
550 1188 46 22 lida
611 1188 100 28 förfäng,
722 1196 29 13 en
766 1188 94 21 bestäm-

104 1224 57 28 ning
184 1231 47 14 som
247 1224 69 21 redan
332 1224 8 21 i
354 1224 44 21 och
413 1223 36 22 för
465 1224 36 27 sig
515 1222 95 22 innebär
626 1230 28 14 en
668 1222 50 22 icke
733 1222 128 27 oväsentlig

105 1258 88 28 garanti
215 1261 47 19 mot
284 1258 137 28 utbrytning
444 1257 26 22 af
492 1257 154 25 skifteslotter,
665 1264 48 14 som
729 1264 82 20 genom
826 1256 35 21 sin

105 1292 65 28 ringa
184 1292 85 22 storlek
283 1300 54 14 vore
353 1292 129 28 olämpliga.

172 1326 45 22 För
240 1326 70 29 öfrigt
332 1326 70 22 hafva
424 1326 135 26 Ständerna,
582 1327 30 27 pä
634 1325 56 26 skäl,
705 1332 48 14 som
768 1325 33 21 uti
817 1324 44 22 den

104 1361 155 28 underdäniga
281 1360 202 22 svarsskrifvelsen
505 1360 7 21 i
535 1360 124 28 anledning
674 1359 26 21 af
712 1359 83 28 nädiga
810 1366 51 21 pro-

103 1395 128 29 positionen
257 1395 42 21 N:o
325 1397 28 19 39
378 1394 113 29 angifvas,
518 1396 74 19 ansett
614 1394 70 21 ofvan
709 1393 92 22 berörda
823 1392 37 22 all-

103 1432 83 18 männa
208 1429 170 29 bestämningar
401 1429 54 21 böra
473 1428 86 22 erhålla
574 1428 58 28 plats
648 1428 34 21 uti
697 1428 43 21 den
756 1427 26 21 af
795 1427 65 21 Stän-

104 1464 71 21 derna
199 1466 100 26 antagna
323 1464 68 28 lagen
414 1463 126 28 angående,
561 1462 68 22 bland
654 1464 75 23 annat,
755 1461 68 22 skifte
837 1461 26 21 af
