1061 1631
316 143 23 23 U.
356 144 22 22 B.
394 156 30 3 —
440 144 64 28 Prop.
522 143 37 23 N:o
575 143 38 23 30.
811 145 27 19 19

87 209 51 27 den,
162 209 30 30 på
212 210 48 22 sätt
278 209 106 30 ingeniör
404 209 120 22 Snellman
543 208 85 29 antydt
646 209 8 21 i
670 207 46 24 den
732 208 99 23 relation

86 245 47 23 han
151 245 94 29 afgifvit
261 245 122 29 angående
400 244 45 23 den
462 244 25 23 af
503 244 85 23 honom
604 243 138 23 värkstälda
752 243 85 24 under-

87 281 138 29 sökningen,
242 280 85 29 drages
343 287 85 22 genom
446 275 137 28 Östermark
598 279 108 30 kyrkoby
722 279 44 23 och
782 279 52 23 där-

87 317 58 22 efter
160 317 8 22 i
184 318 79 21 västra
279 316 67 23 delen
362 316 25 23 af
403 323 93 16 samma
512 315 146 30 församling,
675 315 21 23 d.
713 318 20 20 ä.
750 317 8 21 i
774 315 64 23 trak-

87 354 39 21 ten
143 352 25 23 af
182 352 83 23 Perälä
280 353 38 28 by,
335 352 75 23 skulle
427 351 110 30 förgrena
553 353 43 28 sig,
614 351 56 23 eller
686 351 44 23 ock
746 352 35 21 att
798 351 39 23 ba-

87 395 47 16 nan
157 388 80 23 leddes
261 395 84 22 genom
364 387 134 29 Kauhajoki
514 387 43 23 och
574 387 82 23 Bötom
672 387 34 23 till
723 387 114 23 Kristine-

87 424 60 27 stad,
164 425 8 22 i
187 424 90 23 hvilket
293 424 41 22 fall
350 423 257 30 förgreningspunkten
624 423 75 23 skulle
715 423 122 29 förläggas

87 460 36 23 till
145 460 94 23 trakten
264 459 24 23 af
311 459 73 30 Tjöck
408 459 32 29 by
460 460 9 22 i
484 459 135 30 Lappfjärd.
650 459 121 23 Utskottet
795 459 44 22 har

88 495 129 23 emellertid
241 495 52 23 icke
316 495 93 23 kunnat
432 496 96 28 antaga,
553 496 35 22 att
611 495 101 23 trafiken
733 495 8 22 i
761 495 78 22 denna

88 531 106 23 landsdel
210 531 77 23 blefve
304 531 27 23 så
347 532 54 26 stor,
418 532 35 21 att
470 531 45 22 den
527 531 78 22 kunde
616 531 96 29 betinga
722 531 117 29 järnvägs

87 567 101 23 ledande
202 567 35 22 till
252 569 89 21 tvänne
356 567 78 22 skilda
450 567 167 29 hamnplatser.

160 603 152 22 Beträffande
336 603 112 28 slutligen
466 602 216 30 byggnadssystem
700 602 37 23 för
751 602 87 29 ifråga-

88 639 104 22 varande
217 639 60 22 bana
296 639 42 22 har
353 638 123 24 Utskottet
492 639 7 22 i
518 639 243 22 öfverensstämmelse
783 638 54 23 med

89 676 93 21 senaste
201 675 99 29 lagtima
318 674 127 29 landtdags
465 674 80 23 därom
562 674 84 30 gjorda
660 674 122 23 uttalande
799 681 39 16 an-

89 711 53 27 sett,
159 711 34 22 att
208 710 80 23 banan
302 710 70 23 borde
388 710 93 29 byggas
495 710 147 29 smalspårig.
659 709 120 24 Utskottet
790 710 49 23 kan

89 746 119 29 nämligen
232 746 53 23 icke
308 746 68 23 finna
400 747 35 22 att
458 745 72 30 något
552 746 105 29 värkligt
676 746 94 22 talande
786 746 53 22 skäl

89 782 103 29 förelåge
215 783 35 22 att
269 782 54 23 icke
347 781 36 23 för
406 783 218 28 statsjärnvägarne
648 782 13 22 å
684 783 64 21 vissa
768 789 69 22 gren-

89 818 44 23 och
155 818 139 23 lokalbanor
317 817 86 30 frångå
426 817 46 24 den
496 818 106 23 normala
622 817 147 30 spårvidden.
802 818 36 23 Då

89 860 111 17 varornas
232 854 144 29 omlastning
402 853 41 23 vid
466 853 238 30 förgreningsstation
728 853 48 23 kan
801 853 37 23 be-

89 889 88 23 räknas
194 889 35 23 till
241 890 59 22 blott
311 893 87 20 20—30
410 890 31 28 p:i
452 896 42 23 per
505 891 46 26 ton,
563 889 43 23 har
617 889 65 23 detta
692 889 147 23 förhållande

89 925 101 29 ungefär
213 932 92 16 samma
320 925 120 30 betydelse
457 932 51 16 som
528 932 29 16 en
577 925 54 23 med
648 929 12 19 3
677 925 14 23 &
707 928 12 20 4
735 925 42 23 km
794 925 45 23 för-

89 961 73 29 längd
186 962 119 29 transport
328 961 24 22 af
374 961 91 29 godset.
498 961 42 22 Att
563 961 95 30 godsets
676 961 163 29 framforsling

89 997 36 22 till
141 997 45 22 den
202 997 97 29 slutliga
315 997 221 22 destinationsorten
553 997 137 29 härigenom
706 997 77 22 skulle
798 999 39 20 vä-

90 1033 115 29 sentligen
221 1033 121 29 fördröjas,
358 1034 8 21 i
382 1033 40 22 det
438 1034 35 21 att
489 1033 45 22 den
551 1040 44 15 ena
611 1033 56 22 eller
678 1033 73 22 andra
761 1033 78 22 banan

89 1069 40 22 vid
153 1069 70 22 behof
243 1069 53 22 icke
311 1069 61 22 hade
387 1075 93 23 vagnar
495 1069 36 22 för
546 1069 144 28 omlastning
705 1069 35 22 till
755 1068 84 28 hands,

90 1104 43 23 har
156 1105 75 28 enligt
249 1105 63 22 inom
334 1105 54 28 eget
406 1104 56 23 land
482 1105 44 22 och
542 1104 161 27 annorstädes,
719 1104 97 30 specielt
832 1105 7 22 i

91 1140 103 30 Sverige,
217 1148 96 15 vunnen
337 1140 134 24 erfarenhet
489 1140 53 23 icke
557 1141 62 22 visat
635 1141 37 29 sig
688 1147 57 16 vara
761 1140 24 23 af
800 1140 39 23 nä-

90 1183 47 23 gon
152 1176 129 29 betydelse,
298 1177 26 22 sä
340 1176 96 30 mycket
451 1176 92 23 mindre
559 1183 51 16 som
626 1176 154 30 olägenheten
790 1176 49 23 kan

90 1219 85 22 genom
201 1212 114 29 lämpliga
342 1212 160 29 anordningar
528 1212 147 30 förebyggas.
707 1212 84 23 Säkert
814 1214 27 20 är

90 1248 106 22 däremot
213 1249 41 26 att,
271 1248 30 23 dä
317 1248 30 29 pä
363 1248 140 29 grenbanor,
514 1249 8 21 i
533 1248 44 22 och
592 1248 35 22 för
639 1248 101 22 bekväm
752 1248 87 23 anslut-

90 1284 60 28 ning
172 1284 35 22 till
231 1284 72 29 tågen
322 1284 13 22 ä
354 1283 179 28 hufvudbanan,
549 1285 8 21 i
573 1284 129 22 allmänhet
717 1284 76 22 måste
809 1283 31 29 gå

90 1319 98 23 dubbelt
211 1319 28 23 sä
262 1320 87 29 mänga
372 1320 42 29 täg
438 1326 51 16 som
514 1319 13 23 ä
545 1319 178 28 hufvudbanan,
742 1326 29 16 en
787 1319 52 23 icke

90 1354 120 30 obetydlig
225 1355 75 23 fördel
315 1355 77 29 ligger
405 1356 8 22 i
426 1355 46 23 den
486 1354 156 30 smalspäriga
654 1355 91 23 banans
755 1355 85 23 lättare

89 1390 87 30 rörliga
191 1391 113 23 materiel.
322 1391 48 23 Och
385 1391 40 23 det
434 1391 131 29 ingalunda
576 1392 74 22 minst
660 1391 92 29 viktiga
763 1391 77 23 skälet

90 1426 36 22 för
149 1426 244 30 smalspärsystemets
418 1426 155 30 användning
593 1428 9 21 i
617 1427 65 22 vissa
705 1426 41 23 fall
770 1426 69 23 äfven

161 1474 187 24 Järnvägsutskottets
360 1474 110 18 betänkande
483 1474 35 19 N:o
531 1476 16 16 1.
