1061 1631
217 136 12 18 4
524 134 40 22 N:o
581 136 33 20 30.

188 203 141 21 ekonomiska
351 202 110 22 förkofran
487 203 39 21 och
548 203 91 28 erbjuda
656 203 125 22 råmaterial
795 204 34 21 för
844 204 106 21 särskilda

188 237 47 27 slag
260 237 23 21 af
305 237 126 22 industrier.
461 236 37 28 Sjö
521 237 39 22 och
583 238 135 27 myrmalmer
743 237 70 22 finnas
839 238 110 22 dessutom

189 271 167 28 mångenstädes
378 272 58 21 inom
459 271 92 22 häradet
567 273 39 20 och
623 273 39 20 har
678 273 60 21 äfven
755 272 62 21 detta
833 272 116 27 åberopats

188 306 72 21 såsom
283 306 148 21 innebärande
446 305 99 22 lofvande
560 306 182 28 förutsättningar
757 306 33 22 för
806 313 26 15 en
848 307 102 21 framtida

189 340 114 21 industriel
318 340 143 22 verksamhet.
492 340 79 22 Forsar
586 340 70 23 finnas
672 341 6 22 i
689 343 46 20 stor
751 341 133 27 myckenhet,
896 341 54 21 dock

189 375 115 21 anmärkes
319 376 34 20 att
368 374 51 23 flere
434 375 24 21 af
471 375 47 21 dem
533 375 103 22 besväras
648 375 23 22 af
679 375 121 28 isbildning,
811 375 139 28 hvarigenom

189 409 64 21 deras
269 409 142 22 användande
426 409 6 21 i
448 409 121 22 industrins
586 410 68 27 tjenst
669 410 44 21 dels
728 409 110 22 försvåras
850 409 44 22 dels
905 411 45 20 mö-

189 445 34 19 ter
239 443 180 28 oöfvervinneliga
435 443 139 27 svårigheter.
600 443 56 22 Näst
674 444 40 21 den
731 443 97 27 utförsel,
844 450 45 15 som
900 444 49 21 sko-

189 483 41 21 gen
247 477 39 22 och
302 483 26 16 en
344 477 193 28 uppblomstrande
553 478 94 21 industri
663 478 72 21 kunde
750 477 48 22 från
817 478 83 27 Kajana
913 478 37 21 hä-

191 512 40 21 rad
247 511 96 28 erbjuda,
360 512 94 27 förtjena
462 512 26 21 de
500 512 90 22 artiklar
601 512 198 27 uppmärksamhet,
810 512 72 22 hvilka
890 512 60 28 jord-

190 546 81 21 bruket
287 546 38 21 och
341 547 48 21 dess
405 547 125 26 binäringar
538 547 79 21 ställa
609 542 12 36 i
628 547 74 27 utsigt.
718 547 230 26 Smörproduktionen,

190 580 85 22 hvilken
287 581 6 20 i
304 580 52 28 följd
372 581 22 21 af
407 581 83 21 bristen
502 581 29 27 på
541 581 115 27 tidsenliga
666 581 212 22 kommunikationer
888 581 62 21 arbe-

190 616 34 20 tat
239 615 71 22 under
325 617 79 25 ytterst
420 621 138 21 ogynsamma
573 615 154 24 förhållanden,
743 615 120 27 uppvisade
878 615 33 22 för
927 615 24 21 år

193 649 54 22 1896
263 655 26 16 en
306 651 76 26 export
397 649 23 22 af
433 649 91 28 ungefär
539 651 91 25 350,000
647 650 71 21 marks
727 649 76 26 värde;
815 651 103 26 exporten
930 649 24 22 af

190 683 99 22 lefvande
304 685 90 20 kreatur
410 684 70 21 under
495 690 81 15 samma
588 685 24 20 år
623 684 177 27 representerade
811 685 32 20 ett
854 683 65 22 värde
930 683 23 22 af

191 718 86 27 vidpass
303 719 77 26 75,000
403 719 67 25 mark,
495 718 103 22 utförseln
623 718 23 22 af
659 719 68 21 hudar
745 719 136 21 beräknades
896 720 55 19 mot-

190 759 65 15 svara
278 754 78 25 60,000
379 753 67 26 mark,
470 753 127 27 skogsfägel,
621 753 63 21 skinn
707 753 23 22 af
747 753 69 27 björn,
833 753 35 21 räf
881 759 26 15 m.
924 759 25 15 m.

191 787 92 27 ungefär
299 789 77 25 60,000
391 788 67 21 mark.

260 821 101 22 Komiten
385 822 39 21 har
446 821 72 22 funnit
539 822 86 27 Kajana
647 822 78 21 härads
749 822 140 21 ekonomiska
909 821 42 22 till-

191 857 84 26 gångar
298 856 133 27 ädagalägga
454 858 33 19 att
510 863 25 14 en
559 856 32 21 till
611 856 63 21 dessa
689 856 73 27 nejder
777 856 70 27 byggd
861 857 91 26 jernväg

191 891 79 20 endast
294 891 41 20 kan
356 891 102 27 jemföras
481 891 48 20 med
552 891 26 21 de
594 893 100 24 svagaste
710 890 87 22 delarne
813 890 22 21 af
848 890 103 22 Finlands

192 931 28 15 nu
245 925 147 26 exploiterade
411 925 148 27 jernvägsnät.
593 925 46 21 Den
662 925 129 27 ifrågasatta
813 925 72 21 banan
908 925 43 21 kan

192 959 107 27 nämligen
315 959 55 22 först
380 959 7 21 i
398 965 26 16 en
440 959 87 22 framtid
542 959 66 22 blifva
623 959 107 25 räntabel;
748 959 125 22 densamma
883 960 69 20 måste

192 993 45 21 afse
259 993 19 27 ej
303 993 82 22 mindre
406 995 32 20 att
453 993 115 28 uppsamla
584 994 40 21 den
640 993 70 27 trafik,
726 993 86 22 hvilken
827 994 70 21 under
913 1000 39 15 nu-

192 1028 96 21 varande
304 1028 147 21 förhällanden
467 1029 42 20 kan
526 1028 46 21 frän
588 1027 157 22 ofvannämnda
757 1028 85 21 trakter
853 1027 97 26 erhällas,

193 1064 25 19 än
235 1062 7 21 i
259 1062 28 21 all
311 1062 115 27 synnerhet
449 1064 33 19 att
505 1062 32 22 för
553 1069 26 14 en
595 1062 81 27 fjärran
692 1062 89 27 belägen
798 1062 38 21 och
852 1062 7 21 i
875 1063 78 26 mänga

193 1096 116 22 afseenden
326 1097 111 21 vanlottad
456 1097 99 21 landsort
571 1098 73 25 öppna
660 1103 41 20 nya
717 1096 134 27 möjligheter
866 1096 32 21 till
914 1097 38 20 od-

192 1131 44 27 ling
253 1131 39 21 och
309 1131 126 27 utveckling.

261 1166 44 21 För
325 1166 128 27 jernvägens
474 1166 127 27 sträckning
616 1166 63 21 hafva
695 1168 32 19 tre
744 1166 57 21 olika
817 1166 135 26 möjligheter

192 1201 91 21 kommit
305 1201 7 21 i
331 1201 148 21 betraktande.
510 1201 250 27 Anknytningspunkten
783 1201 43 21 kan
850 1200 102 27 antingen

192 1236 65 20 sökas
273 1235 8 21 i
297 1237 77 24 vester,
398 1235 28 21 dä
447 1236 98 20 kortaste
568 1237 41 25 väg
629 1235 91 21 sälunda
736 1235 69 21 skulle
821 1236 83 26 öppnas
920 1234 33 21 till

193 1270 112 20 närmaste
328 1269 98 21 hafskust
441 1270 7 20 i
464 1269 108 27 Uleäborg
595 1269 52 21 eller
669 1269 122 21 Brahestad
814 1268 51 22 eller
888 1269 65 21 ocksä

194 1304 69 20 mäste
285 1303 145 22 förbindelsen
453 1304 49 21 med
525 1304 35 20 det
580 1303 69 27 öfriga
664 1304 74 21 landet
753 1304 64 20 ernäs
833 1309 77 21 genom
926 1309 27 15 en

193 1338 23 20 ät
239 1337 65 21 söder
328 1338 82 26 gående
432 1338 63 25 bana,
511 1337 85 22 hvilken
613 1337 69 22 skulle
698 1338 87 21 ansluta
801 1338 32 26 sig
849 1337 103 27 antingen

193 1372 32 20 till
241 1371 105 22 Savolaks
362 1372 51 21 eller
427 1372 105 22 Karelska
547 1372 72 21 banan
638 1373 69 21 såsom
719 1372 50 22 dess
780 1372 110 26 naturliga
900 1372 54 21 fort-

193 1406 106 27 sättning.
329 1406 132 28 Jernvägens
484 1406 91 22 ledande
593 1406 32 21 till
641 1406 87 22 trakten
745 1407 23 21 af
781 1407 109 26 Uleåborg
904 1409 49 19 från

193 1440 78 22 Waala
287 1441 69 21 skulle
371 1441 89 27 bidraga
476 1443 32 19 att
519 1440 83 22 befästa
614 1441 38 21 och
663 1441 99 21 utveckla
773 1441 70 27 gamla
854 1441 100 21 handels-
