1061 1631
177 101 25 21 18
412 100 28 22 U.
457 100 27 22 B.
504 112 24 3 —
545 100 75 27 Prop.
636 99 46 23 N:o
693 99 34 22 41.

178 170 39 21 bör
239 169 112 26 undvikas,
370 169 28 22 då
412 169 141 22 statsverkets
569 169 107 21 ordinarie
691 168 114 27 tillgångar
822 167 68 22 förslä
904 168 32 21 till

177 203 94 28 fyllande
285 203 23 22 af
320 204 84 21 landets
418 203 71 22 behof.

246 239 11 20 I
273 238 84 27 analogi
372 238 88 21 härmed
475 244 52 15 voro
543 238 36 20 det
593 237 22 21 af
624 237 97 27 gällande
732 237 92 27 ordning
836 237 32 21 för
882 243 53 21 upp-

177 273 95 26 görande
287 272 22 21 af
324 273 82 20 landets
422 272 66 21 totala
504 272 80 27 budget
598 272 115 26 betingadt,
730 273 31 19 att
776 271 23 22 af
814 271 122 27 ytterligare

177 307 131 27 disponibelt
331 307 119 21 öfverskott
472 307 6 20 i
500 306 133 21 statsfonden
656 306 70 27 någon
753 306 33 21 del
812 305 69 22 blefve
905 305 31 22 till

177 341 276 21 kommunikationsfonden
475 340 112 26 öfverförd,
604 343 50 18 enär
670 341 36 20 det
721 340 84 27 belopp,
821 347 46 14 som
883 340 54 21 skall

177 375 108 22 anskaffas
310 382 76 21 genom
405 375 90 22 statslän
510 375 33 21 för
555 375 174 27 järnvägsnätets
745 375 128 26 utveckling,
889 375 47 20 där-

178 411 85 26 igenom
276 410 67 21 blefve
354 410 113 21 minskadt.
497 410 112 21 Utskottet
618 409 32 22 fär
662 409 71 22 därför
742 410 109 21 vördsamt
859 409 79 21 föreslä

178 451 25 15 en
221 445 133 26 underdänig
368 444 127 21 hemställan

455 502 35 20 det
512 501 78 21 täcktes
613 501 64 20 Hans
695 500 121 28 Kejserliga
832 501 105 28 Majestät

386 536 9 20 i
410 535 69 21 nåder
496 535 111 27 förordna,
624 537 32 19 att
672 535 28 27 af
711 535 177 28 uppkommande
905 535 33 28 öf-

387 570 93 20 verskott
494 570 9 20 i
518 570 116 20 allmänna
649 569 138 28 stalsfonden
802 570 70 20 under
883 569 55 21 åren

388 605 144 20 1901—1904
539 604 35 21 till
584 604 285 27 kommunikationsfonden
882 604 56 21 skall

388 639 120 26 öfverföras
523 638 25 21 så
563 640 54 19 stort
633 638 74 28 belopp
722 645 47 14 som
783 638 92 27 pröfvas
890 638 46 21 icke

388 673 90 26 behöfva
494 679 119 14 reserveras
628 673 36 27 för
679 673 70 20 andra
765 672 170 21 statsändamål.

413 890 302 33 Bevillningsmedlen.

251 959 166 21 Statsutskottet
438 959 37 21 har
497 960 7 19 i
526 959 36 21 sitt
584 959 64 21 redan
673 959 112 26 godkända
806 959 134 21 betänkande

183 993 38 21 N:o
245 993 14 21 9
281 993 25 26 A,
327 993 7 21 i
356 993 116 27 anledning
490 993 23 21 af
529 993 77 27 nådiga
620 993 161 27 propositionen
797 993 41 21 N:o
854 993 33 25 31,
902 999 38 14 an-

182 1028 83 26 gäende
287 1027 283 25 kommunikationsfonden,
596 1027 101 22 beräknat
720 1028 78 21 nämda
820 1027 64 22 fonds
900 1027 40 21 till-

183 1062 81 26 gängar
287 1062 39 21 och
349 1062 75 21 uttalat
448 1062 32 26 sig
500 1062 110 26 angäende
625 1064 118 24 utvägarna
758 1064 32 19 att
805 1062 94 21 bestrida
914 1061 26 21 de

183 1103 24 14 ur
223 1096 126 21 densamma
371 1096 105 27 utgäende
498 1096 80 27 anslag,
596 1095 86 22 hvarför
698 1096 113 21 Utskottet
825 1096 38 21 här
878 1102 63 15 anser

183 1131 32 27 sig
231 1131 53 21 böra
299 1131 76 21 beröra
390 1131 76 21 endast
481 1131 40 21 den
538 1131 106 27 egentliga
659 1130 242 28 bevillningsbudgeten.

253 1166 48 20 Den
323 1165 32 21 för
378 1165 120 21 Ständerna
513 1164 121 28 framlagda,
650 1172 29 14 nu
696 1165 30 21 till
743 1165 128 27 behandling
885 1164 55 22 före-

184 1200 94 20 varande
300 1199 76 27 nådiga
398 1200 160 26 propositionen
578 1199 39 21 N:o
633 1199 26 21 41
674 1201 78 25 upptar
768 1200 36 25 (ss.
820 1199 71 27 3—8),
906 1198 34 22 för

184 1234 120 20 utrönande
319 1233 23 21 af
354 1234 40 20 den
414 1234 112 20 sannolika
541 1233 148 27 behällningen
704 1234 7 20 i
727 1234 214 26 bevillningsmedlen

184 1268 34 20 vid
242 1268 108 26 utgängen
372 1268 23 21 af
414 1268 24 21 är
462 1268 60 26 1900,
545 1274 25 14 en
589 1268 69 26 kalkyl
674 1267 59 22 öfver
749 1268 139 26 bevillnings-
904 1268 40 21 och

184 1302 189 21 militiefondernas
396 1302 118 21 inkomster
537 1302 39 21 och
598 1302 88 27 utgifter
708 1302 68 21 under
792 1302 50 21 ären
860 1302 84 21 1898—

187 1338 59 20 1900.
277 1338 141 21 Densammas
441 1338 90 21 resultat
549 1338 80 21 utvisar
644 1340 32 19 att
690 1338 119 21 inkomster
825 1338 39 21 och
880 1337 64 27 utgif-

184 1375 37 22 ter,
231 1378 78 20 genom
318 1372 106 21 anlitande
432 1372 22 21 af
468 1372 101 21 Finlands
585 1372 72 21 Banks
673 1372 127 21 vinstmedel
808 1372 32 21 till
849 1374 31 19 ett
890 1378 54 15 sam-

184 1406 110 26 manlagdt
307 1406 77 26 belopp
395 1406 70 21 under
477 1406 129 27 nyssnämda
614 1407 32 20 tre
654 1406 24 21 är
686 1405 22 22 af
717 1406 54 21 Fmk
783 1406 118 26 2,417,918:
912 1406 33 26 17,

255 1451 144 18 Statsutskottets
412 1452 110 17 betänkande
534 1452 38 17 N:o
585 1452 27 17 12.
