1061 1631
223 153 14 21 z
528 154 41 22 N:o
585 154 33 21 34.

550 236 13 19 2
579 235 18 27 8.

262 279 43 22 Vid
320 279 33 22 val
370 279 22 22 af
405 279 134 28 fullmäktige
555 280 32 21 till
597 287 122 20 gemensam
729 280 223 27 kommunalstämma,

193 320 47 15 som
260 314 5 21 i
290 315 9 20 1
322 314 11 27 8
352 315 66 26 sagts,
443 316 37 19 äro
504 314 77 22 endast
604 315 26 21 de
648 315 188 27 röstberättigade,
853 320 45 16 som
914 320 40 21 ega

196 349 51 21 eller
267 348 113 22 innehafva
399 348 128 22 fiskevatten
544 349 51 22 eller
610 349 53 22 fiske
678 349 58 22 inom
751 349 139 26 kommunen;
914 348 39 22 och

194 383 109 22 beräknas
319 389 25 16 en
360 383 64 22 hvars
439 385 92 20 rösträtt
547 383 54 22 efter
616 383 54 22 hans
680 384 111 27 lägenhets
801 383 83 22 mantal
895 383 57 26 eller,

194 417 7 21 i
216 417 63 28 fräga
294 423 34 15 om
343 417 128 22 fiskevatten
489 417 50 22 eller
553 417 59 27 fiske,
624 424 46 15 som
680 418 46 21 icke
736 418 86 27 tillyder
829 417 123 28 jordlägen-

195 452 37 21 het
254 452 59 21 inom
335 452 136 27 kommunen,
496 451 53 22 efter
572 453 32 20 ett
619 453 33 20 vid
669 451 217 22 kommunalstämma
901 451 51 22 derä

196 486 146 27 pröfningsvis
358 487 58 21 äsatt
430 487 88 26 mantal,
539 493 46 16 som
600 489 121 20 motsvarar
737 486 149 22 fiskevattnets
902 485 51 22 eller

194 521 75 21 fiskets
293 521 65 21 värde
381 520 53 22 efter
456 521 144 22 förhällandet
622 521 78 22 mellan
723 521 152 28 angränsande
889 520 63 22 fiske-

194 557 87 20 vattens
305 555 65 22 värde
388 555 39 22 och
442 556 104 21 mantalet
562 556 13 21 &
591 556 25 21 de
631 556 130 27 lägenheter,
778 555 122 22 hvarunder
916 554 35 21 de-

194 595 83 16 samma
292 589 55 28 lyda.

261 624 84 22 Varder
368 625 71 21 säsom
457 625 70 27 grund
542 625 33 21 för
590 625 236 28 bidragsskyldigheten
842 624 32 21 till
888 623 63 22 fiske-

194 658 192 28 värdsföreningen
402 659 74 28 hvarje
490 659 128 22 fiskevatten
633 659 58 22 inom
702 659 82 22 dennas
795 658 88 22 omräde
894 659 58 20 äsatt

194 693 54 22 visst
265 693 71 26 värde,
352 694 107 21 beräknas
475 695 119 20 rösträtten
611 693 54 22 efter
681 700 82 15 samma
778 693 77 27 grund.

549 777 12 19 3
577 775 18 28 &.

251 820 67 27 Ingär
341 821 60 22 stads
423 821 127 22 fiskevatten
573 821 7 21 i
603 820 228 27 fiskevärdsförenings
857 820 93 25 omräde,

193 856 50 26 tage
267 855 77 22 staden
368 855 33 22 del
423 856 7 21 i
452 861 121 22 gemensam
591 855 223 26 kommunalstämma,
830 855 70 21 säsom
916 861 34 14 om

194 889 165 23 landskommun
376 892 24 19 är
415 890 111 27 stadgadt;
545 890 39 21 och
599 890 125 21 ankommer
739 890 14 21 å
767 891 135 26 guvernören
918 891 32 19 att

193 923 34 22 för
249 924 80 21 sådant
345 925 98 21 ändamål
460 925 72 20 äsätta
547 924 88 22 stadens
650 924 127 22 fiskevatten
793 923 54 22 visst
862 923 88 26 mantal,

194 959 153 21 motsvarande
370 959 48 22 dess
441 959 65 22 värde
526 959 53 22 efter
594 959 144 21 förhållandet
754 958 78 22 mellan
848 958 75 21 värdet
939 959 12 20 å

194 993 152 27 angränsande
362 993 176 22 landskommuns
554 994 51 21 eller
620 994 137 21 kommuners
772 992 128 23 fiskevatten
912 993 38 21 och

194 1027 63 22 deras
273 1029 161 26 sammanlagda
449 1029 86 21 mantal.

548 1111 13 20 4
577 1110 17 27 8.

260 1155 54 27 Ingä
329 1156 6 20 i
351 1155 216 29 fiskevärdsförening
581 1157 132 26 kommuner,
730 1156 97 22 hörande
838 1156 32 21 till
881 1156 69 21 skilda

192 1190 42 26 län,
252 1191 35 21 mä
303 1190 91 28 ändring
409 1192 7 20 i
432 1191 40 22 den
488 1198 156 20 gemensamma
659 1191 244 22 kommunalstämmans
914 1191 36 21 be-

192 1225 44 21 slut
258 1225 64 21 sökas
339 1225 38 21 hos
392 1227 134 25 guvernören
541 1226 6 21 i
564 1226 36 22 det
614 1226 42 26 län,
673 1226 58 21 inom
746 1225 81 21 hvilket
842 1226 106 20 stämman

191 1258 79 22 hållits.

545 1318 12 20 5
574 1318 19 26 8.

260 1361 94 27 Utgöres
369 1362 227 28 fiskevårdsförenings
612 1364 87 20 område
715 1363 78 21 endast
808 1362 23 22 af
841 1369 26 15 en
878 1362 72 22 lands-

190 1394 111 28 kommun,
317 1396 109 27 tillämpas
440 1397 7 21 i
462 1397 61 27 fråga
537 1406 35 12 vm
587 1397 59 22 tiden
661 1399 33 20 för
709 1397 102 22 hållande
828 1396 23 22 af
858 1398 91 21 stämma

191 1428 6 21 i
212 1428 140 29 föreningens
368 1431 179 27 angelägenheter
563 1432 39 21 och
617 1433 92 21 rösträtt
725 1432 36 21 vid
776 1434 107 20 stämman
893 1432 57 22 hvad

190 1462 64 22 ofvan
272 1466 25 19 är
312 1464 140 23 föreskrifvet.
