1061 1631
344 118 27 22 U.
386 118 28 22 B.
431 131 30 3 —
477 117 74 28 Prop.
567 116 45 23 N:o
628 116 30 22 38

412 463 280 22 Vattenrättsutskottets
724 461 155 24 betänkande

340 499 45 23 N:o
401 499 13 22 7
431 500 9 21 i
461 499 138 26 anledning
620 499 28 22 af
660 499 67 22 Hans
743 497 136 29 Kejserliga

340 535 121 28 Majestäts
478 535 90 28 nädiga
579 535 164 28 proposition,
754 533 125 28 angäende

341 572 95 22 ändrad
459 572 94 28 lydelse
576 571 28 22 af
624 570 31 23 33
673 571 56 28 kap.
745 570 28 22 13
789 569 46 23 och
851 569 27 22 15

341 608 28 29 $$
385 607 143 28 strafflagen
545 607 26 22 af
580 607 44 22 den
638 607 28 22 19
674 606 131 23 December
812 605 68 23 1889.

198 698 82 21 Denna
303 697 142 29 proposition
468 697 42 21 har
533 697 24 21 af
581 697 105 28 samtliga
703 696 66 22 ständ
785 696 36 21 för
837 696 43 21 för-

127 733 130 21 beredande
283 732 173 29 handläggning
484 732 162 21 öfverlemnats
673 732 34 21 till
730 732 150 21 Vattenrätts-

128 769 117 21 utskottet.
273 769 34 20 Pä
322 768 100 28 begäran
438 768 42 21 har
495 768 121 21 Utskottet
626 768 129 21 sedermera
765 767 51 22 frän
826 767 54 28 Kej-

129 805 82 28 serliga
227 805 100 21 Senaten
343 804 44 21 fätt
402 806 117 26 emottaga
536 804 112 21 särskilda
664 804 117 21 derstädes
792 803 8 21 i
811 803 70 21 saken

128 841 120 21 tillkomna
264 840 142 28 handlingar.

198 972 35 21 De
257 972 114 21 allmänna
394 971 203 28 bestämningarna
618 979 37 14 om
678 979 81 14 ansvar
775 971 36 21 för
827 971 54 21 olof-

129 1007 43 28 ligt
187 1007 113 26 fiskande,
317 1007 76 22 sävidt
409 1007 128 22 detsamma
549 1010 67 25 utgör
627 1015 29 13 en
667 1007 75 21 direkt
752 1007 129 28 kränkning

129 1043 24 21 af
176 1051 86 13 annans
286 1045 51 24 rätt,
361 1043 55 28 ingå
439 1043 35 21 uti
501 1045 25 20 13
550 1043 14 28 S
584 1043 23 21 af
626 1045 28 19 33
671 1043 50 28 kap.
740 1043 140 28 strafflagen.

129 1078 116 21 Fiskande
265 1086 49 14 som
331 1079 52 21 sker
398 1079 8 20 i
423 1079 59 21 strid
499 1079 52 21 med
567 1079 7 21 i
592 1079 94 21 allmänt
701 1079 96 21 intresse
813 1078 69 21 utfär-

131 1114 58 21 dade
209 1114 98 29 speciela
329 1115 149 28 stadganden,
502 1115 79 21 hvilka
604 1115 115 20 innehälla
735 1115 84 20 förbud
835 1117 48 18 mot

131 1150 150 22 användande
309 1150 23 22 af
356 1151 98 21 särskild
476 1151 98 28 redskap
595 1151 55 21 eller
671 1151 65 28 eljest
755 1153 48 19 mot
825 1150 58 22 visst

130 1186 124 28 fängstsätt
269 1186 54 21 eller
339 1189 47 19 mot
402 1186 60 22 fiske
480 1187 23 21 af
518 1186 59 22 visst
592 1186 97 28 fiskslag
705 1188 12 19 ä
728 1186 41 27 tid,
781 1186 28 21 dä
821 1187 62 20 detta

130 1222 121 21 förklarats
267 1222 99 28 fridlyst,
387 1222 93 22 straffas
498 1225 47 19 äter
564 1222 72 29 enligt
652 1222 171 28 bestämningar
834 1230 49 14 som

130 1258 55 28 ingä
208 1258 34 21 uti
266 1258 178 28 fiskeristadgan
469 1259 55 21 eller
544 1258 34 22 uti
600 1258 172 22 vederbörande
795 1258 88 22 fiskeri-

131 1293 117 29 förenings
272 1294 167 28 öfverhetligen
456 1294 141 22 stadfästade
614 1295 92 27 stadgar
722 1295 60 25 eller,
798 1294 8 21 i
822 1294 62 22 vissa

131 1329 47 26 fall,
194 1329 8 21 i
219 1330 28 20 de
263 1330 175 26 förordnanden,
459 1338 50 13 som
526 1334 115 24 guvernör
657 1330 54 21 eller
727 1330 99 22 Senaten
838 1330 45 21 kan

131 1364 70 22 hafva
224 1365 35 21 för
280 1368 32 18 ett
333 1365 55 22 eller
407 1368 71 18 annat
494 1366 137 28 vattendrag
647 1366 35 21 till
698 1366 185 21 förekommande

132 1400 23 21 af
171 1400 87 22 fiskens
274 1401 115 21 utödande
404 1402 124 21 meddelat.

209 1443 208 19 Vattenrättsutskottets
430 1444 119 18 betänkande
562 1444 37 18 N:o
613 1444 16 18 7.
