1061 1631
352 118 26 23 U.
394 117 28 23 B.
438 130 30 4 —
483 117 76 29 Prop.
574 117 43 23 N:o
632 117 30 23 37
822 120 28 19 35

490 483 30 20 IL

195 561 26 20 B.
238 560 26 21 B.
283 562 26 19 17
326 561 51 28 kap.
396 562 26 20 12
439 561 14 28 8
476 563 5 19 1
500 567 67 15 mom.
585 560 43 21 och
645 563 27 19 13
688 560 14 29 &
718 561 14 20 2
749 567 66 15 mom.

199 614 37 21 Dä
257 613 40 29 jag
321 613 50 22 icke
392 613 8 22 i
421 613 41 22 allt
477 614 47 21 kan
539 613 79 22 förena
633 613 48 29 mig
698 621 36 14 om
750 614 129 22 Utskottets

127 649 82 27 beslut,
233 651 72 27 vägar
325 649 41 29 jag
390 649 129 22 härmedels
542 649 120 22 framhälla
686 649 47 22 min
757 650 123 21 afvikande

127 685 100 29 mening.

197 721 120 22 Utskottet
339 721 95 22 föreslår
459 721 3 22 i
483 722 27 21 B.
527 722 26 21 B.
577 723 25 20 17
624 721 52 29 kap.
696 724 25 19 12
739 722 21 29 8,
777 724 34 19 att
826 724 54 19 stor-

127 757 75 28 ryssja
222 757 51 22 icke
289 757 64 29 finge
368 759 99 20 utsättas
483 757 8 22 i
507 757 97 28 saltsiön
619 757 64 22 inom
698 757 47 22 fem
761 757 120 22 kilometer

126 793 92 22 utanför
241 793 56 22 eller
316 795 23 20 ät
354 793 132 29 nägondera
503 793 66 22 sidan
585 793 51 21 frän
651 793 143 28 mynningen
809 793 24 22 af
849 793 32 22 elf

127 829 55 22 eller
198 831 19 25 &,
234 829 49 22 deri
298 829 38 22 lax
351 829 55 22 eller
423 829 36 22 sik
474 829 160 22 förekommer.

198 865 41 22 Ett
260 865 82 22 sädant
358 865 127 29 stadgande
501 865 46 22 kan
560 865 41 29 jag
617 865 20 28 ej
656 865 100 22 erkänna
772 872 49 15 som
837 864 43 22 rik-

126 901 52 28 tigt,
199 901 29 22 dä
245 901 39 21 det
298 900 9 22 i
321 901 47 28 hög
384 901 57 28 grad
457 901 98 21 kränker
571 901 29 21 de
616 900 105 22 enskilda
736 901 144 28 lägenheters

127 936 201 29 fiskerättigheter,
349 936 91 22 hvilkas
466 936 141 22 fiskevatten
633 937 101 21 sträcker
760 937 36 28 sig
819 939 62 19 emot

127 973 142 29 mynningen
285 973 23 21 af
325 972 79 29 dylika
420 973 80 21 elfvar.
531 972 103 29 Ejheller
653 976 25 18 är
694 973 74 21 denna
784 973 97 21 bestäm-

126 1009 57 28 ning
205 1008 134 29 nödvändig
362 1009 104 21 hvarken
489 1008 37 22 för
543 1008 88 22 fiskens
648 1008 110 22 fredande
775 1008 55 22 eller
845 1008 36 22 för

127 1044 136 29 skyddande
287 1044 24 21 af
333 1043 201 30 fiskerättigheten
555 1044 8 21 i
581 1044 85 29 själiva
684 1044 84 26 elfven,
786 1044 70 22 sedan
872 1044 8 21 i

127 1081 45 21 den
195 1080 137 29 föregäende
356 1080 137 29 paragrafen
517 1080 109 29 stadgats,
642 1082 34 19 att
691 1080 133 29 kungsädra
839 1080 41 21 bör

125 1116 73 22 hällas
224 1115 29 22 fri
279 1115 51 22 frän
355 1115 30 22 all
412 1116 94 21 stäende.
533 1115 152 29 fiskredskap,
712 1118 25 19 sä
760 1116 43 21 ock
827 1115 52 22 dess

126 1152 86 22 dubbla
234 1152 73 22 bredd
330 1152 9 21 i
362 1154 90 19 vattnet
475 1152 92 22 utanför
591 1152 59 21 ända
674 1152 35 21 till
731 1152 52 21 dess
799 1151 81 29 djupet

125 1188 114 28 vidtager.

197 1223 144 29 Storryssjan
364 1226 25 19 är
412 1223 102 29 ejheller,
538 1223 76 22 sävidt
635 1223 41 29 jag
696 1223 78 23 därom
790 1224 90 21 erhällit

125 1260 136 25 kännedom,
285 1261 26 19 sä
330 1259 128 29 fördärflig,
480 1267 50 14 som
546 1266 53 15 man
615 1261 31 27 pä
661 1262 90 19 senaste
766 1259 61 22 tider
841 1267 38 14 ve-

125 1296 32 21 lat
179 1298 55 26 göra
257 1295 84 28 troligt.
374 1294 146 30 Storryssjan
535 1294 76 30 gifver
626 1302 47 22 nog
689 1303 28 14 en
732 1296 47 28 god
795 1295 84 22 afkast-

123 1331 63 29 ning,
203 1331 53 21 med
273 1330 44 22 den
333 1330 102 22 minskar
450 1330 53 22 icke
519 1330 77 22 därför
606 1330 161 23 fiskevattnets
781 1331 99 29 produk-

123 1367 55 22 tion.
209 1366 136 30 Minskning
361 1367 8 21 i
384 1367 142 29 produktion
542 1367 168 22 ästadkommes
727 1367 95 22 framför
836 1366 41 22 allt

122 1410 83 22 genom
229 1402 60 22 fiske
310 1403 73 21 under
405 1402 74 22 lektid
501 1403 42 21 och
563 1410 83 22 genom
662 1402 78 29 fängst
757 1403 27 21 af
799 1402 81 22 under-

197 1445 212 19 Vattenrättsutskottets
422 1445 117 19 betänkande
552 1445 35 19 N:o
599 1446 17 17 5.
