1061 1631
456 152 44 21 N:o
516 154 33 19 43.
841 152 11 20 3

124 224 78 20 senast
223 222 62 21 varit
301 222 39 21 vid
356 222 34 21 lif.
422 221 67 22 Dock
504 221 39 21 må
558 220 191 29 dödsförklaring
765 219 40 22 ske
821 220 61 21 efter

124 256 117 29 förloppet
257 257 26 20 af
301 256 47 21 fem
370 257 24 20 år
414 256 54 21 från
492 262 88 15 samma
602 254 42 28 tid,
660 255 8 20 i
684 254 43 21 fall
742 254 59 21 hans
817 253 65 22 ålder

125 291 74 21 skulle
215 291 128 28 öfverstiga
359 291 132 28 sjuttiofem
502 291 26 20 år
539 290 30 21 då
579 289 73 22 sådan
663 289 132 28 förklaring
805 289 75 21 äskas.

194 325 47 22 Var
256 325 45 22 den
316 325 104 22 saknade
436 325 113 28 omyndig
563 325 40 20 vid
619 323 185 28 försvinnandet,
821 323 60 21 skall

123 359 65 22 tiden
203 360 85 21 räknas
304 360 53 21 från
372 359 73 22 slutet
461 360 26 21 af
502 359 39 22 det
557 360 31 27 år,
604 358 133 22 hvarunder
748 358 46 21 han
805 357 75 22 skulle

123 395 100 28 uppnått
238 394 97 28 myndig
351 394 65 21 ålder
432 401 37 14 om
485 394 47 21 han
546 393 81 22 lefvat.

478 459 12 19 3
508 457 18 28 8.

191 498 49 21 Har
263 498 45 21 den
331 498 127 21 försvunne
482 497 100 29 deltagit
596 497 9 21 i
621 497 53 28 krig
697 497 43 21 och
763 497 116 21 derunder

123 532 101 27 saknats,
249 532 56 21 eller
326 532 62 21 varit
411 532 99 21 ombord
526 533 12 20 å
554 532 87 28 fartyg,
658 539 48 14 som
730 531 77 21 förlist
823 531 56 21 eller

122 566 74 22 under
218 567 73 20 minst
310 567 40 21 två
366 567 25 21 år
407 567 20 28 ej
445 566 100 28 afhörts,
563 566 56 21 eller
635 565 67 29 eljest
717 565 110 22 befunnit
843 565 36 29 sig

121 601 8 20 i
149 601 99 28 lifsfara,
272 601 43 21 och
338 605 39 17 vet
398 608 56 14 man
478 601 19 29 ej
522 603 35 19 att
580 601 48 20 han
651 600 102 28 räddats,
771 601 38 20 må
832 600 47 21 han

123 635 79 22 kunna
223 636 38 21 för
283 636 47 21 död
352 636 117 21 förklaras
492 640 42 17 när
554 638 35 19 tre
605 637 26 20 år
647 635 101 21 förflutit
763 635 60 20 efter
839 635 40 20 det

122 669 138 22 kalenderår
276 670 29 22 då
320 670 46 21 han
382 673 79 18 senast
476 670 129 29 veterligen
621 670 81 21 lefvat.

474 736 14 19 4
503 735 20 26 8.

189 773 140 28 Ansökning
345 781 37 14 om
402 774 145 21 försvunnen
563 780 95 21 persons
674 773 150 21 förklarande
840 773 38 21 för

121 807 46 22 död
182 807 61 22 skall
257 811 69 26 göras
341 808 42 21 hos
399 808 88 21 allmän
502 807 123 22 underrätt
636 808 13 21 å
660 808 45 21 den
721 810 41 25 ort,
779 807 41 22 der
830 807 47 21 han

120 845 79 18 senast
220 842 53 22 haft
296 843 41 21 sitt
358 843 102 21 hemvist
483 843 56 21 eller
557 842 132 29 uppehållit
704 842 41 29 sig,
762 842 61 28 eller,
839 849 38 14 om

119 876 141 29 stadgandet
282 877 81 21 härom
385 877 9 21 i
411 877 75 29 något
507 877 44 21 fall
574 877 20 28 ej
618 877 46 21 kan
687 877 124 28 tillämpas,
835 877 42 21 hos

118 912 79 20 rätten
211 911 14 21 å
240 911 131 22 sökandens
386 911 149 29 boningsort;
553 911 43 22 och
610 919 56 14 vare
682 911 44 21 den
737 911 140 21 försvunnes

120 945 74 27 make,
217 947 116 20 närmaste
356 945 139 29 skyldeman
510 946 57 21 eller
582 953 84 20 annan,
682 945 69 22 hvars
767 947 48 20 rätt
829 946 47 21 kan

119 980 27 21 af
160 979 221 30 dödsförklaringen
403 980 63 28 bero,
488 981 99 28 behörig
602 982 35 20 att
652 980 78 21 derom
747 980 88 21 ansöka
850 981 26 20 så

119 1014 43 21 ock
178 1017 35 19 att
228 1015 105 28 fullfölja
348 1015 139 29 ansökning,
504 1023 49 14 som
570 1015 26 21 af
610 1022 77 14 annan
703 1015 92 21 inledts.

473 1080 12 20 5
502 1079 18 27 $.

186 1115 72 24 Öfver
273 1119 163 28 ansökningen
446 1119 56 21 höre
512 1121 78 18 rätten
601 1119 43 21 den
656 1119 139 21 försvunnes
806 1119 68 21 make

118 1152 44 22 och
177 1156 117 18 närmaste
310 1153 143 29 skyldeman,
471 1154 41 21 der
528 1154 28 20 de
567 1154 8 20 i
586 1154 80 21 landet
682 1158 45 24 äro,
744 1156 59 19 samt
814 1160 60 22 syss-

117 1187 84 29 loman,
217 1188 48 28 god
280 1195 55 14 man
350 1188 56 21 eller
422 1188 157 29 förmyndare,
596 1196 38 14 om
649 1189 72 21 sädan
738 1192 25 18 är
778 1191 47 19 satt
836 1188 37 21 till

116 1222 59 21 hans
190 1222 208 29 angelägenheters
415 1223 65 28 värd,
496 1224 26 20 sä
537 1223 43 21 ock
597 1223 86 22 allmän
698 1224 116 28 äklagare.

472 1289 12 20 6
501 1288 17 27 8.

184 1324 48 24 Äro
249 1326 28 22 de
293 1327 38 21 för
345 1327 85 21 ansökt
449 1327 192 28 dödsförklaring
657 1327 153 28 erforderliga
825 1334 48 14 om-

115 1360 162 29 ständigheter
300 1361 91 29 styrkta
406 1361 54 22 med
476 1362 124 21 sannolika
616 1362 56 28 skäl,
689 1362 90 21 beslute
794 1363 78 19 rätten

116 1396 35 20 att
165 1402 84 21 genom
265 1395 109 29 offentlig
396 1396 142 28 kungörelse
553 1396 64 22 kalla
633 1396 45 22 den
693 1396 128 22 försvunne
837 1398 35 19 att

115 1429 42 21 sist
173 1430 13 20 å
200 1430 48 21 viss
265 1430 52 28 dag,
335 1437 49 15 som
400 1430 20 28 ej
437 1431 39 21 må
491 1432 101 20 utsättas
607 1431 101 29 tidigare
724 1434 30 18 än
770 1438 39 14 sex
824 1431 47 21 må-

114 1464 73 21 nader
201 1464 104 21 derefter
320 1466 43 20 och
380 1466 20 28 ej
417 1472 82 14 senare
516 1470 28 17 än
560 1465 37 21 till
614 1466 44 21 den
674 1466 116 22 ordinarie
800 1467 71 20 rätte-
