1061 1631
187 114 12 20 6
409 112 28 23 U.
454 114 27 21 B.
497 126 29 2 —
540 114 75 28 Prop.
631 114 43 22 N:o
686 113 36 22 41.

751 216 45 18 1900

580 342 101 23 Transport

153 377 37 18 För
198 377 121 23 fördjupning
328 377 19 18 af
355 377 80 18 hamnen
444 377 4 17 i
459 376 95 23 Suurkylä
563 377 25 22 by
597 377 24 23 pä
629 377 51 22 Hog-

175 410 43 19 land
237 425 4 4 .
384 425 61 4 rr
471 406 43 32 rr
529 425 32 3 rr
588 406 61 32 NESS
676 425 4 3 L

152 445 38 18 För
201 445 112 24 utvidgning
319 445 20 18 af
345 445 77 18 kanalen
428 451 66 18 genom
500 425 85 38 Hästnäs
591 445 49 18 sund
646 445 35 18 och

175 480 126 23 upprensning
319 480 20 17 af
356 479 81 18 farleden
454 480 5 17 i
472 479 87 24 Willinge
571 479 47 18 sund
631 479 50 18 inom

175 514 88 23 Helsinge
282 514 67 18 socken
367 515 21 16 är
405 514 20 17 af
442 514 84 23 anslaget
542 514 73 21 110,000
627 513 54 18 mark

175 551 28 15 att
215 548 115 18 utanordnas
357 562 4 4 .
386 563 4 3 .
415 562 5 4 .
444 562 4 3 .

152 583 38 18 För
201 583 120 23 ombyggnad
333 583 19 18 af
363 583 35 18 den
410 563 71 38 kronan
493 563 30 38 för
531 557 101 53 underhåll
648 562 4 3 t
645 558 35 52 till-

175 617 80 18 skiftade
267 617 47 18 bron
327 617 51 18 öfver
386 617 98 18 Karisalmi
493 617 62 18 sund
552 623 50 12 inom
610 617 70 18 Rauta-

176 658 55 12 vaara
242 648 63 32 kapell
329 666 4 3 .
358 666 3 3 .
386 648 20 32 so
420 648 57 32 0.0.
560 667 3 2 s
589 666 4 4 de
648 649 12 31 ei
667 649 13 31 in

152 687 38 17 För
207 686 125 18 anskaffande
347 687 34 18 och
393 693 22 11 en
428 662 222 53 mndeitiöringejrän
662 687 19 17 af

174 721 40 22 järn
226 723 50 16 samt
289 721 29 18 för
330 721 114 23 uppförande
456 721 20 18 af
487 720 193 24 förrädsmagasiner
671 716 14 32 i

175 755 92 18 särskilda
279 755 62 18 städer
350 756 30 17 för
389 751 156 27 Öfverstyrelsens
555 756 30 17 för
594 757 42 22 väg-
646 756 35 18 och

175 789 195 24 vattenbyggnaderna
381 791 67 19 behof,
473 804 3 4 .
502 805 3 3 .
531 805 3 3 .
676 804 4 5 6

152 825 38 17 För
202 825 126 23 upprensning
340 825 19 18 af
370 824 120 24 fördjupning
501 825 20 18 af
532 804 74 44 ut
615 800 66 53 ställen

175 859 34 18 och
225 859 49 18 sund
287 860 4 17 i
305 859 84 18 Porovesi
401 859 35 18 och
448 859 112 23 Haapajärvi
573 859 47 22 sjöar
632 862 50 15 samt
697 870 2 8 |

176 894 28 17 för
216 894 126 23 upprensning
353 894 20 18 af
384 894 98 22 Kiurujoki
495 895 11 17 å
519 894 4 17 i
535 894 74 23 Kuopio
622 895 29 17 län

152 928 10 17 I
180 928 86 18 afseende
284 929 11 17 å
314 928 140 19 underlättande
472 929 19 17 at
506 929 71 18 arbetet
590 928 30 18 vid
634 929 61 18 läne-
686 924 13 33 |

175 963 112 22 styrelserna
308 963 5 17 i
333 963 90 23 Nylands,
441 958 42 23 Åbo
500 963 36 18 och
554 963 127 23 Björneborgs,

177 997 92 23 Wiborgs,
289 997 72 24 Kuopio
376 998 34 17 och
423 998 102 23 Uleåborgs
537 998 31 17 län
580 999 21 16 är
614 998 28 18 för
654 998 27 18 af-

176 1031 78 18 lönande
270 1031 59 18 under
341 1033 20 16 år
374 1032 44 18 1900
430 1032 20 17 af
462 1034 52 15 extra
526 1032 108 22 tjenstemän
647 1032 35 18 och
694 1033 1 19 |

176 1065 207 19 renskrifvarebiträden
395 1066 82 23 anslaget
490 1066 76 23 tillhopa
676 1081 4 3 5

153 1099 68 24 Bidrag
239 1100 30 17 för
287 1101 20 16 är
327 1100 43 18 1900
387 1101 28 17 till
427 1100 185 23 bevillningsmedlen,
625 1101 57 22 enligt

175 1135 67 23 nådiga
254 1135 122 23 kungörelsen
389 1134 34 19 den
437 1135 21 17 15
470 1135 45 18 Juni
529 1135 44 18 1898
589 1150 4 3 .

152 1170 38 18 För
202 1170 91 23 reglering
305 1170 20 18 af
336 1170 200 23 bevillningsbudgeten
545 1170 30 18 för
584 1170 44 18 ären
637 1170 43 18 1901

176 1204 67 18 —1904
256 1205 21 17 är
289 1204 20 18 af
321 1204 118 18 statsmedlen
451 1204 75 23 nädigst
536 1204 88 22 beviljadt
648 1218 3 4 .
677 1215 18 16 .|

151 1238 64 24 Enligt
228 1238 92 24 uppgjord
333 1238 116 24 förteckning
462 1239 62 23 uppgå
536 1239 100 23 utgifterna
648 1244 33 12 un-
693 1239 2 27 |

175 1273 33 17 der
221 1273 45 18 åren
279 1273 113 18 1900—1904
404 1273 29 18 för
444 1272 70 19 sådana
522 1274 93 17 allmänna
624 1274 57 22 bygg-
693 1298 1 3 |

176 1307 62 22 nader,
257 1308 30 17 för
303 1307 63 18 hvilka
384 1307 124 18 kostnaderna
527 1308 44 22 utgå
589 1308 43 17 eller
645 1308 36 17 för-

176 1342 71 22 skjutas
258 1342 19 17 af
287 1342 115 18 statsfonden
412 1342 27 17 till
448 1341 137 24 sammanlagdt
594 1342 87 22 förslags-

176 1376 25 18 vis
221 1376 104 22 16,022.946
342 1376 52 18 mark
411 1377 19 17 11
444 1376 61 22 penni;
518 1376 35 18 och
565 1382 39 12 som
616 1377 6 17 i
635 1376 46 18 bud-

175 1410 178 24 getberäkningarna
370 1411 106 18 observeras
491 1410 30 19 för
532 1410 52 18 detta
596 1410 85 18 ändamäl

175 1444 66 19 endast
253 1445 93 21 2,000,000
357 1446 67 22 årligen
438 1448 88 20 upptages
535 1445 96 18 skilnaden
639 1445 42 18 med

579 1486 101 23 Transport

204 1526 148 18 Statsutskottets
364 1526 110 18 betänkande
487 1526 37 18 N:o
537 1526 28 18 12.

733 275 34 20 E

727 343 74 20 891,237

741 411 62 21 15,018

712 1444 93 22 1,200,000!

710 1484 93 23 5,306,955

815 343 22 17 15

814 411 23 18 05

815 1485 24 18 20

891 892 62 22 75,000

863 1443 91 23 4,822,946)

849 1473 105 34 20,939,946)

967 1444 21 16 11
