1061 1631
360 114 26 22 U.
401 114 26 22 B.
444 128 27 2 —
488 114 72 28 Prop.
576 114 42 23 N:o
634 114 30 23 39
825 118 28 18 27

320 182 27 19 14
363 181 20 28 8.
404 180 43 29 (Ur
463 188 64 21 prop.
543 187 38 15 n:o
598 183 28 19 39
642 181 15 28 8
673 181 29 27 4).

201 228 124 28 Strömfall,
341 235 47 16 som
404 230 42 21 hör
462 230 32 21 till
510 229 107 27 samfäldt
632 229 171 26 vattenområde,
827 230 56 21 skall

130 266 49 21 med
199 266 78 26 grund
300 265 37 22 och
361 264 109 28 drifkraft
493 267 59 20 samt
573 266 53 25 fiske
647 266 38 21 och
700 271 77 16 annan
791 265 92 28 förmån

128 301 56 27 från
205 301 73 27 skiftet
303 301 144 27 undantagas
474 301 37 22 och
537 300 38 23 må
598 301 106 22 särskildt
727 301 61 22 delas
811 302 72 21 under

131 337 74 26 vilkor,
231 343 47 15 som
303 337 149 22 annorstädes
477 337 105 27 stadgas;
607 343 50 16 men
680 337 71 27 yrkar
777 337 104 27 delegare,

129 374 32 20 att
183 373 111 27 strömfall
317 373 37 21 bör
370 373 8 21 i
396 373 95 22 allmänt
506 373 136 27 vattenskifte
657 372 60 27 ingå,
734 373 38 21 och
785 373 95 27 pröfvas

130 409 35 21 det
179 410 33 20 att
226 409 160 26 vattenkraften
402 409 50 21 deri
467 411 29 19 är
510 409 29 26 af
550 409 88 21 mindre
653 409 69 21 värde
733 410 30 19 än
772 409 61 26 fisket
844 409 38 21 och

130 450 76 15 annan
227 443 92 28 förmån
342 445 50 21 eller
407 445 33 21 att
454 445 48 26 fall,
518 445 61 26 förty
594 446 33 20 att
640 445 52 26 flere
706 443 89 23 sådana
808 445 75 26 finnas

130 480 50 21 eller
203 480 126 27 landskiftet
352 480 35 21 det
405 486 88 16 annars
508 481 95 26 medger,
620 481 77 21 dervid
711 481 46 20 kan
771 481 56 21 utan
843 479 39 22 nå-

129 522 55 21 gons
205 515 92 28 förfång
316 517 102 26 tilläggas
433 522 65 21 egare
514 515 28 28 af
553 517 107 21 stranden
676 517 67 26 invid,
759 515 71 28 gånge
845 517 35 20 det

130 552 110 27 strömfall
256 552 49 21 med
321 552 67 27 öfrigt
398 551 164 22 vattenområde
573 553 32 20 till
615 552 64 27 skifte
691 552 54 27 efter
753 552 128 27 gradering.

201 587 52 22 Har
273 589 8 20 i
302 588 112 27 strömfall
434 589 46 20 rätt
495 589 33 20 till
549 588 160 27 vattenkraften
731 588 151 27 härförinnan

130 625 59 20 utom
205 624 64 27 skifte
284 624 93 27 lagligen
396 623 126 28 frånskilts,
543 625 57 20 skall
615 624 66 21 likväl
694 624 125 26 fiskerätten
835 624 48 21 deri

130 661 9 20 i
153 661 94 21 allmänt
262 660 137 27 vattenskifte
414 659 60 28 ingå.

282 745 25 19 15
325 743 20 28 8.
362 743 76 28 (Prop.
456 750 38 14 n:o
512 745 27 19 39
556 743 13 28 &
586 744 14 19 4
616 750 67 14 mom.
701 743 28 27 2).

203 797 40 22 Vid
258 796 122 29 gradering
396 798 38 21 och
450 798 123 26 strömfalls
588 798 159 27 uppskattning
757 803 42 21 ege
809 796 73 21 landt-

129 834 92 25 mätare,
246 832 39 21 der
305 833 46 20 han
372 832 76 22 finner
464 833 39 20 det
518 832 87 29 nödigt,
622 833 90 22 tillkalla
728 833 107 22 särskildt
850 831 31 22 bi-

129 868 63 21 träde
208 869 28 26 af
247 875 26 15 en
289 869 51 22 eller
353 869 53 26 flere
420 868 54 21 med
490 868 219 21 ortsförhållandena
725 867 116 29 förtrogne
853 867 29 22 el-

128 903 33 22 ler
176 903 67 28 eljest
259 903 143 29 sakkunnige
414 911 114 20 personer.

342 989 26 20 16
384 987 20 29 8.
422 987 77 29 (Prop.
516 995 37 14 n:o
571 989 27 19 39
615 987 13 28 $
645 988 28 27 5).

201 1041 197 28 Skiftesläggning
416 1043 9 20 i
440 1042 165 22 vattenområde
621 1041 57 22 skall
695 1043 24 19 så
735 1041 94 26 utföras,
848 1043 33 18 att

128 1076 79 29 hvarje
217 1077 110 28 delegare,
334 1077 68 21 hvars
409 1077 43 21 lott
461 1077 112 28 utbrytes,
582 1077 27 22 så
616 1078 46 21 vidt
670 1078 89 27 möjligt,
767 1076 8 21 i
783 1078 33 19 ett
825 1083 56 14 sam-

129 1113 173 28 manhängande
327 1113 42 20 och
388 1112 161 29 (förflyttning)
565 1113 73 21 under
656 1113 56 21 hans
729 1119 58 22 egen
803 1112 78 21 strand

128 1148 91 29 beläget
242 1148 69 22 skifte
330 1148 96 22 erhåller
441 1148 24 22 af
480 1149 164 28 fångstplatser
660 1148 42 22 och
719 1150 68 19 annat
804 1150 77 19 vatten

128 1184 56 22 hvar
200 1184 35 21 för
251 1184 35 28 sig
302 1184 61 26 eller,
375 1184 40 22 der
431 1184 20 29 ej
470 1186 25 20 så
510 1186 119 26 lämpligen
652 1184 45 21 kan
713 1184 46 26 ske,
772 1184 23 21 af
805 1184 76 21 hvart-

128 1220 54 21 dera
205 1220 74 28 slaget
301 1220 95 28 tillhopa
420 1222 25 19 så
465 1220 99 28 mycket,
587 1227 48 14 som
655 1220 58 21 efter
728 1220 151 28 (uteslutning)

128 1258 73 19 åsatta
215 1256 86 22 värden
318 1256 93 28 belöper
427 1256 36 28 sig
479 1258 30 26 på
524 1256 57 20 hans
596 1255 99 29 byamål.

201 1291 51 23 Har
268 1291 19 29 ej
305 1298 83 22 genom
404 1291 91 22 inlösen
510 1291 9 21 i
535 1291 159 29 vattendraget
704 1290 105 22 inrättats
822 1291 58 21 fred-

127 1327 168 29 ningsområde,
321 1327 57 21 skall
402 1327 40 21 vid
466 1327 125 29 delningen
612 1327 81 21 främst
708 1329 33 19 ett
756 1327 55 21 eller
826 1327 55 22 flere

128 1362 229 30 fredningsområden
372 1362 114 29 utbrytas,
503 1363 73 21 under
591 1362 147 29 iakttagande
754 1363 24 21 af
793 1362 62 22 hvad
873 1362 6 22 i

129 1400 151 27 (uteslutning)
299 1401 25 19 17
344 1399 50 28 kap.
414 1398 221 29 byggningabalken
652 1399 77 21 derom
746 1398 98 29 stadgas.

204 1441 214 19 Vattenrättsutskottets
430 1441 118 19 betänkande
561 1440 36 19 N:o
609 1441 17 18 4.
