1061 1631
203 152 15 19 4
508 150 43 23 N:v
567 151 34 21 45.

176 219 131 29 gångsdag,
323 226 49 14 som
388 218 72 22 andra
475 219 164 21 kalenderåret
650 219 103 22 derefter
763 219 60 21 först
833 218 101 28 infaller,

177 253 94 22 anmäla
286 253 37 28 sig
337 253 42 21 hos
395 255 78 20 rätten
488 253 41 22 vid
539 253 111 28 äfventyr
663 255 36 20 att
708 253 48 21 han
767 252 69 29 eljest
845 253 90 27 varder,

177 288 41 21 der
233 287 21 29 ej
271 287 55 28 laga
348 287 84 22 hinder
453 295 82 21 yppas,
557 295 86 20 genom
661 289 90 20 rättens
767 287 54 21 dom
837 287 38 21 för
889 287 46 21 död

176 321 129 22 förklarad.

246 356 165 29 Kungörelsen
436 357 60 21 skall
521 357 44 21 ock
587 357 120 21 innehålla
731 356 146 29 uppmaning
898 356 38 21 till

178 391 51 27 alla,
254 398 51 14 som
327 391 81 21 kunna
430 391 77 22 lemna
529 391 145 28 upplysning
696 390 117 22 huruvida
829 390 45 22 den
890 390 46 21 för-

177 433 92 14 svunne
291 425 75 22 lefver
389 425 57 22 eller
464 429 26 18 är
510 425 52 28 död,
579 427 35 20 att
632 425 64 22 inom
716 432 89 15 samma
820 425 35 21 tid
870 425 66 28 gifva

178 461 39 20 det
233 461 79 20 rätten
327 459 122 22 tillkänna.

535 525 46 26 78.

247 563 165 29 Kungörelsen
428 563 60 22 skall
504 563 77 22 anslås
594 565 14 20 å
618 565 89 20 rättens
724 564 55 21 dörr
794 563 45 22 och
853 571 83 22 genom

179 598 133 22 sökandens
335 598 84 28 åtgärd
441 598 89 21 införas
553 598 8 21 i
584 597 119 22 allmänna
728 597 153 30 tidningarna
902 600 35 19 tre

179 633 97 28 gånger,
293 633 67 21 deraf
374 639 28 14 en
413 633 65 28 gång
487 633 8 20 i
506 632 74 21 första
591 639 123 14 nummern
725 632 26 21 af
761 632 40 21 det
811 632 126 29 fjerdedels

178 667 147 28 kalenderår,
341 674 50 14 som
406 674 29 14 en
449 666 86 22 månad
551 666 102 22 derefter
668 667 61 21 först
744 666 102 22 infaller.

247 701 89 22 Rätten
358 709 43 22 ege
424 701 50 28 ock,
498 701 40 22 der
561 701 44 22 den
628 701 97 28 pröfvar
740 701 85 21 sådant
840 708 56 15 vara
912 701 26 21 af

178 736 85 28 nöden,
281 736 141 21 föreskrifva
432 736 167 27 kungörelsens
610 736 125 21 införande
743 735 89 28 jemväl
842 735 8 21 i
861 742 77 15 annan

179 771 102 28 tidning.

535 801 48 26 88.

249 839 152 22 Framställes
424 840 51 21 icke
498 840 74 21 under
595 840 161 28 anslagstiden
779 840 57 21 eller
858 840 80 21 förrän

180 875 73 21 saken
277 875 117 28 företages
418 874 37 21 till
478 875 129 28 afgörande
627 875 39 28 jäf
687 877 64 19 emot
769 874 168 28 ansökningen,

180 909 57 22 eller
252 909 76 21 finner
342 911 78 19 rätten
442 909 95 21 anfördt
552 909 39 28 jäf
604 909 74 21 sakna
694 909 47 28 fog,
759 909 29 21 dä
803 908 78 29 varde,
898 908 41 21 der

182 943 131 22 domstolen
329 943 61 22 efter
405 943 31 22 fri
451 943 114 29 pröfning
581 944 25 21 af
620 944 44 21 allt
679 943 63 22 hvad
752 943 9 21 i
773 943 96 22 ärendet
879 943 59 22 före-

181 978 100 21 kommit
296 985 68 14 anser
379 977 28 22 de
423 978 38 21 för
476 977 222 30 dödsförklaringen
721 977 156 28 erforderliga
892 984 47 14 om-

181 1011 164 30 ständigheter
359 1019 57 14 vara
430 1011 98 29 styrkta,
545 1012 46 21 den
606 1013 127 20 försvunne
749 1019 85 22 genom
849 1013 89 20 rättens

182 1047 53 20 dom
251 1047 38 20 för
305 1047 46 21 död
366 1046 126 22 förklarad.

537 1112 48 25 98.

251 1152 51 20 Har
325 1151 119 21 sökanden
467 1151 13 21 ä
502 1150 206 29 inställelsedagen
730 1150 129 28 uteblifvit,
882 1157 57 21 upp-

183 1186 79 28 skjute
277 1187 78 20 rätten
378 1185 96 21 ärendet
489 1185 38 21 till
542 1192 78 14 annan
635 1184 37 22 tid
687 1186 61 20 samt
763 1184 121 29 förelägge
899 1184 41 22 ho-

182 1227 55 14 nom
253 1222 36 19 att
304 1220 29 21 dä
348 1220 210 21 tillstädeskomma
573 1220 40 21 vid
629 1220 110 27 äfventyr
755 1221 40 24 att,
813 1219 41 21 der
869 1219 71 21 äfven

183 1255 39 21 det
238 1255 146 28 försummas,
402 1254 96 22 ärendet
514 1254 132 22 afskrifves.

252 1288 89 22 Finner
362 1291 83 26 rätten,
462 1290 30 27 pä
506 1288 105 28 yrkande
628 1289 26 21 af
667 1290 54 26 part
744 1288 57 21 eller
816 1288 72 28 eljest,
904 1290 37 18 ut-

183 1324 101 27 redning
299 1323 8 21 i
323 1323 71 21 saken
410 1324 26 20 af
450 1323 83 28 nöden,
555 1324 38 20 mä
615 1323 106 28 uppskof
739 1322 44 22 ock
798 1322 81 22 kunna
894 1322 47 21 ske.

535 1389 25 19 10
576 1387 18 27 5.

253 1428 100 21 Pröfvar
375 1430 77 18 rätten
475 1428 40 20 vid
537 1428 210 28 handläggningen
764 1428 26 20 af
804 1426 85 22 ärende
905 1434 37 13 om

184 1462 193 28 dödsförklaring
392 1462 38 21 för
445 1462 142 28 sanningens
606 1462 130 22 utredande
752 1462 85 21 sädant
851 1461 90 29 nödigt,
