1061 1631
331 161 31 23 B.
377 162 71 22 B.'—
463 161 74 30 Prop.
554 161 45 23 N:o
614 161 38 23 43.

390 465 254 29 Lagutskottets
667 464 206 24 betänkande

322 501 51 22 N:o
392 500 12 22 14
441 501 9 22 i
465 500 135 28 anledning
616 500 28 23 af
656 499 65 23 Hans
737 499 136 29 Kejserliga

323 534 123 29 Majestäts
468 534 91 28 nådiga
577 534 156 29 proposition
748 533 125 28 angående

322 568 152 24 försvunnen
486 575 102 22 persons
598 568 160 23 förklarande
768 567 41 24 för
817 567 56 23 död.

186 665 51 22 Den
252 665 167 22 förberedande
434 665 209 29 handläggningen
659 665 26 22 af
697 665 77 22 denna
790 665 85 30 nådiga

117 700 144 30 proposition
277 699 42 22 har
334 699 26 22 af
372 699 110 29 samtliga
497 700 68 21 stånd
583 699 164 22 öfverlemnats
763 699 35 22 till
814 699 62 28 Lag-

117 735 121 24 utskottet,
254 741 49 14 som
318 733 77 22 tillika
411 734 95 21 erhållit
520 734 38 21 del
574 733 26 22 af
605 734 30 21 de
642 734 144 27 uttalanden,
795 733 81 23 hvilka

118 769 41 22 vid
181 769 106 21 ärendets
305 768 79 21 remiss
400 768 109 29 afgifvits
524 769 8 20 i
547 768 180 22 Presteståndet.
758 769 34 20 På
807 768 70 29 begä-

118 811 42 14 ran
176 803 41 22 har
232 803 121 22 Utskottet
368 802 130 22 sedermera
513 803 46 21 fått
574 803 52 21 från
642 803 234 28 Ekonomiedeparte-

120 840 98 19 mentets
234 838 8 21 i
257 837 132 28 Kejserliga
400 837 104 21 Senaten
513 837 35 21 för
556 837 104 22 Finland
668 837 76 21 kansli
753 839 123 27 emottaga,

115 872 74 29 jemte
210 871 117 29 protokoll
350 871 66 21 öfver
438 871 45 21 den
506 871 39 22 vid
565 871 107 21 ärendets
688 871 189 29 föredragning
863 867 18 38 i

121 907 100 21 Senaten
246 905 123 22 förefallna
392 905 151 29 omröstning,
566 905 114 22 särskilda
702 906 6 21 i
732 905 71 22 saken
831 905 45 29 till-

120 941 85 22 komna
220 940 143 27 handlingar.
682 942 2 2 |

191 1066 76 22 Sedan
284 1066 130 21 Ständerna
429 1066 35 21 uti
480 1066 147 29 underdånig
641 1067 98 28 petition
757 1066 26 22 af
796 1067 44 20 den
852 1067 27 24 29

121 1101 47 29 Maj
186 1102 53 21 1897
255 1101 105 27 anhållit,
377 1103 35 19 att
427 1101 67 21 Hans
509 1101 131 28 Kejserliga
650 1101 109 28 Majestät
769 1101 56 21 ville
833 1101 46 21 låta

123 1135 106 22 utarbeta
252 1135 43 22 och
317 1135 121 29 förelägga
459 1135 91 21 landets
566 1135 100 22 Ständer
681 1135 87 29 förslag
783 1135 37 22 till
835 1135 45 29 lag,

121 1170 162 22 innefattande
299 1169 145 29 stadganden
460 1170 79 21 derom
555 1170 59 21 huru
630 1170 60 21 finsk
699 1178 59 18 man,
767 1177 49 15 som
825 1170 56 28 lång

121 1204 36 21 tid
179 1204 61 22 varit
261 1204 143 21 försvunnen
426 1206 58 19 utan
508 1207 35 19 att
557 1204 168 22 underrättelse
741 1212 37 14 om
794 1204 86 22 honom

121 1238 93 30 inlupit,
237 1239 38 21 må
298 1238 79 22 kunna
395 1238 26 22 af
434 1238 101 22 domstol
551 1238 36 22 för
603 1238 45 22 död
664 1239 119 27 förklaras,
799 1240 26 20 så
840 1235 42 25 har

122 1273 101 22 Senaten
247 1272 120 23 anmodats
392 1275 34 19 att
449 1276 56 25 taga
528 1273 94 21 ärendet
640 1273 73 22 under
733 1274 149 30 ompröfning

122 1307 45 22 och
194 1308 51 21 med
271 1307 157 29 underdånigt
452 1308 111 28 yttrande
589 1308 48 21 deri
660 1308 37 21 till
721 1308 64 22 Hans
811 1308 71 29 Maje-

123 1344 48 19 stät
184 1342 125 22 inkomma.
331 1342 12 21 I
358 1342 129 28 anledning
503 1342 69 22 häraf
585 1342 41 22 har
642 1342 100 22 Senaten
756 1342 127 30 uppdragit

122 1377 26 21 åt
162 1376 209 28 Lagberedningen
388 1378 34 19 att
437 1379 56 25 taga
509 1376 82 29 frågan
607 1384 37 14 om
659 1377 121 22 införande
796 1377 26 22 af
834 1377 49 29 lag-

123 1410 147 29 stadganden
292 1410 35 22 uti
346 1410 38 22 det
400 1410 27 22 af
440 1410 132 22 Ständerna
589 1410 103 30 antydda
706 1411 62 29 syfte
783 1412 8 20 i
807 1411 76 23 öfver-

123 1444 108 30 vägande
254 1447 61 20 samt
336 1448 105 25 uppgöra
463 1445 160 29 underdånigt
644 1445 88 29 förslag
755 1446 36 21 till
814 1445 39 29 lag
876 1446 7 20 i

124 1481 85 20 ämnet.
239 1479 67 22 Efter
329 1479 39 22 det
389 1479 212 29 Lagberedningen
628 1480 36 21 till
688 1480 147 28 fullgörande
861 1480 26 21 af

194 1526 134 22 Lagutskottets
341 1526 111 18 betänkande
465 1526 39 18 N:o
518 1526 27 18 14.
