1061 1631
175 135 11 21 jak

189 134 12 22 00

392 134 28 23 U.
434 134 25 23 B.
475 148 27 3 —
518 134 75 30 Prop.
609 135 41 23 N:o
664 135 37 22 42.

243 200 88 22 Rätten
356 208 43 22 ege
422 201 50 28 ock,
491 201 40 22 der
553 201 46 22 den
621 201 94 29 pröfvar
734 200 84 23 sådant
836 208 57 15 vara
911 200 23 23 af

175 235 78 22 nöden
275 235 57 22 eller
349 235 123 22 urkunden
490 235 130 22 innehåller
638 235 114 22 förbehåll
771 235 86 28 derom,
876 236 58 21 före-

175 270 89 21 skrifva
288 270 167 29 kungörelsens
480 270 209 29 offentliggörande
713 270 86 29 jemväl
824 271 9 20 i
857 278 75 14 annan

176 304 94 29 tidning
289 305 56 22 eller
363 305 29 28 på
412 307 71 19 annat
501 307 54 19 sätt.

530 391 14 21 9
564 391 21 27 8.

247 453 50 22 Har
316 455 78 20 rätten
412 453 98 22 beslutit
522 453 38 22 till
573 453 155 29 efterlysande
741 453 24 22 af
776 453 160 22 innehafvare-

178 488 57 21 eller
257 488 163 29 orderpapper,
440 495 42 22 ege
501 488 43 22 ock
562 488 66 22 makt
647 491 35 19 att
700 489 29 28 på
748 488 131 22 sökandens
898 495 39 14 an-

178 523 82 22 hällan
279 522 105 22 meddela
403 522 45 22 den
466 523 141 28 förpligtade
626 523 84 22 förbud
729 525 35 20 att
782 523 102 28 fullgöra
900 529 36 15 ur-

179 557 108 22 kundens
314 557 104 22 innehåll
445 558 25 21 så
498 557 43 22 ock
569 559 35 20 att
621 557 93 22 utfärda
732 565 32 20 ny
782 557 82 29 talong
882 557 56 27 eller

180 592 97 28 kupong
305 592 36 21 till
365 591 139 22 densamma.
541 591 90 22 Sådant
658 591 219 29 betalningsförbud
903 593 34 20 ut-

180 629 55 26 göre
263 627 21 28 ej
311 625 83 22 hinder
419 626 36 22 för
481 626 91 22 inlösen
600 627 23 21 af
649 627 104 28 kupong,
773 633 48 15 som
839 626 98 29 tidigare

180 660 116 29 utgifvits.

250 694 250 30 Betalningsförbudet
526 695 48 22 läte
601 695 119 22 sökanden
749 694 115 29 delgifvas
894 694 45 22 den

181 729 143 30 förpliktade
352 730 25 21 sä
401 729 43 22 ock
462 730 9 21 i
490 729 121 29 offentliga
629 729 156 29 kungörelsen
803 729 56 29 ingä
877 729 62 27 eller,

183 772 36 14 om
247 764 77 21 denna
351 764 71 22 redan
449 764 122 28 utfärdats,
591 764 111 21 särskildt
727 765 120 28 kungöras
865 764 74 21 såsom

183 801 78 20 rätten
280 799 94 29 pröfvar
392 798 82 29 nödigt
491 799 135 22 bestämma.

532 903 30 21 10
576 903 20 26 8.

254 961 51 22 Har
323 961 20 29 ej
362 961 73 21 under
454 961 159 28 anslagstiden
632 961 56 22 eller
706 961 72 20 innan
798 959 96 22 ärendet
908 959 34 22 fö-

185 997 93 26 retages
306 995 37 22 till
369 995 127 30 afgörande
523 995 123 22 urkunden
665 995 80 22 blifvit
763 993 106 22 företedd
886 994 56 21 eller

187 1032 72 19 annat
277 1031 33 29 jäf
323 1033 61 19 emot
396 1030 161 29 ansökningen
569 1030 133 28 framstälts,
716 1036 42 22 ege
771 1031 76 19 rätten
863 1029 76 28 (utesl.)

186 1065 104 22 förklara
307 1065 123 22 urkunden
449 1064 82 23 dödad.

534 1170 28 20 11
584 1170 19 26 8.

257 1233 96 21 Företes
377 1232 107 29 efterlyst
501 1232 99 28 urkund,
618 1232 48 22 låte
685 1233 85 26 rätten,
789 1231 71 21 innan
880 1234 64 18 ären-

189 1268 39 21 det
247 1267 131 27 afskrifves,
397 1267 119 21 sökanden
534 1267 23 21 af
576 1266 133 22 densamma
728 1269 56 25 taga
802 1265 45 22 del.

259 1301 96 28 Varder,
374 1301 60 22 ändå
453 1304 34 19 att
505 1301 123 22 urkunden
646 1302 21 28 ej
686 1300 93 28 företes,
791 1300 34 28 jäf
834 1302 62 19 emot
906 1307 38 14 an-

189 1337 132 27 sökningen
339 1336 138 28 framstäldt,
496 1336 60 22 skall
574 1338 84 25 rätten,
677 1335 41 21 der
737 1335 20 29 ej
777 1334 73 30 jäfvet
859 1341 85 22 uppen-

188 1406 64 22 inom
277 1405 48 22 viss
349 1405 42 28 tid,
409 1405 41 22 vid
469 1405 108 29 äfventyr
594 1407 36 19 att
646 1404 125 22 urkunden
789 1403 57 29 eijes
863 1402 80 23 varder

190 1441 85 27 dödad,
293 1440 61 22 inför
373 1440 97 28 behörig
489 1440 99 21 domstol
606 1447 37 14 om
661 1439 74 29 jäfvet
745 1438 113 22 särskildt
867 1438 78 26 tvista,

260 1490 133 22 Lagutskottets
405 1489 111 17 betänkande
527 1489 38 17 N:o
578 1488 27 18 13.
