1061 1631
334 117 25 22 U.
375 118 27 21 B.
420 130 26 3 —
464 118 73 28 Prop.
554 117 44 23 N:o
615 118 28 22 37

400 439 279 23 Vattenrättsutskottets
709 440 154 22 betänkande

328 475 44 23 N:o
394 476 14 21 5
428 476 10 21 i
454 476 136 27 anledning
605 476 28 22 af
646 476 65 22 Hans
728 476 137 28 Kejserliga

328 512 120 28 Majestäts
472 512 89 27 nådiga
581 512 154 28 proposition
751 511 42 22 till
808 511 56 22 Fin-

328 548 70 22 lands
418 548 104 23 Ständer
549 554 40 17 om
617 548 136 27 antagande
777 547 28 22 af
825 548 40 27 lag

328 584 125 27 angående
472 591 35 22 ny
526 584 92 28 lydelse
634 584 28 22 af
677 584 25 22 17
719 583 46 23 och
781 583 28 22 18
826 584 39 22 ka-

328 620 76 28 pitlen
421 620 239 27 byggningabalken.

185 691 52 23 Den
258 692 165 21 förberedande
446 692 170 28 behandlingen
639 691 23 22 af
686 692 74 21 denna
780 691 84 28 nådiga

113 727 142 29 proposition
275 728 42 21 har
332 728 23 21 af
371 727 106 29 samtliga
493 728 72 21 Stånd
581 727 162 22 öfverlemnats
760 727 34 21 till
811 727 54 21 Vat-

114 764 215 25 tenrättsutskottet,
352 763 90 22 hvilket
464 763 74 22 tillika
561 763 90 21 erhållit
668 763 36 21 del
720 763 23 21 af
761 763 28 21 de
806 765 59 19 utta-

113 799 90 26 landen,
221 807 48 14 som
286 799 40 22 vid
343 799 104 22 ärendets
464 799 79 22 remiss
560 799 146 22 förekommit
721 799 7 21 i
751 799 114 28 Borgare-

114 835 43 21 och
172 835 184 22 Bondestånden.
379 835 33 21 På
427 835 101 28 begäran
543 835 41 21 har
598 835 119 21 Utskottet
734 835 131 20 sedermera

114 870 43 21 fått
177 870 51 21 från
248 870 320 29 Ekonomiedepartementets
591 870 7 21 i
617 870 131 28 Kejserliga
765 870 100 21 Senaten

116 906 75 21 kansli
207 908 116 27 emottaga
345 906 112 21 särskilda
472 906 8 21 i
496 907 71 20 saken
583 906 121 21 tillkomna
719 905 144 28 handlingar.

187 1117 24 18 17
230 1115 43 21 och
291 1117 26 19 18
333 1115 51 28 kap.
401 1115 26 21 B.
444 1115 26 20 B.
489 1115 23 21 af
528 1115 114 21 allmänna
657 1115 67 28 lagen
735 1115 82 28 stadga
828 1121 36 14 om

113 1153 45 19 rätt
178 1153 33 19 att
226 1151 35 21 för
280 1151 59 21 fiske
362 1148 76 31 nyttja
453 1151 167 28 vattendragen
639 1151 42 21 och
698 1151 102 28 saltsjön.
833 1150 32 22 Af

113 1186 71 28 sagda
204 1186 86 29 kapitel
310 1187 96 21 handlar
425 1187 39 21 det
484 1187 61 21 förra
563 1194 37 14 om
616 1187 117 28 delegares
749 1186 8 21 i
776 1186 89 22 samfäl-

112 1222 74 28 lighet
204 1222 140 29 befogenhet
359 1225 33 19 att
408 1222 54 22 idka
478 1222 59 22 fiske
553 1222 34 22 uti
603 1222 185 29 samfälligheten
805 1222 60 28 tilly-

113 1258 75 21 dande
210 1258 179 26 vattenområde,
412 1259 84 21 medan
513 1261 26 19 18
555 1259 51 27 kap.
623 1258 126 21 innehåller
765 1258 100 21 bestäm-

112 1294 82 28 ningar
213 1294 118 28 angående
352 1295 99 21 kronans
476 1294 104 22 enskilda
600 1294 76 22 fisken
693 1296 58 20 samt
767 1301 37 14 om
821 1296 44 18 rätt

113 1332 33 18 att
161 1329 105 22 bedrifva
282 1330 59 21 fiske
356 1330 8 21 i
380 1332 86 24 vatten,
484 1338 49 14 som
546 1338 53 20 eges
616 1330 24 21 af
655 1330 87 21 kronan
758 1330 55 20 eller
823 1329 42 21 hör

112 1365 35 21 till
158 1366 91 20 härads-
259 1366 56 21 eller
331 1366 232 28 sockneallmänning.
587 1365 214 29 Bestämningarna,
813 1372 52 20 syn-

111 1401 112 28 nerligast
243 1402 34 20 uti
299 1404 26 18 17
345 1402 59 28 kap.,
421 1402 80 21 hvilka
516 1405 38 18 äro
570 1402 92 28 knappa
678 1402 42 21 och
737 1401 48 21 afse
801 1403 64 19 rätts-

187 1443 211 19 Vattenrättsutskottets
411 1444 117 18 betänkande
540 1444 38 18 N:o
590 1444 17 18 5.
