1061 1631
355 102 27 23 U.
400 102 26 22 B.
444 116 26 2 —
486 102 74 28 Prop.
577 102 42 22 N:o
634 102 36 22 31.
877 103 11 19 5

133 171 76 22 nämda
225 173 30 20 tio
271 172 22 21 år
309 171 91 29 uppgått
415 171 30 20 till
462 172 78 26 649",
556 171 40 21 och
611 171 81 28 utgjort
707 171 56 26 lägst
777 170 66 28 något
856 170 32 21 öf-

135 213 36 13 ver
197 207 26 20 60
235 206 33 27 %/,
294 206 24 21 år
341 207 61 24 1896,
428 205 63 28 högst
518 207 25 20 70
555 206 33 26 9/,,
611 205 49 21 åren
686 206 53 20 1892
763 205 39 20 och
829 206 58 20 1899.

134 239 35 22 Då
191 239 36 22 det
249 241 55 20 visat
323 241 32 26 sig
371 243 31 17 att
417 240 99 21 trafikens
533 240 70 20 starka
619 240 85 27 ökning,
720 239 86 21 hvilken
823 240 5 20 i
845 239 41 27 hög

133 274 52 28 grad
209 274 131 21 framkallats
364 274 26 27 af,
405 277 101 18 taxornas
521 273 143 28 nedsättning,
680 273 92 21 medfört
788 281 25 13 en
829 277 56 24 steg-

134 309 47 27 ring
196 308 23 21 af
233 308 172 21 driftkostnaden
422 309 6 20 i
444 308 66 28 något
522 309 66 20 större
600 309 121 27 proportion
733 309 26 19 än
772 308 22 20 af
805 308 83 21 inkom-

133 346 53 23 sten,
202 350 63 21 synes
281 343 36 20 det
333 343 17 28 cj
367 342 77 27 rädligt
460 345 31 18 att
506 342 35 21 vid
558 342 138 28 uppgörande
711 342 23 21 af
745 342 142 21 förevarande

134 377 95 28 kalkyler
250 380 76 25 antaga
343 380 30 17 ett
389 376 125 28 nedgående
530 377 22 20 af
567 376 192 28 utgiftsprocenten
776 376 69 21 under
859 377 29 20 de

134 412 62 27 709/,
220 411 59 28 (eller
302 412 59 25 69,88)
384 419 45 13 som
449 411 45 20 året
511 411 53 21 1899
581 412 84 19 utvisat.
696 410 112 22 Utskottet
823 419 64 12 anser

134 445 37 22 det
186 446 124 27 visserligen
327 453 49 14 vara
393 445 82 28 möjligt
490 448 31 18 att
537 445 69 21 denna
622 446 122 27 proportion
761 445 76 21 mellan
854 448 34 18 ut-

133 480 42 27 gift
197 480 40 21 och
259 481 94 20 inkomst
375 481 17 27 ej
417 480 104 21 behöfver
537 479 151 21 öfverskridas.
718 479 51 21 Men
783 479 27 21 då
827 481 4 19 i
851 480 36 21 be-

134 514 112 21 traktande
261 518 66 24 tages,
343 517 31 18 att
390 522 25 13 en
432 514 81 27 ökning
528 513 21 21 af
565 513 123 29 personalen
701 513 34 21 vid
747 514 139 27 jernvägarne

134 556 50 21 nyss
200 549 72 20 blifvit
288 549 130 27 medgifven,
433 548 139 21 medförande
589 548 46 21 från
652 548 22 21 år
686 549 54 20 1900
753 551 31 18 ett
794 549 93 20 tillskott

133 583 23 20 af
178 583 97 28 omkring
298 584 90 25 385,000
411 583 59 21 mark
492 583 5 20 i
521 583 121 27 utgifterna,
665 585 31 18 att
718 590 25 13 en
763 583 123 27 ytterligare

133 617 80 28 ökning
236 617 22 21 af
281 617 125 28 personalen
426 617 41 20 kan
484 617 67 20 blifva
567 617 23 20 af
605 617 70 20 nöden
691 617 30 20 till
739 617 147 21 dubbelservis

134 651 33 21 för
189 651 128 21 åtminstone
341 659 25 14 en
391 652 34 20 del
448 652 23 20 af
486 651 150 26 lokomotiven,
652 655 55 17 samt
721 654 32 18 att
768 652 71 27 prisen
855 651 33 21 för

133 685 84 22 bränsle
232 685 95 22 fortfarit
343 689 31 18 att
388 687 62 26 stiga,
465 693 63 20 synes
543 685 163 28 försigtigheten
724 685 64 28 bjuda
804 689 31 17 att
852 686 36 21 be-

133 720 66 21 räkna
221 720 173 21 driftkostnaden
418 720 65 27 något
506 720 70 27 högre,
591 721 26 20 än
634 720 41 21 den
691 721 79 26 utgjort
785 720 24 21 år
825 721 59 24 1899,

134 754 50 21 eller
206 755 31 20 till
261 755 124 27 förslagsvis
409 755 63 26 729/,
494 755 6 20 i
516 754 99 21 medeltal
630 754 23 21 af
669 754 217 21 bruttoinkomsterna

134 789 33 20 för
182 789 50 20 åren
249 790 147 20 1909--1904.

201 823 11 20 I
227 823 151 28 sammanhang
394 823 86 21 härmed
497 823 37 21 har
550 823 112 22 Utskottet
676 826 53 18 trott
744 824 33 27 sig
792 824 50 20 böra
853 826 33 18 ut-

133 857 42 21 tala
197 857 131 22 tvifvelsmål
350 857 111 28 angående
483 857 149 28 lämpligheten
648 857 23 21 af
686 865 25 13 en
728 857 66 21 sådan
810 857 74 28 åtgärd

134 899 44 13 som
196 891 39 21 den
252 891 67 21 under
334 892 92 20 förlidna
445 891 49 22 höst
510 891 104 28 beviljade
631 891 108 28 betydliga
755 891 132 21 nedsättnin-

133 933 41 20 gen
199 925 23 21 af
246 926 185 27 jernvägsfrakten
455 926 34 21 för
512 926 100 28 spanmål.
643 926 77 21 Denna
743 926 142 27 nedsättning,

133 967 44 13 som
194 960 91 21 minskat
300 961 151 27 jernvägarnas
467 960 120 21 trafikvinst
602 960 46 21 med
666 960 64 27 några
742 960 143 21 hundratusen

133 994 65 26 mark,
214 994 37 21 har
268 995 123 27 visserligen
408 995 63 20 sänkt
487 995 140 27 sädesprisen,
643 1002 46 13 men
705 995 47 20 icke
769 995 75 20 endast
853 995 33 20 för

133 1028 116 21 invånarne
271 1030 5 19 i
299 1029 27 20 de
342 1029 22 20 af
383 1030 103 19 missväxt
502 1029 108 20 hemsökta
626 1029 114 24 trakterna,
756 1032 49 17 utan
821 1029 65 20 äfven

133 1062 34 21 för
182 1063 67 27 öfriga
266 1063 157 21 konsumenter.
446 1063 48 21 Och
507 1065 129 26 importörer,
647 1071 45 13 som
704 1064 111 26 emottagit
825 1071 62 20 span-

133 1096 184 29 målssändningar
342 1097 45 21 före
413 1098 109 20 rabattens
548 1097 126 28 beviljande,
696 1097 65 21 hafva
786 1097 100 21 drabbats

133 1131 22 21 af
177 1131 106 21 förluster.
319 1131 44 21 Det
384 1139 64 20 synes
471 1139 51 13 vara
543 1133 106 27 riktigare,
672 1135 31 18 att
725 1132 160 28 undsättnings-

133 1165 98 28 åtgärder
259 1166 98 27 vidtagas
388 1166 28 28 på
438 1166 76 21 sådant
540 1168 42 19 sätt
607 1170 31 17 att
662 1166 26 21 de
714 1166 47 21 icke
787 1166 98 21 störande

133 1200 81 28 ingripa
231 1201 5 19 i
256 1200 40 21 den
323 1200 59 21 alltid
409 1200 121 21 svårskötta
555 1200 210 28 spanmålshandelns
791 1201 95 28 kalkyler

133 1234 46 25 och,
194 1234 90 21 framför
301 1235 42 25 allt,
359 1238 31 17 att
411 1235 148 28 uppoffringen
576 1235 45 21 från
638 1239 81 17 statens
735 1235 46 21 sida
797 1235 88 28 begrän-

133 1275 33 13 sas
182 1268 31 20 till
229 1272 31 17 att
276 1268 83 21 komma
376 1269 76 21 endast
468 1268 26 22 de
509 1269 128 21 nödlidande
653 1270 31 20 till
700 1269 61 28 godo.

203 1308 160 28 Trafikvinsten
389 1309 75 22 skulle,
480 1309 66 27 enligt
563 1310 64 20 ofvan
650 1309 90 21 anförda
761 1309 122 27 beräkning,

133 1342 83 21 komma
243 1346 30 17 att
296 1344 74 26 utgöra
397 1344 65 26 28%
486 1343 22 21 af
531 1343 203 21 bruttoinkomstens
750 1343 77 28 belopp
843 1343 40 21 och

132 1376 82 22 således
231 1377 61 21 ställa
307 1378 34 26 sig
358 1377 24 21 är
399 1378 54 20 1900
470 1377 12 21 &
497 1378 47 26 Sy
561 1378 108 27 7,656,000
686 1381 59 24 samt,
762 1378 66 20 under
843 1378 41 20 den

132 1410 119 22 stundande
267 1411 179 28 finansperioden,

201 1456 144 18 Statsutskottets
357 1457 111 18 betänkande
481 1458 37 17 N:o
531 1458 12 16 9
557 1458 20 17 A.
