1061 1631
321 113 85 23 Ständ.
420 113 39 23 Sv.
474 126 28 4 —
518 114 74 28 Prop.
608 113 45 23 N:o
668 114 38 22 33.
879 114 13 21 3

137 186 158 29 synnerligast
319 193 49 14 som
391 185 75 22 fisken
490 185 61 22 skall
568 185 71 30 pläga
656 186 9 21 i
683 185 85 23 nämda
786 185 32 22 elf
835 193 57 22 upp-

137 221 61 28 stiga
216 221 59 21 först
292 219 41 23 vid
350 220 106 22 vinterns
474 219 98 23 inträde.

205 254 188 22 Vidkommande
415 255 14 21 9
449 256 13 26 &
480 254 71 23 hafva
570 253 139 29 Ständerna,
727 261 50 15 som
794 254 30 29 pä
841 254 51 22 skäl

137 288 80 23 hvilka
241 289 77 22 nedan
342 289 74 22 under
439 290 14 26 &
474 289 29 22 11
524 289 98 28 anföras,
641 291 59 20 trott
717 289 36 28 sig
772 289 56 22 böra
845 288 47 22 till-

137 323 88 29 styrka,
243 325 36 20 att
296 323 80 30 hvarje
397 323 148 30 bestämning
564 331 37 14 om
618 323 185 29 veckofredning
821 323 71 22 mätte

137 358 119 28 uteslutas,
276 360 77 20 ansett
372 359 34 20 att
424 358 97 22 emedan
534 357 154 23 anskaffande
700 358 23 21 af
737 357 95 22 stäende
842 357 50 22 red-

137 393 58 28 skap
214 392 44 22 och
276 391 52 23 dess
353 392 147 29 anläggande
518 393 13 21 å
550 392 76 22 derför
644 393 30 28 pä
692 391 99 23 förhand
808 391 83 23 utsedd

137 427 61 28 plats
217 431 26 18 är
263 426 107 23 förenadt
396 427 53 22 med
475 426 134 30 betydande
636 427 126 22 kostnader
779 429 60 19 samt
857 428 35 20 ut-

137 461 108 22 sättande
257 461 9 22 i
278 461 80 22 hafvet
376 461 23 22 af
416 461 73 22 sådan
512 461 101 29 redskap
632 461 73 22 oftast
721 461 86 29 jemväl
827 463 65 27 tager

137 496 99 28 mycken
253 495 36 22 tid
307 495 43 22 och
368 495 68 22 möda
453 496 9 21 i
480 496 108 29 anspråk,
606 495 52 28 den,
678 503 47 14 som
737 495 58 22 först
807 495 85 22 hunnit

139 531 13 20 å
170 530 126 22 fiskeställe
314 531 9 21 i
340 530 81 22 hafvet
442 531 116 28 anbringa
576 530 96 22 stående
689 530 107 29 redskap,
821 529 71 23 borde

137 564 88 22 tillåtas
243 565 77 29 nyttja
339 564 133 23 densamma
489 565 74 21 under
580 564 54 22 hela
650 564 131 22 fisketiden.

209 599 28 21 11
259 600 19 27 &,
297 607 49 14 som
365 600 73 28 angår
449 599 191 28 veckofredning,
655 599 69 22 borde
737 599 75 28 enligt
824 598 68 23 Stän-

139 633 83 22 dernas
240 633 96 29 mening
354 634 30 28 på
402 633 102 30 följande
523 633 52 22 skäl
592 634 64 29 utgå.

205 668 46 21 För
269 667 40 22 det
325 668 73 22 första
416 667 78 23 blefve
512 667 39 22 det
569 670 65 20 snart
652 667 69 30 sagdt
739 668 106 29 omöjligt
858 669 34 20 att

137 702 62 22 vaka
217 703 65 21 öfver
305 702 153 29 stadgandets
481 702 112 29 behöriga
611 702 144 28 efterlefnad,
774 701 44 23 och
835 704 56 20 utan

137 735 72 23 sådan
228 737 103 28 eftersyn
349 744 54 15 vore
421 737 180 28 bestämningen
616 737 61 22 blott
690 744 27 14 en
731 736 46 22 död
795 736 96 22 bokstaf.

205 771 124 22 Dessutom
357 771 75 22 skulle
459 771 141 29 stadgandet
627 773 62 20 stöta
715 771 30 29 på
771 771 121 28 praktiska

137 805 152 29 svårigheter.
325 805 47 23 För
397 805 136 23 utsättande
561 806 24 21 af
610 805 147 29 fiskbragder
783 805 9 22 i
812 805 80 22 hafvet

136 839 115 22 erfordras
277 840 70 29 lugnt
372 840 78 28 väder,
480 840 44 22 och
550 839 30 22 då
607 839 39 22 det
668 839 75 30 gäller
767 839 125 29 bragder
880 835 15 39 i

136 875 73 21 större
218 874 93 29 mängd,
322 875 68 28 åtgår
407 874 79 22 dertill
504 882 29 14 en
551 873 35 23 tid
604 875 24 21 af
646 882 29 14 en
688 874 56 22 eller
756 875 41 21 två
809 873 82 30 dagar;

136 908 123 23 enahanda
283 912 25 18 är
334 909 156 22 förhållandet
513 909 41 22 vid
571 909 142 28 redskapens
735 908 156 29 upptagande.

137 943 12 21 I
167 942 110 23 händelse
302 943 24 22 af
349 945 72 20 storm
438 943 79 22 kunde
535 943 89 22 således
643 943 66 22 dessa
727 942 112 29 bragders
856 945 36 20 ut-

137 977 108 22 sättande
264 977 57 22 eller
337 977 116 30 vittjande
471 977 114 30 fördröjas
602 977 76 22 under
695 977 54 22 flere
765 977 72 29 dagar
849 977 43 22 och

138 1011 134 30 derigenom
295 1012 77 22 blefve
390 1012 43 23 allt
450 1012 58 22 fiske
527 1011 174 30 omöjliggjordt
718 1011 116 22 måhända
851 1019 41 14 un-

139 1045 40 22 der
202 1053 29 15 en
254 1046 39 22 hel
316 1047 85 22 veckas
425 1046 41 22 tid.
503 1046 49 23 Och
576 1049 109 25 tvärtom,
708 1047 9 21 i
735 1046 42 22 fall
797 1053 54 15 man
869 1045 24 22 af

139 1083 69 19 storm
227 1088 54 15 vore
305 1081 137 22 förhindrad
466 1083 36 20 att
524 1083 105 27 upptaga
652 1081 56 22 eller
725 1080 100 23 tillsluta
842 1079 50 23 red-

139 1114 94 29 skapen,
246 1123 55 14 vore
319 1115 40 22 det
376 1115 108 30 omöjligt
501 1117 36 20 att
554 1115 89 28 utreda,
661 1115 96 22 hvilken
775 1115 51 28 fisk,
845 1122 47 15 som

139 1149 49 22 deri
206 1150 78 28 ingått
301 1150 75 22 under
398 1150 124 30 förbjuden
543 1150 56 22 eller
616 1150 164 29 fredningstid.

207 1182 77 24 Äfven
303 1184 23 22 af
345 1184 73 23 andra
435 1185 95 22 orsaker
546 1192 56 15 vore
615 1184 45 22 den
669 1184 132 29 föreslagna
810 1184 82 22 vecko-

138 1218 139 30 fredningen
294 1219 51 21 icke
363 1219 104 29 lämplig.
498 1219 93 22 Braxen
610 1218 43 23 och
671 1218 25 22 id
713 1219 62 29 stiga
792 1218 101 29 vanligt-

138 1253 36 22 vis
191 1253 75 22 under
283 1261 29 14 en
329 1254 94 28 mycket
432 1254 54 22 kort
497 1253 42 28 tid,
552 1254 62 22 blott
625 1254 74 28 några
708 1253 79 29 dagar.
811 1252 12 22 I
836 1252 56 22 hän-

139 1286 62 23 delse
227 1287 159 29 fredningstid
412 1287 30 23 då
465 1288 88 28 infölle,
576 1295 55 15 vore
655 1288 109 29 fångsten
785 1287 24 23 af
827 1286 66 23 dessa

138 1321 97 30 fiskslag
261 1322 74 22 under
358 1323 51 21 året
432 1323 26 21 så
480 1322 58 29 godt
561 1330 49 14 som
628 1321 169 31 omöjliggjord.
832 1321 61 22 Lika

138 1356 54 22 litet
208 1364 55 14 vore
281 1356 186 30 veckofredning
485 1356 185 30 ändamålsenlig
686 1356 53 23 med
757 1355 108 24 afseende
879 1356 14 22 å

137 1390 153 29 vinterfisket,
309 1390 97 24 emedan
424 1393 16 20 t.
458 1398 35 16 ex.
511 1391 159 29 lakryssjorna
683 1390 128 30 vanligtvis
820 1392 74 20 utsät-
