1061 1631
346 105 26 22 U.
388 105 26 22 B.
429 118 28 3 —
473 106 71 28 Prop.
559 106 40 22 N:o
614 106 37 22 41.
860 108 24 20 11

132 173 50 24 falla
204 173 59 28 lägre
285 175 27 21 än
337 175 41 25 för:
396 175 103 27 perioden
527 176 118 21 1896—99.
678 176 30 21 På
731 176 70 27 grund
824 175 65 26 häraf,

133 210 40 21 och
189 210 27 21 då
231 211 40 21 den
286 210 134 21 förstnämda
434 209 97 28 kalkylen
542 209 45 22 ledt
594 210 32 21 till
635 210 89 27 ungefär
733 216 81 15 samma
821 210 68 21 resul-

133 247 38 24 tat,
185 244 66 22 håller
266 245 112 21 Utskottet
385 243 47 22 före
441 246 33 19 att
483 244 199 21 tullinkomsternas
695 244 147 27 medelbelopp
851 251 38 21 per

133 279 24 20 år
174 279 39 21 bör
230 278 33 22 för
271 280 62 20 nästa
340 278 146 27 finansperiod
494 278 104 22 beräknas
610 279 31 20 till
648 279 60 21 F:mk
717 279 131 26 32,000,000:
856 291 34 8 —

133 313 40 21 Ett
196 313 76 22 sådant
293 313 92 21 resultat
405 315 24 18 är
457 312 114 27 sannolikt,
600 312 62 22 äfven
692 319 35 15 om
757 313 26 22 de
812 313 78 22 ekono-

134 347 68 22 miska
223 347 160 22 förhållandena
402 347 70 21 under
489 347 102 27 perioden
606 347 46 22 icke
668 347 69 22 skulle
752 347 91 27 gestalta
858 348 33 26 sig

135 383 103 26 gynsamt,
255 384 22 25 ty
295 381 148 22 erfarenheten
461 381 39 21 har
515 381 113 28 ådagalagt
642 384 32 19 att
688 382 166 21 konsumtionen
870 381 23 22 af

134 416 143 27 importvaror
299 416 18 27 ej
341 416 7 20 i
369 415 110 28 synnerlig
494 416 52 27 grad
561 416 87 27 nedgår,
664 422 34 15 om
713 418 32 19 ett
759 416 52 22 eller
825 419 65 18 annat

134 452 71 20 sämre
220 451 23 21 år
259 450 101 22 inträffar.

203 485 94 21 Härmed
313 485 36 21 vill
364 485 114 21 Utskottet
493 485 45 21 icke
553 485 63 21 hafva
631 487 54 25 sagt,
700 487 31 20 att
746 485 41 21 den
802 485 89 22 anförda

134 519 145 27 beräkningen
296 521 24 20 är
338 519 87 22 absolut
444 519 68 22 säker.
542 519 67 22 Svåra
627 520 127 21 missväxter
769 519 39 22 och
823 520 67 21 andra

134 553 132 22 kalamiteter
288 553 73 22 kunna
383 553 70 22 rubba
475 554 129 21 densamma.
634 554 50 21 Men
702 554 80 21 sådana
796 556 95 19 utomor-

135 588 94 27 dentliga
243 588 128 27 motigheter
386 588 52 21 eller
454 588 85 27 olyckor
554 588 140 27 undandraga
709 589 33 26 sig
752 588 73 27 hvarje
837 589 53 21 bud-

135 622 112 27 getkalkyl,
269 622 39 21 och
332 625 46 18 mot
400 623 27 20 de
448 623 175 26 missräkningar,
645 629 46 15 som
713 622 23 22 af
753 623 48 21 dem
819 623 73 21 kunna

136 657 71 26 vållas,
223 659 37 19 äro
276 657 102 21 Finlands
388 656 95 22 finanser
495 657 103 27 tryggade
617 663 76 21 genom
705 657 186 27 reservtillgångar

135 691 7 20 i
157 691 104 21 särskilda
275 691 81 21 fonder.

203 726 40 21 Till
265 725 52 27 följd
339 725 23 22 af
384 725 141 22 omförmälda
545 725 156 28 uppskattning
722 725 24 22 af
769 725 122 22 tullinkom-

136 762 72 19 sterna
231 760 72 21 ställer
325 760 33 27 sig
380 759 154 22 totalsumman
557 760 68 21 under
647 760 66 27 tredje
729 760 60 21 titeln
805 761 12 20 å
833 760 59 21 F:mk

135 794 130 26 32,780,000:
281 807 33 8 —.

203 829 41 20 Till
262 829 114 27 belysande
396 829 22 20 af
431 828 174 22 tullinkomstens
621 829 109 26 betydelse
745 829 7 20 i
768 829 40 20 den
823 828 69 22 finska

137 862 217 27 statshushållningen
379 862 61 21 torde
463 864 58 19 ännu
536 863 53 20 böra
603 862 128 27 framhållas,
747 865 31 19 att
793 869 99 15 summan

135 896 24 21 af
172 897 98 26 samtliga
285 897 180 25 statsinkomster,
482 897 131 21 oberäknadt
628 897 148 27 behållningen
788 897 39 21 och
837 897 55 21 före-

137 931 68 26 slaget
220 931 95 26 statslän,
331 931 33 21 för
379 931 104 27 perioden
500 931 141 21 1901—1904
656 931 114 22 beräknats
781 932 72 27 uppgå
861 932 31 21 till

136 965 61 22 F:mk
211 965 132 26 69,359,000:
358 979 28 2 —
396 966 7 21 i
413 965 65 27 årligt
486 965 103 25 medeltal,
605 965 76 22 hvaraf
690 966 59 21 F:mk
759 966 132 26 49,516,000:

136 1013 27 2 —
178 999 73 28 inflyta
274 1006 77 21 genom
372 1000 140 27 beskattning
528 999 22 22 af
564 1000 56 21 olika
635 1000 52 27 slag.
716 1000 176 26 Tullinkomsten,

136 1034 120 27 kalkylerad
273 1035 31 20 till
319 1034 127 27 32,000,000
466 1034 67 26 mark,
548 1036 63 25 utgör
626 1035 63 20 alltså
703 1035 78 26 46,19/,
797 1034 22 21 af
827 1035 66 21 totala

137 1068 176 22 statsinkomsten
330 1069 39 21 och
384 1069 78 26 64,69/,
477 1068 23 21 af
512 1069 41 20 alla
569 1069 169 21 skatteintrader.

204 1103 34 21 Dä
252 1103 207 26 tullbeskattningen
476 1103 89 21 sälunda
581 1105 63 24 utgör
655 1103 41 21 den
707 1103 130 27 ojämförligt
850 1104 42 26 vig-

135 1137 78 27 tigaste
231 1137 23 21 af
271 1139 81 20 statens
371 1137 164 21 inkomstkällor
547 1137 67 27 jämte
630 1137 36 21 det
680 1140 32 19 att
727 1137 123 22 tulltariffen
865 1138 28 27 pä

136 1171 140 27 mängfaldigt
291 1174 43 19 sätt
348 1172 100 21 inverkar
464 1172 28 26 pä
507 1172 40 21 den
563 1172 139 21 ekonomiska
713 1172 181 21 verksamheten
882 1167 15 36 i

136 1206 77 26 landet,
236 1208 23 19 är
282 1207 36 21 det
340 1206 104 27 naturligt
462 1208 32 19 att
512 1206 40 21 alla
567 1206 71 27 frägor
654 1206 39 22 och
707 1206 82 28 förslag
803 1207 91 21 rörande

136 1240 143 22 tullväsendet
301 1242 36 20 äro
360 1240 89 22 föremäl
472 1240 34 21 för
527 1247 25 15 en
573 1240 109 28 synnerlig
699 1241 195 27 uppmärksamhet.

137 1274 69 22 Sedan
229 1274 23 22 är
276 1275 55 21 1869
353 1274 39 22 har
414 1274 124 22 tulltariffen
561 1275 116 27 undergätt
703 1275 76 21 endast
797 1275 97 27 partiella

137 1308 155 28 förändringar.
337 1309 112 21 Utskottet
487 1309 77 21 =tilliror
596 1310 34 26 sig
659 1310 66 20 uttala
755 1312 31 19 att
823 1310 71 21 denna

135 1343 151 21 konservativa
322 1343 76 27 politik
433 1344 29 26 pä
500 1344 154 21 =tullväsendets
684 1344 87 21 område
800 1346 24 19 är
853 1344 41 21 den

136 1383 46 15 som
207 1377 49 22 bäst
280 1380 120 19 motsvarar
425 1378 84 21 landets
534 1378 113 21 intressen.
682 1374 70 26 Äfven
775 1378 120 22 Ständerna

136 1411 62 21 hafva
220 1412 105 21 särskilda
347 1412 80 27 gånger
446 1412 62 27 gifvit
528 1412 84 28 uttryck
627 1413 22 21 åt
664 1413 40 21 den
721 1413 85 26 tanken,
821 1414 32 20 att
868 1419 25 15 en

205 1457 143 18 Statsutskottets
361 1458 113 17 betänkande
487 1458 37 17 N:o
537 1458 28 18 12.
