1061 1631
456 174 29 17 :0
502 168 53 23 84.

321 468 67 25 Hans
423 468 156 32 Kejserliga
614 468 139 32 Majestäts
789 467 82 33 nådiga

251 508 139 33 proposition
414 509 34 25 till
472 508 104 26 Finlands
599 508 102 33 Ständer,
719 508 151 26 innefattande

252 549 61 25 vissa
336 549 166 32 bestämningar
526 548 114 33 angående
664 556 123 25 gemensam
809 548 61 25 kom-

251 589 170 26 munalstämma.

180 681 31 21 På
236 681 36 21 det
295 682 34 20 att
343 681 151 27 stadgandena
510 687 33 16 om
559 681 281 27 kommunalförvaltningen
858 681 12 21 å

113 715 74 22 landet
209 715 36 22 må
266 715 75 22 kunna
355 716 7 21 i
378 715 79 28 nödiga
473 715 59 22 delar
548 715 108 28 tillämpas
673 716 13 21 å
701 715 26 22 de
741 715 128 22 fiskevårds-

113 749 129 28 föreningar,
265 749 72 22 hvilka
352 751 38 20 äro
406 749 90 22 afsedda
511 751 34 20 att
559 750 8 21 i
582 756 26 15 en
624 756 28 21 ny
667 749 150 28 fiskeristadga
831 749 39 28 på-

113 784 84 28 bjudas,
216 784 40 21 har
275 784 60 21 Hans
351 784 120 28 Kejserliga
485 784 105 29 Majestät
604 784 89 22 härmed
708 784 57 22 velat
780 784 7 21 i
803 784 68 21 nåder

114 818 33 22 till
162 818 132 23 Ständernas
309 819 123 27 antagande
451 819 130 22 öfverlemna
596 821 32 20 ett
644 819 80 28 förslag
739 819 33 22 till
786 818 84 22 förord-

114 853 57 28 ning,
193 853 149 22 innefattande
364 853 58 22 vissa
443 853 162 28 bestämningar
621 853 111 28 angående
747 859 122 22 gemensam

114 887 223 27 kommunalstämma,
355 888 25 21 så
394 887 103 28 lydande:

321 991 83 27 Förslag
420 991 28 22 till
464 991 123 28 förordning,
608 991 138 22 innefattande
761 992 57 21 vissa
833 992 36 21 be-

251 1025 127 27 stämningar
398 1025 108 28 angående
526 1031 117 22 gemensam
660 1026 208 21 kommunalstämma.

181 1093 74 22 Såsom
278 1093 74 28 tillägg
374 1094 32 21 till
422 1094 57 21 hvad
494 1095 7 20 i
516 1094 152 27 förordningen
685 1095 110 26 angående
810 1095 59 20 kom-

113 1127 205 29 munalförvaltning
333 1129 29 27 på
376 1129 81 27 landet,
474 1129 24 22 af
506 1129 39 22 den
561 1131 24 20 15
596 1129 52 22 Juni
661 1130 59 26 1898,
732 1131 25 20 är
767 1129 103 27 stadgadt

113 1162 78 22 varder
205 1162 125 28 härigenom
345 1163 129 22 förordnadt
490 1164 71 21 såsom
576 1163 70 28 följer:

471 1227 45 27 18.

180 1266 42 21 För
237 1266 160 28 handläggning
413 1266 23 22 af
448 1266 228 28 fiskevårdsförenings
691 1267 179 27 angelägenheter

113 1300 56 22 skall
187 1307 122 21 gemensam
324 1301 217 23 kommunalstämma
557 1302 23 21 af
594 1302 26 21 de
634 1302 127 21 kommuner
777 1302 50 21 eller
843 1301 26 21 de

114 1334 59 22 delar
184 1334 23 22 af
214 1335 133 26 kommuner,
358 1342 46 15 som
414 1336 52 27 ingå
473 1336 7 21 i
488 1336 132 28 föreningen,
628 1336 68 22 hållas
705 1336 65 22 minst
778 1343 25 15 en
812 1336 57 27 gång

113 1375 34 15 om
163 1370 53 26 året,
233 1370 12 20 å
261 1370 41 27 dag
317 1370 39 21 och
371 1372 42 24 ort,
430 1376 46 16 som
492 1371 7 21 i
514 1370 136 28 föreningens
666 1371 88 27 stadgar
765 1370 104 28 angifvas.

180 1404 63 27 Dylik
265 1405 93 21 stämma
380 1405 174 21 sammanträder
577 1405 60 21 äfven
661 1405 66 27 eljest,
748 1405 27 21 då
791 1404 79 22 sådant

113 1438 35 22 vid
169 1438 126 22 förenämda
317 1440 92 20 stämma
431 1439 102 22 beslutits
551 1439 51 22 eller
618 1440 62 21 äskas
696 1439 22 22 af
730 1439 139 27 föreningens

113 1472 213 27 förvaltningsnämd.
