1061 1631
344 114 28 23 U.
390 115 28 22 B.
435 128 26 2 —
478 115 74 28 Prop.
569 115 44 23 N:o
628 115 38 23 42.
873 116 13 20 9

196 186 186 23 Vidkommande
405 187 234 29 rättsverkningarna
663 187 23 22 af
706 187 59 28 dom,
785 195 49 14 som
852 187 34 28 ly-

129 221 40 22 der
195 222 13 21 &
231 221 104 22 urkunds
357 221 113 28 dödande,
490 225 39 18 äro
550 221 117 22 desamma
685 222 7 21 i
710 221 175 30 propositionen

128 256 50 21 icke
202 256 139 21 inskränkta
364 255 38 22 till
426 257 36 20 att
485 256 45 21 den
551 255 90 23 dödade
662 256 123 22 urkunden
804 256 82 21 endast

129 291 96 22 förlorar
243 291 36 21 sin
297 290 105 29 förmäga
420 292 36 20 att
473 293 83 26 utgöra
574 291 66 21 bevis
657 291 37 21 för
705 290 181 23 innehafvarens

128 327 53 26 rätt,
208 324 73 23 sädan
307 325 77 21 denna
412 325 107 28 angifves
547 325 23 22 af
593 325 166 28 ordalydelsen.
796 325 90 22 Domen

128 359 42 22 har
187 359 117 29 nämligen
323 359 69 22 äfven
410 359 94 22 erhällit
522 361 33 20 ett
571 359 97 29 positivt
682 359 104 22 innehäll
802 367 84 21 genom

129 396 35 20 att
190 394 102 22 förlänas
319 393 149 30 egenskapen
496 396 35 19 att
557 394 36 21 för
617 393 119 23 sökanden
754 397 85 26 utgöra
858 401 28 14 en

128 428 48 22 lika
202 428 46 29 god
275 428 156 29 legitimation
458 431 62 19 emot
535 428 57 22 "den
615 428 141 29 förpligtade
779 436 47 15 som
849 436 37 14 ur-

128 463 95 22 kunden
246 462 59 22 hade
329 463 68 27 varit,
420 465 58 20 utan
498 465 34 19 att
549 463 83 22 domen
651 463 58 22 dock
729 463 103 22 sträcker
850 463 36 21 sin

128 497 87 22 verkan
243 497 36 22 till
307 497 83 29 sjelfva
414 497 215 22 rättsförhällandet
650 497 98 22 emellan
767 497 118 22 sökanden

129 531 44 22 och
194 531 45 22 den
257 531 147 30 förpligtade,
424 531 91 22 hvilket
533 532 89 21 säledes
640 531 143 23 fortfarande
803 536 25 17 är
845 540 41 13 un-

129 566 135 22 derkastadt
286 565 122 23 enahanda
428 566 174 29 invändningar
624 574 48 14 som
693 567 49 21 före
760 567 126 21 mortifika-

129 601 85 22 tionen.
251 601 86 21 Tillika
363 604 25 18 är
415 601 120 22 sökanden
559 601 85 28 tillagd
667 603 48 19 rätt
738 603 36 20 att
799 601 88 22 erhälla

129 637 53 26 nytt
194 635 116 29 exemplar
326 635 23 22 af
366 635 45 22 den
424 635 90 22 dödade
533 635 123 22 urkunden
674 638 61 19 emot
751 635 134 29 skyldighet

130 672 35 19 att
182 669 131 22 vidkännas
331 669 130 22 kostnaden
480 670 36 21 för
534 670 51 21 dess
603 669 145 22 utfärdande.

197 807 128 28 Utskottet,
352 815 49 14 som
428 808 8 21 i
463 807 76 22 likhet
565 808 51 21 med
642 808 63 21 1897
727 809 37 20 ärs
788 807 100 22 Ständer

129 842 78 21 funnit
227 842 151 29 lagstiftning
398 842 36 21 uti
455 850 33 14 nu
506 842 179 29 ifrägavarande
704 846 66 17 ämne
788 849 57 15 vara
865 843 22 20 af

129 875 109 23 behofvet
259 876 117 29 päkallad,
394 876 42 22 har
454 877 42 21 vid
513 877 146 28 granskning
678 877 24 21 af
719 877 112 28 förslaget
849 877 38 21 till

130 912 33 27 lag
180 919 35 13 om
233 912 95 21 dödande
345 912 28 27 af
388 912 110 21 urkunder
516 911 108 22 omfattat
643 911 27 22 de
686 911 200 29 grundprinciper,

129 946 30 28 pä
181 945 81 22 hvilka
285 945 126 22 detsamma
429 949 26 18 är
473 946 81 28 bygdt.
590 946 67 21 Dock
675 945 71 22 hafva
763 945 123 29 förslagets

130 979 246 29 detaljbestämningar
403 982 89 19 ansetts
519 980 75 21 lemna
620 987 51 14 rum
695 981 36 21 för
753 981 74 27 nägra
848 981 38 28 pä-

129 1014 130 21 minnelser.

197 1049 92 21 Främst
310 1049 42 21 har
372 1049 123 22 Utskottet
513 1049 7 21 i
539 1049 126 28 anledning
684 1049 22 21 af
724 1048 160 29 stadgandena

129 1083 8 20 i
158 1083 11 20 1
190 1084 13 25 &
221 1083 64 22 velat
302 1083 128 28 framhålla,
449 1083 111 22 hurusom
579 1083 74 28 enligt
672 1083 31 21 25
722 1084 13 25 $
754 1083 8 21 i
777 1083 109 29 gällande

130 1117 135 28 förordning
287 1117 119 29 angäende
425 1118 145 28 sparbanker
588 1117 23 22 af
629 1117 45 22 den
696 1117 27 21 19
743 1117 58 22 Juni
823 1117 62 22 1895

129 1151 51 28 den,
199 1159 50 14 som
266 1152 96 22 förlorat
380 1152 130 29 sparbanks
528 1152 102 28 motbok,
647 1152 41 22 bör
705 1152 78 22 derom
796 1152 90 22 anmäla

129 1186 42 22 hos
195 1186 157 29 sparbankens
374 1186 104 29 styrelse,
501 1187 13 21 å
532 1187 96 21 hvilken
647 1186 39 22 det
704 1186 71 22 sedan
793 1187 94 21 ankom-

129 1228 47 14 mer
200 1223 35 19 att
253 1221 109 29 efterlysa
380 1221 127 22 motboken
526 1228 83 22 genom
628 1221 145 29 kungörelse,
791 1228 49 15 som
858 1222 29 28 pä

129 1255 129 22 bekostnad
286 1256 23 21 af
335 1255 51 28 den,
413 1256 98 21 hvilken
537 1256 97 22 förlorat
661 1256 82 27 boken,
768 1256 60 21 skall
852 1258 34 19 tre

129 1290 88 28 gänger
241 1290 87 22 införas
351 1290 7 22 i
379 1290 92 22 landets
494 1290 118 22 allmänna
630 1290 120 29 tidningar
769 1290 42 22 och
829 1298 57 21 upp-

129 1324 60 22 läsas
210 1324 9 21 i
240 1326 77 20 ortens
339 1324 92 29 kyrkor.
467 1325 12 21 I
498 1324 111 22 händelse
626 1324 126 22 motboken
770 1325 51 21 icke
841 1324 45 22 till-

129 1358 165 24 rättakommer
318 1359 62 21 inom
403 1366 40 14 sex
464 1358 113 23 månader
595 1360 59 20 efter
672 1359 39 21 det
729 1359 72 22 sådan
819 1359 67 21 efter-

129 1393 62 28 lysni
202 1400 22 22 ;g
247 1394 57 21 sista
327 1394 93 28 gången
442 1396 42 26 egt
505 1401 57 20 rum,
581 1397 25 18 är
624 1394 52 27 den,
695 1394 35 22 för
747 1393 69 22 hvars
835 1394 51 21 räk-

128 1428 58 28 ning
212 1428 185 28 efterlysningen
424 1428 70 28 skett,
521 1428 133 29 berättigad
681 1431 34 19 att
737 1428 148 22 utbekomma

198 1471 132 22 Lagutskottets
343 1471 111 18 betänkande
466 1471 38 18 N:o
519 1472 26 17 13.

932 1053 33 21 18
