1061 1631
342 104 26 22 U.
384 104 28 21 B.
429 117 27 2 -—
474 104 73 28 Prop.
563 103 45 23 N:o
623 103 30 22 33

416 473 280 23 Vattenrättsutskottets
719 473 156 23 betänkande

338 509 44 23 N:o
400 509 14 22 6
430 510 10 21 i
456 509 137 30 anledning
612 509 28 22 af
657 509 66 22 Hans
739 509 137 29 Kejserliga

337 545 122 29 Majestäts
475 545 90 28 nädiga
580 546 154 28 proposition
751 546 125 27 angäende

338 588 35 21 ny
387 581 178 28 fiskeristadga.

196 666 82 21 Denna
297 665 85 28 nädiga
402 665 143 29 proposition
566 666 40 21 har
622 665 23 22 af
661 665 105 29 samtliga
782 665 71 22 Ständ
869 665 8 21 i

126 701 107 22 afseende
249 703 13 19 å
278 701 164 21 förberedande
467 701 174 28 handläggning
663 701 162 22 öfverlemnats
841 701 36 21 till

126 735 259 28 Vattenrättsutskottet,
410 744 49 14 som
482 737 87 28 jemväl
594 737 90 21 erhållit
700 737 36 21 del
753 737 23 21 af
792 737 28 21 de
836 736 41 22 vid

126 773 104 21 ärendets
254 773 79 21 remiss
356 773 8 20 i
388 773 95 26 Preste-,
508 773 108 28 Borgare-
640 773 42 21 och
698 773 179 21 Bondestånden

126 808 87 29 afgifna
227 809 129 28 yttranden.
385 808 47 22 Vid
449 809 106 20 ärendets
571 809 140 28 behandling
726 809 41 20 har
783 808 94 22 Utskot-

125 846 34 19 tet
181 844 51 21 haft
255 847 32 18 att
310 844 65 29 tillgå
396 844 20 29 ej
434 844 90 21 mindre
541 847 32 18 ett
589 845 69 20 äfven
674 845 34 20 till
724 845 103 21 Stånden
842 847 34 18 ut-

126 880 77 21 deladt
226 880 143 21 betänkande
393 880 100 28 afgifvet
516 880 45 21 den
584 882 12 19 6
620 880 66 29 April
710 881 57 20 1898
789 880 23 21 af
833 880 44 21 den

126 915 92 26 komité,
240 923 48 14 som
310 916 50 21 haft
378 916 7 21 i
402 916 106 28 uppdrag
525 918 33 19 att
573 916 104 21 utarbeta
693 916 85 28 förslag
794 916 35 21 till
844 924 33 20 ny

127 951 162 29 fiskeristadga
307 952 42 21 och
365 951 35 22 till
416 952 72 21 andra
505 952 86 21 sådana
606 952 110 28 åtgärder,
734 959 49 14 som
799 952 76 21 kunde

126 987 105 22 befinnas
258 995 54 14 vara
335 987 34 22 till
394 995 62 21 gagn
483 987 36 22 för
542 987 89 22 landets
655 987 168 29 fiskerinäring,
847 992 29 17 än

127 1024 69 21 äfven
211 1031 28 14 en
255 1024 212 28 sammanställning
488 1024 24 21 af
528 1024 28 21 de
572 1024 139 25 utlåtanden,
728 1031 49 14 som
793 1023 24 22 af
833 1028 44 17 sär-

127 1059 74 21 skilda
216 1059 161 28 myndigheter
393 1059 107 28 afgifvits
517 1059 65 21 öfver
597 1059 154 26 förenämnda,
769 1060 45 20 den
825 1067 16 13 s.
854 1060 21 20 k.

127 1095 193 22 fiskerikomiténs
345 1095 93 29 förslag.
471 1095 62 21 Från
559 1095 130 28 Kejserliga
714 1095 100 21 Senaten
836 1095 42 21 har

126 1131 119 21 Utskottet
268 1131 116 29 derjemte,
408 1133 30 27 på
461 1131 108 29 begäran,
594 1131 43 22 fått
658 1134 113 26 emottaga
793 1131 28 21 de
837 1131 40 22 vid

127 1167 182 29 propositionens
335 1168 151 21 utarbetande
513 1168 119 20 tillkomna
658 1168 137 28 handlingar
819 1170 58 19 samt

127 1203 113 29 protokoll
263 1203 65 22 öfver
351 1204 45 20 den
420 1203 150 28 omröstning,
595 1210 48 14 som
662 1203 40 21 vid
719 1204 104 20 ärendets
842 1204 36 20 be-

127 1238 96 29 redning
239 1239 8 21 i
263 1239 99 21 Senaten
377 1239 154 21 förekommit.

201 1352 104 21 Emedan
328 1352 114 22 allmänna
465 1352 81 29 lagens
563 1352 164 29 stadganden
715 1348 17 37 i
745 1355 26 19 17
790 1353 42 21 och
851 1354 26 19 18

127 1388 51 28 kap.
196 1388 25 21 B.
238 1388 27 21 B.
283 1388 117 28 angående
423 1391 45 18 rätt
492 1391 33 19 att
548 1389 35 21 till
605 1388 60 22 fiske
688 1388 75 29 nyttja
785 1388 28 21 de
829 1388 48 21 inre

202 1430 210 18 Vattenrättsutskottets
426 1431 117 18 betänkande
556 1431 37 18 N:o
605 1432 17 17 6.
