1061 1631
45 756 26 19 16
83 755 46 26 (17)
141 755 20 28 8.

209 119 26 20 18
418 118 29 22 U.
463 118 27 23 B.
506 130 28 5 —
550 118 75 29 Prop.
640 118 46 24 N:o
701 119 37 23 37.

176 183 35 22 till
235 183 42 22 sitt
292 183 146 22 fiskevatten.
471 184 12 21 I
499 184 92 29 analogi
607 185 53 21 med
676 185 61 21 hvad
753 192 50 15 som
819 185 61 22 skett
895 186 12 21 i
919 187 14 20 2

176 220 51 28 kap.
245 221 13 20 2
276 220 14 29 S
306 220 23 21 af
345 219 67 30 lagen
429 227 37 14 om
483 222 161 25 vattenrätten,
662 221 41 21 der
713 221 65 28 fråga
788 224 25 19 är
823 229 38 14 om
872 221 62 22 flott-

176 255 194 29 ningsmanskaps
384 258 45 19 rätt
439 258 34 20 att
489 256 74 21 under
579 257 118 28 pägäende
713 257 110 28 flottning
839 257 95 22 beträda

176 291 111 22 stranden
302 291 23 22 af
340 292 144 28 vattendrag,
502 293 41 20 har
558 292 120 22 Utskottet
694 293 59 21 dock
769 295 56 19 trott
841 293 36 28 sig
892 294 41 21 här

176 327 56 22 böra
247 330 57 25 göra
318 329 72 27 nägra
431 327 168 30 iliskränkningar
615 328 93 22 utöfver
723 329 53 21 dem
785 336 64 21 prop.
862 329 69 22 redan

176 363 133 21 innehåller.
341 363 102 22 Sålunda
466 364 42 21 har
522 364 8 21 i
546 364 64 28 fråga
626 371 38 14 om
680 364 97 21 fiskares
792 364 140 29 befogenhet

176 401 34 19 att
232 399 96 22 beträda
349 407 87 14 annans
452 400 78 21 strand
545 400 87 29 jemväl
647 400 116 27 badställe,
776 401 154 28 undantagits,

176 437 59 19 samt
258 434 71 22 bland
353 435 28 22 de
396 435 144 22 beträffande
564 438 74 19 rätten
654 438 33 19 att
702 436 117 29 upplägga
834 437 97 31 redskap

176 470 35 21 till
226 471 117 29 torkning,
352 471 148 29 undantagna
516 472 109 21 områden
636 472 98 29 inrymts
745 473 70 21 också
825 473 107 28 upplags-

176 507 66 28 plats,
254 507 120 22 hvaremot
390 507 34 22 uti
440 510 94 19 motsatt
544 507 61 29 syfte
616 508 122 29 uttrycken
751 508 122 26 ,särskildt
882 511 49 19 vär:

176 542 45 21 dad
236 543 73 28 skog”
322 545 81 19 ersatts
417 543 53 22 med
483 543 39 22 det
532 543 158 22 inskränktare
702 543 126 29 begreppet
839 544 91 29 ,park*.

175 577 86 23 Likaså
276 579 41 21 har
333 579 39 21 det
386 579 8 21 i
411 579 65 29 fråga
491 587 38 13 om
544 579 141 28 befogenhet
700 582 33 19 att
744 580 85 21 erhålla
842 584 45 25 väg
895 580 35 21 till

176 613 141 23 fiskevatten
340 615 23 21 af
385 622 63 21 prop.
473 615 122 29 uppstälda
619 615 74 22 vilkor
716 617 87 20 ansetts
818 615 112 29 billigtvis

176 649 54 22 böra
254 652 71 27 något
348 650 130 22 förmildras
498 651 103 26 sålunda,
618 654 33 18 att
666 659 29 14 en
711 651 65 28 dylik
791 651 140 28 befogenhet

176 686 136 28 medgåfves
339 687 69 21 redan
435 687 29 21 då
487 687 284 21 fiskerättsinnehafvaren
798 687 55 28 eljes
880 687 50 21 icke

175 721 127 29 lämpligen
317 723 77 20 kunde
410 723 92 21 komma
518 723 35 21 till
569 725 95 20 vattnet.

250 760 27 19 16
293 759 15 28 &
324 760 126 20 motsvarar
466 760 27 20 45
509 759 15 28 8
539 759 8 21 i
563 759 178 28 fiskeristadgan
757 759 24 21 af
797 759 45 21 den
857 761 14 19 4
886 759 44 21 De-

175 793 93 22 cember
285 796 56 20 1865
358 795 43 21 och
417 794 62 21 hvad
495 801 50 15 som
560 802 33 14 nu
602 795 73 28 gäller
685 794 9 21 i
704 797 13 19 3
728 795 15 28 &
755 797 26 19 17
793 795 52 28 kap.
857 795 25 21 B.
894 795 35 26 B.,

175 837 52 14 men
238 830 118 21 meddelar
366 830 134 29 utförligare
516 830 173 29 bestämningar
704 830 63 21 såväl
777 830 96 21 rörande
884 837 46 14 om-

175 865 193 29 ständigheterna,
386 866 28 21 då
430 866 130 21 vedermäle
576 866 35 21 får
626 869 72 26 tagas,
711 873 49 14 som
771 866 117 29 angående
900 866 29 21 de

175 901 77 22 dertill
272 901 148 29 berättigade.
452 903 36 20 Då
505 902 127 21 emellertid
656 902 45 21 den
724 902 41 21 här
783 901 94 29 intagna
893 902 36 21 be-

175 937 147 30 stämningen
345 940 33 19 att
394 938 38 21 det
448 945 49 14 som
513 938 130 21 vedermäle
659 941 69 25 'tagna
742 937 87 29 jemväl
845 938 84 21 erhölle

175 973 148 29 egenskapen
339 974 23 21 af
375 976 55 26 pant
447 973 48 22 dels
511 975 69 27 utgör
595 981 29 14 en
640 974 111 21 afvikelse
767 973 52 22 från
833 973 97 22 berörda

175 1009 82 28 stadga
281 1009 48 22 dels
353 1009 51 21 icke
428 1009 205 22 öfverenstämmer
657 1010 52 21 med
734 1009 138 28 stadgandet
894 1009 36 22 för

174 1045 163 21 motsvarande
362 1045 41 21 fall
426 1045 9 21 i
460 1045 105 28 gällande
590 1045 134 28 förordning
747 1052 37 14 om
805 1045 57 28 jagt,
887 1045 42 21 och

175 1080 134 22 densamma
332 1081 71 28 knapt
426 1081 64 21 torde
512 1088 55 14 vara
585 1081 23 21 af
631 1080 127 22 nämnvärd
774 1080 103 29 praktisk
892 1081 38 21 be-

174 1116 98 29 tydelse,
294 1117 41 21 har
357 1117 65 21 ordet
442 1119 82 26 ,pant*
541 1117 24 21 af
580 1116 109 22 Uskottet
704 1116 123 22 uteslutits.

246 1153 63 21 Enär
329 1155 43 19 rätt
395 1155 33 19 att
452 1152 23 22 af
496 1152 91 29 olofligt
606 1152 106 22 fiskande
731 1154 54 27 taga
800 1152 129 22 vedermäle

174 1188 121 28 sjelffallet
309 1188 71 22 borde
395 1188 129 22 tillkomma
540 1189 69 21 också
620 1189 133 21 arrendator
763 1188 24 22 af
796 1188 132 22 kronofiske

171 1224 73 28 jemte
261 1224 86 22 dennes
363 1224 156 22 fiskevårdare
531 1224 44 22 och
586 1224 55 26 folk,
652 1232 53 14 men
716 1224 148 29 paragrafens
875 1224 54 22 slut-

174 1260 95 29 mening
293 1268 68 21 synes
384 1260 65 29 gifva
472 1260 41 22 vid
528 1260 92 22 handen
639 1263 33 19 att
687 1260 9 22 i
714 1260 65 28 fråga
795 1268 37 14 om
848 1261 82 21 sådant

173 1296 60 21 fiske
259 1296 81 22 endast
362 1296 200 29 polistjensteman
578 1296 58 28 egde
652 1296 66 29 dylik
734 1299 51 23 rätt,
801 1297 42 21 har
858 1296 72 29 sagda

174 1332 95 28 mening
285 1334 69 26 något
370 1332 165 22 omstiliserats.
567 1332 11 21 I
594 1332 70 29 öfrigt
679 1333 42 21 har
736 1332 82 28 början
833 1332 24 22 af
867 1340 61 21 para-

173 1368 84 28 grafen
272 1368 36 22 för
323 1368 115 22 vinnande
454 1368 24 21 af
494 1370 71 19 större
582 1368 142 28 egentlighet
737 1368 8 21 i
755 1368 124 29 uttrycken
888 1376 41 13 un-

175 1404 130 21 derkastats
320 1403 112 22 särskilda
445 1403 157 22 redaktionela
618 1404 129 28 ändringar.
932 1418 2 2 :

251 1446 211 19 Vattenrättsutskottets
474 1446 117 18 betänkande
604 1446 37 18 N:o
653 1447 18 17 5.
