1061 1631
439 107 41 21 N:o
495 108 34 21 30.
808 109 23 19 11

176 177 34 20 att
227 175 46 23 före
288 176 178 22 nästkommande
480 175 106 28 landtdag
601 181 27 16 en
644 176 126 22 ekonomisk
785 176 81 22 under-

107 210 92 27 sökning
218 209 23 22 af
257 209 134 29 lämpligaste
406 210 153 27 sträckningen
575 209 34 22 för
624 216 27 15 en
663 210 139 27 jervägslinie
817 210 48 22 från

107 243 108 29 Seinäjoki
234 245 81 22 station
334 245 36 22 vid
384 245 241 22 Tammerfors—Wasa
637 245 91 27 jernväg
743 245 33 22 till
794 245 71 27 någon

107 279 71 26 punkt
200 278 23 22 af
243 279 143 28 Björneborgs
402 279 90 28 jernväg
512 279 49 22 med
576 279 79 22 bibana
670 279 33 22 till
718 279 148 22 Kristinestad

107 313 52 22 eller
173 313 74 22 Kaskö
262 313 67 22 måtte
344 313 114 27 anställas;

177 348 34 21 att
225 347 42 22 den
281 347 57 28 linie,
354 354 46 16 som
414 348 35 22 vid
465 355 26 15 en
507 349 69 21 sådan
592 347 162 28 undersökning
769 347 97 22 befinnes

106 387 53 16 vara
173 381 8 22 i
196 381 136 22 ekonomiskt
347 381 99 23 afseende
461 382 173 28 fördelaktigast,
650 383 69 21 måtte
734 382 132 22 instrumen-

106 416 43 21 talt
163 416 134 23 undersökas
312 416 33 22 för
360 417 112 28 byggande
489 417 23 22 af
525 423 26 16 en
563 417 130 27 smalspårig
700 417 97 27 jernväg,
809 417 56 21 samt

176 452 34 21 att
225 451 65 28 nådig
304 451 135 28 proposition
455 452 68 22 måtte
537 451 123 28 föreläggas
671 452 195 21 nästsammanträ-

108 485 70 22 dande
193 485 92 22 Ständer
300 487 111 27 angående
425 487 123 27 byggandet
563 486 23 22 af
607 486 41 22 den
668 486 78 22 mellan
757 485 109 28 Seinäjoki

107 520 81 21 station
209 520 39 22 och
266 520 152 28 Kristinestad,
438 521 109 22 eventuelt
568 521 74 22 Kaskö
658 521 93 21 fallande
767 520 60 22 delen
845 519 24 22 af

108 553 165 28 ifrågavarande
285 555 100 28 jernväg;

178 590 34 20 att
234 589 124 22 ekonomisk
380 590 161 27 undersökning
560 589 23 22 af
602 589 36 22 det
657 589 90 22 emellan
762 589 105 27 Päijänne

108 623 32 26 sjö
159 623 39 22 och
216 623 106 22 Karelska
336 623 72 22 banan
422 624 92 27 belägna
528 624 131 27 landskapet
674 623 68 22 måtte
756 623 7 22 i
779 622 40 23 och
833 622 34 22 för

108 658 123 21 utrönande
254 658 23 21 af
293 659 136 27 lämpligaste
448 661 68 20 sättet
530 659 35 22 för
581 659 49 22 dess
646 658 112 23 förseende
773 657 48 22 med
836 657 31 22 vi-

109 691 52 22 dare
180 692 117 27 jernvägar
318 693 127 22 verkställas
468 693 40 22 och
523 695 33 20 att
575 693 74 22 dervid
667 693 87 27 lämplig
772 691 96 23 befunna

106 727 165 28 jernvägslinier
285 728 68 21 måtte
368 728 87 22 okulärt
469 729 128 27 besigtigas;

178 763 33 20 att
226 761 172 23 bansträckorna
412 763 185 22 Heinola—Lahti
612 762 40 22 och
667 762 82 27 Nyslott
769 761 98 22 -Krono-

109 795 54 28 borg
186 796 102 27 derjemte
303 797 68 22 mätte
388 797 164 22 instrumentalt
567 797 135 22 undersökas
717 796 40 22 och
772 796 96 21 alterna-

108 830 45 21 tiva
171 831 130 27 banprojekt
321 831 38 22 och
378 832 187 27 kostnadsförslag
581 831 49 22 med
646 831 134 27 tillämpning
795 829 23 22 af
832 830 35 21 sä-

110 864 34 21 väl
167 865 62 21 smal-
252 871 45 16 som
317 866 215 27 normalspärsystem
553 866 34 21 för
607 866 48 21 dem
675 867 115 26 uppgöras,
811 866 56 20 samt

178 900 34 21 att
233 899 33 21 till
289 900 177 22 nästkommande
488 901 105 26 landtdag
615 901 68 20 mätte
706 899 76 22 aflätas
801 899 66 26 nädig

107 933 135 27 proposition
265 935 111 26 angäende
398 935 113 27 byggande
531 935 23 21 af
571 941 26 16 en
610 935 91 27 jernväg
715 933 47 22 frän
778 933 89 28 Nyslott

109 966 59 23 öfver
182 967 145 28 Elisenvaara,
344 969 108 22 eventuelt
467 969 55 22 Alho
537 969 82 22 station
631 969 35 21 vid
676 968 105 21 Karelska
791 967 75 22 banan

109 1000 33 21 till
157 1001 139 28 Kronoborgs
311 1002 63 22 hamn
391 1003 35 21 vid
440 1003 95 27 Ladoga.

180 1036 46 22 Den
243 1037 139 22 ekonomiska
396 1038 190 27 undersökningen
603 1037 23 22 af
638 1037 140 22 förenämnda
793 1036 75 21 lands-

111 1069 60 22 delar
186 1070 39 22 och
241 1071 26 21 de
282 1071 23 21 af
313 1070 122 23 Ständerna
445 1071 130 28 ifrägasatta
581 1071 164 29 jernvägslinier
756 1071 39 22 har
807 1070 61 21 verk-

109 1104 65 22 stälts
194 1104 23 22 af
232 1104 126 23 förberörda
375 1106 86 26 komit6,
478 1113 46 15 som
536 1106 80 28 jemväl
631 1105 98 22 förordat
744 1104 123 29 byggandet

110 1138 24 22 af
147 1139 66 28 sagda
229 1140 164 28 jernvägslinier
408 1141 39 22 och
462 1142 103 27 upptagit
585 1141 59 23 säväl
660 1148 26 15 en
699 1139 167 29 jernvägsbygg-

111 1174 44 21 nad
169 1174 48 22 från
233 1170 118 38 Seinäjoki
357 1176 85 22 -Kaskö
458 1182 46 16 som
519 1176 87 28 Nyslott
623 1170 134 38 -Kronoborg
777 1175 8 21 i
799 1174 69 22 första

110 1208 112 27 kategorin
253 1209 65 22 bland
348 1210 26 22 de
395 1211 234 27 jernvägsbyggnader,
656 1216 44 16 som
724 1210 7 20 i
757 1210 110 21 närmaste

111 1241 88 24 framtid
213 1243 68 23 borde
296 1244 32 22 till
343 1244 115 23 utförande
474 1246 133 27 godkännas.

180 1278 81 22 Genom
277 1274 181 33 Ötverstyrelsens
474 1280 34 22 för
523 1282 50 26 väg-
589 1280 40 22 och
639 1278 228 28 vattenbyggnaderna

111 1310 85 30 försorg
210 1312 41 22 har
265 1314 48 21 äter
323 1314 87 22 teknisk
419 1314 152 22 instrumental
582 1314 161 26 undersökning
753 1312 116 22 verkstälts

111 1346 34 21 för
168 1352 26 16 en
213 1347 153 28 jernvägslinie
386 1348 107 28 Seinäjoki
519 1348 127 28 Kauhajoki
668 1348 48 22 med
731 1347 90 22 bibanor
836 1346 33 22 till

110 1380 74 23 Kaskö
200 1382 39 21 och
253 1382 153 28 Kristinestad,
427 1383 59 22 Lahti
505 1383 135 28 -Jyväskylä,
661 1382 82 28 Nyslott
762 1376 104 39 -Ladoga,

112 1415 80 22 Kemi—
203 1416 124 22 Rovaniemi
352 1417 38 21 och
416 1418 224 22 Joensuu-Nurmes.
676 1417 192 26 Undersökningen
