1061 1631
165 157 13 22 2
382 157 30 23 U.
427 158 29 23 B.
471 171 29 3 —
513 158 74 29 Prop.
604 158 44 23 N:o
662 158 40 23 45.

165 225 143 23 ofvannämda
330 228 83 20 mötens
436 227 174 26 föranstaltande,
626 227 54 21 böra
695 227 102 21 inställas.
821 227 50 21 Med
881 226 42 22 för-

165 261 118 21 anledande
306 261 61 21 häraf
387 261 39 22 har
448 261 91 22 Senaten
563 262 31 21 uti
616 261 134 27 underdånig
765 260 112 23 skrifvelse
892 261 32 21 till

166 295 60 22 Hans
243 295 120 28 Kejserliga
378 296 100 27 Majestät
492 295 33 22 för
540 296 40 21 den
596 296 28 21 26
640 296 97 21 sistlidne
747 295 104 22 Februari
860 295 64 22 fram-

165 329 60 22 hållit
239 329 67 22 bland
321 331 73 20 annat:
409 331 32 20 att
456 330 97 27 gällande
568 330 167 27 värnepligtslag
751 329 22 22 af
786 330 41 21 den
843 330 27 21 27
882 329 42 22 De-

166 365 84 20 cember
267 365 55 21 1878
338 365 118 21 innehåller
466 365 7 20 i
484 365 48 21 dess
544 365 12 20 9
573 365 16 28 8,
605 364 85 22 hvilken
706 364 67 27 enligt
787 364 78 27 nådiga
880 370 44 15 ma-

166 397 86 22 nifestet
275 399 42 20 den
337 399 51 25 6/18
404 399 7 20 i
426 399 107 27 sistsagde
548 399 77 21 månad
640 398 55 21 skall
709 399 72 21 såsom
798 398 126 27 grundlags-

167 432 118 27 stadgande
308 433 114 26 betraktas,
445 435 32 19 att
498 433 26 21 de
545 433 160 27 värnepligtige,
727 439 47 15 som
793 433 133 21 omedelbart

166 465 119 23 inskrifvits
308 467 36 21 vid
367 473 107 20 reserven,
497 467 52 22 böra
573 467 67 22 under
663 467 26 21 de
707 469 32 19 tre
754 466 68 22 första
837 467 51 21 åren
904 466 23 22 af

167 500 138 27 tjenstetiden
329 501 80 26 årligen
431 501 163 21 sammankallas
617 501 31 21 till
667 501 164 26 öfningsmöten,
847 501 78 21 samt
914 496 14 36 i

168 535 26 20 10
217 534 11 28 8
250 537 33 19 att
305 535 40 21 den
370 535 128 21 föreskrifna
522 535 144 27 öfningstiden
692 534 22 22 af
737 534 189 22 sammanräknadt

167 569 62 21 nittio
252 569 67 27 dagar
339 569 53 21 skall
406 569 92 22 fördelas
514 569 28 27 på
556 570 78 21 nämda
649 571 33 19 tre
697 569 32 26 år;
745 571 32 19 att
792 571 31 19 ett
837 569 89 21 allmänt

167 603 129 22 inställande
318 603 23 22 af
359 610 113 15 reservens
496 603 157 28 öfningsmöten
673 604 68 21 under
757 605 31 20 ett
803 604 23 21 år
842 603 83 22 således

168 637 68 22 skulle
260 639 77 26 utgöra
358 639 31 20 ett
411 637 112 22 afvikande
545 637 46 22 från
607 637 206 28 värnepligtslagens
829 638 95 21 bestäm-

168 672 76 27 ningar
267 679 36 14 om
326 678 100 15 reserven
442 672 39 21 och
496 672 102 21 innebära
613 679 32 19 en,
661 679 35 14 om
711 672 41 21 ock
767 671 96 28 tillfällig,
879 678 47 15 sus-

169 706 90 27 pension
282 706 23 21 af
323 707 77 20 nämda
421 706 35 27 lag
470 707 8 20 i
493 707 70 20 denna
578 707 43 26 del;
637 709 31 19 att
684 708 30 20 ett
729 706 146 21 förordnande
890 713 36 14 om

168 740 129 22 inställande
312 740 23 22 af
347 741 64 21 dessa
426 742 72 20 möten
512 741 56 27 förty
583 741 123 22 erfordrade
723 741 130 21 Ständernas
868 741 58 21 med-

169 775 79 21 verkan
270 775 8 21 i
300 775 41 21 den
359 775 31 21 uti
406 775 26 21 71
448 775 12 28 $
476 775 22 21 af
511 775 233 28 landtdagsordningen
760 775 103 27 stadgade
878 775 48 21 ord-

169 809 60 26 ning;
253 811 57 19 samt
327 811 32 19 att
377 809 37 21 det
428 809 34 22 väl
477 811 95 20 närmast
587 809 53 22 hade
655 809 70 28 ålegat
742 809 91 22 Senaten
849 811 32 19 att
895 809 31 21 in-

169 843 86 21 komma
271 843 49 22 med
336 843 142 28 underdånigt
492 843 81 28 törslag
588 844 31 21 till
634 844 65 27 nådig
713 843 213 28 landtdagsproposi-

169 877 44 21 tion
237 878 111 26 angående
370 878 128 21 inställande
521 878 23 21 af
557 884 112 15 reservens
685 877 159 28 öfningsmöten
860 878 68 21 under

169 912 145 21 innevarande
335 912 29 24 år,
387 918 48 15 men
458 914 37 24 att,
518 913 27 21 då
560 912 92 22 Senaten
668 913 36 21 vid
719 913 100 20 ärendets
835 912 92 21 behand-

169 946 44 27 ling
234 946 47 21 icke
302 947 82 21 kunnat
407 947 73 26 undgå
501 949 32 20 att
554 947 76 21 beakta
645 947 80 27 jemväl
741 947 40 21 den
797 947 131 26 omständig-

169 980 70 27 heten,
262 982 33 20 att
317 981 35 21 vid
374 981 93 21 revision
488 981 23 21 af
531 981 195 28 värnepligtslagen
741 981 33 21 för
790 981 91 21 Finland
895 987 33 15 re-

170 1015 201 22 servinstitutionen
393 1015 7 21 i
422 1015 50 22 dess
496 1016 123 21 nuvarande
637 1015 55 22 form
707 1017 83 20 ansetts
807 1015 52 22 böra
874 1021 54 21 upp-

170 1049 73 21 häfvas
268 1052 56 19 samt
346 1049 36 22 det
400 1050 35 21 vid
451 1050 76 21 sådant
542 1050 132 22 förhållande
689 1049 101 28 möjligen
806 1049 72 22 kunde
893 1050 35 21 be-

170 1083 69 22 finnas
267 1084 177 27 ändamålsenligt
469 1086 31 20 att
524 1085 84 20 inställa
633 1090 114 16 reservens
770 1083 158 28 öfningsmöten

170 1117 62 22 äfven
256 1117 53 22 efter
331 1118 143 22 innevarande
496 1118 24 21 år
542 1119 39 21 och
604 1119 54 21 intill
680 1119 49 21 dess
751 1117 128 22 förändrade
893 1118 35 21 be-

171 1152 134 27 stämningar
327 1159 34 15 om
385 1153 145 27 värnepligten
547 1154 7 20 i
569 1154 91 21 Finland
678 1153 66 22 varda
758 1152 118 26 utfärdade,
892 1152 37 22 Se-

171 1188 64 19 naten
257 1188 55 20 trott
334 1187 33 27 sig
388 1187 52 21 böra
462 1187 38 21 hos
523 1188 61 21 Hans
607 1188 100 27 Majestät
729 1187 8 21 i
759 1187 170 27 underdånighet

171 1220 113 22 hemställa
306 1228 34 14 om
363 1222 74 26 nådigt
458 1222 170 27 bemyndigande
643 1224 31 19 att
689 1223 99 26 uppgöra
802 1221 81 27 förslag
898 1221 31 22 till

171 1255 249 28 landtdagsproposition
442 1256 8 21 i
472 1256 76 22 sådant
571 1256 59 28 syfte,
652 1258 32 20 att
704 1262 113 16 reservens
833 1256 7 21 i
855 1258 74 20 värne-

171 1289 130 28 pligtslagen
323 1290 127 22 föreskrifna
472 1290 157 28 öfningsmöten
652 1290 42 22 tills
718 1290 78 26 vidare,
819 1290 27 22 då
868 1290 62 22 Hans

171 1323 102 27 Majestät
295 1324 66 21 funne
384 1324 46 22 skäl
451 1325 23 21 så
489 1324 107 26 förordna,
611 1325 71 21 kunde
697 1324 103 22 inställas.
831 1324 46 22 Och
892 1324 38 22 har

173 1357 93 22 Senaten
281 1358 78 22 derhos
375 1359 154 27 underdånigst
543 1359 85 26 anmält,
644 1361 31 19 att
686 1359 105 21 Senatens
801 1358 129 22 Ekonomie-

172 1392 150 27 departement
343 1393 8 21 i
373 1392 225 23 öfverensstämmelse
618 1394 50 21 mod
690 1393 240 27 Generalguvernörens

172 1426 83 22 önskan
279 1427 45 27 gått
339 1427 7 21 i
360 1427 126 27 författning
501 1434 34 15 om
551 1429 32 20 att
597 1428 49 21 med
661 1427 129 27 vidtagande
805 1426 23 22 af
840 1427 41 21 alla
896 1427 34 22 så-

172 1460 55 22 dana
243 1460 155 23 förberedande
412 1462 99 27 åtgärder
526 1461 32 22 för
569 1468 112 16 reservens
692 1461 159 28 öfningsmöten
863 1462 67 21 under

242 1507 134 23 Lagutskottets
389 1508 111 18 betänkande
512 1508 41 18 N:o
566 1508 27 18 19.
