1061 1631
334 124 29 22 U.
380 124 24 22 B.
421 137 28 3 —
466 124 75 28 Prop.
556 123 44 23 N:o
616 124 28 22 37
831 126 13 18 3

118 190 55 21 med
188 190 62 21 vissa
265 190 118 28 undantag
396 190 36 21 för
444 190 78 28 fångst
533 190 24 21 af
567 190 82 21 roffisk
660 190 43 21 och
714 189 94 26 kräftor,
819 197 56 14 vore

118 229 16 18 t
160 234 18 13 o.
204 233 28 14 m.
258 226 134 28 delegarene
416 226 124 28 förbjudet.
572 226 125 21 Dessutom
713 225 95 22 föreslås
825 225 50 22 från

120 270 30 13 nu
170 262 105 28 gällande
294 259 174 30 bestämningar
485 261 144 28 väsentligen
648 261 123 22 afvikande
790 262 85 21 sådana

121 298 117 28 angående
247 297 84 22 fiskled
341 300 57 19 samt
406 297 93 28 stadgas
509 297 133 28 skyldighet
651 297 19 28 ej
681 297 89 21 mindre
779 297 36 21 för
823 297 51 25 den,

121 341 49 14 som
189 333 96 28 tidigare
307 333 127 22 förvärfvat
450 336 45 18 rätt
511 335 32 19 att
559 335 30 26 på
605 336 31 19 ett
652 333 54 21 med
722 333 154 28 grundsatsen

121 377 38 14 om
179 369 96 22 fiskleds
299 369 197 28 öppenlemnande
518 369 51 21 icke
590 369 110 28 förenligt
718 371 45 19 sätt
778 369 99 20 medelst

121 405 118 22 fiskeverk
256 407 80 26 stänga
353 405 145 28 vattendrag,
510 409 30 17 än
555 405 36 21 för
606 405 149 21 innehafvare
772 404 23 21 af
809 404 67 21 fiske-

121 444 46 18 rätt
176 441 63 21 inom
256 448 75 14 annan
343 441 114 28 tillhörigt
468 443 79 19 vatten
558 443 33 19 att
602 443 48 19 mot
660 441 65 21 lösen
736 441 59 21 afstå
806 441 71 20 sådan

122 479 50 19 rätt.
204 477 40 21 Uti
265 477 157 21 fiskedriftens
445 477 97 21 intresse
561 477 129 28 medgifves
706 479 49 18 åter
770 478 33 19 ett
818 477 59 20 visst

122 513 150 28 begagnande
289 513 24 21 af
328 520 86 14 annans
431 513 111 28 fastighet
553 520 81 21 genom
646 512 110 28 förslaget
767 520 37 13 om
815 512 62 21 befo-

123 549 85 28 genhet
230 549 36 20 för
285 548 149 22 innehafvare
451 548 23 21 af
490 548 106 21 fiskerätt
611 549 43 20 och
671 548 85 21 dennes
772 548 49 21 folk
837 551 40 22 att,

124 585 73 20 under
218 584 62 22 vissa
300 584 146 28 betingelser,
463 584 37 21 för
520 584 80 21 fiskets
617 584 150 21 bedrifvande
783 584 94 21 beträda

124 627 87 14 annans
235 620 77 21 strand
337 620 42 21 och
398 620 41 21 der
455 620 116 29 upplägga
591 619 158 29 fiskeredskap
771 623 59 18 samt
846 622 33 19 att

124 656 76 21 tillösa
216 655 35 29 sig
267 658 44 19 rätt
327 655 35 22 till
379 659 45 25 väg
442 656 65 21 öfver
522 656 141 21 främmande
679 656 70 21 mark.

195 692 36 21 En
247 692 142 28 granskning
405 691 23 22 af
440 692 45 21 den
496 692 130 28 föreslagna
636 699 46 21 nya
692 691 185 28 fiskeristadgan,

125 735 49 14 som
184 727 9 21 i
204 727 107 22 afseende
321 729 12 20 å
345 727 117 22 utlåtande
474 728 162 21 öfverlemnats
648 727 35 22 till
692 727 133 26 Ständerna,
836 727 43 28 gif-

125 771 41 14 ver
190 763 125 22 emellertid
337 763 41 22 vid
394 763 102 26 handen,
513 766 33 19 att
561 764 41 21 här
616 763 133 29 ytterligare
765 763 54 28 ingå
835 766 44 19 sär-

128 799 74 21 skilda
225 799 151 28 stadganden,
401 799 81 22 hvilka
504 799 35 21 till
563 799 35 22 sin
621 802 67 18 natur
706 799 51 22 icke
773 799 56 21 höra
844 799 34 21 till

128 835 44 21 den
193 835 148 21 ekonomiska
362 835 189 28 lagstiftningens
573 835 97 21 område.
702 835 101 21 Sålunda
819 835 60 28 skyl-

128 871 127 28 digkännas
271 871 35 20 uti
322 873 27 19 27
376 871 42 21 och
442 873 29 19 28
495 871 29 28 8$
543 871 219 28 fiskevattensegare
783 873 33 18 att
831 870 61 22 vid-.

127 909 53 26 taga
201 907 105 28 åtgärder
325 907 19 28 ej
370 907 98 21 allenast
492 907 36 20 för
551 906 105 29 behörigt
679 906 150 21 utmärkande
857 906 24 21 af

128 943 219 28 fredningsomräde,
357 945 57 18 utan
425 943 70 21 äfven
511 942 35 21 för
562 942 195 29 omöjliggörande
773 942 24 21 af
813 941 67 22 fiske-

127 979 110 28 redskaps
254 979 152 20 användande
424 979 41 20 der
481 981 59 18 samt
556 978 35 21 för
606 978 127 21 hindrande
749 978 24 21 af
793 977 87 22 fiskens

128 1014 111 28 qväfning
255 1014 73 21 under
343 1014 59 26 isen;
426 1015 42 20 och
492 1015 110 28 pälägges
625 1014 44 21 den
693 1014 103 21 enskilde
819 1013 61 29 förty

127 1057 84 22 genom
227 1050 96 21 berörda
339 1050 170 25 föreskrifter,
505 1046 13 37 i
525 1051 38 20 det
579 1050 125 21 allmännas
720 1050 96 21 intresse
838 1053 43 18 sär-

129 1085 74 22 skilda
213 1093 46 21 nya
276 1085 100 29 positiva
387 1086 157 29 förpligtelser
554 1086 8 21 i
573 1086 107 21 afseende
692 1088 12 19 ä
715 1085 36 22 sin
763 1085 117 29 egendom.

128 1122 36 21 Dä
180 1121 160 22 säbeskaffade
359 1122 158 28 förpligtelser
533 1121 125 22 emellertid
674 1121 131 29 principielt
819 1121 63 29 ligga

128 1163 64 17 utom
202 1163 124 23 gränserna
337 1158 36 21 för
386 1158 46 21 den
444 1159 66 21 ekon.
523 1158 181 28 lagstiftningen,
713 1158 41 21 har
764 1158 119 21 Utskottet

128 1196 75 19 ansett
219 1194 34 28 sig
269 1194 56 21 böra
341 1194 83 21 föreslå
446 1194 150 21 omförmälda
612 1194 181 28 bestämningars
810 1194 72 21 öfver-

128 1230 113 28 flyttande
258 1230 34 21 till
311 1232 25 19 17
354 1230 51 28 kap.
422 1230 26 21 B.
472 1230 34 25 B.;
524 1230 41 21 och
582 1230 41 21 har
638 1230 119 21 Utskottet
773 1237 110 14 samman-

127 1266 67 21 fattat
211 1266 122 26 desamma,
351 1266 34 20 till
403 1266 45 21 den
460 1266 37 21 del
510 1266 27 21 de
554 1266 23 21 af
592 1266 118 21 Utskottet
725 1266 88 21 kunnat
829 1266 54 28 god-

129 1302 92 25 kännas,
238 1301 34 21 uti
297 1309 28 13 en
349 1301 113 29 paragraf,
480 1302 14 28 8
518 1304 13 18 8
551 1302 71 28 enligt
644 1302 129 21 Utskottets
790 1301 92 30 förslag,

127 1337 96 21 hvilken
239 1337 96 21 sålunda
352 1337 125 28 ätergifver
493 1337 125 21 innehållet
634 1337 23 21 af
673 1340 27 18 27
717 1337 13 29 8
747 1337 42 21 och
806 1337 77 28 2883

128 1380 67 14 mom.
221 1372 34 22 uti
280 1372 189 29 fiskeristadgan,
493 1373 83 21 medan
596 1375 48 19 åter
664 1373 158 28 förpligtelsen
844 1372 6 21 i
872 1375 9 19 1

128 1416 67 14 mom.
217 1408 23 21 af
259 1410 28 20 28
313 1408 14 29 8
349 1411 87 19 ansetts
458 1408 145 22 öfverskrida
624 1408 39 21 det
678 1410 57 19 rätta
753 1410 81 19 måttet
849 1408 35 21 för

203 1450 212 18 Vattenrättsutskottets
428 1451 119 18 betänkande
560 1450 36 18 N:o
609 1451 16 17 5.
