1061 1631
211 140 11 18 2
516 138 43 21 N:o
575 140 33 19 37.

181 209 41 18 net
245 206 51 21 ofta
318 206 108 28 utlägges
448 207 9 20 i
480 206 94 29 spridda
596 207 96 27 skiften,
713 207 64 20 inom
795 206 82 21 hvilka
892 206 50 21 der-

179 240 73 28 jemte
275 240 52 22 icke
350 240 76 21 sällan
443 243 100 26 notvarp
563 241 56 21 eller
638 241 38 21 för
690 241 83 28 fångst
792 241 54 21 med
864 248 78 14 annan

180 274 102 29 redskap
308 274 77 22 afsedt
409 275 127 21 fiskeställe
559 275 143 22 förbehålles
725 282 79 14 annan
827 275 113 28 delegare.

181 309 56 21 Men
265 309 125 28 tydligtvis
415 313 25 18 är
464 309 153 28 möjligheten
642 309 27 22 af
692 309 173 22 fiskstammens
890 309 52 22 sko-

182 344 77 21 nande
283 345 44 20 och
348 344 80 21 fiskets
450 344 120 22 vårdande
589 345 8 20 i
619 344 82 28 dylika
723 343 91 22 skiften
834 344 8 21 i
861 344 80 28 regeln

180 378 127 28 utesluten,
331 378 29 21 då
380 379 27 28 ju
430 379 84 20 sådant
537 379 61 21 blott
622 378 76 22 skulle
720 378 68 29 gifva
811 378 72 21 ökadt
906 381 36 18 ut-

181 413 56 27 byte
261 413 25 20 åt
307 413 183 22 innehafvarene
514 413 25 22 af
559 413 129 22 fiskeställe
711 413 63 21 inom
797 413 84 21 skiftet
898 413 43 21 och

181 448 26 20 af
231 447 164 28 angränsande
421 447 95 29 skiften,
542 447 28 22 de
594 447 40 22 der
656 449 57 20 utan
737 447 92 28 hänsyn
851 450 90 25 utnytt-

179 481 56 27 jade
260 481 37 21 sin
321 481 113 22 fiskerätt.
471 482 45 21 Att
541 489 85 20 egaren
651 481 61 22 skall
737 488 60 21 egna
821 481 42 21 sitt
884 481 57 22 fiske

182 515 93 29 verklig
290 516 59 21 vård
363 516 48 21 kan
427 516 83 21 endast
525 517 122 28 påräknas,
664 516 41 21 der
721 516 140 21 detsammas
877 516 65 21 fruk-

180 553 36 18 ter
232 551 93 20 komma
340 551 85 21 honom
441 551 55 28 sjelf
510 551 98 28 tillgodo
624 551 44 21 och
683 551 70 21 fisket
763 550 80 22 tillika
853 550 89 21 lemnar

181 592 29 14 en
221 585 109 28 inkomst,
342 592 48 14 som
401 585 89 22 tillåter
498 585 52 22 dess
558 585 184 22 handhafvande
751 585 77 21 såsom
836 592 29 14 en
875 592 65 21 egen,

181 620 30 27 på
226 619 164 22 fiskevattnets
405 619 126 22 bestående
547 619 259 29 afkastningsförmåga
821 619 64 28 bygd
901 623 40 18 nä-

180 653 60 28 ring.
276 653 103 28 Delning
402 654 26 21 af
448 654 141 21 fiskevatten
611 654 42 21 bör
676 653 78 22 derför
773 653 52 22 icke
845 653 95 28 tillåtas,

180 687 53 22 med
256 687 91 22 mindre
370 687 80 29 hvarje
472 688 50 28 lott,
547 695 48 14 som
614 688 105 21 kommer
737 687 39 22 till
795 687 145 29 utbrytning,

181 723 47 20 kan
253 722 109 29 utläggas
385 723 7 20 i
416 726 34 18 ett
473 722 229 29 sammanhängande
725 722 73 21 skifte
821 722 27 21 af
869 722 72 21 sådan

181 757 95 27 storlek,
297 759 35 19 att
351 757 141 22 åtminstone
512 760 34 18 ett
565 755 94 23 hushåll
676 757 75 21 under
770 757 172 28 förutsättning

181 792 26 21 af
225 792 99 28 behörig
342 792 59 21 vård
420 799 38 14 om
476 793 69 20 fisket
563 795 46 18 kan
625 794 98 26 antagas
738 799 85 20 genom
839 791 52 22 dess
907 792 34 21 af-

181 826 114 29 kastning
309 827 73 20 vinna
397 827 37 20 sin
449 827 122 28 bergning.

247 861 186 21 Fiskstammens
452 861 164 21 bibehållande
636 861 44 21 och
698 860 92 22 ökande
806 861 8 20 i
830 860 111 21 samfäldt

180 895 142 21 fiskevatten
341 895 47 21 kan
406 895 75 21 likaså
496 895 53 21 litet
564 895 128 28 förväntas,
709 902 38 15 om
763 895 137 28 delegarene
916 895 25 21 få

180 930 59 21 hvar
257 929 38 22 för
314 930 36 28 sig
368 930 61 21 efter
444 930 117 29 godtycke
578 930 40 21 der
632 930 110 21 bedrifva
757 929 65 22 fiske.
853 929 88 22 Visser-

180 964 64 28 ligen
263 963 97 22 fastslår
376 964 109 28 gällande
504 966 47 19 rätt
570 964 45 21 den
633 964 130 29 ingalunda
781 963 107 29 ovigtiga
903 964 38 21 be-

180 998 136 29 gränsning,
336 1000 34 19 att
386 998 108 29 delegare
509 1005 54 21 eger
577 999 80 28 bygga
672 998 118 21 fiskeverk
804 998 63 21 blott
882 998 60 21 efter

180 1033 42 21 sitt
240 1033 96 28 byamål
354 1033 44 21 och
416 1033 84 21 utöfva
518 1033 58 21 fiske
594 1033 54 21 med
668 1040 79 14 annan
767 1032 100 29 redskap
886 1033 55 21 alle-

181 1070 54 19 nast
257 1067 39 21 till
318 1067 37 21 sin
378 1067 114 21 nödtorft.
525 1067 11 21 I
560 1067 128 21 sistnämde
707 1067 40 21 del
767 1070 26 17 är
811 1067 130 21 emellertid

182 1103 188 27 begränsningen
386 1103 66 20 snart
462 1101 73 29 sagdt
551 1101 95 28 omöjlig
662 1103 35 19 att
711 1101 174 28 upprätthållas
898 1101 43 22 och

180 1136 43 22 har
237 1136 132 29 veterligen
384 1136 76 28 aldrig
475 1136 129 28 iakttagits,
620 1136 86 21 hvaraf
720 1135 62 29 följt,
799 1137 36 19 att
846 1135 46 22 den
903 1143 38 14 en-

180 1170 77 22 skilde
273 1170 135 29 delegarens
424 1170 112 28 fiskerätt,
552 1173 64 19 utom
632 1170 79 22 såvidt
726 1170 76 28 gäller
816 1170 59 21 fiske
888 1171 53 20 med

180 1207 73 19 större
273 1205 121 28 fiskeverk,
414 1206 102 20 faktiskt
534 1209 25 17 är
578 1205 144 21 oinskränkt.
758 1204 32 22 Sä
809 1204 69 29 länge
894 1205 47 21 del-

180 1247 99 20 egarene
296 1243 25 18 är
336 1239 87 21 tillåtet
439 1242 35 18 att
489 1240 78 28 nyttja
583 1240 39 20 det
637 1246 174 22 gemensamma
822 1238 120 22 fiskevatt-

180 1277 41 18 net
243 1274 59 21 hvar
319 1274 38 21 för
375 1274 37 21 sin
431 1282 59 20 egen
509 1274 106 28 räkning,
637 1274 44 21 och
700 1274 100 21 sålunda
821 1280 28 14 en
868 1274 73 20 täflan

180 1308 87 21 mellan
283 1308 52 21 dem
351 1310 35 19 att
401 1308 98 21 afvinna
514 1308 152 22 fiskevattnet
676 1310 87 20 största
773 1307 98 29 möjliga
882 1315 59 21 egna

180 1343 64 21 vinst
263 1346 25 18 är
307 1342 144 29 oundviklig,
471 1343 47 21 kan
535 1342 183 29 lagstiftningen
734 1342 9 21 i
759 1342 86 28 sjelfva
859 1343 83 21 verket

180 1377 119 29 svårligen
318 1377 94 29 påfinna
431 1378 78 28 någon
529 1377 72 22 sådan
623 1378 159 27 begränsning
802 1376 26 22 af
843 1376 44 22 den
903 1384 38 14 en-

180 1411 76 22 skilde
279 1412 135 28 delegarens
437 1412 112 28 fiskerätt,
572 1419 48 14 som
643 1412 31 28 på
696 1418 89 15 samma
808 1412 64 28 gång
886 1418 55 15 vore

180 1446 109 22 verksam
308 1446 44 22 och
371 1446 79 22 kunde
465 1446 45 22 lätt
524 1446 178 29 upprätthållas.
734 1446 56 22 Men
805 1445 96 21 härmed
916 1449 26 17 är
