1061 1631
346 116 28 23 U.
390 117 28 22 B.
435 130 26 3 —
478 116 74 30 Prop.
568 116 44 23 N:o
628 116 32 23 40

420 549 278 24 Vattenrättsutskottets
721 550 155 23 betänkande

339 586 44 22 N:o
394 586 26 22 11
436 586 9 23 i
464 586 137 28 anledning
616 586 28 22 af
656 586 66 23 Hans
739 586 138 29 Kejserliga

338 622 121 29 Majestäts
474 622 91 28 nådiga
575 622 164 29 proposition,
751 622 125 28 angående

339 658 300 28 fiskeritillsyningsmans
671 658 146 28 behörighet
842 659 35 22 att

339 694 79 22 vittna
433 694 9 21 i
458 694 50 22 mål
524 694 106 22 rörande
646 694 91 27 olofligt
747 694 130 29 nyttjande

339 729 27 23 af
378 729 153 28 vattendrag.

194 815 81 21 Denna
290 814 142 29 proposition
448 815 42 20 har
506 815 23 20 af
545 814 105 29 samtliga
670 815 66 21 stånd
752 815 36 21 för
804 815 73 21 förbe-

125 851 98 21 redande
239 850 173 29 handläggning
428 850 163 22 öfverlemnats
602 850 35 21 till
647 850 229 22 Vattenrättsutskot-

124 889 39 23 tet,
188 894 48 14 som
261 886 127 22 sedermera
407 888 29 27 på
452 886 99 29 begäran
569 886 43 21 fått
627 886 50 21 från
693 886 130 29 Kejserliga
839 886 37 23 Se-

124 924 69 20 naten
209 925 114 26 emottaga
339 922 111 21 särskilda
466 922 7 21 i
491 922 92 21 ärendet
599 922 119 22 tillkomna
733 922 142 29 handlingar.

198 1087 25 18 11
248 1085 14 28 8
287 1087 25 19 17
337 1085 51 28 kap.
406 1085 222 28 rättegångsbalken,
654 1084 94 22 hvilken
771 1084 106 29 paragraf

124 1120 95 21 innebär
235 1123 33 19 att
285 1121 113 26 ,vachter,
416 1121 43 21 och
475 1121 45 27 the,
539 1129 48 14 som
603 1121 97 21 Rättens
717 1121 54 21 eller
783 1121 94 21 Konun-

125 1164 56 22 gens
201 1157 273 28 Befallningshafvandes
497 1157 47 21 bud
567 1158 41 21 och
628 1157 82 21 ärende
726 1159 50 27 gä*,
794 1156 83 29 sjelfva

125 1201 42 21 ega
183 1193 73 21 vittna
272 1194 118 28 angäende
406 1194 68 25 brott,
492 1201 49 14 som
557 1194 23 21 af
598 1194 52 21 dem
666 1193 34 22 till
717 1194 44 21 ätal
773 1193 103 26 anmälts,

125 1229 40 21 der
181 1229 19 28 ej
219 1229 69 21 andra
304 1229 89 21 vittnen
410 1229 76 21 finnas
503 1232 32 18 att
550 1229 72 29 tillgå,
639 1230 41 20 har
696 1229 69 21 redan
779 1228 98 29 tidigare

125 1265 122 21 utsträckts
271 1267 34 19 att
327 1265 60 29 gälla
402 1265 145 21 beträffande
565 1273 28 13 en
610 1265 35 21 del
662 1265 71 21 andra
748 1264 130 29 kategorier

125 1300 24 22 af
163 1300 138 29 tjenstemän
318 1301 42 21 och
374 1300 102 29 betjente
488 1302 59 20 samt
559 1300 104 22 enskilda
673 1308 114 21 personer,
798 1300 80 22 hvilka

125 1337 69 22 hafva
218 1337 35 28 sig
277 1336 108 22 särskildt
408 1337 131 21 ombetrodt
563 1336 180 23 öfvervakandet
759 1336 24 22 af
797 1336 80 28 lagens

125 1373 136 21 efterlefnad
284 1373 63 21 inom
369 1375 71 27 nägot
464 1373 60 21 visst
547 1372 256 29 lagstiftningsomräde.
839 1371 39 22 Sä-

125 1409 71 21 lunda
219 1416 42 21 ega
284 1409 72 28 enligt
379 1411 28 19 48
424 1409 14 29 &
454 1409 24 21 af
494 1408 144 29 Skogslagen
654 1408 45 22 den
715 1410 12 20 3
744 1407 135 30 September

202 1451 213 19 Vattenrätisutskottets
428 1451 115 19 betänkande
557 1450 36 19 N:o
606 1451 27 18 11.
