1061 1631
351 136 30 22 U.
397 136 28 22 B.
441 149 27 3 —
483 136 75 28 Prop.
574 135 46 23 N:o
635 136 39 22 42.
881 136 13 20 3

410 205 163 27 Inställelsedag
593 205 37 20 må
652 205 20 27 ej
692 206 91 20 utsättas
802 204 92 27 tidigare

340 240 30 20 än
388 241 30 19 tre
433 239 108 21 månader
556 239 52 28 efter
623 239 34 21 det
672 239 69 21 beslut
750 245 35 15 om
797 239 96 27 offentlig

340 274 130 27 kungörelse
486 274 76 27 fattats
577 274 41 21 och
634 274 19 27 ej
667 281 76 14 senare
758 274 30 20 än
805 273 32 21 till
851 273 41 21 den

340 308 112 21 ordinarie
474 308 176 27 rättegångsdag,
672 315 47 14 som
741 309 48 20 natt
810 307 41 21 och
867 309 26 20 år

340 343 90 27 derefter
451 343 57 27 först
529 343 93 27 infaller.
653 343 125 20 Innehåller
798 342 94 25 urkund,

339 383 47 14 som
402 377 58 21 skall
470 377 117 28 efterlysas,
598 377 43 21 viss
650 377 140 28 förfallodag,
807 376 40 21 och
861 376 31 21 in-

339 411 65 27 faller
418 412 73 21 denna
508 412 59 21 inom
584 413 28 19 ett
626 413 26 20 år
667 412 52 27 efter
733 411 35 21 det
777 411 69 21 beslut
855 417 36 15 om

342 446 71 21 sådan
430 446 128 27 kungörelse
567 447 73 26 fattas,
657 446 65 21 varde
737 446 56 21 tiden
809 446 36 27 för
860 445 32 21 in-

338 481 106 20 ställelsen
461 481 90 20 räknad
563 481 53 26 från
632 480 168 27 förfallodagen.

200 687 155 27 Ridderskapet
370 687 41 20 och
427 687 69 20 Adeln
513 689 59 18 samt
587 686 160 21 Bondeståndet
757 686 69 21 hafva
836 686 53 27 god-

133 721 55 21 känt
203 721 124 21 Utskottets
343 721 90 26 förslag.

200 756 81 20 Preste-
305 756 44 21 och
372 756 189 26 Borgareständen
581 755 69 21 hafva
666 755 171 21 äterremitterat
851 755 37 26 &:n

132 790 29 27 pä
176 789 38 22 det
229 792 32 19 att
276 789 53 22 sista
346 789 123 27 meningen
485 790 7 21 i
509 791 10 19 1
536 797 70 14 mom.
623 789 73 22 skulle
712 789 176 21 omformuleras

131 824 95 27 derhän,
249 826 31 19 att
303 824 153 27 kungörelsen
479 825 70 21 borde
572 824 110 27 delgifvas
698 823 7 21 i
720 823 45 21 den
784 823 104 27 ordning,

131 865 50 14 som
197 865 39 14 om
252 859 115 26 stämning
382 859 13 20 &
411 859 104 26 delegare
531 859 7 20 i
553 858 47 21 död
616 865 67 14 mans
698 857 30 21 bo
741 858 26 20 är
777 857 111 27 stadgadt,

131 893 122 21 hvarutom
269 893 156 21 Presteständet
438 893 111 21 anmodat
565 893 113 21 Utskottet
692 894 32 19 att
738 894 51 25 taga
800 891 7 22 i
818 892 71 21 öfver-

131 927 109 27 vägande,
263 927 115 21 huruvida
400 927 51 21 icke
475 927 44 22 den
535 927 7 21 i
558 927 70 27 sagda
652 929 103 20 moment
777 926 111 27 ingäende

131 961 173 28 bestämningen
327 961 97 22 rörande
447 961 63 22 tiden
526 962 35 21 för
576 962 102 27 offentlig
693 961 148 28 kungörelses
856 960 32 22 in-

130 995 95 22 förande
240 996 7 21 i
263 996 118 21 allmänna
402 995 148 28 tidningarna
565 996 78 21 kunde
658 996 141 28 förtydligas,
815 1002 73 15 exem-

130 1030 71 27 pelvis
223 1030 97 21 sälunda
339 1033 31 18 att
386 1030 71 21 orden
476 1030 72 21 »dock
563 1030 19 27 ej
599 1037 80 14 senare
694 1032 30 19 än
739 1031 38 20 det
792 1030 95 27 gvartal,

130 1070 50 15 som
203 1071 28 14 en
254 1064 86 21 mänad
362 1064 56 21 efter
440 1064 39 21 det
499 1065 75 20 beslut
589 1071 38 15 om
643 1065 153 26 kungörelsen
811 1064 77 21 fattats

130 1098 56 21 först
204 1101 63 24 tager
282 1099 35 20 sin
333 1098 102 27 början»,
452 1099 100 27 utbyttes
567 1101 62 18 emot
644 1099 71 21 orden
733 1098 71 21 »dock
820 1098 19 27 ej
856 1105 32 14 se-

129 1139 54 15 nare
206 1134 29 20 än
259 1133 50 27 fyra
332 1133 110 21 mänader
465 1133 55 21 efter
538 1133 38 21 det
590 1133 75 21 beslut
680 1140 39 14 om
735 1133 152 27 kungörelsen

129 1167 96 21 fattats.»

197 1202 35 20 Då
248 1202 154 26 anmärkning
417 1202 7 20 i
440 1202 92 21 formelt
547 1202 131 21 hänseende
694 1204 62 19 emot
771 1202 44 21 den
831 1202 7 21 i
850 1202 36 26 &:n

129 1235 110 27 ingäende
259 1236 221 26 tidsbestämningen
496 1236 124 22 framstälts
636 1236 26 21 af
674 1236 81 22 endast
770 1238 30 20 ett
813 1236 73 26 ständ,

128 1269 173 27 Presteständet,
324 1270 83 21 medan
430 1270 28 21 de
482 1270 72 28 öfriga
577 1271 97 21 ständen
696 1271 102 27 godkänt
818 1272 37 25 &n
879 1270 6 21 i

127 1304 76 21 denna
226 1304 43 27 del,
292 1304 100 22 förfaller
413 1304 80 22 vidare
516 1305 78 27 ätgärd
610 1304 7 22 i
632 1305 124 27 anledning
779 1305 25 21 af
817 1305 69 27 sagda

129 1339 159 27 anmärkning.
315 1339 67 21 Hvad
398 1339 48 21 äter
461 1339 108 21 beträffar
584 1339 44 21 den
644 1339 26 21 af
683 1339 84 21 Preste-
777 1339 45 21 och
833 1339 53 21 Bor-

127 1372 150 27 gareständen
300 1373 79 27 gjorda
401 1373 161 27 päminnelsen
578 1376 62 18 emot
655 1374 55 21 sista
725 1373 123 27 meningen
863 1373 25 21 af

129 1408 9 19 1
163 1413 70 15 mom.
256 1407 7 21 i
283 1407 149 25 förevarande
452 1408 20 27 &,
489 1408 39 20 mä
550 1408 43 21 här
615 1408 134 21 framhållas
772 1408 113 21 hurusom

127 1441 13 20 8
155 1442 14 25 &
184 1442 24 20 11
226 1441 52 29 kap.
301 1442 231 26 Rättegängsbalken,
552 1442 87 21 hvilket
654 1442 89 27 lagrum
758 1442 128 21 innehåller

195 1486 134 24 Lagutskottets
341 1487 111 18 betänkande
464 1487 40 18 N:o
516 1488 29 17 13.
