1061 1631
37 371 132 34 Förteckning
187 370 56 28 öfver
261 371 78 26 sådana
355 371 63 26 under
437 371 49 26 åren
503 370 136 27 1900—1904
655 369 161 28 förekommande
831 371 103 26 allmänna

88 416 193 35 byggnadsföretag,
299 416 32 27 för
348 417 70 26 hvilka
436 417 137 27 kostnaderna
591 418 51 33 utgå
660 417 49 27 eller
727 416 113 35 förskjutas
858 424 23 20 ur

310 463 104 26 allmänna
432 462 139 28 statsfondens
589 463 71 27 medel.

511 561 86 22 Anslags-
637 561 52 18 |Intill
704 561 65 23 utgän-|
810 555 87 24 Återstår

511 601 90 13 summans
655 601 35 17 gen
702 595 21 18 af
734 596 21 17 år
839 597 30 16 att

520 630 73 23 belopp.
636 631 45 17 11899
688 630 83 18 användt.|
793 630 117 18 utanordnas.

53 607 73 28 Anslag
142 607 31 22 för
188 607 43 22 dels
248 607 116 28 påbörjade,
380 608 44 21 dets
435 608 29 21 till

91 648 106 21 utförande
213 648 107 21 bestämda
338 648 86 28 nybygg-

223 688 68 21 nader.

201 751 70 22 Nylands
283 751 32 18 län.

52 797 37 18 För
106 796 114 23 uppförande
235 796 21 18 af
266 796 106 23 byggnader
383 796 30 19 för
425 796 39 18 döf-

87 831 114 18 stumskolan
213 831 6 17 i
231 831 61 22 Borgå
315 845 4 4 .

52 866 37 17 För
101 865 28 18 d:o
142 865 21 18 af
173 865 28 18 d:o
213 865 30 18 för
253 865 157 23 barnsjukhuset
404 861 13 31 i
420 845 45 38 Hel-

87 895 76 32 singfors
171 905 7 13 .
288 913 32 4 PS

52 935 37 17 För
107 934 29 18 d:o
153 934 21 18 af
190 935 28 17 ett
236 935 41 22 nytt
295 934 34 18 hus
345 913 31 39 för
386 913 80 39 vom.

86 969 101 22 reallyceet
199 969 6 17 i
217 968 117 23 Helsingfors
345 982 4 4 .

52 1003 37 18 För
106 1003 29 18 d:o
153 1003 20 18 af
187 1008 22 13 en
221 1008 104 17 gemensam
337 1003 84 23 byggnad
436 1003 30 18 för

86 1037 141 23 vetenskapliga
241 1038 34 17 och
287 1037 86 19 litterära
385 1038 81 18 förenin-

36 880 2 12 I

479 1065 2 8 i
887 1066 2 8 I

87 1077 33 18 gar
132 1072 6 17 i
150 1072 116 23 Helsingfors
289 1086 3 4 .
317 1086 4 4 .
345 1086 4 3 .
374 1087 3 3 .
403 1087 3 3 .
462 1074 19 21 |
512 1074 108 21 212,656/75]
661 1074 108 21 205,156|75
834 1075 51 21 7,500]
899 1084 17 3 —
928 1092 1 3 !

52 1107 36 18 För
100 1107 115 22 tillbyggnad
224 1107 21 18 af
251 1107 161 18 Ateneumhuset
405 1102 12 33 i
421 1087 45 39 Hel-
479 1100 2 31 |
887 1107 2 25 I

36 1159 1 7 |
60 1127 15 43 —
86 1141 91 23 singfors.
203 1155 3 3 .
231 1155 4 4 .
260 1155 4 4 .
512 1143 73 21 300,00
599 1154 19 2 —|
651 1129 15 41 —
672 1143 62 22 40,000/
751 1154 18 2 |
811 1133 78 32 260,000/
902 1154 16 1 —

36 1169 1 30 |
51 1176 38 18 För
107 1182 35 12 om-
161 1176 33 18 och
212 1152 115 52 tillbyggnad
340 1177 5 17 i
346 1156 3 3 |
361 1156 105 44 Kejserliga
927 1178 1 25 |

36 1210 1 33 i
85 1210 91 18 Senatens
190 1210 45 23 borg
260 1224 3 4 .
289 1224 3 4 .
317 1225 4 3 .
345 1226 3 2 .
479 1220 2 6 j
512 1212 108 21 495,000—[
661 1213 108 21 345,0001—|
812 1213 72 21 150,000|
898 1222 20 3 —

36 1245 1 4 |
51 1245 37 18 För
99 1245 126 23 nybyggnads-
234 1246 34 17 och
276 1247 83 17 FRA
376 1225 50 39 eten
432 1225 34 39 vid

35 1272 2 4 |
86 1280 75 18 Ekenäs
173 1280 117 18 seminarium
317 1293 4 5 .
346 1294 3 3 .
374 1293 3 4 .
523 1277 66 31 88,996)
672 1292 23 2 —
817 1277 67 31 88,996;

927 1282 1 27 |

35 1312 2 21 |
51 1314 37 18 För
99 1314 100 24 pähöjning
211 1314 21 18 af
243 1314 84 20 Grähara
341 1290 65 52 fyrbåk
414 1290 21 52 sa
417 1317 49 16 samt

85 1348 31 18 för
128 1349 105 18 inrättande
247 1350 20 17 af
274 1351 29 17 ett
311 1351 59 17 varmt
378 1350 87 18 vaktrum

86 1383 5 18 i
104 1383 150 23 tornbyggnaden
287 1398 4 4 i
316 1398 3 4 .
344 1398 4 3 J
373 1397 91 5 00.
523 1385 62 21 32,934]
598 1396 21 2 —
672 1396 22 2 —
748 1396 20 2 —
821 1385 61 21 32,934
899 1388 29 57 |

35 1439 2 7 |
360 1425 105 25 Transport
475 1413 11 41 |
494 1426 90 21 2,091,086]
596 1410 33 39 75]
643 1427 89 21 1340166]
745 1414 34 35 78|
808 1426 74 21 750,30]
896 1436 20 2 —
