1061 1631
336 117 28 22 U.
380 118 28 21 B.
424 130 27 2 —
467 116 75 28 Prop.
558 117 40 22 N:o
614 116 38 23 31.
846 118 27 19 23

113 186 44 21 Om
188 185 33 21 för
253 185 50 22 åren
337 187 139 20 1901—1904
514 186 65 27 —enliet
615 185 41 22 Ut-

114 220 90 21 skottets
219 220 80 27 förslag
313 219 69 22 anslås
406 237 4 3 .
442 237 3 4 .
476 237 4 3 .
510 237 4 4 .
544 237 4 3 .
579 237 4 3 <
613 237 4 3 .
648 236 4 4 .
668 221 125 24 26,784,000
808 219 65 21 mark.

113 266 68 21 skulle
197 266 34 20 för
245 265 121 29 påföljande
382 266 74 28 period
481 283 4 3 .
516 283 4 3 .
550 283 4 3 .
585 283 4 3 .
619 283 4 3 .
654 283 4 3 .
676 266 123 22 10496540
810 265 63 21 mark

114 300 106 21 erfordras
243 300 33 21 för
298 300 48 21 hela
369 300 37 21 det
421 300 161 28 ifrågavarande
597 300 225 28 arbetsprogrammets
837 307 36 20 gc-

115 334 142 21 nomförande.
288 334 48 28 Nya
351 334 65 21 behof
430 334 60 21 skola
505 337 48 18 utan
569 334 77 21 tvifvel
661 334 32 21 till
704 334 67 27 sagda
780 333 33 22 tid
820 341 53 21 upp-

114 368 39 21 stä.
182 368 51 21 Men
255 368 23 21 sä
300 369 127 20 kostsamma
447 369 83 27 företag
551 376 45 13 som
613 368 146 28 utvidgnings-
774 368 40 21 och
829 376 44 13 om-

115 403 195 28 byggnadsarbeten
333 403 12 20 å
360 403 141 28 Helsingfors,
524 402 93 29 Viborgs
632 403 40 21 och
688 402 32 21 S:t
735 402 138 28 Petersburgs

113 438 200 27 jernvägsstationer
334 437 60 21 torde
417 437 67 21 under
499 445 24 12 en
540 437 70 28 längre
626 437 32 21 tid
673 437 47 20 icke
736 437 137 26 förekomma,

114 471 41 22 och
171 471 142 28 anbringande
329 472 22 21 af
366 471 89 22 dubbelt
470 471 49 29 spår
533 471 28 29 på
577 471 71 28 längre
663 471 96 21 sträckor
773 471 42 22 blir
826 479 47 13 san-

115 506 68 21 nolikt
205 507 18 26 ej
246 506 67 21 heller
331 509 58 18 snart
404 505 112 29 behöfligt,
531 505 64 22 sedan
611 505 27 22 de
653 506 7 20 i
676 505 139 22 omförmälda
827 513 46 21 pro-

114 548 60 20 gram
195 543 106 26 upptagna
323 541 85 20 arbeten
430 541 23 20 af
471 540 59 21 detta
550 541 46 27 slag
611 540 132 21 fullbordats.
772 540 45 21 Det
833 540 40 21 kan

114 575 74 20 därför
202 582 60 14 anses
278 575 110 26 sannolikt,
404 578 32 18 att
451 575 37 21 det
503 578 54 18 stora
574 575 95 27 anslaget
680 574 33 21 för
722 574 151 29 nybyggnader

116 609 37 21 vid
167 609 83 28 färdiga
272 609 65 21 banor
358 609 66 22 under
446 609 99 29 perioden
562 609 142 21 1901—1904
718 609 54 20 skall
788 609 34 20 för
836 609 37 28 pä-

116 643 93 28 följande
223 644 74 27 period
313 643 67 29 nedgå
392 644 33 21 till
441 644 81 21 hälften
537 643 51 21 eller
602 643 87 21 mindre.

184 677 103 22 Däremot
312 678 41 21 kan
378 678 37 21 det
440 678 47 21 icke
512 677 104 29 påräknas
631 680 33 18 att
678 677 90 28 utgiften
785 677 33 21 för
833 677 40 21 den

116 712 77 28 rörliga
215 713 133 20 materielens
373 713 80 28 ökning
476 713 83 20 komme
586 715 32 18 att
633 713 7 20 i
655 711 67 28 någon
739 713 66 20 större
820 711 53 28 grad

116 746 92 21 minskas
231 747 32 20 till
286 747 53 28 följd
360 747 62 20 däraf
442 750 32 17 att
494 746 24 21 så
536 746 120 28 betydande
672 746 73 27 anslag
760 753 26 14 nu
802 745 71 22 blefve

116 781 70 20 härtill
201 781 106 20 anvisade.
337 781 114 20 ”Trafikens
466 781 108 20 succesiva
589 781 86 20 tillväxt
689 780 82 21 fordrar
783 788 25 13 en
821 783 52 18 mot-

115 815 103 21 svarande
238 815 40 20 och
298 815 56 28 jämn
376 815 80 28 ökning
476 815 23 20 af
520 815 40 20 den
577 815 75 27 rörliga
668 814 126 21 materielen.
825 814 47 21 Och

115 857 35 13 om
165 851 25 18 än
207 849 26 21 de
248 849 79 28 anslag,
343 857 44 13 som
408 849 67 28 härpå
490 849 112 22 användas,
618 849 41 20 öka
673 849 148 28 jernvägarnes
836 849 37 20 ka-

115 883 124 28 pitalvärde,
255 883 65 22 hafva
339 884 26 21 de
387 884 56 21 dock
458 883 70 21 tillika
544 883 124 21 karaktären
685 883 22 21 af
722 891 25 12 en
763 883 110 28 regelbun-

115 917 43 21 den
171 917 70 28 utgift,
256 925 45 14 som
323 918 33 21 för
370 917 105 22 trafikens
492 917 99 28 behöriga
606 917 78 21 skötsel
700 917 48 21 icke
764 917 41 21 kan
821 917 52 21 und-

115 951 67 22 vikas.
211 952 113 21 Utskottet
343 952 39 21 har
402 952 58 21 velat
480 952 111 21 framhålla
612 951 60 22 detta
691 951 32 21 för
739 954 32 19 att
785 951 88 22 därmed

116 986 135 28 ådagalägga,
267 989 33 18 att
323 986 38 21 det
385 986 179 29 hufvudsakligen
588 988 23 19 är
635 993 76 21 genom
736 993 26 14 en
779 985 94 29 betydlig

116 1020 119 29 minsknivg
250 1020 22 21 af
287 1020 187 29 anslagsbehofvet
489 1021 34 20 för
538 1020 150 29 nybyggnader
704 1020 36 21 vid
752 1020 27 21 de
790 1020 83 28 färdiga

114 1054 99 27 banorna,
238 1063 44 13 som
308 1055 282 21 kommunikationsfondens
616 1054 80 29 budget
719 1054 34 21 för
772 1054 100 29 perioden

113 1088 57 21 efter
187 1090 52 20 1904
266 1089 40 21 kan
331 1089 62 21 ställa
419 1090 32 27 sig
466 1097 146 20 gynsammare
627 1091 26 19 än
668 1089 35 21 för
717 1089 40 20 den
772 1097 28 12 nu
815 1092 57 17 stun-

113 1123 71 20 dande
206 1123 105 28 perioden,
335 1123 86 22 hvilken
436 1124 8 20 i
460 1123 60 29 fråga
541 1131 34 13 om
591 1123 65 29 sagda
671 1123 64 21 behof
751 1124 81 28 intager
847 1131 25 12 en

114 1157 223 29 undantagsställning.
359 1158 50 21 Kan
426 1158 125 26 detsamma,
561 1157 68 22 såsom
644 1158 106 20 sannolikt
764 1160 27 23 är,
808 1157 65 21 fram-

113 1191 60 21 deles
188 1191 113 29 begränsas
315 1192 33 21 till
364 1193 58 21 circa
437 1194 12 19 3
465 1192 105 21 millioner
584 1193 7 20 i
606 1192 62 28 årligt
681 1192 105 24 medeltal,
796 1192 76 20 medan

113 1226 43 21 den
177 1226 83 28 rörliga:
275 1227 123 21 materielen
416 1226 132 22 fortfarande
564 1226 83 21 komme
662 1229 32 18 att
710 1226 75 21 kräfva
799 1234 26 13 en
841 1229 32 18 ut-

113 1260 44 28 gift
171 1261 22 20 af
209 1262 66 20 647
293 1261 109 24 millioner,
415 1261 23 21 sä
448 1261 68 21 skulle
527 1260 279 22 kommunikationsfondens
816 1260 57 22 ordi-

114 1296 58 20 narie
187 1295 92 21 inkomst
294 1296 23 21 af
328 1295 125 22 trafikvinst
462 1295 41 21 och
513 1295 163 25 bränvinsskatt,
687 1294 85 22 hvilken
780 1294 93 22 inkomst

115 1329 35 21 väl
170 1328 28 22 dä
218 1329 39 22 bör
277 1330 71 28 uppgå
366 1330 32 21 till
422 1331 26 19 18
469 1332 13 18 A
502 1330 25 20 19
543 1330 103 21 millioner
661 1330 7 20 i
683 1329 105 23 medeltal,
803 1329 70 21 lemna

114 1366 33 18 ett
162 1363 89 22 känbart
265 1364 119 21 öfverskott
399 1364 32 21 till
446 1372 42 20 nya
502 1364 252 28 jernvägsanläggningar,
765 1363 62 21 äfven
838 1370 34 14 om

113 1398 44 20 den
178 1397 66 29 årliga
268 1398 90 28 utgiften
382 1398 34 21 för
431 1398 67 26 lånen,
514 1398 85 21 hvilken
616 1398 34 21 för
665 1397 129 21 närvarande
810 1399 63 27 utgör

185 1472 144 18 Statsutskottels
342 1472 111 18 hetänkande
468 1471 38 18 N:o
519 1473 11 15 9
543 1472 19 17 A.
