1061 1631
315 139 22 23 U.
354 140 22 22 B.
392 152 30 3 —
438 140 64 28 Prop.
520 140 37 22 N:o
573 140 39 22 30.
831 142 12 20 5

91 204 62 23 ökad
169 204 92 28 rörelse,
276 206 58 21 utan
350 204 66 23 torde
432 204 127 23 företrädet
575 211 95 16 snarare
686 205 8 22 i
705 203 86 24 sådant
801 205 43 22 fall

92 240 57 23 böra
164 240 155 23 tillerkännas
335 240 46 23 den
398 247 83 16 senare
496 240 80 29 linjen.

163 276 152 29 Krökningen
335 276 24 23 af
377 276 211 29 lisalmi—Kajana
604 276 79 23 banan
699 277 50 22 mot
764 278 80 21 väster

91 312 44 23 har
150 312 71 23 äfven
237 313 135 22 motiverats
388 312 104 27 därmed,
504 314 35 21 att
549 312 79 23 banan
638 313 9 21 i
658 311 26 24 så
695 312 41 23 fall
747 312 96 23 komme

92 349 35 22 att
143 348 140 29 genomlöpa
295 348 172 29 jämförelsevis
484 355 65 16 mera
564 347 124 24 befolkade
704 348 43 22 och
761 348 82 23 odlade

91 384 91 23 trakter
205 386 31 20 än
260 391 38 15 om
323 384 45 22 den
391 384 93 22 direkta
504 384 170 29 sträckningen
694 383 95 23 komme
808 385 35 22 till

91 419 131 28 utförande,
239 419 132 30 hvarjämte
387 419 45 23 den
449 421 8 21 i
468 420 40 22 det
523 419 62 23 förra
600 419 67 23 fallet
681 419 70 23 äfven
767 420 76 23 skulle

91 456 83 22 beröra
193 455 105 23 Salahmi
314 455 124 30 järnbruk.
471 455 45 23 Det
533 455 41 23 bör
590 455 130 23 emellertid
740 456 102 27 märkas,

93 493 34 21 att
151 491 124 23 skilnaden
298 493 8 21 i
330 491 140 29 folkmängd
495 492 13 22 å
531 491 29 23 de
581 491 139 23 alternativa
736 491 107 23 banorna

92 527 84 23 endast
194 527 84 23 hänför
297 528 36 28 sig
352 527 35 22 till
402 527 89 23 Iisalmi
507 527 121 27 kommun,
645 527 86 23 medan
747 528 96 22 ätersto-

92 563 46 22 den
154 563 24 22 af
195 563 78 22 banan
283 564 8 21 i
302 563 126 22 hvartdera
444 563 66 22 fallet
525 563 42 22 har
583 564 35 21 att
633 563 140 29 genomlöpa
784 564 58 22 täm-

91 599 65 29 ligen
175 599 115 22 likartade
309 599 126 29 obyggder.
468 599 66 22 Dock
554 601 39 20 äro
614 599 229 29 förutsättningarna

92 636 8 21 i
116 635 86 30 själfva
217 635 84 22 värket
316 635 36 22 för
368 635 44 22 den
429 635 93 22 kortare
538 635 78 22 banan
632 635 7 22 i
651 635 64 22 detta
733 635 110 22 afseende

92 671 73 29 nägot
181 677 173 22 gynsammare,
372 673 57 20 enär
443 671 36 22 för
494 671 139 22 densamma
649 670 25 23 af
686 671 156 29 järnvägsko-

93 707 74 22 miten
191 703 128 26 beräknats
340 710 43 19 292
402 713 112 23 personer
531 713 41 22 per
591 706 172 23 bankilometer
779 707 63 22 inom

93 749 29 16 en
145 749 42 16 zon
211 742 25 23 af
260 746 28 19 20
312 742 41 23 km
377 743 30 28 pä
428 742 117 23 hvardera
563 742 68 23 sidan
648 749 38 16 om
701 742 74 29 linjen
794 744 49 21 mot

93 781 42 20 261
160 785 111 22 personer
289 779 30 28 pä
338 778 45 23 den
402 778 66 23 öfver
485 778 88 23 Nissilä
586 778 96 29 dragna.
715 778 49 23 Och
780 778 62 23 hvad

93 814 106 23 Salahmi
219 814 118 29 järnbruk
362 814 121 27 beträffar,
508 817 26 20 är
559 814 39 23 det
617 815 34 22 ett
670 814 24 22 af
710 814 29 22 de
755 815 88 22 minsta

92 851 8 21 i
123 849 90 28 landet;
233 849 54 23 dess
307 850 238 29 tillvärkningsvärde
563 850 106 29 uppgick
689 849 25 23 är
735 853 56 20 1898
807 850 36 22 till

93 889 80 24 46,000
197 885 74 23 mark.
303 885 72 23 Detta
398 886 62 22 bruk
480 885 72 28 torde,
573 885 69 23 äfven
659 893 37 15 om
716 885 40 23 det
771 886 72 29 nägot

92 921 149 29 utvidgades,
265 921 53 23 icke
342 921 86 23 tillföra
449 923 133 28 järnvägen
601 921 27 23 sä
644 921 102 29 mycken
762 921 79 28 trafik,

93 958 35 21 att
144 964 29 15 en
189 959 87 27 omväg
291 964 55 16 vore
362 957 68 23 däraf
446 957 119 30 påkallad,
577 958 8 21 i
596 957 127 29 synnerhet
738 964 37 15 om
787 964 55 16 man

93 995 68 26 tager
171 993 7 22 i
189 992 156 23 betraktande
363 994 35 22 att
414 993 92 29 Jyrkkä
520 993 118 29 järnbruk
654 993 141 22 åtminstone
807 993 35 22 till

93 1028 77 29 någon
189 1028 38 23 del
247 1029 76 22 skulle
339 1029 83 22 kunna
438 1029 109 22 använda
564 1029 45 22 den
626 1029 111 28 ostligare
753 1029 88 22 sträck-

92 1065 88 28 ningen
197 1064 24 23 af
236 1064 87 28 banan,
340 1071 54 16 men
412 1065 52 22 icke
481 1065 79 22 banan
576 1071 85 22 genom
677 1064 94 23 Nissilä.

163 1100 36 22 Då
223 1107 86 22 genom
333 1100 44 23 den
401 1100 136 29 föreslagna
560 1103 116 26 omvägen
701 1100 52 23 icke
769 1100 73 23 häller

92 1136 78 29 någon
186 1137 100 28 vinning
297 1137 7 22 i
316 1136 60 23 form
392 1136 24 23 af
432 1137 85 22 lättare
532 1137 96 28 terräng
644 1139 25 19 är
684 1137 34 21 att
728 1135 113 30 påräkna,

92 1172 43 22 har
154 1172 122 23 Utskottet
295 1172 52 23 icke
363 1172 79 22 funnit
458 1173 72 28 något
546 1172 102 23 hållbart
662 1172 52 22 skäl
729 1173 113 21 motivera

93 1208 45 22 den
161 1214 84 23 genom
269 1208 151 29 krökningen
438 1208 151 22 förorsakade
608 1209 74 21 större
702 1208 138 22 kostnaden.

92 1238 78 28 Äfven
193 1243 28 23 de
248 1245 63 21 stora
337 1244 250 29 terrängsvårigheter,
613 1244 81 22 hvilka
716 1243 30 29 på
764 1244 77 22 hvart-

92 1279 57 23 dera
169 1279 149 23 alternativet
339 1280 96 29 betinga
455 1280 88 29 många
564 1280 42 22 och
622 1280 72 28 långa
710 1280 133 28 stigningar

93 1315 24 23 af
141 1315 60 23 ända
226 1315 34 23 till
285 1319 47 19 20:
349 1319 70 24 1,000,
444 1316 49 22 tala
515 1316 62 22 emot
597 1322 29 16 en
647 1315 151 29 förlängning
818 1315 24 23 af

91 1350 79 24 banan
188 1350 93 24 utöfver
300 1351 41 23 det
356 1351 58 23 allra
430 1351 194 29 nödvändigaste.
656 1351 35 23 En
710 1351 62 23 bana
788 1351 53 23 med

92 1387 27 22 så
138 1388 62 21 stora
219 1388 134 28 stigningar
372 1394 51 16 som
440 1387 44 22 här
499 1386 145 30 ifrågasatts,
660 1387 46 23 blir
721 1387 120 29 nämligen

163 1435 186 23 Järnvägsutskottets
361 1435 111 18 betänkande
485 1435 35 18 N:o
532 1436 16 17 1.
