1061 1631
526 150 37 9 a
585 151 7 9 I

221 150 12 20 2
525 160 41 12 No
581 152 34 20 i.

260 219 35 20 Då
310 219 121 21 inkomsten
452 219 23 21 af
492 219 165 27 ifrågavarande
672 219 147 27 bevillningar,
833 219 67 27 jemte
916 219 35 21 be-

191 253 192 27 villningsfondens
410 254 63 21 andel
496 254 6 21 i
524 254 191 21 bränvinsskatten
743 255 57 20 samt
825 253 127 28 påräknade

191 287 140 26 räntemedel,
347 287 96 22 befinnas
458 294 54 15 vara
528 288 142 27 otillräckliga
686 289 33 20 att
733 288 52 27 fylla
795 287 106 27 behofvet,
912 288 40 21 har

191 322 61 21 Hans
275 322 119 27 Kejserliga
416 322 108 28 Majestät,
539 322 34 22 för
592 324 33 20 att
639 322 35 22 för
688 322 123 22 Ständerna
826 322 126 22 underlätta

191 357 154 26 uppgörandet
361 357 22 20 af
397 357 234 27 bevillningsbudgeten
650 357 34 21 för
702 357 148 21 instundande
871 356 80 22 finans-

191 391 83 26 period,
291 391 71 22 täckts
377 391 7 21 i
400 391 67 22 nåder
482 391 71 22 tillåta
568 393 34 19 att
617 391 108 22 derunder
740 391 82 27 årligen
833 391 118 21 öfverföras

192 426 115 26 4,000,000
322 426 62 21 mark
398 425 48 22 från
465 425 135 22 statsfonden
617 425 33 22 till
664 425 219 28 bevillningsmedlen,
900 425 51 22 eller

191 460 21 21 in
229 466 85 15 summa
331 461 124 25 16,000,000
470 461 67 20 mark.

261 494 32 21 På
309 496 45 20 sätt
369 494 23 21 af
404 494 87 27 bilagda
506 493 102 28 öfversigt
623 494 40 21 och
678 493 72 28 kalkyl
765 493 102 28 framgår,
879 495 24 20 är
913 494 37 21 nå-

191 535 42 20 gon
249 529 123 27 behållning
388 529 6 21 i
410 529 210 26 bevillningsmedlen
635 528 49 21 från
701 529 39 20 den
757 528 93 27 löpande
860 528 90 27 budget-

191 563 104 27 perioden
310 564 46 21 icke
372 565 33 20 att
420 565 87 20 emotse.

261 598 85 22 Medlen
362 600 34 19 att
410 599 92 21 betäcka
524 599 40 21 den
588 598 38 21 här
650 599 63 20 ofvan
732 599 114 26 upptagna
865 597 85 27 utgifts-

192 639 100 15 summan
309 633 22 21 af
345 634 127 25 31,979,400
488 633 62 21 mark
565 633 64 21 ställa
645 633 32 26 sig
693 632 64 21 alltså
772 639 45 14 som
833 631 70 28 följer:

261 667 188 22 Nettoinkomsten
465 668 33 21 för
513 667 173 27 finansperioden
703 667 22 21 af
739 667 162 21 nedanstående
914 667 36 20 be-

191 701 125 28 villningar:

262 738 22 25 a)
301 737 208 27 stämpelbevillning
523 753 4 4 .
559 754 3 3 .
594 753 5 5 .
631 754 4 4 .
667 753 4 4 .
716 737 121 26 6,600,000:
854 749 27 2 —

261 771 22 28 d)
300 771 114 28 bevillning
430 772 12 21 &
457 771 144 28 maltdrycker
631 788 4 3 .
667 789 4 3 .
717 771 120 26 3,500,000:
855 783 26 2 —

261 806 21 27 €)
301 805 115 28 bevillning
431 806 13 21 å
458 805 98 28 spelkort
594 823 5 4 .
632 822 3 4 .
668 823 4 4 .
741 805 96 26 100,000:
855 817 26 3 —

262 836 134 31 Öfverföring
411 841 47 20 från
474 840 135 22 statsfonden
631 857 4 4 .
667 857 4 4 .
704 841 133 25 16,000,000:
856 852 24 3 —

261 875 69 21 Andel
346 876 5 20 i
366 875 190 22 bränvinsskatten
595 893 4 4 .
631 893 4 4 .
667 893 4 3 .
717 876 121 25 2,640,000:
855 887 26 2 —

261 909 84 22 Räntor
382 926 3 4 s
418 927 40 4 <ox
490 927 40 4 koa
560 926 75 5 kak
667 927 4 4 5
739 911 98 24 200,000:
854 921 27 3 —

646 960 25 8 =
703 951 135 26 29,040,000:
855 962 26 3 —

261 979 100 27 Återstår
377 986 34 20 att
425 985 91 21 betäcka
559 1002 4 4 .
595 1002 4 4 .
631 1002 4 4 .
667 1002 4 4 .
716 985 121 25 2,939,400:
855 996 25 3 —

644 1037 28 3 —
702 1025 135 26 31,979,400:
855 1036 26 3 —

261 1065 71 21 Jemte
348 1065 36 21 det
398 1065 61 21 Hans
476 1065 118 27 Kejserliga
610 1065 101 26 Majestät
726 1064 91 21 föreslär
827 1063 123 22 Ständerna

192 1101 33 18 att
250 1099 13 20 &
285 1099 101 21 Finlands
408 1099 74 22 Banks
500 1099 127 22 vinstmedel
650 1099 73 21 anvisa
751 1099 36 20 det
811 1097 139 28 erforderliga

191 1133 119 22 tillskottet
325 1135 112 25 2,939,400
451 1134 67 25 mark,
529 1133 40 22 har
579 1133 61 22 Hans
650 1133 119 28 Kejserliga
779 1133 104 27 Majestät
893 1132 57 22 velat

191 1168 99 21 meddela
306 1170 33 19 att
354 1168 22 21 af
386 1168 26 21 de
427 1169 114 25 4,593,230
563 1168 68 27 mark,
650 1174 52 20 som,
719 1168 66 27 enligt
801 1168 80 26 nädiga
896 1168 54 20 kun-

191 1202 99 27 görelsen
307 1202 22 21 af
343 1203 39 21 den
401 1205 24 19 15
442 1203 51 22 Juni
511 1204 60 25 1898,
586 1202 70 22 blifvit
670 1203 33 21 för
713 1202 148 22 innevarande
870 1201 80 22 finans-

192 1237 77 26 period
292 1237 108 26 anvisade,
424 1239 34 20 att
476 1238 3 20 i
495 1238 48 21 män
561 1237 22 21 af
598 1237 66 21 behof
677 1244 26 14 ur
719 1236 142 22 omförmälda
883 1236 67 21 vinst-

191 1271 70 21 medel
281 1271 112 27 bestridas,
410 1272 78 21 endast
503 1273 111 25 2,417,918
631 1272 61 20 mark
710 1273 23 19 17
751 1271 65 27 penni
831 1270 118 22 beräknats

192 1306 87 21 komma
294 1306 32 21 till
342 1306 143 28 användning.

262 1358 10 20 I
287 1358 72 22 Näder
370 1359 100 26 godkänd
481 1359 7 21 i
498 1358 32 22 S:t
539 1359 132 27 Petersburg
682 1359 40 21 den
735 1360 12 19 4
759 1360 46 25 (17)
817 1358 58 22 Mars
888 1359 61 21 1900.

421 1416 304 22 Minister-Statssekreterare
741 1422 36 16 von
795 1416 85 22 Plehwe.
