1061 1631
168 158 26 19 12
368 155 74 24 Stänä.
458 156 36 23 Sv.
509 169 30 3 —
553 156 61 28 Prop.
631 156 35 23 N:o
682 156 34 22 27.

167 225 45 21 ken
235 225 90 21 erhållit
349 225 58 28 plats
426 227 74 19 såsom
516 227 12 19 5
543 225 14 28 &
576 225 32 21 uti
627 225 95 21 berörda
737 225 92 28 kapitel,
845 225 82 21 sådant

168 259 38 21 det
220 259 67 28 lyder
302 259 33 22 uti
351 259 43 21 den
410 259 26 21 af
449 259 128 22 Ständerna
593 261 99 26 antagna
708 259 173 28 författningen.

475 319 25 18 18
516 317 109 28 Kapitlet.

237 356 86 22 Senare
346 357 66 21 delen
432 357 26 21 af
475 359 10 18 1
502 357 13 28 &
533 359 9 18 1
560 364 66 14 mom.
643 356 124 22 innehåller
783 364 28 13 en
826 364 101 21 presum-

168 391 48 21 tion
238 390 37 22 för
298 394 39 23 att,
360 391 40 22 der
422 391 106 22 laxfisket
550 391 8 21 i
580 391 80 21 hafvet
681 391 92 22 utanför
794 391 132 22 laxförande

168 425 138 28 vattendrag
329 425 137 22 tillkommer
483 425 94 26 kronan,
594 425 39 21 allt
649 425 81 22 sädant
744 425 57 21 fiske
817 425 62 22 inom
894 428 34 19 ett

169 459 56 21 visst
247 459 139 28 begränsadt
408 460 98 25 omräde,
529 460 75 21 derest
627 459 19 28 ej
669 459 86 22 enskild
772 461 29 26 pä
817 460 111 21 särskilda

169 493 101 28 grunder
292 494 59 21 visat
374 494 35 28 sig
432 494 128 28 berättigad
583 496 33 19 att
636 496 13 19 ä
664 494 56 21 visst
735 493 123 22 fiskeställe
874 495 54 21 idka

169 527 69 22 äfven
266 528 123 28 laxfängst,
417 528 77 21 tillhör
523 528 88 21 kronan
636 535 83 14 ensam.
750 528 177 22 Fastställandet

170 569 83 21 genom
269 565 33 18 ett
317 563 101 28 generelt
434 563 165 28 lagstadgande
614 562 26 21 af
653 562 117 22 bestämda
785 563 143 21 territoriella

170 599 94 25 gränser
279 597 36 21 för
331 597 98 21 kronans
446 597 148 21 omförmälda
610 599 44 19 rätt
669 597 109 21 innebure
795 597 132 26 emellertid,

170 631 72 28 enligt
268 631 139 21 Ständernas
431 631 156 28 uppfattning,
614 639 28 13 en
667 631 182 28 godtycklighet,
872 639 55 18 som,

169 665 100 21 särdeles
288 665 29 22 dä
331 665 112 21 härintills
459 665 209 22 rättsförhällandet
683 665 83 22 mellan
781 665 88 22 kronan
884 666 43 21 och

170 699 27 21 de
217 699 105 21 enskilda
339 699 33 21 uti
387 707 32 14 nu
434 699 174 28 ifrägavarande
623 699 106 22 afseende
744 699 60 21 varit
819 700 108 28 tämligen

170 733 133 28 sväfvande,
327 733 118 29 lätteligen
468 734 76 21 kunde
567 733 51 22 leda
640 734 34 21 till
694 733 139 22 rättsförlust
848 734 36 21 för
899 735 29 20 de

170 767 109 21 enskilda.
311 768 127 21 Ständerna
460 767 70 22 hafva
552 767 76 22 derför
651 770 74 19 ansett
745 769 182 27 propositionens

170 801 96 22 berörda
281 802 142 28 stadganden
440 802 54 21 böra
509 802 48 21 helt
572 802 42 21 och
630 802 70 21 hället
715 805 62 26 utgä.

237 829 23 28 Ä
283 836 70 21 andra
372 837 65 20 sidan
455 836 69 22 hafva
539 837 129 21 Ständerna
683 837 58 21 dock
756 837 50 21 icke
822 837 106 21 förbisett

170 870 43 21 den
236 870 51 21 fara
307 870 36 22 för
358 871 116 21 laxfiskets
489 871 137 28 försämring
642 873 32 19 ett
689 871 110 21 intensivt
814 871 114 22 bedrifvet

169 904 56 22 fiske
244 905 94 21 utanför
353 905 104 28 inloppet
472 905 34 21 till
522 905 27 21 de
565 905 132 22 laxförande
712 905 103 22 elfvarna
831 905 96 22 ovilkor-

169 939 61 28 ligen
253 939 100 26 medför;
376 939 42 22 och
441 939 29 22 dä
493 942 32 18 ett
546 939 68 22 bland
630 940 101 21 motiven
745 939 34 21 till
793 940 133 28 propositio-

169 980 56 14 nens
251 974 126 21 änberörda
392 974 126 28 stadgande
533 974 59 21 varit
607 977 33 18 att
655 974 118 21 motverka
789 974 61 21 detta
865 975 62 20 miss-

169 1007 151 26 förhällande,
343 1008 69 22 hafva
436 1008 127 21 Ständerna
585 1009 50 20 icke
655 1011 56 19 trott
727 1008 35 28 sig
777 1008 55 21 böra
847 1012 81 18 stanna

169 1041 39 22 vid
229 1041 72 22 ofvan
323 1042 83 21 nämda
421 1043 107 27 negativa
543 1043 87 28 ätgärd,
646 1043 74 21 sävidt
735 1042 120 29 möjlighet
869 1043 58 21 före-

169 1076 52 28 läge
239 1079 36 18 att
289 1077 8 20 i
311 1077 205 28 lagstiftningsväg
532 1077 70 21 ordna
617 1077 136 22 hithörande
768 1077 159 21 förhällanden

169 1113 55 18 utan
255 1111 133 21 kränkande
413 1111 26 21 af
462 1111 100 21 enskilds
589 1113 50 19 rätt.
671 1111 87 21 Härvid
783 1111 64 21 torde
873 1111 55 22 böra

169 1145 93 21 komma
277 1145 7 21 i
299 1145 156 26 betraktande,
464 1148 33 18 att
512 1153 28 14 en
556 1145 19 29 ej
592 1145 66 29 ringa
673 1146 36 21 del
720 1145 26 22 af
753 1145 175 29 ifrägavarande

169 1179 96 21 laxfiske
290 1179 112 22 bedrifves
426 1180 26 21 af
471 1187 107 21 personer
600 1180 117 22 saknande
737 1180 80 28 hvarje
833 1183 44 18 rätt
892 1180 35 22 till

170 1213 56 21 fiske
243 1214 60 24 eller,
319 1214 74 21 sävidt
408 1214 68 21 fisket
488 1222 53 20 eger
553 1222 50 13 rum
613 1217 63 19 utom
688 1214 140 28 byarägäng,
840 1215 87 27 egande

171 1248 57 21 blott
252 1248 45 21 den
313 1248 114 22 allmänna
442 1251 45 19 rätt
502 1248 86 22 enhvar
603 1248 88 22 landets
707 1249 108 21 invänare
830 1249 97 21 tillkom-

170 1289 47 14 mer
233 1282 36 22 till
283 1282 57 21 fiske
355 1282 7 21 i
378 1283 71 21 sädan
459 1283 36 21 del
506 1283 25 21 af
539 1282 101 28 saltsjön.
662 1283 87 21 Genom
762 1283 166 29 inskränkning

171 1316 25 22 af
217 1316 96 22 berörda
335 1317 57 21 fiske
414 1325 54 14 vore
491 1317 62 29 förty
576 1317 71 21 redan
669 1318 93 28 mycket
785 1320 87 19 vunnet
894 1318 34 21 till

171 1350 201 23 ästadkommande
396 1352 26 20 af
431 1354 44 46 K
497 1352 74 21 bättre
592 1352 106 21 sakernas
716 1352 103 21 tillständ
834 1352 33 21 uti
884 1359 44 15 om-

170 1385 111 21 Törmäidi
296 1385 90 29 syfte,
389 1386 29 21 och
431 1386 29 21 dä
470 1386 128 28 derigennm
611 1388 71 26 något
694 1386 92 26 intrång
796 1386 33 21 uti
841 1386 87 22 enskild

173 1420 135 21 förvärfvad
331 1423 44 18 rätt
393 1420 49 22 icke
461 1400 90 51 skedde;
568 1420 69 22 hafva
653 1420 128 22 Ständerna
796 1423 79 23 ansett,
891 1420 39 22 det

172 1453 151 22 omförmälda
339 1454 113 22 allmänna
463 1454 103 22 fiskerätt
577 1455 49 21 icke
638 1455 68 21 borde
718 1454 60 28 gälla
790 1454 138 22 beträffande
