1061 1631
204 108 25 21 12
417 108 28 22 U.
463 108 27 22 B.
508 121 28 2 —
551 109 74 27 Prop.
642 108 44 23 N:o
702 108 35 23 31.

201 177 135 28 gestaltning.
365 177 68 21 Detta
455 177 78 26 arbete,
556 179 103 26 upptaget
680 177 67 21 under
761 184 33 13 n:o
808 177 33 25 12,
857 177 41 21 kan
912 177 49 21 icke

203 211 85 21 komma
309 211 33 21 till
363 211 112 21 utförande
491 212 62 20 innan
569 210 305 29 administrationsbyggnaden
891 211 71 21 blifvit

201 245 72 28 färdig
288 249 31 18 att
341 247 17 27 ej
375 246 89 21 allenast
476 249 95 25 mottaga
585 245 26 22 de
627 246 141 21 institutioner
784 245 33 21 för
832 245 73 22 hvilka
920 245 40 22 den

201 282 24 19 är
239 280 83 26 afsedd,
337 283 49 18 utan
402 280 63 21 äfven
481 283 94 25 apterats
590 280 32 21 till
637 279 140 29 provisoriskt
787 280 127 21 stationshus
927 280 33 21 för

202 314 41 21 den
266 314 33 21 tid
319 314 119 21 hvarunder
458 314 37 21 det
510 322 41 21 nya
566 314 149 22 stationshuset
730 314 101 29 uppföres
846 314 40 21 och
901 314 59 29 spär-

202 349 137 28 regleringen,
361 349 39 20 allt
421 349 68 21 under
504 356 25 13 en
545 349 92 28 följande
653 348 150 29 finansperiod,
819 348 94 21 kommer
927 349 33 20 till

201 382 120 22 utförande.
350 383 126 21 Kostnaden
494 383 33 20 för
542 383 41 21 den
598 391 40 20 nya
654 383 304 28 administrationsbyggnaden

202 418 23 20 är
240 417 108 21 beräknad
362 417 33 21 till
411 417 110 26 1,200,000
537 417 65 21 mark.

273 453 33 20 13.
337 451 130 28 Utläggning
482 451 23 21 af
520 455 31 18 ett
565 451 115 29 depotspär
692 451 75 21 mellan
776 451 136 28 Helsingfors
920 451 39 21 och

201 485 156 28 Fredriksberg
378 486 65 27 jemte
464 486 156 27 expropriation
635 485 23 21 af
673 485 65 22 mark.
769 485 98 28 Utgiften
883 485 77 24 härför,

202 520 92 26 350,000
309 519 65 27 mark,
390 519 41 22 kan
447 519 47 22 icke
517 519 130 29 uppskjutas,
662 520 88 21 emedan
765 519 84 22 arbetet
864 519 94 28 betingas

201 554 23 21 af
239 554 219 29 lokomotivdepotens
475 554 136 28 förläggande
626 554 33 21 till
674 554 161 28 Fredriksberg.

274 589 33 21 14.
337 588 141 29 Uppförande
493 588 23 21 af
530 596 25 13 en
571 597 28 20 ny
614 588 211 29 verkstadskomplex
841 588 36 21 vid
892 588 67 21 Fred-

202 623 103 28 riksberg.
335 623 103 28 Anslaget
458 623 73 20 härför
553 625 23 19 är
598 623 28 28 på
643 623 51 25 skäl,
709 631 45 12 som
770 623 7 20 i
792 623 41 21 den
849 622 46 21 nåd.
910 630 48 21 pro-

202 658 119 27 positionen
343 658 101 27 angifves,
464 657 22 21 af
508 657 111 22 Utskottet
633 657 136 21 observeradt
785 657 48 20 med
850 657 109 25 1,600,000

203 691 66 22 mark.
299 691 100 29 Afsigten
414 691 38 22 har
466 691 119 29 uppgifvits
599 699 51 14 vara
664 695 32 18 att
711 691 33 21 för
760 691 40 21 den
816 691 69 28 gamla
898 691 61 21 verk-

201 725 77 22 staden
293 727 8 20 i
315 725 136 29 Helsingfors
467 725 109 22 kvarhälla
594 725 230 27 lokomotivremonten,
840 725 75 21 medan
930 725 28 20 all

202 764 150 25 vagnsremont
366 760 67 21 skulle
446 760 125 21 verkställas
581 761 7 20 i
598 760 27 21 de
635 768 41 21 nya
687 760 150 21 verkstäderna
847 760 36 21 vid
891 759 67 22 Fred-

202 794 104 27 riksberg.
335 795 69 21 Dessa
425 795 85 20 komma
530 794 55 22 dock
600 794 48 21 icke
663 800 32 16 att
708 802 77 21 genom
799 794 28 21 de
842 803 27 12 nu
885 794 75 21 beräk-

202 829 55 21 nade
280 829 98 28 anslagen
400 828 27 21 nä
452 829 31 21 sin
507 828 136 29 fulländning,
666 829 27 21 dä
715 829 34 20 för
766 832 139 25 tapetserare-
920 828 39 21 och

202 863 232 21 mälareverkstäderna
456 863 33 21 till
512 871 25 13 en
557 863 72 28 början
645 863 47 21 icke
708 863 67 21 skulle
791 863 101 28 uppföras
908 871 52 19 egna

202 897 130 28 byggnader,
355 901 48 18 utan
426 897 63 22 dessa
504 897 132 28 afdelningar
650 898 117 21 tillsvidare
783 899 112 26 inrymmas
911 898 6 19 i
933 897 26 21 de

203 931 33 22 för
251 931 27 21 de
294 932 68 28 öfriga
377 927 152 26 verkstäderna
543 932 89 21 afscdda
647 932 155 28 byggnaderna.

276 967 31 20 15.
337 966 141 28 Omläggning
499 967 48 20 med
570 967 26 20 30
620 967 28 27 kg
670 967 54 20 räler
746 966 23 21 af
791 966 71 28 späret
884 966 75 21 mellan

202 1000 86 29 Viborg
317 1001 45 20 och
393 1001 175 21 Wuoksenniska.
611 1001 43 21 För
690 1001 60 21 detta
786 1001 79 27 förslag
896 1000 65 21 hafva

203 1035 125 28 visserligen
349 1035 83 21 talande
456 1035 44 20 skäl
524 1035 86 25 anförts,
633 1035 68 22 säsom
716 1035 149 28 omöjligheten
881 1038 31 17 att
928 1034 33 21 för

202 1069 132 21 närvarande
359 1069 45 21 föra
424 1073 65 24 tunga
512 1069 114 22 lokomotiv
642 1071 39 20 och
696 1070 36 27 tåg
748 1069 45 21 från
810 1069 149 21 hufvudbanan

202 1104 21 19 in
240 1103 29 28 på
285 1104 68 21 denna
368 1103 90 26 sträcka,
474 1111 25 14 en
515 1103 111 28 olägenhet
641 1107 53 18 mest
710 1103 95 22 kännbar
821 1103 33 21 för
868 1103 91 21 trafiken

202 1138 245 28 Petersburg—Imatra.
477 1138 51 21 Men
551 1138 28 21 då
601 1138 103 28 viktigare
727 1139 103 20 intressen
846 1137 68 21 finnas
930 1141 32 17 att

202 1172 142 28 tillvarataga,
352 1172 38 21 har
406 1172 48 21 med
470 1172 59 21 detta
544 1172 77 26 arbete,
630 1172 118 22 beräknadt
760 1176 31 17 att
802 1172 61 21 kosta
871 1172 89 25 931,140

202 1206 67 26 mark,
293 1210 78 18 ansetts
394 1206 50 21 böra
467 1206 64 21 anstå.
564 1207 42 20 Till
629 1207 52 27 följd
697 1206 62 22 häraf
774 1206 109 21 bortfaller
898 1206 63 20 äfven

204 1240 101 22 behofvet
321 1241 22 21 af

275 1276 32 20 16.
331 1275 83 21 Kasern
437 1276 33 20 för
493 1277 27 20 30
535 1276 82 20 hushåll
633 1276 12 20 å
660 1277 87 24 Antrea,
763 1275 86 21 hvilken
865 1274 95 22 bostads-

203 1309 100 28 byggnad
326 1310 47 20 icke
396 1312 22 18 är
440 1310 139 28 ovilkorligen
594 1310 22 20 af
631 1310 67 21 nöden
714 1310 64 20 innan
794 1309 167 28 arbetareperso-

203 1344 62 20 nalen
291 1344 36 21 vid
349 1344 78 21 Antrea
455 1345 76 21 station
557 1344 66 21 måste
648 1345 50 20 ökas
717 1345 7 19 i
741 1344 113 27 anledning
869 1343 23 21 af
906 1343 56 21 före-

203 1378 76 19 nämda.
295 1378 137 29 ombyggnad.

276 1458 141 17 Statsutskottets
430 1458 110 18 betänkande
554 1458 36 17 N:o
604 1458 11 16 9
627 1458 22 17 A.
