1061 1631
353 164 27 23 U.
398 164 28 22 B.
442 177 27 4 —
485 164 74 29 Prop.
575 165 41 22 N:o
630 164 38 23 43.
864 159 28 27 17

486 259 14 21 8
520 261 19 25 8.

202 310 149 22 Framställes
378 311 52 21 icke
458 310 74 21 under
561 310 159 29 anslagstiden
740 311 55 20 eller
814 310 79 21 förrän

135 345 71 22 saken
234 345 117 28 företages
378 345 38 21 till
440 344 129 29 afgörande
591 345 33 28 jäf
643 347 61 19 emot
722 345 170 28 ansökningen,

133 380 57 21 eller
206 379 77 22 finner
301 381 77 20 rätten
398 379 95 22 anfördt
510 379 34 29 jäf
562 379 74 22 sakna
654 379 47 29 fog,
713 379 30 22 dä
759 379 78 28 varde,
851 379 41 21 der

133 414 129 22 domstolen
289 414 59 21 efter
374 414 30 21 fri
431 414 111 29 pröfning
569 414 23 21 af
620 414 43 22 allt
688 413 63 22 hvad
769 414 8 21 i
797 413 95 22 ärendet

132 449 148 22 förekommit
307 456 67 14 anser
398 448 30 22 de
449 448 37 22 för
504 448 217 29 dödsförklaringen
740 448 152 28 erforderliga

133 482 199 29 omständigheter
350 491 56 14 vara
424 483 100 28 styrkta,
543 483 44 22 den
606 483 127 22 försvunne
751 490 82 21 genom
845 484 46 20 rät-

133 520 51 19 tens
203 519 70 26 wtslag
292 517 36 22 för
347 517 46 22 död
411 517 125 22 förklarad.

486 615 53 27 98.

201 684 50 22 Har
278 684 119 21 sökanden
425 685 14 21 &
464 684 205 29 inställelsedagen
688 684 126 28 uteblifvit,
833 691 57 22 upp-

133 719 77 28 skjute
229 720 78 20 rätten
326 718 97 22 ärendet
441 719 38 21 till
498 727 77 14 annan
594 719 36 21 tid
648 721 60 20 samt
719 719 119 28 förelägge
850 718 40 22 ho-

132 761 54 14 nom
204 755 35 20 att
258 753 30 21 dä
306 753 210 22 tillstädeskomma
533 753 41 22 vid
593 753 108 28 äfventyr
713 755 42 26 att,
768 753 41 22 der
821 753 69 21 äfven

133 787 39 22 det
182 787 150 28 "försummas,
351 787 98 22 ärendet
467 788 129 21 afskrifves.

200 822 89 21 Finner
307 824 84 25 rätten,
410 823 30 28 pä
458 822 106 29 yrkande
584 823 24 21 af
626 824 53 27 part
697 822 57 21 eller
770 822 62 28 eljes,
854 824 36 19 ut-

131 856 100 29 redning
249 857 9 20 i
276 857 72 20 saken
367 857 23 21 af
408 857 85 28 nöden,
511 858 38 20 mä
566 857 102 28 uppskof
686 857 43 21 ock
747 857 80 21 kunna
842 856 47 21 ske.

479 943 29 21 10
528 944 19 25 &.

197 1006 100 21 Pröfvar
321 1008 75 19 rätten
420 1006 40 21 vid
479 1005 210 29 handläggningen
707 1006 23 22 af
749 1006 84 21 ärende
852 1013 37 14 om

130 1039 190 30 dödsförklaring
338 1040 36 22 för
392 1041 143 28 sanningens
554 1040 130 22 utredande
702 1040 84 22 sädant
798 1040 90 29 nödigt,

128 1075 37 20 mä
192 1074 51 28 den,
263 1074 76 22 ehvad
360 1075 34 28 jäf
420 1077 64 19 emot
506 1075 162 28 ansökningen
687 1075 126 21 framstälts
832 1075 57 20 eller

127 1109 59 27 icke,
206 1109 77 21 tilläta
302 1109 120 22 sökanden
441 1111 36 20 att
495 1109 52 22 med
566 1109 28 22 ed
612 1109 103 22 besanna
727 1110 47 21 viss
787 1109 101 29 uppgift.

475 1196 28 20 11
524 1196 19 26 &.

201 1265 78 27 Utslag,
299 1272 48 14 som
365 1265 67 28 lyder
451 1266 14 20 &
478 1265 196 29 dödsförklaring,
691 1265 59 22 skall
769 1266 44 21 ock
830 1266 58 22 fast-

126 1298 68 22 ställa
215 1298 142 30 tidpunkten
379 1299 30 22 dä
428 1299 46 21 den
486 1300 126 21 försvunne
632 1307 66 15 anses
716 1300 70 22 hafva
805 1300 81 22 aflidit.

195 1333 163 22 Förekommer
382 1334 22 28 ej
432 1334 52 21 skäl
502 1334 37 21 till
567 1337 72 19 annat
662 1334 139 29 antagande,
825 1334 62 29 gälle

125 1368 75 20 såsom
218 1367 72 22 sådan
309 1368 113 28 tidpunkt
440 1368 46 22 den
499 1368 53 28 dag,
567 1368 29 22 då
612 1368 188 30 dödsförklaring
812 1369 76 28 enligt

126 1402 13 20 2
159 1401 43 21 och
222 1402 13 21 3
255 1403 28 26 $$
301 1402 99 29 tidigast
418 1403 93 22 kunnat
528 1403 47 21 ske.
600 1403 67 21 Dock
678 1410 55 15 vare
749 1404 34 21 tid
797 1403 37 22 till
847 1403 39 21 bo-

124 1436 161 28 uppteckning
299 1437 43 21 och
355 1437 273 29 testamentsbevakning
641 1438 89 22 räknad
745 1438 52 21 från
810 1438 76 28 dagen

124 1470 36 22 för
177 1472 96 26 utslaget.

192 1514 147 22 Lagutskottets
353 1515 120 18 betänkande
485 1516 41 17 N:o
539 1516 27 17 14.
802 1516 10 17 2
