1061 1631
169 125 14 19 4
397 124 29 22 U.
442 124 28 22 B.
486 138 28 2 —
529 124 75 28 Prop.
620 124 45 23 N:o
680 124 38 23 31.

169 193 57 21 böra
236 193 101 27 förorda,
349 194 90 21 lemnas
451 194 6 20 i
469 193 301 22 kommunikationsfonden
781 193 149 22 innestående

170 227 73 21 under
259 227 133 27 erforderlig
407 228 39 21 tid.

239 262 33 20 På
288 262 74 27 grund
378 262 69 21 häraf
459 262 65 21 torde
535 262 139 21 Ständernas
689 263 76 20 beslut
777 263 7 20 i
795 262 133 27 lånefrågan

170 296 56 21 böra
243 296 48 21 afse
307 298 30 19 ett
352 296 178 27 maximianslag
544 297 34 20 till
593 296 128 21 annuiteter
736 297 36 20 för
787 297 66 20 lånet.

239 330 145 21 Beträffande
397 330 77 21 denna
485 333 52 24 post
545 331 6 20 i
559 331 191 26 utgiftsbudgeten
761 331 43 20 har
815 331 115 20 Utskottet

170 364 42 21 här
227 364 72 21 ofvan
315 364 103 28 upptagit
434 365 136 20 densamma
585 365 130 26 förslagsvis
732 365 35 20 för
781 367 33 18 tre
832 365 32 26 år,
875 366 56 19 enär

169 398 38 21 det
227 399 27 20 är
276 398 51 27 föga
343 399 118 20 sannolikt
477 401 31 18 att
524 399 61 20 lånet
600 399 93 20 komme
708 401 32 18 att
755 399 96 21 afslutas
867 401 63 19 strax

170 433 6 20 i
192 432 83 27 början
291 433 25 20 af
329 433 115 27 perioden.
477 433 166 27 Beteckningen
662 433 156 26 »förslagsvis>
833 433 98 21 innebär

170 467 126 20 emellertid
312 469 31 19 att
358 467 133 21 annuiteten
504 467 59 27 finge
574 467 53 27 utgå
640 467 64 21 äfven
717 467 34 28 för
761 474 50 14 mer
821 469 30 19 än
861 469 33 19 tre
905 467 25 21 år

170 501 6 20 i
199 501 44 20 den
272 501 108 21 händelse
407 504 32 18 att
462 501 86 22 tillfälle
563 502 33 20 till
612 502 152 21 låneaffärens
780 502 149 27 uppgörande

171 535 80 26 skulle,
268 538 62 19 emot
352 535 62 21 hvad
437 543 33 13 nu
492 536 45 21 kan
559 538 100 25 antagas,
676 536 95 27 erbjuda
787 536 33 26 sig
836 536 70 21 redan
922 536 6 20 i

169 569 82 27 början
274 569 25 21 af
319 570 26 20 år
366 571 60 20 1901.
458 570 50 21 Den
524 571 25 20 af
562 570 113 21 Utskottet
690 570 131 21 beräknade
840 570 90 21 inkom-

171 605 48 19 sten
235 609 84 21 genom
336 605 77 20 räntor
429 604 13 21 å
458 605 27 20 de
501 604 81 27 medel,
598 611 50 14 som
664 604 73 21 under
753 605 43 20 den
814 605 115 20 närmaste

169 637 62 22 tiden
254 638 55 21 efter
329 639 73 20 lånets
426 639 146 27 upptagande
595 639 56 20 böra
671 639 80 20 kunna
766 639 30 27 på
812 641 30 18 ett
858 640 72 19 ränte-

170 672 103 21 bärande
295 673 44 20 sätt
360 673 111 27 placeras,
495 673 46 20 kan
564 673 143 26 naturligtvis
722 673 50 21 icke
788 679 55 15 vara
859 675 71 18 annat

171 707 28 20 än
216 707 176 26 approximativ.

239 741 9 20 I
267 741 98 26 enlighet
381 741 52 21 med
449 741 96 21 anförda
561 742 144 27 synpunkter
720 742 44 21 och
775 741 155 26 beräkningar

171 775 34 21 får
221 775 114 20 Utskottet
351 775 118 21 vördsamt
484 776 83 21 föreslå
583 778 31 18 att
630 775 127 22 Ständerna
767 776 53 20 ville
832 775 96 27 besluta,

448 840 32 19 1:o
501 840 31 19 att
547 839 131 26 bemyndiga
695 839 83 20 landets
793 838 91 27 Styrelse
900 840 32 19 att

377 873 31 27 på
424 873 92 27 lämplig
532 873 102 27 tidpunkt
648 873 40 21 och
704 873 50 20 med
761 873 113 20 anlitande
886 873 45 27 för-

380 907 121 27 nämligast
515 907 27 28 af
554 907 40 21 den
606 907 117 21 utländska
737 907 192 28 kapitalmarkna-

378 942 41 20 den
444 943 97 26 upptaga
564 943 27 19 ett
610 942 185 26 amorteringslån
820 941 32 21 till
867 942 64 27 högst

378 976 51 27 fyra
443 977 100 26 procents
558 977 64 19 ränta
639 976 41 21 och
696 976 50 21 med
760 977 28 19 56
804 977 36 20 års
856 983 73 14 amor-

379 1010 117 27 teringstid,
520 1010 32 21 till
571 1011 25 20 så
612 1012 52 19 stort
679 1011 76 26 belopp
769 1017 47 14 som
833 1012 96 19 motsva-

378 1051 38 14 rar
438 1051 26 14 en
485 1044 99 21 annuitet
606 1045 27 26 af
645 1045 63 26 högst
724 1045 115 26 1,575,000
854 1045 75 24 mark;

380 1081 60 19 samt

448 1143 32 20 att
494 1141 33 21 till
541 1141 135 22 bestridande
684 1142 26 27 af
715 1143 82 20 räntan
807 1141 41 21 och
857 1148 72 15 amor-

378 1176 98 27 teringen
492 1177 13 20 å
522 1176 55 21 detta
593 1177 37 20 lån
646 1176 79 21 anvisa
737 1178 26 18 ett
775 1176 68 27 årligt
851 1177 78 26 anslag

380 1212 28 26 af
426 1211 59 21 ända
502 1211 32 21 till
549 1211 113 25 1,575,000
677 1211 66 20 mark
757 1210 52 28 från
826 1210 102 21 kommu-

379 1245 204 27 nikationsfondens
599 1244 130 25 inkomster;

448 1309 37 20 2:0
500 1310 31 19 alt
545 1308 121 28 godkänna
682 1308 72 21 nedan
770 1308 99 27 följande

241 1474 145 19 Statsutskottets
399 1474 110 18 betänkande
522 1474 37 18 N:o
572 1474 12 17 9
595 1474 21 17 B.
