1061 1631
133 149 6 23 HH
649 152 1 9 N

648 162 2 8 |
664 169 65 22 Enligt
738 173 57 13 stats-

664 197 91 22 förslaget
767 197 30 18 för

688 226 20 17 är
722 227 49 16 1900.

835 196 58 18 deltal
906 196 29 18 för

828 225 118 18 1901—1904.

688 268 47 47 Fc
774 284 23 20 ||
840 268 44 47 Fw
930 284 23 20 |

535 376 102 22 Transport
650 382 2 20 |
672 375 91 21 5,241,500|
776 385 21 2 —

189 410 29 17 till
237 415 49 18 resp.
306 411 49 21 1,992
371 421 20 2 —
406 411 50 21 1,959
471 421 20 2 —
507 411 48 21 1,967
569 421 20 2 —
603 411 33 17 och
650 411 2 21 :

805 329 4 103 |
827 375 92 20 3,460,000.
932 384 21 2 —

190 445 55 21 1,995,
261 446 90 21 upptages
364 445 29 17 för
405 445 87 22 perioden
506 445 112 17 1901—1904
630 445 6 17 i
650 443 2 30 |
921 436 2 32 |

189 479 56 18 rundt
258 479 27 17 tal
318 492 3 5 .
547 493 3 2 E
707 489 20 1 —
767 488 31 10 |—|
830 478 89 20 1,980,000]
932 487 21 2 —

190 536 17 21 2)
221 536 158 23 Näringsskatten
379 532 12 31 .
404 549 3 5 +
434 551 1 2 <
490 550 4 3 so
519 550 3 4 so
547 549 4 4 so
576 550 3 3 +
605 549 3 4 +
633 541 19 12 +
690 536 74 20 430,000/
777 545 21 2 —

155 582 64 21 Någon
231 581 72 18 mindre
316 581 83 23 stegring
412 581 20 18 af
443 581 60 18 denna
515 581 123 23 inkomstpost

189 615 53 18 torde
255 615 63 18 kunna
330 616 98 22 påräknas,
440 615 75 18 hvarför
531 615 59 18 såsom
602 621 36 12 me-

190 649 58 18 deltal
261 651 91 20 upptages
377 663 3 4 .
405 663 3 4 .
434 663 3 4 .
491 663 3 4 ss
520 655 133 12 ccs.
709 661 20 2 —
778 659 19 2 —

191 709 17 18 c)
221 707 94 18 Personela
327 707 81 18 skatter
410 703 10 30 «
434 721 3 4 .
462 721 32 4 <.
519 721 3 4 <
604 720 33 5 |
674 708 125 21 2,075,000/
787 703 15 30 —

140 758 2 6 i
156 752 111 18 Medeltalet
286 752 21 18 af
323 753 34 17 den
376 753 60 22 ärliga
454 752 123 22 tillökningen
594 752 5 17 i
613 752 25 18 in-
652 755 2 12 :

190 786 59 18 futna
262 787 184 16 mantalsponningar
458 787 22 11 har
504 786 28 17 för
540 787 45 17 åren
594 787 44 17 1896
767 790 2 11 |

141 835 1 11 |
190 822 69 17 —1898
272 821 72 23 utgjort
355 822 57 22 nägot
420 827 51 12 mera
480 823 22 16 än
511 822 62 21 20,000
581 821 57 18 mark.
652 833 2 14 ;
923 821 2 21 |

190 857 29 16 Då
236 856 105 17 emellertid
358 856 98 22 anledning
474 856 39 17 icke
529 861 53 17 synes
594 861 45 12 vara
653 849 1 34 |

191 890 28 17 för
238 891 76 17 handen
335 892 28 16 att
383 890 29 17 för
432 890 122 17 instundande
573 889 65 18 finans-

190 925 65 22 period
274 925 100 22 uppskatta
391 925 35 17 den
442 925 60 22 årliga
516 925 123 22 tillökningen
769 923 1 16 |

190 959 30 17 till
241 959 80 17 nämnda
341 959 71 22 belopp,
432 959 34 17 har
479 959 66 17 endast
566 953 88 23 hälften
649 949 9 36 |

192 993 53 18 deraf
257 993 50 22 lagts
320 993 29 18 till
362 993 58 22 grund
432 993 29 18 för
472 993 125 22 beräkningen
606 993 33 17 och

191 1027 49 22 förty
254 1027 69 18 utförts
350 1041 3 4 .
406 1041 232 4 «L.
711 1038 21 3 —
779 1037 22 2 —|
831 1028 91 21 2,100,000

157 1121 41 16 3:0.
217 1121 111 16 Indirekta
341 1122 85 15 skatter
434 1123 42 14 och
487 1123 124 16 utskylder.

664 1121 10 15 w

676 1121 38 20 6,73

716 1121 10 16 [<

729 1121 38 20 ,000|
781 1130 20 1 —
867 1129 21 2 —
936 1129 21 2 |—

157 1165 122 21 Tullmedlen,
295 1166 123 17 inberäknadt
432 1165 163 23 sjöfartsafgiften,
608 1168 32 15 äro

193 1199 5 17 i
224 1200 45 16 1900
297 1200 29 16 års
351 1199 117 23 statsförslag
492 1201 94 21 upptagna
610 1200 29 16 till

192 1234 105 21 26,000,000
312 1234 56 17 mark.
393 1234 61 18 Under
469 1234 45 17 ären
529 1235 112 17 1895—1899

192 1268 57 17 hafva
262 1268 146 18 tullintraderna
420 1269 79 21 utgjort:

234 1302 22 17 är
271 1303 43 17 1895
368 1316 2 4 <
396 1316 4 4 +
424 1304 107 20 23,764,246:
545 1304 22 16 54

244 1345 6 7 »
272 1338 44 16 1896
341 1351 3 3 .
368 1351 4 3 .
398 1351 3 3 .
426 1338 106 21 27,526,454:
545 1338 22 16 72
656 1359 1 4 I

244 1380 6 7 »
273 1372 43 16 1897
341 1384 4 4 .
370 1385 2 3 .
398 1384 4 4 +
426 1372 106 20 31,284,233:
545 1372 22 17 92
656 1366 1 20 |

539 1412 102 22 Transport
654 1410 118 23 |34,478,500|
782 1422 20 2 —
810 1400 4 34 |
833 1400 95 32 7,995,000|
936 1421 23 3 —
968 1400 1 4 |
