1061 1631
419 125 53 22 N:o
487 125 55 23 30.

309 519 72 26 Hans
406 519 171 33 Kejserliga
600 520 157 31 Majestäts
776 521 84 32 Nådiga

242 567 141 32 proposition
413 566 35 25 tili
480 566 104 25 Finlands
614 566 102 33 Ständer,
746 566 115 33 angående

242 612 77 25 vidare
336 612 243 32 jeravägsbyggnader
597 613 6 24 i
623 612 81 25 landet.

172 680 73 27 Enligt
260 680 41 21 den
317 680 32 21 till
364 680 103 22 Finlands
483 680 93 21 Ständer
586 680 34 21 vid
632 681 87 26 lagtima
730 681 130 26 landtdagen

104 715 25 20 år
147 715 52 20 1897
215 713 81 22 aflätna
311 713 84 28 Nädiga
410 715 171 26 propositionen,
600 715 111 27 angående
721 715 74 21 vidare
802 715 59 28 jern-

104 749 176 27 vägsbyggnader
295 749 8 21 i
317 749 81 25 landet,
421 749 41 21 har
487 749 60 22 Hans
563 749 119 28 Kejserliga
696 749 102 28 Majestät
813 750 48 21 med

104 783 50 22 stöd
176 784 23 21 af
220 783 26 22 de
268 783 99 27 resultat,
390 783 87 22 hvartill
495 784 40 21 den
551 784 138 21 kommission
705 784 94 26 kommit,
816 790 44 15 som

103 817 47 22 haft
165 818 7 21 i
188 818 99 27 uppdrag
303 820 33 19 att
351 818 119 21 verkställa
484 818 126 22 ekonomisk
625 818 162 27 undersökning
803 818 23 21 af
835 825 25 14 en

101 852 89 27 jernväg
212 852 48 21 från
283 852 103 22 Savolaks
408 853 73 21 banan
500 852 59 22 öfver
573 852 81 22 Iisalmi
669 852 32 21 till
724 848 81 36 Kajana,
821 853 40 21 och

104 887 103 22 ehuruväl
227 886 103 22 Savolaks
342 887 103 27 jernvägs
460 887 152 27 utsträckning
627 887 33 21 till
674 887 85 27 Kajana
773 893 51 15 vore
840 887 24 21 af

103 921 79 22 allmän
197 921 109 27 betydelse
321 923 57 20 samt
394 921 49 22 dess
458 927 66 16 snara
538 921 173 27 förverkligande
726 921 61 22 äfven
801 923 60 26 synts

104 955 125 27 önskvärdt,
253 961 48 16 men
323 955 96 22 hvarken
438 955 293 22 Kommunikationsfondens
746 955 116 28 tillgångar

104 990 51 21 eller
170 990 85 21 landets
274 989 210 28 byggnadsförmäga
499 990 6 21 i
520 989 66 28 öfrigt
603 989 110 28 medgäfve
727 990 83 21 banans
825 989 36 22 be-

103 1024 106 27 läggande
232 1024 48 22 med
302 1024 74 22 arbete
392 1025 7 21 i
414 1024 50 22 hela
484 1025 47 21 dess
555 1024 65 27 längd
640 1024 67 21 under
722 1024 140 27 finansperio-

105 1059 42 21 den
169 1059 147 26 1898—1900,
335 1058 32 22 till
382 1058 124 22 Ständerna
520 1058 141 22 öfverlemnat
676 1060 33 19 att
723 1058 86 22 besluta
827 1065 34 15 om

104 1093 103 22 Savolaks
219 1094 102 27 jernvägs
335 1093 149 22 fortsättande
498 1094 48 21 frän
561 1093 87 28 Kuopio
663 1093 58 22 öfver
736 1093 79 22 Iisalmi
829 1093 32 22 till

103 1128 92 28 Kajana,
211 1128 54 22 dock
280 1127 92 23 sålunda
387 1129 34 21 att
436 1128 106 22 bandelen
557 1127 188 28 Kuopio—Isalmi
760 1127 32 22 till
807 1127 55 22 först

104 1162 103 27 utfördes,
231 1162 119 28 hvarjemte
372 1163 27 21 de
420 1162 35 22 för
477 1162 105 22 bandelen
598 1162 194 27 Tisalmi—Kajana
806 1168 55 21 upp-

104 1197 76 27 gjorda
194 1197 108 27 förslagen
317 1196 124 23 Ständerna
456 1196 113 28 delpifvits.

173 1232 38 22 Uti
233 1231 145 27 underdänigt
398 1238 50 15 svar
463 1231 54 22 härä
532 1231 23 22 af
569 1231 40 21 den
626 1232 26 20 31
669 1231 41 27 Maj
729 1232 52 20 1897
798 1230 64 22 hafva

105 1265 122 23 Ständerna
249 1266 73 22 anfört
337 1267 39 25 att,
393 1266 111 26 ehuruväl,
520 1266 71 21 såsom
606 1266 7 20 i
629 1265 41 22 den
685 1264 84 29 Nädiga
782 1271 79 21 propo-

105 1300 92 22 sitionen
209 1300 107 28 angifvits,
326 1300 56 22 bäde
393 1300 140 22 ekonomiska
544 1300 39 22 och
594 1300 101 22 tekniska
704 1300 158 22 undersöknin-

104 1341 40 21 gar
159 1334 69 22 blifvit
242 1334 124 22 verkstälda
381 1334 60 22 säväl
456 1334 34 22 för
506 1341 25 15 en
546 1334 170 27 bansträckning
726 1334 134 27 Uleäborg-—

105 1368 77 23 Waala
203 1375 46 16 som
271 1369 34 22 för
320 1375 26 15 en
358 1369 94 27 jernväg
466 1368 317 28 Kuopio—Iisalmi—Kajana,
797 1368 64 22 Stän-

105 1404 68 21 derna
186 1404 47 22 icke
247 1403 72 23 funnit
334 1404 25 21 sä
373 1403 127 28 fullständig
515 1403 117 27 utredning
646 1402 109 28 föreligga,
771 1404 33 20 att
813 1403 48 21 med

104 1437 88 28 ledning
201 1437 24 23 af
231 1438 125 22 densamma
366 1444 26 16 en
404 1438 62 22 säker
476 1438 142 27 ötvertygelse
626 1437 73 22 kunde
706 1437 69 22 bildas
783 1437 78 24 derom,
