1061 1631
426 154 51 23 N:o
493 153 51 24 31.

316 466 72 25 Hans
416 466 166 32 Kejserliga
609 466 149 32 Majestäts
783 465 80 32 nådiga

245 513 138 32 proposition
398 506 8 43 =
416 512 35 25 till
484 512 103 25 Finlands
617 512 101 32 Ständer,
749 510 114 33 angående

245 558 290 25 kommunikationsfonden.

176 637 293 22 Kommunikationsfondens
491 638 119 28 tillgångar
632 637 66 22 under
721 636 142 22 instundande

107 670 150 28 finansperiod,
281 671 133 22 omfattande
438 671 51 22 åren
515 673 146 25 1901—1904,
682 672 85 21 komma
783 673 32 19 att
830 673 33 19 ut-

107 707 62 24 göras
184 705 31 22 af:

177 741 20 21 1.
230 736 122 32 Öfverskott
362 741 60 27 från
437 741 146 21 innevarande
597 741 155 27 finansperiod.
775 740 38 22 Uti
824 741 39 20 den

107 774 24 21 af
140 775 121 22 Ständerna
270 775 34 22 vid
315 778 85 19 senaste
411 776 105 27 landtdag
526 780 94 23 antagna
628 775 40 22 och
679 775 23 21 af
710 775 59 21 Hans
778 774 86 27 Kejser-

107 809 44 27 liga
165 809 102 26 Majestät
282 811 6 20 i
304 810 66 22 nåder
384 811 117 21 faststälda
518 811 80 26 budget
613 810 33 21 för
660 809 204 22 kommunikations-

107 843 77 22 fonden
200 844 63 21 hafva
279 844 89 22 fondens
384 845 115 27 tillgångar
510 845 126 26 63,714,617
647 845 60 20 mark
717 845 28 20 40
753 843 64 28 penni
828 843 35 20 be-

107 878 89 21 räknats
213 878 117 28 öfverstiga
340 879 118 28 utgifterna
468 880 128 26 48,137,980
607 879 61 21 mark
679 879 47 20 med
736 878 125 27 15,576,637

108 912 61 21 mark
184 914 27 20 40
227 914 70 26 penni.
327 913 61 22 Hvad
404 914 145 27 tillgängarna
565 913 137 27 vidkommer,
718 913 95 21 befinnes
828 912 36 21 be-

107 947 124 27 hållningen
247 947 46 22 från
309 947 23 22 är
350 949 61 26 1897,
428 955 45 14 som
489 949 117 20 beräknats
621 948 34 21 till
670 948 114 27 9,252,000
795 947 68 26 mark,

107 981 6 20 i
129 981 77 27 sjelfva
221 982 74 22 verket
310 983 72 26 uppgå
397 983 33 21 till
448 984 127 26 11,110,349
591 983 60 21 mark
667 984 27 19 40
709 982 71 27 penni.
811 981 51 21 Tra-

107 1015 115 22 fikvinsten
238 1016 34 21 för
287 1016 24 21 är
328 1017 60 26 1898,
404 1017 86 22 hvilken
502 1017 116 21 beräknats
629 1017 33 21 till
673 1017 113 27 5,430,000
795 1015 68 26 mark,

107 1050 39 21 har
158 1051 82 27 utgjort
253 1051 112 27 7,618,430
374 1051 61 21 mark
446 1052 27 21 39
482 1051 70 28 penni.
568 1051 42 22 För
619 1051 25 21 de
653 1051 121 27 päföljande
786 1052 76 19 tvenne

107 1084 51 21 ären
183 1085 54 21 1899
261 1085 40 22 och
320 1086 54 21 1900
394 1085 40 21 har
450 1086 68 27 sagda
533 1086 55 21 vinst
603 1086 7 21 i
625 1085 106 27 budgeten
746 1084 117 22 beräknats

107 1119 33 21 till
163 1125 54 21 resp.
241 1120 112 27 5,883,000
376 1120 40 21 och
432 1121 113 27 6,425,000
561 1120 67 21 mark.
658 1120 56 21 Frän
730 1119 134 22 trafikresul-

107 1156 55 19 tatet
184 1154 67 22 under
275 1155 25 21 de
323 1154 101 22 förflutna
447 1155 132 21 mänaderna
594 1154 22 22 af
630 1156 25 20 är
672 1155 53 21 1899
741 1154 42 21 kan
799 1154 64 20 emel-

107 1188 63 22 lertid
199 1189 67 22 slutas
294 1192 32 19 att
352 1189 150 22 trafikvinsten
532 1190 67 21 under
629 1190 60 21 detta
716 1190 24 20 är
767 1189 96 21 kommer

107 1226 33 18 att
164 1224 71 27 uppgä
257 1224 33 21 till
313 1224 98 28 omkring
434 1225 115 27 8,000,000
572 1224 60 22 mark
653 1224 38 21 och
710 1223 33 21 för
760 1222 24 22 är
801 1223 62 24 1900,

107 1258 122 21 hvarunder
259 1265 25 15 en
315 1265 28 21 ny
371 1258 174 28 bansträckning,
575 1253 198 31 Äbo-Karisbanan,
804 1257 59 21 kom-

107 1299 46 15 mer
176 1295 32 19 att
230 1292 120 28 trafikeras,
375 1293 69 27 torde,
468 1293 102 21 ehuruväl
593 1292 61 28 fräga
675 1292 73 22 väckts
771 1298 34 15 om
828 1293 36 19 ut-

107 1326 103 22 färdande
233 1327 24 21 af
279 1334 27 20 ny
329 1327 156 27 aflöningsstat,
510 1327 181 22 nettoinkomsten
715 1326 52 22 böra
792 1325 71 22 ansläs

107 1362 34 20 till
163 1362 114 28 8,500,000
299 1362 67 22 mark.
396 1362 102 22 Fondens
518 1362 62 22 andel
602 1362 7 21 i
631 1360 232 23 bränvinsskattemed-

107 1396 34 21 len
169 1396 38 22 har
230 1396 115 22 beräknats
369 1396 34 22 till
429 1397 127 27 10,185,000
578 1396 61 22 mark
662 1402 47 16 men
731 1396 62 21 torde
816 1394 47 22 med

106 1431 100 21 afseende
229 1432 51 21 derä
303 1434 32 20 att
357 1432 69 27 sagda
449 1432 65 22 andel
532 1432 68 21 under
615 1432 24 21 är
656 1432 53 20 1898
725 1430 90 28 uppgått
831 1430 32 21 till
