1061 1631
171 140 14 20 4
387 139 29 23 U.
432 140 26 22 R.
476 152 28 3 —
519 140 75 29 Prop.
609 139 47 23 N:o
671 139 38 23 42.

171 208 142 21 föreskrifter
333 209 97 21 rörande
446 209 117 27 stämning
578 209 13 21 &
607 209 103 27 delegare
725 209 8 21 i
749 209 45 20 död
811 215 67 15 mans
893 209 41 26 bo,

172 243 91 26 stadgar
279 245 38 25 att,
333 243 48 21 ifall
396 243 53 21 boet
464 245 26 19 är
506 243 115 27 oskiftadt,
638 250 28 15 en
682 243 116 27 stämning
814 243 59 21 skall
888 243 42 27 ågå

171 277 45 21 alla
233 277 147 28 arfvingarna
395 277 154 22 tillsammans
566 280 59 19 samt
640 278 52 27 den,
709 285 49 14 som
775 277 7 21 i
798 277 53 21 boet
862 277 68 26 sitter,

171 317 55 15 vara
235 311 91 28 skyldig
337 314 32 19 att
379 312 145 27 stämningen
535 315 114 24 emottaga
657 312 44 21 och
710 312 45 21 låta
764 312 59 21 hvar
829 311 101 27 arfvinge

171 345 22 21 få
209 352 28 15 en
252 346 118 27 trovärdig
385 346 89 21 afskrift
490 346 69 27 deraf,
575 346 114 21 hvarefter
704 346 147 27 arfvingarna
865 345 65 22 skola

171 380 65 27 njuta
259 381 161 26 stämningstid
442 381 56 21 efter
520 381 45 20 den
581 383 35 19 ort
631 381 40 20 der
686 381 44 20 den
746 380 77 27 vistas,
840 387 50 14 som
906 381 26 19 är

171 415 75 26 längst
261 415 73 21 borta.
368 411 30 24 Är
420 415 48 21 åter
491 415 52 21 boet
566 415 100 27 skiftadt,
689 415 43 21 bör
754 415 59 20 hvar
830 414 101 27 arfvinge

172 449 109 21 särskildt
303 451 116 20 stämmas.
451 450 35 21 Då
507 449 125 22 emellertid
653 450 44 21 den
716 450 3 20 i
745 451 1 19 1
764 456 71 14 mom.
851 450 14 20 8
880 449 13 26 &
908 449 26 20 af

171 483 156 27 föreliggande
354 484 122 27 lagförslag
502 484 111 27 ingående
632 483 175 27 bestämningen
833 483 97 21 rörande

172 518 166 26 kungörelsens
356 518 143 27 delgifvande
515 519 22 20 åt
553 518 102 27 delegare
671 518 7 21 i
691 518 46 21 död
753 524 68 15 mans
836 517 30 21 bo
881 517 51 22 icke

171 552 98 21 innebär
293 555 32 18 att
347 553 71 20 sådan
442 553 102 26 delegare
568 553 58 20 skall
649 553 33 20 till
698 554 74 19 rätten
788 552 144 26 instämmas,

172 589 55 18 utan
249 587 82 21 endast
346 587 59 21 afser
420 589 32 18 att
468 587 152 26 kungörelsen
637 587 59 21 skall
711 586 118 21 meddelas
844 586 88 21 honom

172 621 32 20 till
228 621 134 21 kännedom
385 621 36 21 för
442 621 44 22 den
510 621 110 21 händelse
643 622 47 20 han
713 621 84 26 ansåge
814 620 33 27 sig
863 620 68 21 hafva

172 655 69 26 något
265 658 32 19 att
312 655 7 21 i
336 655 70 22 saken
430 655 118 28 påminna,
564 656 57 21 böra
637 655 69 27 enligt
722 655 125 21 Utskottets
862 655 69 20 tanke

172 689 49 21 icke
235 689 72 22 heller
319 690 78 27 lagens
408 690 172 27 bestämningar
595 697 39 14 om
650 689 162 27 stämningstid
828 689 54 21 eller
892 695 38 15 om

173 724 127 27 ordningen
312 724 35 21 för
358 725 127 26 stämnings
500 725 144 26 delgifvande
660 725 33 20 till
709 725 45 20 alla
765 724 64 20 delar
839 729 41 21 ega
889 723 42 21 till-

173 758 135 27 lämplighet
323 759 32 20 uti
371 765 32 14 nu
419 759 172 26 ifrågavarande
607 759 46 20 fall.
684 759 53 20 Med
752 758 107 21 afseende
875 758 56 20 härå

173 792 43 21 och
239 792 30 21 då
292 793 38 20 två
353 793 67 21 stånd
442 793 102 26 godkänt
568 793 124 21 Utskotteis
714 792 54 21 med
788 792 44 21 den
848 791 81 28 nådiga

173 826 174 28 propositionen
364 827 8 21 i
387 827 174 27 ifrågavarande
576 827 36 21 del
628 826 251 22 ötverensstämmande
894 826 37 21 be-

172 861 125 26 tänkande,
313 861 35 21 får
364 861 120 27 Utskottet,
500 868 50 14 som
566 861 125 21 emellertid
707 863 74 18 ansett
797 861 43 20 den
856 860 75 21 finska

173 895 113 26 lagtexten
309 895 56 21 böra
388 895 35 22 för
446 898 32 19 att
499 896 93 27 bringas
607 895 6 21 i
630 896 42 20 full
694 895 238 21 öfverensstämmelse

175 929 50 21 med
241 929 45 21 den
303 930 99 21 svenska
416 932 75 19 texten
508 930 140 27 förtydligas,
664 929 94 22 föreslå:

450 983 32 19 alt
502 981 81 21 Preste-
606 981 41 20 och
670 980 190 27 Borgarestånden
884 979 49 21 ville

380 1015 122 28 godkänna
524 1015 51 22 sista
599 1015 116 28 meningen
741 1014 7 21 i
771 1015 10 20 1
801 1021 67 14 mom.
888 1015 15 20 8
917 1014 15 27 $

382 1050 73 21 såsom
471 1050 72 21 denna
567 1050 89 27 mening
679 1049 60 28 lyder
755 1049 8 20 i
777 1049 41 20 den
841 1048 91 21 svenska

383 1085 69 20 texten
469 1084 27 27 af
511 1085 111 20 Utskottets
638 1083 145 26 betänkande,
798 1085 58 18 samt

450 1120 31 19 alt
495 1118 103 28 samtliga
613 1119 67 20 stånd
694 1118 49 21 ville
757 1117 36 28 för
804 1117 40 21 den
860 1117 73 27 finska

382 1155 70 19 texten
475 1153 33 21 till
529 1160 87 14 samma
632 1152 91 28 mening
738 1153 85 25 antaga
837 1151 97 28 följande

383 1188 78 26 lydelse
468 1195 8 13 :

450 1222 38 20 Jos
510 1222 70 20 nämä
601 1223 51 19 ovat
667 1221 97 24 kuolleet,
785 1220 147 21 annettakoon

384 1257 105 20 kuulutus
499 1256 80 21 heidän
589 1256 95 28 pesänsä
694 1255 129 21 osakkaalle
832 1254 31 21 tai
872 1254 62 21 osak-

384 1290 66 22 kaille
465 1290 94 21 tiedoksi.

528 1362 26 20 10
569 1362 18 26 8.

245 1413 156 27 Ridderskapet
419 1413 40 21 och
480 1413 67 21 Adeln
571 1415 60 19 samt
653 1412 109 28 Borgare-
784 1415 45 18 och
849 1412 86 21 Bonde-

175 1447 92 21 stånden
283 1446 69 22 hafva
368 1447 102 27 godkänt
485 1448 36 26 &:n
537 1447 69 27 enligt
621 1447 126 21 Utskottets
763 1446 90 27 förslag.

247 1492 134 23 Lagutskottets
393 1492 111 18 betänkande
519 1493 38 17 N:o
570 1493 28 17 13.
