1061 1631
99 569 22 18 20
133 570 16 21 &

197 137 29 23 14
425 140 23 23 I'.
464 140 26 21 B.
507 153 28 3 —
549 140 73 29 Prop.
640 140 44 23 N:o
698 140 37 22 42.

199 212 43 22 fall
270 212 80 29 åligga
376 213 119 21 sökanden
520 215 35 19 att
577 212 83 22 endast
678 213 35 21 för
731 213 160 28 inrättningen
911 213 46 21 till

199 247 141 22 kommande
358 247 132 28 ersättning
508 247 67 22 ställa
594 250 58 26 pant
670 247 55 22 eller
740 247 94 28 borgen,
848 255 49 14 som
910 247 46 22 kan

201 281 23 21 af
250 281 162 28 inrättningen
440 281 144 29 godkännas.
620 282 36 21 Dä
683 281 122 22 Utskottet
829 281 127 22 emellertid

201 318 78 19 ansett
304 316 128 29 anledning
449 316 52 21 icke
520 316 142 22 förekomma
681 319 34 18 att
734 317 7 20 i
760 315 65 22 detta
843 323 112 14 samman-

200 350 64 29 hang
283 350 97 29 vidtaga
397 351 78 28 nägon
494 350 101 29 ändring
612 351 22 21 af
646 350 149 22 meranämda
808 350 148 29 förordnings

200 384 153 28 föreskrifter,
371 385 77 22 sävidt
466 385 117 22 desamma
601 385 61 28 angä
681 385 172 21 bestämmande
873 385 22 21 af
911 385 44 21 den

200 418 117 29 säkerhet,
345 427 47 14 som
414 420 8 21 i
444 419 162 28 nyssantydda
632 419 41 22 fall
701 419 59 22 skall
787 419 23 22 af
837 419 119 22 sökanden

200 453 89 28 ställas,
317 453 42 22 har
390 454 122 21 Utskottet
539 454 68 21 hällit
634 454 47 21 före
709 456 34 19 att
771 454 185 28 propositionens

200 487 181 29 ifrägavarande
400 489 148 28 bestämning
565 488 71 21 borde
656 489 92 20 affattas
761 488 8 21 i
782 488 106 29 enlighet
904 488 52 21 med

200 523 163 21 motsvarande
380 523 129 28 stadgande
528 523 7 21 i
554 522 124 22 omordade
697 522 140 29 förordning.

271 557 36 21 Då
325 557 122 22 Utskottet
464 565 27 14 ur
515 558 11 21 1
547 558 12 25 &
578 557 127 22 utelemnat
723 557 70 22 orden
814 557 142 28 ,sparbanks

200 591 111 22 motbok*
337 594 59 19 samt
422 592 152 28 lagförslaget
600 591 98 22 sålunda
721 591 52 22 icke
794 591 80 22 vidare
892 592 64 21 inne-

200 625 73 22 fattar
290 626 78 28 någon
387 626 100 29 ändring
506 626 22 22 af
547 627 31 20 25
598 627 12 26 &
629 626 8 21 i
656 625 199 29 ofvanäberopade
868 625 88 22 förord-

199 659 58 29 ning
283 660 23 21 af
330 660 44 21 den
399 661 29 20 19
447 661 58 21 Juni
526 661 63 21 1895
609 660 120 29 angäende
748 660 148 29 sparbanker,
914 660 42 22 har

199 701 29 14 en
241 694 68 22 deraf
321 695 111 28 betingad
445 695 146 28 uteslutning
605 695 8 21 i
629 696 10 20 1
654 702 66 14 mom.
735 695 23 21 af
770 695 186 28 propositionens

200 729 31 21 20
252 729 14 26 8
285 729 131 22 verkstälts.

269 855 42 22 Uti
338 855 113 28 förslaget
478 855 36 21 till
540 856 128 27 förordning
689 856 109 28 angående
819 856 93 27 ändring
930 857 29 26 af

197 890 30 27 $$
246 891 33 20 28
296 890 38 21 och
353 891 31 20 30
402 891 9 20 i
428 890 154 27 förordningen
604 897 36 14 om
662 891 121 27 inteckning
802 891 8 20 i
827 891 44 27 fast
891 898 61 20 egen-

197 925 50 20 dom
275 925 28 27 af
325 925 40 20 den
394 925 14 20 9
433 925 117 20 November
571 926 59 19 1868
648 924 70 22 hafva
736 925 73 28 några
827 924 127 29 ändringar

197 958 52 21 icke
269 958 80 22 blifvit
367 958 23 22 af
408 958 122 22 Utskottet
547 958 119 29 vidtagna.

269 993 47 21 För
343 993 71 28 öfrigt
440 993 42 22 har
504 993 124 22 Utskottet
645 993 9 21 i
671 993 283 28 författningsförslagens

198 1027 77 22 finska
293 1029 50 20 text
360 1028 63 28 gjort
442 1027 113 22 särskilda
575 1028 117 28 språkliga
711 1027 112 22 rättelser.

268 1142 34 22 På
320 1142 76 28 grund
414 1142 24 22 af
455 1142 63 22 hvad
536 1143 69 21 ofvan
624 1142 139 22 framhållits
781 1142 35 22 får
832 1142 122 22 Utskottet

198 1176 121 22 vördsamt
338 1177 89 27 föreslå,
442 1179 34 20 att
489 1177 131 21 Ständerna
632 1177 55 21 ville
700 1178 7 20 i
720 1176 147 30 underdånig
880 1184 73 14 svars-

197 1211 123 22 skrifvelse
339 1211 37 21 till
393 1212 66 21 Hans
476 1212 132 30 Kejserliga
626 1212 111 28 Majestät
749 1211 100 22 anmäla:

473 1283 32 19 att
523 1282 24 20 de
565 1282 34 20 uti
618 1281 140 28 förevarande
775 1281 80 27 nådiga
871 1288 80 20 propo-

405 1316 64 20 sition
489 1316 33 21 till
541 1316 121 21 Ständerna
680 1316 155 27 öfverlemnade
847 1316 107 27 förslagen

404 1350 70 28 blifvit
499 1350 28 28 af
545 1350 121 21 Ständerna
684 1352 101 26 antagna,
804 1350 100 28 förslaget
922 1350 33 20 till

406 1385 33 27 ag
464 1392 36 14 om
524 1385 94 21 dödande
638 1385 28 27 af
684 1385 111 20 urkunder
817 1385 48 20 med
884 1384 70 27 några

404 1419 85 21 mindre
507 1419 120 27 ändringar
644 1419 37 21 och
699 1419 100 27 förslaget
817 1419 34 21 till
867 1418 85 28 förord-

404 1454 54 27 ning
484 1454 109 27 angående
613 1454 94 27 ändring
728 1454 28 27 af
769 1454 29 27 $$
817 1454 31 20 28
865 1454 37 20 och
922 1454 32 19 30

267 1502 132 22 Lagutskottets
412 1502 110 17 betänkande
534 1501 38 18 N:o
587 1502 25 17 13.
