1061 1631
175 152 11 19 R
377 150 73 23 Ständ.
466 150 35 23 Sv.
517 163 28 3 —
561 150 61 28 Prop.
638 150 35 21 N:n
689 150 36 21 37.

174 213 57 22 fiske
247 213 32 22 uti
295 213 52 22 dike
362 213 68 22 äfven
446 213 26 22 af
485 213 69 22 sädan
570 213 124 28 anledning
708 213 119 22 befunnits
842 213 90 22 mindre

174 247 115 29 lämpliga.

243 282 47 22 För
315 282 70 29 öfrigt
404 282 48 26 har,
468 282 28 21 dä
511 282 171 29 propositionen
697 282 51 22 med
764 282 107 22 förbudet
885 284 49 19 mot

174 315 57 22 fiske
253 319 100 19 närmast
374 317 114 21 nedanom
510 316 162 29 dambyggnad
697 319 87 19 ansetts
805 317 48 21 afse
871 316 60 21 dam-

175 350 117 29 byggnad,
308 359 48 14 som
371 351 101 21 sträcker
487 351 35 28 sig
537 350 64 22 öfver
612 351 52 21 hela
673 351 167 28 vattendraget,
851 350 83 21 sädant

174 385 157 29 uttryckligen
350 388 94 26 utsagts.
476 385 117 28 Derjemte
608 385 40 22 har
665 386 39 21 det
719 385 117 22 befunnits
851 385 81 28 nödigt

175 422 33 18 att
230 419 126 27 framhälla,
380 420 39 21 det
436 420 42 21 här
492 420 82 21 nämda
589 420 193 28 inskränkningar
797 420 50 21 icke
862 419 70 22 verka

175 454 134 22 retroaktivt
334 455 7 20 i
363 454 66 29 fräga
452 461 36 14 om
510 454 63 26 fiske,
590 461 48 14 som
653 454 116 22 bedrifves
785 453 85 22 medels
885 453 46 21 fast

175 487 121 29 fiskeverk,
319 489 87 22 hvilket
423 489 100 28 päkallat
538 489 122 28 intagande
676 488 26 21 af
715 491 33 18 ett
763 491 53 26 nytt
830 489 103 20 moment

176 522 140 22 omedelbart
331 523 57 22 efter
406 525 9 19 1
432 530 66 14 mom.

243 557 157 22 Föreskriften
414 557 34 22 uti
462 557 148 28 paragrafens
633 559 5 19 2
654 565 66 14 mom.
739 557 41 21 har
791 559 65 26 synts
867 557 67 21 Stän-

176 591 69 21 derna
261 593 26 20 sä
301 592 56 28 godt
372 599 48 14 som
435 591 94 29 omöjlig
543 594 34 19 att
592 592 6 21 i
613 592 121 28 praktiken
749 592 108 28 tillämpa,
873 594 53 19 enär

176 625 40 21 här
240 626 84 21 nämda
347 626 133 28 inrättning,
502 627 7 20 i
531 626 108 21 händelse
656 626 131 21 densamma
803 625 58 22 skall
875 633 56 21 upp-

176 659 56 29 fylla
258 660 91 22 dermed
374 661 74 21 afsedt
471 661 108 25 ändamål,
602 662 72 19 måste
697 663 67 26 göras
789 662 25 19 sä
836 663 39 22 tät,
898 662 34 19 att

176 696 101 20 vattnets
292 695 44 21 fria
350 695 54 28 lopp
419 695 133 21 inskränkes
568 695 43 21 och
626 695 39 21 vid
679 695 194 28 högvattenstånd
884 694 50 21 fara

176 727 36 23 för
235 729 187 28 öfversvämning
441 729 117 28 lätteligen
573 729 106 22 inträder.
710 729 77 28 Sagda
804 728 130 22 föreskrifts

176 763 146 29 tillämpning
344 764 7 21 i
373 763 66 28 fråga
459 771 37 14 om
510 763 70 22 redan
595 763 92 22 utförda
702 763 231 28 vattenafledningar,

176 797 39 21 vid
237 797 90 22 hvilkas
349 798 166 28 planläggning
537 797 68 22 häraf
625 797 119 22 föraniedd
769 797 98 22 kostnad
885 797 52 22 icke

177 832 69 27 tagits
270 833 7 20 i
299 832 155 25 betraktande,
478 832 108 21 innebure
608 832 36 22 för
667 832 70 29 öfrigt
761 839 28 14 en
807 831 125 29 obillighet,

177 865 49 22 ifall
251 866 69 22 äfven
343 867 64 21 dessa
432 867 91 20 dermed
548 866 103 29 åsyftats.
683 866 75 22 Också
783 873 55 15 vore
865 866 37 21 det
927 866 7 20 i

178 902 85 27 många
285 901 40 21 fall
340 901 87 28 ganska
442 901 162 28 tvifvelaktigt,
620 901 113 22 huruvida
749 901 38 21 det
802 908 39 15 ens
858 900 78 22 kunde

178 942 65 14 anses
267 935 68 22 lända
356 935 175 28 underbyggare
553 935 35 22 till
610 937 67 27 nytta
700 938 33 19 att
752 935 82 22 hindra
849 935 87 21 fiskens

178 969 115 29 vandring
315 970 35 21 till
372 969 43 22 och
435 969 52 22 från
502 972 32 19 ett
548 972 85 23 vatten,
649 977 49 14 som
713 969 114 22 måhända
841 969 94 28 erbjöde

178 1003 36 22 för
230 1003 142 22 densammas
386 1004 124 28 förökning
525 1011 134 21 gynsamma
671 1003 166 22 förhållanden.
853 1003 34 21 På
898 1011 38 13 an-

179 1037 66 22 förda
262 1039 98 27 grunder
373 1038 41 21 har
425 1038 94 21 berörda
529 1041 100 19 moment
640 1038 25 21 af
674 1038 128 22 Ständerna
812 1037 123 22 uteslutits.

249 1073 53 21 Med
324 1073 89 28 hänsyn
436 1073 33 20 till
485 1073 44 21 den
543 1073 238 28 undantagsställning
797 1073 34 21 uti
847 1074 26 19 13
888 1073 48 26 (15)

180 1107 13 28 8
217 1109 10 19 1
253 1115 66 14 mom.
342 1107 82 21 nämda
446 1107 50 28 slag
518 1107 25 21 af
559 1109 78 20 vatten
652 1107 69 21 redan
737 1107 95 26 erhållit,
848 1106 43 21 och
906 1106 28 21 dä

179 1143 73 27 några
275 1141 66 22 fisket
363 1141 95 22 rörande
476 1141 208 29 reglementerande
700 1141 142 22 föreskrifter
858 1141 40 21 här
914 1140 20 28 ej

180 1176 71 21 heller
272 1176 119 21 framdeles
407 1176 64 22 torde
486 1184 53 13 vara
554 1176 26 21 af
593 1176 37 21 det
646 1176 125 21 allmännas
787 1176 95 20 intresse
896 1177 40 26 på-

181 1210 96 26 kallade,
293 1210 69 21 hafva
380 1210 127 22 Ständerna
522 1213 74 19 ansett
610 1210 107 28 lämpligt
733 1213 34 18 att
781 1217 84 21 genom
879 1210 57 20 inta-

180 1244 76 28 gande
271 1244 34 21 uti
319 1244 149 22 förevarande
480 1247 101 19 moment
591 1244 26 22 af
625 1245 38 21 det
672 1244 129 28 väsentliga
812 1243 122 22 innehållet

181 1278 6 21 i
210 1280 27 19 33
263 1278 14 28 &
299 1278 26 22 af
345 1278 43 22 den
408 1278 128 29 föreslagna
553 1286 47 21 nya
614 1278 175 28 fiskeristadgan
805 1278 131 22 säkerställa

181 1312 44 22 den
241 1320 69 20 egare
325 1313 26 21 af
363 1313 68 21 slutet
446 1315 79 19 vatten
539 1312 143 22 förbehällna
696 1312 45 22 fria
755 1312 183 28 förfoganderätt

181 1346 66 22 öfver
271 1347 80 21 sädant
369 1350 79 18 vatten
463 1348 50 20 med
529 1347 107 21 afseende
651 1349 13 19 ä
679 1347 74 21 fisket.
783 1347 12 21 I
810 1346 71 28 öfrigt
896 1346 41 21 har

183 1382 26 18 14
231 1381 15 29 8
271 1384 83 18 ansetts
372 1382 123 28 lämpligen
510 1382 77 21 kunna
602 1381 147 22 sammansläs
765 1381 51 21 med
833 1383 26 19 13
866 1376 13 38 $
903 1380 36 21 till

181 1422 29 14 en
225 1416 60 20 enda
300 1415 116 29 paragraf;
432 1416 42 21 och
489 1416 41 21 har
545 1416 61 21 detta
621 1416 104 28 betingat
740 1415 110 21 särskilda
860 1414 80 22 redak-

181 1449 95 22 tionella
291 1450 129 28 ändringar.
