1061 1631
341 120 27 24 U.
383 119 32 24 B.
426 134 28 4 —
470 121 72 29 Prop.
557 120 47 24 N:o
618 121 29 23 37
813 123 26 20 31

376 397 235 28 Reservationer.

190 489 2 3 |
486 463 18 21 I

193 510 2 2 *
245 523 70 21 B.B.
333 525 25 19 17
376 523 51 28 kap.
445 525 20 24 5,
483 525 20 24 6,
521 525 19 23 7,
557 525 20 24 8,
594 525 13 19 9
624 530 29 14 m.
670 522 26 22 fl.
711 523 36 28 $$.

186 576 142 27 "Ändamålet"
353 582 53 21 med
432 582 229 29 fredningsomräden
686 585 24 18 är
733 584 34 19 att
789 582 82 22 hindra

119 617 89 22 fiskens
230 617 117 22 utödande
370 620 60 19 samt
452 618 55 29 höja
529 617 167 22 fiskevattnens
715 618 156 29 afkastnings-

119 654 103 29 förmäga
237 654 43 21 och
296 653 82 22 fiskets
394 653 221 29 afkastningsvärde.
641 654 154 21 Fördenskull
811 654 60 21 stad-

119 697 48 21 gas,
190 691 35 20 att
244 689 51 22 frän
318 689 152 22 fiskevattnet
492 689 103 29 afskiljes
617 690 43 21 och
679 690 21 21 h.
719 697 19 14 o.
755 690 22 21 h.
794 689 77 22 fredas

119 725 87 22 sädana
219 725 124 29 lekplatser
358 725 37 22 för
410 725 152 22 värdefullare
578 725 116 29 fiskslags,
711 727 76 20 säsom
803 728 15 19 t.
835 733 35 14 ex.

120 761 49 26 lax,
180 761 59 26 harr,
256 761 42 26 sik,
315 761 92 26 braxen,
424 765 42 24 gös
477 761 43 22 och
531 761 113 22 måhända
654 761 69 22 äfven
734 761 31 26 id,
777 761 95 22 muikka

119 797 50 21 och'
184 804 60 19 nors,
265 796 79 22 hvilka
364 797 70 21 hafva
456 797 28 21 de
500 799 186 26 gynnsammaste
701 797 170 28 betingelserna

119 832 36 21 för
171 832 87 21 fiskens
274 832 38 21 lek
328 833 43 21 och
387 833 94 21 hvarest
496 840 113 14 rommens
621 833 43 21 och
674 832 92 29 ynglets
777 833 95 21 utveck-

119 867 48 29 ling
190 870 57 19 utan
270 868 88 29 -störing
382 868 46 21 kan
450 868 109 29 försiggä,
575 868 120 21 äfvensom
711 868 108 21 områden
835 869 38 21 för

119 903 88 25 fiskens:
222 904 115 29 vandring
352 904 36 21 till
404 905 43 20 och
463 904 60 21 ifrån
538 904 159 29 lekplatserna.
722 904 75 22 Dessa
812 904 60 21 fred-

119 940 178 27 ningsområden
317 939 57 22 böra
390 940 89 21 derföre
495 940 116 29 afstängas
626 940 60 21 både
702 940 35 21 för
752 940 60 21 fiske
829 940 42 21 och

120 975 41 22 allt
181 978 75 23 annat,
278 983 49 14 som
344 978 47 19 stör
406 975 74 26 leken,
497 976 116 21 förorenar
629 978 89 19 vattnet
733 976 56 21 eller
805 975 67 29 eljest

120 1011 81 22 verkar.
224 1011 97 29 menligt
342 1011 36 22 för
398 1019 103 14 rommen
518 1012 55 21 eller
587 1012 87 29 ynglet.
706 1012 39 21 All
761 1011 110 29 flottning

120 1047 51 21 och"
186 1047 135 22 samfärdsel
344 1047 62 22 inom
431 1048 67 21 dessa
514 1048 107 21 områden
638 1047 119 22 äfvensom
772 1047 99 29 tagande

120 1083 24 21 af
159 1083 75 26 malm,
252 1085 57 24 sten,
325 1083 53 26 lera,
396 1083 57 22 sand
470 1083 55 22 eller
540 1083 75 29 dylikt
630 1083 63 22 inom
704 1083 103 22 området
817 1083 55 22 eller

120 1121 13 19 å
145 1118 145 22 tillstötande
314 1119 79 21 strand
416 1119 125 29 förbjudes.
572 1119 90 22 Endast
680 1119 70 29 gädd-
766 1119 43 22 och
825 1119 46 22 lak-

119 1155 60 21 fiske
194 1155 53 21 med
263 1155 89 21 mindre
367 1155 76 29 ryssja
458 1156 44 21 och
518 1155 87 29 mjärde
616 1156 73 20 under
699 1155 103 21 lektiden
813 1158 63 19 samt.

120 1191 52 21 med
197 1191 58 21 :krok
280 1191 73 21 under
379 1199 75 13 annan
477 1191 34 21 tid
537 1191 119 22 äfvensom
681 1191 140 29 kräftfångst
848 1195 25 17 är

119 1226 84 22 tillåtet
217 1226 63 22 inom
296 1226 220 30 fredningsområde.

175 1272 2 2 +
190 1263 45 21 För
251 1265 35 19 att
301 1263 106 29 uppfylla
423 1262 41 22 sitt
479 1263 105 21 ändamål
599 1262 56 22 böra
670 1262 8 22 i
694 1262 79 29 hvarje
784 1264 87 20 vatten-

119 1299 66 28 drag.
199 1298 57 22 flera
280 1299 114 25 områden,
419 1298 91 22 hvilkas
535 1299 171 28 sammanlagda
728 1298 60 22 areal
804 1300 69 27 utgör

119 1334 71 22 minst
212 1334 33 29 !/,,
269 1334 44 22 och
329 1335 69 28 högst
417 1335 35 28 !/,,
469 1334 24 22 af
508 1334 51 22 hela
575 1334 161 22 fiskevattnets
753 1334 66 26 areal,
836 1336 35 19 ut-

119 1370 78 29 brytas
221 1370 35 22 till
280 1370 231 29 fredningsområden
532 1370 43 22 och
590 1370 133 22 härutöfver
739 1378 29 13 en
785 1372 24 20 så
825 1372 48 19 stor

121 1406 89 22 sträcka
228 1406 24 22 af
271 1406 39 22 det
325 1406 179 29 kringliggande
520 1408 95 24 vattnet,
632 1408 33 19 att
681 1406 103 22 området
798 1406 74 28 ifråga

194 1448 212 18 Vattenrättsutskottets
420 1448 117 19 betänkande
549 1448 38 18 N:o
598 1448 18 18 5.
