<?xml version="1.0" encoding="UTF-8"?>
<alto xmlns="http://www.loc.gov/standards/alto/ns-v3#" xmlns:xlink="http://www.w3.org/1999/xlink" xmlns:xsi="http://www.w3.org/2001/XMLSchema-instance" xsi:schemaLocation="http://www.loc.gov/standards/alto/ns-v3# http://www.loc.gov/alto/v3/alto-3-0.xsd">
	<Description>
		<MeasurementUnit>pixel</MeasurementUnit>
		<sourceImageInformation>
			<fileName>/tmp/tess_69arbibi_input.PNG</fileName>
		</sourceImageInformation>
		<OCRProcessing ID="OCR_0">
			<ocrProcessingStep>
				<processingSoftware>
					<softwareName>tesseract 5.3.4</softwareName>
				</processingSoftware>
			</ocrProcessingStep>
		</OCRProcessing>
	</Description>
	<Layout>
		<Page WIDTH="1061" HEIGHT="1631" PHYSICAL_IMG_NR="0" ID="page_0">
			<PrintSpace HPOS="0" VPOS="0" WIDTH="1061" HEIGHT="1631">
				<ComposedBlock ID="cblock_0" HPOS="326" VPOS="134" WIDTH="521" HEIGHT="29">
					<TextBlock ID="block_0" HPOS="326" VPOS="134" WIDTH="521" HEIGHT="29">
						<TextLine ID="line_0" HPOS="326" VPOS="134" WIDTH="521" HEIGHT="29">
							<String ID="string_0" HPOS="326" VPOS="134" WIDTH="23" HEIGHT="23" WC="0.90" CONTENT="U."/><SP WIDTH="17" VPOS="134" HPOS="349"/>
							<String ID="string_1" HPOS="366" VPOS="134" WIDTH="22" HEIGHT="23" WC="0.89" CONTENT="B."/><SP WIDTH="16" VPOS="134" HPOS="388"/>
							<String ID="string_2" HPOS="404" VPOS="147" WIDTH="30" HEIGHT="3" WC="0.89" CONTENT="—"/><SP WIDTH="16" VPOS="147" HPOS="434"/>
							<String ID="string_3" HPOS="450" VPOS="134" WIDTH="64" HEIGHT="29" WC="0.96" CONTENT="Prop."/><SP WIDTH="16" VPOS="134" HPOS="514"/>
							<String ID="string_4" HPOS="530" VPOS="135" WIDTH="38" HEIGHT="22" WC="0.96" CONTENT="N:o"/><SP WIDTH="15" VPOS="135" HPOS="568"/>
							<String ID="string_5" HPOS="583" VPOS="134" WIDTH="39" HEIGHT="23" WC="0.96" CONTENT="30."/><SP WIDTH="197" VPOS="134" HPOS="622"/>
							<String ID="string_6" HPOS="819" VPOS="138" WIDTH="28" HEIGHT="19" WC="0.95" CONTENT="25"/>
						</TextLine>
					</TextBlock>
				</ComposedBlock>
				<ComposedBlock ID="cblock_1" HPOS="94" VPOS="205" WIDTH="754" HEIGHT="1284">
					<TextBlock ID="block_1" HPOS="97" VPOS="205" WIDTH="749" HEIGHT="388">
						<TextLine ID="line_1" HPOS="168" VPOS="205" WIDTH="677" HEIGHT="24">
							<String ID="string_7" HPOS="168" VPOS="205" WIDTH="9" HEIGHT="23" WC="0.96" CONTENT="I"/><SP WIDTH="23" VPOS="205" HPOS="177"/>
							<String ID="string_8" HPOS="200" VPOS="205" WIDTH="75" HEIGHT="23" WC="0.96" CONTENT="likhet"/><SP WIDTH="23" VPOS="205" HPOS="275"/>
							<String ID="string_9" HPOS="298" VPOS="205" WIDTH="54" HEIGHT="23" WC="0.96" CONTENT="med"/><SP WIDTH="23" VPOS="205" HPOS="352"/>
							<String ID="string_10" HPOS="375" VPOS="205" WIDTH="64" HEIGHT="23" WC="0.96" CONTENT="hvad"/><SP WIDTH="24" VPOS="205" HPOS="439"/>
							<String ID="string_11" HPOS="463" VPOS="205" WIDTH="66" HEIGHT="23" WC="0.96" CONTENT="fallet"/><SP WIDTH="23" VPOS="205" HPOS="529"/>
							<String ID="string_12" HPOS="552" VPOS="208" WIDTH="26" HEIGHT="20" WC="0.97" CONTENT="är"/><SP WIDTH="15" VPOS="208" HPOS="578"/>
							<String ID="string_13" HPOS="593" VPOS="205" WIDTH="40" HEIGHT="23" WC="0.96" CONTENT="vid"/><SP WIDTH="16" VPOS="205" HPOS="633"/>
							<String ID="string_14" HPOS="649" VPOS="205" WIDTH="65" HEIGHT="24" WC="0.96" CONTENT="såväl"/><SP WIDTH="17" VPOS="205" HPOS="714"/>
							<String ID="string_15" HPOS="731" VPOS="206" WIDTH="114" HEIGHT="23" WC="0.96" CONTENT="Savolaks"/>
						</TextLine>
						<TextLine ID="line_2" HPOS="97" VPOS="241" WIDTH="748" HEIGHT="30">
							<String ID="string_16" HPOS="97" VPOS="248" WIDTH="50" HEIGHT="16" WC="0.96" CONTENT="som"/><SP WIDTH="24" VPOS="248" HPOS="147"/>
							<String ID="string_17" HPOS="171" VPOS="241" WIDTH="46" HEIGHT="23" WC="0.95" CONTENT="den"/><SP WIDTH="23" VPOS="241" HPOS="217"/>
							<String ID="string_18" HPOS="240" VPOS="241" WIDTH="114" HEIGHT="23" WC="0.96" CONTENT="Karelska"/><SP WIDTH="24" VPOS="241" HPOS="354"/>
							<String ID="string_19" HPOS="378" VPOS="241" WIDTH="85" HEIGHT="28" WC="0.96" CONTENT="banan,"/><SP WIDTH="24" VPOS="241" HPOS="463"/>
							<String ID="string_20" HPOS="487" VPOS="241" WIDTH="66" HEIGHT="23" WC="0.96" CONTENT="torde"/><SP WIDTH="24" VPOS="241" HPOS="553"/>
							<String ID="string_21" HPOS="577" VPOS="249" WIDTH="28" HEIGHT="15" WC="0.96" CONTENT="en"/><SP WIDTH="19" VPOS="249" HPOS="605"/>
							<String ID="string_22" HPOS="624" VPOS="241" WIDTH="93" HEIGHT="30" WC="0.96" CONTENT="ganska"/><SP WIDTH="21" VPOS="241" HPOS="717"/>
							<String ID="string_23" HPOS="738" VPOS="242" WIDTH="107" HEIGHT="29" WC="0.96" CONTENT="ansenlig"/>
						</TextLine>
						<TextLine ID="line_3" HPOS="97" VPOS="277" WIDTH="749" HEIGHT="30">
							<String ID="string_24" HPOS="97" VPOS="277" WIDTH="168" HEIGHT="23" WC="0.91" CONTENT="trävarutrafik"/><SP WIDTH="23" VPOS="277" HPOS="265"/>
							<String ID="string_25" HPOS="288" VPOS="277" WIDTH="83" HEIGHT="23" WC="0.91" CONTENT="kunna"/><SP WIDTH="21" VPOS="277" HPOS="371"/>
							<String ID="string_26" HPOS="392" VPOS="279" WIDTH="102" HEIGHT="21" WC="0.91" CONTENT="emotses"/><SP WIDTH="16" VPOS="279" HPOS="494"/>
							<String ID="string_27" HPOS="510" VPOS="277" WIDTH="14" HEIGHT="23" WC="0.92" CONTENT="å"/><SP WIDTH="16" VPOS="277" HPOS="524"/>
							<String ID="string_28" HPOS="540" VPOS="277" WIDTH="45" HEIGHT="23" WC="0.96" CONTENT="den"/><SP WIDTH="16" VPOS="277" HPOS="585"/>
							<String ID="string_29" HPOS="601" VPOS="277" WIDTH="136" HEIGHT="30" WC="0.93" CONTENT="föreslagna"/><SP WIDTH="13" VPOS="277" HPOS="737"/>
							<String ID="string_30" HPOS="750" VPOS="279" WIDTH="96" HEIGHT="28" WC="0.91" CONTENT="järnvä-"/>
						</TextLine>
						<TextLine ID="line_4" HPOS="97" VPOS="313" WIDTH="749" HEIGHT="29">
							<String ID="string_31" HPOS="97" VPOS="320" WIDTH="52" HEIGHT="22" WC="0.93" CONTENT="gen."/><SP WIDTH="32" VPOS="320" HPOS="149"/>
							<String ID="string_32" HPOS="181" VPOS="313" WIDTH="103" HEIGHT="23" WC="0.91" CONTENT="Oaktadt"/><SP WIDTH="23" VPOS="313" HPOS="284"/>
							<String ID="string_33" HPOS="307" VPOS="313" WIDTH="113" HEIGHT="22" WC="0.95" CONTENT="närheten"/><SP WIDTH="25" VPOS="313" HPOS="420"/>
							<String ID="string_34" HPOS="445" VPOS="313" WIDTH="24" HEIGHT="23" WC="0.95" CONTENT="af"/><SP WIDTH="16" VPOS="313" HPOS="469"/>
							<String ID="string_35" HPOS="485" VPOS="313" WIDTH="61" HEIGHT="29" WC="0.93" CONTENT="goda"/><SP WIDTH="16" VPOS="313" HPOS="546"/>
							<String ID="string_36" HPOS="562" VPOS="313" WIDTH="117" HEIGHT="23" WC="0.92" CONTENT="flottleder"/><SP WIDTH="15" VPOS="313" HPOS="679"/>
							<String ID="string_37" HPOS="694" VPOS="313" WIDTH="95" HEIGHT="23" WC="0.93" CONTENT="komme"/><SP WIDTH="18" VPOS="313" HPOS="789"/>
							<String ID="string_38" HPOS="807" VPOS="320" WIDTH="39" HEIGHT="16" WC="0.91" CONTENT="an-"/>
						</TextLine>
						<TextLine ID="line_5" HPOS="97" VPOS="349" WIDTH="747" HEIGHT="30">
							<String ID="string_39" HPOS="97" VPOS="349" WIDTH="112" HEIGHT="29" WC="0.91" CONTENT="tagligen,"/><SP WIDTH="23" VPOS="349" HPOS="209"/>
							<String ID="string_40" HPOS="232" VPOS="349" WIDTH="100" HEIGHT="23" WC="0.95" CONTENT="likasom"/><SP WIDTH="24" VPOS="349" HPOS="332"/>
							<String ID="string_41" HPOS="356" VPOS="349" WIDTH="30" HEIGHT="29" WC="0.95" CONTENT="på"/><SP WIDTH="18" VPOS="349" HPOS="386"/>
							<String ID="string_42" HPOS="404" VPOS="349" WIDTH="77" HEIGHT="29" WC="0.96" CONTENT="öfriga"/><SP WIDTH="17" VPOS="349" HPOS="481"/>
							<String ID="string_43" HPOS="498" VPOS="351" WIDTH="130" HEIGHT="28" WC="0.96" CONTENT="järnvägar"/><SP WIDTH="16" VPOS="351" HPOS="628"/>
							<String ID="string_44" HPOS="644" VPOS="351" WIDTH="7" HEIGHT="21" WC="0.96" CONTENT="i"/><SP WIDTH="16" VPOS="351" HPOS="651"/>
							<String ID="string_45" HPOS="667" VPOS="349" WIDTH="88" HEIGHT="28" WC="0.93" CONTENT="landet,"/><SP WIDTH="16" VPOS="349" HPOS="755"/>
							<String ID="string_46" HPOS="771" VPOS="349" WIDTH="73" HEIGHT="23" WC="0.92" CONTENT="förså-"/>
						</TextLine>
						<TextLine ID="line_6" HPOS="97" VPOS="385" WIDTH="749" HEIGHT="29">
							<String ID="string_47" HPOS="97" VPOS="385" WIDTH="47" HEIGHT="29" WC="0.90" CONTENT="gad"/><SP WIDTH="16" VPOS="385" HPOS="144"/>
							<String ID="string_48" HPOS="160" VPOS="386" WIDTH="94" HEIGHT="21" WC="0.92" CONTENT="trävara"/><SP WIDTH="14" VPOS="386" HPOS="254"/>
							<String ID="string_49" HPOS="268" VPOS="386" WIDTH="35" HEIGHT="21" WC="0.92" CONTENT="att"/><SP WIDTH="18" VPOS="386" HPOS="303"/>
							<String ID="string_50" HPOS="321" VPOS="385" WIDTH="6" HEIGHT="22" WC="0.92" CONTENT="å"/><SP WIDTH="12" VPOS="385" HPOS="327"/>
							<String ID="string_51" HPOS="339" VPOS="385" WIDTH="78" HEIGHT="22" WC="0.96" CONTENT="banan"/><SP WIDTH="11" VPOS="385" HPOS="417"/>
							<String ID="string_52" HPOS="428" VPOS="386" WIDTH="178" HEIGHT="28" WC="0.96" CONTENT="transporteras,"/><SP WIDTH="12" VPOS="386" HPOS="606"/>
							<String ID="string_53" HPOS="618" VPOS="385" WIDTH="44" HEIGHT="22" WC="0.96" CONTENT="och"/><SP WIDTH="11" VPOS="385" HPOS="662"/>
							<String ID="string_54" HPOS="673" VPOS="385" WIDTH="30" HEIGHT="22" WC="0.96" CONTENT="då"/><SP WIDTH="11" VPOS="385" HPOS="703"/>
							<String ID="string_55" HPOS="714" VPOS="385" WIDTH="35" HEIGHT="22" WC="0.93" CONTENT="till"/><SP WIDTH="12" VPOS="385" HPOS="749"/>
							<String ID="string_56" HPOS="761" VPOS="385" WIDTH="85" HEIGHT="23" WC="0.91" CONTENT="bränn-"/>
						</TextLine>
						<TextLine ID="line_7" HPOS="97" VPOS="420" WIDTH="748" HEIGHT="30">
							<String ID="string_57" HPOS="97" VPOS="421" WIDTH="52" HEIGHT="27" WC="0.96" CONTENT="ved,"/><SP WIDTH="21" VPOS="421" HPOS="149"/>
							<String ID="string_58" HPOS="170" VPOS="427" WIDTH="69" HEIGHT="23" WC="0.96" CONTENT="props"/><SP WIDTH="16" VPOS="427" HPOS="239"/>
							<String ID="string_59" HPOS="255" VPOS="421" WIDTH="43" HEIGHT="22" WC="0.91" CONTENT="och"/><SP WIDTH="16" VPOS="421" HPOS="298"/>
							<String ID="string_60" HPOS="314" VPOS="420" WIDTH="90" HEIGHT="30" WC="0.91" CONTENT="slipved"/><SP WIDTH="16" VPOS="420" HPOS="404"/>
							<String ID="string_61" HPOS="420" VPOS="421" WIDTH="128" HEIGHT="22" WC="0.92" CONTENT="afvärkadt"/><SP WIDTH="15" VPOS="421" HPOS="548"/>
							<String ID="string_62" HPOS="563" VPOS="421" WIDTH="97" HEIGHT="22" WC="0.96" CONTENT="klenare"/><SP WIDTH="16" VPOS="421" HPOS="660"/>
							<String ID="string_63" HPOS="676" VPOS="421" WIDTH="73" HEIGHT="27" WC="0.95" CONTENT="virke,"/><SP WIDTH="18" VPOS="421" HPOS="749"/>
							<String ID="string_64" HPOS="767" VPOS="421" WIDTH="78" HEIGHT="23" WC="0.96" CONTENT="såsom"/>
						</TextLine>
						<TextLine ID="line_8" HPOS="97" VPOS="456" WIDTH="747" HEIGHT="30">
							<String ID="string_65" HPOS="97" VPOS="456" WIDTH="81" HEIGHT="28" WC="0.95" CONTENT="kändt,"/><SP WIDTH="21" VPOS="456" HPOS="178"/>
							<String ID="string_66" HPOS="199" VPOS="457" WIDTH="53" HEIGHT="22" WC="0.96" CONTENT="icke"/><SP WIDTH="15" VPOS="457" HPOS="252"/>
							<String ID="string_67" HPOS="267" VPOS="457" WIDTH="92" HEIGHT="29" WC="0.96" CONTENT="lämpar"/><SP WIDTH="19" VPOS="457" HPOS="359"/>
							<String ID="string_68" HPOS="378" VPOS="457" WIDTH="38" HEIGHT="28" WC="0.96" CONTENT="sig"/><SP WIDTH="19" VPOS="457" HPOS="416"/>
							<String ID="string_69" HPOS="435" VPOS="457" WIDTH="37" HEIGHT="22" WC="0.96" CONTENT="för"/><SP WIDTH="18" VPOS="457" HPOS="472"/>
							<String ID="string_70" HPOS="490" VPOS="457" WIDTH="114" HEIGHT="29" WC="0.95" CONTENT="flottning"/><SP WIDTH="19" VPOS="457" HPOS="604"/>
							<String ID="string_71" HPOS="623" VPOS="456" WIDTH="31" HEIGHT="30" WC="0.96" CONTENT="på"/><SP WIDTH="20" VPOS="456" HPOS="654"/>
							<String ID="string_72" HPOS="674" VPOS="457" WIDTH="81" HEIGHT="29" WC="0.93" CONTENT="längre"/><SP WIDTH="17" VPOS="457" HPOS="755"/>
							<String ID="string_73" HPOS="772" VPOS="458" WIDTH="72" HEIGHT="21" WC="0.92" CONTENT="sträc-"/>
						</TextLine>
						<TextLine ID="line_9" HPOS="97" VPOS="492" WIDTH="749" HEIGHT="30">
							<String ID="string_74" HPOS="97" VPOS="492" WIDTH="44" HEIGHT="23" WC="0.96" CONTENT="kor"/><SP WIDTH="26" VPOS="492" HPOS="141"/>
							<String ID="string_75" HPOS="167" VPOS="493" WIDTH="42" HEIGHT="22" WC="0.94" CONTENT="och"/><SP WIDTH="24" VPOS="493" HPOS="209"/>
							<String ID="string_76" HPOS="233" VPOS="493" WIDTH="71" HEIGHT="28" WC="0.94" CONTENT="riklig"/><SP WIDTH="29" VPOS="493" HPOS="304"/>
							<String ID="string_77" HPOS="333" VPOS="492" WIDTH="101" HEIGHT="29" WC="0.94" CONTENT="tillgång"/><SP WIDTH="26" VPOS="492" HPOS="434"/>
							<String ID="string_78" HPOS="460" VPOS="493" WIDTH="30" HEIGHT="29" WC="0.96" CONTENT="på"/><SP WIDTH="24" VPOS="493" HPOS="490"/>
							<String ID="string_79" HPOS="514" VPOS="493" WIDTH="74" HEIGHT="22" WC="0.96" CONTENT="sådan"/><SP WIDTH="20" VPOS="493" HPOS="588"/>
							<String ID="string_80" HPOS="608" VPOS="499" WIDTH="57" HEIGHT="16" WC="0.96" CONTENT="vara"/><SP WIDTH="21" VPOS="499" HPOS="665"/>
							<String ID="string_81" HPOS="686" VPOS="493" WIDTH="77" HEIGHT="22" WC="0.95" CONTENT="finnes"/><SP WIDTH="19" VPOS="493" HPOS="763"/>
							<String ID="string_82" HPOS="782" VPOS="494" WIDTH="64" HEIGHT="22" WC="0.96" CONTENT="inom"/>
						</TextLine>
						<TextLine ID="line_10" HPOS="97" VPOS="528" WIDTH="748" HEIGHT="30">
							<String ID="string_83" HPOS="97" VPOS="535" WIDTH="32" HEIGHT="15" WC="0.96" CONTENT="nu"/><SP WIDTH="16" VPOS="535" HPOS="129"/>
							<String ID="string_84" HPOS="145" VPOS="528" WIDTH="181" HEIGHT="29" WC="0.96" CONTENT="ifrågavarande"/><SP WIDTH="15" VPOS="528" HPOS="326"/>
							<String ID="string_85" HPOS="341" VPOS="528" WIDTH="125" HEIGHT="29" WC="0.96" CONTENT="landskap,"/><SP WIDTH="16" VPOS="528" HPOS="466"/>
							<String ID="string_86" HPOS="482" VPOS="528" WIDTH="65" HEIGHT="23" WC="0.96" CONTENT="torde"/><SP WIDTH="16" VPOS="528" HPOS="547"/>
							<String ID="string_87" HPOS="563" VPOS="529" WIDTH="47" HEIGHT="22" WC="0.96" CONTENT="rätt"/><SP WIDTH="15" VPOS="529" HPOS="610"/>
							<String ID="string_88" HPOS="625" VPOS="528" WIDTH="122" HEIGHT="29" WC="0.93" CONTENT="betydliga"/><SP WIDTH="16" VPOS="528" HPOS="747"/>
							<String ID="string_89" HPOS="763" VPOS="531" WIDTH="82" HEIGHT="27" WC="0.92" CONTENT="mäng-"/>
						</TextLine>
						<TextLine ID="line_11" HPOS="98" VPOS="564" WIDTH="604" HEIGHT="29">
							<String ID="string_90" HPOS="98" VPOS="564" WIDTH="41" HEIGHT="23" WC="0.96" CONTENT="der"/><SP WIDTH="16" VPOS="564" HPOS="139"/>
							<String ID="string_91" HPOS="155" VPOS="564" WIDTH="67" HEIGHT="23" WC="0.96" CONTENT="däraf"/><SP WIDTH="15" VPOS="564" HPOS="222"/>
							<String ID="string_92" HPOS="237" VPOS="565" WIDTH="96" HEIGHT="22" WC="0.96" CONTENT="komma"/><SP WIDTH="13" VPOS="565" HPOS="333"/>
							<String ID="string_93" HPOS="346" VPOS="564" WIDTH="221" HEIGHT="29" WC="0.96" CONTENT="järnvägstrafiken"/><SP WIDTH="16" VPOS="564" HPOS="567"/>
							<String ID="string_94" HPOS="583" VPOS="564" WIDTH="36" HEIGHT="23" WC="0.96" CONTENT="till"/><SP WIDTH="17" VPOS="564" HPOS="619"/>
							<String ID="string_95" HPOS="636" VPOS="564" WIDTH="66" HEIGHT="29" WC="0.96" CONTENT="godo."/>
						</TextLine>
					</TextBlock>
					<TextBlock ID="block_2" HPOS="94" VPOS="600" WIDTH="754" HEIGHT="703">
						<TextLine ID="line_12" HPOS="170" VPOS="600" WIDTH="678" HEIGHT="29">
							<String ID="string_96" HPOS="170" VPOS="600" WIDTH="130" HEIGHT="23" WC="0.92" CONTENT="Trakterna"/><SP WIDTH="19" VPOS="600" HPOS="300"/>
							<String ID="string_97" HPOS="319" VPOS="601" WIDTH="71" HEIGHT="28" WC="0.96" CONTENT="kring"/><SP WIDTH="20" VPOS="601" HPOS="390"/>
							<String ID="string_98" HPOS="410" VPOS="600" WIDTH="45" HEIGHT="23" WC="0.96" CONTENT="den"/><SP WIDTH="24" VPOS="600" HPOS="455"/>
							<String ID="string_99" HPOS="479" VPOS="600" WIDTH="134" HEIGHT="29" WC="0.94" CONTENT="föreslagna"/><SP WIDTH="13" VPOS="600" HPOS="613"/>
							<String ID="string_100" HPOS="626" VPOS="601" WIDTH="133" HEIGHT="28" WC="0.96" CONTENT="järnvägen"/><SP WIDTH="16" VPOS="601" HPOS="759"/>
							<String ID="string_101" HPOS="775" VPOS="600" WIDTH="73" HEIGHT="23" WC="0.95" CONTENT="hafva"/>
						</TextLine>
						<TextLine ID="line_13" HPOS="97" VPOS="635" WIDTH="751" HEIGHT="30">
							<String ID="string_102" HPOS="97" VPOS="636" WIDTH="95" HEIGHT="22" WC="0.96" CONTENT="relativt"/><SP WIDTH="15" VPOS="636" HPOS="192"/>
							<String ID="string_103" HPOS="207" VPOS="636" WIDTH="58" HEIGHT="22" WC="0.96" CONTENT="liten"/><SP WIDTH="16" VPOS="636" HPOS="265"/>
							<String ID="string_104" HPOS="281" VPOS="636" WIDTH="100" HEIGHT="29" WC="0.95" CONTENT="tillgång"/><SP WIDTH="15" VPOS="636" HPOS="381"/>
							<String ID="string_105" HPOS="396" VPOS="635" WIDTH="31" HEIGHT="30" WC="0.96" CONTENT="på"/><SP WIDTH="16" VPOS="635" HPOS="427"/>
							<String ID="string_106" HPOS="443" VPOS="636" WIDTH="153" HEIGHT="23" WC="0.96" CONTENT="vattenkraft."/><SP WIDTH="33" VPOS="636" HPOS="596"/>
							<String ID="string_107" HPOS="629" VPOS="636" WIDTH="32" HEIGHT="22" WC="0.96" CONTENT="Af"/><SP WIDTH="15" VPOS="636" HPOS="661"/>
							<String ID="string_108" HPOS="676" VPOS="636" WIDTH="120" HEIGHT="29" WC="0.96" CONTENT="betydelse"/><SP WIDTH="16" VPOS="636" HPOS="796"/>
							<String ID="string_109" HPOS="812" VPOS="636" WIDTH="36" HEIGHT="23" WC="0.96" CONTENT="för"/>
						</TextLine>
						<TextLine ID="line_14" HPOS="94" VPOS="671" WIDTH="752" HEIGHT="30">
							<String ID="string_110" HPOS="94" VPOS="672" WIDTH="133" HEIGHT="29" WC="0.96" CONTENT="järnvägen"/><SP WIDTH="16" VPOS="672" HPOS="227"/>
							<String ID="string_111" HPOS="243" VPOS="674" WIDTH="26" HEIGHT="20" WC="0.96" CONTENT="är"/><SP WIDTH="15" VPOS="674" HPOS="269"/>
							<String ID="string_112" HPOS="284" VPOS="672" WIDTH="73" HEIGHT="22" WC="0.96" CONTENT="likväl"/><SP WIDTH="17" VPOS="672" HPOS="357"/>
							<String ID="string_113" HPOS="374" VPOS="671" WIDTH="40" HEIGHT="23" WC="0.96" CONTENT="det"/><SP WIDTH="15" VPOS="671" HPOS="414"/>
							<String ID="string_114" HPOS="429" VPOS="671" WIDTH="40" HEIGHT="23" WC="0.93" CONTENT="vid"/><SP WIDTH="11" VPOS="671" HPOS="469"/>
							<String ID="string_115" HPOS="480" VPOS="672" WIDTH="149" HEIGHT="23" WC="0.92" CONTENT="Juvankoski"/><SP WIDTH="11" VPOS="672" HPOS="629"/>
							<String ID="string_116" HPOS="640" VPOS="672" WIDTH="48" HEIGHT="22" WC="0.96" CONTENT="fors"/><SP WIDTH="11" VPOS="672" HPOS="688"/>
							<String ID="string_117" HPOS="699" VPOS="673" WIDTH="8" HEIGHT="21" WC="0.93" CONTENT="i"/><SP WIDTH="11" VPOS="673" HPOS="707"/>
							<String ID="string_118" HPOS="718" VPOS="672" WIDTH="128" HEIGHT="23" WC="0.92" CONTENT="Parikkala"/>
						</TextLine>
						<TextLine ID="line_15" HPOS="97" VPOS="707" WIDTH="749" HEIGHT="30">
							<String ID="string_119" HPOS="97" VPOS="707" WIDTH="103" HEIGHT="30" WC="0.78" CONTENT="nyligen;"/><SP WIDTH="14" VPOS="707" HPOS="200"/>
							<String ID="string_120" HPOS="214" VPOS="707" WIDTH="101" HEIGHT="30" WC="0.95" CONTENT="anlagda"/><SP WIDTH="18" VPOS="707" HPOS="315"/>
							<String ID="string_121" HPOS="333" VPOS="707" WIDTH="197" HEIGHT="30" WC="0.96" CONTENT="pappersbruket,"/><SP WIDTH="14" VPOS="707" HPOS="530"/>
							<String ID="string_122" HPOS="544" VPOS="707" WIDTH="132" HEIGHT="30" WC="0.95" CONTENT="hvarjämte"/><SP WIDTH="15" VPOS="707" HPOS="676"/>
							<String ID="string_123" HPOS="691" VPOS="708" WIDTH="39" HEIGHT="22" WC="0.96" CONTENT="må"/><SP WIDTH="15" VPOS="708" HPOS="730"/>
							<String ID="string_124" HPOS="745" VPOS="710" WIDTH="101" HEIGHT="20" WC="0.96" CONTENT="nämnas"/>
						</TextLine>
						<TextLine ID="line_16" HPOS="98" VPOS="743" WIDTH="748" HEIGHT="30">
							<String ID="string_125" HPOS="98" VPOS="744" WIDTH="35" HEIGHT="22" WC="0.93" CONTENT="att"/><SP WIDTH="16" VPOS="744" HPOS="133"/>
							<String ID="string_126" HPOS="149" VPOS="743" WIDTH="158" HEIGHT="29" WC="0.91" CONTENT="Kangassaari"/><SP WIDTH="21" VPOS="743" HPOS="307"/>
							<String ID="string_127" HPOS="328" VPOS="743" WIDTH="114" HEIGHT="30" WC="0.96" CONTENT="glasbruk"/><SP WIDTH="16" VPOS="743" HPOS="442"/>
							<String ID="string_128" HPOS="458" VPOS="745" WIDTH="8" HEIGHT="21" WC="0.93" CONTENT="i"/><SP WIDTH="18" VPOS="745" HPOS="466"/>
							<String ID="string_129" HPOS="484" VPOS="743" WIDTH="134" HEIGHT="23" WC="0.92" CONTENT="Enonkoski"/><SP WIDTH="19" VPOS="743" HPOS="618"/>
							<String ID="string_130" HPOS="637" VPOS="743" WIDTH="122" HEIGHT="23" WC="0.93" CONTENT="äfvensom"/><SP WIDTH="17" VPOS="743" HPOS="759"/>
							<String ID="string_131" HPOS="776" VPOS="743" WIDTH="70" HEIGHT="23" WC="0.92" CONTENT="Oravi"/>
						</TextLine>
						<TextLine ID="line_17" HPOS="95" VPOS="779" WIDTH="752" HEIGHT="30">
							<String ID="string_132" HPOS="95" VPOS="779" WIDTH="117" HEIGHT="30" WC="0.96" CONTENT="järnbruk"/><SP WIDTH="11" VPOS="779" HPOS="212"/>
							<String ID="string_133" HPOS="223" VPOS="780" WIDTH="8" HEIGHT="21" WC="0.93" CONTENT="i"/><SP WIDTH="11" VPOS="780" HPOS="231"/>
							<String ID="string_134" HPOS="242" VPOS="779" WIDTH="144" HEIGHT="22" WC="0.91" CONTENT="Rantasalmi"/><SP WIDTH="14" VPOS="779" HPOS="386"/>
							<String ID="string_135" HPOS="400" VPOS="779" WIDTH="78" HEIGHT="23" WC="0.95" CONTENT="skulle"/><SP WIDTH="10" VPOS="779" HPOS="478"/>
							<String ID="string_136" HPOS="488" VPOS="779" WIDTH="72" HEIGHT="23" WC="0.96" CONTENT="hafva"/><SP WIDTH="11" VPOS="779" HPOS="560"/>
							<String ID="string_137" HPOS="571" VPOS="781" WIDTH="37" HEIGHT="20" WC="0.92" CONTENT="sin"/><SP WIDTH="11" VPOS="781" HPOS="608"/>
							<String ID="string_138" HPOS="619" VPOS="779" WIDTH="228" HEIGHT="30" WC="0.90" CONTENT="anslutningspunkt"/>
						</TextLine>
						<TextLine ID="line_18" HPOS="97" VPOS="810" WIDTH="749" HEIGHT="34">
							<String ID="string_139" HPOS="97" VPOS="815" WIDTH="36" HEIGHT="22" WC="0.96" CONTENT="till"/><SP WIDTH="12" VPOS="815" HPOS="133"/>
							<String ID="string_140" HPOS="145" VPOS="816" WIDTH="134" HEIGHT="28" WC="0.96" CONTENT="järnvägen"/><SP WIDTH="15" VPOS="816" HPOS="279"/>
							<String ID="string_141" HPOS="294" VPOS="815" WIDTH="40" HEIGHT="22" WC="0.93" CONTENT="vid"/><SP WIDTH="16" VPOS="815" HPOS="334"/>
							<String ID="string_142" HPOS="350" VPOS="815" WIDTH="104" HEIGHT="28" WC="0.91" CONTENT="Nyslotts"/><SP WIDTH="18" VPOS="815" HPOS="454"/>
							<String ID="string_143" HPOS="472" VPOS="816" WIDTH="93" HEIGHT="22" WC="0.95" CONTENT="station."/><SP WIDTH="29" VPOS="816" HPOS="565"/>
							<String ID="string_144" HPOS="594" VPOS="810" WIDTH="78" HEIGHT="27" WC="0.95" CONTENT="Äfven"/><SP WIDTH="17" VPOS="810" HPOS="672"/>
							<String ID="string_145" HPOS="689" VPOS="816" WIDTH="77" HEIGHT="22" WC="0.93" CONTENT="ortens"/><SP WIDTH="17" VPOS="816" HPOS="766"/>
							<String ID="string_146" HPOS="783" VPOS="815" WIDTH="63" HEIGHT="23" WC="0.92" CONTENT="hem-"/>
						</TextLine>
						<TextLine ID="line_19" HPOS="97" VPOS="850" WIDTH="748" HEIGHT="31">
							<String ID="string_147" HPOS="97" VPOS="850" WIDTH="60" HEIGHT="30" WC="0.96" CONTENT="slöjd"/><SP WIDTH="23" VPOS="850" HPOS="157"/>
							<String ID="string_148" HPOS="180" VPOS="851" WIDTH="41" HEIGHT="22" WC="0.96" CONTENT="bör"/><SP WIDTH="22" VPOS="851" HPOS="221"/>
							<String ID="string_149" HPOS="243" VPOS="852" WIDTH="69" HEIGHT="28" WC="0.96" CONTENT="tagas"/><SP WIDTH="21" VPOS="852" HPOS="312"/>
							<String ID="string_150" HPOS="333" VPOS="852" WIDTH="7" HEIGHT="21" WC="0.97" CONTENT="i"/><SP WIDTH="20" VPOS="852" HPOS="340"/>
							<String ID="string_151" HPOS="360" VPOS="851" WIDTH="163" HEIGHT="27" WC="0.95" CONTENT="betraktande,"/><SP WIDTH="20" VPOS="851" HPOS="523"/>
							<String ID="string_152" HPOS="543" VPOS="853" WIDTH="55" HEIGHT="20" WC="0.96" CONTENT="enär"/><SP WIDTH="20" VPOS="853" HPOS="598"/>
							<String ID="string_153" HPOS="618" VPOS="851" WIDTH="139" HEIGHT="22" WC="0.96" CONTENT="densamma"/><SP WIDTH="18" VPOS="851" HPOS="757"/>
							<String ID="string_154" HPOS="775" VPOS="853" WIDTH="70" HEIGHT="28" WC="0.96" CONTENT="utgör"/>
						</TextLine>
						<TextLine ID="line_20" HPOS="98" VPOS="887" WIDTH="745" HEIGHT="29">
							<String ID="string_155" HPOS="98" VPOS="893" WIDTH="29" HEIGHT="16" WC="0.96" CONTENT="en"/><SP WIDTH="23" VPOS="893" HPOS="127"/>
							<String ID="string_156" HPOS="150" VPOS="887" WIDTH="78" HEIGHT="28" WC="0.95" CONTENT="viktig"/><SP WIDTH="20" VPOS="887" HPOS="228"/>
							<String ID="string_157" HPOS="248" VPOS="887" WIDTH="78" HEIGHT="22" WC="0.96" CONTENT="faktor"/><SP WIDTH="18" VPOS="887" HPOS="326"/>
							<String ID="string_158" HPOS="344" VPOS="887" WIDTH="35" HEIGHT="22" WC="0.96" CONTENT="för"/><SP WIDTH="19" VPOS="887" HPOS="379"/>
							<String ID="string_159" HPOS="398" VPOS="887" WIDTH="185" HEIGHT="28" WC="0.96" CONTENT="befolkningens"/><SP WIDTH="19" VPOS="887" HPOS="583"/>
							<String ID="string_160" HPOS="602" VPOS="887" WIDTH="155" HEIGHT="22" WC="0.93" CONTENT="ekonomiska"/><SP WIDTH="18" VPOS="887" HPOS="757"/>
							<String ID="string_161" HPOS="775" VPOS="887" WIDTH="68" HEIGHT="29" WC="0.91" CONTENT="bärg-"/>
						</TextLine>
						<TextLine ID="line_21" HPOS="97" VPOS="922" WIDTH="749" HEIGHT="29">
							<String ID="string_162" HPOS="97" VPOS="923" WIDTH="64" HEIGHT="28" WC="0.92" CONTENT="ning."/><SP WIDTH="26" VPOS="923" HPOS="161"/>
							<String ID="string_163" HPOS="187" VPOS="922" WIDTH="117" HEIGHT="23" WC="0.89" CONTENT="Särskildt"/><SP WIDTH="19" VPOS="922" HPOS="304"/>
							<String ID="string_164" HPOS="323" VPOS="925" WIDTH="38" HEIGHT="20" WC="0.93" CONTENT="äro"/><SP WIDTH="19" VPOS="925" HPOS="361"/>
							<String ID="string_165" HPOS="380" VPOS="922" WIDTH="130" HEIGHT="23" WC="0.92" CONTENT="Parikkala"/><SP WIDTH="16" VPOS="922" HPOS="510"/>
							<String ID="string_166" HPOS="526" VPOS="922" WIDTH="42" HEIGHT="23" WC="0.93" CONTENT="och"/><SP WIDTH="17" VPOS="922" HPOS="568"/>
							<String ID="string_167" HPOS="585" VPOS="923" WIDTH="144" HEIGHT="22" WC="0.92" CONTENT="Rantasalmi"/><SP WIDTH="16" VPOS="923" HPOS="729"/>
							<String ID="string_168" HPOS="745" VPOS="923" WIDTH="101" HEIGHT="22" WC="0.96" CONTENT="socknar"/>
						</TextLine>
						<TextLine ID="line_22" HPOS="97" VPOS="958" WIDTH="748" HEIGHT="29">
							<String ID="string_169" HPOS="97" VPOS="958" WIDTH="81" HEIGHT="23" WC="0.96" CONTENT="kända"/><SP WIDTH="23" VPOS="958" HPOS="178"/>
							<String ID="string_170" HPOS="201" VPOS="958" WIDTH="36" HEIGHT="23" WC="0.96" CONTENT="för"/><SP WIDTH="22" VPOS="958" HPOS="237"/>
							<String ID="string_171" HPOS="259" VPOS="959" WIDTH="36" HEIGHT="22" WC="0.93" CONTENT="sin"/><SP WIDTH="19" VPOS="959" HPOS="295"/>
							<String ID="string_172" HPOS="314" VPOS="958" WIDTH="155" HEIGHT="29" WC="0.92" CONTENT="tillvärkning"/><SP WIDTH="19" VPOS="958" HPOS="469"/>
							<String ID="string_173" HPOS="488" VPOS="958" WIDTH="25" HEIGHT="23" WC="0.93" CONTENT="af"/><SP WIDTH="15" VPOS="958" HPOS="513"/>
							<String ID="string_174" HPOS="528" VPOS="958" WIDTH="152" HEIGHT="29" WC="0.91" CONTENT="körredskap,"/><SP WIDTH="15" VPOS="958" HPOS="680"/>
							<String ID="string_175" HPOS="695" VPOS="958" WIDTH="150" HEIGHT="23" WC="0.92" CONTENT="svarfveriar-"/>
						</TextLine>
						<TextLine ID="line_23" HPOS="97" VPOS="994" WIDTH="748" HEIGHT="29">
							<String ID="string_176" HPOS="97" VPOS="994" WIDTH="70" HEIGHT="23" WC="0.96" CONTENT="beten"/><SP WIDTH="20" VPOS="994" HPOS="167"/>
							<String ID="string_177" HPOS="187" VPOS="994" WIDTH="43" HEIGHT="23" WC="0.96" CONTENT="och"/><SP WIDTH="21" VPOS="994" HPOS="230"/>
							<String ID="string_178" HPOS="251" VPOS="994" WIDTH="72" HEIGHT="23" WC="0.93" CONTENT="andra"/><SP WIDTH="19" VPOS="994" HPOS="323"/>
							<String ID="string_179" HPOS="342" VPOS="994" WIDTH="144" HEIGHT="29" WC="0.92" CONTENT="slöjdalster;"/><SP WIDTH="17" VPOS="994" HPOS="486"/>
							<String ID="string_180" HPOS="503" VPOS="994" WIDTH="43" HEIGHT="23" WC="0.97" CONTENT="och"/><SP WIDTH="15" VPOS="994" HPOS="546"/>
							<String ID="string_181" HPOS="561" VPOS="1001" WIDTH="91" HEIGHT="22" WC="0.96" CONTENT="uppges"/><SP WIDTH="17" VPOS="1001" HPOS="652"/>
							<String ID="string_182" HPOS="669" VPOS="995" WIDTH="7" HEIGHT="21" WC="0.93" CONTENT="i"/><SP WIDTH="14" VPOS="995" HPOS="676"/>
							<String ID="string_183" HPOS="690" VPOS="995" WIDTH="155" HEIGHT="28" WC="0.91" CONTENT="järnvägsko-"/>
						</TextLine>
						<TextLine ID="line_24" HPOS="98" VPOS="1029" WIDTH="747" HEIGHT="30">
							<String ID="string_184" HPOS="98" VPOS="1031" WIDTH="86" HEIGHT="21" WC="0.92" CONTENT="miténs"/><SP WIDTH="23" VPOS="1031" HPOS="184"/>
							<String ID="string_185" HPOS="207" VPOS="1029" WIDTH="150" HEIGHT="24" WC="0.93" CONTENT="betänkande"/><SP WIDTH="24" VPOS="1029" HPOS="357"/>
							<String ID="string_186" HPOS="381" VPOS="1030" WIDTH="164" HEIGHT="23" WC="0.92" CONTENT="bruttovärdet"/><SP WIDTH="24" VPOS="1030" HPOS="545"/>
							<String ID="string_187" HPOS="569" VPOS="1030" WIDTH="24" HEIGHT="22" WC="0.95" CONTENT="af"/><SP WIDTH="23" VPOS="1030" HPOS="593"/>
							<String ID="string_188" HPOS="616" VPOS="1030" WIDTH="170" HEIGHT="29" WC="0.95" CONTENT="produktionen"/><SP WIDTH="23" VPOS="1030" HPOS="786"/>
							<String ID="string_189" HPOS="809" VPOS="1030" WIDTH="36" HEIGHT="23" WC="0.96" CONTENT="för"/>
						</TextLine>
						<TextLine ID="line_25" HPOS="97" VPOS="1065" WIDTH="749" HEIGHT="30">
							<String ID="string_190" HPOS="97" VPOS="1065" WIDTH="196" HEIGHT="23" WC="0.92" CONTENT="handtvärkerier"/><SP WIDTH="28" VPOS="1065" HPOS="293"/>
							<String ID="string_191" HPOS="321" VPOS="1065" WIDTH="43" HEIGHT="23" WC="0.96" CONTENT="och"/><SP WIDTH="27" VPOS="1065" HPOS="364"/>
							<String ID="string_192" HPOS="391" VPOS="1065" WIDTH="146" HEIGHT="23" WC="0.94" CONTENT="industriella"/><SP WIDTH="24" VPOS="1065" HPOS="537"/>
							<String ID="string_193" HPOS="561" VPOS="1067" WIDTH="158" HEIGHT="28" WC="0.95" CONTENT="inrättningar"/><SP WIDTH="26" VPOS="1067" HPOS="719"/>
							<String ID="string_194" HPOS="745" VPOS="1067" WIDTH="8" HEIGHT="21" WC="0.95" CONTENT="i"/><SP WIDTH="24" VPOS="1067" HPOS="753"/>
							<String ID="string_195" HPOS="777" VPOS="1066" WIDTH="69" HEIGHT="23" WC="0.95" CONTENT="dessa"/>
						</TextLine>
						<TextLine ID="line_26" HPOS="97" VPOS="1101" WIDTH="748" HEIGHT="28">
							<String ID="string_196" HPOS="97" VPOS="1101" WIDTH="142" HEIGHT="23" WC="0.95" CONTENT="kommuner"/><SP WIDTH="23" VPOS="1101" HPOS="239"/>
							<String ID="string_197" HPOS="262" VPOS="1102" WIDTH="34" HEIGHT="22" WC="0.95" CONTENT="till"/><SP WIDTH="24" VPOS="1102" HPOS="296"/>
							<String ID="string_198" HPOS="320" VPOS="1104" WIDTH="108" HEIGHT="20" WC="0.91" CONTENT="närmare"/><SP WIDTH="27" VPOS="1104" HPOS="428"/>
							<String ID="string_199" HPOS="455" VPOS="1105" WIDTH="116" HEIGHT="24" WC="0.91" CONTENT="1,350,000"/><SP WIDTH="26" VPOS="1105" HPOS="571"/>
							<String ID="string_200" HPOS="597" VPOS="1101" WIDTH="69" HEIGHT="23" WC="0.96" CONTENT="mark"/><SP WIDTH="19" VPOS="1101" HPOS="666"/>
							<String ID="string_201" HPOS="685" VPOS="1101" WIDTH="35" HEIGHT="23" WC="0.96" CONTENT="för"/><SP WIDTH="21" VPOS="1101" HPOS="720"/>
							<String ID="string_202" HPOS="741" VPOS="1102" WIDTH="31" HEIGHT="22" WC="0.93" CONTENT="år."/><SP WIDTH="33" VPOS="1102" HPOS="772"/>
							<String ID="string_203" HPOS="805" VPOS="1101" WIDTH="40" HEIGHT="23" WC="0.92" CONTENT="Be-"/>
						</TextLine>
						<TextLine ID="line_27" HPOS="97" VPOS="1137" WIDTH="749" HEIGHT="30">
							<String ID="string_204" HPOS="97" VPOS="1137" WIDTH="119" HEIGHT="23" WC="0.93" CONTENT="träffande"/><SP WIDTH="24" VPOS="1137" HPOS="216"/>
							<String ID="string_205" HPOS="240" VPOS="1137" WIDTH="275" HEIGHT="30" WC="0.89" CONTENT="handelsomsättningen"/><SP WIDTH="24" VPOS="1137" HPOS="515"/>
							<String ID="string_206" HPOS="539" VPOS="1137" WIDTH="42" HEIGHT="23" WC="0.93" CONTENT="har"/><SP WIDTH="16" VPOS="1137" HPOS="581"/>
							<String ID="string_207" HPOS="597" VPOS="1137" WIDTH="222" HEIGHT="30" WC="0.92" CONTENT="järnvägskomitén"/><SP WIDTH="19" VPOS="1137" HPOS="819"/>
							<String ID="string_208" HPOS="838" VPOS="1139" WIDTH="8" HEIGHT="21" WC="0.96" CONTENT="i"/>
						</TextLine>
						<TextLine ID="line_28" HPOS="98" VPOS="1173" WIDTH="746" HEIGHT="29">
							<String ID="string_209" HPOS="98" VPOS="1174" WIDTH="41" HEIGHT="22" WC="0.96" CONTENT="sitt"/><SP WIDTH="20" VPOS="1174" HPOS="139"/>
							<String ID="string_210" HPOS="159" VPOS="1173" WIDTH="149" HEIGHT="23" WC="0.96" CONTENT="betänkande"/><SP WIDTH="18" VPOS="1173" HPOS="308"/>
							<String ID="string_211" HPOS="326" VPOS="1173" WIDTH="72" HEIGHT="23" WC="0.95" CONTENT="bland"/><SP WIDTH="20" VPOS="1173" HPOS="398"/>
							<String ID="string_212" HPOS="418" VPOS="1174" WIDTH="77" HEIGHT="28" WC="0.93" CONTENT="annat!"/><SP WIDTH="16" VPOS="1174" HPOS="495"/>
							<String ID="string_213" HPOS="511" VPOS="1173" WIDTH="123" HEIGHT="28" WC="0.96" CONTENT="meddelat,"/><SP WIDTH="22" VPOS="1173" HPOS="634"/>
							<String ID="string_214" HPOS="656" VPOS="1174" WIDTH="34" HEIGHT="22" WC="0.93" CONTENT="att"/><SP WIDTH="15" VPOS="1174" HPOS="690"/>
							<String ID="string_215" HPOS="705" VPOS="1174" WIDTH="139" HEIGHT="22" WC="0.89" CONTENT="landthand-"/>
						</TextLine>
						<TextLine ID="line_29" HPOS="97" VPOS="1209" WIDTH="749" HEIGHT="27">
							<String ID="string_216" HPOS="97" VPOS="1209" WIDTH="114" HEIGHT="23" WC="0.91" CONTENT="landenas"/><SP WIDTH="17" VPOS="1209" HPOS="211"/>
							<String ID="string_217" HPOS="228" VPOS="1210" WIDTH="7" HEIGHT="22" WC="0.93" CONTENT="i"/><SP WIDTH="16" VPOS="1210" HPOS="235"/>
							<String ID="string_218" HPOS="251" VPOS="1209" WIDTH="133" HEIGHT="27" WC="0.91" CONTENT="Parikkala,"/><SP WIDTH="16" VPOS="1209" HPOS="384"/>
							<String ID="string_219" HPOS="400" VPOS="1209" WIDTH="122" HEIGHT="23" WC="0.91" CONTENT="Kerimäki"/><SP WIDTH="16" VPOS="1209" HPOS="522"/>
							<String ID="string_220" HPOS="538" VPOS="1209" WIDTH="43" HEIGHT="23" WC="0.93" CONTENT="och"/><SP WIDTH="16" VPOS="1209" HPOS="581"/>
							<String ID="string_221" HPOS="597" VPOS="1210" WIDTH="146" HEIGHT="22" WC="0.92" CONTENT="Rantasalmi"/><SP WIDTH="17" VPOS="1210" HPOS="743"/>
							<String ID="string_222" HPOS="760" VPOS="1210" WIDTH="86" HEIGHT="22" WC="0.96" CONTENT="socken"/>
						</TextLine>
						<TextLine ID="line_30" HPOS="98" VPOS="1245" WIDTH="748" HEIGHT="29">
							<String ID="string_223" HPOS="98" VPOS="1245" WIDTH="75" HEIGHT="29" WC="0.95" CONTENT="årliga"/><SP WIDTH="26" VPOS="1245" HPOS="173"/>
							<String ID="string_224" HPOS="199" VPOS="1246" WIDTH="146" HEIGHT="28" WC="0.94" CONTENT="omsättning"/><SP WIDTH="26" VPOS="1246" HPOS="345"/>
							<String ID="string_225" HPOS="371" VPOS="1246" WIDTH="73" HEIGHT="28" WC="0.96" CONTENT="stiger"/><SP WIDTH="26" VPOS="1246" HPOS="444"/>
							<String ID="string_226" HPOS="470" VPOS="1245" WIDTH="37" HEIGHT="23" WC="0.94" CONTENT="till"/><SP WIDTH="22" VPOS="1245" HPOS="507"/>
							<String ID="string_227" HPOS="529" VPOS="1247" WIDTH="33" HEIGHT="21" WC="0.96" CONTENT="ett"/><SP WIDTH="23" VPOS="1247" HPOS="562"/>
							<String ID="string_228" HPOS="585" VPOS="1245" WIDTH="72" HEIGHT="23" WC="0.96" CONTENT="värde"/><SP WIDTH="24" VPOS="1245" HPOS="657"/>
							<String ID="string_229" HPOS="681" VPOS="1245" WIDTH="25" HEIGHT="22" WC="0.90" CONTENT="af"/><SP WIDTH="23" VPOS="1245" HPOS="706"/>
							<String ID="string_230" HPOS="729" VPOS="1249" WIDTH="117" HEIGHT="23" WC="0.90" CONTENT="2,870,000"/>
						</TextLine>
						<TextLine ID="line_31" HPOS="99" VPOS="1280" WIDTH="74" HEIGHT="23">
							<String ID="string_231" HPOS="99" VPOS="1280" WIDTH="74" HEIGHT="23" WC="0.96" CONTENT="mark."/>
						</TextLine>
					</TextBlock>
					<TextBlock ID="block_3" HPOS="97" VPOS="1316" WIDTH="750" HEIGHT="137">
						<TextLine ID="line_32" HPOS="170" VPOS="1316" WIDTH="676" HEIGHT="30">
							<String ID="string_232" HPOS="170" VPOS="1316" WIDTH="52" HEIGHT="23" WC="0.96" CONTENT="Den"/><SP WIDTH="19" VPOS="1316" HPOS="222"/>
							<String ID="string_233" HPOS="241" VPOS="1318" WIDTH="62" HEIGHT="21" WC="0.96" CONTENT="stora"/><SP WIDTH="21" VPOS="1318" HPOS="303"/>
							<String ID="string_234" HPOS="324" VPOS="1316" WIDTH="197" HEIGHT="30" WC="0.96" CONTENT="dragningskraft"/><SP WIDTH="16" VPOS="1316" HPOS="521"/>
							<String ID="string_235" HPOS="537" VPOS="1317" WIDTH="40" HEIGHT="22" WC="0.96" CONTENT="det"/><SP WIDTH="15" VPOS="1317" HPOS="577"/>
							<String ID="string_236" HPOS="592" VPOS="1317" WIDTH="145" HEIGHT="22" WC="0.93" CONTENT="natursköna"/><SP WIDTH="17" VPOS="1317" HPOS="737"/>
							<String ID="string_237" HPOS="754" VPOS="1317" WIDTH="92" HEIGHT="23" WC="0.92" CONTENT="Punka-"/>
						</TextLine>
						<TextLine ID="line_33" HPOS="97" VPOS="1352" WIDTH="750" HEIGHT="30">
							<String ID="string_238" HPOS="97" VPOS="1352" WIDTH="70" HEIGHT="30" WC="0.92" CONTENT="harju"/><SP WIDTH="15" VPOS="1352" HPOS="167"/>
							<String ID="string_239" HPOS="182" VPOS="1352" WIDTH="95" HEIGHT="23" WC="0.92" CONTENT="utöfvar"/><SP WIDTH="15" VPOS="1352" HPOS="277"/>
							<String ID="string_240" HPOS="292" VPOS="1353" WIDTH="31" HEIGHT="29" WC="0.96" CONTENT="på"/><SP WIDTH="15" VPOS="1353" HPOS="323"/>
							<String ID="string_241" HPOS="338" VPOS="1353" WIDTH="96" HEIGHT="22" WC="0.96" CONTENT="turister"/><SP WIDTH="16" VPOS="1353" HPOS="434"/>
							<String ID="string_242" HPOS="450" VPOS="1352" WIDTH="76" HEIGHT="23" WC="0.96" CONTENT="måste"/><SP WIDTH="16" VPOS="1352" HPOS="526"/>
							<String ID="string_243" HPOS="542" VPOS="1352" WIDTH="139" HEIGHT="23" WC="0.96" CONTENT="förutsättas"/><SP WIDTH="16" VPOS="1352" HPOS="681"/>
							<String ID="string_244" HPOS="697" VPOS="1352" WIDTH="75" HEIGHT="23" WC="0.93" CONTENT="under"/><SP WIDTH="16" VPOS="1352" HPOS="772"/>
							<String ID="string_245" HPOS="788" VPOS="1359" WIDTH="59" HEIGHT="16" WC="0.92" CONTENT="som-"/>
						</TextLine>
						<TextLine ID="line_34" HPOS="98" VPOS="1388" WIDTH="749" HEIGHT="30">
							<String ID="string_246" HPOS="98" VPOS="1388" WIDTH="197" HEIGHT="23" WC="0.91" CONTENT="marmånaderna"/><SP WIDTH="16" VPOS="1388" HPOS="295"/>
							<String ID="string_247" HPOS="311" VPOS="1388" WIDTH="85" HEIGHT="23" WC="0.96" CONTENT="tillföra"/><SP WIDTH="16" VPOS="1388" HPOS="396"/>
							<String ID="string_248" HPOS="412" VPOS="1388" WIDTH="80" HEIGHT="23" WC="0.96" CONTENT="banan"/><SP WIDTH="16" VPOS="1388" HPOS="492"/>
							<String ID="string_249" HPOS="508" VPOS="1390" WIDTH="33" HEIGHT="21" WC="0.95" CONTENT="ett"/><SP WIDTH="10" VPOS="1390" HPOS="541"/>
							<String ID="string_250" HPOS="551" VPOS="1388" WIDTH="52" HEIGHT="23" WC="0.96" CONTENT="icke"/><SP WIDTH="11" VPOS="1388" HPOS="603"/>
							<String ID="string_251" HPOS="614" VPOS="1389" WIDTH="68" HEIGHT="28" WC="0.96" CONTENT="ringa"/><SP WIDTH="12" VPOS="1389" HPOS="682"/>
							<String ID="string_252" HPOS="694" VPOS="1388" WIDTH="63" HEIGHT="23" WC="0.93" CONTENT="antal"/><SP WIDTH="11" VPOS="1388" HPOS="757"/>
							<String ID="string_253" HPOS="768" VPOS="1395" WIDTH="79" HEIGHT="23" WC="0.93" CONTENT="passa-"/>
						</TextLine>
						<TextLine ID="line_35" HPOS="97" VPOS="1424" WIDTH="749" HEIGHT="29">
							<String ID="string_254" HPOS="97" VPOS="1430" WIDTH="88" HEIGHT="23" WC="0.91" CONTENT="gerare."/><SP WIDTH="32" VPOS="1430" HPOS="185"/>
							<String ID="string_255" HPOS="217" VPOS="1424" WIDTH="43" HEIGHT="22" WC="0.96" CONTENT="Att"/><SP WIDTH="20" VPOS="1424" HPOS="260"/>
							<String ID="string_256" HPOS="280" VPOS="1424" WIDTH="65" HEIGHT="23" WC="0.96" CONTENT="detta"/><SP WIDTH="16" VPOS="1424" HPOS="345"/>
							<String ID="string_257" HPOS="361" VPOS="1425" WIDTH="106" HEIGHT="22" WC="0.96" CONTENT="moment"/><SP WIDTH="16" VPOS="1425" HPOS="467"/>
							<String ID="string_258" HPOS="483" VPOS="1424" WIDTH="43" HEIGHT="23" WC="0.96" CONTENT="har"/><SP WIDTH="21" VPOS="1424" HPOS="526"/>
							<String ID="string_259" HPOS="547" VPOS="1431" WIDTH="30" HEIGHT="15" WC="0.95" CONTENT="en"/><SP WIDTH="16" VPOS="1431" HPOS="577"/>
							<String ID="string_260" HPOS="593" VPOS="1425" WIDTH="47" HEIGHT="21" WC="0.96" CONTENT="rätt"/><SP WIDTH="16" VPOS="1425" HPOS="640"/>
							<String ID="string_261" HPOS="656" VPOS="1425" WIDTH="48" HEIGHT="21" WC="0.96" CONTENT="stor"/><SP WIDTH="15" VPOS="1425" HPOS="704"/>
							<String ID="string_262" HPOS="719" VPOS="1424" WIDTH="127" HEIGHT="29" WC="0.96" CONTENT="betydelse,"/>
						</TextLine>
					</TextBlock>
					<TextBlock ID="block_4" HPOS="169" VPOS="1466" WIDTH="384" HEIGHT="23">
						<TextLine ID="line_36" HPOS="169" VPOS="1466" WIDTH="384" HEIGHT="23">
							<String ID="string_263" HPOS="169" VPOS="1466" WIDTH="185" HEIGHT="23" WC="0.92" CONTENT="Järnvägsutskottets"/><SP WIDTH="12" VPOS="1466" HPOS="354"/>
							<String ID="string_264" HPOS="366" VPOS="1466" WIDTH="112" HEIGHT="18" WC="0.96" CONTENT="betänkande"/><SP WIDTH="12" VPOS="1466" HPOS="478"/>
							<String ID="string_265" HPOS="490" VPOS="1466" WIDTH="34" HEIGHT="18" WC="0.95" CONTENT="N:o"/><SP WIDTH="13" VPOS="1466" HPOS="524"/>
							<String ID="string_266" HPOS="537" VPOS="1467" WIDTH="16" HEIGHT="17" WC="0.96" CONTENT="1."/>
						</TextLine>
					</TextBlock>
				</ComposedBlock>
			</PrintSpace>
		</Page>
	</Layout>
</alto>
