1061 1631
192 102 25 21 10
412 102 28 22 U.
457 102 27 22 B.
500 114 28 3 —
543 102 74 28 Prop.
635 103 41 21 N:o
692 102 37 24 31.

190 170 94 28 tagande
306 171 40 21 och
369 171 129 28 expedition.
527 170 70 22 Priset
611 171 35 21 för
660 171 42 21 den
717 171 60 21 mark
791 178 46 14 som
851 173 54 19 skall
918 173 32 20 in-

191 205 55 21 lösas
270 205 61 21 torde
353 205 62 21 ställa
433 205 32 28 sig
481 205 105 28 betydligt
600 205 66 28 högre
682 208 25 18 än
723 205 36 22 vid
775 205 176 22 kostnadsförsla-

191 242 46 25 gets
261 239 137 29 uppgörande
419 239 118 22 beräknats.
567 239 51 22 Men
640 239 87 22 emedan
747 239 128 22 differensen
890 239 60 22 torde

192 273 48 22 fullt
255 273 102 22 betäckas
367 281 75 20 genom
454 273 123 28 försäljning
589 273 23 22 af
621 277 83 23 tomter,
712 274 73 21 hvilka
795 273 55 22 efter
860 273 40 22 den
910 281 41 21 nya

192 307 99 22 markens
307 307 151 22 förvärfvande
474 307 67 22 blifva
556 307 124 28 umbärliga,
691 308 104 21 erfordras
806 308 38 20 här
855 309 18 27 ej
883 307 68 29 någon

192 341 124 28 förhöjning
331 341 22 22 af
368 341 42 22 den
425 344 108 26 upptagna
548 341 196 22 kostnadssumman
760 343 111 26 8,190,000
886 342 65 26 mark,

192 375 89 22 hvarom
304 376 33 21 för
358 376 66 28 öfrigt
446 376 56 21 dock
525 376 34 21 må
577 377 118 26 anmärkas,
709 379 33 19 att
756 377 195 28 anläggningskost-

192 410 70 21 naden
285 410 34 21 för
340 410 40 21 den
404 418 42 21 nya
468 410 176 28 godsbangården
662 413 24 19 är
702 411 74 21 endast
791 411 160 28 approximativ,

193 446 50 19 enär
258 444 27 21 de
301 445 118 28 uppgjorda
432 445 107 28 förslagen
555 445 152 22 öfverlämnats
721 445 32 21 till
769 445 128 28 granskning
911 445 39 22 och

192 479 107 21 eventuell
320 479 147 28 omarbetning
482 479 22 21 af
519 487 25 14 en
560 479 142 22 framstående
717 479 99 22 utländsk
831 479 98 22 fackman
945 480 7 20 i

192 512 264 30 bangårdsanläggningar.

263 548 20 21 2.
314 547 170 29 Ombyggnaden
504 548 23 21 af
544 548 197 29 personbangården
756 549 8 20 i
778 547 33 22 S:t
826 547 126 29 Petersburg

193 581 104 22 erkännes
318 581 68 22 kunna
410 582 123 29 uppskjutas
555 582 34 21 till
610 582 122 29 påföljande
754 582 149 29 finansperiod,
918 589 34 14 om

193 615 40 22 ock
254 623 27 14 en
303 616 34 21 del
353 616 143 29 provisoriska
510 617 140 28 anordningar
664 617 35 20 för
712 616 161 22 underlättande
888 616 23 21 af
925 615 27 23 de

194 649 79 22 talrika
298 651 209 28 passageraretågens
530 651 122 28 expedition
673 651 60 21 torde
749 651 52 21 böra
812 651 102 28 vidtagas,
930 650 23 21 så

194 687 59 18 snart
268 685 160 28 omställningen
444 685 23 20 af
482 685 173 28 godsbangården
670 685 71 21 härtill
754 685 80 21 lemnar
843 688 109 25 utrymme.

265 720 20 20 3.
314 719 100 28 Höjande
436 719 22 21 af
481 719 67 21 banan
573 719 78 21 mellan
668 718 205 29 Baburin-pereulok
888 719 65 26 (invid

194 752 33 22 S:t
241 753 141 28 Petersburgs
400 754 84 26 station)
500 753 39 21 och
556 753 106 28 Udelnaja
676 754 83 20 station.
789 753 96 21 Emedan
900 753 52 21 flere

192 790 62 25 gator
276 787 40 22 och
340 789 64 26 vägar
419 787 62 22 kursa
495 787 162 29 jeruvägslinjen
672 788 8 21 i
694 795 81 14 samma
790 787 55 28 plan,
859 787 40 21 och
914 795 33 14 nu-

194 829 57 13 mera
275 824 36 18 äro
326 822 86 27 mycket
427 821 68 22 starkt
509 822 136 26 trafikerade,
660 822 70 21 kunna
745 821 104 28 bantågen
864 821 88 22 oaktadt

193 856 129 27 signalering
344 856 41 21 och
408 856 92 21 utstälda
523 856 84 21 vakters
631 857 112 27 varningar
762 856 55 21 vålla
839 856 85 28 olyckor
940 856 12 21 å

193 889 237 29 korsningspunkterna.
452 890 192 29 Jernvägsspårens
656 891 166 28 öfverflyttande
837 891 28 28 på
875 898 24 13 en
910 891 42 28 hög

193 924 87 21 banvall
302 925 48 20 med
372 925 132 28 genomgång
524 925 34 20 för
582 927 64 26 vägar
668 925 39 21 och
723 928 61 24 gator
799 925 66 21 måste
880 925 72 21 därför

193 958 111 22 betraktas
323 959 67 21 såsom
406 962 32 18 ett
453 959 131 28 nödvändigt
598 959 40 21 och
654 959 133 21 brådskande
802 959 78 21 arbete.
910 959 41 22 Ut-

192 993 70 27 giften
277 993 72 21 härför
364 995 23 19 är
403 993 108 21 beräknad
525 993 32 21 till
573 994 111 25 3,305,000
701 993 64 21 mark.

266 1027 32 20 De
313 1027 67 21 under
394 1029 13 19 4
423 1027 39 21 och
479 1029 11 18 5
506 1031 108 24 upptagna
628 1027 198 28 byggnadsarbeten
840 1027 74 25 kunna,
924 1027 28 29 på

193 1063 42 19 sätt
251 1061 63 22 äfven
331 1063 7 19 i
353 1063 156 27 propositionen
521 1064 26 31 fir
563 1062 75 26 afsedt,
653 1062 118 21 tillsvidare
787 1062 128 28 uppskjutas.

263 1097 19 20 6.
312 1096 84 21 Inlösen
416 1096 22 21 af
458 1096 59 21 mark
536 1097 7 20 i
560 1096 88 28 Wiborg
663 1097 33 20 för
710 1096 194 21 stationsområdets
919 1099 33 18 ut-

193 1129 109 29 vidgning,
325 1131 18 20 7.
366 1130 126 28 anläggning
507 1130 23 21 af
544 1138 25 13 en
585 1130 62 28 gods-
659 1131 40 21 och
714 1130 216 28 rangeringsbangård
944 1131 7 20 i

193 1164 98 28 Wiborg,
306 1167 54 18 samt
376 1166 18 19 8.
412 1164 126 28 nybyggnad
549 1164 23 21 af
587 1165 172 28 personbangård
775 1165 7 20 i
796 1164 95 28 Wiborg.
920 1165 32 21 Af

192 1198 64 21 dessa
279 1198 152 29 utgiftsposter,
456 1198 120 22 beräknade
596 1202 33 18 att
650 1199 71 29 uppgå
743 1199 33 21 till
799 1199 153 28 sammanlagdt

192 1233 113 25 4,169,000
329 1233 65 25 mark,
416 1233 38 21 har
474 1241 32 13 n:o
522 1234 13 20 8
551 1234 105 20 uteslutits
672 1234 46 20 från
733 1234 167 28 propositionens
916 1241 36 13 an-

192 1267 180 28 slagsberäkning.
402 1267 112 22 Utskottet
536 1268 66 20 måste
625 1268 55 21 dock
703 1275 50 14 anse
773 1271 33 25 att
828 1268 62 20 äfven
905 1275 47 21 per-

192 1301 172 27 sonbangärdens
380 1309 61 13 snara
455 1302 134 28 ombyggnad
604 1304 24 18 är
643 1302 191 28 nödvändig,6men
849 1302 39 21 den
904 1302 48 21 där-

193 1335 33 21 för
241 1335 122 22 beräknade
378 1336 122 26 kostnaden,
518 1337 109 25 1,767,000
641 1336 65 27 mark,
719 1336 40 21 har
770 1340 59 24 synts
841 1336 112 22 Utskottet

193 1370 23 20 sä
241 1370 65 28 drygt
330 1370 95 28 tilltagen
450 1373 32 18 att
504 1378 25 14 en
551 1370 146 29 omarbetning
719 1371 23 21 af
763 1374 141 25 programmet
919 1371 34 21 för

192 1404 72 21 denna
293 1404 99 28 byggnad
419 1404 39 21 bör
480 1404 70 22 kunna
572 1406 130 27 väsentligen
723 1407 118 25 nedbringa
854 1404 98 29 utgitten.

264 1450 146 18 Statsutskottets
422 1451 110 17 betänkande
545 1451 37 17 N:o
595 1452 12 16 9
621 1451 20 17 A.
