1061 1631
357 117 28 23 U.
399 117 26 22 B.
442 130 28 4 —
486 117 72 29 Prop.
574 116 42 24 N:o
633 116 29 23 37
825 119 27 19 37

129 183 110 29 gifvande
262 183 83 22 uttalas
366 183 8 21 i
392 185 26 20 13
436 183 14 29 8
473 185 5 20 2
496 190 67 15 mom.
580 185 29 26 pä
624 183 104 28 följande
744 185 55 20 sätt:
833 200 9 9 ,
846 183 36 22 Då

131 219 111 22 särskilda
262 218 198 29 omständigheter
482 219 39 21 det
535 218 97 29 päkalla,
650 218 35 22 fär
700 218 69 22 äfven
785 219 98 22 framde-

132 254 33 22 les
180 255 97 28 beviljas
294 254 93 22 tillsänd
404 257 33 19 att
452 254 8 22 i
476 254 38 27 elf,
531 257 71 19 ström
618 254 55 22 eller
679 250 11 37 ä
707 254 128 22 tillsvidare
847 255 36 21 för

129 289 48 23 viss
192 290 35 21 tid
242 291 24 21 af
281 293 48 19 äret
345 291 53 21 med
415 290 117 22 fiskevärk
549 292 81 27 stänga
646 290 59 22 ända
720 290 36 21 till
764 290 119 29 trefjerde-

130 326 62 22 delar
208 327 23 21 af
246 329 109 19 vattnet".

200 363 36 20 Då
259 362 41 29 jag
326 366 25 17 är
375 362 138 29 öfvertygad
535 369 38 14 om
589 363 33 20 att
638 362 39 21 det
692 362 8 21 i
716 362 166 21 ofvanstäende

130 404 67 15 mom.
222 398 117 29 medgifna
365 398 119 29 undantag
509 398 51 21 frän
583 397 164 30 skyldigheten
770 400 33 20 att
822 398 61 21 hälla

130 433 131 29 kungsädra
277 437 75 26 öppen
367 434 8 21 i
391 433 60 29 följd
461 434 24 21 af
495 433 236 30 omständigheternas
740 436 73 26 tväng
820 434 63 21 kom-

131 477 49 14 mer
201 472 34 19 att
257 469 79 30 gifva]
348 469 86 30 upphof
457 469 35 22 till
516 477 28 14 en
567 469 85 29 mängd
674 469 156 29 ansökningar
846 477 36 14 om

135 505 74 22 denna
231 505 221 29 undantagsförmän
475 505 35 22 för
526 505 56 22 flere
605 505 24 22 af
648 507 52 20 värt
719 505 66 22 lands
802 505 80 26 elfvar,

131 541 58 22 hade
210 541 41 28 jag
273 541 51 22 icke
348 541 63 22 velat
436 543 34 19 att
487 541 186 29 begränsningen
690 541 141 27 ,tillsvidare
848 541 36 22 för

130 577 48 22 viss
194 577 33 21 tid
243 577 24 22 af
283 579 59 20 äret*
360 577 79 22 blifvit
454 577 73 29 gjord.

201 613 42 22 Om
268 613 35 21 till
323 621 33 14 ex.
379 615 52 20 värt
446 613 67 22 lands
529 613 129 29 nordligare
675 613 44 22 lax-
736 614 43 21 och
796 613 87 22 sikrika

130 649 72 22 elfvar
224 649 35 21 till
283 657 29 13 en
335 649 113 28 tredjedel
472 649 24 22 af
519 648 36 23 sin
577 649 73 21 bredd
672 649 42 22 och
733 649 42 22 där
794 651 89 20 vattnet

130 688 24 18 är
177 685 93 29 djupast
293 685 65 21 skola
380 685 73 21 hällas
475 689 82 25 öppna,
574 687 24 20 sä
615 688 24 18 är
655 685 62 22 detta
735 687 82 20 nästan
837 685 46 22 det-

131 727 85 15 samma
242 727 49 15 som
317 723 32 19 ett
376 721 84 21 förbud
486 723 49 19 mot
561 721 38 21 det
624 721 61 21 förra
709 720 132 29 indräktiga
857 720 26 22 fi-

130 756 56 21 sket.
233 756 35 29 Ty
299 763 37 15 om
366 756 8 21 i
405 757 73 21 strida
503 757 73 21 elfvar
602 756 44 22 den
673 756 120 22 midtersta
819 757 64 21 fåran

130 792 71 22 hälles
223 796 74 25 öppen
318 793 42 21 och
382 792 134 22 stränderna
537 795 29 26 pä
581 793 60 21 bäda
656 793 63 22 sidor
734 795 38 19 äro
786 793 97 28 stängda

130 828 23 21 af
173 828 118 29 fiskpator,
312 828 50 29 blir)
377 828 90 29 följden
483 829 45 21 den
543 831 33 19 att
592 831 124 19 strömmen
731 829 71 28 flyter
817 829 66 28 längs

132 863 86 23 midten
242 865 24 21 af
285 865 83 26 elfven,
385 864 75 21 under
476 865 38 21 det
529 867 89 24 vattnet
633 864 41 22 vid
690 864 134 22 stränderna
840 865 43 21 för-

129 899 45 22 blir
197 899 161 27 stillastående,
382 900 43 21 och
449 900 29 21 då
501 899 24 22 vi
543 899 27 29 ju
591 902 52 19 veta
659 902 34 19 att
708 900 67 21 laxen
791 899 41 22 vid
847 900 37 21 sin

129 935 113 29 vandring
265 938 72 27 uppåt
359 936 67 21 söker
449 935 46 22 den
518 935 106 22 stridaste
644 938 131 24 strömmen,
791 936 92 21 komme

129 979 46 20 nog
196 971 174 29 strandpatorna
390 973 34 20 att
442 971 66 28 gifva
524 979 28 14 en
567 971 41 22 bra
623 971 62 29 dålig
702 971 138 29 afkastning.
872 972 11 21 I

128 1007 150 22 betraktande
300 1007 64 22 häraf
380 1007 59 22 hade
452 1007 43 29 jag
510 1007 60 22 helst
585 1007 89 26 önskat,
691 1009 33 20 att
739 1007 68 29 lagen
822 1007 62 29 gjort

132 1050 29 14 en
182 1043 276 29 undantagsbestämning
482 1043 36 21 till
540 1043 90 22 förmån
645 1043 37 22 för
698 1043 85 22 sådana
798 1043 84 26 elfvar;

131 1085 53 15 men
205 1079 30 21 då
248 1079 40 28 jag
303 1079 51 22 icke
370 1079 84 22 vunnit
469 1079 126 22 understöd
610 1079 36 22 för
662 1079 75 22 denna
752 1079 48 22 min
816 1079 67 26 åsikt,

131 1121 66 14 anser
215 1114 41 29 jag
272 1122 49 15 som
337 1115 94 21 alldeles
448 1114 145 29 nödvändigt
608 1117 33 19 att
657 1115 138 22 åtminstone
810 1115 74 29 Rege-

129 1150 80 29 ringen
225 1151 85 21 erhölle
326 1154 44 18 rätt
386 1153 33 19 att
434 1150 119 30 medgifva
569 1150 117 30 undantag
702 1151 51 21 från
768 1151 62 22 hvad
847 1159 36 14 om

129 1186 141 28 kungsådras
286 1187 73 21 bredd
374 1187 8 21 i
399 1187 125 21 allmänhet
539 1187 110 29 stadgats.

197 1222 11 21 I
225 1222 58 29 följd
298 1223 65 21 häraf
379 1230 69 21 synes
464 1222 48 29 mig
529 1223 28 21 de
572 1222 9 22 i
598 1225 26 19 13
641 1223 14 29 8
666 1225 12 19 2
690 1230 67 14 mom.
769 1222 114 30 ingående

129 1258 69 22 orden
223 1258 153 26 ,tillsvidare*
394 1258 42 22 och
462 1258 50 27 ,för
531 1258 48 22 viss
598 1258 34 22 tid
648 1259 24 21 af
688 1260 60 20 äret*
766 1258 55 22 böra
836 1261 47 19 ute-

130 1294 77 22 slutas.

187 1330 35 28 Ty
246 1330 73 22 under
342 1330 83 22 nämda
449 1330 160 22 förhållanden
629 1330 44 22 blir
692 1330 39 22 det
746 1330 73 28 enligt
835 1330 48 22 min

130 1366 148 28 uppfattning
301 1366 81 29 nödigt
406 1369 33 19 att
462 1366 37 22 för
520 1374 29 14 en
574 1366 38 22 hel
638 1374 99 14 sommar
759 1366 124 22 inskränka

128 1402 142 28 kungsådras
287 1402 72 22 bredd
375 1402 51 22 från
441 1402 63 22 hvad
521 1402 77 22 derom
614 1402 8 22 i
633 1402 124 22 allmänhet
771 1402 110 28 stadgats.

205 1444 213 19 Vattenrättsutskottets
430 1444 118 19 betänkande
562 1444 36 19 N:o
611 1446 17 18 5.
