1061 1631
209 115 13 19 2
407 112 27 22 U.
450 112 25 23 B.
492 126 28 2 —
535 112 73 29 Prop.
624 112 43 23 N:o
683 112 30 22 36

178 179 24 21 af
228 179 139 28 skogslagen
394 178 44 21 den
465 181 13 19 3
505 178 135 29 September
666 181 65 24 1886,
755 179 95 22 hvilken
873 181 60 20 stad-

178 222 47 21 gar,
249 217 36 18 att
305 215 157 28 skogbeväxta
478 215 104 21 stränder
597 215 41 21 vid
654 215 147 26 fiskevatten,
817 222 50 15 som
881 215 50 21 icke

178 250 147 21 uteslutande
341 250 77 21 tillhör
434 250 170 29 strandegaren,
621 250 19 29 ej
659 253 36 18 mä
712 250 99 29 afrödjas
828 252 25 19 sä
864 250 68 21 framt

179 286 28 21 de
223 289 57 25 göra
295 286 70 21 fisket
380 289 72 26 nytta.

249 322 55 21 Den
319 322 159 28 omarbetning
489 322 100 21 nämnda
599 322 127 29 stadgande
737 322 8 21 i
757 324 27 19 13
795 322 14 29 &
820 322 24 21 af
855 322 77 28 skogs-

178 358 68 28 lagen
270 358 160 21 underkastats
454 365 83 21 genom
562 358 44 21 den
622 359 52 20 nåd.
691 365 63 22 prop.
772 363 24 16 är
812 358 120 21 föranledd

178 394 49 21 dels
251 393 25 22 af
300 394 44 21 den
359 394 135 28 utveckling
510 394 176 29 lagstiftningen
703 401 36 14 om
756 394 70 21 fisket
841 395 90 20 komme

178 431 33 20 att
227 429 87 22 erhålla
329 429 8 22 i
353 429 59 29 följd
428 429 24 22 af
468 429 113 28 förslagen
599 429 8 21 i
623 437 63 21 prop.
704 430 42 21 N:o
763 432 27 19 37
808 437 37 14 om
856 437 31 20 ny
899 429 33 28 ly-

178 465 63 21 delse
263 465 24 21 af
309 467 25 19 17
355 465 43 21 och
421 467 26 20 18
463 465 52 28 kap.
532 465 53 21 B.B.
604 465 42 21 och
662 473 63 20 prop.
742 465 43 21 N:o
803 467 27 19 33
847 472 37 14 om
899 473 32 20 ny

177 500 170 29 fiskeristadga,
370 501 49 21 dels
439 501 23 21 af
479 501 45 21 den
540 501 88 21 mindre
645 500 195 29 ändamälsenliga
856 500 75 21 affatt-

177 537 57 28 ning
251 537 138 28 stadgandet
406 536 7 21 i
430 536 71 29 öfrigt
517 537 46 21 har.

249 572 54 21 Den
318 573 8 20 i
342 580 63 21 prop.
421 573 43 21 N:o
482 575 27 18 37
523 573 129 28 föreslagna
663 572 176 29 bestämningen
850 579 36 14 om
897 575 34 18 ut-

177 609 115 28 läggande
316 608 8 21 i
347 608 139 22 fiskevatten
511 609 24 20 af
551 616 16 13 s.
585 608 21 22 k.
624 608 235 29 fredningsomräden,
877 607 54 22 eller

178 644 110 21 omräden
309 644 40 21 der
369 643 77 22 fisken
462 646 30 26 pä
507 646 70 26 nägra
593 644 118 28 undantag
723 648 42 17 när
780 651 54 14 vore
850 643 81 22 fredad

177 679 36 21 för
229 679 30 21 all
276 679 83 28 fängst,
376 679 41 22 har
432 679 101 29 päkallat
549 682 32 19 att
597 679 174 29 ifrägavarande
788 679 84 22 förbud
883 682 47 18 mot

178 715 135 28 afrödjande
337 715 23 21 af
383 716 57 27 skog
464 715 81 28 gifvits
569 723 29 13 en
616 715 125 28 obetingad
757 715 145 29 tillämpning
918 717 12 19 ä

177 751 80 21 strand
282 751 40 21 vid
337 751 220 28 fredningsomräde.
590 751 117 29 Derjemte
723 751 41 22 har
780 751 44 21 den
840 759 90 20 gemen-

177 787 90 21 samhot
289 787 7 21 i
318 787 112 22 intressen
454 787 143 22 beträffande
621 787 124 26 fiskovärd,
763 795 48 14 som
828 787 28 20 de
871 787 59 21 före-

177 823 81 28 slagna
279 823 202 28 bestämningarna
498 823 7 21 i
524 825 25 19 17
567 823 42 21 och
628 825 26 20 18
671 823 51 28 kap.
739 823 54 21 B.B.
811 825 59 19 samt
886 823 44 20 den

176 866 45 21 nya
237 858 181 29 fiskeristadgan
435 859 99 21 etablera
551 859 82 21 mellan
650 867 67 20 egare
733 859 24 20 af
773 858 157 29 angränsande

176 895 43 21 och
235 895 151 28 närliggande
403 895 146 26 fiskevatten,
566 895 104 28 betingat
686 895 137 20 omnämnda
834 894 95 21 förbuds

176 931 163 21 utsträckande
355 931 69 21 äfven
440 931 34 21 till
490 931 79 21 strand
585 930 40 22 vid
636 931 81 20 sådant
730 933 83 23 vatten,
827 937 48 14 som
887 929 43 22 till-

176 967 41 20 hör
233 967 164 27 strandegaren
409 973 85 19 ensam,
512 969 63 18 utom
589 966 36 21 för
638 968 24 19 sä
673 965 50 22 vidt
737 965 63 22 detta
814 968 24 18 är
853 965 75 22 slutet.

248 1001 47 22 Det
315 1002 87 21 mindre
424 1002 194 28 ändamålsenliga
634 1002 8 21 i
659 1001 154 28 affattningen
833 1001 23 21 af
873 1003 26 19 13
916 1001 14 28 $

176 1037 7 21 i
199 1038 140 28 skogslagen
355 1038 76 21 bestär
448 1040 47 19 äter
512 1038 47 21 deri
571 1040 39 23 att,
623 1037 73 28 enligt
708 1037 147 28 paragrafens
867 1037 63 21 orda-

176 1073 97 29 lydelse,
298 1074 27 21 de
350 1074 156 28 skogbeväxta
530 1074 109 25 stränder,
665 1081 50 14 som
739 1073 20 28 ej
782 1073 23 20 få
821 1072 108 28 afrödjas,

175 1109 56 21 böra
247 1117 55 14 vara
319 1109 91 26 sådana,
428 1111 33 19 att
478 1109 28 21 de
522 1113 55 24 göra
593 1109 69 21 fisket
678 1111 72 26 nytta.
782 1107 147 29 Tillämpnin-

176 1153 44 21 gen
237 1145 25 21 af
277 1154 29 13 en
322 1145 71 22 sädan
408 1145 145 29 bestämning
570 1145 132 21 förutsätter
718 1144 126 22 emellertid
855 1143 75 22 bevis-

176 1182 55 28 ning
255 1182 84 25 derom,
361 1184 33 18 att
412 1182 70 20 fisket
506 1182 57 20 efter
587 1181 119 21 strandens
729 1180 134 28 afrödjande
883 1188 47 13 ver-

176 1217 93 28 keligen
285 1218 130 20 försämrats
434 1230 27 2 —
478 1225 28 13 en
518 1217 148 27 bevisföring,
679 1224 49 14 som
739 1216 48 21 ofta
798 1219 24 18 är
833 1218 52 18 svär
896 1219 33 17 att

176 1253 165 26 ästadkomma,
366 1253 108 21 särskildt
497 1253 62 21 inom
584 1253 70 21 sädan
677 1252 33 22 tid
732 1254 33 19 att
781 1252 45 21 den
842 1252 87 21 skedda

175 1289 181 21 öfverträdelsen
372 1290 78 20 kunde
467 1289 101 28 lagligen
583 1288 91 22 beifras.
707 1288 36 21 Då
759 1288 45 21 den
820 1287 110 21 otillfred-

175 1325 114 21 ställande
305 1325 154 28 affattningen
476 1325 135 21 medverkat
627 1324 35 21 till
678 1326 33 19 att
728 1324 137 28 stadgandet
876 1330 53 21 gan-

175 1361 40 21 ska
240 1361 51 21 litet
311 1360 149 26 efterlefvats,
478 1361 40 20 har
535 1360 125 21 detsamma
676 1360 7 20 i
700 1359 149 22 förevarande
865 1366 63 21 prop.

175 1396 183 22 omformulerats
379 1398 88 20 derhän
483 1398 33 19 att
532 1396 108 21 förbudet
654 1396 79 28 gällor,
755 1395 97 21 förutom
871 1394 58 21 fred-

252 1438 210 19 Vattenrättsutskottets
474 1438 117 18 betänkande
603 1438 37 18 N:o
653 1438 29 18 10.
