1061 1631
337 116 29 22 U.
381 116 28 22 B.
426 128 28 4 —
469 116 73 28 Prop.
558 116 46 22 N:o
619 115 39 23 39.
821 118 25 19 15

124 183 69 20 oreda
213 182 34 22 uti
268 182 136 21 hithörande
427 181 222 22 rättsförhållanden.
682 182 46 20 Det
743 181 42 22 har
801 181 77 21 derför

125 218 69 21 också
209 217 40 22 vid
261 217 129 22 revisionen
402 217 23 22 af
436 217 315 28 vattenrättslagstiftningen
762 217 115 21 framstått

126 256 75 19 såsom
217 261 29 14 en
261 253 117 28 bjudande
394 254 175 28 nödvändighet
585 256 32 19 att
632 260 84 21 genom
733 255 33 19 ett
781 252 96 29 positivt

125 289 126 28 stadgande
279 289 97 22 återföra
404 289 236 29 rättsuppfattningen
666 289 34 21 uti
726 289 151 21 förevarande

129 326 65 27 fråga
217 325 35 21 till
273 325 44 22 den
334 321 142 38 ståndpunkt
488 325 106 30 Fhvilken
610 325 70 22 ofvan
695 325 134 21 betecknats
847 327 32 18 sä-

127 369 49 14 som
188 361 43 22 den
242 361 53 22 med
306 361 106 28 gällande
424 361 39 28 lag
474 361 257 22 öfverensstämmande.
760 353 31 28 Åt
803 361 75 21 denna

126 397 147 28 uppfattning
296 397 64 28 gifva
388 399 5 19 1
411 404 67 15 mom.
496 399 14 19 8
526 397 13 28 &
557 399 26 18 12
600 397 51 28 kap.
668 396 35 22 JB
719 396 8 21 i
744 397 67 28 Prop.
833 396 44 21 N:o

128 435 26 19 15
174 433 42 22 och
232 433 70 22 slutet
317 433 24 21 af
364 435 4 19 1
385 440 69 14 mom.
471 435 14 19 4
501 433 14 28 8
530 433 8 21 i
554 433 67 28 Prop.
638 432 44 22 N:o
698 434 28 19 39
743 432 98 29 uttryck.

197 469 11 21 I
224 469 155 21 betänkandet
393 469 9 21 i
418 468 124 29 anledning
559 468 23 21 af
597 468 52 22 nåd.
666 475 63 22 prop.
747 468 44 21 N:o
809 470 10 19 1
837 468 42 21 har

128 505 50 27 (sid.
196 507 26 19 31
240 505 29 28 ff)
285 505 135 21 framhållits
437 505 110 21 hurusom
564 504 156 21 erkännandet
731 504 23 21 af
765 504 44 21 alla
821 511 57 14 sam-

127 541 234 28 fällighetsdelegares
385 541 47 20 lika
451 543 45 18 rätt
511 540 35 21 till
563 539 119 26 strömfall,
698 540 40 21 vid
755 540 70 21 ofvan
841 542 37 26 på-

127 577 88 28 pekade
231 576 127 29 anordning
374 577 24 20 af
413 576 142 26 landskiftet,
572 575 62 29 gjort
650 576 39 21 det
702 575 81 29 nödigt
797 578 33 19 att
842 575 36 22 be-

127 613 55 20 reda
197 612 120 29 möjlighet
333 612 35 21 till
384 612 172 28 konsolidering
567 614 29 26 på
607 619 87 14 samma
704 611 63 22 hand
777 611 24 22 af
811 619 67 20 egan-

127 649 103 20 derätten
245 647 36 22 till
297 648 108 21 stranden
420 647 42 22 vid
478 647 111 22 strömfall
606 648 42 21 och
664 647 36 22 till
716 647 83 28 sjelfva
814 647 65 21 fallet

127 691 83 21 genom
226 686 33 19 att
275 684 163 28 strandegaren
454 684 43 21 och
513 684 73 21 under
599 683 64 22 vissa
672 683 140 28 betingelser
822 683 56 28 jem-

127 720 38 21 väl
182 719 190 29 strömfallsegare
388 719 91 22 tillades
496 727 29 14 en
535 719 121 22 alternativ
666 719 156 28 lösningsrätt,
834 719 45 22 den

128 755 60 22 förre
210 755 35 22 till
266 755 62 22 hvad
346 755 7 21 i
370 755 65 22 fallet
458 758 30 26 på
506 756 56 21 hans
578 756 43 21 lott
637 755 36 28 sig
689 755 19 29 ej
726 755 94 29 belöper
835 755 43 22 och

128 791 29 21 de
180 799 79 14 senare
282 791 35 21 till
341 791 137 22 strandtomt
498 791 40 21 vid
558 791 70 22 fallet.
660 791 134 21 Emellertid
810 791 69 21 kan
866 787 17 36 i

128 827 63 21 vissa
206 827 40 21 fall
263 835 29 13 en
308 827 64 28 dylik
388 827 173 28 konsolidering
577 829 65 20 ernås
662 827 68 21 äfven
741 829 55 19 utan
807 829 33 19 att
851 835 28 13 en

129 863 71 21 sådan
223 863 142 28 exceptionel
381 865 78 26 utväg,
477 870 49 15 som
545 865 34 19 ett
594 865 98 26 tvunget
707 863 172 21 fränhändande

129 899 24 20 af
176 899 89 21 enskild
289 899 133 28 eganderätt
446 899 77 21 städse
546 898 101 26 innebär,
670 898 75 22 derför
767 898 112 22 behöfver

129 934 118 29 tillgripas.
279 934 80 21 Under
381 934 113 22 särskilda
514 934 139 29 betingelser
669 938 25 17 är
708 934 117 29 nämligen
839 934 40 21 vid

129 970 68 21 skifte
214 970 24 21 af
253 970 107 21 samfäldt
376 970 172 21 vattenområde
565 977 28 14 en
604 970 71 21 sådan
686 970 127 28 anordning
824 970 55 29 möj-

129 1006 39 28 lig,
192 1008 33 19 att
248 1005 49 22 deri
319 1006 113 28 ingående
456 1005 112 22 strömfall
587 1005 8 21 i
612 1006 52 21 dess
680 1006 78 21 helhet
773 1005 106 29 tillägges

130 1042 163 28 strandegaren
316 1049 84 18 ensam,
425 1041 85 22 medan
533 1041 73 29 öfriga
629 1041 148 22 intressenter
795 1042 85 21 erhålla

130 1077 108 28 vederlag
263 1077 8 21 i
295 1080 69 19 annat
383 1080 89 23 vatten;
498 1077 42 22 och
556 1085 68 20 synes
642 1077 62 22 detta
719 1077 79 22 blifvit
813 1077 66 22 beak-

129 1113 51 22 tadt
191 1113 86 28 jemväl
293 1113 34 21 uti
343 1113 158 28 föreliggande
517 1120 62 21 prop.
596 1113 44 21 N:o
657 1115 35 24 39,
708 1113 8 21 i
732 1113 39 21 det
787 1115 34 19 att
836 1113 44 21 slu-

129 1152 34 18 tet
178 1149 24 21 af
217 1151 14 19 4
247 1149 14 29 8
279 1151 10 19 1
307 1156 75 19 mom.,
400 1149 40 21 der
456 1149 65 28 fråga
537 1152 24 18 är
577 1156 36 14 om
630 1149 118 26 strömfall,
773 1156 49 14 som
848 1149 32 22 in-

129 1187 42 26 går
194 1185 7 21 i
225 1185 94 21 allmänt
342 1184 158 26 vattenskifte,
522 1184 111 29 jemfördt
653 1185 53 21 med
723 1187 12 19 5
751 1185 14 29 $
783 1188 10 18 1
811 1192 67 14 mom.

129 1220 76 28 gifver
215 1220 41 22 vid
264 1221 97 25 handen,
372 1223 33 19 att
414 1220 112 22 strömfall
534 1220 40 22 vid
583 1220 81 22 sädant
673 1220 68 22 skifte
749 1220 8 22 i
766 1220 62 29 regel
839 1221 42 21 bör

130 1256 107 28 tilläggas
253 1256 168 28 strandegeren.
447 1256 92 22 Samma
555 1258 14 19 4
585 1257 20 28 &,
620 1256 101 28 jemförd
736 1257 53 21 med
805 1259 9 19 1
828 1257 50 29 kap.

132 1295 25 18 11
176 1292 14 28 &
206 1292 42 21 och
265 1294 12 19 6
294 1292 51 28 kap.
364 1294 10 19 1
392 1292 14 28 &
421 1292 35 21 uti
473 1292 110 28 förslaget
598 1292 35 21 till
649 1292 38 28 lag
704 1300 35 14 om
759 1295 121 19 vattenrät-

130 1331 46 23 ten,
202 1328 84 22 tilläter
309 1330 47 19 äter
380 1328 45 21 den
442 1328 101 26 slutsats,
560 1330 33 20 att
608 1328 112 22 strömfall
736 1328 41 22 bör
792 1331 65 26 tagas
873 1329 7 21 i

130 1364 127 28 beräkning
280 1364 41 21 vid
345 1364 69 21 skifte
438 1364 24 21 af
485 1364 166 28 samfällighets
675 1364 178 26 vattenomräde,
873 1364 8 21 i

131 1400 123 21 allmänhet
270 1400 81 21 endast
367 1400 40 21 der
422 1400 66 21 fallet
503 1400 46 21 kan
562 1400 106 28 tilläggas
683 1408 82 20 egaren
777 1400 24 21 af
811 1402 80 20 stran-*

206 1442 210 18 Vattenrättsutskottets
428 1442 118 18 betänkande
558 1442 37 18 N:o
607 1442 17 18 4.
