1061 1631
177 119 13 21 8
365 118 85 23 Ständ.
464 118 40 23 Sv.
518 132 28 2 —
562 118 73 29 Prop.
653 119 41 23 N:o
709 119 38 23 33.

178 190 47 22 nad
251 190 54 22 med
331 190 44 22 fisk
402 193 60 19 samt
488 190 74 22 under
588 189 66 24 dessa
672 190 82 22 fiskars
772 189 75 24 lektid
865 190 69 22 äfven

179 224 88 22 medels
294 224 89 22 mindre
409 225 88 29 ryssjor
523 225 43 21 och
593 225 107 29 mjärdor,
727 225 136 28 isynnerhet
886 232 48 14 som

178 259 106 28 gäddans
302 259 74 22 lektid
394 259 94 22 infaller
505 258 72 30 tidigt
594 267 37 14 om
649 260 79 27 våren,
747 259 29 22 då
793 259 52 22 icke
861 259 73 22 andra

178 293 72 22 fiskar
271 293 74 22 blifva
366 293 79 22 störda
466 301 84 21 genom
568 293 52 22 dess
641 294 123 29 fångande,
783 293 83 22 medan
884 294 50 21 åter

177 328 83 21 lakens
278 327 75 22 lektid
370 328 93 22 infaller
480 327 72 23 redan
570 328 9 21 i
596 328 100 22 Januari
713 329 44 22 och
774 328 120 22 Februari.

251 361 34 23 På
304 363 57 27 skäl,
380 370 50 14 som
447 362 75 22 finnas
541 362 97 22 anförda
656 363 36 22 uti
710 363 45 22 den
772 362 162 29 underdåniga

179 397 205 22 svarsskrifvelsen
411 397 8 21 i
443 397 128 29 anledning
598 397 23 22 af
647 397 87 30 nådiga
760 397 174 29 propositionen

178 431 44 22 N:o
242 431 39 28 37,
300 431 42 22 har
359 431 75 22 under
452 432 15 20 8
486 432 13 26 $
520 431 29 22 17
569 431 53 29 kap.
635 432 61 21 B.B.
715 432 122 29 upptagits
855 431 28 22 de
896 431 38 21 de-

178 466 36 21 lar
237 465 24 22 af
282 467 28 26 88
333 466 30 21 27
386 465 44 22 och
452 466 38 27 28,
512 465 82 22 hvilka
614 466 85 22 vunnit
717 466 143 21 Ständernas
878 465 56 29 god-

179 500 131 28 kännande,
329 500 121 21 hvaremot
468 500 74 28 öfriga
561 500 63 22 delar
640 501 22 20 af
672 501 165 28 paragraferna
846 502 88 20 ansetts

178 534 57 22 böra
253 534 50 22 helt
321 534 43 22 och
381 534 72 22 hållet
471 535 63 28 utgå.

248 568 105 22 Emedan
380 569 131 22 Ständerna
537 569 74 21 under
630 569 14 21 5
664 569 13 26 $
698 569 29 21 17
748 569 52 28 kap.
819 569 62 21 B.B.
900 568 34 21 in-

179 603 46 22 fört
243 603 129 29 stadgande
391 610 37 15 om
445 603 134 29 grunderna
596 604 36 21 för
643 603 237 29 fiskevärdsförening
892 602 43 22 och

180 637 52 22 dess
250 637 154 27 verksamhet,
426 637 65 22 torde
510 638 8 21 i
536 639 28 26 $$
588 639 31 20 30
638 637 44 22 och
701 639 30 20 31
752 637 23 22 af
793 637 141 22 fiskeristad-

179 679 47 21 gan
253 672 83 21 endast
359 672 206 28 bestämningarna
589 680 36 14 om
649 672 162 21 fastställande
835 671 43 22 och
896 671 39 22 be-

179 706 80 28 hörigt
284 706 209 29 offentliggörande
518 707 23 21 af
565 707 72 21 sådan
655 707 119 28 förenings
792 706 143 22 föreskrifter

179 741 58 21 böra
255 741 101 28 qvarstå.

249 775 70 22 Mom.
349 775 95 26 1834
469 775 6 20 i
501 775 87 28 nådiga
605 775 175 28 propositionen
806 774 130 22 innehåller

180 809 72 22 bland
277 811 72 20 annat
372 809 148 29 bestämning
542 809 83 28 derom,
651 812 36 19 att
707 809 90 22 saltade
815 809 119 27 fiskvaror,

180 851 49 14 som
247 844 39 21 till
304 843 49 22 salu
371 843 81 28 hållas,
472 843 65 22 skola
555 851 57 14 vara
630 843 157 28 omsorgsfullt
805 843 129 28 inpackade

180 878 8 21 i
206 878 59 28 kärl,
287 878 135 29 rymmande
446 879 54 27 120,
524 879 37 27 60,
585 879 38 27 30,
645 879 29 20 15
694 878 56 22 eller
769 879 15 20 8
802 878 60 21 liter.
899 877 36 22 Då

180 912 130 22 emellertid
329 912 64 22 dessa
415 913 65 27 mått,
494 920 37 14 om
549 913 44 21 ock
611 913 150 21 närmelsevis
773 911 162 23 motsvarande

180 946 100 29 rymden
298 947 23 22 af
339 954 34 20 en,
392 954 29 15 en
436 947 55 27 half,
510 955 28 14 en
557 947 130 28 fjerdedels,
697 955 28 14 en
736 946 146 23 åttondedels
892 946 43 22 och

180 989 28 14 eu
228 981 162 22 sextondedels
409 984 80 25 tunna,
508 989 69 21 synas
594 982 9 21 i
620 982 77 28 någon
711 982 54 21 mån
776 981 158 29 godtyckliga,

180 1015 72 22 hafva
281 1016 131 21 Ständerna
439 1018 83 25 ansett,
550 1018 35 19 att
611 1016 178 28 bestämningen
808 1023 36 14 om
863 1015 73 29 sagda

180 1051 60 20 mått
259 1050 70 21 borde
347 1051 57 27 utgå
422 1050 43 22 och
484 1051 8 20 i
510 1050 51 22 dess
581 1050 66 22 ställe
666 1050 101 29 stadgas,
786 1052 35 20 att
839 1050 97 21 fiskkärl

180 1084 63 29 finge
269 1085 30 28 pä
325 1087 46 19 sätt
393 1085 13 21 6
432 1086 13 25 &
464 1085 8 21 i
493 1085 165 28 förordningen
677 1084 120 29 angående
815 1085 60 21 mått
892 1084 43 21 och

181 1119 52 29 vigt
251 1119 9 21 i
279 1119 222 22 Storfurstendömet
524 1119 102 22 Finland
644 1119 23 22 af
686 1119 44 22 den
752 1119 29 21 16
800 1119 51 22 Juli
872 1119 62 21 1886

181 1153 146 22 beträffande
353 1154 141 28 förvarings-
513 1154 42 22 och
582 1154 169 28 transportkärl
768 1154 93 27 förmår,
879 1161 57 21 upp-

181 1190 76 19 mätas
275 1188 44 22 och
339 1188 111 29 stämplas
472 1188 58 22 efter
551 1188 66 22 deras
635 1188 106 29 verkliga
759 1188 73 28 rymd,
852 1188 8 21 i
878 1188 58 22 hvil-

181 1222 41 22 ket
249 1222 43 22 fall
318 1222 60 22 dock
402 1224 14 20 å
440 1223 80 21 kärlen
542 1223 70 21 borde
632 1223 125 28 anbringas
776 1222 160 27 kronomärke,

182 1256 142 29 angifvande
351 1257 87 22 kärlets
465 1257 73 29 rymd.
574 1258 13 20 I
604 1257 58 29 följd
690 1257 67 21 häraf
783 1256 72 22 borde
879 1256 58 22 sista

181 1291 126 29 meningen
325 1292 8 21 i
351 1299 66 14 mom.
438 1292 12 21 1
470 1292 24 22 af
511 1292 137 28 paragrafen
666 1292 113 21 uteslutas
798 1291 44 22 och
859 1292 9 21 i
886 1291 52 21 dess

182 1325 68 22 ställe
278 1326 144 22 beträffande
450 1326 68 22 äfven
540 1334 32 14 nu
590 1326 178 28 ifrågavarande
795 1326 52 21 kärl
864 1325 74 23 blifva

182 1360 117 28 gällande,
326 1360 62 22 hvad
406 1361 9 21 i
433 1360 83 22 sådant
543 1361 107 21 afseende
677 1361 74 21 finnes
770 1360 111 29 stadgadt
898 1360 8 22 i
925 1362 13 25 8

183 1395 31 21 33
243 1398 37 18 uti
305 1395 152 29 regiementet
483 1396 36 21 för
548 1396 116 28 justering
690 1395 45 22 och
761 1395 127 29 stämpling
915 1395 23 21 af
