<?xml version="1.0" encoding="UTF-8"?>
<alto xmlns="http://www.loc.gov/standards/alto/ns-v3#" xmlns:xlink="http://www.w3.org/1999/xlink" xmlns:xsi="http://www.w3.org/2001/XMLSchema-instance" xsi:schemaLocation="http://www.loc.gov/standards/alto/ns-v3# http://www.loc.gov/alto/v3/alto-3-0.xsd">
	<Description>
		<MeasurementUnit>pixel</MeasurementUnit>
		<sourceImageInformation>
			<fileName>/tmp/tess_r7zjcljc_input.PNG</fileName>
		</sourceImageInformation>
		<OCRProcessing ID="OCR_0">
			<ocrProcessingStep>
				<processingSoftware>
					<softwareName>tesseract 5.3.4</softwareName>
				</processingSoftware>
			</ocrProcessingStep>
		</OCRProcessing>
	</Description>
	<Layout>
		<Page WIDTH="1061" HEIGHT="1631" PHYSICAL_IMG_NR="0" ID="page_0">
			<PrintSpace HPOS="0" VPOS="0" WIDTH="1061" HEIGHT="1631">
				<ComposedBlock ID="cblock_0" HPOS="169" VPOS="141" WIDTH="575" HEIGHT="30">
					<TextBlock ID="block_0" HPOS="169" VPOS="141" WIDTH="575" HEIGHT="30">
						<TextLine ID="line_0" HPOS="169" VPOS="141" WIDTH="575" HEIGHT="30">
							<String ID="string_0" HPOS="169" VPOS="142" WIDTH="27" HEIGHT="22" WC="0.92" CONTENT="12"/><SP WIDTH="158" VPOS="142" HPOS="196"/>
							<String ID="string_1" HPOS="354" VPOS="141" WIDTH="84" HEIGHT="24" WC="0.75" CONTENT="Ständ."/><SP WIDTH="16" VPOS="141" HPOS="438"/>
							<String ID="string_2" HPOS="454" VPOS="142" WIDTH="38" HEIGHT="22" WC="0.85" CONTENT="Sv."/><SP WIDTH="18" VPOS="142" HPOS="492"/>
							<String ID="string_3" HPOS="510" VPOS="154" WIDTH="28" HEIGHT="4" WC="0.92" CONTENT="—"/><SP WIDTH="15" VPOS="154" HPOS="538"/>
							<String ID="string_4" HPOS="553" VPOS="142" WIDTH="76" HEIGHT="29" WC="0.53" CONTENT="Prop."/><SP WIDTH="18" VPOS="142" HPOS="629"/>
							<String ID="string_5" HPOS="647" VPOS="141" WIDTH="43" HEIGHT="21" WC="0.96" CONTENT="N:o"/><SP WIDTH="15" VPOS="141" HPOS="690"/>
							<String ID="string_6" HPOS="705" VPOS="141" WIDTH="39" HEIGHT="22" WC="0.96" CONTENT="42."/>
						</TextLine>
					</TextBlock>
				</ComposedBlock>
				<ComposedBlock ID="cblock_1" HPOS="168" VPOS="212" WIDTH="760" HEIGHT="169">
					<TextBlock ID="block_1" HPOS="168" VPOS="212" WIDTH="760" HEIGHT="169">
						<TextLine ID="line_1" HPOS="168" VPOS="212" WIDTH="759" HEIGHT="30">
							<String ID="string_7" HPOS="168" VPOS="213" WIDTH="42" HEIGHT="22" WC="0.87" CONTENT="hos"/><SP WIDTH="27" VPOS="213" HPOS="210"/>
							<String ID="string_8" HPOS="237" VPOS="212" WIDTH="137" HEIGHT="23" WC="0.87" CONTENT="utfärdaren"/><SP WIDTH="24" VPOS="212" HPOS="374"/>
							<String ID="string_9" HPOS="398" VPOS="213" WIDTH="24" HEIGHT="22" WC="0.93" CONTENT="af"/><SP WIDTH="23" VPOS="213" HPOS="422"/>
							<String ID="string_10" HPOS="445" VPOS="213" WIDTH="127" HEIGHT="29" WC="0.96" CONTENT="kupongen"/><SP WIDTH="23" VPOS="213" HPOS="572"/>
							<String ID="string_11" HPOS="595" VPOS="213" WIDTH="85" HEIGHT="22" WC="0.93" CONTENT="medan"/><SP WIDTH="18" VPOS="213" HPOS="680"/>
							<String ID="string_12" HPOS="698" VPOS="213" WIDTH="64" HEIGHT="22" WC="0.96" CONTENT="talan"/><SP WIDTH="19" VPOS="213" HPOS="762"/>
							<String ID="string_13" HPOS="781" VPOS="220" WIDTH="37" HEIGHT="15" WC="0.93" CONTENT="om"/><SP WIDTH="18" VPOS="220" HPOS="818"/>
							<String ID="string_14" HPOS="836" VPOS="213" WIDTH="91" HEIGHT="22" WC="0.96" CONTENT="inlösen"/>
						</TextLine>
						<TextLine ID="line_2" HPOS="169" VPOS="247" WIDTH="759" HEIGHT="30">
							<String ID="string_15" HPOS="169" VPOS="247" WIDTH="65" HEIGHT="22" WC="0.88" CONTENT="deraf"/><SP WIDTH="26" VPOS="247" HPOS="234"/>
							<String ID="string_16" HPOS="260" VPOS="247" WIDTH="106" HEIGHT="29" WC="0.88" CONTENT="lagligen"/><SP WIDTH="26" VPOS="247" HPOS="366"/>
							<String ID="string_17" HPOS="392" VPOS="247" WIDTH="92" HEIGHT="22" WC="0.93" CONTENT="kunnat"/><SP WIDTH="24" VPOS="247" HPOS="484"/>
							<String ID="string_18" HPOS="508" VPOS="251" WIDTH="69" HEIGHT="26" WC="0.92" CONTENT="göras"/><SP WIDTH="27" VPOS="251" HPOS="577"/>
							<String ID="string_19" HPOS="604" VPOS="247" WIDTH="116" HEIGHT="29" WC="0.93" CONTENT="gällande,"/><SP WIDTH="19" VPOS="247" HPOS="720"/>
							<String ID="string_20" HPOS="739" VPOS="255" WIDTH="55" HEIGHT="14" WC="0.92" CONTENT="vare"/><SP WIDTH="21" VPOS="255" HPOS="794"/>
							<String ID="string_21" HPOS="815" VPOS="247" WIDTH="53" HEIGHT="28" WC="0.96" CONTENT="han,"/><SP WIDTH="18" VPOS="247" HPOS="868"/>
							<String ID="string_22" HPOS="886" VPOS="247" WIDTH="42" HEIGHT="22" WC="0.96" CONTENT="der"/>
						</TextLine>
						<TextLine ID="line_3" HPOS="169" VPOS="281" WIDTH="759" HEIGHT="30">
							<String ID="string_23" HPOS="169" VPOS="282" WIDTH="126" HEIGHT="29" WC="0.96" CONTENT="kupongen"/><SP WIDTH="18" VPOS="282" HPOS="295"/>
							<String ID="string_24" HPOS="313" VPOS="282" WIDTH="21" HEIGHT="29" WC="0.96" CONTENT="ej"/><SP WIDTH="22" VPOS="282" HPOS="334"/>
							<String ID="string_25" HPOS="356" VPOS="281" WIDTH="80" HEIGHT="23" WC="0.96" CONTENT="blifvit"/><SP WIDTH="16" VPOS="281" HPOS="436"/>
							<String ID="string_26" HPOS="452" VPOS="282" WIDTH="38" HEIGHT="22" WC="0.93" CONTENT="för"/><SP WIDTH="18" VPOS="282" HPOS="490"/>
							<String ID="string_27" HPOS="508" VPOS="289" WIDTH="88" HEIGHT="15" WC="0.96" CONTENT="annans"/><SP WIDTH="19" VPOS="289" HPOS="596"/>
							<String ID="string_28" HPOS="615" VPOS="282" WIDTH="101" HEIGHT="29" WC="0.96" CONTENT="räkning"/><SP WIDTH="18" VPOS="282" HPOS="716"/>
							<String ID="string_29" HPOS="734" VPOS="282" WIDTH="62" HEIGHT="22" WC="0.96" CONTENT="inom"/><SP WIDTH="18" VPOS="282" HPOS="796"/>
							<String ID="string_30" HPOS="814" VPOS="281" WIDTH="46" HEIGHT="22" WC="0.93" CONTENT="den"/><SP WIDTH="18" VPOS="281" HPOS="860"/>
							<String ID="string_31" HPOS="878" VPOS="289" WIDTH="50" HEIGHT="22" WC="0.92" CONTENT="pre-"/>
						</TextLine>
						<TextLine ID="line_4" HPOS="169" VPOS="315" WIDTH="759" HEIGHT="30">
							<String ID="string_32" HPOS="169" VPOS="316" WIDTH="166" HEIGHT="29" WC="0.91" CONTENT="skriptionstid"/><SP WIDTH="17" VPOS="316" HPOS="335"/>
							<String ID="string_33" HPOS="352" VPOS="317" WIDTH="79" HEIGHT="27" WC="0.92" CONTENT="inlöst,"/><SP WIDTH="18" VPOS="317" HPOS="431"/>
							<String ID="string_34" HPOS="449" VPOS="316" WIDTH="98" HEIGHT="29" WC="0.96" CONTENT="behörig"/><SP WIDTH="19" VPOS="316" HPOS="547"/>
							<String ID="string_35" HPOS="566" VPOS="318" WIDTH="35" HEIGHT="20" WC="0.96" CONTENT="att"/><SP WIDTH="17" VPOS="318" HPOS="601"/>
							<String ID="string_36" HPOS="618" VPOS="317" WIDTH="65" HEIGHT="22" WC="0.96" CONTENT="inom"/><SP WIDTH="17" VPOS="317" HPOS="683"/>
							<String ID="string_37" HPOS="700" VPOS="319" WIDTH="53" HEIGHT="20" WC="0.95" CONTENT="natt"/><SP WIDTH="18" VPOS="319" HPOS="753"/>
							<String ID="string_38" HPOS="771" VPOS="315" WIDTH="44" HEIGHT="23" WC="0.96" CONTENT="och"/><SP WIDTH="18" VPOS="315" HPOS="815"/>
							<String ID="string_39" HPOS="833" VPOS="317" WIDTH="26" HEIGHT="20" WC="0.92" CONTENT="år"/><SP WIDTH="18" VPOS="317" HPOS="859"/>
							<String ID="string_40" HPOS="877" VPOS="315" WIDTH="51" HEIGHT="23" WC="0.91" CONTENT="der-"/>
						</TextLine>
						<TextLine ID="line_5" HPOS="170" VPOS="350" WIDTH="681" HEIGHT="31">
							<String ID="string_41" HPOS="170" VPOS="351" WIDTH="59" HEIGHT="22" WC="0.96" CONTENT="efter"/><SP WIDTH="17" VPOS="351" HPOS="229"/>
							<String ID="string_42" HPOS="246" VPOS="350" WIDTH="44" HEIGHT="23" WC="0.93" CONTENT="hos"/><SP WIDTH="17" VPOS="350" HPOS="290"/>
							<String ID="string_43" HPOS="307" VPOS="351" WIDTH="135" HEIGHT="22" WC="0.92" CONTENT="utfärdaren"/><SP WIDTH="18" VPOS="351" HPOS="442"/>
							<String ID="string_44" HPOS="460" VPOS="351" WIDTH="106" HEIGHT="30" WC="0.93" CONTENT="uppbära"/><SP WIDTH="18" VPOS="351" HPOS="566"/>
							<String ID="string_45" HPOS="584" VPOS="351" WIDTH="138" HEIGHT="29" WC="0.91" CONTENT="kupongens"/><SP WIDTH="19" VPOS="351" HPOS="722"/>
							<String ID="string_46" HPOS="741" VPOS="350" WIDTH="110" HEIGHT="23" WC="0.96" CONTENT="innehåll."/>
						</TextLine>
					</TextBlock>
				</ComposedBlock>
				<ComposedBlock ID="cblock_2" HPOS="518" VPOS="455" WIDTH="71" HEIGHT="26">
					<TextBlock ID="block_2" HPOS="518" VPOS="455" WIDTH="71" HEIGHT="26">
						<TextLine ID="line_6" HPOS="518" VPOS="455" WIDTH="71" HEIGHT="26">
							<String ID="string_47" HPOS="518" VPOS="455" WIDTH="31" HEIGHT="21" WC="0.95" CONTENT="20"/><SP WIDTH="20" VPOS="455" HPOS="549"/>
							<String ID="string_48" HPOS="569" VPOS="455" WIDTH="20" HEIGHT="26" WC="0.94" CONTENT="8."/>
						</TextLine>
					</TextBlock>
				</ComposedBlock>
				<ComposedBlock ID="cblock_3" HPOS="171" VPOS="521" WIDTH="759" HEIGHT="264">
					<TextBlock ID="block_3" HPOS="171" VPOS="521" WIDTH="759" HEIGHT="134">
						<TextLine ID="line_7" HPOS="241" VPOS="521" WIDTH="688" HEIGHT="30">
							<String ID="string_49" HPOS="241" VPOS="521" WIDTH="90" HEIGHT="23" WC="0.96" CONTENT="Genom"/><SP WIDTH="18" VPOS="521" HPOS="331"/>
							<String ID="string_50" HPOS="349" VPOS="522" WIDTH="75" HEIGHT="22" WC="0.96" CONTENT="denna"/><SP WIDTH="18" VPOS="522" HPOS="424"/>
							<String ID="string_51" HPOS="442" VPOS="522" WIDTH="39" HEIGHT="29" WC="0.92" CONTENT="lag"/><SP WIDTH="17" VPOS="522" HPOS="481"/>
							<String ID="string_52" HPOS="498" VPOS="522" WIDTH="132" HEIGHT="29" WC="0.92" CONTENT="upphäfvas"/><SP WIDTH="14" VPOS="522" HPOS="630"/>
							<String ID="string_53" HPOS="644" VPOS="523" WIDTH="31" HEIGHT="21" WC="0.96" CONTENT="68"/><SP WIDTH="13" VPOS="523" HPOS="675"/>
							<String ID="string_54" HPOS="688" VPOS="522" WIDTH="44" HEIGHT="22" WC="0.96" CONTENT="och"/><SP WIDTH="14" VPOS="522" HPOS="732"/>
							<String ID="string_55" HPOS="746" VPOS="523" WIDTH="31" HEIGHT="21" WC="0.96" CONTENT="69"/><SP WIDTH="14" VPOS="523" HPOS="777"/>
							<String ID="string_56" HPOS="791" VPOS="523" WIDTH="28" HEIGHT="26" WC="0.85" CONTENT="$$"/><SP WIDTH="13" VPOS="523" HPOS="819"/>
							<String ID="string_57" HPOS="832" VPOS="522" WIDTH="8" HEIGHT="22" WC="0.93" CONTENT="i"/><SP WIDTH="12" VPOS="522" HPOS="840"/>
							<String ID="string_58" HPOS="852" VPOS="522" WIDTH="77" HEIGHT="22" WC="0.92" CONTENT="vexel-"/>
						</TextLine>
						<TextLine ID="line_8" HPOS="171" VPOS="555" WIDTH="758" HEIGHT="30">
							<String ID="string_59" HPOS="171" VPOS="555" WIDTH="102" HEIGHT="30" WC="0.92" CONTENT="stadgan"/><SP WIDTH="19" VPOS="555" HPOS="273"/>
							<String ID="string_60" HPOS="292" VPOS="557" WIDTH="24" HEIGHT="22" WC="0.96" CONTENT="af"/><SP WIDTH="17" VPOS="557" HPOS="316"/>
							<String ID="string_61" HPOS="333" VPOS="556" WIDTH="45" HEIGHT="22" WC="0.96" CONTENT="den"/><SP WIDTH="20" VPOS="556" HPOS="378"/>
							<String ID="string_62" HPOS="398" VPOS="557" WIDTH="30" HEIGHT="21" WC="0.96" CONTENT="29"/><SP WIDTH="20" VPOS="557" HPOS="428"/>
							<String ID="string_63" HPOS="448" VPOS="557" WIDTH="62" HEIGHT="21" WC="0.96" CONTENT="Mars"/><SP WIDTH="21" VPOS="557" HPOS="510"/>
							<String ID="string_64" HPOS="531" VPOS="557" WIDTH="65" HEIGHT="22" WC="0.96" CONTENT="1858"/><SP WIDTH="20" VPOS="557" HPOS="596"/>
							<String ID="string_65" HPOS="616" VPOS="560" WIDTH="60" HEIGHT="19" WC="0.96" CONTENT="samt"/><SP WIDTH="19" VPOS="560" HPOS="676"/>
							<String ID="string_66" HPOS="695" VPOS="558" WIDTH="30" HEIGHT="21" WC="0.91" CONTENT="31"/><SP WIDTH="16" VPOS="558" HPOS="725"/>
							<String ID="string_67" HPOS="741" VPOS="558" WIDTH="13" HEIGHT="26" WC="0.91" CONTENT="$"/><SP WIDTH="19" VPOS="558" HPOS="754"/>
							<String ID="string_68" HPOS="773" VPOS="557" WIDTH="8" HEIGHT="22" WC="0.93" CONTENT="i"/><SP WIDTH="18" VPOS="557" HPOS="781"/>
							<String ID="string_69" HPOS="799" VPOS="556" WIDTH="130" HEIGHT="23" WC="0.92" CONTENT="förordnin-"/>
						</TextLine>
						<TextLine ID="line_9" HPOS="171" VPOS="591" WIDTH="759" HEIGHT="29">
							<String ID="string_70" HPOS="171" VPOS="599" WIDTH="45" HEIGHT="20" WC="0.96" CONTENT="gen"/><SP WIDTH="19" VPOS="599" HPOS="216"/>
							<String ID="string_71" HPOS="235" VPOS="599" WIDTH="38" HEIGHT="14" WC="0.96" CONTENT="om"/><SP WIDTH="19" VPOS="599" HPOS="273"/>
							<String ID="string_72" HPOS="292" VPOS="591" WIDTH="118" HEIGHT="22" WC="0.90" CONTENT="allmänna"/><SP WIDTH="16" VPOS="591" HPOS="410"/>
							<String ID="string_73" HPOS="426" VPOS="591" WIDTH="206" HEIGHT="29" WC="0.90" CONTENT="upplagsmagasin"/><SP WIDTH="18" VPOS="591" HPOS="632"/>
							<String ID="string_74" HPOS="650" VPOS="591" WIDTH="54" HEIGHT="22" WC="0.96" CONTENT="med"/><SP WIDTH="17" VPOS="591" HPOS="704"/>
							<String ID="string_75" HPOS="721" VPOS="593" WIDTH="48" HEIGHT="20" WC="0.96" CONTENT="rätt"/><SP WIDTH="18" VPOS="593" HPOS="769"/>
							<String ID="string_76" HPOS="787" VPOS="593" WIDTH="36" HEIGHT="20" WC="0.93" CONTENT="att"/><SP WIDTH="14" VPOS="593" HPOS="823"/>
							<String ID="string_77" HPOS="837" VPOS="591" WIDTH="93" HEIGHT="29" WC="0.92" CONTENT="utgifva"/>
						</TextLine>
						<TextLine ID="line_10" HPOS="171" VPOS="625" WIDTH="519" HEIGHT="30">
							<String ID="string_78" HPOS="171" VPOS="628" WIDTH="115" HEIGHT="19" WC="0.92" CONTENT="warrants"/><SP WIDTH="19" VPOS="628" HPOS="286"/>
							<String ID="string_79" HPOS="305" VPOS="625" WIDTH="24" HEIGHT="22" WC="0.96" CONTENT="af"/><SP WIDTH="18" VPOS="625" HPOS="329"/>
							<String ID="string_80" HPOS="347" VPOS="625" WIDTH="43" HEIGHT="22" WC="0.96" CONTENT="den"/><SP WIDTH="20" VPOS="625" HPOS="390"/>
							<String ID="string_81" HPOS="410" VPOS="626" WIDTH="32" HEIGHT="21" WC="0.96" CONTENT="30"/><SP WIDTH="20" VPOS="626" HPOS="442"/>
							<String ID="string_82" HPOS="462" VPOS="625" WIDTH="135" HEIGHT="30" WC="0.96" CONTENT="September"/><SP WIDTH="22" VPOS="625" HPOS="597"/>
							<String ID="string_83" HPOS="619" VPOS="626" WIDTH="71" HEIGHT="21" WC="0.86" CONTENT="1892."/>
						</TextLine>
					</TextBlock>
					<TextBlock ID="block_4" HPOS="171" VPOS="657" WIDTH="759" HEIGHT="128">
						<TextLine ID="line_11" HPOS="240" VPOS="657" WIDTH="690" HEIGHT="32">
							<String ID="string_84" HPOS="240" VPOS="657" WIDTH="36" HEIGHT="24" WC="0.95" CONTENT="Är"/><SP WIDTH="23" VPOS="657" HPOS="276"/>
							<String ID="string_85" HPOS="299" VPOS="667" WIDTH="36" HEIGHT="14" WC="0.92" CONTENT="om"/><SP WIDTH="25" VPOS="667" HPOS="335"/>
							<String ID="string_86" HPOS="360" VPOS="659" WIDTH="107" HEIGHT="22" WC="0.96" CONTENT="dödande"/><SP WIDTH="22" VPOS="659" HPOS="467"/>
							<String ID="string_87" HPOS="489" VPOS="660" WIDTH="23" HEIGHT="22" WC="0.96" CONTENT="af"/><SP WIDTH="23" VPOS="660" HPOS="512"/>
							<String ID="string_88" HPOS="535" VPOS="661" WIDTH="59" HEIGHT="21" WC="0.96" CONTENT="visst"/><SP WIDTH="19" VPOS="661" HPOS="594"/>
							<String ID="string_89" HPOS="613" VPOS="660" WIDTH="50" HEIGHT="29" WC="0.95" CONTENT="slag"/><SP WIDTH="19" VPOS="660" HPOS="663"/>
							<String ID="string_90" HPOS="682" VPOS="661" WIDTH="23" HEIGHT="21" WC="0.93" CONTENT="af"/><SP WIDTH="17" VPOS="661" HPOS="705"/>
							<String ID="string_91" HPOS="722" VPOS="659" WIDTH="119" HEIGHT="23" WC="0.96" CONTENT="urkunder"/><SP WIDTH="18" VPOS="659" HPOS="841"/>
							<String ID="string_92" HPOS="859" VPOS="660" WIDTH="71" HEIGHT="29" WC="0.95" CONTENT="giltig"/>
						</TextLine>
						<TextLine ID="line_12" HPOS="172" VPOS="694" WIDTH="758" HEIGHT="29">
							<String ID="string_93" HPOS="172" VPOS="695" WIDTH="151" HEIGHT="28" WC="0.91" CONTENT="bestämning"/><SP WIDTH="17" VPOS="695" HPOS="323"/>
							<String ID="string_94" HPOS="340" VPOS="694" WIDTH="151" HEIGHT="22" WC="0.92" CONTENT="härförinnan"/><SP WIDTH="18" VPOS="694" HPOS="491"/>
							<String ID="string_95" HPOS="509" VPOS="694" WIDTH="129" HEIGHT="28" WC="0.91" CONTENT="meddelad,"/><SP WIDTH="13" VPOS="694" HPOS="638"/>
							<String ID="string_96" HPOS="651" VPOS="695" WIDTH="43" HEIGHT="22" WC="0.95" CONTENT="och"/><SP WIDTH="18" VPOS="695" HPOS="694"/>
							<String ID="string_97" HPOS="712" VPOS="695" WIDTH="43" HEIGHT="22" WC="0.96" CONTENT="har"/><SP WIDTH="18" VPOS="695" HPOS="755"/>
							<String ID="string_98" HPOS="773" VPOS="694" WIDTH="46" HEIGHT="22" WC="0.93" CONTENT="den"/><SP WIDTH="18" VPOS="694" HPOS="819"/>
							<String ID="string_99" HPOS="837" VPOS="695" WIDTH="20" HEIGHT="28" WC="0.93" CONTENT="ej"/><SP WIDTH="20" VPOS="695" HPOS="857"/>
							<String ID="string_100" HPOS="877" VPOS="694" WIDTH="53" HEIGHT="22" WC="0.91" CONTENT="blif-"/>
						</TextLine>
						<TextLine ID="line_13" HPOS="171" VPOS="728" WIDTH="758" HEIGHT="29">
							<String ID="string_101" HPOS="171" VPOS="729" WIDTH="35" HEIGHT="22" WC="0.92" CONTENT="vit"/><SP WIDTH="26" VPOS="729" HPOS="206"/>
							<String ID="string_102" HPOS="232" VPOS="728" WIDTH="108" HEIGHT="29" WC="0.91" CONTENT="upphäfd"/><SP WIDTH="26" VPOS="728" HPOS="340"/>
							<String ID="string_103" HPOS="366" VPOS="729" WIDTH="75" HEIGHT="28" WC="0.93" CONTENT="enligt"/><SP WIDTH="26" VPOS="729" HPOS="441"/>
							<String ID="string_104" HPOS="467" VPOS="728" WIDTH="63" HEIGHT="23" WC="0.92" CONTENT="hvad"/><SP WIDTH="21" VPOS="728" HPOS="530"/>
							<String ID="string_105" HPOS="551" VPOS="729" WIDTH="8" HEIGHT="21" WC="0.93" CONTENT="i"/><SP WIDTH="22" VPOS="729" HPOS="559"/>
							<String ID="string_106" HPOS="581" VPOS="730" WIDTH="11" HEIGHT="20" WC="0.93" CONTENT="1"/><SP WIDTH="20" VPOS="730" HPOS="592"/>
							<String ID="string_107" HPOS="612" VPOS="737" WIDTH="67" HEIGHT="14" WC="0.93" CONTENT="mom."/><SP WIDTH="20" VPOS="737" HPOS="679"/>
							<String ID="string_108" HPOS="699" VPOS="733" WIDTH="74" HEIGHT="24" WC="0.92" CONTENT="säges,"/><SP WIDTH="18" VPOS="733" HPOS="773"/>
							<String ID="string_109" HPOS="791" VPOS="729" WIDTH="69" HEIGHT="22" WC="0.92" CONTENT="lände"/><SP WIDTH="24" VPOS="729" HPOS="860"/>
							<String ID="string_110" HPOS="884" VPOS="728" WIDTH="45" HEIGHT="22" WC="0.96" CONTENT="den"/>
						</TextLine>
						<TextLine ID="line_14" HPOS="172" VPOS="763" WIDTH="516" HEIGHT="22">
							<String ID="string_111" HPOS="172" VPOS="763" WIDTH="121" HEIGHT="22" WC="0.56" CONTENT="föreskrift"/><SP WIDTH="17" VPOS="763" HPOS="293"/>
							<String ID="string_112" HPOS="310" VPOS="763" WIDTH="143" HEIGHT="22" WC="0.96" CONTENT="fortfarande"/><SP WIDTH="19" VPOS="763" HPOS="453"/>
							<String ID="string_113" HPOS="472" VPOS="763" WIDTH="36" HEIGHT="22" WC="0.93" CONTENT="till"/><SP WIDTH="19" VPOS="763" HPOS="508"/>
							<String ID="string_114" HPOS="527" VPOS="763" WIDTH="161" HEIGHT="22" WC="0.92" CONTENT="efterrättelse."/>
						</TextLine>
					</TextBlock>
				</ComposedBlock>
				<ComposedBlock ID="cblock_4" HPOS="257" VPOS="930" WIDTH="590" HEIGHT="93">
					<TextBlock ID="block_5" HPOS="257" VPOS="930" WIDTH="590" HEIGHT="93">
						<TextLine ID="line_15" HPOS="257" VPOS="930" WIDTH="590" HEIGHT="30">
							<String ID="string_115" HPOS="257" VPOS="932" WIDTH="130" HEIGHT="28" WC="0.96" CONTENT="Förordning"/><SP WIDTH="16" VPOS="932" HPOS="387"/>
							<String ID="string_116" HPOS="403" VPOS="930" WIDTH="108" HEIGHT="30" WC="0.96" CONTENT="angående"/><SP WIDTH="16" VPOS="930" HPOS="511"/>
							<String ID="string_117" HPOS="527" VPOS="933" WIDTH="87" HEIGHT="27" WC="0.96" CONTENT="ändring"/><SP WIDTH="16" VPOS="933" HPOS="614"/>
							<String ID="string_118" HPOS="630" VPOS="932" WIDTH="26" HEIGHT="23" WC="0.96" CONTENT="af"/><SP WIDTH="13" VPOS="932" HPOS="656"/>
							<String ID="string_119" HPOS="669" VPOS="934" WIDTH="28" HEIGHT="24" WC="0.96" CONTENT="88"/><SP WIDTH="15" VPOS="934" HPOS="697"/>
							<String ID="string_120" HPOS="712" VPOS="933" WIDTH="31" HEIGHT="22" WC="0.95" CONTENT="28"/><SP WIDTH="17" VPOS="933" HPOS="743"/>
							<String ID="string_121" HPOS="760" VPOS="932" WIDTH="39" HEIGHT="23" WC="0.95" CONTENT="och"/><SP WIDTH="17" VPOS="932" HPOS="799"/>
							<String ID="string_122" HPOS="816" VPOS="931" WIDTH="31" HEIGHT="22" WC="0.96" CONTENT="30"/>
						</TextLine>
						<TextLine ID="line_16" HPOS="275" VPOS="966" WIDTH="555" HEIGHT="29">
							<String ID="string_123" HPOS="275" VPOS="967" WIDTH="5" HEIGHT="21" WC="0.94" CONTENT="i"/><SP WIDTH="15" VPOS="967" HPOS="280"/>
							<String ID="string_124" HPOS="295" VPOS="966" WIDTH="149" HEIGHT="28" WC="0.95" CONTENT="förordningen"/><SP WIDTH="16" VPOS="966" HPOS="444"/>
							<String ID="string_125" HPOS="460" VPOS="972" WIDTH="33" HEIGHT="17" WC="0.93" CONTENT="om"/><SP WIDTH="18" VPOS="972" HPOS="493"/>
							<String ID="string_126" HPOS="511" VPOS="966" WIDTH="118" HEIGHT="29" WC="0.91" CONTENT="inteckning"/><SP WIDTH="17" VPOS="966" HPOS="629"/>
							<String ID="string_127" HPOS="646" VPOS="967" WIDTH="4" HEIGHT="22" WC="0.96" CONTENT="i"/><SP WIDTH="16" VPOS="967" HPOS="650"/>
							<String ID="string_128" HPOS="666" VPOS="967" WIDTH="47" HEIGHT="22" WC="0.96" CONTENT="fast"/><SP WIDTH="15" VPOS="967" HPOS="713"/>
							<String ID="string_129" HPOS="728" VPOS="966" WIDTH="102" HEIGHT="28" WC="0.96" CONTENT="egendom"/>
						</TextLine>
						<TextLine ID="line_17" HPOS="394" VPOS="1001" WIDTH="320" HEIGHT="22">
							<String ID="string_130" HPOS="394" VPOS="1001" WIDTH="26" HEIGHT="22" WC="0.96" CONTENT="af"/><SP WIDTH="13" VPOS="1001" HPOS="420"/>
							<String ID="string_131" HPOS="433" VPOS="1001" WIDTH="39" HEIGHT="22" WC="0.96" CONTENT="den"/><SP WIDTH="15" VPOS="1001" HPOS="472"/>
							<String ID="string_132" HPOS="487" VPOS="1001" WIDTH="15" HEIGHT="22" WC="0.96" CONTENT="9"/><SP WIDTH="16" VPOS="1001" HPOS="502"/>
							<String ID="string_133" HPOS="518" VPOS="1001" WIDTH="118" HEIGHT="22" WC="0.95" CONTENT="November"/><SP WIDTH="14" VPOS="1001" HPOS="636"/>
							<String ID="string_134" HPOS="650" VPOS="1001" WIDTH="64" HEIGHT="22" WC="0.96" CONTENT="1868."/>
						</TextLine>
					</TextBlock>
				</ComposedBlock>
				<ComposedBlock ID="cblock_5" HPOS="173" VPOS="1071" WIDTH="760" HEIGHT="169">
					<TextBlock ID="block_6" HPOS="173" VPOS="1071" WIDTH="760" HEIGHT="169">
						<TextLine ID="line_18" HPOS="241" VPOS="1071" WIDTH="691" HEIGHT="30">
							<String ID="string_135" HPOS="241" VPOS="1073" WIDTH="147" HEIGHT="28" WC="0.92" CONTENT="Härigenom"/><SP WIDTH="18" VPOS="1073" HPOS="388"/>
							<String ID="string_136" HPOS="406" VPOS="1072" WIDTH="94" HEIGHT="29" WC="0.93" CONTENT="stadgas"/><SP WIDTH="20" VPOS="1072" HPOS="500"/>
							<String ID="string_137" HPOS="520" VPOS="1074" WIDTH="35" HEIGHT="20" WC="0.96" CONTENT="att"/><SP WIDTH="19" VPOS="1074" HPOS="555"/>
							<String ID="string_138" HPOS="574" VPOS="1073" WIDTH="32" HEIGHT="20" WC="0.96" CONTENT="28"/><SP WIDTH="19" VPOS="1073" HPOS="606"/>
							<String ID="string_139" HPOS="625" VPOS="1072" WIDTH="43" HEIGHT="22" WC="0.96" CONTENT="och"/><SP WIDTH="20" VPOS="1072" HPOS="668"/>
							<String ID="string_140" HPOS="688" VPOS="1073" WIDTH="31" HEIGHT="21" WC="0.96" CONTENT="30"/><SP WIDTH="21" VPOS="1073" HPOS="719"/>
							<String ID="string_141" HPOS="740" VPOS="1073" WIDTH="28" HEIGHT="26" WC="0.94" CONTENT="$$"/><SP WIDTH="13" VPOS="1073" HPOS="768"/>
							<String ID="string_142" HPOS="781" VPOS="1072" WIDTH="8" HEIGHT="21" WC="0.92" CONTENT="i"/><SP WIDTH="12" VPOS="1072" HPOS="789"/>
							<String ID="string_143" HPOS="801" VPOS="1071" WIDTH="131" HEIGHT="22" WC="0.92" CONTENT="förordnin-"/>
						</TextLine>
						<TextLine ID="line_19" HPOS="173" VPOS="1106" WIDTH="759" HEIGHT="29">
							<String ID="string_144" HPOS="173" VPOS="1115" WIDTH="45" HEIGHT="20" WC="0.96" CONTENT="gen"/><SP WIDTH="19" VPOS="1115" HPOS="218"/>
							<String ID="string_145" HPOS="237" VPOS="1114" WIDTH="39" HEIGHT="15" WC="0.92" CONTENT="om"/><SP WIDTH="17" VPOS="1114" HPOS="276"/>
							<String ID="string_146" HPOS="293" VPOS="1107" WIDTH="138" HEIGHT="28" WC="0.92" CONTENT="inteckning"/><SP WIDTH="18" VPOS="1107" HPOS="431"/>
							<String ID="string_147" HPOS="449" VPOS="1107" WIDTH="9" HEIGHT="21" WC="0.97" CONTENT="i"/><SP WIDTH="17" VPOS="1107" HPOS="458"/>
							<String ID="string_148" HPOS="475" VPOS="1107" WIDTH="47" HEIGHT="21" WC="0.96" CONTENT="fast"/><SP WIDTH="17" VPOS="1107" HPOS="522"/>
							<String ID="string_149" HPOS="539" VPOS="1107" WIDTH="113" HEIGHT="28" WC="0.96" CONTENT="egendom"/><SP WIDTH="20" VPOS="1107" HPOS="652"/>
							<String ID="string_150" HPOS="672" VPOS="1107" WIDTH="23" HEIGHT="22" WC="0.96" CONTENT="af"/><SP WIDTH="19" VPOS="1107" HPOS="695"/>
							<String ID="string_151" HPOS="714" VPOS="1107" WIDTH="45" HEIGHT="21" WC="0.97" CONTENT="den"/><SP WIDTH="14" VPOS="1107" HPOS="759"/>
							<String ID="string_152" HPOS="773" VPOS="1107" WIDTH="13" HEIGHT="21" WC="0.96" CONTENT="9"/><SP WIDTH="13" VPOS="1107" HPOS="786"/>
							<String ID="string_153" HPOS="799" VPOS="1106" WIDTH="133" HEIGHT="22" WC="0.95" CONTENT="November"/>
						</TextLine>
						<TextLine ID="line_20" HPOS="176" VPOS="1140" WIDTH="756" HEIGHT="30">
							<String ID="string_154" HPOS="176" VPOS="1141" WIDTH="73" HEIGHT="28" WC="0.93" CONTENT="1868,"/><SP WIDTH="20" VPOS="1141" HPOS="249"/>
							<String ID="string_155" HPOS="269" VPOS="1141" WIDTH="128" HEIGHT="22" WC="0.91" CONTENT="sistnämda"/><SP WIDTH="22" VPOS="1141" HPOS="397"/>
							<String ID="string_156" HPOS="419" VPOS="1141" WIDTH="90" HEIGHT="29" WC="0.91" CONTENT="lagrum"/><SP WIDTH="19" VPOS="1141" HPOS="509"/>
							<String ID="string_157" HPOS="528" VPOS="1141" WIDTH="84" HEIGHT="22" WC="0.91" CONTENT="sädant"/><SP WIDTH="18" VPOS="1141" HPOS="612"/>
							<String ID="string_158" HPOS="630" VPOS="1141" WIDTH="129" HEIGHT="23" WC="0.92" CONTENT="detsamma"/><SP WIDTH="17" VPOS="1141" HPOS="759"/>
							<String ID="string_159" HPOS="776" VPOS="1140" WIDTH="67" HEIGHT="30" WC="0.92" CONTENT="lyder"/><SP WIDTH="18" VPOS="1140" HPOS="843"/>
							<String ID="string_160" HPOS="861" VPOS="1140" WIDTH="8" HEIGHT="22" WC="0.93" CONTENT="i"/><SP WIDTH="17" VPOS="1140" HPOS="869"/>
							<String ID="string_161" HPOS="886" VPOS="1140" WIDTH="46" HEIGHT="22" WC="0.93" CONTENT="för-"/>
						</TextLine>
						<TextLine ID="line_21" HPOS="174" VPOS="1174" WIDTH="759" HEIGHT="30">
							<String ID="string_162" HPOS="174" VPOS="1176" WIDTH="131" HEIGHT="28" WC="0.92" CONTENT="ordningen"/><SP WIDTH="19" VPOS="1176" HPOS="305"/>
							<String ID="string_163" HPOS="324" VPOS="1176" WIDTH="23" HEIGHT="22" WC="0.96" CONTENT="af"/><SP WIDTH="19" VPOS="1176" HPOS="347"/>
							<String ID="string_164" HPOS="366" VPOS="1176" WIDTH="44" HEIGHT="22" WC="0.96" CONTENT="den"/><SP WIDTH="20" VPOS="1176" HPOS="410"/>
							<String ID="string_165" HPOS="430" VPOS="1176" WIDTH="14" HEIGHT="21" WC="0.96" CONTENT="3"/><SP WIDTH="19" VPOS="1176" HPOS="444"/>
							<String ID="string_166" HPOS="463" VPOS="1176" WIDTH="128" HEIGHT="22" WC="0.96" CONTENT="December"/><SP WIDTH="17" VPOS="1176" HPOS="591"/>
							<String ID="string_167" HPOS="608" VPOS="1176" WIDTH="72" HEIGHT="28" WC="0.95" CONTENT="1895,"/><SP WIDTH="20" VPOS="1176" HPOS="680"/>
							<String ID="string_168" HPOS="700" VPOS="1176" WIDTH="65" HEIGHT="22" WC="0.93" CONTENT="skola"/><SP WIDTH="18" VPOS="1176" HPOS="765"/>
							<String ID="string_169" HPOS="783" VPOS="1174" WIDTH="88" HEIGHT="24" WC="0.92" CONTENT="erhälla"/><SP WIDTH="18" VPOS="1174" HPOS="871"/>
							<String ID="string_170" HPOS="889" VPOS="1175" WIDTH="44" HEIGHT="22" WC="0.92" CONTENT="föl-"/>
						</TextLine>
						<TextLine ID="line_22" HPOS="174" VPOS="1210" WIDTH="346" HEIGHT="30">
							<String ID="string_171" HPOS="174" VPOS="1210" WIDTH="71" HEIGHT="30" WC="0.91" CONTENT="jande"/><SP WIDTH="20" VPOS="1210" HPOS="245"/>
							<String ID="string_172" HPOS="265" VPOS="1210" WIDTH="139" HEIGHT="23" WC="0.92" CONTENT="förändrade"/><SP WIDTH="18" VPOS="1210" HPOS="404"/>
							<String ID="string_173" HPOS="422" VPOS="1210" WIDTH="98" HEIGHT="29" WC="0.92" CONTENT="lydelse:"/>
						</TextLine>
					</TextBlock>
				</ComposedBlock>
				<ComposedBlock ID="cblock_6" HPOS="243" VPOS="1318" WIDTH="689" HEIGHT="97">
					<TextBlock ID="block_7" HPOS="243" VPOS="1318" WIDTH="689" HEIGHT="97">
						<TextLine ID="line_23" HPOS="520" VPOS="1318" WIDTH="71" HEIGHT="26">
							<String ID="string_174" HPOS="520" VPOS="1318" WIDTH="13" HEIGHT="26" WC="0.76" CONTENT="8"/><SP WIDTH="19" VPOS="1318" HPOS="533"/>
							<String ID="string_175" HPOS="552" VPOS="1318" WIDTH="39" HEIGHT="20" WC="0.92" CONTENT="28."/>
						</TextLine>
						<TextLine ID="line_24" HPOS="243" VPOS="1383" WIDTH="689" HEIGHT="32">
							<String ID="string_176" HPOS="243" VPOS="1387" WIDTH="38" HEIGHT="22" WC="0.96" CONTENT="Då"/><SP WIDTH="21" VPOS="1387" HPOS="281"/>
							<String ID="string_177" HPOS="302" VPOS="1386" WIDTH="138" HEIGHT="29" WC="0.96" CONTENT="inteckning"/><SP WIDTH="19" VPOS="1386" HPOS="440"/>
							<String ID="string_178" HPOS="459" VPOS="1386" WIDTH="59" HEIGHT="22" WC="0.93" CONTENT="skal"/><SP WIDTH="18" VPOS="1386" HPOS="518"/>
							<String ID="string_179" HPOS="536" VPOS="1386" WIDTH="100" HEIGHT="28" WC="0.93" CONTENT="förnyas,"/><SP WIDTH="19" VPOS="1386" HPOS="636"/>
							<String ID="string_180" HPOS="655" VPOS="1384" WIDTH="98" HEIGHT="30" WC="0.90" CONTENT="uppvise"/><SP WIDTH="19" VPOS="1384" HPOS="753"/>
							<String ID="string_181" HPOS="772" VPOS="1383" WIDTH="160" HEIGHT="29" WC="0.51" CONTENT="intecknings-"/>
						</TextLine>
					</TextBlock>
				</ComposedBlock>
				<ComposedBlock ID="cblock_7" HPOS="173" VPOS="1417" WIDTH="759" HEIGHT="67">
					<TextBlock ID="block_8" HPOS="173" VPOS="1417" WIDTH="759" HEIGHT="67">
						<TextLine ID="line_25" HPOS="173" VPOS="1417" WIDTH="759" HEIGHT="30">
							<String ID="string_182" HPOS="173" VPOS="1421" WIDTH="115" HEIGHT="22" WC="0.91" CONTENT="hafvaren"/><SP WIDTH="18" VPOS="1421" HPOS="288"/>
							<String ID="string_183" HPOS="306" VPOS="1421" WIDTH="61" HEIGHT="21" WC="0.96" CONTENT="inför"/><SP WIDTH="18" VPOS="1421" HPOS="367"/>
							<String ID="string_184" HPOS="385" VPOS="1423" WIDTH="77" HEIGHT="19" WC="0.96" CONTENT="rätten"/><SP WIDTH="12" VPOS="1423" HPOS="462"/>
							<String ID="string_185" HPOS="474" VPOS="1421" WIDTH="8" HEIGHT="21" WC="0.93" CONTENT="i"/><SP WIDTH="12" VPOS="1421" HPOS="482"/>
							<String ID="string_186" HPOS="494" VPOS="1419" WIDTH="162" HEIGHT="23" WC="0.91" CONTENT="hufvudskrift"/><SP WIDTH="13" VPOS="1419" HPOS="656"/>
							<String ID="string_187" HPOS="669" VPOS="1419" WIDTH="45" HEIGHT="22" WC="0.96" CONTENT="den"/><SP WIDTH="13" VPOS="1419" HPOS="714"/>
							<String ID="string_188" HPOS="727" VPOS="1418" WIDTH="122" HEIGHT="29" WC="0.93" CONTENT="handling,"/><SP WIDTH="10" VPOS="1418" HPOS="849"/>
							<String ID="string_189" HPOS="859" VPOS="1417" WIDTH="73" HEIGHT="23" WC="0.91" CONTENT="hvarå"/>
						</TextLine>
						<TextLine ID="line_26" HPOS="174" VPOS="1452" WIDTH="758" HEIGHT="32">
							<String ID="string_190" HPOS="174" VPOS="1456" WIDTH="170" HEIGHT="28" WC="0.92" CONTENT="inteckningen"/><SP WIDTH="12" VPOS="1456" HPOS="344"/>
							<String ID="string_191" HPOS="356" VPOS="1459" WIDTH="26" HEIGHT="18" WC="0.96" CONTENT="är"/><SP WIDTH="11" VPOS="1459" HPOS="382"/>
							<String ID="string_192" HPOS="393" VPOS="1454" WIDTH="109" HEIGHT="30" WC="0.96" CONTENT="beviljad,"/><SP WIDTH="14" VPOS="1454" HPOS="502"/>
							<String ID="string_193" HPOS="516" VPOS="1454" WIDTH="62" HEIGHT="28" WC="0.96" CONTENT="eller,"/><SP WIDTH="13" VPOS="1454" HPOS="578"/>
							<String ID="string_194" HPOS="591" VPOS="1462" WIDTH="37" HEIGHT="14" WC="0.96" CONTENT="om"/><SP WIDTH="13" VPOS="1462" HPOS="628"/>
							<String ID="string_195" HPOS="641" VPOS="1453" WIDTH="146" HEIGHT="29" WC="0.93" CONTENT="handlingen"/><SP WIDTH="12" VPOS="1453" HPOS="787"/>
							<String ID="string_196" HPOS="799" VPOS="1452" WIDTH="133" HEIGHT="23" WC="0.92" CONTENT="förkommit"/>
						</TextLine>
					</TextBlock>
				</ComposedBlock>
			</PrintSpace>
		</Page>
	</Layout>
</alto>
