1061 1631
213 140 28 20 20
440 138 22 22 U.
479 138 23 22 B.
518 150 29 3 —
563 138 64 28 Prop.
644 138 37 22 N:o
697 138 39 22 30.

214 203 14 22 å
251 203 58 22 våra
328 203 136 23 statsbanor
484 205 26 20 är
525 203 45 22 den
586 203 72 29 något
674 203 107 29 billigare
799 203 166 29 anläggnings-

213 239 135 22 kostnaden
370 239 37 22 för
431 239 69 22 dessa
523 239 156 29 smalspåriga
701 239 79 27 banor,
800 239 91 22 hvilket
908 240 8 21 i
935 239 30 22 all

214 274 130 29 synnerhet
367 275 42 22 bör
432 274 162 23 eftersträfvas
618 275 73 22 sedan
712 275 254 29 bananläggningarna

214 310 43 23 hos
283 317 37 16 oss
344 311 26 22 så
394 311 68 28 stigit
477 311 8 22 i
500 311 48 29 pris
572 317 50 16 som
646 311 31 29 på
701 311 93 22 senaste
816 311 61 22 tider
895 311 69 22 skett.

213 346 54 23 Men
289 346 75 29 enligt
386 346 134 23 Utskottets
539 347 98 28 mening
656 347 71 22 borde
747 347 66 22 såväl
830 346 35 23 för
880 346 85 29 ifråga-

214 382 105 23 varande
340 389 50 16 som
409 382 36 23 för
464 382 75 29 öfriga
555 382 36 23 till
607 382 124 23 utförande
746 382 135 29 föreslagna
896 382 69 23 smal-

215 418 97 29 spåriga
325 419 131 28 järnvägar
471 418 76 29 väljas
563 425 29 16 en
609 417 111 30 spårvidd
736 418 53 22 icke
806 418 24 22 af
848 422 46 23 1,00,
908 419 58 21 utan

215 453 24 23 af
259 457 42 24 0,76
321 455 79 21 meter.
433 453 81 30 Steget
532 453 71 23 borde
618 455 70 28 tagas
704 454 54 23 fullt
773 455 34 26 ut,
823 455 25 28 ty
865 454 100 22 erfaren-

216 489 73 23 heten
307 489 44 23 har
368 490 36 22 till
424 489 57 23 fullo
498 489 134 30 ådagalagt,
650 491 34 21 att
703 490 78 22 denna
801 489 118 30 spårvidd,
936 489 30 23 då

215 532 30 15 en
274 525 159 30 farhastighet
458 525 94 23 utöfver
575 529 28 19 35
628 526 124 22 kilometer
767 526 9 22 i
791 527 100 21 timmen
913 525 53 23 icke

215 561 130 29 påfordras,
366 561 55 23 med
440 561 110 23 afseende
567 561 14 23 å
596 561 183 29 trafikförmåga
798 564 25 20 är
839 561 127 29 tillräcklig

215 597 36 22 för
268 597 200 27 sekundärbanor,
486 597 122 29 samtidigt
628 604 50 16 som
695 604 28 15 en
739 597 64 22 bana
819 597 55 22 med
889 597 77 22 denna

215 633 114 28 spårvidd
345 633 45 22 blir
407 633 148 22 beträffande
569 633 45 22 den
626 633 86 29 rörliga
723 633 150 22 materielens
884 633 81 22 anord-

214 669 61 28 ning
286 668 54 23 fullt
355 669 104 28 lämplig.

288 704 136 23 Kostnaden
443 704 36 22 för
498 711 28 16 en
546 704 61 23 bana
626 704 52 23 från
695 704 120 29 Seinäjoki
831 705 35 22 till
885 704 80 23 Kristi-

214 740 93 28 nestad,
326 740 70 23 hvars
412 740 80 29 längd,
508 741 114 22 inclusive
638 739 135 30 hamnspär,
790 742 26 21 är
833 743 69 24 112,4
917 740 49 27 km,

214 775 74 24 hafva
316 776 120 23 Utskottets
452 776 111 23 tekniska
580 776 161 27 medlemmar,
757 775 75 23 under
847 776 119 23 förutsätt-

215 813 60 28 ning
299 812 25 23 af
344 816 40 23 0,75
401 813 85 21 meters
503 811 117 30 spårvidd,
638 812 54 23 med
706 811 166 24 bibehållande
886 811 24 23 af
921 811 45 23 den

214 848 37 22 för
275 848 48 22 lika
343 849 48 21 stor
411 847 71 24 trafik
499 855 50 15 som
565 848 14 22 å
594 848 65 22 Vasa
674 848 80 22 banan
770 847 134 23 beräknade
920 849 46 21 rör-

214 884 51 29 liga
293 884 135 22 materielen
455 883 43 23 och
522 883 28 23 de
574 883 62 30 höga
655 883 136 30 arbetspris,
813 883 81 23 hvilka
912 884 8 21 i
938 883 28 22 de

214 919 171 30 ursprungliga
403 913 234 35 kostnadsförslagen
656 920 99 28 intagits
775 919 43 22 och
837 919 129 27 förutsatts,

216 955 135 29 kalkylerat
375 955 35 23 till
426 955 69 29 högst
515 959 117 23 8,000,000
648 955 75 23 mark.

289 991 79 23 Jämte
388 991 39 23 det
441 991 122 23 Utskottet
578 991 36 22 för
630 992 36 21 sin
682 991 38 22 del
736 991 79 22 funnit
831 991 135 22 användan-

217 1027 40 22 det
275 1027 24 22 af
315 1027 71 22 smalt
396 1027 54 29 spär
461 1033 57 16 vara
529 1027 54 22 med
594 1027 110 22 afseende
716 1027 14 22 ä
742 1033 32 16 nu
785 1026 182 29 ifrägavarande

217 1063 106 23 trakters
350 1063 71 22 behof
443 1063 214 29 tillfyllesgörande,
681 1063 43 22 har
747 1063 121 22 Utskottet
891 1063 76 22 tillika

216 1100 80 21 ansett
315 1100 43 28 sig,
375 1099 35 22 för
426 1099 39 22 det
480 1099 42 22 fall
539 1100 34 21 att
589 1099 147 29 Regeringen
752 1098 53 23 icke
821 1098 54 23 ville
891 1098 35 23 för
938 1105 29 16 en

215 1135 66 23 bana
297 1135 305 29 Seinäjoki—Kristinestad
618 1134 128 30 godkänna
758 1134 64 23 detta
834 1134 133 30 byggnads-

216 1172 99 28 system,
339 1171 55 22 böra
418 1170 135 23 alternativt
576 1170 84 23 föreslä
684 1170 125 23 utförande
831 1170 24 22 af
876 1177 91 15 samma

215 1206 66 23 bana
298 1207 53 22 med
366 1206 90 23 normal
473 1206 118 29 spårvidd.
622 1206 10 22 I
648 1206 65 22 detta
729 1206 42 22 fall
787 1206 76 22 skulle
879 1206 35 22 för
924 1206 42 22 lin-

213 1244 45 28 jen
282 1242 57 23 böra
356 1242 118 23 beräknas
493 1249 29 15 en
541 1242 160 22 totalkostnad
717 1242 26 22 af
759 1246 117 22 9,900,000
892 1242 74 22 mark.

291 1278 33 23 Pä
340 1278 77 29 grund
433 1278 25 22 af
468 1278 70 22 ofvan
550 1278 98 22 anförda
659 1278 53 22 skäl
723 1277 38 23 fär
771 1278 119 22 Utskottet
901 1277 66 23 vörd-

216 1315 66 21 samt
297 1314 85 22 föreslä
398 1315 34 21 att
449 1314 132 22 Ständerna
596 1314 54 22 ville
666 1314 100 22 besluta:

505 1352 30 19 att
559 1357 26 14 en
604 1350 100 28 järnväg
721 1350 56 27 från
795 1349 113 29 Seinäjoki
924 1351 43 20 sta-

433 1386 46 22 tion
495 1386 34 21 till
544 1386 154 21 Kristinestad
714 1385 68 28 enligt
792 1385 36 27 för
839 1386 129 21 densamma

434 1422 25 20 är
483 1421 58 21 1899
565 1422 133 27 uppgången
715 1420 131 29 sträckning
861 1421 57 21 skall
933 1423 35 19 ut-

291 1470 184 22 Järnvägsutskottets
487 1469 110 18 betänkande
609 1469 34 18 N:o
657 1470 15 17 1.
