1061 1631
202 125 29 20 28
378 123 28 23 U.
420 124 26 22 B.
464 137 28 3 —
507 124 73 29 Prop.
596 124 45 24 N:o
656 124 29 24 37

173 186 54 26 ning
242 185 9 22 i
265 185 65 28 fisket
343 187 76 26 göras,
435 187 32 20 än
482 186 59 22 hvad
550 185 74 29 angår
635 187 95 22 allmänt
739 187 119 27 förbjuden
867 187 63 28 fiske-

173 221 109 28 redskaps
296 222 155 22 användande.

245 255 46 22 Till
312 256 70 22 slutet
396 259 82 19 vatten
492 257 36 22 fär
543 257 20 29 ej
581 260 57 19 utan
654 265 94 21 egarens
765 258 119 29 samtycke
901 258 29 21 le-

174 291 40 22 das
239 291 103 30 fiskväg;
358 294 38 21 och
416 294 58 22 skall
489 295 90 26 öppnad
594 294 73 23 sädan
684 294 73 21 under
772 293 72 23 minst
859 294 31 21 tio
907 296 25 19 är

173 327 154 27 underhällas,
349 330 25 20 sä
397 329 70 21 framt
483 329 50 22 icke
550 329 74 22 öfver-
642 330 44 21 och
701 329 176 29 underbyggare
894 337 37 14 om

174 363 52 22 dess
241 363 161 30 nedläggande
418 365 149 21 derförinnan
582 373 61 14 enas.

244 400 69 23 Hvad
335 401 45 22 här
394 401 93 28 stadgas
496 402 57 27 gälle
567 402 21 27 ej
602 403 79 24 vatten,
698 408 47 16 som
761 403 79 21 endast
853 409 78 21 genom

174 436 158 28 dambyggnad
347 439 29 20 är
390 437 93 27 afskildt
497 437 56 28 från
568 444 92 16 annans
673 439 79 21 vatten.

421 487 27 19 16
464 484 14 29 8
494 485 33 27 (se
544 492 63 21 prop.
624 485 14 28 $
655 486 43 26 15.)

246 526 154 21 Innehafvare
419 526 24 22 af
458 526 106 22 fiskerätt
580 527 43 21 och
639 527 57 21 hans
713 526 156 29 medhjälpare
888 533 42 22 ego

175 560 36 22 för
226 561 202 29 fiskeredskapens
444 562 138 26 utsättande,
598 562 149 29 upptagande
763 562 44 21 och
818 561 113 29 vittjande

175 597 96 22 beträda
287 605 86 14 annans
390 598 79 21 strand
484 600 64 19 utom
563 600 65 24 tomt,
640 598 109 29 trädgärd
765 600 51 21 eller
827 599 107 22 badställe

176 636 59 19 samt
256 633 88 28 jämväl
364 634 118 29 upplägga
496 634 130 29 redskapen
641 634 35 21 till
692 633 109 30 torkning
818 636 13 19 å
847 634 85 25 strand,

176 669 40 21 der
239 669 78 28 dylikt
332 669 99 26 område,
450 671 161 28 upplagsplats,
625 671 61 28 park
704 670 56 21 eller
777 670 83 21 odlade
878 677 56 22 egor

176 704 51 22 icke
243 704 108 27 tillstöta;
373 705 59 22 dock
447 705 128 22 tillkomme
591 706 166 28 strandegaren
772 706 24 21 af
811 706 45 21 den
872 706 60 21 förre

176 740 43 22 full
235 741 128 29 ersättning
379 741 58 22 efter
452 741 167 29 uppskattning
635 742 36 21 för
684 742 30 21 all
725 741 134 30 derigenom
870 741 63 22 liden

176 776 73 22 skada
265 784 44 15 och
324 777 128 29 olägenhet.

249 813 152 29 Strandegare
424 821 54 14 vare
498 814 44 21 ock
565 813 93 30 skyldig
682 816 33 19 att
738 816 47 19 mot
807 813 126 29 ersättning

177 848 120 29 medpgifva
309 849 276 22 'fiskerättsinnehafvare
604 853 45 25 väg
668 849 35 22 till
720 849 157 27 fiskevattnet,
894 849 40 22 der

177 884 76 22 denne
278 885 67 28 eljest
368 885 50 22 icke
442 887 119 27 lämpligen
579 886 46 21 kan
640 885 93 22 komma
749 885 35 22 till
800 885 132 22 detsamma.

419 935 25 20 17
461 933 14 29 &
491 934 34 28 (se
540 941 64 22 prop.
620 933 14 29 $
651 935 44 26 16.)

250 975 120 22 Anträffas
393 977 77 27 någon
493 977 13 20 å
521 975 41 22 bar
577 975 98 29 gärning
692 975 40 22 vid
748 975 60 22 fiske
824 975 8 21 i
847 977 85 24 vatten,

178 1012 122 26 (uteslutn).
317 1011 48 22 deri
376 1012 45 21 han
432 1011 20 29 ej
465 1019 54 21 eger
529 1012 46 21 rätt
582 1013 33 21 till
626 1011 71 22 sådan
707 1011 86 29 fångst,
805 1013 38 20 mä
851 1019 84 20 egaren

178 1046 56 22 eller
249 1046 167 23 innehafvaren
437 1047 24 22 af
480 1047 136 22 fiskerätten
632 1047 56 22 eller
703 1047 58 22 hans
777 1047 157 22 fiskevårdare

178 1082 56 22 eller
249 1083 52 22 folk
321 1083 23 22 af
366 1083 45 22 den
426 1083 106 22 fiskande
548 1085 54 27 taga
617 1083 46 26 båt,
680 1083 99 28 redskap
795 1083 55 21 eller
865 1085 72 19 annat

178 1117 36 22 till
229 1119 131 21 vedermäle
377 1120 120 27 (uteslutn.)
514 1119 43 22 och
572 1119 91 22 behålla
679 1119 44 25 det,
740 1116 35 24 till
792 1118 52 22 dess
861 1118 74 22 denne

179 1156 45 20 rätt
244 1154 38 22 för
297 1154 36 30 sig
347 1154 89 30 bjuder.
468 1155 58 22 Sker
541 1155 82 22 sådant
638 1155 60 21 fiske
714 1154 7 22 i
738 1157 85 23 vatten,
840 1155 95 21 hvarom

179 1190 8 22 i
205 1192 27 20 18
249 1190 53 29 kap.
319 1194 59 25 sägs,
395 1190 127 23 tillkomme
538 1198 88 16 samma
642 1193 45 21 rätt
702 1192 65 27 äfven
783 1190 153 29 polistjenste-

179 1233 60 15 man.

421 1265 26 19 18
463 1262 14 29 &
493 1264 33 27 (se
541 1270 64 22 prop.
622 1262 14 30 8
654 1264 43 27 17.)

252 1299 35 27 Är
310 1304 158 29 fiskeredskap
486 1304 116 29 olagligen
618 1304 81 29 utlagd
714 1304 8 22 i
738 1304 132 28 kungsädra
885 1303 51 24 eller

180 1346 79 16 annan
274 1340 91 26 fiskled,
377 1340 76 29 äligge
468 1340 242 29 utmätningsmannen
721 1340 56 22 eller
787 1339 149 23 länsmannen

180 1376 114 28 sjelfmant
316 1377 51 25 eller
389 1378 30 27 på
439 1376 100 29 begäran
555 1376 24 22 af
594 1376 52 25 den,
662 1384 50 14 som
728 1376 59 22 lider
801 1383 60 18 men,
877 1375 60 23 bort-

180 1413 54 27 taga
250 1412 129 29 redskapen
394 1414 30 27 pä
439 1412 45 22 den
500 1411 118 30 skyldiges
634 1412 136 22 bekostnad.

257 1454 211 19 Vattenrättsutskottets
480 1454 117 19 betänkande
609 1453 37 19 N:o
659 1455 17 17 5.
