<?xml version="1.0" encoding="UTF-8"?>
<alto xmlns="http://www.loc.gov/standards/alto/ns-v3#" xmlns:xlink="http://www.w3.org/1999/xlink" xmlns:xsi="http://www.w3.org/2001/XMLSchema-instance" xsi:schemaLocation="http://www.loc.gov/standards/alto/ns-v3# http://www.loc.gov/alto/v3/alto-3-0.xsd">
	<Description>
		<MeasurementUnit>pixel</MeasurementUnit>
		<sourceImageInformation>
			<fileName>/tmp/tess_ycqjp9ra_input.PNG</fileName>
		</sourceImageInformation>
		<OCRProcessing ID="OCR_0">
			<ocrProcessingStep>
				<processingSoftware>
					<softwareName>tesseract 5.3.4</softwareName>
				</processingSoftware>
			</ocrProcessingStep>
		</OCRProcessing>
	</Description>
	<Layout>
		<Page WIDTH="1061" HEIGHT="1631" PHYSICAL_IMG_NR="0" ID="page_0">
			<PrintSpace HPOS="0" VPOS="0" WIDTH="1061" HEIGHT="1631">
				<ComposedBlock ID="cblock_0" HPOS="356" VPOS="110" WIDTH="495" HEIGHT="28">
					<TextBlock ID="block_0" HPOS="356" VPOS="110" WIDTH="495" HEIGHT="28">
						<TextLine ID="line_0" HPOS="356" VPOS="110" WIDTH="495" HEIGHT="28">
							<String ID="string_0" HPOS="356" VPOS="111" WIDTH="26" HEIGHT="22" WC="0.90" CONTENT="U."/><SP WIDTH="16" VPOS="111" HPOS="382"/>
							<String ID="string_1" HPOS="398" VPOS="111" WIDTH="25" HEIGHT="21" WC="0.89" CONTENT="B."/><SP WIDTH="18" VPOS="111" HPOS="423"/>
							<String ID="string_2" HPOS="441" VPOS="123" WIDTH="26" HEIGHT="4" WC="0.91" CONTENT="—"/><SP WIDTH="17" VPOS="123" HPOS="467"/>
							<String ID="string_3" HPOS="484" VPOS="110" WIDTH="73" HEIGHT="28" WC="0.95" CONTENT="Prop."/><SP WIDTH="15" VPOS="110" HPOS="557"/>
							<String ID="string_4" HPOS="572" VPOS="110" WIDTH="43" HEIGHT="22" WC="0.96" CONTENT="N:o"/><SP WIDTH="16" VPOS="110" HPOS="615"/>
							<String ID="string_5" HPOS="631" VPOS="110" WIDTH="30" HEIGHT="22" WC="0.96" CONTENT="39"/><SP WIDTH="162" VPOS="110" HPOS="661"/>
							<String ID="string_6" HPOS="823" VPOS="112" WIDTH="28" HEIGHT="19" WC="0.96" CONTENT="23"/>
						</TextLine>
					</TextBlock>
				</ComposedBlock>
				<ComposedBlock ID="cblock_1" HPOS="199" VPOS="373" WIDTH="682" HEIGHT="154">
					<TextBlock ID="block_1" HPOS="199" VPOS="373" WIDTH="682" HEIGHT="154">
						<TextLine ID="line_1" HPOS="271" VPOS="373" WIDTH="608" HEIGHT="35">
							<String ID="string_7" HPOS="271" VPOS="375" WIDTH="76" HEIGHT="33" WC="0.67" CONTENT="Lag"/><SP WIDTH="23" VPOS="375" HPOS="347"/>
							<String ID="string_8" HPOS="370" VPOS="373" WIDTH="207" HEIGHT="28" WC="0.95" CONTENT="innefattande"/><SP WIDTH="18" VPOS="373" HPOS="577"/>
							<String ID="string_9" HPOS="595" VPOS="373" WIDTH="221" HEIGHT="34" WC="0.95" CONTENT="bestämningar"/><SP WIDTH="17" VPOS="373" HPOS="816"/>
							<String ID="string_10" HPOS="833" VPOS="381" WIDTH="46" HEIGHT="20" WC="0.96" CONTENT="om"/>
						</TextLine>
						<TextLine ID="line_2" HPOS="199" VPOS="413" WIDTH="682" HEIGHT="36">
							<String ID="string_11" HPOS="199" VPOS="416" WIDTH="157" HEIGHT="33" WC="0.93" CONTENT="(uteslutning)"/><SP WIDTH="19" VPOS="416" HPOS="356"/>
							<String ID="string_12" HPOS="375" VPOS="413" WIDTH="166" HEIGHT="30" WC="0.85" CONTENT="räskilnad"/><SP WIDTH="20" VPOS="413" HPOS="541"/>
							<String ID="string_13" HPOS="561" VPOS="416" WIDTH="11" HEIGHT="26" WC="0.96" CONTENT="i"/><SP WIDTH="26" VPOS="416" HPOS="572"/>
							<String ID="string_14" HPOS="598" VPOS="415" WIDTH="101" HEIGHT="28" WC="0.95" CONTENT="vatten"/><SP WIDTH="25" VPOS="415" HPOS="699"/>
							<String ID="string_15" HPOS="724" VPOS="416" WIDTH="157" HEIGHT="33" WC="0.94" CONTENT="(uteslutning)"/>
						</TextLine>
						<TextLine ID="line_3" HPOS="200" VPOS="457" WIDTH="680" HEIGHT="34">
							<String ID="string_16" HPOS="200" VPOS="457" WIDTH="55" HEIGHT="28" WC="0.96" CONTENT="och"/><SP WIDTH="23" VPOS="457" HPOS="255"/>
							<String ID="string_17" HPOS="278" VPOS="464" WIDTH="47" HEIGHT="21" WC="0.96" CONTENT="om"/><SP WIDTH="24" VPOS="464" HPOS="325"/>
							<String ID="string_18" HPOS="349" VPOS="457" WIDTH="91" HEIGHT="28" WC="0.96" CONTENT="skifte"/><SP WIDTH="28" VPOS="457" HPOS="440"/>
							<String ID="string_19" HPOS="468" VPOS="457" WIDTH="32" HEIGHT="27" WC="0.92" CONTENT="af"/><SP WIDTH="23" VPOS="457" HPOS="500"/>
							<String ID="string_20" HPOS="523" VPOS="457" WIDTH="157" HEIGHT="34" WC="0.83" CONTENT="(utes/utning)"/><SP WIDTH="26" VPOS="457" HPOS="680"/>
							<String ID="string_21" HPOS="706" VPOS="457" WIDTH="174" HEIGHT="28" WC="0.91" CONTENT="vattenom-"/>
						</TextLine>
						<TextLine ID="line_4" HPOS="199" VPOS="497" WIDTH="98" HEIGHT="30">
							<String ID="string_22" HPOS="199" VPOS="497" WIDTH="98" HEIGHT="30" WC="0.96" CONTENT="råde."/>
						</TextLine>
					</TextBlock>
				</ComposedBlock>
				<ComposedBlock ID="cblock_2" HPOS="128" VPOS="576" WIDTH="752" HEIGHT="100">
					<TextBlock ID="block_2" HPOS="128" VPOS="576" WIDTH="752" HEIGHT="100">
						<TextLine ID="line_5" HPOS="202" VPOS="576" WIDTH="678" HEIGHT="29">
							<String ID="string_23" HPOS="202" VPOS="577" WIDTH="54" HEIGHT="20" WC="0.95" CONTENT="Med"/><SP WIDTH="25" VPOS="577" HPOS="256"/>
							<String ID="string_24" HPOS="281" VPOS="578" WIDTH="74" HEIGHT="27" WC="0.95" CONTENT="tillägg"/><SP WIDTH="23" VPOS="578" HPOS="355"/>
							<String ID="string_25" HPOS="378" VPOS="578" WIDTH="33" HEIGHT="21" WC="0.95" CONTENT="till"/><SP WIDTH="24" VPOS="578" HPOS="411"/>
							<String ID="string_26" HPOS="435" VPOS="578" WIDTH="38" HEIGHT="21" WC="0.95" CONTENT="och"/><SP WIDTH="21" VPOS="578" HPOS="473"/>
							<String ID="string_27" HPOS="494" VPOS="576" WIDTH="97" HEIGHT="29" WC="0.96" CONTENT="ändring"/><SP WIDTH="21" VPOS="576" HPOS="591"/>
							<String ID="string_28" HPOS="612" VPOS="576" WIDTH="23" HEIGHT="21" WC="0.92" CONTENT="af"/><SP WIDTH="15" VPOS="576" HPOS="635"/>
							<String ID="string_29" HPOS="650" VPOS="577" WIDTH="114" HEIGHT="22" WC="0.91" CONTENT="härintills"/><SP WIDTH="13" VPOS="577" HPOS="764"/>
							<String ID="string_30" HPOS="777" VPOS="578" WIDTH="103" HEIGHT="26" WC="0.96" CONTENT="gällande"/>
						</TextLine>
						<TextLine ID="line_6" HPOS="128" VPOS="612" WIDTH="751" HEIGHT="28">
							<String ID="string_31" HPOS="128" VPOS="614" WIDTH="167" HEIGHT="26" WC="0.95" CONTENT="bestämningar"/><SP WIDTH="23" VPOS="614" HPOS="295"/>
							<String ID="string_32" HPOS="318" VPOS="619" WIDTH="36" HEIGHT="14" WC="0.93" CONTENT="om"/><SP WIDTH="21" VPOS="619" HPOS="354"/>
							<String ID="string_33" HPOS="375" VPOS="613" WIDTH="119" HEIGHT="22" WC="0.82" CONTENT="råskilnad"/><SP WIDTH="18" VPOS="613" HPOS="494"/>
							<String ID="string_34" HPOS="512" VPOS="614" WIDTH="9" HEIGHT="21" WC="0.96" CONTENT="i"/><SP WIDTH="19" VPOS="614" HPOS="521"/>
							<String ID="string_35" HPOS="540" VPOS="613" WIDTH="38" HEIGHT="22" WC="0.96" CONTENT="och"/><SP WIDTH="16" VPOS="613" HPOS="578"/>
							<String ID="string_36" HPOS="594" VPOS="612" WIDTH="70" HEIGHT="21" WC="0.96" CONTENT="skifte"/><SP WIDTH="16" VPOS="612" HPOS="664"/>
							<String ID="string_37" HPOS="680" VPOS="612" WIDTH="23" HEIGHT="21" WC="0.96" CONTENT="af"/><SP WIDTH="16" VPOS="612" HPOS="703"/>
							<String ID="string_38" HPOS="719" VPOS="612" WIDTH="160" HEIGHT="28" WC="0.96" CONTENT="(uteslutning)"/>
						</TextLine>
						<TextLine ID="line_7" HPOS="130" VPOS="648" WIDTH="563" HEIGHT="28">
							<String ID="string_39" HPOS="130" VPOS="651" WIDTH="76" HEIGHT="19" WC="0.93" CONTENT="vatten"/><SP WIDTH="15" VPOS="651" HPOS="206"/>
							<String ID="string_40" HPOS="221" VPOS="648" WIDTH="82" HEIGHT="21" WC="0.93" CONTENT="varder"/><SP WIDTH="16" VPOS="648" HPOS="303"/>
							<String ID="string_41" HPOS="319" VPOS="648" WIDTH="93" HEIGHT="21" WC="0.93" CONTENT="härmed"/><SP WIDTH="16" VPOS="648" HPOS="412"/>
							<String ID="string_42" HPOS="428" VPOS="650" WIDTH="105" HEIGHT="26" WC="0.91" CONTENT="stadgadt"/><SP WIDTH="16" VPOS="650" HPOS="533"/>
							<String ID="string_43" HPOS="549" VPOS="655" WIDTH="49" HEIGHT="14" WC="0.96" CONTENT="som"/><SP WIDTH="16" VPOS="655" HPOS="598"/>
							<String ID="string_44" HPOS="614" VPOS="648" WIDTH="79" HEIGHT="28" WC="0.94" CONTENT="följer:"/>
						</TextLine>
					</TextBlock>
				</ComposedBlock>
				<ComposedBlock ID="cblock_3" HPOS="128" VPOS="750" WIDTH="751" HEIGHT="177">
					<TextBlock ID="block_3" HPOS="304" VPOS="750" WIDTH="401" HEIGHT="29">
						<TextLine ID="line_8" HPOS="304" VPOS="750" WIDTH="401" HEIGHT="29">
							<String ID="string_45" HPOS="304" VPOS="752" WIDTH="9" HEIGHT="19" WC="0.89" CONTENT="1"/><SP WIDTH="18" VPOS="752" HPOS="313"/>
							<String ID="string_46" HPOS="331" VPOS="750" WIDTH="20" HEIGHT="29" WC="0.84" CONTENT="8."/><SP WIDTH="21" VPOS="750" HPOS="351"/>
							<String ID="string_47" HPOS="372" VPOS="750" WIDTH="76" HEIGHT="28" WC="0.96" CONTENT="(Prop."/><SP WIDTH="19" VPOS="750" HPOS="448"/>
							<String ID="string_48" HPOS="467" VPOS="757" WIDTH="37" HEIGHT="14" WC="0.96" CONTENT="n:o"/><SP WIDTH="18" VPOS="757" HPOS="504"/>
							<String ID="string_49" HPOS="522" VPOS="752" WIDTH="26" HEIGHT="19" WC="0.96" CONTENT="15"/><SP WIDTH="17" VPOS="752" HPOS="548"/>
							<String ID="string_50" HPOS="565" VPOS="750" WIDTH="41" HEIGHT="21" WC="0.96" CONTENT="JB."/><SP WIDTH="20" VPOS="750" HPOS="606"/>
							<String ID="string_51" HPOS="626" VPOS="751" WIDTH="33" HEIGHT="20" WC="0.96" CONTENT="12:"/><SP WIDTH="18" VPOS="751" HPOS="659"/>
							<String ID="string_52" HPOS="677" VPOS="751" WIDTH="28" HEIGHT="26" WC="0.96" CONTENT="3)."/>
						</TextLine>
					</TextBlock>
					<TextBlock ID="block_4" HPOS="128" VPOS="797" WIDTH="751" HEIGHT="130">
						<TextLine ID="line_9" HPOS="199" VPOS="797" WIDTH="680" HEIGHT="29">
							<String ID="string_53" HPOS="199" VPOS="797" WIDTH="74" HEIGHT="29" WC="0.96" CONTENT="Ligga"/><SP WIDTH="24" VPOS="797" HPOS="273"/>
							<String ID="string_54" HPOS="297" VPOS="798" WIDTH="152" HEIGHT="27" WC="0.95" CONTENT="(uteslutning)"/><SP WIDTH="26" VPOS="798" HPOS="449"/>
							<String ID="string_55" HPOS="475" VPOS="797" WIDTH="56" HEIGHT="29" WC="0.96" CONTENT="byar"/><SP WIDTH="20" VPOS="797" HPOS="531"/>
							<String ID="string_56" HPOS="551" VPOS="799" WIDTH="38" HEIGHT="21" WC="0.96" CONTENT="vid"/><SP WIDTH="15" VPOS="799" HPOS="589"/>
							<String ID="string_57" HPOS="604" VPOS="797" WIDTH="42" HEIGHT="28" WC="0.93" CONTENT="sjö,"/><SP WIDTH="17" VPOS="797" HPOS="646"/>
							<String ID="string_58" HPOS="663" VPOS="805" WIDTH="35" HEIGHT="20" WC="0.93" CONTENT="ege"/><SP WIDTH="15" VPOS="805" HPOS="698"/>
							<String ID="string_59" HPOS="713" VPOS="799" WIDTH="49" HEIGHT="21" WC="0.92" CONTENT="deri"/><SP WIDTH="15" VPOS="799" HPOS="762"/>
							<String ID="string_60" HPOS="777" VPOS="799" WIDTH="34" HEIGHT="21" WC="0.96" CONTENT="del"/><SP WIDTH="15" VPOS="799" HPOS="811"/>
							<String ID="string_61" HPOS="826" VPOS="799" WIDTH="53" HEIGHT="26" WC="0.96" CONTENT="efter"/>
						</TextLine>
						<TextLine ID="line_10" HPOS="129" VPOS="833" WIDTH="750" HEIGHT="28">
							<String ID="string_62" HPOS="129" VPOS="833" WIDTH="87" HEIGHT="28" WC="0.91" CONTENT="rågång"/><SP WIDTH="23" VPOS="833" HPOS="216"/>
							<String ID="string_63" HPOS="239" VPOS="835" WIDTH="38" HEIGHT="21" WC="0.93" CONTENT="och"/><SP WIDTH="23" VPOS="835" HPOS="277"/>
							<String ID="string_64" HPOS="300" VPOS="835" WIDTH="91" HEIGHT="24" WC="0.91" CONTENT="bolstad,"/><SP WIDTH="24" VPOS="835" HPOS="391"/>
							<String ID="string_65" HPOS="415" VPOS="834" WIDTH="27" HEIGHT="22" WC="0.96" CONTENT="så"/><SP WIDTH="21" VPOS="834" HPOS="442"/>
							<String ID="string_66" HPOS="463" VPOS="836" WIDTH="32" HEIGHT="20" WC="0.96" CONTENT="att"/><SP WIDTH="15" VPOS="836" HPOS="495"/>
							<String ID="string_67" HPOS="510" VPOS="835" WIDTH="57" HEIGHT="21" WC="0.95" CONTENT="hvar"/><SP WIDTH="15" VPOS="835" HPOS="567"/>
							<String ID="string_68" HPOS="582" VPOS="833" WIDTH="70" HEIGHT="23" WC="0.96" CONTENT="råder"/><SP WIDTH="16" VPOS="833" HPOS="652"/>
							<String ID="string_69" HPOS="668" VPOS="834" WIDTH="59" HEIGHT="27" WC="0.96" CONTENT="öfver"/><SP WIDTH="16" VPOS="834" HPOS="727"/>
							<String ID="string_70" HPOS="743" VPOS="833" WIDTH="44" HEIGHT="22" WC="0.95" CONTENT="den"/><SP WIDTH="16" VPOS="833" HPOS="787"/>
							<String ID="string_71" HPOS="803" VPOS="833" WIDTH="37" HEIGHT="22" WC="0.96" CONTENT="del"/><SP WIDTH="16" VPOS="833" HPOS="840"/>
							<String ID="string_72" HPOS="856" VPOS="834" WIDTH="23" HEIGHT="21" WC="0.96" CONTENT="af"/>
						</TextLine>
						<TextLine ID="line_11" HPOS="128" VPOS="870" WIDTH="751" HEIGHT="27">
							<String ID="string_73" HPOS="128" VPOS="871" WIDTH="85" HEIGHT="20" WC="0.94" CONTENT="vattnet"/><SP WIDTH="20" VPOS="871" HPOS="213"/>
							<String ID="string_74" HPOS="233" VPOS="871" WIDTH="38" HEIGHT="21" WC="0.96" CONTENT="och"/><SP WIDTH="21" VPOS="871" HPOS="271"/>
							<String ID="string_75" HPOS="292" VPOS="871" WIDTH="42" HEIGHT="20" WC="0.93" CONTENT="den"/><SP WIDTH="18" VPOS="871" HPOS="334"/>
							<String ID="string_76" HPOS="352" VPOS="871" WIDTH="113" HEIGHT="20" WC="0.92" CONTENT="derunder"/><SP WIDTH="16" VPOS="871" HPOS="465"/>
							<String ID="string_77" HPOS="481" VPOS="870" WIDTH="101" HEIGHT="27" WC="0.96" CONTENT="liggande"/><SP WIDTH="14" VPOS="870" HPOS="582"/>
							<String ID="string_78" HPOS="596" VPOS="871" WIDTH="110" HEIGHT="26" WC="0.95" CONTENT="grunden,"/><SP WIDTH="17" VPOS="871" HPOS="706"/>
							<String ID="string_79" HPOS="723" VPOS="876" WIDTH="49" HEIGHT="15" WC="0.96" CONTENT="som"/><SP WIDTH="15" VPOS="876" HPOS="772"/>
							<String ID="string_80" HPOS="787" VPOS="872" WIDTH="28" HEIGHT="19" WC="0.93" CONTENT="är"/><SP WIDTH="15" VPOS="872" HPOS="815"/>
							<String ID="string_81" HPOS="830" VPOS="872" WIDTH="49" HEIGHT="19" WC="0.90" CONTENT="när-"/>
						</TextLine>
						<TextLine ID="line_12" HPOS="129" VPOS="905" WIDTH="381" HEIGHT="22">
							<String ID="string_82" HPOS="129" VPOS="912" WIDTH="61" HEIGHT="14" WC="0.96" CONTENT="mare"/><SP WIDTH="16" VPOS="912" HPOS="190"/>
							<String ID="string_83" HPOS="206" VPOS="905" WIDTH="52" HEIGHT="21" WC="0.93" CONTENT="dess"/><SP WIDTH="17" VPOS="905" HPOS="258"/>
							<String ID="string_84" HPOS="275" VPOS="905" WIDTH="78" HEIGHT="21" WC="0.90" CONTENT="strand"/><SP WIDTH="17" VPOS="905" HPOS="353"/>
							<String ID="string_85" HPOS="370" VPOS="907" WIDTH="28" HEIGHT="19" WC="0.93" CONTENT="än"/><SP WIDTH="16" VPOS="907" HPOS="398"/>
							<String ID="string_86" HPOS="414" VPOS="912" WIDTH="96" HEIGHT="15" WC="0.90" CONTENT="annans."/>
						</TextLine>
					</TextBlock>
				</ComposedBlock>
				<ComposedBlock ID="cblock_4" HPOS="126" VPOS="977" WIDTH="753" HEIGHT="484">
					<TextBlock ID="block_5" HPOS="301" VPOS="977" WIDTH="403" HEIGHT="28">
						<TextLine ID="line_13" HPOS="301" VPOS="977" WIDTH="403" HEIGHT="28">
							<String ID="string_87" HPOS="301" VPOS="979" WIDTH="13" HEIGHT="18" WC="0.81" CONTENT="2"/><SP WIDTH="17" VPOS="979" HPOS="314"/>
							<String ID="string_88" HPOS="331" VPOS="977" WIDTH="20" HEIGHT="28" WC="0.81" CONTENT="8."/><SP WIDTH="18" VPOS="977" HPOS="351"/>
							<String ID="string_89" HPOS="369" VPOS="977" WIDTH="76" HEIGHT="28" WC="0.96" CONTENT="(Prop."/><SP WIDTH="17" VPOS="977" HPOS="445"/>
							<String ID="string_90" HPOS="462" VPOS="984" WIDTH="37" HEIGHT="14" WC="0.95" CONTENT="n:o"/><SP WIDTH="19" VPOS="984" HPOS="499"/>
							<String ID="string_91" HPOS="518" VPOS="979" WIDTH="25" HEIGHT="19" WC="0.96" CONTENT="15"/><SP WIDTH="19" VPOS="979" HPOS="543"/>
							<String ID="string_92" HPOS="562" VPOS="977" WIDTH="42" HEIGHT="21" WC="0.96" CONTENT="JB."/><SP WIDTH="20" VPOS="977" HPOS="604"/>
							<String ID="string_93" HPOS="624" VPOS="979" WIDTH="33" HEIGHT="19" WC="0.95" CONTENT="12:"/><SP WIDTH="17" VPOS="979" HPOS="657"/>
							<String ID="string_94" HPOS="674" VPOS="977" WIDTH="30" HEIGHT="27" WC="0.96" CONTENT="4)."/>
						</TextLine>
					</TextBlock>
					<TextBlock ID="block_6" HPOS="129" VPOS="1024" WIDTH="750" HEIGHT="208">
						<TextLine ID="line_14" HPOS="205" VPOS="1024" WIDTH="674" HEIGHT="29">
							<String ID="string_95" HPOS="205" VPOS="1024" WIDTH="92" HEIGHT="29" WC="0.92" CONTENT="Uppgär"/><SP WIDTH="14" VPOS="1024" HPOS="297"/>
							<String ID="string_96" HPOS="311" VPOS="1025" WIDTH="63" HEIGHT="28" WC="0.88" CONTENT="fjärd"/><SP WIDTH="15" VPOS="1025" HPOS="374"/>
							<String ID="string_97" HPOS="389" VPOS="1024" WIDTH="9" HEIGHT="21" WC="0.93" CONTENT="i"/><SP WIDTH="15" VPOS="1024" HPOS="398"/>
							<String ID="string_98" HPOS="413" VPOS="1024" WIDTH="71" HEIGHT="29" WC="0.92" CONTENT="längd"/><SP WIDTH="16" VPOS="1024" HPOS="484"/>
							<String ID="string_99" HPOS="500" VPOS="1025" WIDTH="43" HEIGHT="20" WC="0.93" CONTENT="och"/><SP WIDTH="15" VPOS="1025" HPOS="543"/>
							<String ID="string_100" HPOS="558" VPOS="1024" WIDTH="74" HEIGHT="21" WC="0.92" CONTENT="bredd"/><SP WIDTH="15" VPOS="1024" HPOS="632"/>
							<String ID="string_101" HPOS="647" VPOS="1024" WIDTH="36" HEIGHT="21" WC="0.93" CONTENT="till"/><SP WIDTH="16" VPOS="1024" HPOS="683"/>
							<String ID="string_102" HPOS="699" VPOS="1026" WIDTH="46" HEIGHT="19" WC="0.93" CONTENT="ätta"/><SP WIDTH="15" VPOS="1026" HPOS="745"/>
							<String ID="string_103" HPOS="760" VPOS="1024" WIDTH="119" HEIGHT="21" WC="0.96" CONTENT="kilometer"/>
						</TextLine>
						<TextLine ID="line_15" HPOS="129" VPOS="1059" WIDTH="750" HEIGHT="29">
							<String ID="string_104" HPOS="129" VPOS="1060" WIDTH="55" HEIGHT="21" WC="0.92" CONTENT="oller"/><SP WIDTH="23" VPOS="1060" HPOS="184"/>
							<String ID="string_105" HPOS="207" VPOS="1067" WIDTH="68" HEIGHT="19" WC="0.93" CONTENT="mera,"/><SP WIDTH="24" VPOS="1067" HPOS="275"/>
							<String ID="string_106" HPOS="299" VPOS="1060" WIDTH="54" HEIGHT="21" WC="0.92" CONTENT="räde"/><SP WIDTH="21" VPOS="1060" HPOS="353"/>
							<String ID="string_107" HPOS="374" VPOS="1059" WIDTH="20" HEIGHT="29" WC="0.92" CONTENT="ej"/><SP WIDTH="23" VPOS="1059" HPOS="394"/>
							<String ID="string_108" HPOS="417" VPOS="1060" WIDTH="31" HEIGHT="28" WC="0.96" CONTENT="by"/><SP WIDTH="22" VPOS="1060" HPOS="448"/>
							<String ID="string_109" HPOS="470" VPOS="1060" WIDTH="79" HEIGHT="28" WC="0.93" CONTENT="längre"/><SP WIDTH="23" VPOS="1060" HPOS="549"/>
							<String ID="string_110" HPOS="572" VPOS="1059" WIDTH="50" HEIGHT="22" WC="0.90" CONTENT="uti"/><SP WIDTH="15" VPOS="1059" HPOS="622"/>
							<String ID="string_111" HPOS="637" VPOS="1062" WIDTH="90" HEIGHT="19" WC="0.91" CONTENT="vattnet"/><SP WIDTH="15" VPOS="1062" HPOS="727"/>
							<String ID="string_112" HPOS="742" VPOS="1063" WIDTH="29" HEIGHT="18" WC="0.96" CONTENT="än"/><SP WIDTH="15" VPOS="1063" HPOS="771"/>
							<String ID="string_113" HPOS="786" VPOS="1059" WIDTH="35" HEIGHT="22" WC="0.97" CONTENT="till"/><SP WIDTH="16" VPOS="1059" HPOS="821"/>
							<String ID="string_114" HPOS="837" VPOS="1060" WIDTH="42" HEIGHT="21" WC="0.97" CONTENT="och"/>
						</TextLine>
						<TextLine ID="line_16" HPOS="129" VPOS="1095" WIDTH="750" HEIGHT="29">
							<String ID="string_115" HPOS="129" VPOS="1096" WIDTH="52" HEIGHT="21" WC="0.92" CONTENT="med"/><SP WIDTH="24" VPOS="1096" HPOS="181"/>
							<String ID="string_116" HPOS="205" VPOS="1095" WIDTH="136" HEIGHT="22" WC="0.96" CONTENT="femhundra"/><SP WIDTH="23" VPOS="1095" HPOS="341"/>
							<String ID="string_117" HPOS="364" VPOS="1098" WIDTH="72" HEIGHT="19" WC="0.93" CONTENT="meter"/><SP WIDTH="16" VPOS="1098" HPOS="436"/>
							<String ID="string_118" HPOS="452" VPOS="1096" WIDTH="52" HEIGHT="21" WC="0.96" CONTENT="från"/><SP WIDTH="16" VPOS="1096" HPOS="504"/>
							<String ID="string_119" HPOS="520" VPOS="1096" WIDTH="38" HEIGHT="21" WC="0.93" CONTENT="det"/><SP WIDTH="19" VPOS="1096" HPOS="558"/>
							<String ID="string_120" HPOS="577" VPOS="1096" WIDTH="65" HEIGHT="21" WC="0.96" CONTENT="ställe"/><SP WIDTH="15" VPOS="1096" HPOS="642"/>
							<String ID="string_121" HPOS="657" VPOS="1097" WIDTH="92" HEIGHT="27" WC="0.92" CONTENT="utanför"/><SP WIDTH="16" VPOS="1097" HPOS="749"/>
							<String ID="string_122" HPOS="765" VPOS="1096" WIDTH="114" HEIGHT="26" WC="0.96" CONTENT="stranden,"/>
						</TextLine>
						<TextLine ID="line_17" HPOS="129" VPOS="1131" WIDTH="750" HEIGHT="29">
							<String ID="string_123" HPOS="129" VPOS="1132" WIDTH="40" HEIGHT="21" WC="0.95" CONTENT="der"/><SP WIDTH="17" VPOS="1132" HPOS="169"/>
							<String ID="string_124" HPOS="186" VPOS="1131" WIDTH="38" HEIGHT="23" WC="0.93" CONTENT="vid"/><SP WIDTH="16" VPOS="1131" HPOS="224"/>
							<String ID="string_125" HPOS="240" VPOS="1131" WIDTH="89" HEIGHT="29" WC="0.96" CONTENT="vanligt"/><SP WIDTH="16" VPOS="1131" HPOS="329"/>
							<String ID="string_126" HPOS="345" VPOS="1132" WIDTH="153" HEIGHT="28" WC="0.95" CONTENT="(uteslutning)"/><SP WIDTH="18" VPOS="1132" HPOS="498"/>
							<String ID="string_127" HPOS="516" VPOS="1131" WIDTH="147" HEIGHT="23" WC="0.95" CONTENT="vattenstånd"/><SP WIDTH="14" VPOS="1131" HPOS="663"/>
							<String ID="string_128" HPOS="677" VPOS="1133" WIDTH="40" HEIGHT="20" WC="0.96" CONTENT="två"/><SP WIDTH="10" VPOS="1133" HPOS="717"/>
							<String ID="string_129" HPOS="727" VPOS="1134" WIDTH="82" HEIGHT="19" WC="0.93" CONTENT="meters"/><SP WIDTH="14" VPOS="1134" HPOS="809"/>
							<String ID="string_130" HPOS="823" VPOS="1131" WIDTH="56" HEIGHT="29" WC="0.95" CONTENT="djup"/>
						</TextLine>
						<TextLine ID="line_18" HPOS="129" VPOS="1162" WIDTH="750" HEIGHT="34">
							<String ID="string_131" HPOS="129" VPOS="1168" WIDTH="110" HEIGHT="28" WC="0.88" CONTENT="vidtager."/><SP WIDTH="34" VPOS="1168" HPOS="239"/>
							<String ID="string_132" HPOS="273" VPOS="1162" WIDTH="34" HEIGHT="26" WC="0.96" CONTENT="Är"/><SP WIDTH="23" VPOS="1162" HPOS="307"/>
							<String ID="string_133" HPOS="330" VPOS="1167" WIDTH="78" HEIGHT="29" WC="0.95" CONTENT="längre"/><SP WIDTH="24" VPOS="1167" HPOS="408"/>
							<String ID="string_134" HPOS="432" VPOS="1170" WIDTH="26" HEIGHT="18" WC="0.96" CONTENT="ut"/><SP WIDTH="22" VPOS="1170" HPOS="458"/>
							<String ID="string_135" HPOS="480" VPOS="1167" WIDTH="83" HEIGHT="27" WC="0.96" CONTENT="holme,"/><SP WIDTH="25" VPOS="1167" HPOS="563"/>
							<String ID="string_136" HPOS="588" VPOS="1175" WIDTH="49" HEIGHT="14" WC="0.95" CONTENT="som"/><SP WIDTH="21" VPOS="1175" HPOS="637"/>
							<String ID="string_137" HPOS="658" VPOS="1169" WIDTH="72" HEIGHT="21" WC="0.92" CONTENT="under"/><SP WIDTH="17" VPOS="1169" HPOS="730"/>
							<String ID="string_138" HPOS="747" VPOS="1168" WIDTH="49" HEIGHT="28" WC="0.96" CONTENT="byn"/><SP WIDTH="15" VPOS="1168" HPOS="796"/>
							<String ID="string_139" HPOS="811" VPOS="1169" WIDTH="68" HEIGHT="26" WC="0.95" CONTENT="lyder,"/>
						</TextLine>
						<TextLine ID="line_19" HPOS="129" VPOS="1203" WIDTH="749" HEIGHT="29">
							<String ID="string_140" HPOS="129" VPOS="1211" WIDTH="42" HEIGHT="21" WC="0.93" CONTENT="ege"/><SP WIDTH="21" VPOS="1211" HPOS="171"/>
							<String ID="string_141" HPOS="192" VPOS="1204" WIDTH="58" HEIGHT="20" WC="0.96" CONTENT="dock"/><SP WIDTH="21" VPOS="1204" HPOS="250"/>
							<String ID="string_142" HPOS="271" VPOS="1203" WIDTH="48" HEIGHT="29" WC="0.96" CONTENT="byn"/><SP WIDTH="21" VPOS="1203" HPOS="319"/>
							<String ID="string_143" HPOS="340" VPOS="1203" WIDTH="69" HEIGHT="21" WC="0.96" CONTENT="äfven"/><SP WIDTH="19" VPOS="1203" HPOS="409"/>
							<String ID="string_144" HPOS="428" VPOS="1203" WIDTH="69" HEIGHT="29" WC="0.96" CONTENT="kring"/><SP WIDTH="20" VPOS="1203" HPOS="497"/>
							<String ID="string_145" HPOS="517" VPOS="1203" WIDTH="93" HEIGHT="21" WC="0.96" CONTENT="holmen"/><SP WIDTH="16" VPOS="1203" HPOS="610"/>
							<String ID="string_146" HPOS="626" VPOS="1205" WIDTH="44" HEIGHT="21" WC="0.93" CONTENT="lika"/><SP WIDTH="16" VPOS="1205" HPOS="670"/>
							<String ID="string_147" HPOS="686" VPOS="1204" WIDTH="192" HEIGHT="27" WC="0.91" CONTENT="landgrundsrätt."/>
						</TextLine>
					</TextBlock>
					<TextBlock ID="block_7" HPOS="128" VPOS="1238" WIDTH="751" HEIGHT="60">
						<TextLine ID="line_20" HPOS="200" VPOS="1238" WIDTH="679" HEIGHT="29">
							<String ID="string_148" HPOS="200" VPOS="1238" WIDTH="27" HEIGHT="29" WC="0.96" CONTENT="Ej"/><SP WIDTH="25" VPOS="1238" HPOS="227"/>
							<String ID="string_149" HPOS="252" VPOS="1241" WIDTH="37" HEIGHT="19" WC="0.95" CONTENT="må"/><SP WIDTH="20" VPOS="1241" HPOS="289"/>
							<String ID="string_150" HPOS="309" VPOS="1238" WIDTH="60" HEIGHT="29" WC="0.95" CONTENT="fjärd"/><SP WIDTH="17" VPOS="1238" HPOS="369"/>
							<String ID="string_151" HPOS="386" VPOS="1246" WIDTH="66" HEIGHT="14" WC="0.93" CONTENT="anses"/><SP WIDTH="17" VPOS="1246" HPOS="452"/>
							<String ID="string_152" HPOS="469" VPOS="1239" WIDTH="106" HEIGHT="21" WC="0.92" CONTENT="afbruten"/><SP WIDTH="16" VPOS="1239" HPOS="575"/>
							<String ID="string_153" HPOS="591" VPOS="1239" WIDTH="23" HEIGHT="21" WC="0.96" CONTENT="af"/><SP WIDTH="16" VPOS="1239" HPOS="614"/>
							<String ID="string_154" HPOS="630" VPOS="1246" WIDTH="26" HEIGHT="16" WC="0.96" CONTENT="en"/><SP WIDTH="16" VPOS="1246" HPOS="656"/>
							<String ID="string_155" HPOS="672" VPOS="1240" WIDTH="50" HEIGHT="22" WC="0.95" CONTENT="eller"/><SP WIDTH="15" VPOS="1240" HPOS="722"/>
							<String ID="string_156" HPOS="737" VPOS="1246" WIDTH="77" HEIGHT="16" WC="0.96" CONTENT="annan"/><SP WIDTH="15" VPOS="1246" HPOS="814"/>
							<String ID="string_157" HPOS="829" VPOS="1240" WIDTH="50" HEIGHT="22" WC="0.96" CONTENT="liten"/>
						</TextLine>
						<TextLine ID="line_21" HPOS="128" VPOS="1276" WIDTH="76" HEIGHT="22">
							<String ID="string_158" HPOS="128" VPOS="1276" WIDTH="76" HEIGHT="22" WC="0.96" CONTENT="holme."/>
						</TextLine>
					</TextBlock>
					<TextBlock ID="block_8" HPOS="306" VPOS="1317" WIDTH="400" HEIGHT="29">
						<TextLine ID="line_22" HPOS="306" VPOS="1317" WIDTH="400" HEIGHT="29">
							<String ID="string_159" HPOS="306" VPOS="1319" WIDTH="13" HEIGHT="19" WC="0.95" CONTENT="3"/><SP WIDTH="17" VPOS="1319" HPOS="319"/>
							<String ID="string_160" HPOS="336" VPOS="1317" WIDTH="19" HEIGHT="29" WC="0.74" CONTENT="&amp;."/><SP WIDTH="19" VPOS="1317" HPOS="355"/>
							<String ID="string_161" HPOS="374" VPOS="1317" WIDTH="76" HEIGHT="29" WC="0.96" CONTENT="(Prop."/><SP WIDTH="17" VPOS="1317" HPOS="450"/>
							<String ID="string_162" HPOS="467" VPOS="1325" WIDTH="38" HEIGHT="13" WC="0.94" CONTENT="n:o"/><SP WIDTH="19" VPOS="1325" HPOS="505"/>
							<String ID="string_163" HPOS="524" VPOS="1320" WIDTH="25" HEIGHT="18" WC="0.96" CONTENT="15"/><SP WIDTH="16" VPOS="1320" HPOS="549"/>
							<String ID="string_164" HPOS="565" VPOS="1317" WIDTH="41" HEIGHT="21" WC="0.96" CONTENT="JB."/><SP WIDTH="20" VPOS="1317" HPOS="606"/>
							<String ID="string_165" HPOS="626" VPOS="1319" WIDTH="34" HEIGHT="19" WC="0.96" CONTENT="12:"/><SP WIDTH="18" VPOS="1319" HPOS="660"/>
							<String ID="string_166" HPOS="678" VPOS="1318" WIDTH="28" HEIGHT="27" WC="0.96" CONTENT="5)."/>
						</TextLine>
					</TextBlock>
					<TextBlock ID="block_9" HPOS="126" VPOS="1364" WIDTH="752" HEIGHT="65">
						<TextLine ID="line_23" HPOS="200" VPOS="1364" WIDTH="678" HEIGHT="29">
							<String ID="string_167" HPOS="200" VPOS="1364" WIDTH="69" HEIGHT="22" WC="0.96" CONTENT="Hvad"/><SP WIDTH="23" VPOS="1364" HPOS="269"/>
							<String ID="string_168" HPOS="292" VPOS="1372" WIDTH="36" HEIGHT="14" WC="0.96" CONTENT="om"/><SP WIDTH="24" VPOS="1372" HPOS="328"/>
							<String ID="string_169" HPOS="352" VPOS="1367" WIDTH="48" HEIGHT="19" WC="0.96" CONTENT="stor"/><SP WIDTH="22" VPOS="1367" HPOS="400"/>
							<String ID="string_170" HPOS="422" VPOS="1364" WIDTH="61" HEIGHT="29" WC="0.95" CONTENT="fjärd"/><SP WIDTH="24" VPOS="1364" HPOS="483"/>
							<String ID="string_171" HPOS="507" VPOS="1364" WIDTH="7" HEIGHT="22" WC="0.96" CONTENT="i"/><SP WIDTH="23" VPOS="1364" HPOS="514"/>
							<String ID="string_172" HPOS="537" VPOS="1366" WIDTH="15" HEIGHT="21" WC="0.95" CONTENT="2"/><SP WIDTH="20" VPOS="1366" HPOS="552"/>
							<String ID="string_173" HPOS="572" VPOS="1365" WIDTH="14" HEIGHT="28" WC="0.64" CONTENT="8"/><SP WIDTH="20" VPOS="1365" HPOS="586"/>
							<String ID="string_174" HPOS="606" VPOS="1367" WIDTH="63" HEIGHT="26" WC="0.93" CONTENT="sagts"/><SP WIDTH="17" VPOS="1367" HPOS="669"/>
							<String ID="string_175" HPOS="686" VPOS="1364" WIDTH="59" HEIGHT="29" WC="0.91" CONTENT="gälle"/><SP WIDTH="15" VPOS="1364" HPOS="745"/>
							<String ID="string_176" HPOS="760" VPOS="1364" WIDTH="8" HEIGHT="21" WC="0.93" CONTENT="i"/><SP WIDTH="17" VPOS="1364" HPOS="768"/>
							<String ID="string_177" HPOS="785" VPOS="1364" WIDTH="93" HEIGHT="28" WC="0.93" CONTENT="saltsjön"/>
						</TextLine>
						<TextLine ID="line_24" HPOS="126" VPOS="1400" WIDTH="669" HEIGHT="29">
							<String ID="string_178" HPOS="126" VPOS="1400" WIDTH="87" HEIGHT="28" WC="0.91" CONTENT="jemväl"/><SP WIDTH="16" VPOS="1400" HPOS="213"/>
							<String ID="string_179" HPOS="229" VPOS="1400" WIDTH="41" HEIGHT="22" WC="0.96" CONTENT="vid"/><SP WIDTH="16" VPOS="1400" HPOS="270"/>
							<String ID="string_180" HPOS="286" VPOS="1404" WIDTH="75" HEIGHT="25" WC="0.93" CONTENT="öppen"/><SP WIDTH="15" VPOS="1404" HPOS="361"/>
							<String ID="string_181" HPOS="376" VPOS="1400" WIDTH="133" HEIGHT="22" WC="0.92" CONTENT="hafsstrand"/><SP WIDTH="16" VPOS="1400" HPOS="509"/>
							<String ID="string_182" HPOS="525" VPOS="1403" WIDTH="60" HEIGHT="19" WC="0.96" CONTENT="samt"/><SP WIDTH="15" VPOS="1403" HPOS="585"/>
							<String ID="string_183" HPOS="600" VPOS="1402" WIDTH="92" HEIGHT="26" WC="0.96" CONTENT="utanför"/><SP WIDTH="16" VPOS="1402" HPOS="692"/>
							<String ID="string_184" HPOS="708" VPOS="1400" WIDTH="87" HEIGHT="21" WC="0.96" CONTENT="skären."/>
						</TextLine>
					</TextBlock>
					<TextBlock ID="block_10" HPOS="205" VPOS="1442" WIDTH="420" HEIGHT="19">
						<TextLine ID="line_25" HPOS="205" VPOS="1442" WIDTH="420" HEIGHT="19">
							<String ID="string_185" HPOS="205" VPOS="1442" WIDTH="211" HEIGHT="18" WC="0.90" CONTENT="Vattenrättsutskottets"/><SP WIDTH="14" VPOS="1442" HPOS="416"/>
							<String ID="string_186" HPOS="430" VPOS="1442" WIDTH="117" HEIGHT="19" WC="0.96" CONTENT="betänkande"/><SP WIDTH="12" VPOS="1442" HPOS="547"/>
							<String ID="string_187" HPOS="559" VPOS="1442" WIDTH="37" HEIGHT="18" WC="0.95" CONTENT="N:o"/><SP WIDTH="12" VPOS="1442" HPOS="596"/>
							<String ID="string_188" HPOS="608" VPOS="1442" WIDTH="17" HEIGHT="18" WC="0.95" CONTENT="4."/>
						</TextLine>
					</TextBlock>
				</ComposedBlock>
			</PrintSpace>
		</Page>
	</Layout>
</alto>
