1061 1631
327 116 29 22 U.
372 116 28 22 B.
416 129 27 3 —
459 116 74 28 Prop.
550 116 44 22 N:o
610 116 38 23 31.
852 118 11 20 7

176 185 51 20 Med
243 185 133 26 anslutning
391 185 33 21 till
442 185 123 22 Utskottets
581 185 168 27 framställning
764 186 7 20 i
786 186 78 21 betän-

107 219 84 21 kandet
213 226 37 14 n:o
266 220 13 20 9
294 219 24 26 A,
336 227 17 13 s.
369 220 35 26 26,
426 219 35 21 fär
484 220 112 21 Utskottet
619 220 104 27 slutligen
747 220 117 21 vördsamt

105 253 113 28 tillstyrka
233 260 28 14 en
277 253 143 27 underdänig
434 254 139 21 hemställan
588 254 81 21 därom

380 323 32 20 att
430 322 65 21 Hans
514 322 117 27 Kejserliga
647 323 100 26 Majestät
761 323 81 20 täcktes
857 323 8 20 i

312 357 69 20 näder
403 356 69 21 tilläta
488 358 37 23 att,
548 357 1 20 i
565 357 52 20 män
642 357 28 27 af
686 357 70 27 behof,
772 357 93 28 förskott

313 391 67 27 blefve
402 391 52 26 från
477 398 26 13 en
527 391 34 20 del
582 391 28 27 af
630 391 133 21 statsverkets
785 391 79 28 fonder

313 425 123 20 utlemnade
461 425 33 21 till
515 425 292 28 kommunikationsfonden,
831 428 33 19 att

312 460 128 20 återbetalas
456 460 66 20 sedan
539 460 34 21 det
582 466 46 21 nya
636 460 167 27 jernvägslänet
813 460 50 28 blif-

313 493 30 21 vit
362 495 108 26 upptaget,
489 495 13 20 å
519 494 74 21 hvilka
609 495 92 26 förskott
715 496 66 19 ränta
798 495 65 20 borde

312 528 52 27 från
380 528 286 27 kommunikationsfonden
682 529 105 27 erläggas,
792 529 72 27 jämte

313 562 34 21 det
368 563 72 20 denna
464 563 56 27 fond
537 563 69 20 skulle
621 563 105 27 godtgöra
743 563 40 20 den
799 563 63 21 kurs-

312 597 80 27 förlust
408 604 46 13 som
472 597 103 28 uppstode
591 597 37 21 vid
640 597 133 28 försäljning
789 598 27 27 af
829 599 33 19 ut-

314 631 92 21 ländska
429 631 144 27 obligationer
588 631 7 21 i
610 632 40 20 och
666 632 35 27 för
715 632 148 27 anskaffande

313 666 28 27 af
352 666 69 21 medel
436 666 33 21 till
482 667 130 26 förskotlens
627 667 132 27 utgifvande.

177 809 8 21 I
209 809 168 28 behandlingen
400 810 26 20 af
446 809 61 22 detta
523 810 83 21 ärende
622 810 69 21 hafva
706 809 92 28 deltagit
813 810 50 21 ord-

107 844 111 21 föranden
251 844 24 21 L.
307 844 119 25 Mechelin,
456 844 154 21 ledamöterne
640 844 86 27 August
756 845 107 27 Ramsay,

108 879 140 26 Bruncrona,
271 878 188 27 Standertskjöld,
476 879 100 25 Donner,
593 878 24 21 G.
634 878 26 21 O.
678 879 24 20 T.
718 879 144 26 Nordström,

108 913 128 26 Bonsdorff,
251 913 141 26 Johansson,
408 913 116 26 Hallberg,
540 920 44 14 von
594 913 80 26 Pfaler,
690 913 41 20 Th.
740 913 123 26 Wegelius,

107 943 100 30 Öhman,
223 947 82 27 Wärri,
322 947 127 26 Meurman,
462 947 97 28 Kiipula,
569 948 43 20 och
621 947 158 27 Tuomikoski,
787 947 77 21 äfven-

108 988 50 14 som
174 981 71 21 delvis
261 982 175 27 suppleanterne
452 982 122 26 Helander,
585 982 24 20 A.
622 982 131 26 Holmberg,
765 982 98 26 Krogius.

107 1016 44 21 och
168 1016 135 27 Kilpiäinen.

177 1085 148 26 Helsingfors,
341 1085 43 20 den
400 1086 13 19 2
426 1085 52 26 juni
496 1085 60 20 1900.

176 1464 143 18 Statsutskottets
331 1463 111 18 betänkande
453 1463 39 17 N:o
505 1465 12 16 9
529 1463 21 17 B.
