1061 1631
448 121 40 21 N:o
504 122 35 20 31.
834 122 12 19 3

119 190 92 25 310,000
225 189 69 22 mark.
323 189 31 22 De
370 190 125 21 beräknade
510 190 117 27 utgifterna
643 189 86 22 komma
743 189 90 22 sålunda
843 191 32 19 att

116 224 55 27 stiga
191 224 49 21 med
257 225 126 26 14,489,374
399 225 61 20 mark
476 225 27 20 32
519 224 64 27 penni
599 224 39 21 och
654 226 76 25 utgöra
746 224 128 27 62,627,354

116 259 60 21 mark
199 259 28 21 32
250 258 69 27 penni.
350 254 148 26 Öfverskottet
520 259 32 21 till
576 258 120 27 påföljande
719 258 156 27 budgetperiod

115 293 85 20 komme
216 293 6 21 i
239 293 94 26 enlighet
355 293 89 21 härmed
464 295 34 19 att
521 294 70 26 uppgå
614 293 33 21 till
665 293 126 26 18,664,742
815 292 60 21 mark

116 328 27 20 87
159 327 63 27 penni
238 327 52 22 eller
305 328 6 20 i
327 327 117 22 afrundadt
458 328 31 21 tal
508 328 126 26 18,660,000
650 327 67 22 mark.

184 363 21 20 2.
236 361 214 29 Statsjernvägarnes
465 362 129 27 trafikvinst.
625 361 186 22 Nettoinkomsten
827 361 46 21 från

116 397 195 27 statsjernvägarne
333 397 98 27 utgjorde
454 397 24 21 är
504 398 53 20 1896
581 398 41 25 3,62
639 398 28 25 ?/,
686 397 22 20 af
720 397 153 26 jernvägarnes

115 431 86 22 tillökta
224 431 224 28 anläggningskapital
472 432 34 21 vid
531 431 57 22 årets
611 431 49 21 slut.
693 431 126 27 Påföljande
842 431 31 27 är,

116 465 122 22 hvarunder
251 466 39 21 den
306 472 39 20 nya
360 466 60 27 lägre
436 465 86 22 tariffen
540 472 37 15 var
592 465 100 28 gällande
707 465 6 21 i
730 466 13 20 8
759 465 114 22 månaders

116 499 39 27 tid,
171 500 97 27 utgjorde
285 500 66 27 sagda
366 501 93 20 inkomst
475 502 43 25 3,61
527 501 28 26 %/,
565 500 40 21 och
616 500 68 21 under
694 501 25 20 är
729 500 54 21 1898
794 501 44 26 3,54
846 501 27 26 9/,

115 533 25 22 af
153 535 37 20 det
205 535 6 20 i
225 535 139 26 jernvägarne
380 535 107 27 nedlagda
502 535 112 27 kapitalet.
638 534 156 22 Trafikvinsten
806 534 67 21 under

116 570 61 20 nästa
192 568 143 28 finansperiod
351 569 69 22 skulle
436 569 97 26 sälunda,
544 569 6 21 i
561 569 103 22 händelse
679 569 51 28 inga
742 564 46 32 nya
803 569 70 21 fakto-

116 609 35 15 rer
166 603 124 28 tillkomme,
307 603 71 22 kunna
393 604 73 21 ausläs
483 604 34 21 till
533 604 63 21 minst
612 605 32 25 3,5
653 605 27 25 %/,
692 603 22 22 af
721 604 152 27 jernvägarnes

116 637 152 28 kapitalvärde.
299 638 42 21 För
356 638 40 21 den
412 638 108 27 händelse,
530 639 27 26 pä
573 640 43 19 sätt
632 638 58 21 förut
705 640 92 25 nämnts,
806 638 68 21 under

115 672 172 27 finansperioden
303 679 25 14 en
345 679 26 20 ny
388 673 150 26 aflöningsstat
549 673 83 21 komme
648 675 32 19 att
690 673 66 21 blifva
766 673 107 26 gällande,

115 706 54 22 ökas
184 707 119 21 emellertid
315 707 147 27 utgiftsstaten
473 707 38 22 och
523 707 93 21 minskas
628 707 89 22 sålunda
729 707 143 21 nettovinsten

116 741 48 20 med
180 741 97 27 omkring
300 742 91 26 600,000
414 742 61 21 mark
498 741 88 28 årligen.
616 741 79 21 Vidare
710 743 25 19 är
750 744 33 18 att
799 741 74 21 märka

115 777 32 20 att
162 775 206 28 statsjernvägarnes
391 776 149 27 kapitalvärde
560 776 66 27 enligt
645 776 57 21 hvad
717 775 104 22 nedanför
836 782 36 15 an-

116 809 56 22 föres
191 810 67 21 under
277 810 170 27 finansperioden
458 811 97 21 kommer
577 813 32 19 att
625 810 6 21 i
647 810 94 27 ovanligt
755 810 43 27 hög
813 810 60 27 grad,

115 843 53 22 eller
188 844 47 21 med
254 845 124 26 10,515,900
402 845 62 21 mark
484 845 89 26 årligen,
590 845 52 20 ökas
657 851 76 20 genom
749 845 76 26 anslag
839 844 33 22 till

115 878 152 27 nybyggnader
291 879 39 20 och
346 885 27 20 ny
394 879 66 27 rörlig
483 879 96 21 materiel
603 879 33 20 för
652 879 25 21 de
693 878 82 27 färdiga
787 879 85 27 jernvä-

115 919 71 20 garne.
218 913 48 21 Med
289 913 99 22 afseende
405 914 54 21 härå
475 914 39 21 och
531 913 27 22 då
573 914 35 21 det
624 913 46 22 icke
687 914 41 21 kan
744 914 129 21 förutsättas

115 949 32 20 att
163 948 106 21 banornas
292 949 133 21 rentabilitet
449 949 55 22 skall
520 949 53 21 ökas
588 949 7 21 i
608 949 67 27 jemnt
690 949 134 21 förhållande
839 949 33 21 till

116 982 120 21 desammas
251 989 76 20 genom
344 983 144 27 nyssnämnda
504 984 74 26 anslag
594 983 82 27 årligen
691 983 98 27 stigande
799 984 73 25 värde,

115 1023 62 20 synes
192 1017 243 27 beräkningsprocenten
446 1018 53 21 böra
510 1017 33 22 för
553 1017 172 27 finansperioden
737 1017 134 27 fortlöpande

115 1051 78 21 sänkas
212 1052 39 21 och
267 1051 89 22 sålunda
372 1052 125 27 förslagsvis
512 1055 106 24 upptagas
634 1052 32 21 för
677 1052 23 21 år
713 1053 51 20 1901
777 1052 32 21 till
821 1053 50 25 3,40,

114 1085 34 21 för
163 1087 24 19 år
205 1087 54 20 1902
281 1086 33 21 till
335 1087 49 26 3,35,
400 1087 33 21 för
450 1087 24 21 år
492 1088 54 20 1903
563 1087 32 21 till
612 1088 42 24 3,30
672 1087 38 20 och
727 1087 32 20 för
775 1086 24 21 år
817 1087 53 20 1904

115 1119 32 22 till
164 1121 49 25 3,25.

182 1155 42 22 Det
239 1156 86 21 tillökta
340 1156 245 28 anläggningskapitalet
600 1157 99 27 utgjorde
714 1156 35 22 vid
765 1156 65 22 slutet
849 1156 25 21 af

115 1189 23 21 år
155 1190 54 21 1898
225 1191 71 26 215,50
312 1191 98 27 miljoner
425 1192 69 26 mark,
511 1192 45 20 deri
572 1191 140 21 inberäknadt
723 1193 42 25 6,50
774 1191 97 27 miljoner

114 1224 60 21 mark
194 1224 23 21 af
233 1224 371 28 Haapamäki-Jyväskylä-Suolahti
619 1226 81 20 banans
716 1225 155 27 kapitalvärde.

114 1258 65 21 Detta
201 1258 82 27 kapital
306 1259 96 21 kommer
424 1260 70 21 under
518 1261 24 20 år
560 1261 53 20 1899
635 1262 31 19 att
682 1260 51 21 ökas
751 1260 47 21 med
814 1260 58 20 åter-

113 1293 75 21 stoden
204 1293 21 21 af
239 1294 143 26 nyssnämnda
398 1294 67 22 banas
481 1295 148 27 kapitalvärde
643 1296 41 24 1,84
694 1295 97 26 miljoner
802 1294 67 26 mark,

113 1328 27 26 1/5
156 1328 22 20 af
192 1322 121 28 Äbo-Karis
327 1328 84 22 banans
426 1329 157 27 kapitalvärde,
598 1330 125 26 12,210,000
739 1330 66 24 mark,
818 1329 53 21 eller

113 1363 43 25 2,04
179 1362 97 27 miljoner
292 1363 60 21 mark
367 1366 56 18 samt
438 1364 120 21 kostnaden
575 1364 33 20 för
622 1364 149 27 nybyggnader
787 1363 40 21 och
842 1369 28 21 ny

113 1397 66 27 rörlig
194 1398 96 20 materiel
306 1399 43 25 9,78
365 1398 99 27 miljoner
480 1398 67 21 mark.
577 1398 73 22 Under
666 1398 24 21 år
707 1399 53 20 1900
776 1398 93 21 tillkom-

112 1437 45 15 mer
173 1432 122 21 återstoden
312 1432 23 21 af
348 1426 123 28 Åbo-Karis
489 1433 79 21 banans
584 1433 147 26 kapitalvärde
748 1432 48 21 med
814 1433 55 26 10,17
