1061 1631
221 132 12 19 4
527 132 40 21 N:o
583 133 34 21 33.

192 199 147 27 garnredskap
356 199 45 22 deri
417 201 128 22 annorledes
561 201 108 22 bedrifvas
680 204 26 19 än
718 204 33 19 att
761 201 106 22 fiskleden
878 201 73 22 städse

192 233 67 22 hålles
275 233 27 22 fri
318 235 32 20 till
366 234 32 22 sin
415 235 71 21 halfva
502 235 74 22 bredd.

259 268 65 22 Hvad
340 275 33 15 om
390 269 87 22 stående
492 270 92 28 redskap
600 273 48 25 sägs
664 273 24 20 är
699 271 18 28 ej
729 271 124 27 tillämpligt
865 272 13 20 å
888 271 60 27 lång-

190 303 33 21 ref
237 303 54 21 eller
307 309 68 16 annan
391 304 154 28 krokredskap.

544 379 47 28 78.

256 417 12 22 I
283 418 89 27 saltsjön
388 418 35 22 må
438 420 46 20 stor
499 420 70 26 ryssja
584 420 18 27 ej
618 421 93 20 utsättas
726 419 7 22 i
749 420 55 21 sund
815 419 53 22 eller
883 421 62 19 utan-

189 451 34 22 för
238 452 48 21 dess
302 453 106 27 mynning,
426 453 18 27 ej
460 453 68 22 heller
543 454 57 21 inom
615 454 31 21 tio
661 454 114 22 kilometer
790 453 87 22 utanför
892 453 52 22 eller

188 487 22 21 åt
225 487 126 26 någondera
369 488 61 21 sidan
446 488 47 21 från
509 489 127 27 mynningen
652 489 23 21 af
688 489 19 27 å,
724 489 46 21 deri
785 489 37 20 lax
837 488 52 21 eller
905 495 39 14 an-

187 521 106 22 norlunda
312 522 91 21 benämd
421 522 41 21 fisk
481 523 23 20 af
523 523 117 27 laxslägtet
658 523 52 22 eller
737 523 34 22 sik
794 523 149 21 förekommer.

255 556 64 21 Hvad
334 563 33 14 om
384 557 68 27 ryssja
467 559 49 25 sägs
531 558 107 27 tillämpas
649 557 13 22 å
673 558 28 21 all
713 558 48 21 med
772 557 74 22 botten
858 557 86 22 försedd

184 597 64 21 garn-
264 591 52 22 eller
331 598 69 15 annan
415 592 100 27 redskap.

540 669 13 20 8
568 668 18 27 8.

253 707 64 21 Fiske
328 707 48 21 med
386 707 67 28 rörlig
463 708 153 27 garnredskap,
628 710 59 19 utom
698 707 107 22 häfvande
815 707 47 21 från
872 709 69 20 stran-

184 740 39 22 den
241 741 54 21 eller
310 742 93 21 landfast
418 742 86 27 brygga,
521 749 49 14 vare
586 742 6 21 i
608 742 44 21 lax-
668 742 51 21 eller
735 741 124 22 sikförande
875 741 12 21 &
901 741 40 22 och

183 775 36 21 vid
235 776 50 21 dess
301 777 101 26 mynning
417 776 114 27 förbjudet.

252 805 31 26 Är
306 811 66 21 skildt
394 811 44 21 Jax-
461 811 53 21 eller
529 811 122 27 siknotvarp
670 811 38 22 der
723 811 94 27 lagligen
835 811 104 27 utmärkt,

182 846 35 20 mä
237 845 55 21 dock
309 846 7 21 i
332 845 76 22 sådant
423 851 51 22 varp
492 846 75 27 dragas
582 848 47 24 not;
646 846 38 21 och
700 852 51 15 vare
764 845 81 27 jämväl
861 845 79 22 tillåtet

182 882 33 19 att
230 880 7 21 i
248 880 63 21 Kemi
329 880 30 21 elf
368 880 104 21 nedanom
484 880 134 22 Taivalkoski
629 880 43 21 fors
684 881 38 21 och
733 881 7 20 i
751 881 32 26 Ijo
794 880 31 21 elf
833 881 104 20 nedanom

180 914 116 21 Raasakka
314 917 51 24 pata
384 915 116 21 allestädes
515 915 53 21 fiska
583 915 80 21 taimen
680 915 48 21 med
743 917 38 19 not
796 915 68 20 under
879 915 57 21 tiden

180 948 46 21 frän
248 949 40 21 och
308 949 47 21 med
376 949 40 22 den
432 951 12 20 6
460 949 91 27 Augusti
566 949 32 22 till
615 950 39 21 och
670 950 48 21 med
735 950 40 20 den
793 950 25 19 15
835 949 101 22 Oktober.

533 1018 47 27 98.

248 1054 45 26 Äro
316 1059 58 27 flere,
397 1065 44 15 som
460 1059 52 25 vilja
529 1059 98 27 begagna
645 1058 118 22 fiskeställe
778 1058 7 21 i
801 1058 78 26 hafvet,
896 1059 39 21 och

177 1093 74 21 kunna
271 1093 25 22 de
312 1094 18 27 ej
347 1094 37 21 der
400 1094 111 27 samtidigt
524 1093 61 27 fiska,
600 1095 51 26 göre
667 1094 37 21 det
718 1093 5 21 i
741 1093 41 21 den
798 1093 95 27 ordning,
909 1093 26 22 de

177 1128 33 21 till
225 1128 86 27 platsen
327 1128 124 22 ankommit.
482 1129 10 21 I
508 1129 76 21 sådant
599 1129 39 21 fall
653 1128 35 22 mä
702 1128 146 27 notdragning
862 1128 24 21 af
898 1135 36 15 en-

177 1162 54 21 hvar
254 1163 7 21 i
281 1163 48 21 dess
347 1164 35 20 tur
400 1162 109 22 bedrifvas
528 1163 66 21 under
612 1165 32 19 ett
659 1163 62 27 dygn,
737 1164 57 20 samt
808 1163 65 26 plats,
888 1168 44 16 som

177 1196 72 28 nägon
268 1197 48 22 med
331 1197 87 22 stäende
434 1198 90 26 redskap
540 1198 82 26 intagit,
638 1197 24 21 af
675 1197 78 21 honom
770 1196 91 22 sälunda
876 1199 57 25 nytt-

175 1232 34 26 jas
224 1232 57 21 intill
297 1231 104 28 ingängen
418 1232 23 21 af
454 1232 68 21 andra
536 1232 190 27 veckofredningen
742 1231 100 22 derefter.

523 1302 25 20 10
563 1301 18 28 8.

245 1342 93 22 Stående
353 1341 100 30 redskap
461 1342 35 20 mä
511 1342 6 20 i
528 1341 73 21 hafvet
610 1341 48 21 icke
668 1343 96 20 utsättas
775 1342 99 20 närmare
884 1343 47 20 not-

173 1383 52 21 varp
245 1379 27 19 än
291 1376 36 22 två
345 1376 81 22 hundra
443 1379 74 21 meter,
533 1376 19 26 ej
568 1376 67 21 heller
650 1378 99 20 närmare
765 1382 82 15 annans
863 1376 68 27 ryssja

173 1413 27 19 än
224 1414 34 18 att
280 1410 108 22 afständet
410 1410 33 22 till
461 1410 60 22 sidan
541 1410 24 22 af
582 1410 69 22 denna
665 1412 26 20 är
704 1410 124 22 tvåhundra
842 1410 40 22 och
897 1410 33 22 till

171 1446 49 22 dess
236 1449 57 24 yttre
309 1446 113 26 ändpunkt
436 1446 78 27 fyratio
529 1447 72 20 meter.
