1061 1631
183 139 14 21 4
374 138 84 23 Ständ.
476 138 40 22 Sv.
531 151 28 3 —
575 138 73 28 Prop.
666 138 41 23 N:o
721 138 39 22 42.

183 209 103 30 sedagen
298 209 61 22 skall
371 209 86 22 räknas
469 210 53 21 från
534 209 177 30 förfallodagen,
725 209 84 23 endast
821 217 36 15 om
868 209 75 22 denna

183 244 95 22 infaller
290 244 63 22 inom
366 246 35 19 ett
413 245 25 21 år
450 244 60 22 efter
522 244 40 22 det
571 244 77 22 beslut
658 252 37 14 om
704 245 140 28 kungörelse
854 245 88 22 fattats.

253 278 107 23 Emedan
387 278 53 23 skäl
466 279 52 21 icke
545 286 68 21 synes
640 279 115 29 föreligga
783 281 41 26 att,
843 280 30 28 på
896 281 48 20 sätt

183 313 134 28 föreslagits
335 313 9 22 i
362 313 186 29 propositionens
567 313 15 22 8
599 314 19 27 &,
631 313 110 29 förvägra
759 313 119 22 sökanden
896 315 48 20 rätt

184 350 35 19 att
245 348 9 21 i
282 347 81 30 hvarje
390 347 48 28 fall,
458 347 41 22 der
517 347 84 22 sådant
619 351 25 18 är
662 348 98 29 möjligt,
779 348 76 22 införa
873 347 44 22 den
934 347 9 22 i

183 382 140 29 paragrafen
342 381 124 23 omnämda
484 382 156 28 kungörelsen
658 383 8 20 i
683 382 118 22 allmänna
813 381 129 29 tidningar-

183 423 42 16 nas
253 417 75 21 första
354 423 106 15 nummer
486 416 24 22 af
536 416 40 22 det
604 417 137 28 årsqvartal,
760 424 50 15 som
828 417 58 21 efter
904 416 39 21 det

183 451 78 22 beslut
286 458 37 15 om
347 451 156 28 kungörelsen
529 451 83 22 fattats
640 451 57 22 först
724 451 101 28 infaller,
843 451 43 22 har
903 458 40 22 pa-

183 485 110 29 ragrafen
312 485 9 22 i
339 485 65 22 detta
422 485 108 22 afseende
549 485 174 29 omredigerats.

252 520 184 28 Bestämningen
454 520 9 21 i
484 520 29 21 12
533 521 13 26 &
565 521 14 20 2
599 527 74 20 mom.,
693 522 36 19 att
749 519 78 22 beslut
850 527 36 14 om
904 519 38 22 be-

183 554 216 29 talningsförebuds
426 554 162 22 återkallande
614 555 62 21 skall
700 555 30 28 på
754 554 131 22 sökandens
904 554 38 21 be-

183 589 104 22 kostnad
313 588 115 29 delgifvas
455 589 45 21 den
526 589 149 28 förpligtade,
693 589 74 21 måste
791 596 68 14 anses
879 588 63 29 gälla

184 623 70 22 äfven
273 623 40 22 det
330 623 49 28 fall,
398 625 35 20 att
452 623 95 22 ärendet
566 623 124 22 afskrifves
707 624 31 28 på
757 623 44 22 den
820 623 8 21 i
848 623 11 21 1
874 630 66 15 mom.

184 657 23 22 af
225 657 75 29 sagda
318 657 110 30 paragraf
446 657 113 29 stadgade
577 657 84 29 grund,
674 665 53 14 men
747 657 30 22 då
794 657 85 22 sådant
890 657 52 22 icke

183 691 136 30 otvetydigt
342 692 102 29 framgår
462 692 24 22 af
509 691 161 30 ordalydelsen
688 692 9 21 i
716 692 14 21 2
750 694 132 25 momentet,
899 691 43 22 har

183 726 180 29 ifrågavarande
381 727 109 28 paragraf
508 727 8 21 i
533 726 85 29 antydt
636 727 61 28 syfte
715 726 158 29 förtydligats.

252 761 13 19 T
292 760 104 30 enlighet
422 761 52 22 med
495 761 29 21 de
542 761 23 22 af
585 761 131 22 Ständerna
734 761 9 21 i
762 761 15 21 8
797 761 12 26 $
827 760 115 29 vidtagna

183 795 128 29 ändringar
337 795 71 22 hafva
435 795 68 22 äfven
528 795 207 29 bestämningarna
753 795 9 21 i
782 795 31 22 i4
832 796 13 26 $
864 795 78 22 blifvit

183 829 76 22 delvis
283 829 198 22 omformulerade.
516 829 116 29 Derjomte
651 830 43 21 har
711 837 86 20 genom
813 829 129 22 uteslutan-

183 863 40 22 det
241 864 25 21 af
285 864 66 22 ordet
370 863 109 30 ,domen*
498 863 45 23 den
561 864 110 29 tolkning
688 864 127 29 förebygts,
836 866 35 19 att
882 871 60 14 mor-

183 898 234 29 tifikationsutslaget
440 899 9 21 i
472 898 52 22 dess
545 898 79 22 helhet
641 898 72 22 borde
731 899 36 20 uti
785 898 46 22 den
849 898 8 21 i
875 905 66 22 para-

182 933 84 28 grafen
285 933 119 29 påbjudna
421 933 155 28 kungörelsen
594 933 93 22 införas.

252 968 101 21 Jemlikt
377 968 31 21 31
434 969 14 26 8
472 968 8 21 i
503 967 167 29 förordningen
689 967 45 22 den
754 967 32 22 30
806 967 135 29 September

185 1001 65 22 1892
279 1009 37 15 om
343 1001 118 23 allmänna
483 1002 208 29 upplagsmagasin
712 1001 54 22 med
787 1004 48 20 rätt
853 1003 35 20 att
905 1003 36 20 ut-

182 1035 66 30 gifva
267 1039 113 19 warrants
398 1037 59 21 skall
475 1036 51 28 den,
540 1044 49 14 som
608 1037 63 28 gjort
686 1036 110 22 anmälan
809 1044 37 14 om
858 1036 83 21 förlust

184 1070 22 22 af
224 1071 167 29 upplagsbevis
404 1071 44 22 och
461 1071 85 22 önskar
558 1071 148 22 utbekomma
719 1071 45 21 den
776 1073 63 20 emot
851 1071 91 21 beviset

182 1105 116 22 svarande
316 1113 73 14 varan
406 1106 73 21 innan
497 1105 46 22 den
560 1106 9 21 i
587 1105 140 29 paragrafen
746 1105 113 29 stadgade
874 1105 67 21 efter-

182 1139 174 30 lysningstiden
380 1140 158 28 tilländagätt,
557 1139 41 23 hos
619 1140 232 29 upplagsmagasinet
869 1139 72 22 bland

183 1176 75 20 annat
282 1174 69 22 ställa
368 1175 96 29 borgen,
483 1182 48 14 som
549 1174 47 22 kan
614 1175 24 21 af
655 1174 164 29 inrätiningen
837 1174 104 28 godkän-

182 1216 49 14 nas.
269 1209 82 29 Enligt
371 1210 11 20 1
403 1211 127 20 momentet
554 1209 23 22 af
597 1209 30 21 18
646 1210 14 26 8
678 1210 8 20 i
709 1208 163 30 föreliggande
892 1208 49 29 lag-

182 1243 89 29 förslag
289 1244 75 21 skulle
382 1243 40 22 det
440 1243 103 23 deremot
560 1244 36 21 uti
614 1243 180 29 ifrågavarande
807 1243 43 22 fall
863 1242 78 30 åligga

182 1277 122 22 sökanden
323 1280 34 20 att
375 1278 83 22 endast
475 1278 36 22 för
528 1278 163 29 inrättningen
710 1277 178 23 tillkommande
907 1284 34 14 er-

182 1312 108 29 sättning
308 1312 69 22 ställa
394 1314 58 27 pant
470 1312 56 22 eller
543 1312 94 28 borgen.
665 1312 37 22 Då
720 1312 129 22 emellertid
863 1311 78 22 anled-

181 1346 61 29 ning
268 1347 53 22 icke
344 1349 66 27 synts
436 1347 142 22 förekomma
602 1349 35 20 att
660 1347 8 21 i
690 1346 66 23 detta
774 1345 168 30 sammanhang

181 1380 101 30 vidtaga
299 1382 78 28 uågon
395 1381 101 29 ändring
514 1382 23 22 af
554 1381 150 22 meranämda
721 1381 150 28 förordnings
883 1380 58 22 före-

182 1415 103 29 skrifter,
305 1416 77 22 sävidt
400 1416 116 22 desamma
534 1416 62 29 angå
613 1415 176 23 bestämmande
808 1416 23 22 af
849 1415 46 22 den
906 1418 35 19 sä-

182 1449 91 29 kerhet,
292 1458 49 14 som
358 1450 8 22 i
384 1450 161 30 nyssantydda
556 1450 42 22 fall
610 1450 61 22 skall
684 1450 25 22 af
721 1450 120 22 sökanden
854 1450 86 27 ställas,
