1061 1631
211 134 29 19 26
438 131 23 23 U.
478 132 22 22 B.
516 144 30 3 —
562 132 64 28 Prop.
642 132 38 22 N:o
696 132 39 22 30.

211 196 123 23 bekräftas
358 196 24 23 af
409 197 164 22 erfarenheten
592 197 52 22 från
660 197 88 22 Imatra
768 196 86 23 banan.
885 197 80 29 Enligt

208 233 246 28 Järnvägsstyrelsens
479 233 125 22 berättelse
627 233 36 22 för
687 233 26 22 år
730 236 57 19 1898
803 233 71 22 löstes
892 233 71 22 näml.

211 267 104 24 förutom
338 268 217 30 rundresebiljetter
580 272 93 24 192,257
694 269 97 28 vanliga
811 268 103 29 biljetter
929 268 35 23 till

211 303 46 23 och
268 303 53 24 från
333 305 147 22 stationerna
490 305 31 29 på
531 304 113 23 sträckan
655 304 307 27 Antrea—Vuoksenniska,

212 340 139 29 antagligen
366 340 36 23 till
418 341 118 28 väsentlig
553 340 37 23 del
606 340 25 23 af
646 341 102 22 turister.

285 376 67 22 Hvad
368 376 84 23 staden
467 376 93 29 Nyslott
574 376 122 27 beträffar,
720 376 105 29 uppgick
836 375 53 23 dess
900 377 63 21 inne-

211 410 155 25 vånareantal
383 412 26 22 år
426 415 57 20 1896
500 412 138 29 visserligen
657 412 60 23 blott
727 411 35 23 till
775 415 64 24 1,688
848 418 116 23 personer,

212 453 56 16 men
285 448 77 22 såsom
379 454 30 16 en
424 448 104 29 naturlig
538 447 140 23 förmedlare
690 447 24 23 af
725 447 46 23 den
782 447 182 29 kringliggande

212 484 81 21 ortens
316 485 81 28 export
420 483 44 23 och
487 484 86 29 import
596 485 62 21 samt
681 484 78 22 såsom
783 483 181 22 trafikcentrum

212 518 37 23 för
269 526 28 15 en
316 519 132 23 vidsträckt
464 519 152 30 omgifvande
628 519 56 30 näjd
696 521 25 21 är
732 519 83 22 staden
827 525 28 16 en
866 519 98 29 lämplig

213 554 128 29 slutpunkt
356 555 35 22 för
407 562 29 15 en
450 556 110 29 järnväg.
588 555 84 23 Ortens
688 555 121 29 betydelse
825 555 101 29 förhöjes
940 555 24 22 af

212 590 56 23 dess
292 591 75 29 lifliga
391 591 184 29 ängbätstrafik,
594 591 96 23 hvilken
706 590 93 30 uppgår
813 591 36 22 till
864 590 100 29 ungefär

214 629 27 20 70
263 626 168 29 ängbätsturer
445 628 8 21 i
466 627 100 27 veckan,
583 627 42 22 och
642 627 110 29 erbjuder
766 627 93 28 Nyslott
875 626 89 23 säledes

213 669 29 15 en
268 662 102 23 särdeles
394 663 99 29 lämplig
517 663 196 28 föreningspunkt
732 662 37 23 för
781 663 123 28 järnvägs-
921 662 43 23 och

214 697 214 30 ängbätstrafiken.
462 698 82 23 Säsom
563 700 51 21 säte
633 698 36 23 för
688 698 163 29 stiftsstyrelse
870 698 43 22 och
928 698 36 23 sä-

213 740 53 16 som
287 734 105 23 skolstad
409 735 69 28 utgör
494 734 95 29 Nyslott
603 734 156 23 centralorten
776 733 35 23 för
827 733 137 30 omnäjdens

213 769 99 30 andliga.
333 771 123 26 intressen,
480 771 30 28 pä
529 776 93 17 samma
640 769 66 30 gång
723 769 84 23 staden
827 770 137 22 sommartid

213 805 102 23 besökes
339 806 77 22 såsom
436 807 78 22 turist-
534 805 43 24 och
596 805 90 28 badort,
702 805 92 23 hvilket
815 805 69 23 äfven
904 806 8 22 i
928 806 36 22 sin

212 840 58 23 mån
287 844 26 19 är
329 841 24 23 af
369 841 120 30 betydelse
506 841 35 23 för
557 849 29 15 en
599 843 109 28 järnväg.

286 877 80 29 Enligt
389 877 96 30 uppgift
508 877 65 23 öfver
593 877 92 23 landets
705 877 141 29 folkmängd
865 877 25 22 år
908 881 56 19 1896

212 912 51 23 kan
280 913 45 22 den
341 914 62 22 inom
420 914 34 21 ett
470 913 95 22 afstånd
581 913 24 22 af
622 917 28 19 20
666 913 41 23 km
723 913 32 29 på
770 913 116 22 hvardera
897 913 67 22 sidan

212 955 38 16 om
268 949 79 22 banan
362 949 91 22 boende
464 949 170 29 befolkningen
647 949 118 22 beräknas
776 949 36 22 till
823 952 79 24 32,027
914 955 50 23 per-

213 991 71 16 soner
300 985 55 22 eller
371 988 42 19 395
430 991 110 23 personer
555 992 41 22 per
612 985 179 22 bankilometer.

287 1021 42 22 Att
352 1021 36 22 för
411 1027 30 16 en
465 1021 110 22 tillärnad
591 1021 75 22 banas
690 1020 147 23 räntabilitet
860 1022 104 27 uppgöra

213 1063 30 15 en
261 1056 135 29 tillförlitlig
411 1057 82 28 kalkyl
509 1059 26 20 är
551 1057 8 22 i
575 1057 129 22 allmänhet
719 1056 96 29 mycket
830 1055 65 24 svårt
911 1056 53 23 med

213 1091 114 24 afseende
358 1093 14 22 å
400 1092 120 29 mängden
548 1092 25 23 af
596 1092 129 23 olikartade
747 1092 111 27 faktorer,
884 1092 81 23 hvilka

212 1127 86 23 härvid
314 1128 99 23 invärka
429 1127 31 31 på
475 1128 127 23 resultatet.
632 1128 36 23 Då
684 1127 132 24 emellertid
831 1134 33 16 nu
879 1127 85 30 ifråga-

213 1164 107 23 varande
343 1164 63 23 bana
430 1164 110 30 erbjuder
558 1164 58 23 flere
631 1164 102 23 likheter
749 1163 54 23 med
819 1170 30 16 en
864 1164 100 29 näralig-

212 1200 81 28 gande
313 1200 38 22 del
366 1200 25 22 af
407 1200 115 22 Karelska
538 1200 85 27 banan,
639 1200 36 22 för
690 1200 98 22 hvilken
803 1199 58 23 flere
877 1200 37 22 års
930 1206 34 16 er-

213 1235 112 23 farenhet
348 1236 132 30 föreligger,
504 1242 69 22 synes
597 1236 52 22 skäl
672 1242 58 16 vara
754 1236 35 22 att
808 1235 54 23 med
878 1235 86 29 begag-

213 1271 80 23 nande
317 1271 24 23 af
364 1272 29 22 de
412 1272 7 22 i
438 1271 93 23 landets
555 1271 143 30 detaljerade
718 1271 247 29 järnvägsstatistik
954 1267 15 38 i

214 1306 69 23 detta
299 1307 42 23 fall
358 1307 145 29 förefintliga
518 1308 203 29 upplysningarna
731 1309 106 27 uppgöra
848 1314 29 16 en
887 1309 77 21 ränta-

214 1342 174 30 bilitetskalkyl
404 1343 36 23 för
456 1343 45 23 den
517 1350 32 16 nu
566 1343 122 23 förordade
705 1343 86 23 banan.

287 1378 35 23 De
346 1379 95 27 trakter,
465 1379 81 21 hvilka
570 1378 160 23 bansträckan
754 1374 94 38 Nyslott
859 1374 105 38 —Elisen-

212 1420 75 17 vaara
310 1414 95 23 komme
430 1416 34 21 att
487 1414 145 30 genomlöpa,
653 1414 73 23 hafva
742 1415 8 21 i
766 1414 135 23 hufvudsak
920 1414 44 23 för-

287 1463 185 23 Järnvägsutskottets
484 1462 110 19 betänkande
606 1462 34 19 N:o
654 1464 15 16 1.
