1061 1631
309 92 84 24 Ständ.
410 92 39 24 Sv.
465 105 27 4 —
508 93 74 29 Prop.
598 93 43 23 N:o
656 94 36 22 31.
854 95 24 20 11

124 164 49 23 dels
191 164 28 22 de
237 164 84 23 lättare
339 164 91 23 rälerna
448 164 81 23 kunna
545 164 96 29 utbytas
660 167 49 20 mot
721 167 85 27 tyngre
819 164 60 23 ända

124 199 59 22 fram
200 199 39 22 till
255 199 148 29 Haapamäki
416 199 94 28 station,
520 199 57 22 böra
590 199 4 22 i
603 199 118 29 budgeten
731 199 147 23 inberäknas.

192 233 46 22 För
260 233 43 22 N:o
325 233 37 28 19,
380 233 122 22 införande
521 233 24 22 af
563 233 212 22 centralvexelställ
792 233 41 23 vid
851 241 28 15 en

124 267 37 22 del
179 268 118 28 stationer,
316 267 97 22 hvartill
430 267 231 30 Jernvägsstyrelsen
676 268 83 29 begärt
771 269 108 27 500,000

123 302 73 28 mark,
213 302 71 23 hafva
302 301 132 23 Ständerna
452 302 8 22 i
478 302 118 29 budgeten
615 303 114 22 beräknat
747 305 35 19 ett
794 303 85 30 belopp

123 337 23 21 af
174 337 107 26 150,000
308 337 72 27 mark,
398 337 31 28 på
447 336 40 22 det
504 339 35 20 att
557 337 40 22 det
614 340 60 19 mest
690 337 132 29 trängande
841 337 38 22 be-

123 371 79 22 hofvet
228 372 37 21 må
291 371 80 22 kunna
389 371 136 28 tillgodoses
543 372 14 21 å
575 372 119 27 stationer,
713 379 50 14 som
781 372 21 29 ej
820 372 9 22 i
847 372 32 22 öf-

123 405 48 30 rigt
189 409 39 18 äro
246 405 74 22 under
338 405 160 30 omreglering.

192 440 42 22 N:o
263 441 38 21 20.
337 440 38 22 Då
397 440 40 22 det
454 439 53 23 med
525 439 108 23 afseende
652 441 13 20 å
683 439 40 23 det
740 441 26 21 år
784 441 52 22 från
855 441 24 22 år

124 475 107 28 stegrade
249 475 72 29 priset
338 475 30 28 på
386 474 100 29 sleepers
505 478 25 18 är
548 475 24 21 af
589 475 52 29 vigt
660 477 34 19 att
706 475 58 22 söka
776 477 25 20 så
813 475 66 29 långt

123 509 84 22 sådant
225 513 25 18 är
268 509 92 29 möjligt
378 509 142 22 konservera
537 509 74 28 dessa,
630 509 44 22 och
686 509 29 22 då
728 509 151 29 tillförlitliga

123 543 287 30 impregneringsmetoder
427 551 97 14 numera
541 543 66 22 skola
624 543 82 28 finnas,
724 544 71 22 hafva
811 544 68 22 Stän-

123 577 72 23 derna
221 581 78 19 ansett
325 578 40 22 det
391 585 57 15 vara
475 579 24 21 af
523 578 150 22 ekonomiska
691 578 50 22 skäl
759 578 120 30 påkalladt

124 614 35 20 att
185 613 87 28 bevilja
299 612 40 22 det
363 613 23 21 af
404 613 231 28 Jernvägsstyrelsen
654 613 102 22 önskade
775 613 105 29 anslaget

123 647 24 22 af
176 648 107 27 300,000
310 647 66 22 mark
394 647 36 22 för
448 647 151 22 anskaffande
618 647 24 22 af
660 650 85 19 tvenne
763 650 116 27 transpor-

125 681 65 22 tabla
207 682 112 21 anstalter
336 682 36 21 för
390 681 174 30 impregnering
582 681 23 22 af
623 681 107 30 sleepers.

192 715 150 23 Beträffande
368 716 43 22 N:o
440 717 39 27 22,
505 716 157 29 uppförandet
683 716 24 22 af
723 723 30 15 en
771 724 108 21 vagnsre-

123 750 176 23 montverkstad
317 751 8 21 i
344 744 60 34 Åbo,
423 750 120 22 beräknad
559 753 35 19 att
605 751 68 21 kosta
686 751 107 28 250,000
806 751 72 27 mark,

123 784 71 23 hafva
221 785 131 22 Ständerna
369 784 70 23 hållit
456 785 56 28 före,
531 787 36 20 att
584 785 66 22 detta
668 785 82 29 anslag
767 785 52 22 icke
837 785 43 22 bör

123 819 138 30 uppskjutas
279 820 36 22 till
333 819 105 30 följande
456 819 87 30 period,
561 823 56 18 enär
635 819 40 22 det
692 821 73 20 måste
778 819 52 22 leda
842 820 37 21 till

123 853 76 23 bättre
221 854 114 28 ekonomi,
353 861 37 14 om
412 854 133 29 reparation
568 854 23 22 af
612 861 90 22 vagnar
719 854 47 22 kan
785 855 13 21 å
816 854 63 22 olika

123 891 62 19 orter
207 888 43 22 och
267 891 57 19 utan
343 888 110 30 dröjsmål
471 889 8 21 i
498 888 138 30 erforderlig
654 889 141 29 omfattning
813 889 66 22 verk-

122 923 87 22 ställas.

192 957 104 22 Emedan
323 957 131 22 Ständema
481 957 23 22 af
530 957 82 28 längre
635 959 59 21 fram
712 957 97 22 anförda
828 957 51 22 skäl

123 992 115 21 beräknat
256 992 110 22 behofvet
383 992 24 21 af
425 999 48 21 nya
487 991 128 23 lokomotiv
628 991 75 23 under
714 995 68 19 nästa
794 992 85 21 finans-

123 1026 80 29 period
226 1026 38 22 till
287 1027 47 21 120
353 1029 27 19 st.
399 1027 8 20 i
426 1026 80 22 stället
523 1026 36 22 för
577 1025 39 22 det
634 1027 8 21 i
661 1026 45 22 den
723 1027 87 28 nädiga
828 1033 50 22 pro-

123 1061 130 28 positionen
271 1064 121 26 upptagna
409 1061 91 22 antalet
518 1061 38 27 80,
575 1060 42 23 har
635 1061 102 29 utgiften
748 1061 37 22 för
797 1063 82 27 posten

122 1095 43 22 N:o
192 1095 39 28 25,
250 1095 190 26 lokomotivstall,
460 1095 142 28 kalkylerats
624 1095 38 22 till
681 1095 106 28 720,000
806 1095 71 22 mark.

193 1129 110 23 Summan
327 1130 24 22 af
374 1129 205 30 anslagsposterna
596 1130 38 22 till
652 1129 169 30 nybyggnader
838 1129 40 22 vid

123 1164 29 22 de
179 1164 92 30 färdiga
298 1165 104 22 banorna
428 1165 92 28 uppgår
547 1164 36 22 till
610 1164 58 30 följd
687 1165 23 21 af
728 1164 151 22 omförmälda

123 1198 85 30 tillägg
226 1199 44 22 och
283 1199 161 29 förhöjningar
456 1199 37 21 till
510 1199 148 28 26,784,000
672 1199 65 22 mark
750 1199 43 22 och
805 1199 73 22 öfver-

123 1233 73 29 stiger
217 1233 69 23 alltsä
303 1234 53 22 med
375 1234 133 27 3,670,400
526 1234 65 22 mark
609 1233 163 23 motsvarande
790 1241 88 14 summa

123 1268 8 21 i
149 1267 45 23 den
212 1268 87 29 nädiga
316 1268 182 30 propositionen.

190 1302 71 22 Hvad
279 1302 71 23 sedan
368 1302 146 22 vidkommer
531 1302 45 22 den
594 1303 79 28 rörliga
690 1303 133 21 materielens
841 1303 36 21 ök-

122 1337 55 29 ning
194 1337 71 22 hafva
283 1337 131 22 Ständerna
432 1339 46 19 sett
497 1337 36 29 sig
550 1336 134 23 nödsakade
703 1339 34 19 att
752 1332 126 34 uppskatta

123 1371 69 22 äfven
210 1372 203 28 anslagsbehofvet
431 1371 37 22 för
486 1371 64 22 detta
569 1371 107 23 ändamål
694 1371 71 29 högre
784 1375 30 17 än
826 1378 51 22 pro-

122 1406 143 28 positionens
283 1406 93 29 förslag.
