1061 1631
216 129 13 19 6
409 126 27 23 U.
453 127 27 22 B.
497 140 27 3 —
540 126 74 29 Prop.
630 126 45 23 N:o
692 126 38 23 38.

330 497 184 32 Förordning
532 495 151 35 angäende
696 497 113 27 ändrad
821 496 115 34 lydelse

257 538 34 27 af
307 538 34 27 33
361 539 67 33 kap.
447 539 32 34 &,
498 539 32 26 13
549 539 56 27 och
624 539 32 27 15
675 537 31 36 $$
724 540 10 25 i
754 538 183 33 strafflagen,

258 580 33 27 af
307 580 57 27 den
383 581 32 26 19
434 581 160 27 December
612 581 81 26 1889.

257 692 140 29 Härigenom
420 693 99 28 stadgas,
541 695 34 19 att
590 695 20 23 8,
629 695 26 19 13
672 693 41 21 och
733 695 26 19 15
776 693 29 28 88
822 693 5 20 i
845 695 28 18 33
884 693 52 28 kap.

184 727 27 22 af
232 728 141 29 strafflagen,
397 728 79 29 gifven
494 729 43 21 den
555 731 26 18 19
598 729 125 21 December
743 731 64 23 1889,
823 729 65 20 skola
904 736 33 13 er-

183 763 62 22 hälla
262 763 102 28 följande
380 764 97 29 lydelse:

536 838 12 19 8
565 836 20 28 &.

257 883 88 22 Skadas
370 884 54 21 eller
448 883 107 22 förstöres
580 884 131 29 trädgrupp,
730 884 50 21 träd
797 884 54 21 eller
868 886 68 19 annat

183 919 84 28 dylikt,
292 927 48 14 som
364 919 26 22 af
412 919 62 22 älder
497 919 74 29 tjenat
589 919 35 22 till
639 920 156 27 landkänning
812 919 55 22 eller
882 922 54 25 väg-

183 955 96 29 ledning
304 955 36 22 för
366 955 116 29 sjöfarten,
501 955 55 21 eller
576 957 102 26 afverkas
700 957 53 26 skog
774 957 51 20 eller
846 957 52 21 träd
922 956 14 21 ä

182 993 83 20 strand
290 993 7 20 i
313 993 57 21 strid
386 994 44 19 mot
445 993 58 20 hvad
518 993 8 20 i
541 993 36 26 lag
593 993 91 26 stadgas
699 993 32 21 till
747 992 72 27 skydd
833 992 38 26 för
883 993 53 25 fiske

183 1027 79 21 dömes
279 1027 212 28 gerningsmannen,
508 1027 67 21 äfven
591 1034 36 14 om
638 1027 44 21 han
694 1027 68 28 eljest
772 1027 89 20 kunnat
872 1026 64 21 öfver

185 1063 86 28 skogen
297 1063 97 28 förfoga,
418 1063 35 21 till
472 1063 64 21 böter
551 1063 68 28 högst
635 1063 206 21 femhundramark.
859 1062 77 21 Hatva

183 1099 27 21 de
237 1099 133 28 derigenom
393 1098 77 22 blifvit
494 1098 36 22 för
553 1099 128 21 ändamålet
699 1098 107 29 onyttiga
825 1098 56 21 eller
896 1101 40 18 äro

183 1135 226 28 omständigheterna
438 1134 66 29 eljest
529 1134 147 29 synnerligen
702 1134 155 25 försvårande,
882 1141 53 14 vare

184 1170 91 22 straffet
290 1170 64 22 böter
371 1170 55 22 eller
442 1170 101 29 fängelse
559 1170 35 22 till
611 1171 42 21 och
668 1171 52 29 med
737 1172 33 19 ett
787 1172 31 19 år.

527 1256 26 19 13
570 1254 20 28 &.

256 1301 64 21 Hvar
336 1308 48 14 som
400 1301 106 29 olofligen
523 1301 69 21 fiskar
608 1302 6 20 i
630 1304 86 23 vatten,
733 1308 50 14 som
800 1308 75 14 annan
890 1300 45 21 till-

182 1336 42 22 hör
241 1337 56 21 eller
314 1336 47 22 deri
377 1337 46 21 han
439 1337 19 29 ej
477 1344 53 21 eger
545 1339 46 19 rätt
607 1339 34 19 att
656 1337 53 21 idka
725 1338 29 26 af
765 1338 80 20 honom
856 1337 80 27 bedri/-

182 1380 40 14 ven
250 1372 85 29 fångst,
361 1373 89 21 straffes
474 1373 50 21 med
550 1373 65 21 böter
638 1373 69 28 högst
722 1372 130 22 tvåhundra
867 1372 65 21 mark

182 1408 64 26 eller,
263 1416 37 14 om
316 1409 38 21 det
370 1408 86 22 skedde
470 1409 61 21 inom
547 1408 212 29 fredningsområde
770 1408 55 21 eiier
837 1410 98 19 vinstän-

260 1451 209 18 Vattenrättsutskottets
482 1451 115 18 betänkande
610 1450 37 18 N:o
659 1451 17 18 7.
