1061 1631
331 130 29 22 U.
376 129 28 23 B.
420 142 26 3 —
462 129 75 28 Prop.
552 128 41 23 N:o
608 128 38 22 42.
839 127 26 22 19

111 197 44 22 och
172 197 46 22 låte
235 197 10 21 i
263 196 83 22 sådant
363 195 44 22 fall
424 195 53 22 med
494 196 71 27 utslag
583 195 9 21 i
610 194 162 29 anledning
748 190 27 39 af
784 194 83 22 ansök-

112 233 88 28 ningen
219 232 67 22 anstå
305 231 63 22 intill
387 230 52 22 dess
458 230 87 22 tvisten
557 229 80 22 blifvit
648 229 111 28 slutligen
769 228 97 29 afgjord.

458 311 30 23 12
508 312 20 27 8.

182 371 49 21 Har
259 369 119 22 sökanden
406 370 13 21 &
446 368 204 29 inställelsedagen
667 368 126 27 uteblifvit,
812 375 56 22 upp-

115 406 76 29 skjute
209 407 77 20 rätten
305 403 97 23 ärendet
420 403 37 22 till
476 411 76 14 annan
571 403 35 22 tid
624 405 60 20 samt
702 403 117 28 förelägge
829 403 40 20 ho-

115 447 54 15 nom
187 442 36 19 att
241 439 28 22 då
288 438 209 23 tillstädeskomma
515 438 40 22 vid
574 438 108 28 äfventyr
700 439 41 26 att,
760 437 8 22 i
786 437 41 22 fall
837 437 32 22 äf-

115 482 46 14 ven
186 474 41 22 det
247 474 143 27 försummas,
411 473 96 22 ärendet
526 473 122 21 afskrifves
667 472 43 22 och
728 472 143 28 betalnings-

116 509 90 27 förbud,
235 515 50 15 som
307 508 45 21 kan
371 515 57 14 vara
446 507 139 28 meddeladt,
604 507 132 22 återkallas.
772 506 99 23 Afskrif-

116 551 41 14 ves
175 543 95 22 ärendet
289 542 22 22 af
324 550 78 14 annan
415 542 75 29 orsak,
504 541 71 22 varde
585 541 134 23 meddeladt
728 541 143 29 betalnings-

117 577 82 24 förbud
218 577 43 22 ock
280 577 23 22 af
321 579 77 20 rätten
418 576 146 23 &terkalladt.

186 613 74 21 Beslut
287 619 35 14 om
340 612 209 28 betalmingsförbuds
567 611 142 22 återkallande
727 612 54 21 skall
796 619 76 20 genom

118 649 79 20 rättens
215 647 90 28 försorg
323 647 29 28 pä
371 646 131 22 sökandens
520 645 129 22 bekostnad
668 646 45 24 den
731 645 142 30 förpligtade

119 681 121 29 delgifvas.

467 721 29 21 13
516 721 19 26 8.

188 778 88 22 Finner
301 781 77 19 rätten
396 778 42 22 vid
455 778 209 29 handläggningen
684 778 22 21 af
725 777 96 22 ärendet
839 785 37 14 om

121 813 104 22 urkunds
243 813 109 22 dödande
373 813 85 22 sädant
476 813 34 22 för
528 813 141 28 sanningens
688 812 129 23 utrönande
836 816 40 18 nö-

122 847 58 29 digt,
206 848 37 21 mä
270 847 51 28 den,
343 847 77 22 ehvad
438 847 33 29 jäf
490 850 61 19 emot
569 847 162 29 ansökningen
749 847 127 23 framstälts

123 882 55 21 eller
196 882 57 27 icke,
272 881 96 30 vidtaga
387 882 84 28 åtgärd
490 889 36 15 om
539 881 182 23 införskaffande
732 882 23 22 af
765 881 112 22 erforder-

123 917 34 28 lig
182 916 127 30 utredning
335 917 25 21 sä
378 916 44 22 ock
440 916 78 23 tilläta
537 916 119 23 sökanden
670 919 35 19 att
722 917 53 22 med
793 916 28 22 ed
840 916 37 22 be-

124 959 73 14 sanna
213 951 48 22 viss
278 951 100 30 uppgift.

470 1008 31 22 14
520 1009 19 26 8.

194 1066 49 21 Har
255 1065 93 22 urkund
365 1065 127 22 förklarats
511 1065 83 29 dödad,
613 1065 60 23 skall
694 1066 76 28 (utesl)
791 1066 86 27 härom,

126 1104 43 18 när
194 1102 77 20 rätten
297 1100 94 29 pröfvar
418 1100 40 21 det
485 1100 90 29 nödigt,
593 1108 83 21 genom
694 1100 51 22 dess
764 1101 91 28 försorg
872 1101 9 20 i

128 1135 117 22 allmänna
262 1134 151 29 tidningarna
432 1135 118 29 kungöras
562 1136 8 21 i
584 1135 72 22 första
669 1143 120 14 nummern
802 1136 35 28 för
854 1137 28 20 ett

127 1170 125 28 årsqvartal,
270 1170 51 22 dock
340 1170 20 28 ej
380 1177 75 15 senare
477 1173 31 18 än
525 1171 34 21 det
575 1171 89 27 qvartal,
682 1178 48 14 som
749 1178 29 14 en
797 1170 85 22 månad

127 1204 59 22 efter
204 1204 40 22 det
261 1205 89 28 utslaget
363 1204 86 22 vunnit
467 1204 55 29 laga
538 1199 63 27 kraft
612 1205 59 21 först
683 1207 56 26 tager
750 1206 37 20 sin
800 1206 81 27 början,

128 1239 44 22 och
189 1238 112 30 förskjute
319 1238 120 22 sökanden
458 1238 136 23 kostnaden.

475 1314 31 22 15
526 1315 19 26 8.

198 1371 71 29 Nöjes
295 1372 21 28 ej
343 1374 53 26 part
415 1372 25 21 åt
457 1372 77 28 utslag,
553 1379 48 14 som
620 1371 66 29 lyder
704 1372 13 21 å
736 1371 107 22 dödande
861 1371 23 21 af

130 1405 92 22 urkund
241 1406 56 22 eller
317 1406 75 27 (utesl.)
413 1405 154 29 hvarigenom
585 1406 130 28 ansökning
731 1413 37 15 om
780 1405 104 22 urkunds

131 1440 106 22 dödande
257 1440 111 28 afslagits,
387 1440 55 22 söke
462 1440 51 22 deri
531 1440 100 29 ändring
648 1448 83 21 genom
749 1440 89 22 besvär.

203 1489 130 23 Lagutskottets
345 1489 111 18 betänkande
469 1490 39 17 N:o
520 1490 28 17 13.
