1061 1631
173 120 26 22 22
399 119 29 23 U.
444 119 28 23 B.
488 132 28 3 —
532 120 74 28 Prop.
623 120 42 23 N:o
681 120 37 22 42.

172 185 169 30 inteckningen
368 189 26 18 är
420 185 110 30 beviljad,
557 185 62 29 eller,
648 193 37 14 om
711 185 147 29 handlingen
887 185 45 22 för-

173 220 98 22 kommit
290 220 43 22 och
351 220 80 22 blifvit
448 220 78 22 dödad
545 222 75 20 såsom
639 220 111 22 särskildt
769 224 26 18 är
812 220 118 29 stadgadt,

173 255 44 21 den
245 254 94 23 afskrift
366 255 24 22 af
416 255 301 29 inteckningshandlingen,
747 255 96 22 hvilken
874 255 58 21 efter

172 289 51 22 dess
251 289 107 22 dödande
386 290 75 21 såsom
488 289 161 22 hufvudskrift
675 289 85 29 gäller;
792 289 43 22 och
853 291 77 20 rätten

172 323 45 22 låte
231 324 13 21 å
256 323 295 29 inteckningshandlingen
570 325 56 21 eller
641 324 85 22 nämda
739 324 93 21 afskrift
844 324 85 21 teckna

172 359 65 21 bevis
267 366 36 14 om
324 359 139 28 förnyelsen.
500 358 66 22 Dock
585 359 81 22 stånde
684 358 247 29 inteckningshafvare

173 393 69 21 äfven
262 393 52 22 fritt
332 395 35 20 att
385 393 71 22 förete
475 393 72 22 sådan
566 393 114 28 handling
698 393 41 21 vid
757 401 78 14 annan
848 393 82 21 under-

172 430 54 24 rätt,
245 435 49 14 som
313 428 8 21 i
339 427 57 22 slikt
414 427 41 22 fall
474 427 43 22 har
535 428 55 21 att
581 423 13 38 i
606 429 41 20 sitt
665 427 116 30 protokoll
800 427 131 29 korteligen

171 464 106 27 upptaga
303 462 63 22 hvad
392 462 144 29 handlingen
565 462 136 28 innehåller,
719 463 70 28 jemte
817 462 46 29 dag
887 462 43 22 och

172 496 60 22 årtal
259 496 31 22 då
317 496 45 22 den
389 497 85 28 utgafs,
494 497 23 21 af
539 497 96 22 hvilken
653 499 48 19 rätt
719 497 44 21 och
781 501 43 17 när
842 496 88 22 inteck-

171 531 89 28 ningen
279 535 26 18 är
325 531 107 29 beviljad,
452 534 65 25 samt,
531 531 50 22 ifall
600 531 169 28 inteckningen
788 531 79 22 blifvit
884 531 46 22 för-

171 565 70 29 nyad,
259 569 43 18 när
330 565 39 22 det
396 566 73 27 skett;
498 566 83 21 teckne
608 566 43 21 ock
670 567 13 20 å
701 566 144 28 handlingen
864 565 65 22 bevis

172 602 35 20 att
225 600 45 21 den
289 600 37 21 till
344 600 118 22 vinnande
482 601 22 20 af
522 601 149 28 intecknings
689 601 118 28 förnyelse
823 600 106 22 företedd

171 635 68 21 varit.
277 634 77 22 Sedan
372 635 64 28 gifve
454 635 247 28 inteckningshafvare
719 635 143 28 protokollet
879 634 51 22 der-

172 669 65 22 öfver
265 669 25 22 in
317 669 37 22 till
381 669 44 22 den
443 672 54 25 rätt,
511 669 22 22 af
551 669 97 22 hvilken
668 669 168 28 inteckningen
858 669 71 22 bevil-

171 704 53 29 jats,
243 704 62 21 inom
333 703 35 22 tid
396 711 48 14 som
466 704 9 21 i
497 705 13 26 $
529 704 30 21 27
580 708 78 25 säges;
686 704 42 21 och
747 711 55 14 vare
821 703 65 22 detta
904 704 25 21 så

171 737 67 30 gildt,
259 746 49 14 som
335 745 36 14 om
398 737 144 30 handlingen
569 739 79 21 blifvit
675 738 40 22 der
739 739 8 21 i
770 737 160 23 hufvudskrift

171 772 113 23 företedä.

240 807 93 22 Hinner
358 807 145 22 förkommen
531 807 266 29 inteckningshandling
815 808 21 28 ej
858 807 71 22 blifva

172 841 76 22 dödad
277 842 73 21 innan
376 842 168 28 inteckningen
562 841 70 22 borde
651 842 35 21 för
704 844 35 19 att
757 841 118 22 bibehålla
893 842 37 21 sin

171 875 152 23 förmänsrätt
347 875 101 29 förnyas,
468 877 65 27 skall,
553 877 40 20 der
618 876 98 22 domstol
743 875 129 22 emellertid
890 876 39 21 be-

171 910 67 22 slutit
256 911 38 21 till
312 910 155 29 handlingens
486 911 162 28 efterlysande,
659 911 51 21 med
728 910 73 22 väckt
813 911 67 28 fräga
892 917 37 15 om

171 945 181 29 inteckningens
370 945 130 28 förnyande
512 945 55 22 bero
581 946 25 21 sä
618 945 68 29 länge
700 945 97 22 ärendet
809 944 120 30 angäende

171 979 157 30 handlingens
347 979 106 22 dödande
472 984 26 17 är
515 979 40 22 vid
573 979 129 23 domstolen
720 980 133 29 anhängigt
870 981 60 20 samt

171 1014 84 22 sädant
282 1014 42 22 hos
347 1016 77 20 rätten
442 1015 97 28 styrkes,
559 1015 43 21 och
620 1015 71 22 varde
709 1015 36 21 för
764 1014 72 29 öfrigt
854 1014 8 21 i
880 1014 48 21 till-

170 1049 113 28 lämpliga
311 1049 64 21 delar
395 1049 117 28 iakttaget
539 1049 61 22 hvad
619 1049 8 22 i
646 1050 13 26 8
687 1050 27 20 11
735 1049 36 22 för
789 1048 42 22 der
848 1048 81 22 nämdt

170 1083 42 22 fall
229 1083 76 22 finnes
323 1083 116 29 stadgadt.

517 1188 13 26 8
545 1188 38 20 30.

239 1256 71 22 Visar
335 1256 194 28 fastighetsegare
556 1258 35 19 att
612 1255 149 28 förbindelse,
779 1255 36 22 för
833 1255 97 22 hvilken

170 1290 139 29 inteckning
327 1290 9 22 i
353 1290 143 28 fastigheten
514 1290 117 29 beviljats,
647 1290 78 22 blifvit
745 1290 37 21 till
801 1290 46 22 alla
865 1289 65 23 delar

170 1324 113 30 fullgjord
312 1325 56 21 eller
395 1324 147 22 annorlunda
569 1324 99 29 upphört
692 1326 35 20 att
745 1332 56 14 vara
819 1324 109 29 gällande

171 1360 56 21 eller
255 1362 35 19 att
312 1359 210 29 fastighetsegaren
541 1359 55 29 eljes
616 1363 24 17 är
658 1359 134 28 berättigad
811 1361 35 19 att
865 1359 64 22 öfver

170 1394 160 22 förbindelsen
348 1394 102 28 förfoga;
477 1394 71 22 varde
565 1394 169 29 inteokningen
753 1394 24 22 af
794 1396 78 18 rätten
890 1401 38 21 ge-

170 1436 53 14 nom
243 1429 79 28 utslag
340 1428 77 22 dödad
436 1428 43 22 och
496 1428 63 22 bevis
573 1428 105 22 deröfver
690 1427 113 23 tecknadt
815 1428 13 22 å
840 1428 88 23 inteck-

242 1478 133 22 Lagutskottets
388 1477 110 18 betänkande
511 1477 37 17 N:o
561 1478 26 16 13.
