1061 1631
350 118 26 22 U.
393 118 25 22 B.
434 132 29 2 —
479 118 72 28 Prop.
567 118 44 22 N:o
627 118 31 22 39
819 120 28 19 25

127 188 48 25 tyrs
190 185 109 28 påyrkas;
316 185 43 21 och
376 185 58 21 skall
451 184 80 22 dervid
547 184 75 21 tillika
638 184 80 29 utbyte
731 184 23 21 af
765 184 112 21 utskiften

127 221 42 20 och
190 220 138 29 råreglering
346 220 142 26 verkställas,
506 227 36 14 om
562 220 81 21 sådant
659 220 76 21 finnes
751 220 127 21 ändamåls-

127 256 72 28 enligt
214 257 43 20 och
272 256 125 29 lämpligen
412 256 46 21 kan
474 256 46 21 ske.

197 291 101 22 Sålunda
314 291 144 22 tillkommen
474 291 62 22 råled
552 291 65 26 skall,
634 291 59 22 ändå
704 294 33 19 att
748 291 129 22 förrättnin-

127 335 45 20 gen
186 327 9 21 i
210 327 71 29 laglig
301 327 97 28 ordning
418 327 81 28 drages
519 327 72 22 under
607 329 85 19 rättens
708 327 115 29 pröfning,
841 335 37 20 ge-

127 367 51 18 nast
199 363 43 22 och
263 363 60 22 intill
345 363 51 22 dess
415 363 146 22 råskilnaden
577 363 91 28 slutligt
682 363 111 22 bestämts
809 363 68 22 lända

127 399 33 22 till
177 400 156 21 efterrättelse.

205 503 13 19 8
235 501 19 29 &.
273 501 75 28 (Prop.
365 509 37 13 n:o
420 503 26 20 15
463 501 41 22 JB.
524 503 32 19 12:
575 503 12 20 6
604 509 67 14 mom.
688 503 13 19 2
720 501 84 28 slutet).

199 563 140 21 Tillkommer
360 561 74 28 någon
449 563 47 21 rätt
511 563 32 21 till
558 563 54 21 visst
626 562 115 27 fiskeställe
756 563 51 21 eller
825 563 54 26 fiske

128 597 61 21 inom
211 604 77 15 annan
308 597 43 28 bys
372 599 86 24 vatten,
476 597 58 22 skall
549 597 62 22 talan
628 605 37 14 om
683 597 64 28 dylik
766 597 111 26 fiskerätt,

128 633 40 21 der
183 632 50 22 icke
244 633 138 28 rättigheten
392 633 42 21 vid
445 633 147 28 uppgäendet
605 633 25 21 af
640 635 101 20 vattnets
753 633 126 22 omkretsrä

128 668 77 22 blifvit
223 669 115 28 godkänd,
355 669 83 22 väckas
459 669 42 22 sist
519 669 62 22 inom
603 672 33 18 tre
656 671 24 20 är
699 669 57 21 efter
772 671 106 27 rägängs-

128 704 171 29 förrättningen.

305 797 12 19 9
335 795 19 29 8.
372 795 76 28 (Prop.
466 803 37 14 n:o
522 798 25 19 15
564 795 42 22 JB.
625 797 33 20 12:
676 797 29 26 8).

198 850 49 21 Har
262 849 43 29 bys
315 849 63 22 mark
388 849 99 26 skiftats,
502 857 41 20 ege
554 849 162 28 lägenheterna
731 849 8 21 i
755 849 48 29 byn
819 849 37 21 del
871 849 8 21 i

129 885 51 22 dess
201 887 80 20 vatten
297 886 86 21 enhvar
399 885 58 22 efter
473 885 40 21 sitt
528 885 92 28 byamäl
636 886 159 27 (uteslutning).

198 921 45 28 Sjö,
260 928 47 15 som
318 921 74 28 ligger
408 920 62 22 inom
486 928 26 15 en
528 921 118 28 lägenhets
662 921 64 21 mark
742 922 38 21 och
795 922 85 21 saknar

128 964 77 15 annan
218 958 135 27 förbindelse
368 958 50 21 med
433 959 73 20 vatten
522 958 132 27 derutanför
668 959 30 20 än
711 964 78 20 genom
805 958 75 25 bäck,i

127 994 85 21 hvilken
225 994 42 26 fisk
282 994 20 26 ej
316 995 9 20 i
339 993 129 22 nämnvärd
482 992 53 23 män
552 993 44 22 kan
611 999 56 22 upp-
682 994 51 21 eller
748 993 77 28 nedgä,
837 992 42 21 till-

129 1029 61 28 lyde,
201 1029 75 22 säsom
293 1029 36 22 ock
345 1029 51 22 bäck
412 1029 74 22 under
500 1029 117 22 enahanda
632 1029 147 27 förhällande,
790 1029 44 20 den
849 1029 29 20 lä-

129 1065 84 28 genhet
234 1071 84 20 ensam,
343 1063 76 22 sävidt
440 1066 81 20 vattnet
544 1065 19 26 ej
585 1063 40 22 vid
650 1064 79 21 skiftet
752 1065 51 22 eller
821 1065 59 26 eljest

129 1101 143 22 annorlunda
287 1102 88 21 ansetts.

243 1204 26 19 10
285 1202 20 28 8.
324 1203 90 26 (motsv.
432 1202 69 27 Prop.
518 1202 43 21 N:o
578 1204 26 18 37
622 1202 47 20 BB.
689 1204 33 19 17:
737 1202 29 27 3).

199 1252 48 25 Äro
266 1256 125 27 delegarene
406 1256 9 21 i
430 1256 108 26 samfäldt
553 1255 164 22 vattenområde
733 1262 49 15 ense
797 1262 35 15 om
848 1258 32 19 att

129 1292 35 22 det
179 1292 56 22 skall
249 1292 86 27 skiftas,
345 1298 36 21 ege
395 1293 47 21 rätt
457 1292 34 21 till
506 1292 75 27 skifte;
596 1292 38 22 vill
650 1298 26 15 en
691 1292 74 26 skifta,
781 1298 50 16 men
841 1298 39 15 an-

129 1334 46 15 nan
190 1328 25 26 ej,
230 1328 64 27 hafve
309 1328 42 22 den
366 1328 90 26 vitsord,
474 1334 48 15 som
537 1328 67 26 skifta
619 1328 44 24 vill,
680 1328 40 21 der
734 1328 73 21 rätten
819 1328 61 26 pröf-

129 1370 41 15 var
185 1365 32 21 att
232 1364 35 22 det
281 1366 56 20 utan
356 1364 92 22 andras.
454 1363 93 28 förfäng
558 1364 44 21 kan
612 1364 47 24 ske;
672 1362 37 23 och
719 1362 71 28 gänge
800 1364 81 21 härvid

129 1398 63 23 såväl
209 1400 54 26 fiske
282 1406 48 16 som
345 1406 77 16 annan
438 1400 50 22 med
504 1401 80 21 vattnet
599 1400 52 21 eller
665 1400 104 26 grunden
782 1399 98 27 följande

203 1441 212 19 Vattenrättsuiskottets
428 1441 118 19 betänkande
558 1440 37 19 N:o
607 1441 18 18 4.
