1061 1631
211 122 12 18 2
402 120 29 22 U.
446 120 26 22 B.
487 133 30 3 —
533 120 75 29 Prop.
624 120 44 23 N:o
683 120 30 22 38

251 185 43 22 Uti
312 188 10 19 1
340 193 68 14 mom.
425 186 24 21 af
463 186 98 22 berörda
577 189 25 19 13
614 187 14 29 &
639 189 98 20 utsättes
745 194 84 15 ansvar
839 186 37 22 för
883 187 51 25 den,

180 228 50 15 som
246 221 111 29 olofligen
373 221 72 22 fiskar
460 222 8 21 i
485 229 86 14 annans
588 225 80 19 vatten
684 223 55 21 eller
753 222 64 22 inom
828 225 52 26 eget
888 225 47 19 vat-

180 257 133 22 tenomräde
329 257 66 22 idkar
410 257 67 26 fiske,
495 265 48 14 som
555 261 24 18 är
590 266 76 13 annan
676 259 143 21 förbehället.
843 261 14 18 2
866 266 67 14 mom.

180 295 48 19 åter
251 293 95 29 stadgar
369 293 67 22 straff
458 293 36 22 för
510 294 105 28 delegare
637 294 7 21 i
664 295 108 21 samfäldt
788 294 146 26 fiskevatten,

180 329 98 21 hvilken
294 329 155 22 öfverskrider
462 329 45 22 den
517 330 85 21 honom
614 332 76 19 säsom
702 331 70 20 sädan
783 330 152 21 tillkomman-

180 365 28 20 de
232 365 113 22 fiskerätt.
376 366 70 21 Detta
468 365 107 22 inträffar
598 366 41 21 der
665 366 105 29 delegare
790 366 8 21 i
814 365 57 22 strid
887 369 47 18 mot

179 401 202 28 bestämningarna
405 402 33 20 uti
463 404 10 19 1
497 402 42 21 och
558 404 13 19 2
590 402 29 29 88
635 402 24 21 af
677 404 24 19 17
721 402 52 28 kap.
790 402 26 21 B.
832 401 26 22 B.
876 401 58 22 utöf-

178 444 42 14 var
238 437 63 21 fiske
316 437 8 21 i
340 439 71 19 större
428 437 138 29 omfattning
583 442 29 17 än
629 437 49 26 ,till
694 437 103 22 nödtorft
813 437 48 21 sin"
880 437 54 21 eller

179 473 51 20 med
248 475 73 19 större
336 473 124 26 fiskeverk,
477 476 29 19 än
521 473 94 22 hvartill
631 473 46 22 han
693 473 74 28 enligt
782 473 116 28 byamälet
910 476 24 18 är

178 508 137 29 berättigad.
347 509 126 21 Enahanda
489 509 164 22 öfverträdelse
670 517 53 20 eger
739 509 70 22 också
825 517 56 17 rum,
893 509 41 21 der

179 544 107 29 delegare
307 545 8 20 i
333 545 108 21 samfäldt
456 547 85 24 vatten,
559 545 90 22 oafsedt
665 545 174 21 föreskrifterna
855 544 33 21 uti
904 547 28 18 26

178 581 14 28 S
212 580 25 21 af
258 580 180 29 fiskeristadgan
458 581 46 21 den
520 583 12 18 4
548 581 129 21 December
695 583 63 23 1865,
776 583 55 18 utan
847 580 86 28 föregä-

179 616 58 21 ende
255 616 233 22 öfverenskommelse
504 617 53 21 med
574 616 73 29 öfrige
664 616 149 21 intressenter
828 616 8 21 i
853 616 78 21 sädant

178 654 80 19 vatten
280 652 66 21 idkar
366 652 108 29 notdrägt
489 653 55 20 eller
560 652 54 29 sjelf
629 652 82 21 fortfar
727 654 33 19 att
776 651 67 26 fiska,
861 652 71 21 ehuru

178 688 45 21 han
247 690 25 19 ät
295 695 74 14 annan
393 688 99 29 upplätit
515 688 108 28 rättighet
639 691 33 18 att
688 688 40 21 der
743 687 106 22 bedrifva
866 687 64 22 fiske.

178 725 85 20 Derest
292 726 47 19 åter
365 724 105 28 delegare
496 724 78 28 bryter
600 723 109 29 antingen
736 725 49 20 mot
811 723 38 21 det
877 723 55 21 aftal

178 760 120 28 angäende
322 760 81 21 fiskets
429 760 133 26 utöfvande,
589 767 49 14 som
665 759 155 28 tilläfventyrs
846 759 85 28 ingätts

178 796 42 21 och
245 795 46 22 fått
313 795 84 29 inflyta
419 797 34 20 uti
477 795 199 28 fiskeriförenings
697 795 100 28 stadgar,
814 795 55 21 eller
884 797 48 19 mot

178 831 91 26 förbud,
301 831 131 22 meddeladt
464 832 23 21 af
512 831 137 29 myndighet
674 831 8 21 i
709 831 154 28 ofvanantydt
888 831 43 21 för-

178 867 125 26 ordnande,
330 867 119 21 hemfaller
474 867 52 26 han,
551 869 74 19 säsom
650 867 70 21 ofvan
744 869 98 22 nämnts,
859 866 72 21 under

178 903 269 29 straffbestämningarna
473 903 34 22 uti
530 904 71 27 sagda
620 903 99 28 stadgar.
752 902 79 28 Enligt
852 902 78 22 äbero-

176 940 59 28 pade
260 939 106 29 paragraf
389 940 34 21 uti
448 942 56 19 1865
526 942 35 19 ärs
578 939 163 28 fiskeristadga
757 946 42 21 ega
815 938 115 29 nämligen

178 976 135 28 delegarene
333 975 8 21 i
362 975 108 22 samfäldt
489 975 140 22 fiskevatten
650 975 36 28 sig
702 975 98 22 emellan
817 974 113 21 öfverens-

177 1012 94 21 komma
294 1012 117 28 angäende
436 1014 68 19 sättet
526 1011 36 22 för
585 1012 138 21 detsammas
739 1010 122 29 nyttjande
877 1010 53 21 med

176 1047 95 28 hänsigt
293 1047 34 22 till
347 1047 81 22 dervid
447 1047 105 22 använda
568 1047 98 29 redskap
682 1055 29 13 m.
730 1054 29 14 m.
777 1046 82 29 dylikt,
875 1046 55 21 eller

176 1083 42 21 ock
239 1083 46 21 kan
301 1083 72 28 enligt
389 1085 28 19 30
433 1083 14 29 &
463 1083 8 21 i
487 1091 86 13 samma
589 1083 81 28 stadga
686 1086 117 25 guvernör
819 1081 55 22 eller
892 1082 37 21 Se-

176 1121 77 24 naten,
278 1119 75 21 derest
374 1119 70 21 sädan
465 1119 231 21 öfverenskommelse
713 1118 20 28 ej
752 1118 35 21 fäs
803 1117 36 21 till
855 1117 73 25 ständ,

176 1155 7 21 i
206 1155 96 21 berördt
325 1155 108 21 afseende
454 1155 95 28 ingripa.
583 1155 32 21 Pä
639 1157 45 19 sätt
704 1154 120 22 Utskottet
840 1154 34 20 uti
890 1154 40 20 sitt

175 1191 147 21 betänkande
339 1190 7 22 i
362 1191 124 27 anledning
503 1191 23 21 af
540 1198 64 21 prop.
621 1190 43 22 N:o
678 1192 26 20 37
718 1190 71 21 redan
800 1189 128 26 framhällit,

175 1227 72 21 hafva
264 1227 67 21 dessa
346 1227 116 21 korrektiv
478 1229 61 19 emot
554 1227 133 21 vanskötsel
704 1226 23 22 af
743 1226 60 21 fiske
814 1225 34 21 uti
859 1226 70 27 sagda

176 1270 63 21 prop.
261 1263 96 21 sålunda
376 1263 124 28 utvidgats,
518 1265 32 19 att
565 1262 144 22 beträffande
727 1261 108 22 samfäldt
851 1264 77 18 vatten

175 1299 160 21 fiskedriftens
356 1299 117 21 ordnande
493 1299 9 21 i
520 1298 124 22 allmänhet
659 1298 135 21 ankommer
808 1298 30 27 på
853 1296 76 21 beslut

175 1336 23 21 af
213 1335 103 21 flertalet
331 1335 23 21 af
370 1335 141 28 delegarene,
528 1335 42 21 och
587 1334 63 21 detta
666 1334 59 21 ända
742 1333 93 25 derhän,
852 1334 32 19 att
900 1332 28 21 de

175 1371 106 21 enskilde
305 1371 135 28 delegarene
463 1372 84 24 kunna,
571 1370 53 21 med
646 1370 119 27 undantag
790 1368 81 22 endast
893 1368 35 21 för

175 1407 59 22 visst
257 1407 140 28 begränsadt
419 1407 194 24 husbehofsfiske,
634 1406 109 21 beröfvas
759 1404 169 29 belugenheton

252 1450 211 18 Vattenrättsutskottets
476 1449 116 18 betänkande
605 1448 36 18 N:o
655 1449 16 17 7.
