1061 1631
178 132 14 21 6
368 131 85 23 Ständ.
470 131 39 22 Sv.
525 143 27 4 —
569 130 74 29 Prop.
660 131 42 22 N:o
717 130 38 23 43.

179 203 48 22 kan
245 203 126 29 tillämpas,
389 203 43 21 hos
450 205 78 19 rätten
546 203 13 21 å
578 202 134 22 sökandens
727 202 149 28 boningsort;
896 201 43 22 och

179 245 55 14 vare
263 237 45 22 den
335 237 139 22 försvunnes
498 237 75 27 make,
591 239 118 19 närmaste
727 236 138 29 skyldeman
883 236 56 22 eller

180 279 86 20 annan,
285 272 68 22 hvars
375 274 47 19 rätt
443 271 47 22 kan
509 271 23 22 af
551 271 218 28 dödsförklaringen
788 271 62 27 bero,
869 271 69 21 behö-

179 307 37 28 rig
241 309 36 19 att
301 307 76 21 derom
402 306 95 27 ansöka,
516 306 25 21 så
563 305 43 22 ock
624 307 36 20 att
678 305 101 30 fullfölja
797 305 140 28 ansökning,

180 348 49 15 som
249 341 24 21 af
293 348 76 14 annan
388 341 94 21 inledts.

537 443 13 21 5
571 444 19 25 8.

253 508 71 25 Öfver
337 511 162 29 ansökningen
511 511 55 22 höre
579 513 77 20 rätten
669 511 44 22 den
724 512 139 21 försvunnes
873 511 66 22 make

182 545 43 22 och
253 548 117 19 närmaste
397 545 144 29 skyldeman,
560 545 40 22 der
627 546 29 21 de
682 547 8 20 i
714 545 81 22 landet
816 549 47 24 äro,
881 547 59 20 samt

182 579 137 30 syssloman,
338 580 46 29 god
402 587 54 15 man
476 580 54 22 eller
548 580 154 29 förmyndare,
715 588 37 14 om
771 580 72 22 sådan
857 584 25 17 är
894 582 47 19 satt

182 614 37 21 till
238 614 59 22 hans
317 615 206 28 angelägenheters
541 615 65 27 vård,
626 615 25 21 så
669 615 43 21 ock
725 615 86 21 allmän
824 615 116 28 åklagare.

253 785 48 24 Äro
328 787 123 22 sannolika
476 787 50 22 skäl
549 787 132 29 förebragta
698 787 35 22 för
752 787 28 22 de
800 786 142 29 omständig-

185 821 73 28 heter,
278 829 48 14 som
353 821 36 22 för
416 821 105 22 ansökan
549 829 36 14 om
612 821 189 29 dödsförklaring
819 821 121 27 erfordras,

184 856 93 21 beslute
295 858 76 19 rätten
390 858 35 19 att
443 863 85 21 genom
545 856 107 29 offentlig
668 856 139 29 kungörelse
820 856 64 21 kalla
896 855 44 22 den

184 891 129 21 försvunne
340 892 34 19 att
398 891 43 20 sist
464 891 14 21 &
496 891 47 20 viss
561 890 52 29 dag,
633 898 48 14 som
699 891 20 28 ej
739 891 37 21 mä
793 892 101 19 utsättas
913 890 28 21 ti-

184 925 81 28 digare
285 929 29 17 än
333 932 39 14 sex
390 925 110 21 mänader
518 925 58 21 efter
594 925 39 22 det
650 925 102 22 beslutet
767 925 83 21 fattats
865 924 42 22 och
920 925 20 28 ej

183 967 84 14 senare
294 963 29 17 än
351 959 37 22 till
412 959 44 22 den
479 959 115 22 ordinarie
613 959 190 29 rättegängsdag,
823 967 48 14 som
889 961 53 19 natt

184 993 43 22 och
256 995 26 20 är
309 993 99 22 derefter
434 994 59 21 först
517 994 99 27 infaller,
636 994 92 21 anmäla
750 994 36 28 sig
803 993 42 22 hos
864 995 77 20 rätten

183 1027 41 22 vid
249 1029 109 27 äfventyr
382 1030 36 19 att
441 1028 46 21 han
506 1029 56 28 eljes
580 1028 89 28 varder,
688 1028 41 21 der
747 1029 20 28 ej
786 1028 55 29 laga
859 1027 83 22 hinder

182 1070 84 21 yppas,
287 1063 23 21 af
327 1065 76 19 rätten
422 1063 36 21 för
476 1062 46 22 död
540 1063 125 22 förklarad.

253 1097 164 28 Kungörelsen
444 1097 60 21 skall
531 1097 44 22 ock
600 1097 120 22 innehälla
741 1097 146 28 uppmaning
905 1097 37 21 till

184 1131 52 27 alla,
257 1139 49 14 som
329 1131 81 22 kunna
434 1131 76 22 lemna
533 1131 144 29 upplysning
698 1131 117 22 huruvida
834 1131 44 21 den
896 1131 46 22 för-

184 1173 91 14 svunne
299 1166 71 22 lefver
395 1166 56 21 eller
470 1170 25 17 är
513 1166 52 27 död,
585 1168 34 20 att
637 1166 63 22 inom
719 1173 87 14 samma
824 1165 35 21 tid
877 1166 65 28 gifva

183 1200 40 21 det
241 1202 77 20 rätten
337 1200 123 22 tillkänna.

540 1304 12 21 7
573 1305 20 25 8.

256 1372 163 29 Kungörelsen
438 1372 60 22 skall
516 1372 77 22 ansläs
609 1373 13 21 ä
634 1375 90 19 rättens
737 1372 54 22 dörr
804 1371 44 23 och
859 1378 85 22 genom

183 1406 136 22 sökandens
337 1406 83 29 åtgärd
438 1407 88 22 införas
543 1409 36 19 tre
597 1407 88 29 gånger
698 1407 9 21 i
720 1407 119 21 allmänna
857 1405 87 23 tiänin-

182 1448 85 22 garna,
286 1441 64 22 deraf
377 1449 29 14 en
432 1442 63 28 gång
522 1442 6 21 5
556 1442 74 21 första
651 1448 121 15 nummern
791 1441 36 21 för
845 1443 35 19 ett
898 1441 46 21 ärs-
