1061 1631
446 136 44 21 N:o
507 138 32 19 37.
829 138 12 18 7

468 206 12 20 3
496 206 20 25 8.

178 249 78 22 Skifte
276 249 27 22 af
319 249 114 22 samfäldt
451 249 142 22 fiskevatten
611 250 39 21 må
669 249 21 28 ej
709 249 47 28 ske,
775 249 41 22 der
831 249 40 21 det

111 283 52 22 icke
178 283 47 22 kan
240 284 25 21 så
281 283 97 29 utföras,
395 285 36 20 att
446 283 82 29 hvarje
543 283 39 22 del
597 283 78 22 bildar
690 285 34 20 ett
739 283 60 22 enda
811 291 60 14 sam-

111 318 179 29 manhängande
307 317 93 22 område
416 318 27 21 af
457 318 73 21 minst
545 325 29 14 en
590 318 234 28 qvadratkilometers
834 321 37 25 yt-

111 352 57 21 vidd
184 352 61 29 eller,
261 353 9 21 i
286 353 13 20 å
315 352 56 21 eller
386 355 74 19 annat
475 353 70 21 smalt
557 354 87 26 vatten,
656 353 27 21 af
692 353 71 21 minst
773 360 30 13 en
813 352 58 22 kilo-

111 389 85 19 meters
210 387 79 28 längd.

178 421 87 29 Ligger
284 424 93 19 vattnet
396 422 8 21 i
423 423 42 20 två
484 422 57 21 eller
556 422 55 21 flere
627 422 96 27 skiften,
739 429 55 14 vare
810 421 61 22 dock

112 456 87 21 tillåtet
221 458 36 19 att
279 457 25 21 åt
327 464 29 13 en
378 457 58 21 eller
458 457 56 21 flera
537 457 108 28 delegare
668 457 96 28 utbryta
787 456 84 21 sådant

113 491 72 20 skildt
200 491 79 21 skifte.

180 525 43 22 Om
240 525 144 28 utbrytande
402 525 44 22 och
465 525 98 29 delning
582 525 26 22 af
626 525 117 22 strömfall
758 528 61 19 samt
834 533 37 14 om

113 559 137 29 afsöndring
267 560 9 21 i
293 560 63 22 vissa
375 560 43 21 fall
437 560 24 21 af
481 563 73 18 annat
577 559 176 22 vattenområde
777 563 25 18 är
825 564 46 17 sär-

113 594 73 21 skildt
201 594 117 29 stadgadt.

468 661 13 18 4
497 659 19 26 8.

180 704 104 27 Tillyder
305 704 142 21 fiskevatten
470 704 153 28 allmänning,
642 711 49 14 som
709 703 82 22 tillhör
808 704 64 21 kom-

113 746 61 19 mun,
193 738 70 21 hafve
283 738 89 21 enhvar
386 738 26 21 af
426 738 154 21 kommunens
598 738 161 29 innebyggare
774 740 48 19 rätt
837 740 36 19 att

114 773 49 21 deri
177 773 56 21 idka
247 775 62 19 mete
325 773 43 21 och
384 773 43 21 allt
442 775 74 19 annat
532 773 118 21 krokfiske
666 773 120 21 äfvensom
797 772 76 22 kräft-

114 808 43 21 och
172 807 115 28 pärlfiske.

470 872 11 19 5
498 871 19 27 8.

179 917 50 21 Har
244 917 79 28 nägon
337 919 49 19 rätt
400 917 39 20 till
453 917 59 21 fiske
523 917 9 20 i
543 924 89 14 annans
643 917 146 27 fiskevatten,
801 916 71 22 hafve

114 951 75 21 denne
211 951 66 21 makt
299 953 36 20 att
356 951 147 28 rättigheten
521 951 50 21 lösa
590 951 60 21 efter
669 951 39 22 det
726 951 78 28 värde,
823 958 50 15 som

113 989 129 18 motsvarar
257 986 33 21 tio
305 986 90 28 gänger
410 985 158 29 uppskattade
579 985 75 28 ärliga
663 985 210 22 medelafkomsten

115 1020 26 21 af
154 1020 69 21 fisket
237 1021 74 21 under
327 1023 92 19 senaste
430 1021 48 20 fem
490 1021 25 20 är
526 1020 61 21 efter
596 1020 84 29 afdrag
691 1020 26 21 af
725 1020 148 29 godtgörelse

113 1055 38 22 för
166 1055 91 22 hälften
273 1056 23 21 af
313 1055 46 22 den
374 1056 42 27 tid,
433 1063 50 14 som
498 1055 53 22 bort
567 1056 55 28 ätgä
632 1055 38 21 till
680 1055 75 22 fisket.
770 1053 35 23 Är
815 1055 58 21 tvist

114 1097 37 14 om
174 1090 87 27 värdet,
286 1090 66 28 skall,
375 1091 75 20 innan
472 1090 72 21 mälet
566 1090 100 28 afgöres,
689 1097 44 21 syn
755 1089 44 22 och
816 1097 57 21 upp-

115 1124 121 29 skattning
251 1124 139 22 verkställas
406 1125 26 20 af
446 1124 61 29 gode
522 1128 60 24 män,
599 1131 49 14 som
663 1124 88 21 Rätten
766 1125 79 20 utsett.

180 1158 74 28 Dylik
269 1158 155 29 lösningsrätt
439 1166 43 21 ege
498 1158 59 22 dock
573 1159 51 21 icke
638 1166 51 14 rum
699 1158 53 22 med
763 1158 110 22 afseende

115 1193 13 21 å
143 1193 101 21 kronans
259 1193 49 21 lax-
323 1193 57 21 eller
396 1193 113 21 sikfisken
525 1192 56 22 eller
596 1192 104 29 lagligen
710 1193 105 21 utmärkt
825 1192 48 22 lax-

114 1227 57 21 eller
189 1227 138 29 siknotvarp
346 1228 58 21 eller
421 1227 118 22 fiskeverk
557 1228 53 20 med
629 1228 112 21 särskildt
757 1228 116 21 förunnad

114 1263 47 20 rätt
176 1262 38 21 till
229 1262 55 28 lax-,
301 1262 47 21 sik-
363 1262 57 22 eller
435 1262 222 28 nejonögonfängst.

471 1333 12 19 6
500 1332 19 26 8.

180 1377 47 21 För
245 1377 207 29 ävägabringande
467 1377 27 21 af
508 1377 116 29 behöfliga
639 1376 235 30 fredningsomräden

113 1412 72 20 hafve
203 1418 98 22 egarene
321 1412 27 21 af
366 1412 160 21 fiskevattnen
541 1412 8 20 i
565 1413 34 20 ett
614 1412 140 28 vattendrag
768 1413 48 20 rätt
831 1413 42 26 att,

114 1446 76 21 säsom
213 1452 37 15 om
273 1446 175 28 expropriation
471 1446 27 21 af
519 1446 48 21 fast
590 1445 112 29 egendom
721 1446 37 21 för
776 1445 98 22 allmänt
