1061 1631
188 130 13 20 2
410 129 24 23 U.
452 131 28 21 B.
496 143 25 3 —
539 130 75 28 Prop.
631 131 45 22 N:o
692 131 37 22 31.

259 199 47 20 Den
331 199 77 27 nådiga
433 200 161 27 propositionen
616 199 117 21 innehåller
758 200 6 20 i
780 199 32 21 sin
829 199 67 21 första
912 199 34 21 del

189 233 67 21 under
272 233 72 21 rubrik
362 228 143 27 »Öfverskott
520 233 47 21 från
584 233 145 22 innevarande
745 233 157 28 finansperiod>
920 241 26 13 en

189 267 125 28 beräkning,
328 268 97 28 grundad
441 268 46 21 dels
503 268 27 28 pä
545 268 95 21 faktiska
655 268 71 21 siffror
741 268 46 21 dels
803 268 28 27 pä
846 271 102 25 antagan-

188 302 41 21 den
246 302 42 21 och
303 302 144 21 resulterande
463 302 45 21 däri
524 305 31 18 att
571 302 65 28 sagda
652 303 121 20 öfverskott
787 302 65 21 borde
863 303 85 20 komma

188 339 32 18 att
235 337 73 27 uppgä
323 337 37 26 till,
377 337 7 20 i
400 336 64 21 rundt
479 337 35 26 tal,
531 337 123 26 18,660,000
671 337 69 20 mark.

258 370 59 21 Enär
339 378 73 13 senare
434 371 276 28 räkenskapsafslutningar
734 378 87 13 numera
838 371 110 28 föreligga,

189 401 45 24 har
247 405 115 21 Utskottet
384 408 72 18 ansett
478 406 33 27 sig
531 405 51 21 böra
599 407 95 26 uppgöra
710 413 25 13 en
754 413 27 20 ny
798 405 72 28 kalkyl
886 405 62 21 öfver

188 439 41 20 den
246 439 123 28 behällning
384 447 45 13 som
447 440 41 20 kan
504 447 50 13 vara
570 443 31 17 att
616 439 94 28 päräkna
726 441 5 20 i
744 439 203 21 kommunikations-

189 473 82 21 fonden
289 473 34 20 vid
339 473 106 28 ingången
461 473 23 21 af
498 475 23 19 år
537 475 60 20 1901.
622 473 32 22 På
669 473 70 22 denna
755 474 72 27 kalkyl
847 474 100 20 inverkar

188 507 65 21 äfven
273 507 41 21 den
334 507 110 22 sannolika
460 508 146 21 trafikvinsten
623 508 23 21 af
660 509 198 27 statsjernvägarna
875 507 33 21 för
924 507 23 21 är

190 542 60 25 1900,
275 541 84 22 hvilken
379 543 57 20 vinst
453 542 39 21 bör
508 542 103 21 beräknas
627 542 54 21 efter
696 550 80 13 samma
792 542 94 27 grunder
900 549 46 14 som

188 576 35 20 för
239 576 204 28 vinstberäkningen
461 577 139 20 1901—1904
616 577 62 20 skola
694 577 115 28 tillämpas.

318 657 334 22 Kommunikationsfondens
668 657 149 22 inkomster.

259 713 219 28 Statsjernvägarnas
502 714 126 27 trafikvinst
650 715 23 20 är
696 715 5 19 i
725 713 65 22 andra
812 714 95 27 punkten
924 713 22 21 af

190 747 42 21 den
249 747 78 28 nådiga
343 749 158 27 propositionen
518 747 107 22 beräknad
642 749 6 19 i
660 749 56 20 vissa
729 751 90 25 procent
829 748 22 20 af
863 748 83 27 jernvä-

188 789 78 20 garnas
282 782 228 28 anläpgningskapita!,
526 782 76 21 sådant
618 782 58 21 detta
692 782 73 21 ställer
779 783 34 26 sig
829 782 28 21 dä
873 782 31 21 till
919 782 27 21 de

188 817 150 27 ursprungliga
353 817 285 27 anläggningskostnaderna
649 817 98 27 tillägges
759 816 37 21 det
808 816 77 28 belopp
898 824 45 13 som

189 850 33 21 för
244 850 74 28 hvarje
340 850 22 21 är
381 850 97 27 nedlagts
494 851 6 20 i
516 850 230 28 nybyggnadsarbeten
763 851 36 20 vid
819 850 26 21 de
862 850 82 28 färdiga

188 884 95 21 banorna
299 884 39 21 och
354 884 28 29 pä
398 885 40 20 den
454 885 77 27 rörliga
547 885 134 20 materielens
699 885 87 27 ökning.

257 918 60 22 Utan
343 922 30 17 att
396 919 137 20 underkänna
555 919 37 20 det
615 919 131 27 berättigade
768 920 6 19 i
794 919 59 20 detta
869 919 75 21 beräk-

188 953 112 27 ningssätt,
316 953 38 21 har
369 953 112 21 Utskottet
496 956 70 18 ansett
581 953 35 21 det
628 961 50 13 vara
690 953 23 22 af
724 953 69 21 nöden
807 956 32 18 att
851 953 93 21 beräkna

187 987 148 22 trafikvinsten
358 988 64 21 äfven
446 988 55 21 efter
523 995 25 13 en
568 995 69 14 annan
652 988 75 27 grund,
743 988 107 27 nämligen
866 995 78 20 genom

188 1025 31 17 att
235 1023 77 20 utröna
328 1022 202 21 bruttoinkomstens
546 1023 94 26 stegring
656 1022 23 21 är
694 1023 54 20 efter
763 1022 24 21 är
802 1023 6 20 i
825 1025 88 25 procent
924 1022 22 21 af

188 1055 37 21 det
240 1055 130 29 föregående
386 1056 56 21 årets
458 1056 98 25 inkomst,
572 1056 67 21 under
655 1064 25 13 en
697 1056 52 28 följd
767 1056 23 21 af
805 1057 30 20 tio
851 1056 29 27 år,
901 1056 39 21 och

188 1090 96 28 tillämpa
307 1090 120 21 medeltalet
449 1091 23 20 af
494 1090 61 21 dessa
575 1091 207 28 ökningsprocenter
800 1091 27 27 pä
843 1091 27 20 de
886 1091 59 20 kom-

189 1124 77 21 mande
282 1124 57 28 åren,
354 1127 54 18 samt
424 1125 47 20 från
487 1125 27 20 de
529 1124 89 21 sålunda
634 1125 143 28 uppskattade
790 1125 155 20 bruttoinkom-

187 1162 72 18 sterna
285 1159 88 27 afdraga
396 1159 179 26 driftkostnaden,
596 1159 108 21 beräknad
721 1159 27 28 på
764 1161 43 19 sätt
822 1159 39 21 här
876 1159 68 21 nedan

187 1193 54 21 skall
257 1193 106 28 angifvas.

258 1227 44 21 För
323 1228 27 20 de
372 1227 29 26 år,
424 1227 66 21 under
512 1228 73 20 hvilka
601 1236 26 13 en
644 1236 27 20 ny
688 1228 54 21 bana
759 1228 54 21 blott
831 1235 25 13 en
872 1227 34 21 del
922 1228 24 20 af

187 1261 46 21 året
255 1262 125 27 trafikerats,
403 1262 102 20 uteslutes
525 1262 70 20 denna
612 1262 177 26 banastinkomst
804 1262 47 20 från
869 1262 76 21 beräk-

187 1296 85 27 ningen.
302 1296 80 21 Likaså
408 1296 104 27 böris;den
539 1304 41 20 nya
605 1297 81 20 banans
709 1296 94 21 inkomst
825 1296 67 21 under
907 1296 39 21 det

186 1330 69 20 första
278 1330 29 26 år,
326 1330 28 21 då
368 1330 42 21 den
432 1331 7 20 i
457 1331 33 20 sin
506 1330 71 21 helhet
592 1330 127 28 trafikerats,
735 1331 82 21 lämnas
833 1330 60 21 åsido
909 1331 36 21 vid

186 1364 137 28 jemförelsen
347 1364 46 22 med
417 1364 37 21 det
474 1365 180 27 nästföregäende
670 1365 51 26 året,
737 1372 48 14 men
802 1364 96 22 däremot
913 1366 33 20 in-

188 1399 99 28 begripas
310 1400 7 20 i
339 1400 41 20 den
402 1400 99 25 inkomst,
516 1400 101 20 hvarmed
641 1401 37 19 det
700 1398 126 30 pätföljande
842 1399 56 21 årets
914 1407 32 13 in-

187 1432 153 22 komstsumma
356 1433 34 21 för
404 1433 48 21 hela
466 1434 160 27 jernvägsnätet
640 1433 108 28 jämföres.

257 1478 144 19 Statsutskottets
413 1480 111 17 betänkande
535 1480 38 17 N:o
587 1480 11 17 9
611 1480 23 18 A.
