1061 1631
206 138 13 19 4
438 135 23 23 U.
478 136 22 22 B.
516 148 29 2 —
561 135 64 28 Prop.
641 135 38 23 N:o
696 134 38 24 30.

207 200 64 23 bana
294 201 59 22 skall
378 201 30 28 pä
427 202 159 27 programmet
601 200 35 23 för
652 199 199 23 nästkommande
868 199 89 23 finans-

206 236 82 29 period
298 237 124 28 upptagas,
434 236 60 23 dock
506 235 84 23 endast
601 235 52 23 med
666 237 33 21 ett
710 235 83 30 anslag
805 235 25 22 af
843 239 115 24 1,000,000

207 272 76 27 mark,
292 272 86 23 medan
389 272 98 26 Preste-,
498 271 110 30 Borgare-
619 271 44 23 och
674 271 182 23 Bondeständen
866 272 7 21 i
882 271 78 22 denna

207 307 37 22 del
264 307 100 30 tidigare
384 307 108 30 godkänt
514 307 132 23 Utskottets
669 307 95 29 förslag,
785 308 62 21 samt
863 308 8 21 i
886 307 73 28 enlig-

207 343 40 22 het
271 343 97 23 därmed
388 343 36 23 för
444 343 134 23 ändamälet
593 343 118 23 eventuelt
727 343 95 22 anvisat
837 346 119 24 2,500,000

207 379 77 22 mark.

281 415 43 22 För
339 415 118 22 vinnande
468 415 25 22 af
503 414 258 23 sammanstämmande
773 414 79 23 beslut
863 415 8 21 i
881 413 78 24 denna

207 450 38 23 del
262 451 98 22 utbeder
376 451 37 28 sig
428 451 122 22 Utskottet
566 451 34 22 att
616 450 24 23 fä
656 450 95 23 föreslä:

496 523 32 21 att
551 522 141 28 Högvördiga
715 521 173 28 Presteständet,
913 521 47 22 Väl-

425 557 77 29 lofliga
532 558 189 27 Borgareständet
751 557 37 22 och
813 557 147 22 Hedervärda

424 594 166 21 Bondeständet
613 593 108 28 behagade
740 594 114 27 samtycka
873 593 35 22 till
924 593 36 21 det

426 630 27 27 af
464 629 130 28 Höglofliga
609 629 164 28 Ridderskapet
784 629 38 22 och
833 629 73 22 Adeln
917 629 43 27 fat-

425 666 50 21 tade
491 665 76 22 beslut.

282 737 53 22 Med
351 736 111 23 afseende
478 736 14 23 å
508 736 72 23 första
596 737 120 22 klämmen
733 736 42 23 sid.
792 739 29 20 42
837 736 123 29 angående

209 772 342 28 expropriationskostnadernas
574 773 173 27 nedbringande,
772 773 8 22 i
803 772 97 23 hvilken
924 772 37 22 del

208 808 174 29 Ridderskapet
406 808 43 23 och
470 808 76 23 Adeln
566 808 100 29 tidigare
683 807 106 30 godkänt
806 814 29 16 en
851 807 52 24 frän
919 807 41 24 Ut-

209 843 102 24 skottets
335 843 88 30 förslag
447 843 126 24 afvikande
593 843 160 30 formulering,
769 844 44 22 har
828 843 132 23 sistnämda

209 879 76 23 Ständ
308 886 98 16 numera
430 879 106 30 godkänt
562 879 45 23 den
634 879 25 23 af
682 879 121 23 Utskottet
827 879 135 30 föreslagna

209 915 74 28 kläm,
300 915 90 23 hvilket
405 915 106 23 däremot
527 915 24 23 af
566 915 175 23 Bondeständet
756 915 136 23 förkastats.

283 951 36 22 Dä
335 951 89 23 Preste-
440 951 43 23 och
499 951 203 29 Borgareständen
718 951 40 22 vid
774 951 74 22 första
858 951 103 22 behand-

209 987 82 28 lingen
315 987 25 22 af
362 987 86 29 frägan
470 989 58 21 utan
552 987 100 30 ändring
675 987 110 23 omfattat
801 987 159 23 Utskottets
946 983 17 39 i

210 1023 79 22 denna
313 1023 36 22 del
368 1023 140 22 framstälda
523 1023 95 29 förslag,
634 1023 126 29 föreligger
775 1029 100 16 numera
890 1024 8 21 i
914 1023 46 22 frä-

210 1065 49 22 gan
276 1060 35 21 tre
327 1059 82 22 ständs
420 1059 258 22 sammanstämmande
689 1059 84 26 beslut,
784 1059 95 22 hvadan
890 1060 70 27 ytter-

209 1094 76 29 ligare
301 1095 84 28 ätgärd
400 1095 8 22 i
424 1095 74 22 saken
514 1095 53 22 icke
583 1097 26 20 är
625 1095 25 22 af
665 1095 111 22 behofvet
791 1094 117 29 päkallad.

285 1125 96 35 Öfriga
380 1121 11 44 i
392 1131 361 29 sammanjämkningsförslaget
760 1130 117 30 ingäende
886 1131 74 22 kläm-

211 1172 60 21 mar,
295 1166 80 23 hvilka
398 1168 40 21 äro
462 1166 96 23 föremäl
581 1166 35 23 för
637 1166 198 29 meningsolikhet
856 1166 104 23 Ständen

211 1202 109 27 emellan,
344 1202 71 27 torde,
439 1203 79 22 såsom
541 1202 144 23 omedelbart
704 1202 117 23 beroende
838 1202 25 22 af
879 1202 28 23 de
924 1202 38 22 be-

210 1238 50 22 slut
276 1238 104 22 Stånden
396 1239 8 21 i
419 1245 33 15 nu
469 1238 104 22 anmälta
589 1238 63 23 delar
668 1238 67 27 fatta,
753 1238 44 22 här
813 1238 81 22 kunna
904 1238 58 22 läm-

211 1280 44 16 nas
273 1273 117 23 oberörda.

285 1334 145 28 Helsingfors
447 1334 44 22 den
508 1338 28 18 30
552 1334 46 29 Maj
618 1338 63 19 1900.
