1061 1631
301 118 85 24 Ständ.
401 119 40 23 Sv.
458 132 26 4 —
500 120 74 28 Prop.
590 120 40 22 N:o
646 120 38 22 39.
845 121 26 20 13

112 194 90 20 mätare
221 193 42 26 att,
281 191 78 22 såvidt
376 192 105 29 lagligen
498 192 47 22 kan
563 192 48 27 ske,
628 191 77 22 utföra
724 191 45 22 den
785 191 86 23 äskade

113 226 135 29 delningen,
267 233 53 15 men
337 226 86 22 förvise
441 227 9 21 i
468 229 73 19 annat
558 226 42 22 fall
618 226 72 22 saken
708 226 38 22 till
764 226 106 22 domstol.

463 319 29 20 12
506 319 20 26 8.

182 381 47 22 Vid
250 380 125 30 gradering
392 381 24 22 af
434 381 58 22 fiske
510 381 67 22 skola
594 381 168 29 fångstplatser
780 381 43 22 och
841 382 29 21 de

113 416 86 21 ställen
226 415 8 22 i
261 415 78 29 öfrigt,
364 415 41 22 der
428 415 74 22 fisken
520 415 69 28 leker,
608 416 78 28 stiger,
704 415 90 30 nedgår
811 416 57 22 eller

116 450 68 29 eljest
200 449 137 30 uppehåller
349 450 42 28 sig,
404 452 61 19 samt
478 450 75 29 öfriga
565 450 65 21 delar
642 451 24 21 af
678 453 92 19 vattnet
782 450 89 23 enhvar

113 485 39 21 till
170 484 35 22 sin
224 484 88 29 godhet
329 485 138 28 uppskattas
486 485 43 22 och
547 484 103 22 deremot
668 485 113 22 svarande
799 485 71 22 värde

112 519 55 22 dem
192 520 93 21 åsättas.
321 519 54 22 Kan
397 519 20 28 ej
437 519 161 22 fiskevattnets
616 519 87 29 godhet
720 522 57 19 utan
796 522 73 19 större

115 553 100 22 kostnad
242 553 56 22 eller
324 553 144 29 tidsutdrägt
494 556 102 27 utrönas,
617 554 115 21 beräknas
756 554 83 21 värdet
857 555 13 21 å

115 587 141 30 fångstplats
283 588 58 21 efter
368 587 51 22 dess
447 588 101 21 afkomst
565 588 73 21 under
656 588 28 21 de
702 591 103 19 närmast
823 589 46 21 för-

112 622 78 22 flutna
207 623 55 20 åren
281 622 44 22 och
343 623 13 21 &
374 623 76 28 öfriga
468 623 64 21 delar
550 623 23 21 af
591 625 98 25 vattnet,
707 623 53 21 med
778 623 91 29 hänsyn

112 657 89 28 jemväl
226 656 37 22 till
290 656 66 22 deras
383 657 53 28 läge
463 657 8 22 i
497 657 145 22 förhållande
666 657 38 22 till
721 657 148 30 fångstplats,

113 691 62 22 efter
191 691 118 29 pröfning.

462 760 30 21 13
512 761 19 26 8.

183 817 48 22 Der
249 817 102 29 sjöfoder
367 817 81 28 finnes,
468 817 57 22 eller
542 818 79 28 nyttig
638 817 85 28 malm-,
742 820 69 25 sten-,
827 818 44 21 ler-

112 852 60 21 eller
196 851 116 29 sandtägt,
335 852 56 21 eller
407 859 99 22 gynsam
525 852 83 22 ankar-
625 851 43 23 och
686 852 183 29 lastningsplats,

112 886 59 22 eller
197 894 78 14 annan
303 886 182 29 stadigvarande
509 887 96 27 förmån,
632 887 38 21 må
696 887 82 21 värdet
805 886 66 22 deraf

112 921 115 22 likaledes
245 928 84 21 genom
347 921 126 28 gradering
490 921 145 29 uppskattas.

456 1024 31 21 14
506 1025 20 26 8.

184 1087 125 27 Strömfall,
329 1094 49 15 som
390 1087 43 22 hör
446 1087 38 21 till
496 1086 108 23 samfäldt
616 1087 181 28 vattenområde,
811 1087 60 21 skall

114 1121 54 22 med
185 1121 76 29 grund
279 1121 43 22 och
341 1121 109 22 drifkraft
469 1124 60 19 samt
546 1121 57 21 fiske
622 1121 44 22 och
685 1129 76 14 annan
780 1121 90 22 förmån

115 1156 52 22 från
195 1156 81 22 skiftet
299 1156 149 28 undantagas
471 1156 43 22 och
532 1156 37 21 må
587 1156 111 21 särskildt
715 1156 64 22 delas
797 1156 74 21 under

111 1191 86 27 vilkor,
226 1198 49 14 som
302 1190 152 22 annorstädes
476 1190 103 29 stadgas;
598 1198 52 14 men
667 1190 71 28 yrkar
757 1190 112 28 delegare,

116 1227 35 20 att
169 1225 114 22 strömfall
301 1225 42 21 bör
360 1225 9 21 i
388 1225 98 21 allmänt
504 1225 151 21 vattenskifte
674 1225 61 28 ingå,
754 1225 43 21 och
809 1225 61 28 pröf-

112 1267 45 14 vas
180 1259 40 21 det
244 1262 36 19 att
297 1260 176 21 vattenkraften
492 1259 49 21 deri
560 1262 25 18 är
603 1259 23 21 af
644 1259 88 21 mindre
750 1259 72 22 värde
841 1263 29 18 än

115 1294 70 21 fisket
211 1293 44 23 och
278 1302 77 14 annan
378 1294 91 22 förmån
488 1294 56 21 eller
562 1296 36 19 att
615 1293 49 28 fall,
682 1294 62 28 förty
763 1296 35 19 att
815 1294 55 21 flere

112 1328 91 22 sådana
221 1328 75 22 finnas
315 1328 56 22 eller
388 1328 142 22 landskiftet
547 1328 40 21 det
605 1335 84 14 annars
707 1328 100 28 medger,
820 1328 50 21 der-

115 1362 42 22 vid
174 1363 46 21 kan
239 1365 55 19 utan
316 1363 90 28 någons
425 1363 95 28 förfång
537 1362 110 29 tilläggas
666 1370 67 20 egare
751 1363 24 21 af
795 1365 76 19 stran-

115 1396 48 22 den
188 1397 73 28 invid,
288 1398 76 28 gånge
392 1397 40 22 det
450 1397 115 22 strömfall
583 1396 52 22 med
654 1397 71 28 öfrigt
741 1399 130 20 vattenom-

112 1432 59 21 råde
188 1432 37 21 till
243 1432 71 21 skifte
332 1432 59 21 efter
408 1432 132 28 gradering.
