<?xml version="1.0" encoding="UTF-8"?>
<alto xmlns="http://www.loc.gov/standards/alto/ns-v3#" xmlns:xlink="http://www.w3.org/1999/xlink" xmlns:xsi="http://www.w3.org/2001/XMLSchema-instance" xsi:schemaLocation="http://www.loc.gov/standards/alto/ns-v3# http://www.loc.gov/alto/v3/alto-3-0.xsd">
	<Description>
		<MeasurementUnit>pixel</MeasurementUnit>
		<sourceImageInformation>
			<fileName>/tmp/tess_07cvovj7_input.PNG</fileName>
		</sourceImageInformation>
		<OCRProcessing ID="OCR_0">
			<ocrProcessingStep>
				<processingSoftware>
					<softwareName>tesseract 5.3.4</softwareName>
				</processingSoftware>
			</ocrProcessingStep>
		</OCRProcessing>
	</Description>
	<Layout>
		<Page WIDTH="1061" HEIGHT="1631" PHYSICAL_IMG_NR="0" ID="page_0">
			<PrintSpace HPOS="0" VPOS="0" WIDTH="1061" HEIGHT="1631">
				<ComposedBlock ID="cblock_0" HPOS="350" VPOS="102" WIDTH="72" HEIGHT="23">
					<TextBlock ID="block_0" HPOS="350" VPOS="102" WIDTH="72" HEIGHT="23">
						<TextLine ID="line_0" HPOS="350" VPOS="102" WIDTH="72" HEIGHT="23">
							<String ID="string_0" HPOS="350" VPOS="102" WIDTH="27" HEIGHT="22" WC="0.92" CONTENT="U."/><SP WIDTH="19" VPOS="102" HPOS="377"/>
							<String ID="string_1" HPOS="396" VPOS="103" WIDTH="26" HEIGHT="22" WC="0.92" CONTENT="B."/>
						</TextLine>
					</TextBlock>
				</ComposedBlock>
				<GraphicalElement ID="cblock_1" HPOS="439" VPOS="115" WIDTH="29" HEIGHT="4"></GraphicalElement >
				<ComposedBlock ID="cblock_2" HPOS="484" VPOS="102" WIDTH="366" HEIGHT="29">
					<TextBlock ID="block_1" HPOS="484" VPOS="102" WIDTH="366" HEIGHT="29">
						<TextLine ID="line_1" HPOS="484" VPOS="102" WIDTH="366" HEIGHT="29">
							<String ID="string_2" HPOS="484" VPOS="102" WIDTH="74" HEIGHT="29" WC="0.96" CONTENT="Prop."/><SP WIDTH="17" VPOS="102" HPOS="558"/>
							<String ID="string_3" HPOS="575" VPOS="102" WIDTH="42" HEIGHT="23" WC="0.96" CONTENT="N:o"/><SP WIDTH="17" VPOS="102" HPOS="617"/>
							<String ID="string_4" HPOS="634" VPOS="102" WIDTH="30" HEIGHT="22" WC="0.96" CONTENT="33"/><SP WIDTH="161" VPOS="102" HPOS="664"/>
							<String ID="string_5" HPOS="825" VPOS="105" WIDTH="25" HEIGHT="19" WC="0.96" CONTENT="11"/>
						</TextLine>
					</TextBlock>
				</ComposedBlock>
				<ComposedBlock ID="cblock_3" HPOS="125" VPOS="169" WIDTH="758" HEIGHT="1277">
					<TextBlock ID="block_2" HPOS="127" VPOS="169" WIDTH="756" HEIGHT="171">
						<TextLine ID="line_2" HPOS="131" VPOS="169" WIDTH="752" HEIGHT="21">
							<String ID="string_6" HPOS="131" VPOS="171" WIDTH="47" HEIGHT="18" WC="0.96" CONTENT="åter"/><SP WIDTH="16" VPOS="171" HPOS="178"/>
							<String ID="string_7" HPOS="194" VPOS="171" WIDTH="96" HEIGHT="19" WC="0.96" CONTENT="utsätter"/><SP WIDTH="16" VPOS="171" HPOS="290"/>
							<String ID="string_8" HPOS="306" VPOS="169" WIDTH="45" HEIGHT="21" WC="0.96" CONTENT="den"/><SP WIDTH="15" VPOS="169" HPOS="351"/>
							<String ID="string_9" HPOS="366" VPOS="169" WIDTH="7" HEIGHT="20" WC="0.93" CONTENT="i"/><SP WIDTH="17" VPOS="169" HPOS="373"/>
							<String ID="string_10" HPOS="390" VPOS="171" WIDTH="89" HEIGHT="19" WC="0.93" CONTENT="vattnet"/><SP WIDTH="10" VPOS="171" HPOS="479"/>
							<String ID="string_11" HPOS="489" VPOS="169" WIDTH="107" HEIGHT="21" WC="0.92" CONTENT="lefvande"/><SP WIDTH="12" VPOS="169" HPOS="596"/>
							<String ID="string_12" HPOS="608" VPOS="169" WIDTH="55" HEIGHT="21" WC="0.96" CONTENT="eller"/><SP WIDTH="12" VPOS="169" HPOS="663"/>
							<String ID="string_13" HPOS="675" VPOS="169" WIDTH="45" HEIGHT="21" WC="0.96" CONTENT="död"/><SP WIDTH="12" VPOS="169" HPOS="720"/>
							<String ID="string_14" HPOS="732" VPOS="169" WIDTH="43" HEIGHT="21" WC="0.93" CONTENT="och"/><SP WIDTH="12" VPOS="169" HPOS="775"/>
							<String ID="string_15" HPOS="787" VPOS="169" WIDTH="96" HEIGHT="21" WC="0.95" CONTENT="sålunda"/>
						</TextLine>
						<TextLine ID="line_3" HPOS="129" VPOS="204" WIDTH="753" HEIGHT="29">
							<String ID="string_16" HPOS="129" VPOS="204" WIDTH="68" HEIGHT="27" WC="0.90" CONTENT="visar,"/><SP WIDTH="23" VPOS="204" HPOS="197"/>
							<String ID="string_17" HPOS="220" VPOS="206" WIDTH="33" HEIGHT="19" WC="0.92" CONTENT="att"/><SP WIDTH="21" VPOS="206" HPOS="253"/>
							<String ID="string_18" HPOS="274" VPOS="204" WIDTH="107" HEIGHT="29" WC="0.92" CONTENT="fängsten"/><SP WIDTH="17" VPOS="204" HPOS="381"/>
							<String ID="string_19" HPOS="398" VPOS="204" WIDTH="64" HEIGHT="21" WC="0.93" CONTENT="däraf"/><SP WIDTH="16" VPOS="204" HPOS="462"/>
							<String ID="string_20" HPOS="478" VPOS="205" WIDTH="62" HEIGHT="21" WC="0.96" CONTENT="skett"/><SP WIDTH="16" VPOS="205" HPOS="540"/>
							<String ID="string_21" HPOS="556" VPOS="208" WIDTH="60" HEIGHT="17" WC="0.96" CONTENT="emot"/><SP WIDTH="16" VPOS="208" HPOS="616"/>
							<String ID="string_22" HPOS="632" VPOS="205" WIDTH="58" HEIGHT="20" WC="0.96" CONTENT="hans"/><SP WIDTH="15" VPOS="205" HPOS="690"/>
							<String ID="string_23" HPOS="705" VPOS="204" WIDTH="63" HEIGHT="29" WC="0.96" CONTENT="vilja,"/><SP WIDTH="17" VPOS="204" HPOS="768"/>
							<String ID="string_24" HPOS="785" VPOS="205" WIDTH="46" HEIGHT="20" WC="0.93" CONTENT="han"/><SP WIDTH="10" VPOS="205" HPOS="831"/>
							<String ID="string_25" HPOS="841" VPOS="206" WIDTH="41" HEIGHT="26" WC="0.92" CONTENT="gär"/>
						</TextLine>
						<TextLine ID="line_4" HPOS="129" VPOS="240" WIDTH="752" HEIGHT="29">
							<String ID="string_26" HPOS="129" VPOS="240" WIDTH="30" HEIGHT="21" WC="0.91" CONTENT="fri"/><SP WIDTH="15" VPOS="240" HPOS="159"/>
							<String ID="string_27" HPOS="174" VPOS="240" WIDTH="51" HEIGHT="21" WC="0.92" CONTENT="frän"/><SP WIDTH="16" VPOS="240" HPOS="225"/>
							<String ID="string_28" HPOS="241" VPOS="240" WIDTH="72" HEIGHT="26" WC="0.96" CONTENT="straff,"/><SP WIDTH="23" VPOS="240" HPOS="313"/>
							<String ID="string_29" HPOS="336" VPOS="241" WIDTH="43" HEIGHT="21" WC="0.92" CONTENT="och"/><SP WIDTH="16" VPOS="241" HPOS="379"/>
							<String ID="string_30" HPOS="395" VPOS="243" WIDTH="99" HEIGHT="26" WC="0.92" CONTENT="mängen"/><SP WIDTH="16" VPOS="243" HPOS="494"/>
							<String ID="string_31" HPOS="510" VPOS="240" WIDTH="8" HEIGHT="21" WC="0.93" CONTENT="i"/><SP WIDTH="15" VPOS="240" HPOS="518"/>
							<String ID="string_32" HPOS="533" VPOS="243" WIDTH="94" HEIGHT="18" WC="0.93" CONTENT="motsatt"/><SP WIDTH="16" VPOS="243" HPOS="627"/>
							<String ID="string_33" HPOS="643" VPOS="240" WIDTH="109" HEIGHT="21" WC="0.91" CONTENT="händelse"/><SP WIDTH="16" VPOS="240" HPOS="752"/>
							<String ID="string_34" HPOS="768" VPOS="247" WIDTH="55" HEIGHT="14" WC="0.92" CONTENT="vore"/><SP WIDTH="16" VPOS="247" HPOS="823"/>
							<String ID="string_35" HPOS="839" VPOS="240" WIDTH="42" HEIGHT="21" WC="0.93" CONTENT="fre-"/>
						</TextLine>
						<TextLine ID="line_5" HPOS="129" VPOS="276" WIDTH="753" HEIGHT="29">
							<String ID="string_36" HPOS="129" VPOS="276" WIDTH="50" HEIGHT="21" WC="0.95" CONTENT="stad"/><SP WIDTH="17" VPOS="276" HPOS="179"/>
							<String ID="string_37" HPOS="196" VPOS="278" WIDTH="33" HEIGHT="19" WC="0.93" CONTENT="att"/><SP WIDTH="15" VPOS="278" HPOS="229"/>
							<String ID="string_38" HPOS="244" VPOS="277" WIDTH="112" HEIGHT="20" WC="0.92" CONTENT="mähända"/><SP WIDTH="17" VPOS="277" HPOS="356"/>
							<String ID="string_39" HPOS="373" VPOS="277" WIDTH="156" HEIGHT="28" WC="0.91" CONTENT="sanningslöst"/><SP WIDTH="15" VPOS="277" HPOS="529"/>
							<String ID="string_40" HPOS="544" VPOS="279" WIDTH="70" HEIGHT="26" WC="0.93" CONTENT="pästä,"/><SP WIDTH="18" VPOS="279" HPOS="614"/>
							<String ID="string_41" HPOS="632" VPOS="277" WIDTH="40" HEIGHT="20" WC="0.93" CONTENT="det"/><SP WIDTH="13" VPOS="277" HPOS="672"/>
							<String ID="string_42" HPOS="685" VPOS="276" WIDTH="76" HEIGHT="21" WC="0.92" CONTENT="fisken"/><SP WIDTH="14" VPOS="276" HPOS="761"/>
							<String ID="string_43" HPOS="775" VPOS="276" WIDTH="40" HEIGHT="21" WC="0.93" CONTENT="vid"/><SP WIDTH="12" VPOS="276" HPOS="815"/>
							<String ID="string_44" HPOS="827" VPOS="283" WIDTH="55" HEIGHT="21" WC="0.92" CONTENT="upp-"/>
						</TextLine>
						<TextLine ID="line_6" HPOS="127" VPOS="312" WIDTH="251" HEIGHT="28">
							<String ID="string_45" HPOS="127" VPOS="312" WIDTH="110" HEIGHT="28" WC="0.90" CONTENT="tagandet"/><SP WIDTH="15" VPOS="312" HPOS="237"/>
							<String ID="string_46" HPOS="252" VPOS="312" WIDTH="59" HEIGHT="21" WC="0.96" CONTENT="varit"/><SP WIDTH="16" VPOS="312" HPOS="311"/>
							<String ID="string_47" HPOS="327" VPOS="312" WIDTH="51" HEIGHT="21" WC="0.96" CONTENT="död."/>
						</TextLine>
					</TextBlock>
					<TextBlock ID="block_3" HPOS="126" VPOS="347" WIDTH="755" HEIGHT="386">
						<TextLine ID="line_7" HPOS="200" VPOS="347" WIDTH="679" HEIGHT="28">
							<String ID="string_48" HPOS="200" VPOS="347" WIDTH="104" HEIGHT="22" WC="0.90" CONTENT="Emedan"/><SP WIDTH="16" VPOS="347" HPOS="304"/>
							<String ID="string_49" HPOS="320" VPOS="347" WIDTH="202" HEIGHT="28" WC="0.89" CONTENT="bestämningarna"/><SP WIDTH="15" VPOS="347" HPOS="522"/>
							<String ID="string_50" HPOS="537" VPOS="355" WIDTH="37" HEIGHT="14" WC="0.96" CONTENT="om"/><SP WIDTH="17" VPOS="355" HPOS="574"/>
							<String ID="string_51" HPOS="591" VPOS="348" WIDTH="45" HEIGHT="21" WC="0.96" CONTENT="den"/><SP WIDTH="11" VPOS="348" HPOS="636"/>
							<String ID="string_52" HPOS="647" VPOS="350" WIDTH="82" HEIGHT="19" WC="0.93" CONTENT="största"/><SP WIDTH="11" VPOS="350" HPOS="729"/>
							<String ID="string_53" HPOS="740" VPOS="347" WIDTH="79" HEIGHT="26" WC="0.92" CONTENT="täthet,"/><SP WIDTH="12" VPOS="347" HPOS="819"/>
							<String ID="string_54" HPOS="831" VPOS="355" WIDTH="48" HEIGHT="13" WC="0.96" CONTENT="som"/>
						</TextLine>
						<TextLine ID="line_8" HPOS="128" VPOS="383" WIDTH="753" HEIGHT="29">
							<String ID="string_55" HPOS="128" VPOS="383" WIDTH="36" HEIGHT="21" WC="0.93" CONTENT="för"/><SP WIDTH="16" VPOS="383" HPOS="164"/>
							<String ID="string_56" HPOS="180" VPOS="383" WIDTH="156" HEIGHT="29" WC="0.92" CONTENT="garnredskap"/><SP WIDTH="13" VPOS="383" HPOS="336"/>
							<String ID="string_57" HPOS="349" VPOS="387" WIDTH="23" HEIGHT="18" WC="0.93" CONTENT="är"/><SP WIDTH="11" VPOS="387" HPOS="372"/>
							<String ID="string_58" HPOS="383" VPOS="383" WIDTH="95" HEIGHT="26" WC="0.91" CONTENT="tilläten,"/><SP WIDTH="13" VPOS="383" HPOS="478"/>
							<String ID="string_59" HPOS="491" VPOS="383" WIDTH="159" HEIGHT="28" WC="0.92" CONTENT="förnämligast"/><SP WIDTH="10" VPOS="383" HPOS="650"/>
							<String ID="string_60" HPOS="660" VPOS="383" WIDTH="47" HEIGHT="22" WC="0.93" CONTENT="afse"/><SP WIDTH="12" VPOS="383" HPOS="707"/>
							<String ID="string_61" HPOS="719" VPOS="383" WIDTH="128" HEIGHT="21" WC="0.92" CONTENT="hindrande"/><SP WIDTH="11" VPOS="383" HPOS="847"/>
							<String ID="string_62" HPOS="858" VPOS="383" WIDTH="23" HEIGHT="21" WC="0.96" CONTENT="af"/>
						</TextLine>
						<TextLine ID="line_9" HPOS="128" VPOS="419" WIDTH="753" HEIGHT="28">
							<String ID="string_63" HPOS="128" VPOS="419" WIDTH="77" HEIGHT="28" WC="0.90" CONTENT="fängst"/><SP WIDTH="24" VPOS="419" HPOS="205"/>
							<String ID="string_64" HPOS="229" VPOS="419" WIDTH="50" HEIGHT="21" WC="0.92" CONTENT="utaf"/><SP WIDTH="25" VPOS="419" HPOS="279"/>
							<String ID="string_65" HPOS="304" VPOS="419" WIDTH="144" HEIGHT="28" WC="0.90" CONTENT="undermälig"/><SP WIDTH="24" VPOS="419" HPOS="448"/>
							<String ID="string_66" HPOS="472" VPOS="419" WIDTH="46" HEIGHT="21" WC="0.96" CONTENT="fisk"/><SP WIDTH="20" VPOS="419" HPOS="518"/>
							<String ID="string_67" HPOS="538" VPOS="419" WIDTH="53" HEIGHT="21" WC="0.92" CONTENT="med"/><SP WIDTH="23" VPOS="419" HPOS="591"/>
							<String ID="string_68" HPOS="614" VPOS="419" WIDTH="72" HEIGHT="21" WC="0.91" CONTENT="sädan"/><SP WIDTH="15" VPOS="419" HPOS="686"/>
							<String ID="string_69" HPOS="701" VPOS="419" WIDTH="105" HEIGHT="28" WC="0.92" CONTENT="redskap,"/><SP WIDTH="17" VPOS="419" HPOS="806"/>
							<String ID="string_70" HPOS="823" VPOS="421" WIDTH="58" HEIGHT="19" WC="0.96" CONTENT="samt"/>
						</TextLine>
						<TextLine ID="line_10" HPOS="129" VPOS="455" WIDTH="752" HEIGHT="28">
							<String ID="string_71" HPOS="129" VPOS="455" WIDTH="52" HEIGHT="25" WC="0.92" CONTENT="fisk,"/><SP WIDTH="26" VPOS="455" HPOS="181"/>
							<String ID="string_72" HPOS="207" VPOS="455" WIDTH="85" HEIGHT="28" WC="0.92" CONTENT="fängad"/><SP WIDTH="24" VPOS="455" HPOS="292"/>
							<String ID="string_73" HPOS="316" VPOS="455" WIDTH="53" HEIGHT="21" WC="0.93" CONTENT="med"/><SP WIDTH="21" VPOS="455" HPOS="369"/>
							<String ID="string_74" HPOS="390" VPOS="457" WIDTH="61" HEIGHT="19" WC="0.92" CONTENT="mete"/><SP WIDTH="21" VPOS="457" HPOS="451"/>
							<String ID="string_75" HPOS="472" VPOS="455" WIDTH="55" HEIGHT="21" WC="0.96" CONTENT="eller"/><SP WIDTH="16" VPOS="455" HPOS="527"/>
							<String ID="string_76" HPOS="543" VPOS="462" WIDTH="74" HEIGHT="14" WC="0.93" CONTENT="annan"/><SP WIDTH="15" VPOS="462" HPOS="617"/>
							<String ID="string_77" HPOS="632" VPOS="455" WIDTH="163" HEIGHT="28" WC="0.91" CONTENT="krokredskap,"/><SP WIDTH="18" VPOS="455" HPOS="795"/>
							<String ID="string_78" HPOS="813" VPOS="455" WIDTH="68" HEIGHT="20" WC="0.92" CONTENT="oftast"/>
						</TextLine>
						<TextLine ID="line_11" HPOS="129" VPOS="490" WIDTH="752" HEIGHT="22">
							<String ID="string_79" HPOS="129" VPOS="493" WIDTH="24" HEIGHT="18" WC="0.89" CONTENT="sä"/><SP WIDTH="25" VPOS="493" HPOS="153"/>
							<String ID="string_80" HPOS="178" VPOS="491" WIDTH="93" HEIGHT="21" WC="0.89" CONTENT="skadats"/><SP WIDTH="24" VPOS="491" HPOS="271"/>
							<String ID="string_81" HPOS="295" VPOS="493" WIDTH="33" HEIGHT="19" WC="0.95" CONTENT="att"/><SP WIDTH="24" VPOS="493" HPOS="328"/>
							<String ID="string_82" HPOS="352" VPOS="491" WIDTH="52" HEIGHT="21" WC="0.92" CONTENT="dess"/><SP WIDTH="18" VPOS="491" HPOS="404"/>
							<String ID="string_83" HPOS="422" VPOS="491" WIDTH="178" HEIGHT="21" WC="0.92" CONTENT="äterutsättande"/><SP WIDTH="16" VPOS="491" HPOS="600"/>
							<String ID="string_84" HPOS="616" VPOS="491" WIDTH="7" HEIGHT="20" WC="0.93" CONTENT="i"/><SP WIDTH="18" VPOS="491" HPOS="623"/>
							<String ID="string_85" HPOS="641" VPOS="493" WIDTH="89" HEIGHT="19" WC="0.92" CONTENT="vattnet"/><SP WIDTH="15" VPOS="493" HPOS="730"/>
							<String ID="string_86" HPOS="745" VPOS="498" WIDTH="54" HEIGHT="14" WC="0.92" CONTENT="vore"/><SP WIDTH="17" VPOS="498" HPOS="799"/>
							<String ID="string_87" HPOS="816" VPOS="490" WIDTH="65" HEIGHT="21" WC="0.91" CONTENT="orim-"/>
						</TextLine>
						<TextLine ID="line_12" HPOS="128" VPOS="526" WIDTH="752" HEIGHT="29">
							<String ID="string_88" HPOS="128" VPOS="526" WIDTH="49" HEIGHT="29" WC="0.93" CONTENT="ligt,"/><SP WIDTH="17" VPOS="526" HPOS="177"/>
							<String ID="string_89" HPOS="194" VPOS="527" WIDTH="131" HEIGHT="21" WC="0.91" CONTENT="hemställes"/><SP WIDTH="17" VPOS="527" HPOS="325"/>
							<String ID="string_90" HPOS="342" VPOS="529" WIDTH="33" HEIGHT="18" WC="0.93" CONTENT="att"/><SP WIDTH="15" VPOS="529" HPOS="375"/>
							<String ID="string_91" HPOS="390" VPOS="528" WIDTH="154" HEIGHT="27" WC="0.92" CONTENT="stadgandena"/><SP WIDTH="15" VPOS="528" HPOS="544"/>
							<String ID="string_92" HPOS="559" VPOS="529" WIDTH="8" HEIGHT="20" WC="0.89" CONTENT="i"/><SP WIDTH="14" VPOS="529" HPOS="567"/>
							<String ID="string_93" HPOS="581" VPOS="527" WIDTH="16" HEIGHT="26" WC="0.92" CONTENT="$"/><SP WIDTH="17" VPOS="527" HPOS="597"/>
							<String ID="string_94" HPOS="614" VPOS="529" WIDTH="28" HEIGHT="20" WC="0.95" CONTENT="16"/><SP WIDTH="13" VPOS="529" HPOS="642"/>
							<String ID="string_95" HPOS="655" VPOS="534" WIDTH="35" HEIGHT="15" WC="0.93" CONTENT="om"/><SP WIDTH="10" VPOS="534" HPOS="690"/>
							<String ID="string_96" HPOS="700" VPOS="529" WIDTH="83" HEIGHT="20" WC="0.92" CONTENT="minsta"/><SP WIDTH="11" VPOS="529" HPOS="783"/>
							<String ID="string_97" HPOS="794" VPOS="527" WIDTH="86" HEIGHT="22" WC="0.92" CONTENT="tillätna"/>
						</TextLine>
						<TextLine ID="line_13" HPOS="128" VPOS="562" WIDTH="752" HEIGHT="29">
							<String ID="string_98" HPOS="128" VPOS="564" WIDTH="67" HEIGHT="27" WC="0.93" CONTENT="längd"/><SP WIDTH="20" VPOS="564" HPOS="195"/>
							<String ID="string_99" HPOS="215" VPOS="563" WIDTH="14" HEIGHT="22" WC="0.91" CONTENT="å"/><SP WIDTH="15" VPOS="563" HPOS="229"/>
							<String ID="string_100" HPOS="244" VPOS="563" WIDTH="86" HEIGHT="28" WC="0.96" CONTENT="fångad"/><SP WIDTH="21" VPOS="563" HPOS="330"/>
							<String ID="string_101" HPOS="351" VPOS="564" WIDTH="42" HEIGHT="26" WC="0.93" CONTENT="fisk"/><SP WIDTH="23" VPOS="564" HPOS="393"/>
							<String ID="string_102" HPOS="416" VPOS="565" WIDTH="76" HEIGHT="19" WC="0.96" CONTENT="såsom"/><SP WIDTH="24" VPOS="565" HPOS="492"/>
							<String ID="string_103" HPOS="516" VPOS="563" WIDTH="98" HEIGHT="21" WC="0.96" CONTENT="varande"/><SP WIDTH="20" VPOS="563" HPOS="614"/>
							<String ID="string_104" HPOS="634" VPOS="562" WIDTH="87" HEIGHT="29" WC="0.95" CONTENT="jämväl"/><SP WIDTH="16" VPOS="562" HPOS="721"/>
							<String ID="string_105" HPOS="737" VPOS="562" WIDTH="7" HEIGHT="21" WC="0.96" CONTENT="i"/><SP WIDTH="13" VPOS="562" HPOS="744"/>
							<String ID="string_106" HPOS="757" VPOS="563" WIDTH="46" HEIGHT="28" WC="0.96" CONTENT="hög"/><SP WIDTH="20" VPOS="563" HPOS="803"/>
							<String ID="string_107" HPOS="823" VPOS="563" WIDTH="57" HEIGHT="28" WC="0.96" CONTENT="grad"/>
						</TextLine>
						<TextLine ID="line_14" HPOS="130" VPOS="598" WIDTH="749" HEIGHT="29">
							<String ID="string_108" HPOS="130" VPOS="598" WIDTH="137" HEIGHT="29" WC="0.96" CONTENT="opraktiska,"/><SP WIDTH="17" VPOS="598" HPOS="267"/>
							<String ID="string_109" HPOS="284" VPOS="599" WIDTH="60" HEIGHT="27" WC="0.96" CONTENT="utgå,"/><SP WIDTH="16" VPOS="599" HPOS="344"/>
							<String ID="string_110" HPOS="360" VPOS="600" WIDTH="114" HEIGHT="21" WC="0.95" CONTENT="hvaremot"/><SP WIDTH="10" VPOS="600" HPOS="474"/>
							<String ID="string_111" HPOS="484" VPOS="601" WIDTH="135" HEIGHT="26" WC="0.96" CONTENT="bestämning"/><SP WIDTH="11" VPOS="601" HPOS="619"/>
							<String ID="string_112" HPOS="630" VPOS="600" WIDTH="66" HEIGHT="21" WC="0.96" CONTENT="borde"/><SP WIDTH="9" VPOS="600" HPOS="696"/>
							<String ID="string_113" HPOS="705" VPOS="599" WIDTH="89" HEIGHT="27" WC="0.95" CONTENT="införas"/><SP WIDTH="7" VPOS="599" HPOS="794"/>
							<String ID="string_114" HPOS="801" VPOS="599" WIDTH="78" HEIGHT="22" WC="0.96" CONTENT="därom"/>
						</TextLine>
						<TextLine ID="line_15" HPOS="129" VPOS="634" WIDTH="751" HEIGHT="29">
							<String ID="string_115" HPOS="129" VPOS="637" WIDTH="32" HEIGHT="20" WC="0.95" CONTENT="att"/><SP WIDTH="15" VPOS="637" HPOS="161"/>
							<String ID="string_116" HPOS="176" VPOS="634" WIDTH="8" HEIGHT="21" WC="0.96" CONTENT="i"/><SP WIDTH="15" VPOS="634" HPOS="184"/>
							<String ID="string_117" HPOS="199" VPOS="634" WIDTH="110" HEIGHT="21" WC="0.96" CONTENT="händelse"/><SP WIDTH="16" VPOS="634" HPOS="309"/>
							<String ID="string_118" HPOS="325" VPOS="635" WIDTH="82" HEIGHT="20" WC="0.93" CONTENT="sådant"/><SP WIDTH="15" VPOS="635" HPOS="407"/>
							<String ID="string_119" HPOS="422" VPOS="634" WIDTH="113" HEIGHT="21" WC="0.92" CONTENT="befunnes"/><SP WIDTH="16" VPOS="634" HPOS="535"/>
							<String ID="string_120" HPOS="551" VPOS="634" WIDTH="91" HEIGHT="29" WC="0.96" CONTENT="möjligt"/><SP WIDTH="16" VPOS="634" HPOS="642"/>
							<String ID="string_121" HPOS="658" VPOS="635" WIDTH="42" HEIGHT="20" WC="0.96" CONTENT="och"/><SP WIDTH="16" VPOS="635" HPOS="700"/>
							<String ID="string_122" HPOS="716" VPOS="641" WIDTH="81" HEIGHT="14" WC="0.91" CONTENT="annars"/><SP WIDTH="14" VPOS="641" HPOS="797"/>
							<String ID="string_123" HPOS="811" VPOS="634" WIDTH="69" HEIGHT="28" WC="0.91" CONTENT="lämp-"/>
						</TextLine>
						<TextLine ID="line_16" HPOS="128" VPOS="669" WIDTH="753" HEIGHT="29">
							<String ID="string_124" HPOS="128" VPOS="669" WIDTH="49" HEIGHT="29" WC="0.95" CONTENT="ligt,"/><SP WIDTH="17" VPOS="669" HPOS="177"/>
							<String ID="string_125" HPOS="194" VPOS="671" WIDTH="122" HEIGHT="26" WC="0.96" CONTENT="stadgande"/><SP WIDTH="16" VPOS="671" HPOS="316"/>
							<String ID="string_126" HPOS="332" VPOS="671" WIDTH="113" HEIGHT="27" WC="0.96" CONTENT="angående"/><SP WIDTH="16" VPOS="671" HPOS="445"/>
							<String ID="string_127" HPOS="461" VPOS="672" WIDTH="64" HEIGHT="21" WC="0.96" CONTENT="dessa"/><SP WIDTH="16" VPOS="672" HPOS="525"/>
							<String ID="string_128" HPOS="541" VPOS="671" WIDTH="183" HEIGHT="27" WC="0.96" CONTENT="omständigheter"/><SP WIDTH="14" VPOS="671" HPOS="724"/>
							<String ID="string_129" HPOS="738" VPOS="671" WIDTH="57" HEIGHT="26" WC="0.96" CONTENT="finge"/><SP WIDTH="14" VPOS="671" HPOS="795"/>
							<String ID="string_130" HPOS="809" VPOS="670" WIDTH="72" HEIGHT="27" WC="0.92" CONTENT="ingå"/><SP WIDTH="-13" VPOS="670" HPOS="881"/>
							<String ID="string_131" HPOS="868" VPOS="665" WIDTH="17" HEIGHT="37" WC="0.89" CONTENT="i"/>
						</TextLine>
						<TextLine ID="line_17" HPOS="126" VPOS="705" WIDTH="352" HEIGHT="28">
							<String ID="string_132" HPOS="126" VPOS="705" WIDTH="237" HEIGHT="28" WC="0.90" CONTENT="fiskevårdsförenings"/><SP WIDTH="15" VPOS="705" HPOS="363"/>
							<String ID="string_133" HPOS="378" VPOS="707" WIDTH="100" HEIGHT="26" WC="0.96" CONTENT="stadgar."/>
						</TextLine>
					</TextBlock>
					<TextBlock ID="block_4" HPOS="125" VPOS="741" WIDTH="756" HEIGHT="279">
						<TextLine ID="line_18" HPOS="200" VPOS="741" WIDTH="681" HEIGHT="28">
							<String ID="string_134" HPOS="200" VPOS="741" WIDTH="45" HEIGHT="21" WC="0.95" CONTENT="För"/><SP WIDTH="17" VPOS="741" HPOS="245"/>
							<String ID="string_135" HPOS="262" VPOS="744" WIDTH="33" HEIGHT="18" WC="0.94" CONTENT="att"/><SP WIDTH="16" VPOS="744" HPOS="295"/>
							<String ID="string_136" HPOS="311" VPOS="741" WIDTH="84" HEIGHT="22" WC="0.96" CONTENT="fiskare"/><SP WIDTH="17" VPOS="741" HPOS="395"/>
							<String ID="string_137" HPOS="412" VPOS="741" WIDTH="128" HEIGHT="22" WC="0.96" CONTENT="emellertid"/><SP WIDTH="15" VPOS="741" HPOS="540"/>
							<String ID="string_138" HPOS="555" VPOS="741" WIDTH="51" HEIGHT="22" WC="0.96" CONTENT="icke"/><SP WIDTH="18" VPOS="741" HPOS="606"/>
							<String ID="string_139" HPOS="624" VPOS="743" WIDTH="70" HEIGHT="19" WC="0.96" CONTENT="måtte"/><SP WIDTH="14" VPOS="743" HPOS="694"/>
							<String ID="string_140" HPOS="708" VPOS="741" WIDTH="64" HEIGHT="21" WC="0.96" CONTENT="finna"/><SP WIDTH="11" VPOS="741" HPOS="772"/>
							<String ID="string_141" HPOS="783" VPOS="741" WIDTH="36" HEIGHT="28" WC="0.93" CONTENT="sig"/><SP WIDTH="11" VPOS="741" HPOS="819"/>
							<String ID="string_142" HPOS="830" VPOS="748" WIDTH="51" HEIGHT="21" WC="0.92" CONTENT="syn-"/>
						</TextLine>
						<TextLine ID="line_19" HPOS="129" VPOS="776" WIDTH="752" HEIGHT="29">
							<String ID="string_143" HPOS="129" VPOS="777" WIDTH="103" HEIGHT="28" WC="0.89" CONTENT="nerligen"/><SP WIDTH="22" VPOS="777" HPOS="232"/>
							<String ID="string_144" HPOS="254" VPOS="777" WIDTH="100" HEIGHT="21" WC="0.91" CONTENT="frestade"/><SP WIDTH="22" VPOS="777" HPOS="354"/>
							<String ID="string_145" HPOS="376" VPOS="780" WIDTH="33" HEIGHT="18" WC="0.96" CONTENT="att"/><SP WIDTH="15" VPOS="780" HPOS="409"/>
							<String ID="string_146" HPOS="424" VPOS="777" WIDTH="71" HEIGHT="28" WC="0.96" CONTENT="fånga"/><SP WIDTH="16" VPOS="777" HPOS="495"/>
							<String ID="string_147" HPOS="511" VPOS="777" WIDTH="70" HEIGHT="21" WC="0.93" CONTENT="sådan"/><SP WIDTH="15" VPOS="777" HPOS="581"/>
							<String ID="string_148" HPOS="596" VPOS="777" WIDTH="159" HEIGHT="28" WC="0.91" CONTENT="undermånlig"/><SP WIDTH="17" VPOS="777" HPOS="755"/>
							<String ID="string_149" HPOS="772" VPOS="776" WIDTH="52" HEIGHT="26" WC="0.96" CONTENT="fisk,"/><SP WIDTH="16" VPOS="776" HPOS="824"/>
							<String ID="string_150" HPOS="840" VPOS="777" WIDTH="41" HEIGHT="20" WC="0.96" CONTENT="har"/>
						</TextLine>
						<TextLine ID="line_20" HPOS="127" VPOS="812" WIDTH="754" HEIGHT="29">
							<String ID="string_151" HPOS="127" VPOS="813" WIDTH="120" HEIGHT="21" WC="0.96" CONTENT="Utskottet"/><SP WIDTH="13" VPOS="813" HPOS="247"/>
							<String ID="string_152" HPOS="260" VPOS="815" WIDTH="55" HEIGHT="19" WC="0.96" CONTENT="trott"/><SP WIDTH="18" VPOS="815" HPOS="315"/>
							<String ID="string_153" HPOS="333" VPOS="813" WIDTH="35" HEIGHT="28" WC="0.96" CONTENT="sig"/><SP WIDTH="15" VPOS="813" HPOS="368"/>
							<String ID="string_154" HPOS="383" VPOS="813" WIDTH="56" HEIGHT="21" WC="0.96" CONTENT="böra"/><SP WIDTH="19" VPOS="813" HPOS="439"/>
							<String ID="string_155" HPOS="458" VPOS="813" WIDTH="89" HEIGHT="25" WC="0.96" CONTENT="föreslå,"/><SP WIDTH="18" VPOS="813" HPOS="547"/>
							<String ID="string_156" HPOS="565" VPOS="815" WIDTH="31" HEIGHT="19" WC="0.96" CONTENT="att"/><SP WIDTH="16" VPOS="815" HPOS="596"/>
							<String ID="string_157" HPOS="612" VPOS="815" WIDTH="8" HEIGHT="20" WC="0.92" CONTENT="i"/><SP WIDTH="23" VPOS="815" HPOS="620"/>
							<String ID="string_158" HPOS="643" VPOS="814" WIDTH="7" HEIGHT="26" WC="0.89" CONTENT="$"/><SP WIDTH="15" VPOS="814" HPOS="650"/>
							<String ID="string_159" HPOS="665" VPOS="814" WIDTH="35" HEIGHT="24" WC="0.95" CONTENT="35,"/><SP WIDTH="17" VPOS="814" HPOS="700"/>
							<String ID="string_160" HPOS="717" VPOS="819" WIDTH="50" HEIGHT="15" WC="0.96" CONTENT="som"/><SP WIDTH="18" VPOS="819" HPOS="767"/>
							<String ID="string_161" HPOS="785" VPOS="812" WIDTH="96" HEIGHT="21" WC="0.96" CONTENT="handlar"/>
						</TextLine>
						<TextLine ID="line_21" HPOS="128" VPOS="848" WIDTH="752" HEIGHT="29">
							<String ID="string_162" HPOS="128" VPOS="849" WIDTH="71" HEIGHT="20" WC="0.96" CONTENT="bland"/><SP WIDTH="16" VPOS="849" HPOS="199"/>
							<String ID="string_163" HPOS="215" VPOS="851" WIDTH="70" HEIGHT="18" WC="0.96" CONTENT="annat"/><SP WIDTH="16" VPOS="851" HPOS="285"/>
							<String ID="string_164" HPOS="301" VPOS="856" WIDTH="36" HEIGHT="14" WC="0.96" CONTENT="om"/><SP WIDTH="16" VPOS="856" HPOS="337"/>
							<String ID="string_165" HPOS="353" VPOS="849" WIDTH="137" HEIGHT="28" WC="0.95" CONTENT="försäljning"/><SP WIDTH="17" VPOS="849" HPOS="490"/>
							<String ID="string_166" HPOS="507" VPOS="849" WIDTH="23" HEIGHT="21" WC="0.95" CONTENT="af"/><SP WIDTH="15" VPOS="849" HPOS="530"/>
							<String ID="string_167" HPOS="545" VPOS="849" WIDTH="53" HEIGHT="25" WC="0.96" CONTENT="fisk,"/><SP WIDTH="17" VPOS="849" HPOS="598"/>
							<String ID="string_168" HPOS="615" VPOS="850" WIDTH="66" HEIGHT="21" WC="0.93" CONTENT="borde"/><SP WIDTH="11" VPOS="850" HPOS="681"/>
							<String ID="string_169" HPOS="692" VPOS="851" WIDTH="88" HEIGHT="25" WC="0.92" CONTENT="intagas"/><SP WIDTH="11" VPOS="851" HPOS="780"/>
							<String ID="string_170" HPOS="791" VPOS="848" WIDTH="89" HEIGHT="23" WC="0.92" CONTENT="bestäm-"/>
						</TextLine>
						<TextLine ID="line_22" HPOS="127" VPOS="885" WIDTH="752" HEIGHT="28">
							<String ID="string_171" HPOS="127" VPOS="886" WIDTH="54" HEIGHT="26" WC="0.96" CONTENT="ning"/><SP WIDTH="23" VPOS="886" HPOS="181"/>
							<String ID="string_172" HPOS="204" VPOS="886" WIDTH="85" HEIGHT="26" WC="0.95" CONTENT="därom,"/><SP WIDTH="18" VPOS="886" HPOS="289"/>
							<String ID="string_173" HPOS="307" VPOS="887" WIDTH="32" HEIGHT="20" WC="0.92" CONTENT="att"/><SP WIDTH="15" VPOS="887" HPOS="339"/>
							<String ID="string_174" HPOS="354" VPOS="886" WIDTH="98" HEIGHT="27" WC="0.91" CONTENT="hafslax,"/><SP WIDTH="17" VPOS="886" HPOS="452"/>
							<String ID="string_175" HPOS="469" VPOS="887" WIDTH="88" HEIGHT="25" WC="0.91" CONTENT="taimen,"/><SP WIDTH="15" VPOS="887" HPOS="557"/>
							<String ID="string_176" HPOS="572" VPOS="886" WIDTH="68" HEIGHT="26" WC="0.92" CONTENT="forell,"/><SP WIDTH="18" VPOS="886" HPOS="640"/>
							<String ID="string_177" HPOS="658" VPOS="886" WIDTH="86" HEIGHT="27" WC="0.96" CONTENT="röding,"/><SP WIDTH="16" VPOS="886" HPOS="744"/>
							<String ID="string_178" HPOS="760" VPOS="885" WIDTH="63" HEIGHT="26" WC="0.96" CONTENT="harr,"/><SP WIDTH="16" VPOS="885" HPOS="823"/>
							<String ID="string_179" HPOS="839" VPOS="885" WIDTH="40" HEIGHT="26" WC="0.96" CONTENT="sik,"/>
						</TextLine>
						<TextLine ID="line_23" HPOS="129" VPOS="921" WIDTH="751" HEIGHT="27">
							<String ID="string_180" HPOS="129" VPOS="922" WIDTH="90" HEIGHT="25" WC="0.92" CONTENT="braxen,"/><SP WIDTH="16" VPOS="922" HPOS="219"/>
							<String ID="string_181" HPOS="235" VPOS="921" WIDTH="24" HEIGHT="22" WC="0.96" CONTENT="id"/><SP WIDTH="16" VPOS="921" HPOS="259"/>
							<String ID="string_182" HPOS="275" VPOS="921" WIDTH="37" HEIGHT="22" WC="0.95" CONTENT="och"/><SP WIDTH="14" VPOS="921" HPOS="312"/>
							<String ID="string_183" HPOS="326" VPOS="923" WIDTH="47" HEIGHT="25" WC="0.96" CONTENT="gös,"/><SP WIDTH="16" VPOS="923" HPOS="373"/>
							<String ID="string_184" HPOS="389" VPOS="922" WIDTH="73" HEIGHT="21" WC="0.96" CONTENT="hvilka"/><SP WIDTH="16" VPOS="922" HPOS="462"/>
							<String ID="string_185" HPOS="478" VPOS="922" WIDTH="44" HEIGHT="21" WC="0.93" CONTENT="icke"/><SP WIDTH="15" VPOS="922" HPOS="522"/>
							<String ID="string_186" HPOS="537" VPOS="921" WIDTH="118" HEIGHT="27" WC="0.91" CONTENT="innehafva"/><SP WIDTH="13" VPOS="921" HPOS="655"/>
							<String ID="string_187" HPOS="668" VPOS="922" WIDTH="26" HEIGHT="21" WC="0.96" CONTENT="de"/><SP WIDTH="8" VPOS="922" HPOS="694"/>
							<String ID="string_188" HPOS="702" VPOS="921" WIDTH="39" HEIGHT="27" WC="0.96" CONTENT="för"/><SP WIDTH="10" VPOS="921" HPOS="741"/>
							<String ID="string_189" HPOS="751" VPOS="921" WIDTH="71" HEIGHT="27" WC="0.93" CONTENT="sagda"/><SP WIDTH="9" VPOS="921" HPOS="822"/>
							<String ID="string_190" HPOS="831" VPOS="921" WIDTH="49" HEIGHT="26" WC="0.89" CONTENT="fisk-"/>
						</TextLine>
						<TextLine ID="line_24" HPOS="126" VPOS="955" WIDTH="753" HEIGHT="29">
							<String ID="string_191" HPOS="126" VPOS="957" WIDTH="49" HEIGHT="27" WC="0.96" CONTENT="slag"/><SP WIDTH="19" VPOS="957" HPOS="175"/>
							<String ID="string_192" HPOS="194" VPOS="958" WIDTH="8" HEIGHT="20" WC="0.93" CONTENT="i"/><SP WIDTH="16" VPOS="958" HPOS="202"/>
							<String ID="string_193" HPOS="218" VPOS="957" WIDTH="16" HEIGHT="26" WC="0.91" CONTENT="$"/><SP WIDTH="22" VPOS="957" HPOS="234"/>
							<String ID="string_194" HPOS="256" VPOS="958" WIDTH="28" HEIGHT="20" WC="0.92" CONTENT="16"/><SP WIDTH="20" VPOS="958" HPOS="284"/>
							<String ID="string_195" HPOS="304" VPOS="957" WIDTH="93" HEIGHT="27" WC="0.89" CONTENT="angifna"/><SP WIDTH="21" VPOS="957" HPOS="397"/>
							<String ID="string_196" HPOS="418" VPOS="957" WIDTH="113" HEIGHT="27" WC="0.92" CONTENT="längmått,"/><SP WIDTH="22" VPOS="957" HPOS="531"/>
							<String ID="string_197" HPOS="553" VPOS="957" WIDTH="43" HEIGHT="22" WC="0.96" CONTENT="icke"/><SP WIDTH="19" VPOS="957" HPOS="596"/>
							<String ID="string_198" HPOS="615" VPOS="957" WIDTH="57" HEIGHT="26" WC="0.96" CONTENT="finge"/><SP WIDTH="15" VPOS="957" HPOS="672"/>
							<String ID="string_199" HPOS="687" VPOS="957" WIDTH="32" HEIGHT="21" WC="0.95" CONTENT="till"/><SP WIDTH="16" VPOS="957" HPOS="719"/>
							<String ID="string_200" HPOS="735" VPOS="957" WIDTH="50" HEIGHT="21" WC="0.96" CONTENT="salu"/><SP WIDTH="15" VPOS="957" HPOS="785"/>
							<String ID="string_201" HPOS="800" VPOS="955" WIDTH="79" HEIGHT="28" WC="0.95" CONTENT="hållas,"/>
						</TextLine>
						<TextLine ID="line_25" HPOS="125" VPOS="993" WIDTH="444" HEIGHT="27">
							<String ID="string_202" HPOS="125" VPOS="993" WIDTH="69" HEIGHT="27" WC="0.96" CONTENT="köpas"/><SP WIDTH="16" VPOS="993" HPOS="194"/>
							<String ID="string_203" HPOS="210" VPOS="993" WIDTH="51" HEIGHT="21" WC="0.96" CONTENT="eller"/><SP WIDTH="15" VPOS="993" HPOS="261"/>
							<String ID="string_204" HPOS="276" VPOS="995" WIDTH="45" HEIGHT="20" WC="0.96" CONTENT="mot"/><SP WIDTH="16" VPOS="995" HPOS="321"/>
							<String ID="string_205" HPOS="337" VPOS="994" WIDTH="109" HEIGHT="26" WC="0.96" CONTENT="betalning"/><SP WIDTH="16" VPOS="994" HPOS="446"/>
							<String ID="string_206" HPOS="462" VPOS="999" WIDTH="107" HEIGHT="16" WC="0.96" CONTENT="serveras."/>
						</TextLine>
					</TextBlock>
					<TextBlock ID="block_5" HPOS="125" VPOS="1027" WIDTH="755" HEIGHT="387">
						<TextLine ID="line_26" HPOS="199" VPOS="1027" WIDTH="681" HEIGHT="29">
							<String ID="string_207" HPOS="199" VPOS="1028" WIDTH="69" HEIGHT="21" WC="0.96" CONTENT="Emot"/><SP WIDTH="15" VPOS="1028" HPOS="268"/>
							<String ID="string_208" HPOS="283" VPOS="1028" WIDTH="157" HEIGHT="28" WC="0.95" CONTENT="nyssnämnda"/><SP WIDTH="16" VPOS="1028" HPOS="440"/>
							<String ID="string_209" HPOS="456" VPOS="1028" WIDTH="86" HEIGHT="28" WC="0.96" CONTENT="förslag"/><SP WIDTH="17" VPOS="1028" HPOS="542"/>
							<String ID="string_210" HPOS="559" VPOS="1027" WIDTH="23" HEIGHT="22" WC="0.96" CONTENT="af"/><SP WIDTH="14" VPOS="1027" HPOS="582"/>
							<String ID="string_211" HPOS="596" VPOS="1028" WIDTH="129" HEIGHT="21" WC="0.96" CONTENT="Utskottets"/><SP WIDTH="18" VPOS="1028" HPOS="725"/>
							<String ID="string_212" HPOS="743" VPOS="1027" WIDTH="75" HEIGHT="22" WC="0.96" CONTENT="flertal"/><SP WIDTH="21" VPOS="1027" HPOS="818"/>
							<String ID="string_213" HPOS="839" VPOS="1028" WIDTH="41" HEIGHT="20" WC="0.94" CONTENT="har"/>
						</TextLine>
						<TextLine ID="line_27" HPOS="128" VPOS="1063" WIDTH="752" HEIGHT="28">
							<String ID="string_214" HPOS="128" VPOS="1063" WIDTH="107" HEIGHT="22" WC="0.92" CONTENT="invändts"/><SP WIDTH="26" VPOS="1063" HPOS="235"/>
							<String ID="string_215" HPOS="261" VPOS="1066" WIDTH="33" HEIGHT="19" WC="0.93" CONTENT="att"/><SP WIDTH="21" VPOS="1066" HPOS="294"/>
							<String ID="string_216" HPOS="315" VPOS="1066" WIDTH="12" HEIGHT="19" WC="0.90" CONTENT="&amp;"/><SP WIDTH="22" VPOS="1066" HPOS="327"/>
							<String ID="string_217" HPOS="349" VPOS="1064" WIDTH="99" HEIGHT="21" WC="0.92" CONTENT="hafsfisk"/><SP WIDTH="25" VPOS="1064" HPOS="448"/>
							<String ID="string_218" HPOS="473" VPOS="1064" WIDTH="119" HEIGHT="21" WC="0.96" CONTENT="enahanda"/><SP WIDTH="14" VPOS="1064" HPOS="592"/>
							<String ID="string_219" HPOS="606" VPOS="1065" WIDTH="58" HEIGHT="20" WC="0.96" CONTENT="mått"/><SP WIDTH="16" VPOS="1065" HPOS="664"/>
							<String ID="string_220" HPOS="680" VPOS="1071" WIDTH="47" HEIGHT="14" WC="0.93" CONTENT="som"/><SP WIDTH="18" VPOS="1071" HPOS="727"/>
							<String ID="string_221" HPOS="745" VPOS="1065" WIDTH="12" HEIGHT="20" WC="0.92" CONTENT="å"/><SP WIDTH="16" VPOS="1065" HPOS="757"/>
							<String ID="string_222" HPOS="773" VPOS="1063" WIDTH="107" HEIGHT="28" WC="0.92" CONTENT="insjöfisk"/>
						</TextLine>
						<TextLine ID="line_28" HPOS="127" VPOS="1099" WIDTH="753" HEIGHT="29">
							<String ID="string_223" HPOS="127" VPOS="1099" WIDTH="51" HEIGHT="21" WC="0.96" CONTENT="icke"/><SP WIDTH="17" VPOS="1099" HPOS="178"/>
							<String ID="string_224" HPOS="195" VPOS="1106" WIDTH="55" HEIGHT="15" WC="0.96" CONTENT="vore"/><SP WIDTH="17" VPOS="1106" HPOS="250"/>
							<String ID="string_225" HPOS="267" VPOS="1099" WIDTH="143" HEIGHT="29" WC="0.96" CONTENT="tillämpliga,"/><SP WIDTH="17" VPOS="1099" HPOS="410"/>
							<String ID="string_226" HPOS="427" VPOS="1103" WIDTH="55" HEIGHT="18" WC="0.96" CONTENT="enär"/><SP WIDTH="16" VPOS="1103" HPOS="482"/>
							<String ID="string_227" HPOS="498" VPOS="1100" WIDTH="67" HEIGHT="21" WC="0.96" CONTENT="dessa"/><SP WIDTH="17" VPOS="1100" HPOS="565"/>
							<String ID="string_228" HPOS="582" VPOS="1099" WIDTH="72" HEIGHT="22" WC="0.96" CONTENT="fiskar"/><SP WIDTH="16" VPOS="1099" HPOS="654"/>
							<String ID="string_229" HPOS="670" VPOS="1099" WIDTH="47" HEIGHT="22" WC="0.96" CONTENT="ofta"/><SP WIDTH="15" VPOS="1099" HPOS="717"/>
							<String ID="string_230" HPOS="732" VPOS="1102" WIDTH="38" HEIGHT="18" WC="0.96" CONTENT="äro"/><SP WIDTH="16" VPOS="1102" HPOS="770"/>
							<String ID="string_231" HPOS="786" VPOS="1099" WIDTH="35" HEIGHT="21" WC="0.93" CONTENT="till"/><SP WIDTH="16" VPOS="1099" HPOS="821"/>
							<String ID="string_232" HPOS="837" VPOS="1099" WIDTH="43" HEIGHT="21" WC="0.91" CONTENT="for-"/>
						</TextLine>
						<TextLine ID="line_29" HPOS="129" VPOS="1135" WIDTH="750" HEIGHT="28">
							<String ID="string_233" HPOS="129" VPOS="1142" WIDTH="53" HEIGHT="14" WC="0.96" CONTENT="men"/><SP WIDTH="16" VPOS="1142" HPOS="182"/>
							<String ID="string_234" HPOS="198" VPOS="1135" WIDTH="51" HEIGHT="21" WC="0.96" CONTENT="från"/><SP WIDTH="15" VPOS="1135" HPOS="249"/>
							<String ID="string_235" HPOS="264" VPOS="1135" WIDTH="128" HEIGHT="21" WC="0.93" CONTENT="hvarandra"/><SP WIDTH="17" VPOS="1135" HPOS="392"/>
							<String ID="string_236" HPOS="409" VPOS="1135" WIDTH="132" HEIGHT="26" WC="0.90" CONTENT="afvikande;"/><SP WIDTH="20" VPOS="1135" HPOS="541"/>
							<String ID="string_237" HPOS="561" VPOS="1137" WIDTH="32" HEIGHT="19" WC="0.96" CONTENT="att"/><SP WIDTH="16" VPOS="1137" HPOS="593"/>
							<String ID="string_238" HPOS="609" VPOS="1135" WIDTH="76" HEIGHT="21" WC="0.96" CONTENT="fisken"/><SP WIDTH="15" VPOS="1135" HPOS="685"/>
							<String ID="string_239" HPOS="700" VPOS="1135" WIDTH="39" HEIGHT="22" WC="0.93" CONTENT="vid"/><SP WIDTH="15" VPOS="1135" HPOS="739"/>
							<String ID="string_240" HPOS="754" VPOS="1135" WIDTH="125" HEIGHT="28" WC="0.90" CONTENT="insaltning"/>
						</TextLine>
						<TextLine ID="line_30" HPOS="127" VPOS="1171" WIDTH="752" HEIGHT="22">
							<String ID="string_241" HPOS="127" VPOS="1171" WIDTH="70" HEIGHT="21" WC="0.96" CONTENT="oftast"/><SP WIDTH="23" VPOS="1171" HPOS="197"/>
							<String ID="string_242" HPOS="220" VPOS="1171" WIDTH="119" HEIGHT="21" WC="0.96" CONTENT="förändrar"/><SP WIDTH="23" VPOS="1171" HPOS="339"/>
							<String ID="string_243" HPOS="362" VPOS="1172" WIDTH="58" HEIGHT="21" WC="0.96" CONTENT="form"/><SP WIDTH="20" VPOS="1172" HPOS="420"/>
							<String ID="string_244" HPOS="440" VPOS="1172" WIDTH="42" HEIGHT="21" WC="0.96" CONTENT="och"/><SP WIDTH="21" VPOS="1172" HPOS="482"/>
							<String ID="string_245" HPOS="503" VPOS="1171" WIDTH="88" HEIGHT="22" WC="0.96" CONTENT="således"/><SP WIDTH="15" VPOS="1171" HPOS="591"/>
							<String ID="string_246" HPOS="606" VPOS="1171" WIDTH="8" HEIGHT="21" WC="0.96" CONTENT="i"/><SP WIDTH="16" VPOS="1171" HPOS="614"/>
							<String ID="string_247" HPOS="630" VPOS="1172" WIDTH="63" HEIGHT="20" WC="0.96" CONTENT="detta"/><SP WIDTH="17" VPOS="1172" HPOS="693"/>
							<String ID="string_248" HPOS="710" VPOS="1171" WIDTH="103" HEIGHT="21" WC="0.96" CONTENT="tillstånd"/><SP WIDTH="16" VPOS="1171" HPOS="813"/>
							<String ID="string_249" HPOS="829" VPOS="1171" WIDTH="50" HEIGHT="21" WC="0.96" CONTENT="icke"/>
						</TextLine>
						<TextLine ID="line_31" HPOS="128" VPOS="1207" WIDTH="750" HEIGHT="29">
							<String ID="string_250" HPOS="128" VPOS="1207" WIDTH="141" HEIGHT="28" WC="0.96" CONTENT="tillförlitligt"/><SP WIDTH="16" VPOS="1207" HPOS="269"/>
							<String ID="string_251" HPOS="285" VPOS="1207" WIDTH="45" HEIGHT="21" WC="0.95" CONTENT="kan"/><SP WIDTH="18" VPOS="1207" HPOS="330"/>
							<String ID="string_252" HPOS="348" VPOS="1207" WIDTH="35" HEIGHT="21" WC="0.95" CONTENT="till"/><SP WIDTH="16" VPOS="1207" HPOS="383"/>
							<String ID="string_253" HPOS="399" VPOS="1207" WIDTH="40" HEIGHT="21" WC="0.96" CONTENT="sitt"/><SP WIDTH="16" VPOS="1207" HPOS="439"/>
							<String ID="string_254" HPOS="455" VPOS="1207" WIDTH="116" HEIGHT="29" WC="0.96" CONTENT="egentliga"/><SP WIDTH="9" VPOS="1207" HPOS="571"/>
							<String ID="string_255" HPOS="580" VPOS="1209" WIDTH="57" HEIGHT="19" WC="0.96" CONTENT="mått"/><SP WIDTH="13" VPOS="1209" HPOS="637"/>
							<String ID="string_256" HPOS="650" VPOS="1207" WIDTH="109" HEIGHT="21" WC="0.96" CONTENT="bedömas"/><SP WIDTH="12" VPOS="1207" HPOS="759"/>
							<String ID="string_257" HPOS="771" VPOS="1208" WIDTH="58" HEIGHT="20" WC="0.95" CONTENT="samt"/><SP WIDTH="11" VPOS="1208" HPOS="829"/>
							<String ID="string_258" HPOS="840" VPOS="1209" WIDTH="38" HEIGHT="23" WC="0.96" CONTENT="att,"/>
						</TextLine>
						<TextLine ID="line_32" HPOS="129" VPOS="1242" WIDTH="750" HEIGHT="30">
							<String ID="string_259" HPOS="129" VPOS="1243" WIDTH="28" HEIGHT="21" WC="0.96" CONTENT="då"/><SP WIDTH="16" VPOS="1243" HPOS="157"/>
							<String ID="string_260" HPOS="173" VPOS="1242" WIDTH="101" HEIGHT="22" WC="0.96" CONTENT="fiskaren"/><SP WIDTH="16" VPOS="1242" HPOS="274"/>
							<String ID="string_261" HPOS="290" VPOS="1245" WIDTH="99" HEIGHT="27" WC="0.96" CONTENT="mången"/><SP WIDTH="15" VPOS="1245" HPOS="389"/>
							<String ID="string_262" HPOS="404" VPOS="1245" WIDTH="62" HEIGHT="27" WC="0.96" CONTENT="gång"/><SP WIDTH="17" VPOS="1245" HPOS="466"/>
							<String ID="string_263" HPOS="483" VPOS="1244" WIDTH="74" HEIGHT="20" WC="0.96" CONTENT="direkt"/><SP WIDTH="16" VPOS="1244" HPOS="557"/>
							<String ID="string_264" HPOS="573" VPOS="1243" WIDTH="50" HEIGHT="21" WC="0.92" CONTENT="från"/><SP WIDTH="16" VPOS="1243" HPOS="623"/>
							<String ID="string_265" HPOS="639" VPOS="1243" WIDTH="136" HEIGHT="21" WC="0.92" CONTENT="fiskestället"/><SP WIDTH="17" VPOS="1243" HPOS="775"/>
							<String ID="string_266" HPOS="792" VPOS="1243" WIDTH="36" HEIGHT="21" WC="0.96" CONTENT="för"/><SP WIDTH="15" VPOS="1243" HPOS="828"/>
							<String ID="string_267" HPOS="843" VPOS="1242" WIDTH="36" HEIGHT="22" WC="0.96" CONTENT="sin"/>
						</TextLine>
						<TextLine ID="line_33" HPOS="125" VPOS="1278" WIDTH="754" HEIGHT="29">
							<String ID="string_268" HPOS="125" VPOS="1286" WIDTH="55" HEIGHT="14" WC="0.96" CONTENT="vara"/><SP WIDTH="15" VPOS="1286" HPOS="180"/>
							<String ID="string_269" HPOS="195" VPOS="1278" WIDTH="35" HEIGHT="22" WC="0.93" CONTENT="till"/><SP WIDTH="16" VPOS="1278" HPOS="230"/>
							<String ID="string_270" HPOS="246" VPOS="1281" WIDTH="70" HEIGHT="26" WC="0.92" CONTENT="torgs,"/><SP WIDTH="9" VPOS="1281" HPOS="316"/>
							<String ID="string_271" HPOS="325" VPOS="1279" WIDTH="45" HEIGHT="21" WC="0.96" CONTENT="han"/><SP WIDTH="16" VPOS="1279" HPOS="370"/>
							<String ID="string_272" HPOS="386" VPOS="1279" WIDTH="78" HEIGHT="21" WC="0.95" CONTENT="kunde"/><SP WIDTH="16" VPOS="1279" HPOS="464"/>
							<String ID="string_273" HPOS="480" VPOS="1279" WIDTH="73" HEIGHT="21" WC="0.93" CONTENT="blifva"/><SP WIDTH="16" VPOS="1279" HPOS="553"/>
							<String ID="string_274" HPOS="569" VPOS="1279" WIDTH="129" HEIGHT="28" WC="0.91" CONTENT="oförskyldt"/><SP WIDTH="15" VPOS="1279" HPOS="698"/>
							<String ID="string_275" HPOS="713" VPOS="1278" WIDTH="115" HEIGHT="26" WC="0.59" CONTENT="lidande,"/><SP WIDTH="-14" VPOS="1278" HPOS="828"/>
							<String ID="string_276" HPOS="814" VPOS="1274" WIDTH="10" HEIGHT="37" WC="0.96" CONTENT="i"/><SP WIDTH="15" VPOS="1274" HPOS="824"/>
							<String ID="string_277" HPOS="839" VPOS="1278" WIDTH="40" HEIGHT="21" WC="0.96" CONTENT="fall"/>
						</TextLine>
						<TextLine ID="line_34" HPOS="126" VPOS="1314" WIDTH="754" HEIGHT="29">
							<String ID="string_278" HPOS="126" VPOS="1314" WIDTH="70" HEIGHT="21" WC="0.96" CONTENT="bland"/><SP WIDTH="23" VPOS="1314" HPOS="196"/>
							<String ID="string_279" HPOS="219" VPOS="1314" WIDTH="44" HEIGHT="22" WC="0.95" CONTENT="den"/><SP WIDTH="20" VPOS="1314" HPOS="263"/>
							<String ID="string_280" HPOS="283" VPOS="1314" WIDTH="36" HEIGHT="22" WC="0.90" CONTENT="till"/><SP WIDTH="21" VPOS="1314" HPOS="319"/>
							<String ID="string_281" HPOS="340" VPOS="1314" WIDTH="73" HEIGHT="22" WC="0.90" CONTENT="afsalu"/><SP WIDTH="17" VPOS="1314" HPOS="413"/>
							<String ID="string_282" HPOS="430" VPOS="1314" WIDTH="114" HEIGHT="28" WC="0.92" CONTENT="utbjudna"/><SP WIDTH="16" VPOS="1314" HPOS="544"/>
							<String ID="string_283" HPOS="560" VPOS="1315" WIDTH="107" HEIGHT="28" WC="0.96" CONTENT="fångsten"/><SP WIDTH="15" VPOS="1315" HPOS="667"/>
							<String ID="string_284" HPOS="682" VPOS="1315" WIDTH="82" HEIGHT="21" WC="0.96" CONTENT="funnes"/><SP WIDTH="17" VPOS="1315" HPOS="764"/>
							<String ID="string_285" HPOS="781" VPOS="1322" WIDTH="29" HEIGHT="14" WC="0.95" CONTENT="en"/><SP WIDTH="15" VPOS="1322" HPOS="810"/>
							<String ID="string_286" HPOS="825" VPOS="1314" WIDTH="55" HEIGHT="21" WC="0.95" CONTENT="eller"/>
						</TextLine>
						<TextLine ID="line_35" HPOS="129" VPOS="1350" WIDTH="751" HEIGHT="28">
							<String ID="string_287" HPOS="129" VPOS="1358" WIDTH="74" HEIGHT="13" WC="0.95" CONTENT="annan"/><SP WIDTH="22" VPOS="1358" HPOS="203"/>
							<String ID="string_288" HPOS="225" VPOS="1350" WIDTH="144" HEIGHT="28" WC="0.93" CONTENT="undermålig"/><SP WIDTH="16" VPOS="1350" HPOS="369"/>
							<String ID="string_289" HPOS="385" VPOS="1350" WIDTH="47" HEIGHT="22" WC="0.96" CONTENT="fisk"/><SP WIDTH="16" VPOS="1350" HPOS="432"/>
							<String ID="string_290" HPOS="448" VPOS="1350" WIDTH="53" HEIGHT="22" WC="0.96" CONTENT="dem"/><SP WIDTH="15" VPOS="1350" HPOS="501"/>
							<String ID="string_291" HPOS="516" VPOS="1351" WIDTH="47" HEIGHT="21" WC="0.96" CONTENT="han"/><SP WIDTH="14" VPOS="1351" HPOS="563"/>
							<String ID="string_292" HPOS="577" VPOS="1350" WIDTH="51" HEIGHT="21" WC="0.96" CONTENT="icke"/><SP WIDTH="16" VPOS="1350" HPOS="628"/>
							<String ID="string_293" HPOS="644" VPOS="1350" WIDTH="59" HEIGHT="22" WC="0.95" CONTENT="varit"/><SP WIDTH="15" VPOS="1350" HPOS="703"/>
							<String ID="string_294" HPOS="718" VPOS="1350" WIDTH="7" HEIGHT="21" WC="0.91" CONTENT="i"/><SP WIDTH="16" VPOS="1350" HPOS="725"/>
							<String ID="string_295" HPOS="741" VPOS="1350" WIDTH="90" HEIGHT="21" WC="0.96" CONTENT="tillfälle"/><SP WIDTH="16" VPOS="1350" HPOS="831"/>
							<String ID="string_296" HPOS="847" VPOS="1352" WIDTH="33" HEIGHT="18" WC="0.96" CONTENT="att"/>
						</TextLine>
						<TextLine ID="line_36" HPOS="126" VPOS="1385" WIDTH="753" HEIGHT="29">
							<String ID="string_297" HPOS="126" VPOS="1385" WIDTH="103" HEIGHT="29" WC="0.92" CONTENT="afskilja;"/><SP WIDTH="17" VPOS="1385" HPOS="229"/>
							<String ID="string_298" HPOS="246" VPOS="1394" WIDTH="53" HEIGHT="13" WC="0.96" CONTENT="men"/><SP WIDTH="16" VPOS="1394" HPOS="299"/>
							<String ID="string_299" HPOS="315" VPOS="1386" WIDTH="41" HEIGHT="21" WC="0.96" CONTENT="har"/><SP WIDTH="15" VPOS="1386" HPOS="356"/>
							<String ID="string_300" HPOS="371" VPOS="1386" WIDTH="132" HEIGHT="22" WC="0.96" CONTENT="Utskottets"/><SP WIDTH="16" VPOS="1386" HPOS="503"/>
							<String ID="string_301" HPOS="519" VPOS="1386" WIDTH="75" HEIGHT="21" WC="0.96" CONTENT="flertal"/><SP WIDTH="16" VPOS="1386" HPOS="594"/>
							<String ID="string_302" HPOS="610" VPOS="1388" WIDTH="75" HEIGHT="20" WC="0.96" CONTENT="ansett"/><SP WIDTH="15" VPOS="1388" HPOS="685"/>
							<String ID="string_303" HPOS="700" VPOS="1386" WIDTH="66" HEIGHT="22" WC="0.92" CONTENT="dessa"/><SP WIDTH="16" VPOS="1386" HPOS="766"/>
							<String ID="string_304" HPOS="782" VPOS="1388" WIDTH="97" HEIGHT="19" WC="0.90" CONTENT="omstän-"/>
						</TextLine>
					</TextBlock>
					<TextBlock ID="block_6" HPOS="202" VPOS="1428" WIDTH="420" HEIGHT="18">
						<TextLine ID="line_37" HPOS="202" VPOS="1428" WIDTH="420" HEIGHT="18">
							<String ID="string_305" HPOS="202" VPOS="1428" WIDTH="212" HEIGHT="18" WC="0.89" CONTENT="Vattenrättsutskottets"/><SP WIDTH="14" VPOS="1428" HPOS="414"/>
							<String ID="string_306" HPOS="428" VPOS="1428" WIDTH="115" HEIGHT="18" WC="0.96" CONTENT="betänkande"/><SP WIDTH="12" VPOS="1428" HPOS="543"/>
							<String ID="string_307" HPOS="555" VPOS="1428" WIDTH="37" HEIGHT="18" WC="0.94" CONTENT="N:o"/><SP WIDTH="12" VPOS="1428" HPOS="592"/>
							<String ID="string_308" HPOS="604" VPOS="1428" WIDTH="18" HEIGHT="18" WC="0.96" CONTENT="6."/>
						</TextLine>
					</TextBlock>
				</ComposedBlock>
				<ComposedBlock ID="cblock_4" HPOS="916" VPOS="347" WIDTH="64" HEIGHT="29">
					<TextBlock ID="block_7" HPOS="916" VPOS="347" WIDTH="64" HEIGHT="29">
						<TextLine ID="line_38" HPOS="916" VPOS="347" WIDTH="64" HEIGHT="29">
							<String ID="string_309" HPOS="916" VPOS="349" WIDTH="26" HEIGHT="19" WC="0.96" CONTENT="16"/><SP WIDTH="17" VPOS="349" HPOS="942"/>
							<String ID="string_310" HPOS="959" VPOS="347" WIDTH="21" HEIGHT="29" WC="0.85" CONTENT="8."/>
						</TextLine>
					</TextBlock>
				</ComposedBlock>
			</PrintSpace>
		</Page>
	</Layout>
</alto>
