1061 1631
205 136 13 19 8
438 133 22 23 U.
478 134 22 22 B.
517 146 28 3 —
563 133 63 28 Prop.
643 133 37 24 N:o
696 133 39 23 30.

281 198 154 23 Beträffande
452 198 45 23 den
513 198 134 29 föreslagna
663 198 79 23 banan
758 199 87 28 Nyslott
856 194 106 38 —Elisen-

208 242 71 15 vaara
303 234 115 29 föreligga
442 240 99 17 numera
564 234 261 23 sammanstämmande
846 234 76 23 beslut
938 234 24 23 af

209 270 46 23 alla
279 270 70 23 ständ
368 272 36 21 att
420 269 139 24 densamma
574 269 76 23 under
666 270 192 29 finansperioden
875 273 86 20 1901—

209 310 57 20 1904
283 307 61 22 skall
360 306 55 23 med
427 306 81 23 arbete
519 306 120 29 beläggas,
651 306 102 23 hvarhos
767 310 116 23 1,000,000
893 306 69 23 mark

207 343 8 21 i
235 342 87 23 sädant
338 342 61 29 syfte
415 343 31 28 pä
462 342 78 29 grund
556 341 24 24 af
595 342 132 23 Utskottets
745 342 89 29 förslag
850 343 111 26 anvisats,

208 377 97 24 hvadan
320 379 8 22 i
344 377 78 24 denna
446 377 38 23 del
507 378 135 29 ytterligare
666 377 84 30 ätgärd
774 378 53 23 icke
846 380 26 20 är
892 378 69 22 erfor-

208 413 82 30 derlig.

282 449 53 24 Med
355 449 111 23 afseende
483 449 64 28 därä,
564 450 34 22 att
614 449 117 23 särskilda
748 449 191 23 modifikationer
954 450 8 21 i

211 485 134 24 Utskottets
362 485 73 29 därpä
451 485 104 30 följande
569 485 229 29 resolutionsförslag
815 485 107 29 betingas
939 485 23 23 af

211 521 93 22 härtills
320 521 83 30 gjorda
419 521 96 29 förslag,
530 521 37 22 fär
582 521 126 27 Utskottet,
720 521 80 23 därest
811 521 68 23 dessa
890 522 72 21 vinna

210 557 145 23 Ständernas
378 557 181 28 godkännande,
584 559 30 20 än
633 557 80 22 vidare
735 557 92 27 föreslå,
844 558 35 21 att
895 557 66 22 Stän-

209 593 46 22 den
272 593 55 23 ville
344 593 101 22 besluta:

500 661 31 19 att
543 659 26 21 de
577 659 8 22 i
594 659 246 28 resolutionsförslagen
852 659 13 21 ä
873 659 41 21 sid.
926 659 35 26 35,

426 695 30 21 36
475 695 38 21 och
531 695 30 21 44
577 695 28 28 af
618 695 147 21 betänkandet
785 695 177 28 förekommande

428 731 68 21 orden
513 730 325 29 ,Seinäjoki—Kristinestad*
850 730 68 22 mätte
930 731 32 20 ut-

428 766 62 27 bytas
506 768 44 19 mot
566 767 67 21 orden
651 766 312 29 ,Seinäjoki—Kristinestad

426 802 126 21 —Kaskö.*

285 867 145 29 Helsingfors
447 867 44 22 den
510 872 10 18 1
537 867 56 23 Juni
611 871 63 19 1900.

283 1421 125 23 Helsingfors,
420 1421 59 18 Finsk
492 1421 102 18 Tidskrifts
607 1421 90 23 Tryckeri
711 1421 122 23 Aktiebolag,
848 1422 50 17 1900.
