1061 1631
442 132 40 21 N:o
498 133 33 21 31.
827 133 12 20 5

180 201 97 22 Fondens
300 201 92 28 utgifter
415 203 87 26 utgöras
526 201 23 22 af
563 201 26 22 de
608 201 70 27 årliga
691 201 151 22 annuiteterna
857 201 12 21 å

109 235 163 28 jernvägslånen
295 236 40 21 och
362 237 104 20 räntorna
488 236 34 21 till
544 235 325 28 Lagmanstingsgästningsfon-

111 270 47 27 den,
174 270 143 21 kostnaderna
332 269 33 22 för
380 270 153 27 nybyggnader
549 270 38 21 och
604 276 27 21 ny
642 270 67 27 rörlig
720 270 98 21 materiel
833 270 34 21 vid

111 305 26 21 de
153 304 83 27 färdiga
256 305 145 27 jernvägarna
424 306 56 20 samt
503 305 100 26 anslagen
626 305 34 21 till
680 305 152 21 fullbordande
848 305 23 21 af

111 340 67 21 redan
194 339 97 22 beslutna
307 340 39 21 och
362 339 114 22 utförande
492 339 24 22 af
529 346 43 20 nya
585 339 232 28 jernvägsbyggnader.

182 374 42 21 För
238 373 152 29 nybyggnader
412 374 40 21 och
477 373 113 22 utförande
606 373 23 22 af
650 374 107 21 särskilda
781 374 88 27 anlägg-

111 409 81 26 ningar,
209 408 71 21 hvilka
299 408 42 22 öka
358 409 155 26 jernvägarnes
529 408 154 27 kapitalvärde,
699 408 40 21 har
754 409 115 26 Jernvägs-

111 442 104 27 styrelsen
238 443 99 27 uppgjort
352 444 32 20 ett
402 442 88 27 förslag,
511 443 99 21 slutande
627 443 13 20 å
655 443 129 26 46,492,042
800 443 68 26 mark,

111 477 80 22 hvilket
206 477 101 28 bilägges.
331 477 165 27 Otvifvelaktigt
511 479 37 20 äro
563 477 101 27 samtliga
680 477 6 21 i
702 477 103 27 förslaget
815 483 54 21 upp-

110 514 66 25 tagna
205 511 87 22 arbeten
323 512 33 21 väl
387 511 132 22 motiverade
542 511 39 22 och
606 511 66 22 borde
703 512 31 21 uti
765 518 27 15 en
817 513 52 20 nära

111 546 87 21 framtid
213 546 86 22 komma
314 547 32 20 till
362 546 118 21 utförande.
507 546 126 21 Emellertid
649 546 74 26 måste,
749 546 27 27 på
799 546 70 27 grund

112 581 23 20 af
152 581 109 22 bristande
283 581 91 27 tillgång
392 582 7 20 i
417 580 285 26 kommunikationsfonden,
725 587 25 14 en
774 582 45 20 stor
835 581 34 21 del

111 615 25 20 af
160 616 48 21 dem
235 615 138 28 framskjutas
396 615 34 22 till
453 615 124 27 påföljande
600 614 151 28 finansperiod.
789 615 80 21 Hvilka

109 649 89 22 arbeten
221 651 94 20 närmast
334 650 66 21 borde
423 650 87 21 komma
532 650 32 21 till
584 649 114 22 utförande
713 649 43 21 kan
772 649 33 21 väl
821 649 47 22 icke

111 683 28 27 på
162 683 91 22 förhand
272 687 106 24 noggrant
398 684 104 27 angifvas,
519 691 46 14 men
589 684 39 21 har
648 683 32 22 för
695 683 174 22 bestämmandet

111 718 23 21 af
155 719 188 26 anslagsbehofvet
365 719 55 26 lagts
444 719 34 20 till
500 719 69 26 grund
592 718 145 21 kostnaderna
760 718 33 21 för
816 718 26 21 de
862 718 6 21 i

110 753 103 26 förslaget
228 753 66 21 under
316 753 56 21 N:ris
394 754 18 25 1,
429 753 19 27 3,
466 755 18 25 6,
502 754 18 25 7,
539 754 32 24 11,
590 753 31 26 13,
640 753 33 26 14,
690 753 33 26 21,
740 753 34 26 23,
791 753 34 26 24,
841 753 28 20 29

111 787 40 21 och
170 787 26 21 30
217 790 108 24 upptagna
347 787 96 27 arbeten,
460 787 133 27 uppgående,
614 787 26 21 då
655 787 92 26 400,000
771 787 61 21 mark
848 787 23 21 af

109 821 86 22 arbetet
210 821 66 22 under
291 822 40 21 N:o
349 823 24 20 14
389 821 83 28 påförts
492 821 227 28 Helsingfors—Karis
742 821 77 26 banan,
836 821 32 21 till

112 857 127 26 20,771,600
255 857 61 20 mark
333 856 107 21 äfvensom
458 858 79 19 största
553 856 61 21 delen
631 855 23 22 af
675 856 145 21 kostnaderna
836 855 33 22 för

110 891 103 21 arbetena
233 892 66 21 under
314 892 39 21 N:o
370 893 18 24 9,
404 892 34 21 för
454 891 81 22 hvilket
557 891 91 27 tidigare
664 891 96 21 anvisats
777 891 91 26 438,000

111 925 67 26 mark,
196 926 39 21 och
250 926 40 21 N:o
306 927 27 20 25
349 928 55 19 samt
424 926 74 21 halfva
517 926 118 21 kostnaden
652 926 34 21 för
701 926 84 21 arbetet
801 925 67 22 under

111 960 40 21 N:o
167 961 27 20 28
211 960 48 21 med
274 960 140 21 tillsammans
431 961 114 26 2,342,000
561 961 67 21 mark.
648 961 11 20 I
670 960 94 27 enlighet
780 960 88 21 härmed

111 995 84 20 komme
215 995 89 26 utgiften
321 995 33 21 för
369 995 152 27 nybyggnader
536 997 32 19 att
584 996 71 26 uppgå
666 995 33 20 till
710 995 158 26 sammanlagdt

109 1029 130 26 23,113,600
255 1029 66 22 mark.

178 1063 123 27 Utgifterna
323 1064 33 21 för
380 1064 40 21 den
442 1065 84 26 rörliga
544 1065 123 20 materielen
690 1064 63 21 hafva
770 1063 23 22 af
807 1064 60 21 Jern-

110 1097 153 27 vägsstyrelsen
272 1098 31 21 uti
312 1098 144 27 nyssnämnda
467 1098 80 27 förslag
556 1099 137 26 uppskattats
702 1098 31 21 till
740 1099 128 25 28,970,000

111 1132 67 21 mark.
209 1132 31 22 På
255 1139 81 15 samma
351 1133 70 27 grund
436 1139 45 15 som
498 1133 61 21 ofvan
571 1133 133 21 beträffande
716 1133 152 27 nybyggnader

112 1166 82 22 anförts
217 1167 38 21 bör
277 1168 66 20 likväl
364 1167 62 21 äfven
450 1167 71 22 denna
544 1167 125 27 utgiftspost
685 1167 105 27 betydligt
806 1167 62 21 redu-

111 1207 66 15 ceras.
208 1200 95 22 Sålunda
325 1208 62 20 synes
410 1202 84 21 antalet
517 1202 116 21 lokomotiv
648 1202 73 20 kunna
737 1201 130 27 nedbringas

110 1236 33 20 till
160 1236 34 26 80,
210 1242 250 21 passagerarevagnarna
470 1236 33 21 till
521 1237 47 25 120,
579 1236 244 26 konduktörsvagnarna
835 1236 33 20 till

113 1270 46 25 100,
175 1270 163 28 godsvagnarna
360 1271 33 21 till
414 1271 64 26 2,000
494 1273 56 18 samt
565 1270 186 26 ballastvagnarna
767 1270 33 20 till
819 1270 48 26 500,

110 1304 139 27 hvarigenom
265 1305 40 21 och
321 1305 27 21 då
363 1305 146 27 enhetspriset
524 1306 33 20 för
573 1304 116 22 lokomotiv
700 1304 119 21 emellertid
830 1304 38 21 bör

111 1341 105 25 upptagas
231 1339 34 21 till
281 1340 77 26 75,000
377 1340 61 20 mark
454 1339 164 27 ifrågavarande
633 1338 87 27 utgifter
736 1338 85 22 komme
837 1341 31 19 att

111 1372 70 27 nedgå
196 1374 32 20 till
247 1374 125 27 18,950,000
396 1374 68 20 mark.
496 1373 152 21 Kostnaderna
671 1372 32 22 för
719 1372 150 27 nybyggnader

109 1407 40 21 och
165 1414 27 20 ny
212 1408 67 27 rörlig
298 1408 98 21 materiel
416 1408 85 21 komme
516 1408 89 21 sålunda
620 1410 33 18 att
669 1409 75 25 utgöra
761 1413 107 15 samman-

111 1442 59 26 lagdt
192 1443 129 27 42,063,600
345 1442 67 27 mark,
436 1442 73 21 hvilka
531 1442 162 26 beräkningsvis
711 1442 73 21 kunna
800 1441 68 27 jemnt

111 1476 94 22 fördelas
220 1478 28 25 på
263 1476 73 27 hvarje
352 1476 24 21 år
391 1477 48 21 med
458 1477 126 27 10,515,900
600 1476 67 21 mark.
