1061 1631
212 141 11 20 2
528 140 43 21 N:n
587 142 34 18 43.

183 208 53 21 dom
256 209 14 20 &
290 208 196 29 dödsförklaring,
510 209 74 21 såsom
609 209 164 21 innefattande
797 215 30 14 en
848 207 94 28 rättslig

183 242 145 28 presumtion
351 249 37 14 om
412 243 35 20 att
470 242 45 22 den
533 242 128 22 försvunne
676 243 52 22 dött
743 243 30 28 pä
789 250 30 14 en
833 242 9 21 i
857 241 84 22 domen

182 276 113 22 faststäld
317 276 118 29 tidpunkt,
451 280 25 17 är
492 277 77 28 egnad
584 277 20 28 ej
621 277 61 21 blott
697 279 36 19 att
751 276 106 22 medföra
872 277 69 20 rätts-

182 310 89 21 verkan
287 311 37 21 för
339 310 43 21 och
398 312 62 19 emot
474 318 30 14 en
519 311 58 21 hvar
592 313 58 19 utan
668 311 44 21 ock
727 313 36 19 att
782 310 93 21 sträcka
890 309 50 22 sina

182 345 87 28 följder
284 345 38 21 till
337 345 109 28 samtliga
461 346 224 21 rättsförhällanden
702 345 120 30 angående
839 346 45 21 den
894 345 46 21 för-

182 387 97 20 svunne,
296 380 26 21 sä
336 379 69 29 länge
422 379 20 29 ej
458 379 89 22 visshet
563 380 127 29 töreligger
704 387 37 14 om
751 381 36 20 att
797 379 48 22 han
854 379 9 21 i
873 379 67 20 verk-

182 414 108 29 ligheten
312 413 105 22 befinner
440 414 36 28 sig
492 414 40 21 vid
548 414 38 23 lif;
603 416 35 19 att
653 414 48 21 han
715 414 8 21 i
740 414 74 21 sådan
828 413 112 22 händelse

182 455 55 22 eger
251 449 52 20 äter
317 448 116 23 inträda
421 444 13 37 i
449 449 51 20 sina
518 449 138 28 rättigheter
672 449 26 21 af
715 448 79 29 öfriga
809 448 51 28 slag
876 449 63 19 utom

182 483 79 21 sävidt
276 483 73 28 angär
364 483 100 28 tidigare
480 483 136 28 äktenskap,
633 483 72 21 sedan
721 483 45 21 den
781 482 38 22 för
834 482 46 21 död
892 481 47 22 för-

181 517 109 22 klarades
305 517 67 21 make
388 517 130 22 emellertid
533 517 79 28 ingätt
626 519 54 26 nytt
690 516 128 30 giftermäl,
829 516 9 21 i
848 516 92 21 hvilket

182 551 43 22 fall
241 551 146 22 sistnämnda
409 552 130 28 äktenskap
554 551 85 22 förblir
654 551 87 29 giltigt,
758 551 41 21 der
815 550 20 29 ej
851 551 88 28 nägon-

182 586 55 21 dera
252 586 86 21 maken
353 586 8 21 i
377 586 65 21 detta
460 586 130 28 äktenskap
605 586 72 28 yrkar
692 585 52 22 dess
759 585 179 29 upphäfvande;

181 623 60 19 samt
257 623 36 19 att
308 621 130 22 tillträdare
458 622 26 20 at
504 621 113 28 egendom
639 621 61 22 efter
721 628 90 21 person,
828 627 49 15 som
893 619 45 21 för-

181 655 90 22 klarats
294 655 37 22 för
353 655 46 22 död
420 663 54 14 men
496 656 72 21 sedan
586 655 104 22 befinnes
706 663 57 14 vara
777 655 42 21 vid
833 654 35 28 lif,
885 661 53 21 eger

180 690 40 21 vid
237 690 169 21 frånträdande
416 690 26 21 af
453 690 145 29 egendomen
608 690 38 21 till
656 690 75 21 denne
743 689 92 28 åtnjuta
847 689 28 21 de
886 689 53 21 med

182 725 131 28 besittning
329 725 8 20 i
352 724 46 29 god
414 726 35 20 tro
467 725 111 21 förenade
594 724 183 22 rättsförmåner.

253 759 159 22 Förenämnda
435 759 135 29 lagförslag,
594 759 92 22 hvilket
703 759 98 22 härmed
816 758 38 21 till
870 759 67 20 Stän-

181 794 84 21 dernas
289 794 131 28 antagande
443 794 163 28 öfverlemnas,
622 798 26 17 är
662 794 27 21 af
710 793 106 28 följande
838 793 98 28 iydeise:

388 899 82 26 Förslag
492 898 29 21 till
544 899 32 26 lag
596 904 31 15 om
647 899 124 20 försvunnen
795 903 86 21 persons
896 897 40 21 för-

319 939 95 21 klarande
428 939 32 21 för
475 939 45 21 död.

248 1000 55 21 Med
323 1000 167 28 upphäfvande
508 1002 27 20 af
552 1003 12 19 3
581 1001 12 27 &
609 1003 12 20 5
637 1000 53 28 kap.
708 999 228 30 giftermälsbalken,

180 1035 78 21 sävidt
281 1035 73 28 angär
375 1035 115 28 brytande
506 1036 27 21 af
549 1035 130 28 äktenskap
702 1035 75 21 under
793 1034 41 21 der
848 1035 88 20 nämnd

180 1069 177 28 förutsättning,
374 1071 59 20 samt
448 1070 101 29 ändring
565 1070 26 21 af
605 1072 12 19 6
633 1071 13 26 $
664 1071 25 20 13
705 1070 54 27 kap.
775 1076 88 14 samma
881 1069 55 21 balk

180 1104 43 21 och
248 1105 12 21 5
285 1105 11 27 &
322 1105 24 21 15
369 1105 52 28 kap.
446 1104 154 22 ärfdabalken
622 1104 84 21 varder
729 1103 137 28 härigenom
889 1103 47 22 för-

181 1138 102 22 ordnadt
298 1145 49 15 som
363 1138 80 28 följer:

535 1205 9 19 1
561 1204 19 26 $.

247 1242 51 21 Har
320 1242 61 21 finsk
403 1250 55 14 man
479 1243 62 21 varit
562 1242 82 30 längre
662 1242 36 22 tid
717 1243 147 21 försvunnen
879 1244 57 19 utan

179 1278 34 19 att
227 1276 50 21 läta
299 1276 57 21 höra
372 1276 26 22 af
412 1277 42 28 sig,
470 1278 38 20 mä
529 1276 47 22 han
591 1277 8 21 i
614 1276 46 22 den
682 1276 103 29 ordning
805 1276 76 21 denna
896 1276 39 29 lag

178 1310 97 29 stadgar
290 1311 27 21 af
331 1310 100 22 domstol
447 1312 37 21 för
499 1311 46 22 död
560 1311 122 22 förklaras.

533 1376 11 18 2
556 1361 23 47 8.

247 1414 197 28 Dödsförklaring
466 1422 56 14 vare
543 1414 93 22 tillåten
654 1415 41 21 der
710 1415 73 21 minst
797 1414 34 22 tio
848 1415 26 21 är
889 1414 46 21 för-

177 1448 64 22 flutit
256 1449 61 21 efter
336 1448 40 22 det
398 1448 138 22 kalenderår
555 1450 29 21 dä
600 1449 45 21 den
660 1450 130 21 försvunne
805 1448 130 30 veterligen
