1061 1631
297 99 29 22 U.
341 99 28 22 B.
388 112 25 2 —
430 99 73 28 Prop.
520 99 44 23 N:o
580 100 36 22 31.
831 100 24 20 1

100 166 49 21 Och
172 166 27 22 då
217 168 63 20 äfven
301 170 100 25 posterna
419 168 12 20 6
450 168 39 21 och
506 169 11 20 7
533 168 38 21 vid
587 167 89 29 förnyad
691 167 130 28 granskning
835 168 23 21 af

100 201 74 28 planer
188 201 40 22 och
243 201 79 29 förslag
337 201 65 22 borde
421 202 70 21 kunna
509 202 117 26 reduceras,
642 202 38 21 har
695 202 114 21 Utskottet
824 202 34 21 för

100 235 57 22 N:ris
173 236 17 26 6,
206 237 11 20 7
233 236 39 21 och
288 237 13 20 8
316 237 7 20 i
339 236 182 29 bndgetförslaget
536 237 98 28 upptagit
650 239 31 18 ett
696 237 72 27 anslag
781 237 23 20 af
815 237 42 20 till-

100 277 105 14 sammans
220 271 110 24 3,200,000
346 271 65 20 mark.

171 305 18 20 9.
221 304 135 21 Slutförande
379 305 23 20 af
423 305 126 28 byggnaden
564 305 23 21 af
601 305 80 21 dubbla
696 305 71 28 spåret
782 305 75 20 mellan

102 339 90 21 Raivola
206 339 40 21 och
261 339 88 28 Viborg.
381 339 105 22 Behofvet
498 339 23 22 af
535 339 88 22 dubbelt
638 339 50 29 spår
696 339 29 29 på
735 339 48 22 hela
793 341 65 20 sträc-

102 373 42 20 kan
165 373 75 21 mellan
263 372 83 29 Viborg
368 373 40 21 och
431 373 33 22 S:t
478 373 133 28 Petersburg,
626 373 58 22 såväl
700 374 6 20 i
722 373 135 22 säkerhetens

103 407 89 21 intresse
213 415 44 13 som
281 407 34 21 för
337 411 32 18 att
383 408 125 28 möjliggöra
522 408 27 21 de
565 407 132 29 lämpligaste
711 407 147 28 tägkombina-

101 442 73 25 tioner,
189 441 42 22 kan
245 441 48 22 icke
309 441 152 22 underkännas.
490 442 74 29 Enligt
578 442 57 22 hvad
650 443 7 20 i
672 441 77 29 nädiga
763 443 95 28 proposi-

101 475 72 21 tionen
188 475 117 22 meddelats
320 475 38 22 har
373 476 137 21 härförinnan
525 479 32 18 ett
571 476 78 29 belopp
664 476 23 21 af
697 477 91 26 438,000
799 476 59 21 mark

101 510 93 21 anvisats
216 510 34 21 för
271 510 60 21 detta
345 510 79 27 arbete,
439 510 41 21 och
494 510 39 21 har
547 511 7 20 i
569 511 163 28 propositionen,
747 511 66 28 enligt
827 511 31 21 in-

101 544 87 21 hemtad
205 545 132 28 upplysning,
353 544 113 22 beräknats
482 545 33 21 för
529 545 93 21 arbetets
637 544 140 22 fortsättande
793 545 66 21 under

103 581 60 19 nästa
177 579 74 28 period
266 582 31 18 ett
315 579 77 29 belopp
407 579 23 21 af
447 580 109 25 1,342,000
571 579 66 22 mark.
666 579 45 22 Det
726 587 61 20 synes
803 579 55 22 dock

102 620 51 14 vara
175 613 139 28 oeftergifligt
335 617 31 18 att
388 613 60 22 detta
468 613 71 22 arbete
555 613 34 22 mä
604 613 70 22 kunna
688 613 67 22 under
769 613 27 22 de
811 615 47 20 när-

103 650 67 19 maste
185 647 50 22 ären
250 647 123 27 fullbordas,
388 648 40 21 och
444 648 39 21 har
497 648 112 22 Utskottet
624 648 73 21 därför
705 649 98 28 upptagit
810 647 49 22 hela

102 681 38 22 det
154 681 133 22 äterstäende
302 682 184 29 anslagsbeloppet
502 683 109 26 1,904,000
627 682 66 21 mark.

173 717 32 20 10.
231 716 96 22 Dubbelt
335 716 49 29 spär
391 717 76 20 mellan
476 717 87 21 Kerava
570 717 39 21 och
618 717 122 26 Riihimäki,
749 717 109 26 1,046,500

102 750 66 21 mark.
199 750 112 22 Utskottet
325 751 38 21 har
377 751 71 21 funnit
462 754 32 19 att
508 751 23 21 af
545 751 60 21 detta
620 751 78 28 anslag,
708 751 83 21 hvilket
801 751 7 21 i
818 750 39 22 den

103 784 77 29 nädiga
201 785 155 28 propositionen
378 793 24 13 ur
424 785 106 28 budgeten
549 785 34 21 för
605 787 61 20 nästa
687 785 74 28 period
781 785 77 21 uteslu-

101 819 46 26 tits,
170 819 125 22 ätminstone
317 819 23 21 sä
362 823 44 18 stor
428 819 34 22 del
485 819 65 22 borde
569 823 109 25 upptagas,
694 827 44 13 som
754 819 104 21 erfordras

102 852 35 21 för
151 856 33 18 att
199 853 70 21 kunna
283 853 85 28 utlägga
380 857 31 18 ett
426 854 66 21 andra
507 854 49 29 spär
567 854 28 28 pä
604 855 80 20 inemot
693 853 81 22 hälften
785 853 23 21 af
817 853 40 21 den

101 887 161 28 ifrägavarande
277 888 103 26 sträckan,
397 888 123 28 förslagsvis
536 889 75 20 mellan
627 888 86 21 Kerava
728 887 41 22 och
783 887 76 22 Jokela

104 922 106 21 stationer.
239 922 68 21 Detta
328 922 38 21 har
381 925 80 18 ansetts
477 924 74 26 utgöra
566 925 30 18 ett
610 922 69 21 vilkor
694 922 33 21 för
742 925 32 18 att
789 921 70 22 kunna

104 956 93 21 anordna
221 956 67 21 bättre
307 957 210 28 tägkombinationer.
547 957 11 20 I
575 957 121 21 Utskottets
712 956 79 28 förslag
805 963 53 22 upp-

103 990 57 21 föres
176 990 71 21 härför
261 994 32 17 ett
307 991 77 28 belopp
400 991 22 21 af
438 992 90 25 500,000
544 991 65 21 mark.

171 1025 107 28 Tilläggas
294 1025 34 21 mä
343 1029 31 17 att
388 1025 38 21 det
440 1025 46 22 sub.
503 1027 6 20 9
525 1025 40 22 och
577 1026 25 20 10
612 1025 111 29 päpekade
734 1025 124 26 ändamälet,

102 1059 136 21 anordnande
253 1060 23 21 af
290 1059 68 22 bättre
375 1059 208 28 tägkombinationer,
595 1060 102 27 därjämte
710 1060 6 20 i
727 1059 132 21 ekonomiskt

102 1093 101 22 afseende
218 1093 39 21 har
272 1093 121 29 betydelsen
410 1097 32 18 att
457 1094 123 29 möjliggöra
596 1097 31 18 ett
641 1094 69 21 bättre
725 1093 132 28 utnyttjande

102 1127 23 21 af
139 1127 42 22 den
196 1127 77 29 rörliga
288 1129 127 21 materielen.

174 1163 31 20 11.
236 1162 141 29 Uppförande
400 1163 22 21 af
443 1171 25 13 en
492 1162 277 28 administrationsbyggnad
784 1163 7 20 i
806 1162 52 21 Hel-

103 1196 96 28 singfors.
229 1197 76 21 Denna
319 1197 127 29 nybyggnad
463 1198 41 20 kan
520 1198 17 28 ej
554 1197 71 21 vidare
638 1196 156 28 undanskjutas.
816 1196 42 21 Till

104 1231 53 28 följd
180 1232 23 20 af
224 1231 107 21 bristande
356 1235 104 25 utrymme
476 1232 7 20 i
498 1231 149 21 stationshuset
662 1233 36 18 äro
712 1230 65 28 nägra
792 1230 67 22 afdel-

104 1266 74 27 ningar
193 1266 22 20 af
230 1266 200 28 jernvägsstyrelsen
445 1266 97 28 inrymda
557 1266 7 20 i
579 1265 111 29 upphyrda
705 1265 85 27 lokaler,
805 1265 54 21 hvil-

103 1299 38 21 ket
155 1300 84 21 medför
254 1308 25 13 en
295 1300 33 21 för
343 1300 36 21 det
394 1308 156 20 gemensamma
565 1300 82 21 arbetet
662 1300 77 28 oläglig
747 1300 111 28 splittring.

103 1333 80 21 Härtill
206 1334 95 21 kommer
322 1337 32 18 att
368 1342 45 13 rum
436 1334 68 21 måste
521 1334 87 21 beredas
623 1334 63 21 äfven
702 1334 33 20 för
750 1334 27 21 de
791 1334 68 21 afdel-

103 1367 79 28 ningar,
197 1375 44 13 som
257 1368 34 21 för
306 1368 129 22 närvarande
451 1370 37 19 äro
502 1368 96 28 inrymda
612 1368 8 20 i
635 1367 155 31 stationshuset,
805 1368 54 21 hvil-

103 1401 37 21 ket
161 1402 54 20 skall
238 1402 69 22 lemna
328 1402 56 29 plats
404 1402 34 21 för
452 1402 164 28 genomförande
632 1402 22 21 af
669 1402 131 28 bangärdens
815 1410 44 13 om-

173 1448 145 18 Statsutskottets
331 1448 110 18 betänkande
454 1448 40 18 N:o
506 1448 11 16 9
531 1448 20 17 A.
