1061 1631
215 132 27 20 14
455 129 23 23 U.
495 130 23 22 B.
533 142 30 3 —
579 129 65 29 Prop.
660 129 38 23 N:o
714 129 39 23 30.

210 195 54 29 joki
279 195 83 29 kyrka.
387 194 87 23 Vidare
491 197 145 25 omnämnes,
652 195 36 22 att
702 194 123 29 banlinjen
839 194 36 23 till
888 193 78 24 Kaskö

213 230 55 23 icke
284 231 92 22 kunnat
392 230 63 23 föras
472 230 77 23 direkt
563 230 66 23 öfver
644 230 90 29 Närpes
750 233 43 20 415
811 231 74 21 meter
895 229 73 23 breda

214 266 71 29 fjärd,
302 266 96 23 hvarest
413 266 48 23 fast
477 266 80 23 botten
573 266 126 29 påträffats
715 266 60 23 först
790 266 31 29 på
838 269 27 20 14
881 266 87 22 meters

214 301 59 30 djup
296 302 75 23 under
394 303 147 28 vattenytan,
565 303 58 22 utan
647 303 35 21 att
705 309 56 15 man
780 303 62 22 varit
860 303 105 28 tvungen

215 339 36 21 att
267 338 67 29 gifva
349 338 81 23 banan
446 345 29 15 en
491 337 105 30 betydlig
612 338 120 29 krökning
749 337 24 23 åt
788 344 60 16 norr.
880 337 86 22 Vidare

214 373 139 24 framhåller
375 375 107 28 ingeniör
498 373 120 23 Snellman
634 373 54 23 med
704 373 52 23 stöd
775 373 24 23 af
817 373 29 23 de
864 373 99 22 uttalan-

215 409 54 27 den,
288 409 81 23 hvilka
385 410 75 29 gjorts
477 409 14 23 å
506 410 34 22 ett
557 409 24 22 af
596 409 86 23 honom
698 409 168 23 föranstaltadt
881 409 62 22 möte
959 409 8 22 i

214 445 166 27 Kristinestad,
406 446 36 21 att
465 445 83 22 staden
571 445 34 22 till
629 452 33 22 en
681 445 83 29 början
787 445 66 22 torde
871 445 95 22 komma

215 481 100 22 tillrätta
331 481 53 22 med
401 482 34 21 ett
450 481 118 29 stickspår
579 481 35 22 till
625 481 36 22 sin
672 481 138 22 nuvarande
821 481 79 26 hamn,
911 480 55 23 hva-

215 516 48 23 dan
287 517 125 22 utförande
438 516 24 23 af
481 516 112 23 särskildt
616 516 129 30 hamnspår
765 517 53 22 icke
837 516 77 23 skulle
932 522 34 16 er-

215 551 100 28 fordras,
339 552 79 23 förrän
438 552 66 29 ökad'
521 552 85 23 rörelse
626 552 122 23 befunnits
764 552 87 23 sådant
866 551 99 30 påkalla.

215 587 154 24 Beträffande
384 588 229 29 kostnadsförslaget
628 588 93 23 anföres
733 588 112 29 slutligen
855 589 8 22 i
874 594 92 16 samma

215 623 130 28 utlåtande,
370 625 35 21 att
428 623 31 23 då
479 623 64 23 tiden
567 624 35 22 för
624 624 118 22 banornas
766 623 124 24 utförande
914 623 52 22 icke

215 659 50 22 kan
281 659 153 28 bestämmas,
446 659 319 30 anläggningskostnaderna
775 659 127 23 beräknats
913 659 55 22 med

215 695 76 22 tanke
302 696 31 28 på
344 695 66 23 såväl
420 695 112 22 framtida
543 696 107 28 stegring
662 695 24 22 af
698 695 128 30 arbetspris
837 702 50 16 som
896 694 72 23 ökadt

216 730 73 23 behof
304 731 25 22 af
344 731 71 29 rörlig
431 731 105 22 materiel
554 738 29 15 m.
601 738 30 15 m.

290 767 35 21 De
344 766 31 30 på
394 767 90 22 sådana
503 767 103 29 grunder
622 767 133 29 uppgjorda
770 766 196 24 kostnadsberäk-

216 803 119 28 ningarna
350 801 80 31 uppgå
445 802 37 23 för
497 809 30 16 en
542 802 74 23 bana:

498 880 194 24 Seinäjoki—Kaskö.
707 880 261 24 Seinäjoki—Kristinestad.

247 921 115 28 Spårvidd
370 933 28 7 =
408 922 48 28 1,5s4
472 929 22 14 m
626 917 50 36 Ing
820 923 43 26 Ing

217 969 60 23 total
292 969 53 23 incl.
362 969 128 30 hamnspår
508 988 4 4 .
583 973 130 24 10,060,000
777 973 116 25 9,900,000

217 1011 43 23 per
275 1005 42 22 km
360 1023 78 4 ...
509 1023 4 4 ;
634 1009 81 24 88,284
815 1009 79 24 88,070

217 1041 61 22 total
294 1041 56 22 excl.
366 1019 130 55 hamnspär
509 1059 4 4 E
597 1044 117 24 9,534,000
777 1044 117 25 9,200,000

218 1083 44 22 per
277 1077 42 22 km
359 1095 4 4 .
397 1095 3 4 .
434 1095 4 4 .
471 1095 41 4 ..
633 1081 80 23 85,550
814 1081 79 24 85,375

248 1148 113 28 Spärvidd
370 1160 27 8 =
407 1150 39 26 1,0
460 1156 23 14 m

217 1196 61 23 tota]
294 1196 53 23 incl.
364 1196 128 30 hamnspär
509 1216 4 3 .
598 1200 117 25 8,934,000
777 1200 117 24 8,860,000

218 1238 44 23 per
278 1232 42 23 km
360 1251 78 5 ...
509 1251 4 4 N
636 1236 79 24 78,403
817 1236 78 24 78,819

218 1268 60 22 total
294 1268 57 22 excl.
367 1248 129 54 hamnspär
509 1287 4 4 z
597 1272 118 24 8,430,000
777 1272 117 24 8,190,000

218 1310 44 22 per
277 1304 43 22 km
360 1322 4 4 .
398 1322 4 4 .
435 1322 4 4 .
472 1322 41 4 ..
636 1308 79 24 75,639
817 1308 78 24 76,002

292 1375 62 29 Kyrö
378 1375 71 22 älfdal
473 1376 43 22 och
539 1375 127 23 områdena
690 1376 72 28 kring
782 1375 53 23 dess
855 1375 114 23 tillflöden

217 1410 60 24 höra
300 1411 36 23 till
358 1411 92 23 landets
474 1411 136 30 bördigaste
633 1411 44 23 och
701 1411 54 23 bäst
774 1411 83 23 odlade
873 1412 96 22 trakter.

292 1459 185 23 Järnvägsutskottets
490 1460 109 18 betänkande
611 1460 35 18 N:o
659 1461 15 17 1.
