1061 1631
174 135 12 22 O

362 134 83 24 Stänä.
463 134 39 23 Sv.
519 148 27 3 —
561 135 75 29 Prop.
652 135 42 23 N:o
709 135 40 23 42.

529 241 13 22 7
557 225 26 49 8.

241 309 180 30 Inställelsedag
438 311 38 21 mä
494 311 21 28 ej
533 312 101 20 utsättas
649 309 102 29 tidigare
763 313 31 18 än
806 311 35 20 tre
854 310 78 21 mäna-

174 343 41 22 der
231 343 60 22 efter
303 343 40 23 det
354 344 77 22 beslut
448 352 38 15 om
504 345 108 28 offentlig
630 343 139 30 kungörelse
787 344 82 22 fattats
888 343 44 22 och

173 378 21 29 ej
213 385 82 15 senare
313 382 30 18 än
361 379 38 22 till
416 378 45 23 den
480 379 115 22 ordinarie
613 378 192 29 rättegpängsdag,
819 385 48 15 som
879 380 53 19 natt

174 412 44 23 och
239 413 26 21 är
284 412 100 23 derefter
401 413 59 22 först
478 413 99 22 infaller.
612 413 134 22 Innehäller
763 412 100 28 urkund,
883 419 49 15 som

174 447 61 22 skall
260 447 130 29 efterlysas,
416 448 48 22 viss
491 447 146 30 förfallodag,
664 447 44 22 och
735 447 94 22 infaller
855 447 77 22 denna

173 482 64 21 inom
259 484 36 19 ett
312 483 25 21 är
355 482 59 22 efter
431 482 41 22 det
489 482 77 22 beslut
585 490 36 14 om
638 482 73 22 sädan
729 481 141 30 kungörelse
887 481 45 22 fat-

173 518 43 26 tas,
234 516 73 22 varde
334 516 65 23 tiden
422 517 37 22 för
483 517 144 22 inställelsen
648 516 91 23 räknad
756 516 53 22 från
827 515 105 23 förfallo-

173 550 83 29 dagen.

528 621 12 20 8
555 621 28 26 8.

243 688 114 29 Offentlig
375 689 140 29 kungörelse
533 689 60 22 skall
605 689 77 22 anslås
695 689 14 22 å
720 691 90 20 rättens
823 688 54 22 dörr
888 688 44 22 och

173 730 87 21 genom
279 723 129 22 sökandens
426 723 84 30 åtgärd
528 724 87 21 införas
634 725 35 20 tre
688 724 89 28 gånger
793 723 8 22 i
814 723 118 22 allmänna

173 757 161 29 tidningarna,
352 757 66 23 deraf
441 766 29 14 en
494 759 63 28 gång
580 758 8 21 i
611 758 72 23 första
705 765 122 14 nummern
844 757 37 22 för
898 759 34 20 ett

174 792 138 28 årsqvartal,
331 792 60 22 dock
410 793 20 29 ej
449 800 80 15 senare
547 796 30 18 än
595 791 41 23 det
653 793 99 28 gvartal,
771 799 50 15 som
839 799 28 14 en
884 792 48 21 mä-

173 825 48 23 nad
239 827 61 21 efter
318 826 40 23 det
375 827 77 22 beslut
470 834 37 15 om
524 827 156 28 kungörelsen
697 827 83 22 fattats
795 826 60 22 först
867 828 65 27 tager

174 860 37 22 sin
228 861 91 29 början,
332 864 60 19 samt
404 861 112 22 särskildt
528 861 114 29 delgifvas
656 861 45 22 den
713 860 144 30 förpligtade
870 860 61 28 eller,

174 902 37 15 om
229 894 78 23 denne
325 899 26 18 är
362 895 111 28 sökande,
486 896 55 21 siste
553 896 113 29 veterlige
678 895 169 23 innehafvaren
861 895 23 21 af
895 902 37 14 ur-

173 929 104 23 kunden.
303 930 127 29 Efterlyses
448 930 144 22 förkommen
609 930 74 28 vexel,
702 930 60 22 skall
781 929 84 22 endast
876 929 56 29 god-

173 963 123 24 kännaren
314 964 112 23 särskildt
444 965 78 22 derom
540 965 154 22 underrättas.
719 962 48 24 Äro
787 964 66 22 desse
866 963 65 28 döde,

173 998 71 22 varde
263 999 157 29 kungörelsen
438 999 119 30 delgifven
576 999 108 29 delegare
702 999 8 22 i
729 999 68 22 deras
815 998 35 22 bo.

241 1033 91 22 Rätten
356 1041 42 22 ege
422 1033 51 29 ock,
492 1033 40 22 der
556 1033 45 22 den
619 1034 94 29 pröfvar
731 1033 85 22 sådant
833 1040 56 15 vara
908 1033 23 21 af

173 1067 78 22 nöden
273 1068 56 22 eller
347 1068 124 22 urkunden
488 1068 130 22 innehåller
635 1068 116 22 förbehåll
769 1067 86 28 derom,
875 1067 56 22 före-

173 1101 90 23 skrifva
289 1103 167 28 kungörelsens
483 1102 211 30 offentliggörande
717 1102 85 29 jemväl
827 1102 8 21 i
854 1109 77 14 annan

172 1136 97 30 tidning
287 1137 56 22 eller
360 1138 30 28 på
408 1139 72 21 annat
498 1139 53 20 sätt.

529 1240 14 21 9
563 1241 19 26 8.

241 1308 53 22 Har
311 1310 77 20 rätten
406 1309 97 22 beslutit
514 1309 38 22 till
564 1308 155 30 efterlysande
733 1309 24 22 af
769 1308 163 22 innehafvare-

173 1342 55 22 eller
253 1342 163 30 orderpapper,
435 1351 41 21 ege
495 1344 43 22 ock
556 1343 65 22 makt
638 1346 36 20 att
692 1344 31 28 på
740 1342 133 23 sökandens
892 1350 39 15 an-

171 1376 82 24 hållan
271 1377 107 23 meddela
396 1377 46 23 don
460 1378 139 29 förpligtade
617 1377 85 23 förhud
721 1380 36 19 att
774 1377 103 29 fullgöra
894 1385 37 14 ur-

172 1411 109 23 kundens
305 1412 112 28 innehåll,
439 1412 25 22 så
488 1412 43 22 ock
555 1414 35 20 att
613 1412 94 22 utfärda
724 1419 33 22 ny
775 1412 82 28 talong
875 1411 57 23 eller

171 1445 100 30 kupong
296 1446 37 22 till
360 1446 138 23 densamma.
535 1446 89 23 Sådant
651 1446 222 30 betalningsförbud
895 1449 36 19 ut-
