1061 1631
335 120 25 22 U.
377 120 27 22 B.
420 133 29 3 —
465 120 74 28 Prop.
556 120 44 22 N:o
617 119 29 22 33
824 121 13 19 3

117 187 65 21 detta
206 186 106 29 syftemål
336 186 148 28 erforderliga
500 186 104 28 åtgärder
620 186 41 21 har
676 185 125 26 Utskottet,
819 192 48 14 som

117 225 81 23 ansett,
215 224 33 19 att
273 222 35 21 för
333 222 129 21 ändamålet
488 222 93 28 mycket
606 222 45 21 kan
677 221 81 22 vinnas
784 228 83 21 genom

121 258 173 29 fullständigare
318 258 68 21 skifte
407 258 23 21 af
451 258 162 25 fiskevattnen,
634 260 60 19 samt
712 257 156 21 öfverhufvud

120 301 83 21 genom
226 294 126 21 utredande
375 294 42 21 och
442 293 177 22 säkerställande
640 293 23 22 af
679 293 189 28 eganderättsför-

120 330 142 26 hållandena,
289 330 79 21 främst
394 330 52 21 sökt
469 330 36 21 för
530 330 36 27 sig
589 329 105 28 klargöra
718 329 28 21 de
769 329 98 25 orsaker,

120 365 80 22 hvilka
218 369 37 18 äro
272 373 29 14 en
316 365 164 29 förutsättning
496 365 35 22 för
547 365 87 22 fiskens
650 365 91 21 trefnad
757 365 43 21 och
816 364 53 21 fort-

121 401 81 22 komst.
227 401 87 21 Dervid
329 401 40 21 har
384 401 120 22 Utskottet
520 401 76 21 funnit
606 401 50 28 vigt
667 400 203 28 hufvudsakligast

119 437 64 28 ligga
206 437 76 28 derpå,
306 439 33 19 att
359 437 45 21 den
419 437 53 26 fisk,
490 444 49 14 som
555 437 36 21 för
606 439 33 19 att
654 437 52 21 leka
721 436 120 29 uppstiger
857 437 12 20 å

120 473 29 21 de
172 473 35 21 för
227 472 80 29 hvarje
323 473 109 21 särskildt
446 472 97 29 fiskslag
560 473 114 28 lämpliga,
691 472 36 21 för
743 472 38 21 det
797 474 72 19 mesta

118 509 95 21 fredade
229 509 43 21 och
288 509 118 28 skyddade
418 509 88 25 ställen,
518 509 117 21 derstädes
646 509 46 20 kan
702 508 88 21 ostördt
801 515 68 21 uppe-

121 545 61 21 hålla
198 545 35 28 sig
249 545 43 21 och
307 545 69 21 hafva
392 545 37 20 sin
444 544 80 26 lektid,
540 544 119 22 äfvensom
676 547 32 18 att
720 544 45 21 den
776 544 94 29 utlagda

121 588 103 14 rommen
243 581 43 20 och
301 580 127 29 fiskynglet
443 580 95 21 beredes
554 580 81 29 nödigt
651 580 82 29 skydd,
751 580 46 21 tills
814 582 55 19 små-

119 617 77 21 fisken
212 618 25 19 så
251 616 135 26 utvecklats,
403 618 33 19 att
452 617 45 20 den
513 616 50 21 fritt
577 617 46 20 kan
638 619 51 18 röra
705 616 35 28 sig
751 616 43 21 och
805 616 65 21 sköta

121 652 36 29 sig
173 652 58 29 sjelf.
258 652 148 21 Romkornen
422 653 43 20 och
482 652 38 21 det
536 652 70 28 späda
622 652 128 28 fiskynglet
761 655 37 18 äro
809 655 61 18 näm-

121 689 64 28 ligen
201 688 98 21 särdeles
317 687 113 28 ömtåliga,
448 689 24 20 så
488 690 33 19 att
537 688 69 21 redan
622 695 29 14 en
666 689 70 27 något
747 687 123 28 kraftigare

122 724 83 21 rörelse
228 724 7 21 i
255 726 90 19 vattnet
365 726 59 19 samt
440 724 65 21 deraf
520 724 120 21 föranledd
656 723 175 29 uppblandning
848 724 23 20 af

122 768 102 13 rommen
243 760 53 21 med
311 760 156 29 bottengyttja
482 761 46 21 kan
544 760 59 21 döda
618 760 81 28 ynglet
715 760 43 21 och
774 759 97 22 förstöra

124 803 102 14 rommen
245 795 102 22 massvis.
379 796 37 21 Då
436 796 133 26 emellertid,
586 796 52 21 med
654 796 117 28 undantag
787 795 24 22 af
826 795 45 22 lax-

123 832 65 21 artad
210 831 53 26 fisk,
287 831 73 29 öfriga
382 831 98 29 fiskslag
504 832 67 28 lägga
594 834 25 19 så
641 831 99 29 ymmigt
762 839 55 18 rom,
839 834 31 19 att

121 870 72 27 några
208 868 24 21 få
246 867 124 26 honfiskar,
392 867 8 21 i
423 867 41 21 fall
488 868 65 21 deras
577 867 97 22 lekande
697 867 63 29 finge
784 867 88 22 ostördt

124 903 108 29 försiggå,
248 903 77 22 kunde
341 903 53 21 med
409 903 41 21 sitt
464 903 71 28 yngel
551 903 105 29 uppfylla
671 903 110 22 behofvet
791 903 24 22 af
825 903 45 21 fisk

121 939 9 21 i
155 941 32 19 ett
209 939 48 21 helt
279 939 143 28 vattendrag,
446 942 25 18 är
494 941 32 19 ett
549 939 145 28 fullständigt
717 939 110 21 fredande
849 939 23 21 af

125 975 76 21 fisken
224 975 72 20 under
318 975 102 20 lektiden
443 975 126 28 ingalunda
591 975 149 28 nödvändigt,
768 977 54 19 utan
848 979 24 17 är

123 1011 40 21 det
183 1010 120 29 tillfyllest,
328 1013 32 18 att
383 1010 46 22 fisk
452 1011 8 20 i
480 1010 73 22 lektid
573 1011 95 21 beredes
688 1011 89 21 tillfälle
793 1013 32 19 att
841 1013 31 19 åt-

123 1046 114 22 minstone
253 1048 13 19 å
281 1046 62 21 vissa
358 1046 86 29 platser
459 1054 55 13 vara
530 1046 80 21 fredad
623 1046 35 21 för
669 1046 59 21 fiske
739 1047 43 20 och
793 1046 79 28 hvarje

123 1089 74 14 annan
213 1082 94 29 störing.

196 1117 86 22 Sådant
301 1118 36 21 för
359 1118 97 21 lekande
480 1118 45 21 fisk
549 1119 43 21 och
613 1119 52 20 dess
686 1118 70 29 yngel
772 1118 100 21 nödvän-

123 1154 51 28 digt
198 1154 83 21 tillhåll
304 1154 95 22 erhålles
416 1162 84 20 genom
516 1154 136 29 utläggning
668 1154 24 21 af
707 1154 165 28 fredningsom-

123 1190 59 21 råde.
215 1190 78 28 Enligt
316 1190 130 22 Utskottets
464 1192 12 19 å
493 1190 70 22 ofvan
583 1190 135 22 framhållna
734 1190 139 28 omständig-

123 1226 65 21 heter
211 1226 118 28 grundade
352 1226 150 28 uppfattning
525 1229 24 18 är
569 1226 38 21 det
627 1226 54 21 icke
702 1226 23 21 af
741 1226 82 25 nöden,
840 1228 33 19 att

123 1262 29 21 de
175 1262 65 21 bästa
262 1261 123 29 lekplatser
400 1262 36 20 för
453 1262 29 21 de
498 1262 110 21 särskilda
625 1262 126 28 fiskslagen
767 1262 48 21 helt
830 1262 43 21 och

125 1298 71 20 hållet
217 1297 54 21 eller
295 1297 72 22 delvis
391 1297 105 29 afskiljas
520 1298 34 20 till
577 1298 234 28 fredningsområden,
836 1305 37 13 om

125 1333 59 21 blott
206 1333 212 28 fredningsområde
442 1333 108 21 omfattar
566 1333 81 21 ställen
663 1341 48 13 som
726 1333 8 21 i
751 1333 123 21 allmänhet

125 1369 76 28 lämpa
221 1369 35 28 sig
276 1369 35 21 för
329 1368 84 22 fisklek
430 1370 43 20 och
491 1371 13 20 å
518 1369 79 22 hvilka
613 1369 52 26 fisk,
682 1376 36 14 om
735 1369 43 21 ock
794 1369 8 21 i
817 1368 56 22 min-

123 1404 42 22 dre
180 1405 63 28 grad,
259 1404 79 29 plägar
353 1405 57 21 leka.

197 1447 211 19 Vattenrättsutskottets
422 1448 118 18 betänkande
553 1448 36 18 N:o
602 1448 16 18 6.
