1061 1631
328 124 23 23 U.
368 125 22 22 B.
406 137 30 3 —
452 124 64 29 Prop.
533 124 38 23 N:o
587 124 38 23 30.
824 128 25 18 17

99 189 152 30 betydenhet,
278 191 35 21 att
336 189 45 23 den
406 191 95 21 ensamt
524 189 35 23 för
583 190 37 29 sig
645 189 125 30 betingade
793 189 57 30 byg-

99 225 77 29 gande
194 225 24 22 af
233 232 30 15 en
276 226 109 29 järnväg.

173 261 43 22 För
241 260 195 30 ädagaläggande
452 261 25 22 af
493 262 41 22 sitt
549 262 100 22 intresse
664 261 36 22 för
715 261 135 23 erhällande

99 297 25 22 af
148 304 29 15 en
194 298 104 28 järnväg
314 297 71 22 hafva
401 297 79 23 Kaskö
496 297 44 23 och
555 297 157 23 Kristinestad
728 297 122 23 äfvensom

100 333 57 22 flere
176 333 25 22 af
221 333 29 22 de
267 333 39 22 vid
323 340 28 15 en
368 333 121 22 blifvande
505 333 212 29 sydösterbottnisk
733 333 63 22 bana
811 333 39 22 be-

99 369 73 28 lägna
195 369 243 22 landskommunerna
457 369 101 22 utlofvat
576 369 92 29 bidrag,
687 369 112 22 särskildt
815 369 36 22 för

97 405 133 29 järnvägen
253 404 109 30 behöflig,
387 405 36 22 för
446 405 82 28 odling
543 405 99 29 otjänlig
658 405 74 27 mark,
749 405 101 22 hvarhos

100 440 82 23 staden
206 440 80 23 Kaskö
304 441 75 22 utfäst
398 441 37 29 sig
451 442 35 21 att
502 440 75 23 under
593 444 27 19 20
638 441 37 22 ärs
691 440 41 28 tid,
749 441 102 22 räknadt

103 475 54 23 frän
177 477 50 22 äret
243 476 58 23 efter
316 476 91 23 banans
423 476 144 30 upplätande
584 476 36 23 för
635 476 79 27 trafik,
731 477 35 22 till
781 478 69 21 stats-

101 511 84 23 värket
203 511 105 24 inbetala
329 516 64 23 5,000
410 512 68 23 mark
495 512 96 29 ärligen.
622 512 140 29 Betydelsen
779 512 24 23 af
818 519 33 16 nu

100 547 88 23 nämda
211 547 84 30 bidrag
318 549 66 22 säväl
407 548 36 23 för
464 548 79 23 banan
559 549 8 21 i
583 548 53 23 dess
655 548 78 22 helhet
749 555 50 16 som
816 548 35 23 för

102 583 64 23 valet
184 583 102 23 emellan
305 583 29 23 de
350 583 142 30 ifrägasatta
508 591 116 22 grenarna
640 586 26 20 är
682 583 129 23 emellertid
827 584 24 23 af

101 619 97 30 mycket
213 620 68 29 ringa
297 619 125 30 betydelse.

172 655 63 23 Enär
258 655 79 30 nägon
360 655 134 23 nämnvärd
513 655 93 23 skilnad
624 655 107 23 hvarken
747 655 54 23 med
818 655 32 23 af-

101 691 85 22 seende
211 691 13 23 å
247 691 72 29 längd
343 691 55 23 eller
416 691 102 23 kostnad
538 691 77 23 finnes
632 691 99 22 emellan
748 691 28 22 de
792 691 58 23 före-

103 727 84 28 slagna
199 727 280 29 järnvägsalternativen,
495 727 42 22 bör
552 727 41 23 vid
608 727 63 22 valet
687 727 24 22 af
726 727 125 30 ändpunkt

101 762 180 29 hufvudsakligt
301 763 109 23 afseende
429 763 76 22 fästas
521 762 63 28 därå,
600 763 97 22 hvilken
712 763 139 29 sträckning

101 797 78 24 bättre
203 799 131 22 motsvarar
357 799 45 22 den
421 799 79 22 lokala
520 799 116 22 trafikens
652 799 60 27 kraf,
729 799 121 23 äfvensom

101 834 64 27 därå,
181 834 153 23 hvilkendera
351 835 23 22 af
390 835 28 22 de
434 835 63 23 båda
513 835 111 22 städerna
639 834 54 23 med
708 834 92 29 hänsyn
816 835 35 22 till

101 869 107 24 handels-
233 870 44 23 och
292 870 237 23 hamnförhållanden
545 871 76 22 bättre
636 870 80 23 kunde
732 870 57 29 fylla
805 871 45 22 den

103 905 146 30 närbelägna
273 906 148 23 landsortens
441 906 76 23 behof.
549 906 34 23 En
607 906 34 22 till
663 906 79 23 Kaskö
761 906 90 29 dragen

98 942 111 29 järnväg,
233 949 50 16 som
307 942 72 23 redan
403 949 55 16 norr
482 949 38 16 om
536 942 133 29 Kauhajoki
685 942 75 29 kyrka
774 942 77 23 skulle

102 977 81 23 afvika
196 977 53 23 från
266 977 133 30 Kauhajoki
416 978 79 27 älfdal,
512 978 94 23 komme
621 978 138 29 visserligen
775 978 52 23 icke
843 979 8 22 i

102 1020 92 16 samma
214 1013 59 29 grad
293 1020 50 16 som
362 1021 28 16 en
408 1014 34 22 till
459 1013 157 23 Kristinestad
631 1013 55 23 ledd
698 1014 103 29 järnväg
817 1015 34 21 att

102 1049 96 30 betjäna
229 1049 133 30 Kauhajoki
393 1049 122 23 kommun.
542 1049 53 23 Men
621 1049 30 23 då
674 1049 78 23 banan
778 1049 73 30 enligt

102 1085 39 22 det
165 1085 147 22 förstnämda
333 1085 151 23 alternativet
504 1085 94 23 komme
614 1086 35 22 att
665 1085 85 29 dragas
766 1092 85 22 genom

103 1115 136 28 Östermark
263 1121 43 22 och
327 1121 97 30 Närpes,
448 1121 87 22 medan
554 1121 46 22 den
616 1121 73 29 enligt
707 1121 40 22 det
769 1128 82 15 senare

102 1157 112 29 förslaget
242 1158 72 28 ginge
341 1164 85 22 genom
452 1157 83 23 Bötom
559 1157 43 23 och
624 1157 135 29 Lappfjärd,
783 1157 68 23 hvar-

101 1194 95 28 igenom
222 1193 79 29 någon
329 1193 93 22 skilnad
450 1194 9 21 i
487 1193 72 23 trafik
585 1193 51 23 icke
660 1193 73 29 enligt
756 1193 95 23 Utskot-

101 1230 46 22 tets
167 1228 72 23 tanke
257 1228 66 23 torde
341 1228 93 30 uppstå,
451 1228 106 30 framgår
573 1230 35 21 att
623 1236 33 15 nu
671 1228 180 30 ifrågavarande

103 1264 176 29 omständighet
295 1264 52 23 icke
362 1264 49 23 kan
425 1271 59 16 vara
500 1264 25 23 af
535 1264 128 30 afgörande
674 1264 128 29 betydelse,
813 1272 38 15 om

102 1300 45 23 ock
166 1300 46 22 den
231 1300 35 22 till
285 1300 158 23 Kristinestad
462 1300 100 23 ledande
582 1300 80 23 banan
678 1301 8 21 i
701 1301 78 28 någon
795 1300 56 22 mån

101 1336 66 23 torde
182 1336 72 22 hafva
271 1336 123 27 företräde,
412 1336 100 23 emedan
528 1343 29 15 en
573 1337 72 21 större
661 1336 73 23 trafik
749 1336 52 22 från
818 1336 32 22 af-

102 1372 109 29 lägsnare
227 1372 92 22 trakter
334 1372 48 22 kan
398 1372 36 23 för
450 1372 139 22 densamma
604 1372 124 29 påräknas.

173 1420 187 23 Järnvägsutskottets
373 1420 111 18 betänkande
496 1420 35 18 N:o
544 1421 15 17 1.
769 1420 10 17 2
