1061 1631
231 115 24 20 10
534 113 41 23 N:o
591 115 33 21 30.

249 178 2 2 *
267 179 139 26 Beträffande
428 179 155 32 sträckningen
595 179 35 26 af
646 183 27 22 de
691 183 24 22 af
729 182 98 23 komiten
841 179 73 32 nödig
922 183 37 22 be-

198 217 68 22 funna
287 217 93 23 linierna
399 217 84 23 uttalar
502 217 33 28 sig
554 217 96 22 komiten
667 219 33 21 att
711 219 119 27 jernvägen
845 218 112 28 Kajana—

196 251 83 23 Tisalmi
297 252 68 22 borde
380 252 80 28 dragas
476 251 68 28 enligt
561 252 36 22 det
612 253 94 27 projekt,
722 258 46 16 som
784 252 67 22 redan
867 251 68 23 finnes
951 252 7 21 i

199 287 65 28 detalj
281 287 133 27 utarbetadt,
430 287 40 22 och
482 287 118 28 jernvägen
615 287 49 22 frän
672 287 116 22 Uleäträsk
799 287 32 22 till
842 287 116 22 Bottniska

198 321 63 22 viken
277 322 48 21 äter
339 321 59 22 ledas
413 321 49 22 frän
477 321 77 22 Waala
569 321 32 22 till
616 321 115 28 Uleäborg.

268 355 11 22 I
298 356 27 21 de
339 355 123 23 Ständerna
477 356 36 21 vid
529 357 54 21 1897
600 357 35 21 ärs
651 356 104 27 landtdag
770 355 94 28 delgifna
879 355 80 28 förslag

198 390 34 22 för
254 390 85 28 Kajana
364 391 85 22 Iisalmi
469 391 90 28 jernväg
581 391 64 22 hafva
667 391 149 23 kostnaderna
834 391 34 22 för
888 391 71 22 denna

199 425 58 22 bana
267 425 71 22 såsom
349 425 158 28 normalspårig
521 426 100 27 angifvits
635 426 33 21 till
676 427 114 26 4,130,000
801 426 69 21 mark.
886 425 72 28 Enligt

200 459 37 22 det
259 459 24 22 af
303 455 171 32 Öfverstyrelsen
492 459 34 22 för
540 462 51 25 väg-
606 461 40 21 och
661 460 229 28 vattenbyggnaderna
905 459 54 23 efter

199 494 69 21 skedd
283 495 134 27 granskning
432 494 23 21 af
465 494 37 22 det
510 494 92 28 tidigare
616 494 209 28 kostnadsförslaget
838 494 121 28 uppgjorda

199 528 187 28 kostnadsförslag
401 529 69 22 skulle
486 529 148 22 kostnaderna
648 529 34 22 för
697 529 67 28 sagda
775 528 58 22 bana
841 529 118 22 emellertid

199 562 78 27 belöpa
292 563 33 27 sig
339 563 33 21 till
385 564 113 26 4,980,000
506 563 67 22 mark.
589 563 89 22 Banans
687 563 65 28 längd
760 563 85 22 komme
853 564 33 21 att
893 562 66 22 blifva

200 598 57 25 81,36
268 597 42 22 km.
321 597 95 22 förutom
426 599 34 20 tre
470 597 117 27 hamnspär
598 597 22 22 af
629 597 142 22 tillsammans
782 598 44 26 6,14
836 597 42 22 km.
886 597 71 27 längd.

267 631 60 22 Enär
341 631 289 23 kommunikationsfondens
647 632 116 27 tillgängar
778 631 33 22 för
822 631 136 22 närvarande

199 666 47 21 icke
268 666 106 27 medgifva
396 666 117 22 utförande
535 666 24 22 af
572 667 228 28 jernvägsbyggnader
815 667 8 20 i
838 667 70 21 större
923 668 35 19 ut-

199 700 133 28 sträckning,
355 700 36 22 vill
413 700 61 22 Hans
490 700 119 28 Kejserliga
624 701 102 28 Majestät
741 701 80 22 föreslä
835 700 123 22 Ständerna

199 735 124 27 byggandet
345 734 23 23 af
388 741 26 16 en
436 735 92 27 jernväg
549 735 48 22 från
612 735 81 22 Iisalmi
709 735 32 22 till
757 735 86 28 Kajana
859 735 77 22 endast
951 735 6 21 i

200 769 40 22 den
256 769 103 22 händelse
375 771 33 20 att
424 769 25 22 de
465 769 23 22 af
501 769 68 26 sagda
583 769 144 28 banbyggnad
742 769 116 28 päkallade
869 769 87 22 arbeten

200 803 23 22 af
236 803 124 22 Ständerna
374 803 88 28 pröfvas
481 803 78 28 nödiga
574 803 34 22 för
625 803 162 28 befolkningens
803 804 7 21 i
825 805 62 20 orten
902 803 56 22 und-

200 838 103 22 sättande
318 839 7 20 i
339 838 52 28 följd
411 838 23 21 af
450 838 130 22 missväxten
596 844 78 21 genom
690 840 33 20 att
737 838 80 22 bereda
833 838 124 22 densamma

200 872 84 22 tillfälle
306 873 32 21 till
362 872 180 28 arbetsförtjenst.
579 873 9 21 I
612 873 78 21 sådant
711 873 37 21 fall
772 872 140 22 öfverlemnas
936 873 22 21 ät

201 907 123 22 Ständerna
339 909 33 20 att
386 907 86 22 besluta

408 959 35 16 om
465 953 112 28 byggande
600 953 23 22 af
644 960 25 15 en
694 953 157 28 normalspärig
867 954 92 27 jernväg

339 987 48 22 från
406 988 80 21 Iisalmi
505 988 31 21 till
556 988 86 27 Kajana
660 988 65 27 enligt
742 988 37 22 det
793 988 7 21 i
816 987 65 28 detalj
898 989 61 20 utar-

339 1022 78 21 betade
439 1022 108 27 projektet
570 1021 23 23 af
614 1023 24 20 är
660 1023 59 26 1897,
741 1022 48 21 med
805 1028 26 15 en
847 1021 111 22 beräknad

340 1057 93 21 kostnad
448 1056 23 22 af
484 1057 114 26 4,980,000
614 1057 72 26 mark;
703 1057 39 21 och

408 1103 34 21 att
466 1102 34 21 för
525 1103 71 21 denna
615 1103 130 27 anläggning
764 1103 69 21 under
852 1102 107 28 finanspe-

340 1137 74 22 rioden
438 1137 140 21 1901—1904
597 1137 86 22 anvisas
702 1143 27 15 ur
751 1137 208 22 kommunikations-

339 1171 90 22 fondens
444 1171 115 28 tillgängar
577 1172 111 26 1,600,000
703 1172 69 21 mark.

271 1275 38 21 Uti
332 1276 134 27 underdänig
487 1276 92 26 petition
602 1276 24 21 af
646 1276 41 21 den
709 1277 26 21 31
757 1276 42 27 Maj
823 1276 52 21 1897
896 1275 63 22 hafva

201 1308 124 23 Ständerna
340 1309 96 27 anhällit,
451 1310 65 21 bland
531 1311 77 21 annat:

272 1345 34 19 att
324 1344 85 22 teknisk
428 1344 39 21 och
486 1344 126 22 ekonomisk
626 1344 164 27 undersökning
804 1343 34 22 för
853 1350 26 15 en
894 1344 65 22 smal-

201 1377 74 28 spärig
287 1378 91 27 jernväg
392 1378 47 21 från
455 1378 61 22 Kemi
531 1378 50 22 stad
596 1378 33 22 till
644 1378 125 22 Rovaniemi
783 1378 97 27 kyrkoby
890 1379 68 21 måtte

200 1411 47 22 före
263 1412 196 23 nästinstundande
473 1413 106 27 landtdag
594 1413 111 27 anställas,
