1061 1631
184 136 12 18 2
372 134 85 23 Ständ.
474 134 38 24 Sv.
526 148 27 2 —
569 135 73 28 Prop.
659 134 45 22 N:o
719 134 38 23 32.

183 207 60 28 borg
269 207 39 21 till
335 206 97 28 Torneä,
450 206 52 22 frän
529 206 93 29 Kuopio
649 206 37 22 till
713 206 88 22 Iisalmi
825 206 44 22 och
890 206 52 22 frän

184 241 149 28 Helsingfors
352 241 38 21 till
407 240 71 22 Karis
496 241 87 21 station
602 242 13 20 &
633 241 85 28 Hangö
737 241 83 22 banan.

254 275 48 22 Vid
319 275 176 28 behandlingen
514 275 23 21 af
555 275 76 22 denna
648 275 67 29 fräga
727 275 70 22 hafva
811 275 132 22 Ständerna

184 309 39 22 väl
241 309 48 22 fäst
311 310 35 21 sin
364 309 206 29 uppmärksamhet
587 309 41 22 vid
646 309 45 22 den
710 309 178 30 omständighet,
908 311 34 20 att

184 343 233 29 kostnadsförslagen
441 344 37 21 för
502 344 108 29 samtliga
628 344 179 29 ifrågavarande
825 345 117 28 jernvägs-

186 378 174 29 anläggningar
378 378 80 22 blifvit
476 378 7 21 i
502 378 132 28 betydande
652 378 59 29 grad
729 378 76 29 höjda,
818 379 51 21 icke
888 378 54 22 alle-

184 414 55 20 nast
262 414 30 28 pä
313 412 77 29 grund
408 413 24 21 af
450 412 44 21 den
512 413 74 21 under
604 412 29 22 de
652 416 89 19 senaste
761 414 54 21 åren
834 412 109 22 inträdda

185 447 138 29 stegringen
349 447 9 21 i
385 447 175 22 arbetslönerna
587 449 60 20 samt
674 447 23 22 af
723 447 78 29 prisen
819 448 14 21 å
851 447 91 26 skenor,

185 481 102 29 sleepers
314 481 44 22 och
385 483 73 20 annat
484 481 237 29 byggnadsmaterial,
740 484 58 19 utan
823 482 44 21 ock
890 481 52 22 med

186 515 129 30 anledning
342 516 23 21 af
392 515 28 22 de
447 515 171 30 förändringar,
637 523 48 14 som
710 516 82 29 sjelfva
810 515 132 30 byggnads-

185 550 124 29 projekten
333 550 41 22 vid
398 550 67 21 deras
489 550 96 29 slutliga
603 551 146 28 granskning
768 550 43 22 och
830 551 112 21 omarbet-

185 584 59 29 ning
267 585 171 21 underkastats.
474 585 54 21 Men
547 585 29 21 dä
594 584 29 22 de
641 592 47 21 nya
706 585 237 22 kostnadsberäknin-

186 626 75 21 garna
287 622 58 19 utan
372 619 83 21 tvifvel
482 622 38 19 äro
547 619 123 22 resultatet
698 620 23 21 af
742 619 45 22 den
805 619 137 27 erfarenhet,

186 660 50 15 som
263 653 41 22 vid
329 653 27 22 de
378 655 91 20 senaste
488 654 65 21 årens
571 653 249 30 jernvägsbyggnader
839 654 23 21 af
879 653 64 22 fack-

186 687 196 30 myndigheterna
401 687 146 28 förvärfvats,
561 687 43 22 och
622 688 178 29 ifrågavarande
813 689 129 28 jernvägar,

186 721 31 22 dä
241 722 30 21 de
295 722 73 22 varda
390 722 76 21 bättre
488 722 126 28 utrustade,
634 726 30 18 än
681 723 66 22 fallet
765 723 62 21 varit
844 722 52 22 med
915 721 28 22 de

186 755 68 23 flesta
278 757 153 22 härförinnan
452 756 101 29 anlagda
571 757 81 28 banor,
670 757 80 21 kunna
768 757 116 28 päräknas
902 764 41 14 un-

187 789 41 23 der
255 798 30 15 en
311 791 81 28 längre
419 791 107 28 tidsföljä
552 793 118 20 motsvara
694 791 41 22 sitt
754 791 115 28 ändamål,
886 793 56 20 utan

187 827 35 19 att
250 827 74 20 större
351 825 126 22 kostnader
502 825 137 28 ytterligare
666 826 100 21 behöfva
793 827 14 20 å
829 825 115 22 desamma

186 859 137 30 nedläggas,
342 859 71 22 hafva
437 859 131 22 Ständerna
591 860 106 29 godkänt
721 860 28 21 de
767 860 9 21 i
794 860 45 22 den
857 859 87 29 nådiga

187 895 176 28 propositionen
381 894 132 29 föreslagna
531 894 215 29 anslagsbeloppen,
760 895 43 21 och
819 895 23 21 fä
855 894 88 22 säledes

186 928 172 29 underdänigst
376 928 98 28 anmäla,

464 1018 32 19 att
512 1017 29 27 af
554 1016 289 28 kommunikationsfondens
856 1016 86 28 tillgän-

394 1057 40 21 gar
454 1050 34 27 för
506 1051 146 21 instundande
670 1051 149 28 budgetperiod
836 1051 107 21 anvisats:

466 1085 125 27 8,473,000
612 1086 62 20 mark
695 1085 34 21 till
745 1085 159 28 fullbordandet
920 1085 29 28 af

402 1119 217 28 Uleäborg—Torneä
632 1120 103 28 jernväg;

464 1155 127 26 4,080,000
614 1155 63 20 mark
699 1154 35 28 för
757 1154 143 28 slutförandet
920 1154 29 28 af

397 1188 203 28 Kuopio—Tisalmi
618 1189 151 27 banbyggnad;
788 1191 110 19 äfvensom

466 1224 126 25 8,900,000
618 1224 62 20 mark
705 1223 36 27 för
766 1223 132 27 afslutandet
920 1223 29 27 af

397 1252 163 37 Helsingfors—
565 1252 66 37 Karis
640 1258 208 27 jernvägsbyggnad.

258 1341 55 22 Med
332 1342 107 22 afseende
458 1343 13 21 &
490 1344 129 27 utvägarne
636 1345 34 19 att
682 1350 28 14 ur
723 1342 223 22 kommunikations-

186 1375 91 23 fonden
294 1376 104 22 bestrida
416 1376 178 29 ifrågavarande
613 1377 82 29 anslag
713 1376 97 30 utbedja
828 1377 36 28 sig
878 1377 67 22 Stän-

187 1409 74 23 derna
281 1412 34 20 att
333 1410 24 22 få
375 1410 9 22 i
401 1410 188 30 underdånighet
606 1411 99 22 hänvisa
723 1412 37 21 till
773 1413 39 20 det
824 1418 59 21 svar,
897 1418 49 16 som

189 1444 133 23 Ständerna
343 1445 92 22 komma
456 1448 34 19 att
508 1446 8 21 i
535 1445 127 29 anledning
682 1446 24 22 af
723 1446 72 22 Eders
814 1446 132 30 Kejserliga
