1061 1631
340 116 26 23 U.
382 116 26 22 B.
426 130 27 2 —
470 116 72 28 Prop.
560 116 44 22 N:o
620 116 29 22 37
818 118 26 19 13

123 183 69 25 hand,
216 183 85 20 sädana
325 183 106 20 omräden
450 183 105 28 utläggas
574 183 62 21 inom
652 183 67 21 hvart
735 182 140 21 fiskevatten

123 218 35 21 uti
173 219 51 20 hela
240 218 165 28 vattendraget.

194 255 61 20 Enär
271 254 62 21 inom
350 256 32 19 ett
398 255 135 28 vattendrag
550 254 28 21 de
589 254 112 21 särskilda
712 254 162 25 fiskevattnen,

123 290 79 21 hvilka
210 290 8 21 i
226 284 63 34 regel
297 290 126 21 tillsvidare
435 293 37 18 äro
481 290 163 29 lägenheterna
653 290 96 21 emellan
761 289 114 22 oskiftade

123 327 43 20 och
179 326 37 22 väl
230 327 8 20 i
250 326 100 21 flertalet
362 326 40 21 fall
416 326 69 22 äfven
498 326 65 21 skola
573 328 77 27 någon
661 326 34 21 tid
704 327 83 20 framåt
796 328 25 19 så
832 326 43 21 för-

123 362 79 26 blifva,
211 362 8 21 i
231 362 123 21 allmänhet
362 365 102 26 upptaga
471 362 132 29 betydande
612 362 91 26 arealer,
712 363 41 20 har
762 362 39 21 det
809 364 66 26 synts

124 398 123 25 Utskottet,
257 400 75 19 såsom
344 405 36 14 om
390 398 43 21 den
442 398 130 29 föreslagna
579 398 87 21 vidden
675 398 23 21 af
708 398 167 28 fredningsom-

123 433 76 26 råden,
213 433 80 22 hvilka
302 435 30 27 på
347 434 75 28 grund
438 434 24 21 af
478 433 178 22 administrativt
671 433 153 22 förordnande
842 435 33 19 ut-

122 469 87 29 läggas,
225 469 84 26 kunde,
326 472 55 19 utan
402 472 32 19 att
451 470 130 21 ändamålet
596 470 52 21 med
665 470 116 21 desamma
797 469 78 22 äfven-

122 505 99 28 tyrades,
238 505 8 22 i
261 507 76 26 någon
360 507 53 20 mån
436 505 135 22 inskränkas
593 506 43 21 och
655 506 138 21 bestämmas
812 505 62 21 inom

122 545 124 24 gränserna
267 541 23 21 af
311 549 28 13 en
360 541 156 22 femtondedel
537 542 43 21 och
599 549 29 14 en
643 541 116 22 tiondedel
776 541 23 21 af
815 548 58 21 resp.

122 577 153 22 fiskevattens
290 577 84 28 ytvidd
390 580 65 23 samt,
473 577 40 22 der
524 577 35 22 för
570 577 146 26 fiskevatten,
731 585 49 14 som
791 581 84 24 gränsa

122 613 35 21 till
165 613 135 26 hvarandra,
309 615 142 26 gemensamt
456 613 214 28 fredningsomräde
675 613 112 28 utlägges,
797 613 78 21 kunna

122 649 123 28 begränsas
277 649 34 21 till
340 657 28 13 en
396 649 151 28 tjugondedel
575 649 23 21 af
624 649 79 28 hvarje
726 649 147 22 fiskevatten.

121 685 93 22 Erinras
225 685 42 22 bör
279 685 81 21 härvid
369 685 68 22 äfven
444 688 34 19 att
488 685 249 28 fredningsomrädena,
749 685 30 21 dä
789 685 8 21 i
809 685 66 21 dessa

123 721 73 21 skulle
212 721 89 28 intagas
318 729 29 13 en
363 721 37 21 del
412 721 98 28 tidigare
521 721 169 28 fängstplatser,
703 720 172 28 otvifvelaktigt

123 757 90 21 komme
237 759 33 19 att
292 757 9 21 i
322 757 28 21 de
366 757 68 21 flesta
449 757 41 21 fall
508 759 156 27 representera
680 757 54 21 vida
750 759 71 19 större
838 764 37 13 an-

122 793 63 21 delar
201 793 23 21 af
239 793 166 21 fiskevattnens
421 793 88 21 värden
524 797 29 17 än
568 793 114 28 ytvidden
697 792 110 29 angifver.

194 829 11 20 I
221 829 102 28 enlighet
339 829 52 21 med
408 829 70 21 ofvan
493 829 137 21 framhällna
646 829 143 28 synpunkter
803 828 42 21 har
861 830 12 19 6

123 864 14 29 S
153 864 23 21 af
191 865 120 21 Utskottet
326 865 92 20 ändrats
432 864 72 29 jemte
521 865 38 20 det
576 867 11 18 7
612 865 6 28 $
641 866 6 19 2
664 871 75 19 mom.,
757 871 49 14 som
822 864 53 21 med

123 900 108 21 afseende
247 902 13 19 å
276 900 39 21 sitt
330 900 100 21 innehåll
451 902 47 19 står
513 901 8 20 i
536 902 114 19 närmaste
666 900 110 21 samband
792 900 53 21 med
862 902 11 18 6

123 936 20 28 8,
161 936 93 21 dermed
275 936 107 26 förenats,
398 936 93 21 hvadan
514 938 11 19 7
542 936 13 29 8
571 936 91 21 komme
681 938 32 19 att
729 938 92 26 utgöras
839 943 36 13 en-

123 974 59 19 samt
197 971 24 22 af
237 972 52 21 dess
313 974 4 19 1
335 979 67 14 mom.
420 971 72 29 enligt
508 979 63 21 prop.

194 1007 184 22 Vidkommande
400 1010 12 19 8
432 1008 14 29 &
464 1008 42 21 har
520 1008 120 21 Utskottet
662 1009 75 20 ansett
761 1007 34 28 sig
818 1007 55 21 böra

123 1044 109 21 anmärka
248 1045 33 20 att
297 1043 71 29 enligt
384 1043 131 22 Utskottets
531 1043 148 22 förmenande
695 1043 59 22 fiske
766 1043 23 22 af
799 1043 75 28 gädda

123 1079 44 22 och
182 1079 58 26 lake,
258 1079 52 21 med
321 1079 90 28 hänsyn
422 1079 34 22 till
468 1079 45 22 den
524 1079 71 22 skada
607 1079 66 22 dessa
684 1079 107 22 roffiskar
802 1079 73 22 ästad-

123 1115 92 21 komma
239 1117 12 19 ä
277 1115 127 21 värdefulla
428 1115 113 26 fiskarter,
565 1115 71 21 borde
659 1115 62 21 inom
747 1115 128 28 frednings-

124 1152 91 21 omräde
239 1151 8 21 i
263 1151 124 21 allmänhet
410 1159 55 13 vara
488 1151 114 29 lofgifvet,
620 1151 59 21 dock
700 1151 81 21 endast
796 1153 29 27 pä
841 1151 33 21 tid

123 1188 44 20 och
190 1189 45 19 sätt
256 1194 49 14 som
325 1186 8 22 i
353 1187 180 28 fiskeristadgan
548 1191 103 17 närmare
667 1187 148 25 bestämmes;
832 1187 42 21 och

123 1223 71 21 hafva
207 1222 62 29 förty
285 1222 34 22 uti
334 1223 148 28 paragrafens
505 1226 4 18 1
528 1230 66 15 mom.
612 1223 71 21 orden
701 1222 20 26 ,i
736 1222 41 22 fall
793 1222 82 22 sädant

124 1258 72 22 skildt
218 1258 129 28 lofgifvits*
370 1260 82 20 ersatts
474 1258 53 22 med
549 1260 43 26 ,pä
612 1260 45 20 sätt
673 1258 77 22 derom
767 1258 108 22 särskildt

124 1294 115 28 stadgas*.

195 1330 12 21 I
223 1330 70 28 öfrigt
308 1330 41 21 har
364 1330 36 21 för
415 1330 150 22 undvikande
581 1330 23 21 af
614 1330 92 28 möjligt
715 1330 160 21 missförstånd

123 1366 118 28 uttrycket
259 1368 25 24 ,ä
300 1366 108 21 stranden
422 1366 80 21 invid"
520 1366 34 21 uti
571 1368 10 19 1
599 1373 67 14 mom.
684 1366 89 28 utbytts
789 1367 48 19 mot
849 1368 25 23 jä

123 1402 143 21 tillstötande
283 1402 98 21 strand*.

200 1443 211 19 Vattenrättsutskottets
424 1444 116 18 betänkande
552 1444 38 18 N:o
602 1444 16 18 5.

897 1010 12 18 3
927 1008 32 27 (9)
976 1007 20 27 S.
