1061 1631
442 143 54 21 N:o
520 142 53 22 48.

333 452 74 26 Hans
430 453 171 31 Kejserliga
624 452 154 32 Majestäts
803 451 80 32 nådiga

266 499 138 32 proposition
423 499 34 25 till
476 499 103 25 Finlands
597 499 95 25 Ständer
707 498 114 32 angående
835 499 48 24 för-

265 551 98 18 svunnen
382 552 96 25 persons
497 545 147 25 förklarande
663 545 37 24 för
719 545 48 24 död.

196 623 77 22 Sedan
296 623 114 22 Finlands
427 623 40 22 vid
486 626 52 19 1897
555 624 36 21 års
606 623 114 29 landtdag
743 623 139 22 församlade

129 657 100 22 Ständer
243 658 9 20 i
267 657 147 29 underdånig
429 658 101 28 petition
546 657 100 22 anhållit
660 660 36 19 att
709 658 67 21 Hans
789 657 94 28 Kejser-

126 692 48 29 liga
188 692 111 28 Majestät
314 692 56 21 ville
385 692 123 29 förelägga
523 692 131 21 Ständerna
664 692 38 21 till
712 692 132 29 antagande
855 699 28 14 en

128 726 44 29 lag,
188 726 165 22 innehållande
377 726 148 29 stadganden
547 726 86 29 derom,
656 727 59 21 huru
737 726 62 22 finsk
821 733 61 20 man,

127 768 49 15 som
197 761 57 28 lång
275 761 37 21 tid
334 761 63 21 varit
419 761 150 28 försvunnen,
586 763 57 19 utan
659 763 35 20 att
710 760 171 23 underrättelse

128 802 37 15 om
186 795 85 22 honom
293 795 93 29 inlupit,
402 797 38 20 må
459 796 80 21 kunna
558 795 26 22 af
602 795 100 22 domstol
723 795 38 22 för
776 795 46 22 död
838 795 45 21 för-

128 830 83 27 klaras,
227 830 43 21 har
284 831 67 20 Hans
372 830 136 29 Kejserliga
530 830 117 29 Majestät,
663 831 60 20 efter
739 830 39 21 det
793 829 90 29 Lagbe-

127 864 129 29 redningen
272 864 75 29 enligt
361 864 107 29 uppdrag
487 864 119 22 utarbetat
624 864 89 29 förslag
728 864 38 21 till
781 863 102 29 lagstift-

127 899 81 28 ning
196 894 15 38 i
224 901 84 25 ämnet,
331 899 54 22 låtit
407 902 106 25 uppgöra
532 899 78 21 nedan
629 899 98 28 intagna
742 898 88 29 förslag
846 898 36 21 till

128 933 39 28 lag
182 940 37 14 om
233 933 146 22 försvunnen
393 941 97 21 persons
506 933 150 22 förklarande
671 933 38 22 för
723 932 52 23 död.

195 968 36 21 De
248 968 108 28 grunder,
380 969 30 28 på
433 968 83 21 hvilka
537 967 155 30 lagförslaget
713 967 83 28 hvilar,
821 967 62 22 äro
872 963 15 38 i

127 1002 144 22 hufvudsak:
295 1005 36 19 att
347 1010 29 14 en
391 1003 90 28 spårlös
504 1003 110 22 frånvaro
634 1003 73 21 under
725 1003 34 21 tio
775 1003 25 20 år
814 1004 70 26 utgör

129 1036 44 21 den
188 1037 118 21 allmänna
320 1037 203 28 förutsättningen
537 1037 38 22 för
590 1039 35 20 att
640 1045 29 13 en
680 1037 143 22 försvunnen
833 1043 50 22 per-

127 1077 42 15 son
184 1071 61 21 skall
259 1071 80 22 kunna
354 1072 27 21 af
395 1071 102 22 domstol
512 1071 38 22 för
565 1071 46 22 död
626 1071 115 22 förklaras
753 1071 60 22 efter
824 1071 59 21 före-

127 1105 93 29 gången
243 1105 109 29 offentlig
374 1106 159 29 efterlysning
547 1106 9 21 i
571 1106 69 28 vissa,
656 1113 30 14 en
700 1107 63 28 gång
785 1105 37 22 för
837 1105 46 22 alla

128 1140 121 22 bestämda
270 1148 106 14 nummer
398 1141 26 21 af
446 1141 120 22 allmänna
590 1141 158 29 tidningarna,
771 1148 54 14 men
847 1142 36 19 att

127 1175 189 29 dödsförklaring
339 1176 47 21 kan
400 1176 9 21 i
425 1176 124 21 enahanda
571 1176 101 28 ordning
688 1183 43 21 ega
745 1183 52 13 rum
811 1175 72 21 redan

128 1210 60 21 efter
202 1210 48 21 fem
266 1210 31 28 är,
314 1218 37 14 om
367 1210 46 22 den
428 1210 140 22 försvunnes
583 1210 65 22 ålder
664 1210 80 28 skulle,
755 1210 9 21 i
777 1210 44 21 fall
837 1209 46 22 han

128 1244 69 29 lefde,
213 1245 129 29 öfverstiga
356 1245 134 29 sjuttiofem
506 1247 33 26 år;
556 1248 41 26 att,
613 1253 37 14 om
660 1246 79 28 någon
749 1244 135 23 försvunnit

128 1279 75 22 säsom
225 1279 150 29 minderärig,
399 1280 249 28 omyndighetsäldern
663 1280 21 28 ej
703 1280 104 21 kommer
821 1279 9 21 i
845 1279 38 21 be-

127 1314 125 22 traktande
275 1314 41 22 vid
339 1314 163 22 hberäknandet
518 1314 26 22 af
561 1314 67 22 tiden
642 1314 38 22 för
694 1314 138 26 frånvaron;
849 1315 34 19 att

128 1349 8 20 i
151 1348 111 22 händelse
277 1348 46 22 den
338 1349 129 22 försvunne
483 1349 62 21 varit
559 1350 75 20 utsatt
648 1348 38 22 för
700 1348 74 22 sädan
783 1348 99 27 lifsfara,

128 1384 36 20 att
177 1382 48 22 han
239 1383 53 21 med
310 1382 33 22 all
360 1383 153 22 sannolikhet
528 1383 82 22 dervid
624 1383 66 28 ljutit
705 1382 83 28 döden,
804 1390 29 14 en
848 1382 36 21 tid

128 1417 26 21 af
167 1418 35 20 tre
217 1418 37 20 ärs
269 1418 126 21 bortavaro
414 1418 132 22 oberoende
561 1418 26 22 af
604 1419 46 20 den
665 1417 139 22 försvunnes
820 1416 64 22 älder

129 1456 25 17 är
176 1450 128 30 tillräcklig
326 1452 38 22 för
389 1453 59 21 hans
475 1452 150 22 förklarande
647 1460 49 14 som
719 1452 54 28 död;
797 1453 35 19 att
855 1458 28 14 en
