1061 1631
335 104 26 22 U.
377 104 28 22 B.
422 117 27 3 —
467 104 74 28 Prop.
556 110 45 16 N:o
617 104 39 22 39.
819 107 25 19 17

121 170 67 21 hållit
210 170 44 21 den
277 170 131 29 grundsats,
433 177 49 14 som
504 170 71 29 enligt
600 172 25 19 17
650 171 51 28 kap.
728 173 11 18 1
763 171 15 28 &
800 171 27 21 B.
849 171 26 21 B.

122 205 36 22 för
180 206 141 22 närvarande
340 206 78 28 gäller,
435 206 55 21 eller
506 208 33 19 att
555 205 90 22 enskild
662 206 117 29 delegares
795 206 8 21 i
819 214 57 14 sam-

122 241 59 22 fäldt
202 242 172 22 vattenområde
397 242 140 28 befogenhet
560 244 34 19 att
610 242 97 21 utverka
726 241 70 22 skifte
812 242 65 21 deraf

122 277 51 22 icke
193 281 24 18 är
232 277 115 22 beroende
362 277 24 22 af
401 280 70 19 annat
486 277 81 27 vilkor,
584 281 29 18 än
628 279 34 20 att
678 277 124 29 delningen
818 278 59 21 skall

123 313 78 22 kunna
223 313 47 26 ske,
295 315 56 20 utan
371 315 33 20 att
425 313 71 22 andra
516 313 64 22 deraf
601 313 48 22 lida
669 313 98 29 förfäng.
799 313 78 29 Sagda

123 349 130 28 grundsats,
277 356 49 15 som
349 349 95 21 innebär
468 351 39 24 att,
528 349 6 21 i
549 349 110 21 händelse
680 349 135 28 delegarene
831 349 44 22 alla

123 393 54 14 enas
194 392 37 15 om
247 385 85 26 skiftet,
349 387 76 26 någon
440 385 109 28 pröfning
565 385 34 21 uti
616 385 139 21 sistnämndt
765 385 109 22 afseende

123 421 51 21 icke
190 424 24 18 är
230 421 23 21 af
268 421 83 26 nöden,
367 421 41 21 har
428 421 24 21 af
470 421 119 21 Utskottet
605 420 144 22 formulerats
767 421 34 21 uti
819 424 27 19 10
862 421 14 29 8

126 459 9 19 1
153 464 67 14 mom.

194 493 33 21 Af
241 492 172 22 vattenskiftets
430 492 71 22 ofvan
516 492 102 29 antydda
633 495 68 18 natur
713 492 68 29 följer
792 495 34 19 att
836 493 41 22 vid

125 529 126 21 detsamma
273 529 90 28 hänsyn
385 528 43 21 bör
442 530 73 27 tagas,
533 528 58 26 icke,
608 530 75 19 såsom
699 528 113 22 härintills
829 529 47 22 ofta

124 572 46 21 nog
193 565 67 25 skett,
283 564 60 21 blott
362 564 36 21 till
418 564 78 26 fisket,
517 567 56 18 utan
591 564 36 21 till
643 564 44 21 alla
702 565 52 20 med
770 565 106 28 grunden

125 601 55 21 eller
201 602 90 20 vattnet
313 599 103 29 följande
434 600 124 26 förmåner;
575 600 42 21 och
633 600 61 21 har
686 595 16 39 i
710 601 165 28 sammanhang

125 637 52 20 med
200 636 168 21 fastställandet
384 635 24 22 af
423 636 97 21 berörda
543 635 114 22 allmänna
672 636 75 21 vilkor
762 636 37 21 för
814 636 61 21 befo-

125 673 114 27 genheten
255 674 33 19 att
303 671 85 22 erhålla
404 671 70 22 skifte
491 672 71 28 sagda
577 671 122 29 grundsats
715 672 100 21 uttalats.

196 707 79 29 Enligt
289 709 42 20 170
345 707 13 29 8
370 707 23 22 af
403 707 107 28 gällande
522 707 285 29 landtmäterireglemente
819 708 58 21 skall

125 743 40 22 vid
181 743 69 22 skifte
266 743 23 22 af
305 743 167 27 ,fiskevatten*
490 743 95 22 förfaras
602 743 101 27 sålunda,
721 746 48 24 ,att
783 743 71 22 fisket
869 743 6 22 i

125 779 130 22 hänseende
270 779 35 22 till
321 779 79 28 hvarje
417 779 23 22 af
455 779 29 22 de
495 779 60 22 olika
566 779 61 28 slags
638 779 97 29 redskap
747 779 55 22 eller
812 779 65 28 brag-

125 815 46 26 der,
194 815 110 22 hvarmed
328 815 39 21 det
389 815 73 26 idkas,
480 815 108 22 särskildt
603 815 70 26 delas,
690 815 94 22 säframt
799 815 78 22 veder-

124 851 102 21 börande
241 850 51 22 icke
307 851 143 21 annorlunda
466 851 107 28 äsämjas:
590 851 43 21 och
649 853 39 24 att,
704 851 8 21 i
728 851 29 21 de
773 851 41 21 fall
828 854 49 19 not-

124 893 57 22 varp
197 887 43 20 och
256 886 76 29 dylikt
346 886 51 21 icke
413 886 77 22 finnas
506 889 33 19 att
554 886 80 29 hvarje
649 886 108 29 lägenhet
769 886 107 27 tilldelas,

125 922 72 21 lotten
221 922 48 21 deri
291 922 138 21 bestämmes
453 923 59 21 efter
535 922 40 27 tid,
600 925 34 18 att
648 922 73 21 turvis
737 922 139 29 begagnas*.

125 958 82 21 Denna
228 958 128 28 anordning
379 958 23 21 af
426 958 87 26 skiftet,
532 958 72 29 enligt
619 958 95 22 hvilken
729 959 87 21 enhvar
832 958 45 22 del-

125 1001 67 21 ogare
208 994 96 21 erhäller
319 994 66 21 andel
401 994 8 21 i
425 994 81 29 hvarje
525 994 49 29 slag
585 994 23 21 af
618 994 63 21 inom
692 994 185 22 skiftesomrädet

125 1029 186 22 förekommande
322 1029 152 29 fiskeplatser,
485 1030 43 21 och
535 1037 49 14 som
593 1030 64 21 torde
666 1030 55 21 böra
729 1037 66 14 anses
804 1030 36 21 för
848 1037 29 14 en

126 1065 117 28 gvarlefva
259 1065 24 21 af
298 1065 144 29 principerna
458 1065 8 22 i
484 1068 10 19 1
512 1066 50 28 kap.
579 1066 26 21 B.
622 1065 34 26 B.,
673 1065 40 22 har
728 1065 51 22 haft
795 1065 34 22 till
839 1067 38 27 pä-

126 1101 58 28 följd
206 1103 39 24 att,
263 1101 40 22 der
319 1101 69 22 skifte
404 1104 39 25 egt
459 1109 57 18 rum,
533 1101 28 22 de
578 1101 75 22 skilda
668 1101 97 22 lotterna
781 1101 48 22 ofta
844 1104 33 19 ut-

125 1137 59 29 lagts
200 1137 8 21 i
224 1137 56 21 flere
304 1137 93 29 spridda
421 1137 92 22 skiften.
545 1137 54 22 Men
614 1139 30 27 pä
660 1137 62 21 detta
737 1139 46 20 sätt
799 1137 78 22 anord-

125 1173 56 21 nadt
203 1176 25 18 är
251 1173 80 21 skiftet
351 1174 149 28 synbarligen
515 1174 81 21 endast
611 1173 85 29 egnadt
711 1176 33 19 att
759 1174 118 21 motverka

125 1212 34 18 ett
182 1210 81 20 sådant
280 1209 121 29 nyttjande
417 1210 25 20 af
456 1209 77 26 fisket,
550 1217 49 14 som
614 1209 134 29 tillgodoser
763 1209 115 21 fiskstam-

125 1252 64 14 mens
209 1244 160 23 bibehållande
386 1246 42 21 och
444 1245 130 29 förökning,
590 1245 96 21 likasom
703 1245 69 21 äfven
787 1244 91 29 önsklig

125 1280 106 29 redighet
245 1280 8 22 i
269 1281 218 28 egoförhållandena
501 1281 9 21 i
520 1281 94 21 vattnet.
640 1280 54 22 Med
705 1280 108 22 afseende
824 1280 55 21 härå

126 1316 92 29 stadgas
235 1316 68 22 äfven
320 1317 8 21 i
344 1317 159 28 föreliggande
518 1317 52 21 nåd.
587 1324 63 21 prop.
667 1316 42 22 N:o
727 1318 27 20 39
771 1316 14 29 8
797 1319 20 23 5,
829 1323 48 15 som

125 1352 34 21 uti
175 1352 129 22 Utskottets
320 1352 86 29 förslag
422 1355 127 19 motsvaras
566 1352 23 22 af
606 1354 27 20 16
649 1352 20 29 &,
686 1354 33 20 att
733 1352 81 28 hvarje
828 1352 49 25 lott,

125 1394 50 15 som
190 1388 41 21 vid
247 1388 69 22 skifte
332 1388 111 28 utbrytes,
460 1388 59 22 skall
535 1388 79 28 läggas
630 1388 7 21 i
654 1391 33 18 ett
698 1388 58 21 enda
767 1394 111 15 samman-

200 1430 212 19 Vattenrättsutskottets
424 1430 118 19 betänkande
555 1430 37 18 N:o
604 1430 16 18 4.
796 1430 11 17 2
