1061 1631
347 150 27 22 U.
391 150 27 22 B.
437 162 27 4 —
480 150 73 29 Prop.
571 150 45 23 N:o
630 150 38 23 43.
860 150 26 22 15

127 221 44 25 och
197 222 14 21 5
241 223 12 25 $
283 222 30 21 15
333 222 55 29 kap.
405 219 163 25 Ärfdabalken
586 222 84 22 varder
688 223 135 28 härigenom
841 223 46 22 för-

127 255 100 23 ordnadt
245 263 49 15 som
312 255 78 30 följer:

484 343 10 20 1
516 343 20 26 &

196 394 50 22 Har
272 393 62 22 finsk
357 401 54 14 man
434 395 62 21 varit
514 394 80 29 längre
614 394 35 22 tid
667 395 144 22 försvunnen
829 397 57 20 utan

128 431 35 19 att
181 428 48 22 läta
247 428 56 22 höra
322 429 23 21 af
363 428 42 29 sig,
424 429 38 21 mä
480 428 47 23 han
545 429 8 21 i
572 429 46 21 den
637 429 101 28 ordning
756 429 76 22 denna
847 429 41 29 lag

129 463 94 28 stadgar
241 463 24 21 af
283 462 99 22 domstol
400 463 36 22 för
454 463 48 22 död
519 463 121 22 förklaras.

485 549 13 21 2
519 551 20 25 8.

198 601 195 28 Dödsförklaring
414 608 54 15 vare
487 601 93 21 tilläten
599 600 41 22 der
658 601 71 21 minst
747 601 31 22 tio
798 602 25 20 är
840 601 47 22 för-

129 635 64 22 flutit
211 635 58 22 efter
288 635 39 21 det
346 635 138 22 kalenderår
502 635 29 22 dä
550 635 45 22 den
613 635 126 22 försvunne
757 635 129 29 veterligen

131 671 77 20 senast
225 669 62 22 varit
304 669 40 22 vid
362 669 34 22 lif.
421 669 68 22 Dock
507 670 37 21 mä
562 669 189 30 dödsförklaring
769 670 40 21 ske
829 670 59 21 efter

129 704 116 29 förloppet
267 704 24 21 af
314 704 46 21 fem
385 705 26 20 år
434 704 53 22 från
512 712 86 14 samma
616 704 42 27 tid,
678 704 51 22 ifall
746 704 58 22 hans
823 704 65 22 ålder

131 738 73 22 skulle
221 738 127 29 öfverstiga
360 738 129 29 sjuttiofem
502 739 26 21 är
540 739 30 21 dä
583 739 72 21 sädan
668 739 131 28 förklaring
812 739 74 21 äskas.

199 773 48 22 Var
265 773 44 21 den
328 773 102 22 saknade
450 773 112 29 omyndig
579 773 41 22 vid
632 773 183 28 försvinnandet,
827 773 60 22 skall

131 807 65 22 tiden
213 807 85 22 räknas
316 807 52 22 frän
387 807 72 22 slutet
476 808 24 21 af
512 807 39 22 det
563 809 32 26 är,
608 807 132 22 hvarunder
752 807 47 23 han
811 807 75 22 skulle

131 842 101 29 uppnått
249 841 98 30 myndig
366 841 64 22 ålder
448 849 37 14 om
504 842 47 22 han
569 842 79 22 lefvat.

487 929 13 20 3
516 915 24 44 &.

199 979 50 22 Har
276 979 44 22 den
347 979 127 22 försvunne
497 979 99 30 deltagit
614 980 8 21 i
640 979 54 29 krig
713 979 43 22 och
774 979 116 22 derunder

131 1013 101 28 saknats,
251 1013 56 22 eller
333 1014 62 21 varit
418 1013 97 22 ombord
533 1015 13 20 å
565 1014 85 29 fartyg,
669 1021 49 14 som
738 1014 76 22 förlist
832 1013 57 22 eller

131 1047 74 23 under
221 1048 72 22 minst
311 1049 40 21 två
369 1049 26 21 år
413 1049 20 28 ej
454 1048 94 28 afhörts,
567 1048 57 22 eller
648 1048 56 29 eljes
728 1048 108 22 befunnit
854 1048 36 28 sig

131 1083 9 20 i
166 1083 97 27 lifsfara,
282 1081 43 23 och
351 1085 40 19 vet
417 1090 55 14 man
499 1083 20 28 ej
548 1085 35 19 att
601 1082 47 22 han
666 1083 102 28 räddats,
787 1083 37 21 må
842 1081 47 22 han

131 1117 80 22 kunna
237 1117 36 22 för
301 1117 46 22 död
364 1117 114 22 förklaras
497 1121 42 18 när
558 1119 35 20 tre
612 1118 25 21 år
655 1117 100 22 förflutit
774 1117 58 21 efter
850 1116 40 21 det

131 1152 139 22 kalenderår
288 1152 30 22 då
335 1152 47 22 han
400 1155 79 19 senast
498 1152 128 29 veterligen
645 1152 78 22 lefvat.

484 1238 12 21 4
520 1239 19 25 8.

201 1290 139 28 Ansökning
358 1297 37 15 om
413 1290 144 22 försvunnen
575 1297 95 21 persons
691 1289 148 23 förklarande
855 1288 37 22 för

133 1324 46 22 död
196 1324 61 22 skall
275 1328 68 24 göras
361 1324 42 22 hos
416 1324 87 22 allmän
515 1324 123 22 underrätt
650 1325 13 21 ä
676 1324 46 22 den
735 1326 42 25 ort,
791 1323 40 22 der
843 1323 47 21 han

132 1361 78 19 senast
237 1358 50 22 haft
314 1358 42 22 sitt
382 1360 25 20 bo
428 1360 40 20 och
486 1358 100 23 hemvist
604 1358 62 28 eller,
685 1359 50 28 ifall
751 1359 46 21 han
814 1358 77 22 saknat

131 1394 80 27 stadigt.
236 1394 96 26 hemvist,
360 1394 37 21 der
423 1394 46 21 han
496 1394 111 28 veterligen
634 1394 40 20 sist
699 1392 131 30 uppehållit
848 1392 44 28 sig,

132 1427 62 28 eller,
213 1434 37 15 om
277 1427 141 29 stadgandet
444 1427 82 23 härom
553 1428 8 21 i
582 1428 72 28 något
676 1427 42 22 fall
737 1428 20 28 ej
776 1427 48 21 kan
843 1426 48 22 till-

132 1462 95 28 lämpas,
237 1462 42 22 hos
291 1464 78 20 rätten
382 1462 14 21 å
408 1462 133 22 sökandens
553 1462 149 29 boningsort;
722 1462 43 21 och
777 1468 56 15 vare
847 1460 45 22 den

201 1505 148 23 Lagutskottets
363 1505 121 19 betänkande
496 1506 38 17 N:o
546 1507 28 15 14.
