1061 1631
200 152 13 20 2
380 150 70 23 U.-D.
468 164 23 2 —
510 150 75 29 Prop.
601 150 45 23 N:o
661 150 38 23 35.

171 216 39 22 det
229 216 36 22 uti
285 219 13 19 8
319 217 14 29 &
357 219 25 19 17
401 217 51 28 kap.
469 217 27 21 B.
512 217 27 21 B.
556 216 72 29 enligt
643 224 64 21 prop.
723 216 44 23 N:o
784 219 27 19 37
828 217 94 28 intagna

170 252 111 29 förslaget
304 255 33 20 att
359 253 121 29 malmtägt
503 261 54 14 vore
581 253 117 28 förbjudet
712 253 63 22 inom
791 261 17 14 s.
825 253 22 21 k.
864 253 58 22 fred-

170 288 169 29 ningsomräde.
368 289 62 22 Enär
446 291 33 20 ett
495 289 81 22 sådant
592 289 125 28 stadgande
734 289 127 22 emellertid
877 291 46 20 står

170 325 8 21 i
194 325 57 21 strid
267 325 53 22 med
337 325 44 22 den
397 327 45 20 rätt
456 325 152 29 inmutnings-
624 325 43 22 och
682 325 183 29 grufvestadgan
878 325 44 22 till-

171 361 115 21 försäkrar
308 361 112 22 inmutare
444 361 24 22 af
492 361 160 29 sjömalmtägt,
676 362 41 21 har
739 361 126 22 detsamma
880 361 42 22 för-

171 396 78 22 anledt
273 397 85 29 förslag
381 397 37 22 till
441 397 97 29 ändring
557 397 23 21 af
596 397 71 29 sagda
684 397 81 28 stadga
781 397 92 26 derhän,
890 399 33 20 att

171 440 84 21 genom
279 433 131 28 inmutning
434 441 95 14 vunnen
551 435 45 20 rätt
611 433 35 22 till
663 433 120 29 malmtägt
797 433 8 22 i
821 433 34 29 sjö
872 433 50 22 icke

171 469 127 22 omfattade
324 469 219 29 fredningsområde,
571 469 81 22 dervid
678 469 73 22 tillika
775 469 36 22 för
835 469 87 29 möjlig-

171 505 102 28 görande
297 505 23 22 af
342 505 138 29 fiskynglets
501 505 135 29 utveckling
652 506 68 21 äfven
735 505 8 22 i
760 506 85 21 sådana
861 505 62 22 delar

171 541 24 21 af
217 541 174 28 vattendragen,
416 541 40 21 der
479 541 119 28 malmtägt
613 541 141 22 fortfarande
770 542 64 28 finge
849 541 73 26 idkas,

172 579 32 19 ett
228 577 96 22 allmänt
346 577 84 22 förbud
454 579 48 19 mot
524 577 119 29 malmtägt
666 577 73 22 under
759 578 165 21 försommaren

171 612 120 22 befunnits
306 613 88 28 nödigt.

242 648 103 22 Berörda
360 648 177 29 bestämningar,
553 649 81 22 hvilka
650 651 74 20 såsom
741 651 13 20 2
771 649 43 22 och
831 651 12 20 3
855 657 67 14 mom.

171 683 76 30 fogats
263 684 36 21 till
323 687 5 19 5
345 685 104 28 punkten
466 685 23 21 af
504 687 13 20 8
533 685 14 28 &
563 685 34 22 uti
613 685 152 29 inmutnings-
779 686 43 21 och
833 685 91 29 grufve-

171 720 106 29 stadgan,
301 723 59 26 angå
383 721 20 28 ej
428 721 59 21 blott
509 721 99 21 härefter
632 721 99 22 skeende
754 721 131 28 inmutning
901 721 23 21 af

171 755 121 30 malmtägt
307 757 8 21 i
331 757 41 28 sjö,
389 759 55 19 utan
460 757 70 21 verka
543 757 87 28 jemväl
645 757 170 22 inskränkande
832 759 12 20 å
855 757 69 22 redan

171 791 135 22 förvärfvad
329 792 195 29 inmutningsrätt.
556 793 82 21 Denna
662 793 170 29 omständighet
856 801 68 20 synes

171 827 121 22 Utskottet
315 828 71 22 likväl
410 829 51 21 icke
484 829 55 21 böra
560 829 64 28 gifva
641 829 124 28 anledning
781 829 36 22 till
832 829 92 26 tvekan,

171 866 54 19 enär
240 863 176 30 ifrågavarande
432 865 238 28 lagstiftningsåtgärd
687 865 66 28 eljest
769 865 74 22 skulle
854 865 71 22 sakna

172 901 25 20 så
219 899 60 29 godt
302 907 48 14 som
373 900 81 29 hvarje
475 900 104 29 praktisk
594 901 120 28 betydelse
731 901 43 22 och
790 901 135 28 billigheten

171 943 69 22 synes
263 936 78 22 fordra
362 938 33 20 att
413 936 168 29 inmutningen,
598 944 49 15 som
662 939 69 26 utgör
747 940 33 19 ett
795 939 25 20 så
835 939 90 20 väsent-

171 971 42 29 ligt
236 971 93 30 intrång
350 972 34 21 uti
400 972 217 29 fastighetsegarens
633 975 51 24 rätt,
706 973 3 21 i
725 973 86 22 dennes
827 973 97 21 intresse

170 1007 151 22 underkastas
351 1008 101 29 antydda
477 1008 172 29 inskränkning,
676 1008 97 23 hvilken
799 1009 60 21 dock
885 1009 38 22 väl

172 1043 72 29 knapt
268 1044 8 21 i
300 1046 70 27 något
390 1044 41 22 fall
454 1044 77 23 blefve
556 1045 148 29 synnerligen
720 1045 97 26 känbar;
834 1045 43 22 och
892 1045 36 22 får

174 1078 121 24 Utskottet
311 1080 88 22 således
415 1080 117 23 vördsamt
547 1081 83 22 föreslå

458 1184 32 20 att
499 1182 125 23 Ständerna
638 1183 48 22 ville
695 1183 118 29 godkänna
823 1184 42 22 den
871 1185 55 27 före-

387 1218 78 29 slagna
480 1218 156 30 förordningen
652 1220 113 28 angående
789 1220 86 22 ändrad
894 1220 31 28 ly-

386 1254 56 23 delse
458 1256 26 27 af
496 1255 15 21 8
524 1256 15 26 $
555 1255 9 21 i
579 1255 146 29 inmutnings-
741 1256 38 21 och
791 1256 135 28 grufvestad-

385 1298 52 21 gan,
456 1290 28 28 af
495 1292 43 22 den
555 1291 29 21 12
599 1290 117 23 November
731 1291 66 22 1883.

242 1404 43 22 Uti
296 1404 170 30 behandlingen
477 1405 23 22 af
511 1406 62 21 detta
584 1406 83 21 ärende
679 1406 70 22 hafva
760 1406 106 29 deltagit:
878 1410 49 18 ord-

170 1440 115 22 föranden
311 1440 150 27 Hermanson,
487 1441 160 27 ledamöterne,
674 1442 95 22 friherre
793 1450 46 14 von
857 1442 69 26 Born,

247 1482 211 20 Vattenrättsutskottets
472 1484 116 18 betänkande
600 1484 38 18 N:o
650 1485 18 17 9.
