1061 1631
226 132 13 19 8
531 130 44 21 N:o
591 132 33 20 32.

196 199 68 22 mark
279 199 38 22 för
332 195 154 26 Åbo—Karis
502 199 73 22 banas
588 199 102 30 räkning
704 207 96 14 vunnen
815 198 140 28 erfarenhet,

196 233 160 22 kostnaderna
385 233 37 22 för
450 233 205 29 expropriationen
680 233 127 22 beräknats
832 233 61 29 stiga
918 233 37 22 till

198 269 113 26 1,009,000
323 267 67 22 mark
407 269 49 20 mot
473 269 93 27 422,000
581 267 67 22 mark
664 268 43 21 och
723 267 99 22 sålunda
832 267 45 22 öka
887 267 69 22 total-

196 301 133 23 kostnaden
344 301 54 22 med
413 304 91 25 587,000
520 302 73 21 mark.

268 336 102 22 Senaten
389 336 43 22 har
450 336 81 22 vidare
551 336 107 22 anbefalt
672 337 233 28 Jernvägsstyrelsen
921 339 35 19 att

196 374 57 25 taga
267 370 10 22 i
293 371 181 28 öfvervägande,
498 371 81 22 hvilka
602 371 98 22 arbeten
719 371 44 22 och
783 371 172 28 anläggningar

196 405 148 22 tillkomsten
360 405 26 21 af
400 405 138 22 förberörda
550 405 100 28 jernväg
666 405 124 28 påkallade
806 406 13 21 å
834 405 120 22 Fredriks-

197 439 69 29 bergs
287 439 44 22 och
348 439 134 22 Helsinfors
500 439 133 28 bangårdar
648 440 54 21 med
717 439 113 22 särskildt
845 439 110 22 afseende

196 473 92 22 fästadt
314 473 55 22 derå
394 475 34 20 att
452 473 151 30 Helsingfors
627 474 92 21 komme
740 476 35 19 att
794 476 85 27 utgöra
899 473 55 22 änd-

196 507 108 28 punkten
319 508 37 21 för
371 507 53 22 hela
437 507 131 30 jernvägen
584 508 61 21 ända
660 508 61 22 fram
736 508 37 22 till
789 503 59 27 Åbo.

266 542 47 22 Vid
335 542 163 29 uppgörandet
521 543 26 20 af
569 543 89 29 förslag
672 543 83 21 härtill
769 543 49 28 har,
839 546 55 18 enär
910 542 45 22 den

196 583 47 22 nya
256 576 131 29 jernvägen
403 581 25 17 är
443 577 112 21 utstakad
571 576 83 22 endast
664 577 38 21 till
712 576 183 29 Fredriksbergs
909 578 46 20 sta-

195 611 58 28 tion,
270 611 42 22 der
327 611 45 22 den
388 611 103 22 ansluter
506 611 36 29 sig
557 611 38 22 till
608 611 119 22 derstädes
739 611 145 28 förefintliga
894 611 60 28 spår,

194 645 89 28 jemväl
299 646 8 21 i
322 646 174 29 öfvervägande
518 646 73 28 tagits
614 645 154 29 möjligheten
784 646 27 21 af
824 647 35 20 att
877 645 78 22 banan

196 687 87 20 genom
298 680 73 22 skildt
386 681 54 28 spår
454 680 64 21 ledes
534 680 61 21 ända
610 681 62 20 fram
686 680 37 21 till
738 680 157 28 Helsingfors.
918 680 37 21 Då

196 714 182 29 Fredriksbergs
402 715 88 21 station
513 715 80 21 blifvit
612 715 87 28 anlagd
715 715 76 21 såsom
806 714 148 29 rangerings-

197 749 109 28 bangård
325 750 36 21 för
380 749 150 30 Helsingfors
545 750 88 21 station
648 752 61 19 samt
723 749 230 28 lokomotivdepoten

196 783 8 20 i
219 791 30 13 en
265 791 56 14 snar
336 784 96 22 framtid
450 785 104 21 kommer
570 786 35 19 att
620 785 121 28 förläggas
757 785 13 19 å
785 783 169 28 Fredriksberg

197 820 61 19 samt
273 818 136 21 verkstäder
424 819 42 21 der
481 819 119 28 anläggas,
616 818 105 22 kommer
735 818 103 22 rörelsen
855 817 98 22 emellan

196 852 104 22 nämnda
322 855 87 19 tvänne
432 853 113 21 stationer
563 855 35 20 att
613 853 76 22 blifva
705 854 24 21 så
744 852 60 29 liflig
820 854 36 19 att
871 852 28 21 de
914 853 40 20 två

197 886 36 21 för
256 887 146 21 närvarande
424 887 123 29 befintliga
570 887 177 28 hufvudspåren
765 887 52 21 icke
837 893 62 15 mera
914 890 40 18 äro

196 921 145 29 tillräckliga
364 921 36 22 för
423 921 45 22 den
491 922 92 27 rörelse,
607 929 49 14 som
675 921 138 22 framkallas
829 921 26 21 af
868 928 32 14 nu
916 921 37 21 be-

197 955 98 22 stående
318 955 69 22 trafik
410 956 44 21 och
476 959 30 18 än
529 956 90 21 mindre
635 956 37 21 för
688 955 39 22 det
743 956 103 21 tillskott
861 956 8 21 i
884 955 69 22 trafik

197 989 45 21 den
267 997 47 21 nya
336 990 76 21 banan
435 990 104 21 kommer
558 993 35 18 att
611 990 112 28 medföra,
740 990 98 21 hvarför
853 990 39 21 det
907 990 46 21 blir

196 1024 86 29 nödigt
305 1026 35 20 att
361 1032 85 21 genom
466 1025 138 28 ytterligare
628 1025 54 28 spår
702 1025 83 21 förena
803 1024 150 29 Helsingfors

197 1059 44 21 och
257 1059 181 28 Fredriksbergs
454 1060 119 21 stationer.
603 1059 55 22 Med
674 1059 110 22 afseende
799 1059 58 22 härå
869 1059 44 27 och
924 1059 30 22 då

196 1093 46 21 den
266 1101 47 21 nya
331 1093 76 22 banan
426 1093 119 22 sannolikt
560 1094 91 28 ganska
667 1093 118 29 betydligt
800 1093 104 22 kommer
919 1096 35 19 att

197 1127 100 29 bidraga
319 1127 37 22 till
378 1128 112 22 trafikens
516 1129 111 29 stegring,
654 1135 68 22 synes
745 1128 41 22 det
808 1127 88 30 skäligt
918 1130 36 20 att

196 1162 79 22 denna
297 1162 61 22 bana
377 1162 9 22 i
403 1164 79 27 någon
504 1164 55 21 mån
582 1163 42 21 bör
646 1164 99 28 bidraga
759 1163 38 21 till
813 1163 29 21 de
857 1163 52 21 med
925 1164 29 20 de

196 1204 47 20 nya
259 1197 95 28 spårens
370 1197 146 29 anläggning
531 1197 113 22 förenade
659 1197 128 22 kostnader
797 1197 45 22 och
852 1197 8 21 i
871 1197 83 22 sådant

196 1230 119 28 afseende,
332 1231 29 22 då
376 1231 161 22 förbindelsen
552 1232 100 21 emellan
666 1232 151 28 Helsingfors
829 1232 44 21 och
882 1232 72 21 Fred-

196 1265 109 29 riksberg
316 1266 124 21 framdeles
451 1266 117 22 erfordrar
579 1266 53 28 fyra
640 1267 60 28 spår,
709 1266 86 22 hvaraf
804 1266 41 21 två
852 1266 101 22 hufvud-

196 1300 55 27 spår
266 1300 39 21 för
320 1300 46 21 alla
380 1300 175 29 genomgående
571 1301 47 28 tåg,
634 1308 50 14 som
694 1300 52 22 icke
757 1300 102 22 behöfde
870 1302 84 20 stanna

196 1333 41 22 vid
260 1334 176 29 Fredriksberg,
452 1335 44 21 och
517 1336 39 21 två
576 1335 260 28 kommunikationspår
856 1334 37 22 för
913 1336 41 27 tåg

196 1368 101 21 emellan
307 1369 281 29 rangeringsbangården,
599 1369 240 29 lokomotivdepoten,
850 1369 104 22 verkstä-

196 1402 75 22 derna
281 1402 44 22 och
337 1402 85 22 Sörnäs
433 1403 88 22 bibana
531 1404 14 21 &
554 1404 172 29 Fredriksberg
736 1404 15 22 å
761 1413 44 12 ena
815 1404 68 22 sidan
893 1407 61 19 samt

195 1436 203 29 godsbangården,
413 1438 168 22 verkstäderna
597 1438 43 22 och
655 1438 151 22 hamnbanan
822 1439 8 21 i
845 1438 108 29 Helsing-
