1061 1631
182 109 26 21 12
378 108 85 22 Ständ.
480 108 38 22 Sv.
534 121 27 3 —
578 108 73 28 Prop.
667 108 42 22 N:o
726 108 39 22 41.

182 179 97 23 Tionde
300 179 170 23 hufvudtiteln
491 178 148 28 2,600,000:
660 193 33 2 —

183 213 66 22 Elfte
366 223 8 10 »
521 214 120 26 230,000:
664 227 28 2 —

182 244 82 37 Tolfte
368 257 10 11 »
494 248 147 27 2,050,000:
662 262 32 2 —

183 279 147 42 Trettonde
350 291 57 26 >
491 283 24 35 5,
519 283 60 35 600,
578 279 62 43 ,000:
661 296 38 21 =

261 328 100 22 Summa
381 316 70 34 Fmk
480 316 40 39 40,
519 317 62 38 ;746,
584 329 58 22 000:
665 342 28 2 —

186 374 60 22 eller
265 374 40 22 för
323 374 57 29 fyra
399 374 27 22 är
464 392 4 4 .
507 392 4 4 .
594 392 4 4 .
638 392 4 4 .
682 392 4 4 .
709 374 180 26 162,984,000:
912 387 26 2 —

187 410 73 20 extra
283 408 125 23 ordinarie
427 409 104 28 utgifter
550 392 37 45 (se
606 409 78 22 ofvan

255 449 18 16 8.
293 442 174 29 4)
637 461 4 4 L
680 461 5 4 R
723 443 165 26 28,407,246:
910 443 29 21 11

410 489 100 22 Summa
529 489 75 28 utgift
623 489 63 22 Fmk
707 489 181 26 191,391,246:
911 489 29 21 11

186 535 151 29 Behällning
357 535 43 22 vid
418 535 134 28 periodens
571 535 116 28 utgång
681 531 17 37 .
725 535 165 26 32,384,240:
911 535 33 21 20

508 581 100 22 Summa
627 581 63 22 Fmk
709 581 180 26 223,775,486:
910 581 30 22 31

257 661 50 22 Det
333 661 148 26 öfverskott,
508 668 53 15 som
584 661 78 29 enligt
680 661 75 22 dessa
773 661 171 28 beräkningar

188 695 82 22 skulle
296 695 92 28 uppstå
416 696 7 21 i
451 695 125 23 allmänna
595 695 158 22 statsfonden
773 695 80 22 under
872 696 72 21 nästa

188 730 183 28 finansperiod,
392 731 72 28 tages
483 730 63 22 dock
566 730 80 22 delvis
665 730 7 21 i
692 729 111 29 anspräk
816 729 40 22 för
871 729 74 22 ända-

190 764 56 26 mål,
268 764 86 22 hvilka
374 765 21 26 ej
416 764 150 28 inbegripits
584 765 77 22 bland
681 759 44 38 dei
733 759 46 38 det
793 763 152 29 föregående

187 799 165 28 kalkylerade'
371 799 143 28 utgifterna.

259 833 33 22 Af
318 833 274 28 Finansexpeditionen
619 833 47 22 har
685 833 7 22 i
711 833 92 22 sädant
827 832 117 22 afseende

188 867 151 22 framhällits
358 867 49 22 den
421 867 190 29 nödigbefunna
621 867 186 29 utvidgningen
819 867 25 22 af
853 867 91 28 Hangö

188 901 85 27 hamn,
301 901 38 22 för
358 901 97 23 hvilket
474 902 85 22 arbete
579 902 150 22 alternativa
749 901 95 29 förslag
863 901 82 22 blifvit

188 936 153 29 uppgjorda,
359 936 57 22 med
436 943 31 15 en
485 936 266 29 kostnadsberäkning
772 935 25 22 af
809 935 136 26 2,970,000

188 970 73 22 mark
281 971 77 28 enligt
377 971 42 22 det
438 977 47 16 ena
504 971 46 22 och
570 971 136 26 6,250,000
725 970 72 22 mark
817 970 76 28 enligt
903 969 42 22 det

189 1005 81 22 andra
288 1005 128 28 förslaget.
456 1006 42 21 Att
516 1005 92 29 Hangö
627 1005 76 22 hamn
717 1005 28 22 är
759 1005 40 21 för
812 1004 74 29 trång
898 1004 47 21 och

189 1041 35 20 att
244 1039 208 29 anordningarna
472 1040 42 21 vid
533 1040 146 21 densamma
699 1039 40 22 för
751 1038 194 23 underlättande

189 1073 24 22 af
231 1073 133 29 fartygens
386 1074 115 29 lossning
520 1074 46 22 och
583 1074 111 29 lastning
713 1073 111 22 behöfva
842 1073 104 22 förbätt-

188 1114 48 19 ras,
256 1108 47 21 har
321 1108 78 22 redan
418 1108 76 29 länge
513 1109 65 21 varit
596 1108 115 22 erkändt.
742 1107 52 23 Och
809 1107 32 22 då
854 1107 91 22 nämda

189 1142 78 22 hamn
285 1143 81 21 under
384 1143 132 22 vintrarna
536 1143 116 29 betjenar
670 1143 57 22 hela
746 1142 99 22 landets
864 1141 82 27 trafik,

188 1177 121 21 framstår
327 1177 42 22 det
388 1178 83 21 såsom
489 1178 56 21 fullt
563 1177 151 22 motiveradt
733 1178 36 21 att
785 1176 40 22 för
837 1176 109 22 berörda

189 1211 88 22 arbete
305 1212 117 21 använda
448 1212 152 25 statsmedel,
629 1218 39 16 om
694 1211 45 23 ock
759 1210 140 23 önskvärdt
918 1211 28 21 är

190 1247 35 21 att
245 1245 45 22 det
308 1246 75 22 måtte
401 1246 87 28 lyckas
509 1247 35 21 att
562 1252 90 22 genom
672 1246 148 28 ytterligare
833 1245 113 22 bearbet-

188 1280 63 28 ning
271 1280 26 22 af
314 1280 89 29 frågan
424 1280 70 22 finna
514 1287 29 15 en
562 1280 100 29 lösning
682 1280 25 22 af
725 1280 154 26 densamma,
893 1285 53 16 som

189 1314 83 22 skulle
282 1314 141 29 nedbringa
434 1314 141 22 kostnaden
585 1315 36 21 till
631 1315 143 28 måttligare
781 1314 100 28 belopp.

263 1348 92 23 Vidare
383 1349 107 29 antydes
514 1349 8 21 i
549 1348 287 29 Finansexpeditionens
854 1348 93 28 kalkyl,

192 1384 36 21 att
254 1383 82 23 medel
362 1383 80 22 borde
465 1390 144 16 reserveras
628 1384 39 22 för
686 1382 151 30 utgifvande
856 1382 25 20 af
898 1382 48 20 för-

193 1417 132 29 delaktiga
343 1417 41 22 län
404 1417 26 23 ät
448 1417 99 29 privata
566 1403 230 44 jernvägsföretag.
825 1417 12 22 I
857 1416 89 30 sjelfva
