1061 1631
305 139 84 23 Ständ.
406 139 39 23 Sv.
461 152 29 3 —
505 139 74 28 Prop.
595 139 41 23 N:o
652 139 39 23 42.
866 140 13 20 3

122 213 35 20 att
180 211 151 29 kupongerna
354 211 66 22 skola
438 219 57 14 vara
513 211 167 22 mortifikation
698 211 180 28 underkastade,

120 246 43 21 har
189 245 179 29 ifrågavarande
386 245 111 29 paragraf
518 245 105 22 affattats
641 246 32 28 så,
692 247 35 20 att
745 245 134 23 densamma

121 280 52 22 icke
196 280 81 28 lägger
300 279 84 22 hinder
407 280 8 21 i
433 283 76 26 vägen
528 280 35 21 för
580 279 162 22 fastställande
761 279 23 22 af
802 279 77 29 dylikt

120 313 120 23 förbehåll.

190 349 126 28 Uttrycket
333 349 36 21 uti
388 349 14 20 3
422 349 50 26 $:ns
492 349 13 20 2
524 356 68 14 mom.
612 348 58 29 ,den
690 350 36 20 ort
744 348 41 21 der
796 348 82 29 fastig-

121 383 69 22 heten
217 382 87 30 ligger"
332 383 88 22 lemnar
448 383 52 21 icke
527 382 96 29 ledning
650 383 36 22 för
708 383 128 28 afgörande
855 383 24 22 af

121 419 82 27 frågan
227 417 41 22 vid
291 417 96 22 hvilken
406 417 100 22 domstol
524 417 134 28 ansökning
676 417 61 22 skall
754 421 69 25 göras
841 425 38 14 om

121 451 118 23 dödandet
263 452 24 21 af
307 451 99 28 urkund,
426 459 49 14 som
494 455 25 18 är
536 451 128 22 intecknad
682 451 8 22 i
709 451 92 22 enskild
818 452 61 29 jern-

121 490 53 25 väg.
208 486 12 21 I
247 486 155 22 betraktande
428 485 68 23 häraf
523 485 43 23 och
593 486 30 21 dä
650 486 69 29 lagen
738 486 23 22 af
782 486 45 22 den
847 487 30 21 15

121 521 69 29 April
205 521 70 27 1889,
289 521 119 28 angäende
427 521 88 28 lagfart
533 521 43 22 och
594 521 139 28 inteckning
746 521 23 21 af
786 521 93 21 enskild

121 557 98 27 jernväg
235 555 38 22 för
291 555 85 22 allmän
390 554 148 32 samfärdsel,
558 555 95 28 stadgar
674 555 111 22 särskildt
803 555 75 22 forum

121 590 36 21 för
175 589 138 29 inteckning
331 590 8 21 i
357 589 93 22 enskild
468 590 104 29 jernväg,
591 589 72 22 hafva
682 589 132 22 Ständerna
832 597 47 14 om-

121 624 136 22 formulerat
275 624 151 22 förevarande
444 626 103 20 moment
566 624 94 28 derhän,
680 626 35 20 att
733 623 83 23 endast
833 623 46 22 den

121 658 127 28 underrätt,
265 666 49 14 som
332 659 117 21 meddelat
467 659 174 28 inteckningen,
654 666 55 14 vore
727 658 98 29 behörig
843 661 36 20 att

121 695 104 27 upptaga
244 693 130 29 ansökning
393 693 24 22 af
434 693 180 28 ifrägavarande
632 693 57 29 slag.

190 727 11 22 I
220 728 13 21 6
254 729 13 25 $
285 727 84 22 liksom
388 728 70 21 äfven
476 728 8 21 i
503 728 75 28 öfriga
596 727 141 30 paragrafer,
753 727 41 22 der
812 727 67 22 ordet

123 761 78 30 ndom*
231 762 121 28 användts,
380 762 43 22 har
450 761 127 23 detsamma
605 762 79 22 blifvit
709 762 81 29 utbytt
817 764 61 20 emot

122 796 66 22 ordet
204 796 110 29 ,utslag",
327 796 91 23 hvilket
436 799 90 19 ansetts
544 796 113 29 riktigare
669 797 35 21 för
717 799 35 19 att
764 797 114 21 beteckna

121 831 111 22 domstols
251 831 89 29 åtgärd,
360 839 49 14 som
426 831 9 22 i
453 831 144 28 besvärsväg
616 831 82 28 drages
716 830 75 23 under
806 830 71 29 högre

121 868 58 19 rätts
197 865 115 29 pröfning.

189 899 52 22 Den
267 900 93 28 längsta
386 899 42 28 tid,
448 907 49 14 som
524 899 74 29 enligt
623 900 13 21 7
662 901 12 26 $
695 900 9 21 i
726 899 45 22 den
790 899 87 29 nådiga

121 934 174 29 propositionen
317 934 42 22 bör
382 935 95 28 förflyta
500 934 98 22 emellan
616 934 46 22 den
680 934 52 29 dag,
751 934 30 22 då
799 934 78 21 beslut

121 976 38 14 om
176 969 107 28 offentlig
301 969 139 28 kungörelse
458 969 83 22 fattats
553 968 43 22 och
608 968 213 29 inställelsedagen,
834 968 42 22 har

121 1005 65 26 synts
211 1003 132 22 Ständerna
366 1003 81 22 kunna
472 1003 74 22 blifva
570 1003 98 29 onödigt
685 1003 61 29 lång,
765 1003 112 22 särskildt

120 1037 52 22 ifall
197 1037 102 22 beslutet
324 1038 73 21 fattas
421 1038 9 21 i
454 1037 83 30 början
561 1038 24 21 af
606 1039 34 20 ett
664 1038 32 21 år.
730 1038 12 21 I
761 1037 115 22 anseende

120 1071 81 22 härtill
221 1071 44 23 och
283 1072 30 21 då
331 1072 8 21 i
356 1071 110 29 gällande
484 1072 152 29 lagstiftning
653 1072 9 21 i
680 1071 127 23 allmänhet
824 1072 52 21 icke

120 1106 153 22 förekommer
291 1106 82 29 längre
392 1106 204 29 efterlysningstid
614 1110 30 18 än
657 1109 35 19 ett
704 1107 31 28 år,
749 1107 43 21 har
804 1106 72 22 sådan

121 1141 100 29 ändring
239 1141 23 22 af
283 1141 207 29 bestämningarna
508 1141 9 22 i
535 1140 76 23 denna
628 1141 110 29 paragraf
755 1141 120 29 vidtagits,

121 1177 36 20 att
174 1175 204 29 inställelsedagen
396 1176 52 21 icke
466 1176 38 22 får
521 1178 100 20 utsättas
639 1184 81 14 senare
739 1180 29 18 än
782 1176 37 21 till
831 1175 46 22 den

121 1209 116 23 ordinarie
260 1210 191 29 rättegångsdag,
470 1218 51 14 som
544 1212 53 20 natt
620 1210 44 22 och
682 1211 25 21 år
725 1210 59 22 efter
801 1210 76 22 beslu-

121 1246 45 20 tets
192 1244 106 22 fattande
325 1245 57 21 först
400 1244 102 22 infaller.

189 1279 12 21 I
224 1279 42 22 fall
283 1278 101 29 urkund,
404 1286 36 15 om
458 1278 72 23 hvars
548 1278 106 23 dödande
676 1279 104 22 ansökan
797 1278 80 22 blifvit

120 1313 75 29 gjord,
213 1313 131 22 innehåller
361 1314 48 22 viss
426 1314 148 28 förfallodag,
593 1321 49 15 som
654 1314 82 21 infölle
749 1314 58 21 först
819 1313 58 21 efter

120 1348 55 21 flere
194 1348 31 28 år,
243 1348 79 22 kunde
340 1348 84 22 sådant
442 1348 36 22 för
494 1348 119 22 sökanden
627 1348 103 22 medföra
743 1346 132 30 olägenhet,

121 1382 76 22 derest
215 1382 118 22 dödandet
351 1382 52 22 icke
421 1382 63 29 finge
504 1383 39 21 ske
561 1383 48 21 före
627 1382 73 30 sagda
718 1382 52 30 dag.
783 1382 46 21 För
841 1383 36 20 att

119 1416 128 30 förebygga
266 1416 77 23 denna
361 1417 126 29 olägenhet
505 1417 70 22 hafva
589 1417 130 22 Ständerna
731 1417 36 21 uti
779 1415 97 23 berörda

119 1451 110 29 paragraf
247 1452 73 22 infört
332 1453 34 20 ett
384 1452 84 22 sådant
487 1452 91 28 tillägg,
592 1454 34 20 att
639 1451 65 23 tiden
715 1452 37 22 för
763 1450 113 22 inställel-
