1061 1631
33 367 68 29 Prop.
119 367 42 21 N:o

207 119 28 19 22
401 116 28 22 U.
446 116 26 22 B.
490 129 27 4 —
533 116 74 29 Prop.
624 116 44 24 N:o
684 116 30 23 39

177 183 7 21 i
200 182 64 22 vissa
281 183 160 28 skiftesfrågor
451 182 102 22 inhemta
563 183 108 28 yttrande
682 183 24 22 af
715 183 145 29 sakkunniga
867 191 64 21 myn-

178 219 106 28 digheter
303 219 64 28 finge
385 219 60 28 plats
462 219 41 21 här
518 219 42 21 och
577 219 51 21 icke
648 219 87 26 endast,
753 221 74 20 såsom
843 219 8 22 i
867 227 63 21 prop.

178 255 43 21 N:o
237 257 28 19 37
284 254 136 29 föreslagits,
436 255 35 21 uti
489 257 26 19 18
531 255 14 28 8
561 255 24 21 af
602 257 25 19 17
645 255 52 28 kap.
714 255 27 21 B.
757 255 27 22 B.

250 290 77 29 Sagda
343 290 143 22 föreskrifter
500 291 71 21 hafva
587 290 61 29 förty
665 291 43 21 fått
724 291 54 28 ingå
794 291 34 21 uti
846 293 26 19 18
884 291 13 28 $
908 292 24 19 af

178 327 132 21 Utskottets
327 327 91 28 förslag.

251 362 81 22 Såsom
350 365 26 18 19
392 363 14 28 &
422 363 41 21 har
479 362 117 29 upptagits
613 365 13 18 2
642 363 14 28 8
672 363 8 21 i
696 370 62 21 prop.
772 363 43 21 N:o
827 365 35 24 39,
874 363 58 21 efter

34 405 27 19 39
72 403 13 28 &
97 405 13 18 2
121 403 45 28 (19)
179 398 39 21 det
237 398 50 21 deri
303 401 85 19 tvänne
403 398 169 29 uteslutningar
589 398 23 21 af
623 399 82 21 endast
715 398 143 22 redaktionel
869 398 63 28 bety-

178 434 63 21 delse
264 437 39 26 egt
324 442 55 13 rum.
412 434 146 29 Paragrafen,
581 435 69 21 hvars
666 434 117 29 placering
799 434 8 21 i
823 434 71 22 slutet
908 434 24 21 af

179 470 167 29 författningen
369 470 67 22 beror
456 472 30 27 på
501 472 32 19 att
549 470 53 21 dess
618 470 35 21 till
670 472 128 27 rågångens
814 469 118 30 praktiska

178 505 123 22 utförande
317 506 35 28 sig
368 506 140 21 hänförande
524 506 101 21 innehåll
642 513 54 21 eger
706 505 147 29 tillämpning
868 505 62 22 såväl

178 541 40 22 vid
237 542 117 21 råskilnad
369 542 8 21 i
394 549 48 14 som
459 542 69 21 skifte
545 542 23 21 af
583 544 85 24 vatten,
685 542 40 21 har
741 541 36 22 för
796 541 70 29 öfrigt
881 541 51 22 icke

178 577 71 28 gifvit
265 578 125 28 anledning
405 577 35 22 till
456 579 70 27 något
541 578 119 21 uttalande
671 578 50 21 från
733 577 131 22 Utskottets
875 578 55 21 sida.

251 613 115 29 Slutligen
381 614 42 21 bör
438 613 119 22 Utskottet
573 613 121 22 framhålla
709 616 34 19 att
759 613 44 22 den
822 613 110 22 omarbet-

178 649 57 28 ning
260 649 24 22 af
307 650 39 21 det
365 649 8 21 i
389 657 63 20 prop.
470 649 113 28 ingående
600 649 266 29 författningsförslaget,
883 657 47 13 som

179 685 114 22 utskottet
316 685 116 26 verkstält,
457 685 104 28 betingat
583 693 29 13 en
628 685 87 21 ändrad
730 685 89 28 lydelse
835 685 24 21 af
874 685 58 21 både

180 721 52 22 dess
249 721 80 22 rubrik
346 721 42 22 och
404 721 94 28 ingress.

251 775 34 22 På
300 775 76 29 grund
392 775 23 22 af
429 775 62 22 hvad
507 775 119 22 Utskottet
641 775 41 20 här
698 775 75 21 anfört
789 775 34 21 får
839 775 93 21 Utskot-

179 814 33 18 tet
227 811 120 22 vördsamt
363 811 129 21 hemställa:

466 873 31 20 att
526 871 124 22 Ständerna
682 871 9 22 i
716 871 37 22 sitt
779 871 153 28 underdäniga

394 914 52 15 svar
468 907 57 27 ville,
547 907 71 22 under
642 907 133 28 åberopande
790 907 27 27 af
829 907 56 22 hvad
900 906 31 22 be-

395 943 109 27 träffande
528 943 80 28 nådiga
629 942 164 28 propositionen
818 942 114 29 angående

395 985 30 21 ny
449 978 79 28 lydelse
551 980 27 27 af
598 979 30 20 12
651 978 47 28 kap.
723 978 37 22 och
777 978 28 21 15
821 978 48 28 kap.
886 978 15 21 3
916 979 16 26 $

390 1014 143 28 jordabalken
549 1013 92 29 anförts,
656 1014 94 27 anmäla,
763 1015 31 20 att
805 1013 126 23 Ständerna

394 1051 96 27 godkänt
513 1051 34 21 det
570 1050 9 21 i
600 1050 145 28 förevarande
760 1050 82 28 nådiga
855 1057 77 20 propo-

394 1087 68 21 sition
485 1087 107 28 ingående
616 1085 119 30 lagförslag
759 1086 46 21 med
824 1085 108 22 särskilda

395 1123 123 28 ändringar
533 1122 38 22 och
587 1123 80 28 tillägg,
684 1122 67 22 delvis
767 1122 97 21 hemtade
878 1121 54 28 från

394 1159 125 27 förberörda
532 1158 136 28 proposition
684 1158 113 28 angående
808 1158 124 27 ändringar

395 1195 9 21 i
425 1194 147 28 jordabalken,
596 1194 36 22 och
655 1194 82 22 således
758 1194 84 28 antagit
859 1200 24 15 en
901 1194 31 21 så-

396 1231 94 27 lydande

257 1440 209 18 Vattenrättsutskottets
480 1440 116 18 betänkande
608 1440 37 18 N:o
657 1440 17 18 4.
