1061 1631
313 164 23 23 U.
353 165 22 22 B.
392 178 28 2 —
437 164 63 29 Prop.
517 164 37 24 N:o
571 164 38 23 30.

374 522 287 29 Järnvägsutskottets
678 521 104 30 förslag
798 523 40 22 till

305 558 250 29 sammanjämkning
579 557 28 24 af
622 557 113 24 Ständens
751 559 88 28 skiljak-

303 594 48 28 tiga
366 594 73 23 beslut
455 594 34 22 vid
507 593 156 29 behandlingen
675 593 28 23 af
711 593 128 24 Utskottets

305 629 138 23 betänkande
470 629 38 23 N:o
532 630 5 22 I
562 629 5 23 i
592 629 115 29 anledning
731 629 28 23 af
780 629 59 24 Hans

304 665 121 29 Kejserliga
436 665 117 29 Majestäts
565 665 79 28 nädiga
656 665 135 29 proposition
801 671 38 17 an-

304 701 84 28 gäende
404 701 76 23 vidare
494 701 235 29 järnvägsbyggnader
740 701 5 22 i
757 701 82 23 landet.

161 771 33 23 Af
203 771 121 24 Utskottet
335 771 202 24 tillhandakomna
545 771 214 30 protokollsutdrag
767 771 70 24 fram-

91 807 49 30 gär,
164 809 35 21 att
221 807 112 30 samtliga
356 807 74 24 Ständ
450 807 106 30 godkänt
573 807 158 23 betänkandet
748 807 90 23 oförän-

90 843 75 28 dradt,
196 844 65 22 utom
287 844 8 22 i
314 843 166 23 nedannämda
503 843 108 30 punkter,
636 843 98 23 rörande
758 843 81 23 hvilka

91 879 105 22 Ständen
212 880 97 21 stannat
324 880 7 21 i
348 879 139 30 skiljaktiga
504 879 83 22 beslut.

161 914 52 23 Med
235 914 109 23 afseende
361 915 13 22 ä
390 915 134 23 Utskottets
539 915 89 29 förslag
644 914 149 23 beträffande
809 922 29 15 en

91 950 61 23 bana
174 951 54 27 frän
251 950 90 23 Tisalmi
364 951 35 21 till
416 951 95 28 Kajana
526 950 43 23 har
585 950 199 30 Borgareständet
799 951 38 22 be-

89 986 74 27 slutit,
186 987 35 21 att
244 986 144 23 Ständernas
407 986 163 29 underdäniga
591 993 55 16 svar
661 987 13 22 å
690 986 45 23 den
752 985 87 30 nådiga

89 1023 172 28 propositionen
276 1023 8 21 i
300 1023 80 22 ämnet
395 1021 72 24 borde
484 1022 26 23 sä
526 1022 104 27 affattas,
647 1023 35 22 att
692 1022 146 29 Regeringen

89 1057 52 23 icke
157 1057 76 23 skulle
249 1064 58 16 vara
322 1059 8 21 i
345 1057 71 30 detalj
434 1057 96 23 bunden
547 1057 24 23 af
585 1057 134 24 Utskottets
735 1058 14 22 å
765 1057 42 24 sid.
826 1061 11 19 7

89 1093 132 29 framlagda
237 1100 110 22 program
360 1093 151 23 beträffande
521 1093 171 23 lokomotivens
704 1093 133 23 adhäsions-

88 1129 53 23 vikt
164 1129 43 23 och
231 1129 65 23 antal
319 1130 63 22 samt
401 1129 140 28 rälsvikten;
561 1136 55 16 men
632 1128 30 24 dä
677 1129 73 29 nägot
766 1130 73 22 annat

89 1164 70 24 ständ
175 1165 52 23 icke
243 1164 111 24 omfattat
369 1165 119 29 förslaget,
506 1165 65 23 torde
587 1165 65 23 detta
667 1165 107 29 yrkande
785 1165 52 23 icke

88 1200 57 23 böra
161 1200 120 23 föranleda
296 1201 78 29 nägon
390 1200 90 30 ätgärd.

160 1236 45 23 Vid
221 1236 176 30 behandlingen
414 1236 24 23 af
452 1236 134 24 Utskottets
603 1236 14 23 å
632 1236 60 23 sidd.
709 1240 87 20 20—21
814 1236 25 23 af

89 1272 161 23 betänkandet
265 1274 123 28 upptagna
403 1272 89 30 förslag
507 1272 149 23 beträffande
672 1279 29 16 en
713 1272 60 23 bana
784 1272 54 28 frän

87 1308 114 28 Seinäjoki
225 1308 35 22 till
282 1308 154 23 Kristinestad
456 1308 44 23 har
516 1308 170 30 Ridderskapet
702 1308 44 23 och
763 1308 74 23 Adeln

88 1344 36 22 för
144 1344 36 22 sin
196 1344 37 22 del
249 1344 63 22 velat
328 1344 118 22 fastställa
461 1344 102 29 ungefär
579 1344 103 30 följande
698 1344 139 23 förändrade

87 1379 99 29 lydelse:

161 1416 48 27 »att
225 1415 53 23 från
293 1416 119 29 Seinäjoki
423 1416 87 22 station
522 1416 35 22 till
568 1416 157 22 Kristinestad
737 1422 29 16 en
773 1416 64 29 järn-

87 1453 54 27 väg,
160 1450 70 24 hvars
246 1454 108 20 närmare
370 1452 141 29 sträckning
526 1452 157 22 öfverlämnas
699 1452 35 22 till
751 1452 84 29 Styrel-
