1061 1631
333 148 28 23 U.
378 148 28 22 B.
421 160 28 4 —
465 147 74 29 Prop.
556 148 44 23 N:o
615 146 38 25 43.
841 146 26 22 18

111 219 72 18 större
207 216 186 29 betänkligheter
415 217 80 21 kuuna
518 216 92 22 anföras
634 219 61 19 emot
712 215 119 23 rubbande
847 216 26 21 af

111 246 42 38 ett:
166 251 131 28 äktenskap,
311 258 48 15 som
379 251 116 22 måhända
510 254 40 26 egt
565 251 98 21 bestånd
678 251 73 21 under
767 258 28 13 en
811 250 58 29 följd

112 285 27 21 af
158 285 26 21 år
206 285 43 22 och
269 285 90 22 kunnat
374 288 84 25 utgöra
473 285 145 28 grundvalen
634 285 38 21 för
687 292 28 14 en
730 285 38 21 hel
783 284 87 29 familjs

111 319 104 22 utkomst
236 319 43 22 och
294 320 75 28 lycka,
386 323 29 18 än
432 325 62 16 emot
509 323 35 18 att
559 319 107 22 betrakta
681 326 28 14 en
721 319 150 28 äktenskaps-

112 353 147 28 förbindelse,
275 354 94 21 hvilken
385 354 101 21 faktiskt
500 354 74 21 under
590 361 29 14 en
634 354 81 28 längre
728 354 35 21 tid
775 353 20 29 ej
809 361 62 14 mera

112 388 117 27 existerat,
253 389 74 21 såsom
355 389 125 28 rättsligen
508 389 99 28 upplöst.
640 389 75 21 Också
737 389 72 20 måste
832 387 39 22 det

113 423 75 21 såsom
210 423 63 28 regel
296 426 96 25 antagas
416 426 35 18 att
466 423 44 22 den
527 423 36 22 för
578 423 46 22 död
639 423 143 22 förklarades
798 422 73 26 make,

114 465 56 19 som,
186 458 96 21 oaktadt
297 457 43 22 full
355 458 89 21 visshet
460 466 36 14 om
514 459 44 20 den
571 458 138 21 försvunnes
721 457 46 22 död
779 457 92 24 saknas,

114 492 97 21 beslutit
233 493 36 28 sig
290 492 37 21 för
348 492 116 29 ingående
487 492 26 22 af
532 495 34 18 ett
586 495 54 26 nytt
663 492 134 27 äktenskap,
821 491 50 22 icke

114 533 64 15 mera
193 527 88 21 känner
297 527 36 28 sig
348 527 25 21 sä
391 530 57 18 nära
464 526 130 22 förbunden
609 526 53 21 med
678 526 43 21 den
737 526 134 25 försvunne,

115 563 35 19 att
165 561 215 28 upprätthällandet
403 561 27 21 af
448 561 40 21 det
510 568 47 21 nya
575 561 153 28 äktenskapet
743 567 54 15 vore
812 560 61 22 före-

115 595 58 22 nadt
196 595 51 22 med
270 596 89 28 sedliga
381 595 126 22 konflikter
529 595 36 22 för
588 595 91 26 honom,
700 603 37 14 om
760 595 44 21 den
827 595 46 22 för-

115 637 90 14 svunne
220 630 70 21 sedan
307 630 73 21 skulle
397 630 134 21 ätervända.

184 664 69 21 Hvad
276 665 49 20 åter
347 664 145 21 vidkommer
514 664 142 29 stadgandet
676 665 8 20 i
707 666 26 20 15
756 666 10 27 $
783 667 35 19 att
833 665 40 21 det

116 707 80 13 senare
212 699 152 28 äktenskapet
382 699 72 21 borde
470 699 87 28 ätergä,
573 699 51 21 ifall
640 699 133 28 nägondera
788 699 84 22 maken

116 733 9 21 i
140 733 63 22 detta
219 733 128 29 äktenskap
362 733 86 22 sädant
464 734 77 27 yrkar,
557 733 70 21 hafva
642 733 62 21 olika
721 733 85 29 äsigter
821 733 50 22 här-

116 768 99 21 utinnan
231 768 78 21 blifvit
330 768 61 21 inom
409 768 122 21 Utskottet
545 767 111 22 uttalade.
686 767 35 22 En
739 767 36 22 del
791 768 26 21 af
829 768 44 22 Ut-

116 802 99 21 skottets
237 802 148 21 medlemmar
407 802 43 21 har
468 802 64 21 velat
547 801 125 29 godkänna
687 802 186 29 propositionens

117 837 177 28 ifrägavarande
311 837 153 28 bestämning,
481 836 97 21 emedan
595 836 45 22 den
656 836 35 21 för
706 836 45 21 död
762 836 111 23 förklara-

117 871 40 21 des
174 871 126 21 återkomst
315 873 55 19 utan
387 871 84 21 tvifvel
487 871 78 21 kunde
573 871 123 21 framkalla
706 871 169 26 förhållanden,

117 905 90 28 egnade
231 908 34 19 att
287 905 71 29 skapa
381 905 291 29 samvetsbetänkligheter
692 905 35 22 för
742 906 109 21 makarne
868 906 7 20 i

118 940 41 21 det
173 947 80 14 senare
269 940 154 29 äktenskapet
439 943 36 18 att
490 940 97 21 fortfara
602 940 52 21 med
666 940 132 22 detsamma.
819 940 57 21 Der-

118 978 62 18 emot
203 974 70 21 hafva
296 974 71 21 andra
388 974 129 21 ledamöter
539 975 8 20 i
566 974 122 22 Utskottet
704 977 75 18 ansett
795 975 80 21 äkten-

118 1009 93 28 skapets
234 1009 69 28 helgd
327 1009 77 21 fordra
430 1011 34 19 att
480 1009 40 21 det
534 1016 80 14 senare
630 1009 153 28 äktenskapet
799 1009 77 21 blefve

121 1043 162 26 beständande,
300 1043 129 22 oberoende
445 1043 67 21 deraf
525 1043 115 22 huruvida
649 1043 132 28 någondera
791 1044 84 21 maken

119 1078 8 21 i
148 1077 64 22 detta
235 1077 127 29 äktenskap
386 1077 104 22 önskade
512 1077 24 22 få
558 1078 128 21 detsamma
711 1078 93 28 upplöst
819 1078 56 21 eller

118 1112 60 26 icke;
201 1112 44 21 och
266 1112 41 21 har
329 1112 37 21 till
382 1112 52 22 stöd
449 1113 38 20 för
502 1113 75 21 denna
593 1112 95 29 mening
700 1112 87 29 jemväl
803 1113 72 21 fram-

118 1146 86 26 hållits,
221 1149 34 19 att
277 1150 34 18 ett
333 1146 172 30 godkännande
529 1147 26 21 af
575 1147 203 28 bestämningarna
795 1147 7 21 i
819 1148 25 20 15
861 1148 14 27 8

118 1180 78 22 kunde
211 1181 52 21 leda
279 1181 85 21 derhän
382 1184 34 18 att
431 1181 41 21 det
487 1189 80 15 senare
583 1181 152 29 äktenskapet
750 1181 125 29 upplöstes,

118 1217 56 19 utan
197 1218 34 18 att
253 1216 40 20 det
313 1215 61 22 förra
390 1216 60 21 dock
466 1216 126 26 fortsattes,
608 1216 92 21 hvadan
716 1216 97 20 sålunda
829 1215 47 21 alla

119 1255 35 15 tre
169 1250 195 22 kontrahenterne
380 1250 76 22 blefve
472 1250 46 22 fria
528 1250 50 22 sina
595 1250 176 28 äktenskapliga
787 1250 88 21 förbin-

118 1284 80 21 delser.
231 1284 115 29 Slutligen
368 1284 42 22 har
426 1285 89 28 jemväl
531 1285 44 21 den
592 1285 61 28 åsigt
668 1284 102 27 uttalats,
787 1287 35 19 att
837 1292 36 14 om

117 1318 45 21 ock
184 1318 44 22 den
252 1319 36 21 för
310 1320 45 21 död
377 1319 145 22 förklarades
538 1320 128 21 återkomst
680 1319 77 21 kunde
772 1319 42 21 hos
831 1318 44 22 den

118 1352 99 29 omgifta
239 1354 84 21 maken
344 1354 70 21 alstra
434 1354 88 21 sådana
537 1353 288 29 samvetsbetänkligheter
840 1353 36 21 för

118 1387 41 21 det
173 1394 80 15 senare
269 1388 165 28 äktenskapets
450 1388 162 27 fortsättande,
627 1391 36 19 att
678 1388 116 21 desamma
805 1387 70 22 borde

118 1421 27 22 af
157 1422 147 28 lagstiftaren
320 1422 102 27 beaktas,
438 1422 62 22 slika
516 1422 186 29 betänkligheter
712 1422 103 21 deremot
824 1422 51 21 icke

117 1456 9 21 i
141 1463 88 15 samma
244 1456 57 29 grad
316 1457 78 21 kunde
409 1457 86 28 uppstå
510 1457 41 21 hos
568 1457 43 21 den
623 1457 71 21 andra
704 1457 81 21 maken
794 1457 7 21 i
811 1456 65 22 detta

189 1503 130 21 Lagutskottets
332 1503 110 18 betänkande
457 1505 36 15 N:o
506 1504 28 16 14.
