1061 1631
460 127 40 22 N:o
517 128 32 20 33.
843 126 12 20 5

452 197 21 21 I
488 197 75 20 KAP.

293 249 46 20 Om
354 250 120 23 fredning
490 250 49 19 och
555 249 160 22 fiskeskydd.

476 312 24 20 11
517 311 18 28 8.

195 351 73 22 Under
287 352 58 21 tiden
360 352 49 21 från
425 352 77 27 lördag
517 351 59 22 afton
592 351 91 21 klockan
699 356 37 15 sex
751 349 34 22 till
800 349 81 26 söndag

126 385 59 22 afton
200 386 91 21 klockan
307 393 36 14 sex
358 387 59 25 eller,
433 386 37 21 der
480 386 79 21 sådant
568 385 78 22 varder
656 385 102 21 särskildt
767 383 113 26 bestämdt,

124 420 35 21 till
175 420 92 27 måndag
282 421 59 21 afton
356 421 92 21 klockan
464 427 37 15 sex
514 420 35 21 må
559 421 18 26 ej
588 419 144 28 någonstädes
742 419 61 21 idkas
815 419 66 20 annat

124 454 54 22 fiske
197 457 27 19 än
242 455 48 21 med
305 455 155 27 krokredskap.
490 455 73 22 Under
578 455 66 27 sagda
658 454 32 22 tid
705 453 56 22 skall
775 452 105 23 fiskeverk

126 490 39 21 och
188 493 45 19 stor
253 491 67 26 ryssja
338 490 70 21 hållas
423 490 92 27 öppnad,
531 490 24 21 så
570 492 32 19 att
616 489 67 22 fisken
698 489 40 21 har
753 488 27 21 fri
795 494 85 21 genom-

125 524 63 27 gång,
204 528 56 18 samt
275 525 28 21 all
319 531 69 14 annan
405 525 89 21 stående
506 525 90 26 redskap
607 524 49 21 med
666 523 110 27 undantag
786 523 23 21 af
818 523 62 20 katsa

125 565 51 15 vara
191 563 107 23 upptagen
314 559 46 22 från
376 562 90 19 vattnet.

192 594 69 21 Katsa
277 594 55 21 skall
347 594 67 21 under
430 600 30 15 nu
470 594 78 21 nämda
559 593 37 26 tid,
608 593 23 21 så
642 593 39 21 ock
692 593 65 21 sedan
768 591 111 28 regelbun-

123 628 37 21 det
175 628 104 27 vittjande
294 628 23 21 af
331 629 124 20 densamma
471 628 98 27 upphört,
586 627 68 22 hållas
670 627 83 26 stängd.

191 663 45 21 Der
251 663 119 26 synnerliga
386 663 46 21 skäl
449 665 45 24 äro,
510 663 41 20 kan
566 662 70 27 någon
651 661 96 28 eftergift
762 661 46 21 från
820 660 57 22 hvad

122 697 39 20 här
184 697 63 21 ofvan
270 698 7 20 i
299 697 68 22 första
385 704 63 15 mom.
468 697 102 26 stadgats;
584 697 87 26 beviljas
687 697 48 20 med
751 695 97 22 afseende
865 696 12 21 å

121 730 53 22 fiske
189 731 7 21 i
213 731 41 21 viss
270 732 34 21 del
319 732 24 21 af
356 732 95 27 saltsjön.

473 796 25 20 12
515 795 18 28 8.

190 835 60 20 Inom
275 835 35 21 det
328 835 7 20 i
355 836 11 20 7
385 835 11 28 $
416 835 78 21 nämda
510 835 85 21 område
611 835 86 22 utanför
712 834 127 27 mynningen
855 833 22 22 af

121 868 124 22 laxförande
264 869 13 21 å
295 869 35 21 må
348 870 93 27 redskap
462 869 33 22 för
511 869 106 28 laxfångst
631 869 69 21 hållas
715 870 69 20 utsatt
799 868 77 22 endast

120 903 68 22 under
203 904 59 21 tiden
277 904 47 21 från
341 905 82 26 söndag
439 905 59 21 afton
515 905 89 21 klockan
621 911 37 15 sex
672 905 33 21 till
716 905 89 26 torsdag
815 903 59 22 afton

120 937 91 22 klockan
228 944 43 15 sex.

469 987 25 20 13
510 985 18 28 8.

189 1025 64 21 Utom
272 1025 6 21 i
298 1029 96 24 notvarp,
414 1032 46 15 som
476 1025 24 22 af
514 1025 58 22 ålder
587 1026 89 27 nyttjats
693 1025 132 22 uteslutande
841 1024 33 21 för

118 1059 191 26 strömmingsfiske
320 1060 52 21 eller
382 1060 94 27 lagligen
488 1061 105 20 utmärkts
604 1060 33 21 för
647 1061 44 20 lax-
702 1060 53 21 eller
762 1059 113 27 sikfängst,

118 1099 51 15 vare
184 1093 68 22 under
268 1094 141 27 islossningen
419 1095 41 20 och
471 1094 93 22 derefter
575 1095 55 20 intill
641 1094 39 21 den
694 1096 8 19 1
714 1094 45 21 Juli
770 1094 39 21 allt
819 1093 53 22 fiske

118 1127 48 23 med
181 1134 70 16 annan
268 1129 66 27 rörlig
349 1129 149 27 garnredskap
514 1131 26 19 än
555 1129 39 22 håf
607 1129 115 27 förbjudet.

186 1163 34 21 Nu
236 1164 79 21 nämda
329 1164 172 27 fridlysningstid
517 1164 40 21 kan
573 1164 33 21 för
621 1164 57 21 vissa
694 1164 59 21 delar
768 1164 23 21 af
800 1164 72 21 landet

119 1198 53 20 eller
186 1198 51 21 visst
253 1199 125 27 vattendrag
394 1199 112 26 förlängas
522 1199 47 21 med
584 1200 63 26 högst
662 1199 78 27 fjorton
756 1199 71 27 dagar.

185 1232 42 21 För
243 1232 70 27 fångst
329 1233 24 21 af
366 1233 79 27 siklöja
461 1234 35 21 må
512 1234 52 21 dock
579 1233 54 22 efter
645 1234 39 21 den
697 1234 24 20 15
732 1233 50 22 Juni
793 1233 13 21 å
816 1232 55 28 fjärd

117 1267 51 21 eller
185 1268 36 20 vid
239 1270 69 25 öppen
327 1269 75 21 strand
418 1269 7 21 i
442 1271 72 19 vatten
530 1272 50 18 utan
596 1269 149 21 bottenväxter
761 1268 110 22 användas

114 1301 93 27 flytande
223 1305 46 23 not;
286 1303 39 21 och
341 1309 52 15 vare
409 1303 160 27 drifgarnsfiske
585 1304 7 21 i
608 1304 72 21 hafvet
696 1304 70 20 städse
783 1303 86 21 tillåtet.

466 1369 26 19 14
508 1367 18 27 8.

182 1399 74 22 Under
271 1401 149 22 nedannämda
434 1402 57 21 tider
508 1408 48 16 vare
572 1402 93 27 följande
680 1402 86 27 fiskslag
781 1402 88 21 fredade

115 1433 40 21 och
171 1434 28 21 all
215 1434 72 28 fångst
303 1435 23 21 af
339 1435 81 22 sådana
436 1436 119 28 förbjuden,
572 1437 117 27 nämligen:
