1061 1631
173 120 15 22 4
356 120 84 23 Ständ.
457 120 39 23 Sv.
511 133 28 3 —
554 120 75 29 Prop.
646 121 42 23 N:o
703 120 38 23 39.

243 192 213 29 Bestämningarna
477 192 9 21 i
514 192 14 21 6
554 193 13 26 $
586 192 24 21 af
636 192 173 29 propositionen
835 192 44 22 N:o
899 192 31 22 15

173 227 72 22 hafva
273 227 23 21 af
320 226 131 23 Ständerna
469 227 9 21 i
495 226 134 22 hufvudsak
646 226 117 29 godkänts
781 226 43 22 och
842 226 90 22 influtit

174 262 75 21 såsom
277 261 16 22 4
318 262 13 26 &
349 261 9 22 i
376 261 45 22 den
440 261 22 22 af
482 260 132 23 Ständerna
632 263 102 26 antagna
752 261 77 29 lagen.
865 261 66 22 Dock

173 295 43 22 har
234 295 83 22 dervid
335 295 8 22 i
362 296 12 21 1
394 303 67 14 mom.
480 295 114 28 vidtagits
612 303 29 14 en
659 295 88 22 mindre
761 295 170 29 omredigering

173 330 36 21 för
227 331 37 21 att
281 329 118 29 tydligaro
416 329 112 29 uttrycka
545 331 137 20 momentets
695 329 168 30 tillämplighet
875 330 55 29 jem-

173 364 39 22 väl
235 365 14 20 &
271 364 96 29 saltsjön
390 364 96 22 utanför
504 367 75 26 öppen
597 364 81 21 strand
696 364 43 22 och
757 367 65 19 utom
840 364 90 22 skären.

173 399 34 22 Ur
235 399 14 21 2
279 406 67 15 mom.
373 399 49 21 äter
448 399 44 21 har
518 398 41 21 der
583 398 116 29 ingäende
720 398 210 29 preklusionsstad-

173 433 84 29 gande,
279 433 8 22 i
306 433 113 22 anseende
439 433 37 22 till
494 433 41 21 sitt
553 436 58 19 nära
629 433 113 22 samband
760 433 52 22 med
830 433 100 22 bestäm-

172 467 118 29 ningarna
317 475 35 14 om
371 467 138 30 uppgående
528 467 24 22 af
569 467 120 22 räskilnad
707 467 8 22 i
733 469 88 26 vatten,
841 467 89 28 förflyt-

173 504 47 20 tats
247 502 60 21 efter
331 501 67 23 dessa
419 503 75 20 såsom
516 509 29 14 en
563 501 100 22 särskild
681 502 109 28 paragraf
809 502 24 27 (8
853 501 30 29 8).
918 501 12 22 I

173 536 80 22 stället
280 536 42 22 har
347 537 9 21 i
380 537 14 20 2
413 544 68 14 mom.
499 537 74 28 gjorts
592 538 34 19 ett
643 535 85 30 tillägg
747 543 36 15 om
801 536 129 21 urminnes-

172 570 85 28 häfd,
245 566 16 37 i
276 571 61 28 syfte
354 573 36 19 att
406 571 24 21 få
448 570 92 22 uttalad
557 571 121 28 principen
696 578 37 14 om
749 573 36 19 att
796 570 133 28 fiskeställe,

172 605 37 22 för
235 607 37 20 att
297 605 81 22 kunna
404 613 85 20 genom
509 604 73 22 sädan
600 604 56 22 häfd
674 605 121 27 försvaras,
813 605 42 21 bör
873 612 56 14 vara

173 639 38 22 till
228 639 53 22 sina
302 643 96 25 gränser
415 639 168 28 erforderligen
600 639 123 22 bestämdt.
759 639 111 22 Deremot
886 639 44 22 har

173 674 152 29 paragrafens
344 674 13 21 3
376 681 66 14 mom.
461 674 75 21 säsom
553 673 149 29 öfverflödigt
719 673 146 22 utelemnats.

241 708 38 21 Då
292 709 36 20 12:
339 708 38 22 4J.
393 708 27 21 B.
430 708 99 21 lemnats
539 707 146 28 oförändrad,
696 708 42 21 har
743 707 129 30 nästsagda
878 715 50 22 pro-

173 742 115 29 positions
311 743 13 20 7
344 744 19 27 &,
382 750 50 14 som
449 742 130 22 innehåller
597 742 28 22 de
644 742 7 21 i
669 742 86 21 nämda
767 742 91 29 lagrum
870 742 58 22 före-

171 776 96 29 fintiiga
284 777 146 28 stadganden
448 784 36 15 om
503 776 142 29 tillandning
663 776 44 21 och
724 777 137 26 flottholme,
876 776 51 22 icke

172 811 123 29 upptagits
315 811 9 22 i
345 811 39 22 det
402 811 23 22 af
443 811 132 22 Ständerna
594 813 102 27 antagna
713 811 159 29 lagförslaget.

242 846 16 21 8
278 847 13 26 $
309 846 8 21 i
335 853 87 14 samma
439 845 145 30 proposition
600 848 128 19 motsvaras
744 845 23 22 af
781 846 13 21 9
809 847 13 26 8
834 846 8 21 i
855 845 72 29 sagda

172 880 89 29 förslag
279 880 43 21 och
340 880 127 22 behandlas
485 880 80 29 längre
583 880 65 21 fram.

241 914 191 29 Propositionens
468 915 6 20 9
502 915 13 26 $
545 915 10 21 1
577 921 67 15 mom.
668 914 43 22 har
728 915 30 28 pä
776 914 58 28 skäl,
853 921 47 15 som
918 914 10 22 i

173 948 44 23 den
244 949 160 29 underdäniga
431 949 204 22 svarsskrifvelsen
661 949 9 21 i
688 949 128 28 anledning
835 949 24 21 af
876 956 51 21 pro-

172 983 133 29 positionen
323 983 43 22 N:o
386 984 30 21 15
435 983 146 28 framhållits,
600 983 145 22 utelemnats.

240 1017 134 22 Innehället
400 1019 23 21 af
448 1018 14 21 9
484 1019 13 26 $
519 1018 13 21 2
552 1025 66 14 mom.
637 1017 70 22 hafva
725 1017 133 22 Ständerna
875 1018 51 21 icke

171 1052 94 22 kunnat
285 1052 137 29 obetingadt
442 1051 132 30 godkänna.
609 1052 127 29 Uttrycket
761 1052 166 29 ,odisponerad

171 1087 138 28 kronojord*
329 1087 41 21 har
388 1094 28 14 en
435 1087 26 21 sä
478 1087 131 21 vidsträckt
621 1086 120 28 innebörd,
752 1089 35 19 att
799 1087 128 22 detsamma

172 1121 111 22 omfattar
307 1121 51 22 icke
380 1121 62 22 blott
459 1121 102 22 kronans
579 1123 64 20 utom
660 1121 148 29 bygdelagen
827 1121 100 29 belägna

171 1156 87 28 skogar
285 1156 43 22 och
354 1156 141 27 ödemarker,
516 1158 58 19 utan
591 1156 44 22 ock
652 1156 28 21 de
699 1156 62 21 inom
780 1156 147 28 bygdelagen

171 1190 52 21 frän
241 1190 108 22 enskilda
366 1190 135 30 lägenheter
520 1190 103 22 afrösade
642 1190 163 29 skogsmarker
817 1193 60 19 samt
888 1198 38 21 ge-

170 1232 55 14 nom
245 1225 123 28 aivittring
385 1225 123 21 tillkomna
525 1224 215 30 öfverloppsjordar.
776 1225 37 21 Dä
825 1225 102 21 emeller-

171 1258 35 22 tid
223 1259 76 29 nägra
320 1259 102 22 erkända
440 1259 75 29 regler
532 1259 52 21 icke
602 1259 66 21 torde
685 1259 77 29 gifvas
781 1258 145 23 beträffande

171 1292 45 23 den
243 1296 49 19 rätt
319 1294 245 28 kronoallmänningar
587 1293 43 22 och
650 1294 97 27 holmar,
764 1294 82 21 hvilka
863 1294 64 28 legat

170 1328 64 21 inom
253 1328 213 28 samfälligheterna
484 1328 43 22 och
543 1328 40 21 vid
595 1328 130 22 storskiftet
738 1328 106 28 afrösats,
857 1328 70 22 hafva

170 1362 37 21 till
235 1362 162 27 angränsande
421 1365 88 25 vatten,
528 1365 59 19 samt
605 1362 112 22 afvittrad
735 1362 191 30 öfverloppsjord,

170 1396 63 22 helst
257 1396 45 22 den
319 1396 51 22 icke
388 1396 43 22 har
448 1398 72 27 något
537 1397 112 22 skattetai
666 1398 37 28 sig
721 1397 100 29 päiördt,
840 1398 21 28 sj
880 1398 45 21 kan

170 1438 68 14 anses
266 1431 70 22 hafva
362 1432 78 28 nägon
466 1433 48 20 rätt
540 1432 38 21 till
602 1431 187 29 samfälligheten
810 1432 116 28 tillhörigt
