1061 1631
310 126 84 22 Ständ.
412 125 39 23 Sv.
467 138 29 4 —
511 126 73 27 Prop.
602 125 42 23 N:o
661 125 37 23 39.
871 126 13 21 3

127 199 63 21 inom
217 205 77 14 annan
321 198 44 28 bys
386 198 73 27 mark,
480 198 47 21 kan
545 198 51 21 icke
616 197 91 22 anföras
726 198 75 21 såsom
818 197 65 23 bevis

127 233 35 22 för
183 235 34 19 att
241 232 44 21 den
307 232 63 22 förra
388 233 8 20 i
417 232 65 21 tiden
501 232 74 21 skulle
593 232 62 21 varit
673 232 97 29 afgärda
788 232 32 28 by
842 239 41 14 un-

127 267 40 21 der
185 267 45 21 den
249 274 87 14 senare.
372 267 48 21 För
438 267 97 28 afgärda
553 267 58 28 byar
630 270 25 18 är
673 267 50 21 åter
740 266 143 29 stadgandet

127 301 134 28 obehöfligt,
283 301 77 22 såvidt
384 301 37 21 19:
446 301 14 21 2
479 301 27 21 B.
525 301 27 22 B.
572 301 143 22 fortfarande
734 301 82 22 förblir
833 301 50 29 gäl-

126 336 75 27 lande,
221 349 26 2 —
266 335 91 22 oafsedt
385 337 35 20 att
444 335 88 22 sådana
549 335 59 29 byar
626 335 52 22 icke
697 335 66 22 torde
781 335 75 22 finnas
873 335 9 22 i

125 370 87 22 landet.
249 370 156 21 Omförmälda
423 370 281 29 undantagsbestämning
715 369 43 22 har
770 369 77 22 derför
859 370 24 21 af

127 405 130 21 Ständerna
279 405 125 21 uteslutits.
440 404 51 22 Den
516 404 73 22 andra
606 404 9 21 i
634 405 137 28 paragrafen
789 404 93 22 införda

125 439 318 28 undantagsbestämningen,
462 446 36 15 om
517 439 84 28 urfjäll,
620 439 68 28 följer
704 439 49 21 åter
766 439 23 21 af
801 439 80 28 lagens

127 473 116 22 allmänna
264 473 158 28 grundsatser,
442 473 8 22 i
471 473 104 29 enlighet
593 473 111 22 hvarmed
722 473 80 29 urfjäll
821 473 60 22 skall

126 515 56 14 vara
199 507 37 22 till
254 508 35 21 sin
309 508 141 28 omfattning
468 515 62 21 noga
548 507 104 22 bestämd
670 507 43 22 och
725 508 9 21 i
747 507 108 22 afseende
867 509 14 20 &

126 542 117 28 byamälet
261 545 25 18 är
304 544 36 19 att
357 541 111 23 hänföras
487 543 37 20 till
542 542 45 21 den
607 542 36 28 by,
663 542 35 21 dit
710 541 46 22 den
767 542 49 28 hör,
829 542 52 22 icke

125 577 37 21 till
189 577 52 26 den,
268 577 63 21 inom
357 577 70 21 hvars
454 580 70 25 gräns
548 577 44 21 den
612 577 86 28 ligger;
723 576 95 22 hvarför
836 577 43 21 och

127 619 48 14 som
201 611 142 28 stadgandet
369 611 36 21 för
424 611 72 28 öfrigt
519 611 124 22 återfinnes
666 611 8 21 i
692 611 31 22 46
744 612 13 26 8
777 611 14 21 9
812 619 66 14 mom.

126 645 23 22 af
175 645 108 29 gällande
310 645 298 29 landtmäterireglemente,
637 645 128 22 detsamma
791 647 88 20 ansetts

128 680 79 21 kunna
225 681 62 27 utgä.

193 714 103 21 Emedan
325 713 122 22 osäkerhet
474 714 61 21 varit
555 714 103 21 rädande
679 721 37 14 om
733 716 64 19 rätta
814 714 65 29 bety-

125 748 77 22 delsen
230 749 23 21 af
280 749 39 21 det
345 748 8 21 i
376 749 38 20 12:
433 748 16 21 4
467 748 22 22 J.
508 749 27 21 B.
553 748 115 29 ingäende
687 748 140 29 stadgandet
845 751 35 20 att

125 791 37 14 om
186 783 31 28 by
240 783 76 28 ligger
337 783 40 21 vid
402 783 77 21 ändan
499 783 55 21 eller
572 784 13 21 &
603 783 50 22 sido
672 783 39 22 vid
730 785 64 20 stora
811 783 67 29 sjöar,

127 825 55 21 »ege
200 818 25 21 tä
242 818 9 21 i
269 818 34 28 sjö
323 817 57 22 eller
397 817 79 22 holma
488 817 59 22 efter
558 818 90 28 rägäng
661 817 43 22 och
716 817 93 22 bolstad
821 817 56 28 sin",

125 852 42 21 har
190 852 45 21 den
257 852 7 21 i
286 852 187 28 propositionens
502 853 14 20 3
543 853 14 26 $
584 852 142 21 härutinnan
744 851 134 22 meddelade

124 886 173 29 förtydligande
316 886 179 29 bestämningen
508 886 44 21 fätt
564 886 8 21 i
584 886 151 29 lagförslaget
747 886 84 29 inflyta
843 887 35 21 sä-

125 928 48 15 som
195 921 10 21 1
226 922 19 27 8,
265 920 60 22 dock
343 920 52 22 med
413 928 29 14 en
461 921 171 28 omstilisering,
646 921 123 28 äsyftande
782 921 49 21 dels
843 923 35 19 att

124 959 105 18 närmare
248 955 104 28 anknyta
371 955 45 21 den
434 955 65 29 gifna
518 955 158 28 förklaringen
694 955 37 22 till
749 955 129 22 innehället

123 990 9 21 i
153 990 36 21 12:
208 990 15 21 4
241 989 22 22 J.
282 990 34 27 B.,
336 989 49 22 dels
404 992 35 19 att
457 989 77 22 tillika
552 990 24 21 få
593 989 188 29 samhörigheten
793 989 84 22 mellan

123 1026 92 19 vattnet
233 1023 43 22 och
295 1024 44 21 den
352 1024 116 21 derunder
486 1024 109 28 liggande
613 1024 107 29 grunden
732 1024 144 22 framhällen.

192 1058 42 22 Uti
260 1058 152 22 förevarande
436 1058 128 29 lagförslag
584 1059 70 21 hafva
672 1059 76 21 säsom
767 1059 14 20 2
800 1058 43 22 och
862 1059 14 20 3

124 1094 28 25 $$
182 1093 97 28 intagits
314 1093 8 21 4
350 1093 43 21 och
422 1093 14 21 5
462 1094 28 26 $$
514 1093 34 21 uti
571 1093 175 28 propositionen
770 1093 43 21 N:o
839 1093 38 27 15,

123 1127 71 22 sedan
220 1127 116 22 desamma
363 1127 165 22 underkastats
549 1128 72 28 några
640 1131 85 18 smärre
744 1127 131 29 ändringar.

124 1162 31 21 Sä
172 1162 42 21 har
231 1162 9 21 i
258 1162 79 21 stället
354 1162 36 22 för
402 1162 121 28 uttrycket
536 1162 103 28 ,vanligt
651 1162 50 28 lågt
711 1161 164 23 vattenstånd”

123 1196 115 22 användts
264 1196 104 28 ,vanligt
388 1196 173 28 vattenstånd",
579 1196 91 22 hvilket
689 1196 65 22 torde
771 1200 106 18 närmare

123 1231 94 28 angifva
236 1230 39 22 det
293 1230 74 22 under
385 1234 73 18 större
477 1231 68 21 delen
563 1231 23 22 af
604 1232 50 20 året
671 1231 103 22 rådande
786 1233 91 19 vatten-

122 1265 101 27 ståndet;
255 1265 65 21 ordet
351 1265 246 29 ,strandäganderätt"
631 1265 43 22 har
703 1266 92 28 utbytts
828 1268 49 19 mot

123 1299 225 29 nlandgrundsrätt*,
375 1300 75 22 såsom
478 1308 62 14 mera
567 1300 129 28 expressivt
723 1300 43 22 och
787 1299 89 29 ankny-

122 1334 69 21 tande
210 1334 36 28 sig
264 1334 37 21 till
319 1334 40 21 det
373 1334 138 22 häfdvunna
523 1334 120 29 uttrycket
654 1334 143 28 landgrund;
809 1334 67 22 hvar-

121 1368 69 29 jemte
209 1368 14 21 2
242 1376 67 14 mom.
326 1368 23 22 af
366 1368 146 22 förstnämda
530 1369 109 28 paragraf
658 1369 165 29 omredigerats
841 1368 35 22 för

121 1404 36 20 att
174 1403 8 21 i
199 1405 179 25 vattenegarens
403 1404 99 20 intresse
528 1404 71 28 något
622 1403 129 22 inskränka
774 1403 101 29 tillämp-

120 1437 88 29 ningen
227 1437 23 21 af
268 1437 39 22 det
325 1444 47 22 nya
391 1438 127 28 begreppet
537 1440 61 27 ,stor
615 1437 82 29 fjärd".
