1061 1631
869 95 25 20 15

97 163 550 9 —
311 148 71 33 nn
383 148 20 33 —<k
456 148 79 33 ne
550 148 100 33 ——--—

625 187 65 22 Enligt
700 188 56 17 stats-
765 181 8 32 |
782 186 8 17 I
803 185 58 23 årligt
872 190 36 13 me-

625 215 92 23 förslaget
729 215 29 18 för]
797 215 58 18 deltal
868 214 29 17 för

649 244 21 17 år
683 245 50 17 1900.
789 243 119 18 1901—1904.
923 266 2 2 |

646 297 42 31 TM
736 297 27 31 ni
802 297 43 31 Fr
892 302 23 21 ni

497 393 101 23 Transport
611 388 2 22 |
623 388 102 26 15,426,290]
737 393 22 17 05
766 384 9 36 |
779 393 102 21 16,366,000|
893 402 22 2 —

232 464 82 17 Sjunde
328 465 156 14 Hufvudtiteln.

118 519 186 22 Förvaltningsgrenar
316 525 21 10 m.
350 525 26 14 m.,
390 525 35 11 som
441 519 75 21 hänföra
531 519 27 23 sig
573 519 27 17 till

153 553 247 22 Ecklesiastikewpeditionen,
425 566 4 4 .
454 566 4 4 .
482 567 5 4 so
512 567 4 4 .
539 567 4 4 .
568 567 3 3 .
596 567 4 4 .|
636 553 125 22 6,355,786/42
826 563 21 2 —
896 563 21 2 —

118 599 9 18 I
140 599 143 18 Universitetets
297 600 38 16 stat
347 599 81 18 kommer
436 604 23 13 en
466 599 135 22 jemförelsevis

152 633 83 23 betydlig
254 633 82 22 stegring
354 635 30 16 att
402 638 34 17 ega
452 639 40 12 rum
505 633 5 17 i
523 633 47 22 följd
583 633 20 17 af

153 667 138 23 professionens
299 667 5 17 i
311 667 162 22 civillagfarenhet
480 667 34 18 och
520 667 82 18 romersk

153 703 39 16 rätt
205 701 74 22 delning
293 702 33 17 och
339 701 117 18 anställande
469 701 30 18 vid
510 701 92 22 juridiska
615 699 2 10 |

154 736 104 17 fakulteten
278 735 20 18 af
315 741 22 12 en
356 736 61 22 tredje
435 736 85 22 adjunkt,
538 741 64 17 genom

155 769 146 18 extraordinarie
314 769 136 23 professionens
464 775 5 11 i
480 770 74 22 hygieni
567 775 35 12 om-

154 803 86 19 bildande
259 803 30 18 till
310 804 92 17 ordinarie
420 803 182 26 professorsembete,

155 844 63 17 genom
231 838 106 18 inrättande
347 838 20 18 af
374 843 23 12 en
406 839 147 17 extraordinarie
562 845 41 16 pro-
929 838 2 17 |

155 873 69 18 fession
237 873 5 16 i
255 873 69 17 slavisk
336 872 69 23 filologi
418 874 48 16 samt
476 873 89 17 särskildt
573 878 30 17 ge-
617 885 2 7 |

155 912 41 13 nom
213 907 88 22 ätgärder
319 907 31 17 till
366 907 127 22 befrämjande
510 907 21 17 af
541 909 63 16 veten-

155 941 73 22 skaplig
240 941 97 22 forskning
345 941 34 17 och
387 941 132 22 undervisning
528 941 5 17 i
543 941 22 18 de
574 941 30 18 till

155 975 121 18 landtbruket
290 975 82 18 hörande
389 975 113 22 läroämnen,
516 976 5 17 i
533 976 72 17 hvilket

156 1010 87 18 afseende
261 1012 68 15 tvänne
348 1010 126 22 professioner
491 1010 33 17 och
537 1011 67 17 tvänne
930 1020 2 13 i

156 1045 122 22 adjunkturer
286 1044 96 18 blifvittill
392 1045 107 17 inrättande
506 1045 98 22 påbjudna,

155 1079 41 17 med
204 1079 65 17 hvilka
277 1079 114 17 sistnämnda
400 1079 100 17 lärostolar
507 1079 44 17 böra
558 1079 47 17 före-
889 1079 2 14 I

156 1118 33 13 nas
197 1113 67 22 nödiga
269 1113 123 18 laboratorier
398 1113 34 18 och
438 1113 116 18 försöksfält.
562 1113 43 17 För-
619 1124 2 10 |

156 1148 55 22 höjda
224 1148 65 22 anslag
301 1148 53 17 torde
365 1148 68 22 jemväl
446 1149 55 21 tagas
511 1148 5 16 i
526 1147 80 23 anspråk
620 1144 1 3 |

156 1182 29 17 för
194 1182 217 17 elementarläroverken.
428 1182 149 22 Tillämpningen
586 1182 21 17 af

157 1216 22 17 de
194 1216 29 17 för
240 1216 138 22 seminarierna,
392 1216 75 22 jemlikt
482 1216 67 22 nädiga
562 1216 44 17 kun-

156 1250 84 22 görelsen
257 1251 35 17 den
310 1252 21 16 14
343 1251 38 17 Juli
396 1251 49 22 1899,
458 1250 102 18 faststälda
571 1256 35 17 nya

156 1286 84 16 staterna
249 1284 86 23 päkallar
344 1284 54 18 äfven
407 1290 23 12 en
439 1285 91 18 successiv
539 1285 67 22 ökning

157 1319 20 17 af
194 1318 85 23 utgifter.
303 1319 40 22 Nya
363 1320 34 16 och
416 1319 58 18 ökade
494 1320 65 22 bidrag
577 1320 30 17 till
931 1314 2 21 |

157 1353 72 22 privata
243 1353 167 23 skolinrättningar
422 1354 60 18 mäste
496 1354 111 18 förutsättas
931 1337 2 52 |

157 1388 138 22 ifrågakomma.
320 1388 7 17 I
341 1389 99 22 anledning
455 1389 21 18 af
487 1390 55 17 väckt
554 1389 53 23 fråga
621 1394 2 11 |
931 1406 2 26 |

932 1433 1 17 |

504 1432 102 21 Transport
629 1432 102 21 |21,782,076|
744 1432 22 16 47
773 1427 9 31 |
787 1431 101 21 16,366,000|
901 1440 22 2 —
