1061 1631
208 120 13 19 6
514 118 39 22 N:o
570 120 34 20 33.

250 186 43 27 lax,
309 187 47 22 med
372 187 36 22 det
423 187 7 21 i
445 188 13 21 8
474 187 10 27 &
497 187 34 22 för
541 187 155 28 tajmenfångst
706 187 105 28 stadgade
821 187 119 28 undantag,

180 221 7 22 i
208 221 42 22 alla
273 221 130 28 vattendrag
425 224 61 19 utom
505 221 89 28 Ladoga
613 222 39 21 och
667 222 90 27 saltsjön
773 221 48 22 från
838 221 39 22 och
892 222 48 21 med

181 256 41 21 den
241 257 8 20 1
272 255 125 28 September
412 256 32 21 till
460 256 40 22 och
515 257 48 21 med
580 256 40 22 den
637 257 27 21 30
680 256 70 27 April;
767 256 54 22 dock
836 256 33 21 får
884 258 57 20 mete

181 290 23 21 af
217 291 35 21 lax
267 291 62 21 idkas
344 291 55 21 intill
415 291 41 22 den
474 292 25 21 15
515 291 133 28 September;

251 325 83 27 röding,
350 327 60 20 utom
425 325 7 22 i
447 325 95 28 Ladoga,
557 325 47 22 från
614 326 39 21 och
666 326 48 21 med
725 326 40 21 den
780 327 23 20 15
815 325 126 28 September

182 359 33 21 till
231 359 39 22 och
285 359 49 22 med
349 360 41 21 den
408 362 25 19 14
449 360 106 27 Oktober;

251 393 52 22 harr
318 393 46 22 från
380 394 39 21 och
435 395 49 21 med
499 395 40 22 den
557 396 9 20 1
579 395 43 28 Maj
634 395 32 21 till
677 395 39 21 och
726 395 48 21 med
786 395 41 21 den
841 396 25 20 14
877 394 63 27 Juni;

251 428 34 21 sik
305 427 47 22 från
373 429 39 21 och
428 429 48 21 med
492 429 40 22 den
551 431 8 20 1
577 429 97 22 Oktober
689 429 32 21 till
737 429 39 21 och
792 429 48 21 med
856 429 40 21 den
914 429 27 21 30

182 462 121 22 November
326 463 7 20 i
354 463 90 28 saltsjön
468 463 39 22 och
525 463 47 22 från
594 463 38 22 och
647 463 49 22 med
711 463 41 22 den
770 464 9 20 1
797 463 96 21 Oktober
909 463 32 21 till

183 497 39 21 och
237 497 49 21 med
303 497 40 22 den
358 499 25 20 31
401 497 92 22 Januari
508 498 7 21 i
530 497 68 28 öfriga
613 497 142 28 vattendrag;

252 531 80 22 braxen
356 531 46 22 från
423 532 39 21 och
482 532 47 21 med
545 532 41 21 den
604 534 9 19 1
631 532 41 27 Maj
689 531 33 22 till
737 531 40 22 och
792 532 49 21 med
857 531 40 22 den
913 532 29 20 30

182 565 62 27 Juni;
261 568 56 19 samt

253 602 39 25 gös
307 601 69 21 under
391 601 48 21 hela
454 601 52 22 Juni
522 601 83 21 månad.

252 635 75 21 Under
351 635 39 22 den
410 635 38 27 tid,
469 635 53 22 visst
537 635 87 28 fiskslag
640 637 24 20 är
678 635 93 26 fredadt,
788 635 35 21 må
839 635 17 27 ej
873 634 66 22 heller

184 669 94 28 redskap
294 669 67 22 hållas
377 671 77 26 utsatt,
471 676 45 15 som
533 672 24 19 är
573 670 73 21 afsedd
656 669 34 22 för
700 669 73 28 fångst
784 669 23 22 af
815 669 67 22 sådan
892 668 47 22 fisk.

183 704 11 21 I
213 703 126 23 laxförande
361 705 13 21 å
391 711 52 15 vare
455 705 81 28 jämväl
551 705 39 21 allt
604 706 56 20 mete
675 705 48 21 från
739 704 39 22 och
794 704 48 21 med
857 703 40 22 den
916 704 26 20 15

184 737 128 28 September
327 739 32 21 till
374 739 39 21 och
428 739 49 22 med
492 739 41 22 den
549 740 25 20 31
591 739 117 22 December
723 739 116 27 förbjudet.

534 815 25 20 15
576 813 18 28 8.

254 859 47 22 Har
320 859 93 28 fiskslag,
429 866 46 15 som
491 860 7 21 i
516 861 25 20 14
557 861 11 27 &
585 861 77 26 nämts,
679 860 52 21 eller
747 859 83 28 siklöja,
847 866 57 20 nors,
920 859 22 22 id

184 893 52 22 eller
251 900 73 15 annan
339 894 103 21 värdefull
458 893 75 23 fiskart
548 893 82 23 utsatts
646 895 7 20 i
668 894 137 27 vattendrag,
822 894 37 21 der
875 894 66 21 sådan

184 928 93 27 tidigare
292 929 47 21 icke
352 928 90 27 funnits,
458 929 36 21 må
508 929 69 22 under
592 935 36 16 sex
644 929 25 22 år
685 929 94 22 derefter
794 929 7 20 i
817 928 126 22 vattendra-

185 964 37 26 get
237 963 47 21 icke
299 963 61 21 idkas
375 962 73 28 fångst
463 963 23 22 af
500 963 57 27 dylik
571 963 48 22 fisk.

254 997 97 22 Erhålles
366 997 67 22 sådan
448 997 46 27 fisk,
510 997 55 22 skall
581 997 130 27 densamma,
728 997 84 22 ändock
824 997 40 22 den
875 997 67 21 redan

185 1033 25 20 är
226 1031 49 28 död,
292 1033 76 26 genast
383 1032 47 21 åter
445 1033 96 21 utsättas
556 1032 7 21 i
579 1033 92 20 vattnet.

537 1108 25 20 16
579 1107 18 28 8.

254 1152 52 22 Fisk
325 1152 23 22 af
362 1152 213 28 nedanuppräknade
590 1153 46 27 slag
651 1153 35 21 må
701 1153 18 27 ej
736 1152 84 28 fångas,
836 1158 46 16 som
897 1152 47 20 icke

185 1185 48 22 från
257 1188 87 26 spetsen
364 1186 22 22 af
400 1186 104 22 hufvudet
519 1187 31 21 till
567 1187 70 21 ändan
654 1186 22 22 af
690 1187 93 27 stjärten
799 1186 91 22 innehar
904 1186 40 21 föl-

182 1220 69 28 jande
266 1221 72 27 längd,
354 1221 116 27 nämligen:

256 1255 83 22 hafslax
354 1255 39 22 och
408 1256 80 27 tajmen
504 1256 117 22 trettiofem
637 1256 136 26 centimeter;

256 1289 62 22 forell
333 1290 103 27 tjugufem
452 1290 134 27 centimeter;

257 1324 77 27 röding
350 1325 74 21 trettio
440 1325 135 26 centimeter;

257 1359 52 21 harr
323 1359 104 27 tjugufem
443 1360 134 26 centimeter;

257 1396 34 19 sik
306 1394 104 27 tjuguiem
426 1394 135 26 centimeter;

258 1428 79 21 braxen
353 1428 75 21 trettio
444 1428 134 26 centimeter;
