1061 1631
324 151 83 24 Ständ.
425 151 39 24 Sv.
480 165 27 3 —
523 152 71 28 Prop.
610 152 44 22 N:o
670 152 37 22 45.
881 152 13 21 3

138 223 121 22 manträda
277 224 56 21 eller
351 224 40 22 det
409 225 24 21 af
452 224 130 22 Ständerna
598 223 40 23 vid
652 224 85 21 urtima
749 223 145 29 landtdagen

137 257 94 23 förlidet
258 259 25 21 år
307 261 104 27 antagna
428 259 113 28 förslaget
562 259 37 21 till
617 258 137 29 förordning
772 257 122 30 angående

137 292 100 29 ändring
267 293 24 22 af
321 293 115 22 särskilda
464 293 146 29 stadganden
636 293 9 22 i
671 293 223 29 Värnepligtslagen

137 327 83 22 varder
241 327 23 22 af
281 327 73 23 Eders
373 328 134 29 Kejserliga
525 328 110 29 Majestät
652 327 8 22 i
677 327 72 22 nåder
767 327 126 28 faststäldt,

137 361 197 30 omständigheter
359 363 81 21 kunna
462 363 148 27 förekomma,
629 362 9 22 i
655 361 82 23 hvilka
754 361 74 22 Eders
845 362 49 21 Ma-

135 397 71 28 jestät
232 396 71 23 funne
335 397 51 22 skäl
409 397 37 22 för
470 399 34 20 ett
522 396 140 23 inställande
681 397 23 22 af
722 403 120 15 reservens
861 397 33 21 öf-

136 431 147 28 ningsmöten
301 431 74 22 under
392 432 73 29 något
483 432 56 21 eller
560 432 72 28 några
650 431 23 22 af
695 427 66 26 dessa
778 431 32 28 år,
823 430 71 23 hafva

137 465 136 29 Ständerna,
292 466 77 22 såvidt
387 467 31 28 på
436 466 53 22 dem
507 467 140 26 ankommer,
666 465 63 22 velat
746 465 147 30 undanrödja

136 499 28 22 de
186 501 133 28 omgångar,
338 508 49 15 som
405 501 108 29 betingas
536 501 64 21 deraf
619 502 35 20 att
672 508 28 14 en
719 499 72 23 sådan
810 499 83 30 åtgärd

135 534 8 21 i
162 537 71 19 annat
251 535 41 22 fall
310 535 37 22 för
363 535 82 30 hvarje
457 536 63 29 gång
543 535 115 22 erfordrar
676 535 144 22 Ständernas
835 542 58 15 sam-

135 569 76 28 tycke,
235 569 92 23 hvadan
352 569 133 23 Ständerna
513 571 9 21 i
546 569 187 30 underdänighet
749 569 25 22 fä
792 569 100 22 anmäla:

412 642 38 25 att,
468 641 67 21 derest
553 641 67 21 Eders
638 641 117 28 Kejserliga
772 641 101 28 Majestät
884 641 10 20 i

340 675 68 21 näder
424 675 71 28 funne
512 675 47 22 skäl
574 675 131 28 förekomma
722 677 32 20 att
771 675 66 28 äfven
849 682 41 14 un-

341 709 37 21 der
395 711 28 20 ett
441 710 50 21 eller
507 710 50 27 flere
572 710 126 28 päföljande
706 710 27 21 är
741 710 73 21 innan
825 709 65 22 Stän-

341 744 67 21 derna
434 746 64 19 nästa
522 745 58 27 gång
606 745 34 20 till
660 745 101 28 landtdag
777 751 113 15 samman-

341 779 61 21 träda
426 779 45 21 läta
492 779 89 21 inställa
601 786 106 14 reservens
725 779 166 28 öfningsmöten,

341 813 123 22 Ständerna
482 813 36 28 för
534 814 37 21 sin
588 814 33 21 del
637 814 70 21 dertill
723 814 117 27 samtycka.

201 916 114 22 Finlands
334 916 102 22 Ständer
454 916 134 23 framhärda
606 919 42 20 etc.

201 985 155 29 Helsingfors,
375 985 45 22 den
439 985 14 22 2
472 985 59 22 Juni
553 985 69 23 1900.
