1061 1631
186 166 13 20 2
389 166 71 22 Ständ.
476 165 36 24 Sv.
528 179 26 3 —
571 166 62 28 Prop.
649 166 36 23 N:o
700 166 36 23 37.

186 228 232 29 Byggningabalken.
449 229 69 21 Detta
538 229 86 28 förslag
646 229 69 22 hafva
738 229 127 21 Ständerna
888 229 55 28 god-

186 262 56 21 känt
257 263 53 21 med
325 263 159 21 nedannämda
498 263 122 28 ändringar
635 263 43 22 och
693 263 86 29 tillägg.

491 323 25 18 17
531 321 110 28 Kapitlet.

254 366 179 28 Bestämningen
459 367 6 21 i
490 369 9 18 1
524 367 13 28 S
560 367 26 20 af
606 367 44 20 den
665 367 83 28 nådiga
763 367 178 28 propositionen,

184 401 73 28 enligt
273 401 92 21 hvilken
380 400 119 29 möjlighet
514 401 124 28 föreligger
653 404 41 23 att,
709 401 74 22 derest
797 401 68 21 fisket
880 401 62 22 inom

184 442 29 14 en
235 435 303 28 fiskevattenssamfällighet
563 435 113 28 utnyttjas
701 437 30 24 sä,
755 438 33 18 att
809 435 50 21 fara
883 435 58 22 före-

184 469 73 22 finnes
291 469 35 22 för
362 469 167 22 fiskstammens
556 470 120 27 utödande,
704 469 100 29 päbjuda
829 469 111 22 fiskedrif-

183 506 50 19 tens
257 503 177 22 handhafvande
454 503 36 22 för
505 511 130 21 gemensam
650 504 98 28 räkning
764 503 106 29 erbjuder
888 503 53 22 tvif-

183 538 105 21 velsutan
311 540 33 19 ett
365 538 116 21 verksamt
502 538 74 21 medel
598 540 34 19 att
654 539 155 20 åstadkomma
828 546 29 13 en
873 539 68 21 ända-

183 572 121 29 mälsenlig
322 573 127 28 anordning
472 573 24 21 af
517 573 72 21 fisket.
620 573 80 28 Enligt
716 573 138 21 Ständernas
870 573 70 21 tanke

183 607 70 21 borde
279 607 70 22 likväl
370 607 38 20 det
431 607 92 28 slutliga
545 607 136 28 afgörandet
706 607 7 21 i
735 615 28 13 en
786 607 64 28 dylik
874 607 65 28 fräga

182 641 51 21 icke
259 641 150 21 öfverlemnas
435 643 23 19 ät
485 644 149 25 guvernören.
665 641 108 22 Deremot
799 644 24 18 är
848 641 92 22 härads-

182 677 76 19 rätten
281 675 51 22 med
354 675 50 21 dess
430 675 84 21 nämnd
540 683 29 14 en
594 676 133 25 institution,
753 675 93 22 hvilken
869 676 70 21 redan

182 709 98 28 tidigare
305 710 7 21 i
337 711 51 20 värt
414 709 172 22 samhällsskick
615 710 49 21 haft
689 710 35 28 sig
752 710 34 21 till
813 709 126 30 handlägg-

182 744 56 28 ning
265 744 123 21 hänvisade
413 744 109 21 särskilda
547 744 98 21 ärenden
669 744 25 21 af
711 744 134 21 ekonomisk
864 750 75 21 natur,

182 779 74 20 såsom
280 781 80 26 vägars
382 778 122 28 byggande
520 778 43 21 och
578 779 125 23 underhåll,
719 778 219 29 hällskjutsningens

182 812 123 26 ordnande,
321 812 218 29 fiskeriföreningars
547 813 113 28 ingäende
669 820 28 14 m.
707 820 35 18 m.,
755 812 48 22 dels
814 813 7 20 i
832 812 108 22 afseende

182 849 13 18 å
209 847 126 26 utlåtande,
352 847 47 21 dels
415 847 68 21 äfven
498 847 36 21 för
547 847 87 28 slutligt
645 847 132 28 afgörande.
794 847 145 22 Domstolens

181 881 140 22 medverkan
336 889 54 14 vore
405 881 80 21 härvid
501 883 24 19 så
540 882 93 27 mycket
648 882 139 28 lämpligare,
803 889 48 14 som
861 881 77 22 veder-

181 915 102 22 börande
298 915 130 28 derigenom
440 915 110 22 bereddes
561 915 89 22 tillfälle
661 918 33 19 att
705 915 86 22 enhvar
803 915 54 28 sjelf
865 918 73 19 munt-

180 949 62 28 ligen
267 949 119 22 framhålla
408 950 34 21 sin
460 951 45 20 rätt
520 949 42 22 och
577 949 61 22 hvad
653 951 7 20 i
676 949 70 29 öfrigt
761 950 46 21 kan
822 951 29 27 på
867 950 70 21 saken

181 983 102 22 inverka.

251 1018 126 21 Ständerna
400 1017 70 22 hafva
492 1017 63 30 förty
578 1021 80 23 ansett,
674 1021 33 19 att
722 1021 155 26 guvernörens
892 1018 46 22 för-

180 1052 124 27 ordnande,
330 1052 147 29 hvarigenom
506 1053 104 28 delegare
638 1053 7 20 i
671 1053 106 21 samfäldt
802 1053 136 21 fiskevatten

180 1086 117 29 förbjödes
320 1089 33 19 att
375 1087 80 21 utöfva
478 1087 33 21 sin
534 1087 104 21 fiskerätt
654 1087 142 22 annorlunda
811 1090 29 18 än
855 1095 83 20 genom

180 1121 80 21 fiskets
283 1121 148 22 bedrifvande
452 1121 36 22 för
504 1129 129 21 gemensam
649 1122 104 28 räkning,
770 1121 68 22 borde
854 1121 84 22 erhålla

180 1156 109 28 giltighet
310 1156 58 21 blott
391 1156 131 26 tillsvidare,
545 1156 81 21 medan
651 1156 167 28 befogenheten
836 1158 33 19 att
884 1156 53 21 slut-

179 1190 62 27 ligen
259 1190 122 21 bestämma
396 1190 7 21 i
422 1190 68 21 saken
506 1190 125 22 tillkomme
648 1190 170 22 vederbörande
834 1190 102 22 domstol.

178 1224 149 21 Beträffande
351 1224 136 28 paragrafen
514 1224 7 21 i
544 1224 70 28 öfrigt
636 1224 70 22 hafva
727 1224 134 26 Ständerna,
884 1227 54 19 enär

178 1258 69 22 fisket
270 1259 7 20 i
299 1258 97 22 Finland
420 1259 7 21 i
450 1258 122 22 allmänhet
596 1259 40 21 har
655 1259 64 27 långt
733 1261 72 19 större
821 1258 116 29 betydelse

178 1300 85 20 genom
286 1293 43 21 den
353 1293 121 28 tillökning
498 1293 43 21 och
564 1293 130 28 omvexling
717 1293 7 21 i
739 1292 138 22 födoämnen
891 1292 46 22 det-

178 1334 88 14 samma
288 1327 70 21 tillför
381 1328 174 20 landtmannens
579 1327 147 28 hushållning
745 1330 29 18 än
789 1328 74 20 såsom
878 1326 60 28 sjelf-

178 1361 94 29 ständig
298 1362 88 28 näring,
404 1361 76 22 funnit
495 1361 82 29 nödigt
593 1364 32 18 att
640 1361 116 21 utsträcka
771 1360 145 29 delegarenes
932 1361 7 21 i

178 1395 110 21 samfäldti
311 1395 137 22 fskevavou
470 1398 45 19 rätt
535 1396 36 20 till
593 1395 182 22 husbohofsfiske
799 1394 91 26 derhän,
907 1397 32 17 att

178 1430 89 25 sådant,
283 1430 129 21 oberoende
430 1430 25 21 af
467 1430 154 21 fiskedriftens
632 1429 129 28 anordning
771 1429 7 21 i
790 1428 76 29 öfrigt,
877 1428 61 29 finge

176 1463 67 21 idkas
259 1464 52 21 med
333 1464 42 21 alla
391 1464 49 28 slag
456 1464 24 22 af
494 1464 162 28 krokredskap.
