1061 1631
324 122 26 22 U.
368 122 26 22 B.
407 135 26 2 —
449 122 75 28 Prop.
540 122 45 22 N:o
602 122 35 22 31.
833 124 25 20 13

173 191 31 21 17.
234 190 133 29 Utläggning
388 190 23 21 af
433 192 27 20 30
484 191 28 27 kg
527 191 54 20 räler
596 190 12 21 å
623 191 60 21 Vasa
697 191 87 28 jernväg
799 191 39 20 har
852 192 7 19 i

102 225 40 21 den
166 225 47 21 nåd.
235 225 155 28 propositionen
414 225 18 28 ej
456 225 140 25 medräknats,
612 225 120 28 antagligen
748 225 110 21 emedan
845 221 16 36 i

102 261 147 27 jernvägarnes
273 259 76 22 årsstat
370 260 73 28 plägat
465 263 104 25 upptagas
592 263 31 18 ett
638 260 79 21 mindre
733 260 77 28 belopp
825 260 34 21 för

102 294 92 21 arbetets
218 294 111 21 utförande
352 295 54 20 efter
427 294 63 21 hand.
520 294 50 21 Men
593 294 28 21 då
638 294 60 21 detta
712 294 73 28 anslag
800 294 59 21 med-

101 329 70 27 gifver
192 329 134 28 omläggning
341 329 23 20 af
378 328 75 21 endast
468 328 59 21 cirka
543 329 26 20 10
585 328 35 21 km
636 336 34 13 om
686 328 51 27 året,
747 332 56 17 samt
817 329 41 20 den

102 364 8 20 i
124 363 203 28 anmärkningsvärd
348 363 52 28 grad
425 363 98 28 stegrade
544 363 93 21 trafiken
658 363 12 21 å
688 363 69 21 denna
781 363 77 21 bandel

102 405 72 14 manar
188 401 32 18 att
235 397 12 21 å
262 397 121 21 densamma
398 397 97 21 använda
510 400 74 25 tyngre
599 397 43 28 tåg,
650 397 38 21 har
700 397 112 22 Utskottet
822 405 36 14 an-

103 435 42 18 sett
159 431 218 29 Jernvägsstyrelsens
392 431 155 28 framställning
561 431 72 21 härom
649 431 52 22 böra
715 431 94 27 beaktas,
819 431 39 22 och

102 467 37 21 det
162 466 92 29 begärda
278 465 100 29 beloppet
400 466 90 25 990,400
513 465 65 27 mark,
594 465 133 22 hvarmedels
741 466 27 21 de
783 466 75 21 lättare

103 501 81 21 rälerna
206 501 70 20 kunna
300 500 84 29 utbytas
407 503 45 18 mot
473 503 75 26 tyngre
568 500 55 21 ända
647 500 55 21 fram
723 500 33 21 till
771 501 87 28 Haapa-

103 535 57 22 mäki
175 536 84 25 station,
273 535 52 21 böra
339 535 7 20 i
362 534 105 29 budgeten
482 537 110 26 upptagas.

173 571 32 20 18.
233 569 118 29 Byggande
366 569 206 28 aflandsvägsbroar
580 569 61 21 öfver
648 570 114 27 jernvägar.
785 569 73 22 Ehuru

102 605 78 21 sådana
195 605 62 21 broar
271 604 28 29 på
320 604 51 21 flere
386 604 76 21 ställen
478 605 7 20 i
500 603 41 22 den
557 603 104 22 allmänna
675 603 136 22 säkerhetens
827 605 31 20 in-

101 643 66 18 tresse
183 646 49 15 vore
253 638 108 29 behöfliga
375 639 39 20 har
429 638 113 22 Utskottet
556 638 61 26 dock,
633 639 7 20 i
655 638 68 21 likhet
737 638 49 21 med
801 638 57 21 hvad

102 681 44 14 som
169 673 57 22 skett
239 674 8 20 i
263 673 40 21 den
323 673 47 21 nåd.
388 680 67 21 prop.,
470 673 116 20 utelämnat
600 673 37 20 det
652 673 71 21 härtill
737 673 121 21 beräknade

101 708 96 28 anslaget
218 708 23 21 af
263 708 89 25 500,000
367 707 66 22 mark.
464 707 52 21 Man
531 707 39 21 bör
585 715 74 20 genom
675 707 108 28 sorgfällig
797 707 60 21 vakt-

102 742 93 29 hållning
218 742 69 21 kunna
308 741 116 29 förebygga
438 741 93 29 olyckor,
546 741 126 22 åtminstone
686 741 33 21 till
735 741 48 22 dess
797 741 61 22 trafi-

102 777 40 21 ken
157 777 122 28 ytterligare
293 779 95 25 stegrats.

173 812 32 21 19.
234 811 115 21 Införande
364 811 23 21 af
401 811 193 21 centralvexelställ
609 811 36 21 vid
661 818 26 13 en
702 811 34 21 del
751 812 106 20 stationer.

102 845 44 22 För
160 845 61 22 detta
235 845 96 22 ändamål
348 845 38 21 har
394 845 207 28 Jernvägsstyrelsen
612 845 74 28 begärt
694 846 89 25 500,000
792 845 65 26 mark,

102 887 47 14 men
164 879 113 22 Utskottet
295 887 60 14 anser
369 883 37 21 att,
422 887 34 14 om
472 879 34 21 för
520 879 69 22 denna
602 879 75 29 period
694 880 88 25 150,000
798 879 59 21 mark

102 914 94 28 beviljas,
218 914 37 21 det
277 917 53 18 mest
347 914 117 27 trängande
479 914 102 21 behofvet
596 913 41 22 kan
651 913 122 28 tillgodoses
788 913 13 21 å
815 917 42 18 sta-

101 949 74 25 tioner,
189 957 45 13 som
249 949 18 28 ej
283 949 7 20 i
305 949 65 28 öfrigt
384 951 36 18 äro
436 949 66 20 under
517 949 139 27 omreglering
691 948 43 21 För
749 948 26 21 de
790 950 67 19 större

102 983 117 28 bangårdar
241 983 50 26 åter,
306 991 44 13 som
373 983 59 21 skola
454 983 133 28 omregleras,
602 985 23 18 är
640 983 64 28 utgift
718 983 35 20 för
767 983 90 20 central-

102 1017 110 22 vexelställ
227 1017 123 28 inbegripen
365 1018 7 20 i
386 1017 66 21 totala
468 1017 249 28 kostnadsberäkningen.

171 1053 32 20 20.
233 1051 144 28 Anskaffning
399 1051 23 22 af
443 1055 78 18 tvenne
539 1051 155 28 transportabla
708 1051 101 21 anstalter
823 1051 34 20 för

101 1087 157 27 impregnering
273 1086 22 21 af
310 1086 97 28 sleepers.
436 1086 46 21 Det
497 1086 23 21 år
537 1086 47 21 från
599 1086 23 21 år
637 1086 96 27 stegrade
749 1086 66 28 priset
829 1085 28 28 på

101 1121 91 28 sleepers
211 1123 62 25 utgör
288 1129 25 12 en
335 1121 123 28 ytterligare
474 1120 112 28 anledning
601 1124 32 17 att
648 1120 51 21 söka
713 1120 24 21 så
752 1120 57 28 långt
824 1120 32 21 så-

101 1155 51 21 dant
167 1158 23 18 är
205 1156 82 28 möjligt
302 1155 126 21 konservera
443 1155 71 26 dessa;
530 1155 39 21 och
585 1155 27 21 då
621 1155 133 27 tillförlitliga
766 1156 90 27 impreg-

100 1190 179 28 neringsmetoder
294 1197 86 13 numera
394 1190 60 20 skola
470 1190 74 26 finnas,
560 1189 38 21 har
612 1189 113 22 Utskottet
739 1192 69 18 ansett
820 1189 37 21 det

100 1232 51 13 vara
172 1224 22 21 af
216 1224 135 21 ekonomiska
372 1224 45 21 skäl
432 1224 111 28 påkalladt
557 1227 32 17 att
603 1227 94 25 upptaga
711 1224 37 20 det
763 1223 92 21 önskade

100 1258 94 29 anslaget
209 1258 22 22 af
247 1259 89 25 300,000
352 1258 59 21 mark
427 1258 34 20 för
476 1258 59 21 detta
550 1258 102 21 ändamål.

171 1294 33 20 21.
237 1292 191 28 Bostadsbyggnad
440 1292 38 21 vid
493 1292 162 28 Arsenalskajen
670 1293 7 19 i
688 1292 31 21 S:t
729 1292 126 28 Petersburg

101 1326 114 22 Gentemot
237 1327 68 21 denna
320 1327 133 28 anslagspost
468 1327 38 21 har
522 1326 111 22 Utskottet
647 1326 49 28 hyst
709 1326 84 26 tvekan,
808 1334 46 13 men

99 1360 28 21 dä
142 1360 34 21 för
193 1361 134 28 byggnadens
343 1361 111 21 utförande
471 1360 126 22 framhällits
612 1360 52 21 huru
679 1360 130 28 nödvändigt
819 1360 36 21 det

99 1402 56 19 vore,
170 1395 48 21 icke
234 1396 63 20 minst
314 1396 7 20 i
337 1395 77 28 sedligt
429 1395 41 21 och
486 1395 132 29 disciplinärt
632 1394 105 26 afseende,
752 1398 32 18 att
798 1394 56 22 förse

99 1429 40 21 den
158 1429 13 21 &
185 1430 91 20 nämnda
291 1432 32 18 ort
338 1429 84 22 bosatta
435 1429 221 29 jernvägspersonalen
672 1429 49 21 med
738 1429 117 21 ändamäls-

169 1476 140 18 Statsutskottets
322 1476 110 18 betänkande
446 1476 41 18 N:o
500 1476 12 17 9
525 1476 21 17 A.
