1061 1631
323 130 23 23 U.
362 131 23 22 B.
401 143 30 3 —
447 130 64 29 Prop.
528 130 37 23 N:o
581 130 39 23 30.
819 133 26 19 138

94 196 112 23 Däremot
229 195 43 23 har
292 197 62 22 inom
373 195 106 23 komitén
498 195 110 23 behofvet
628 195 24 22 af
668 202 29 15 en
714 195 63 23 bana
793 195 53 23 från

94 231 120 30 Seinäjoki
229 231 36 22 till
281 231 157 23 Kristinestad
455 231 56 23 eller
527 231 78 22 Kaskö
622 232 155 28 enstämmigt
792 231 53 22 blif-

93 268 36 22 vit
144 267 106 23 erkändt.

165 303 153 22 Beträffande
337 303 39 22 det
395 303 110 22 inbördes
526 302 114 23 förträdet
659 303 25 22 af
699 302 69 23 dessa
784 303 62 22 båda

95 339 140 23 alternativa
253 339 76 30 linjer,
350 339 82 22 hvilka
447 339 77 22 skulle
541 339 110 29 förgrena
667 339 37 28 sig
719 339 76 29 några
811 339 34 22 ki-

94 375 98 23 lometer
215 381 54 16 norr
288 382 38 15 om
347 375 134 29 Kauhajoki
498 375 83 29 kyrka,
598 375 66 27 talar,
682 375 73 28 enligt
771 375 74 22 komi-

95 411 54 22 téns
165 411 69 27 åsikt,
252 411 14 22 å
282 417 44 16 ena
342 411 67 22 sidan
426 411 36 22 till
476 410 92 23 förmån
585 411 35 22 för
634 417 30 16 en
675 410 62 23 bana
748 411 36 22 till
794 410 51 23 Kri-

95 446 115 23 stinestad
232 446 78 23 denna
330 446 66 23 stads
417 448 74 21 större
512 446 141 29 folkmängd
672 446 43 23 och
735 446 111 23 välstånd

95 484 63 21 samt
179 482 54 23 dess
255 482 101 29 lifligare
380 482 193 27 handelsrörelse,
596 482 44 23 och
659 483 14 22 å
689 482 74 23 andra
776 482 70 23 sidan

95 518 36 23 för
152 525 30 16 en
203 517 62 24 bana
286 518 35 23 till
342 518 79 23 Kaskö
442 518 54 23 dess
513 518 145 29 ojämförligt
672 518 77 23 bättre
765 518 80 22 hamn.

95 554 46 23 Vid
162 554 157 29 uppvägande
341 554 24 23 af
384 554 69 23 dessa
474 555 73 22 motiv
567 555 62 22 emot
647 553 139 28 hvarandra,
803 553 44 23 har

95 590 118 23 komiténs
230 591 124 28 majoritet,
374 590 30 22 då
420 589 40 24 det
476 590 53 23 icke
545 591 91 22 ansetts
652 590 82 22 kunna
749 589 98 24 komma

95 627 8 21 i
119 625 69 30 fråga
212 627 35 21 att
267 625 82 30 bygga
364 627 131 28 järnvägar
510 626 36 22 till
561 626 62 22 båda
640 625 109 23 städerna
765 627 80 21 samti-

96 661 58 30 digt,
165 663 98 21 stannat
273 661 40 23 vid
325 663 34 21 att
370 661 85 23 föreslå
466 669 29 15 en
504 663 103 28 järnväg
618 661 83 23 endast
711 661 35 23 till
759 661 86 23 Kaskö.

166 697 9 22 I
192 697 128 29 anledning
337 697 23 23 af
377 697 145 23 Ständernas
539 697 80 23 därom
636 697 82 30 gjorda
735 697 111 23 anhållan

95 733 44 22 och
158 733 75 29 enligt
261 728 186 35 Öfverstyrelsen
468 733 36 23 för
523 736 56 26 väg-
599 733 44 23 och
658 733 187 30 vattenbyggna-

96 769 73 22 derna
183 769 24 22 af
223 769 147 30 Regeringen
387 769 136 23 meddeladt
535 769 109 30 uppdrag
658 769 42 22 har
709 769 64 22 äldre
782 770 63 28 inge-

95 806 80 21 niören
197 805 26 22 K.
248 805 121 22 Snellman
393 805 75 22 under
488 812 135 15 sommaren
644 809 56 19 1899
716 805 131 22 undersökt

96 841 181 29 ifrågavarande
304 841 61 22 båda
394 841 221 29 bansträckningar,
640 841 43 22 och
706 841 29 22 då
755 841 91 22 banans

96 877 127 28 byggande
232 876 77 23 såsom
318 877 174 29 normalspårig
500 877 70 22 äfven
579 877 80 22 kunde
665 876 180 30 ifrågakomma,

96 912 42 23 har
154 912 207 29 undersökningen
374 913 44 22 och
429 913 30 29 på
471 913 139 22 densamma
620 912 123 29 grundade
753 912 94 29 projekt

95 949 123 28 uppgjorts
242 947 66 24 såväl
332 948 36 23 för
391 949 102 22 normalt
516 955 51 16 som
583 949 71 22 smalt
670 948 60 29 spår,
747 948 99 23 hvarvid

96 983 141 30 spårvidden
261 984 36 22 för
321 984 39 23 det
376 984 132 23 sistnämda
524 985 150 22 alternativet
690 985 103 28 antagits
811 984 34 22 till

97 1023 40 24 1,00
153 1021 79 21 meter.

167 1055 33 24 Ur
223 1055 45 23 den
292 1055 25 23 af
335 1057 107 28 ingeniör
462 1056 122 22 Snellman
603 1055 132 30 uppgjorda
751 1055 44 23 och
810 1055 36 23 till

97 1091 101 23 Senaten
225 1091 134 23 inlämnade
386 1091 144 23 berättelsen
553 1091 65 23 öfver
641 1091 45 23 den
709 1091 137 23 värkstälda

95 1127 216 29 undersökningen,
327 1127 25 23 af
367 1127 97 23 hvilken
481 1127 125 23 berättelse
622 1127 121 23 Utskottet
753 1127 94 23 erhållit

97 1163 44 27 del,
164 1163 43 23 har
231 1163 122 23 Utskottet
376 1163 119 23 inhämtat
517 1164 30 22 bl.
573 1170 31 16 a.:
630 1165 34 21 att
685 1163 79 23 banan
780 1163 66 23 såväl

96 1198 54 23 med
178 1198 110 24 afseende
313 1198 14 24 å
353 1199 259 29 terrängförhållanden
639 1199 43 23 och
709 1199 138 29 bosättning

96 1236 63 21 samt
182 1236 8 21 i
209 1234 245 24 öfverensstämmelse
479 1235 54 23 med
557 1235 230 29 ortsbefolkningens
810 1237 35 21 ut-

95 1270 79 23 talade
197 1270 146 30 önskningar
366 1271 79 23 blifvit
466 1271 89 28 dragen
578 1270 30 30 pä
631 1272 64 22 östra
717 1271 68 23 sidan
808 1277 37 17 om

96 1306 62 29 Kyrö
184 1306 33 23 älf
241 1306 63 23 ända
325 1307 34 22 till
376 1306 119 28 Kurikka;
513 1308 34 21 att
564 1306 78 24 älfven
658 1306 44 23 här
717 1307 129 29 öfvergätts

96 1342 43 22 och
163 1342 72 30 linjen
258 1342 62 23 ledts
343 1343 31 29 pä
397 1344 81 21 västra
494 1342 68 23 sidan
579 1342 25 23 af
619 1342 148 28 densamma;
785 1343 62 22 samt

96 1379 35 21 att
154 1378 45 22 den
215 1378 82 29 punkt,
315 1378 41 23 där
372 1378 29 23 de
417 1378 84 30 gjorda
517 1378 121 30 projekten
654 1378 71 30 skilja
740 1379 37 28 sig
793 1378 53 23 frän

95 1413 141 28 hvarandra,
261 1414 78 22 blefve
354 1414 47 23 Aro
421 1414 38 30 by,
476 1418 14 19 4
507 1414 123 23 kilometer
644 1421 93 16 norrom
754 1414 92 23 Kauha-

167 1462 186 23 Järnvägsutskottets
365 1462 111 18 betänkande
489 1462 35 18 N:o
537 1463 16 17 1.
