1061 1631
462 109 42 21 N:o
522 110 32 20 39.
845 110 11 19 3

129 179 57 28 ning
201 179 26 21 af
240 179 47 28 rån,
306 186 47 14 som
370 179 26 20 af
410 178 112 29 sakegare
535 178 161 29 tilläfventyrs
706 178 120 29 påyrkats;
843 177 43 22 och

129 213 59 21 skall
207 213 82 21 dervid
307 213 78 21 tillika
404 213 84 28 utbyte
507 213 26 21 af
549 213 117 21 utskiften
684 213 43 21 och
742 212 144 29 råreglering

128 247 144 28 verkställas,
289 255 37 14 om
341 247 85 22 sådant
440 247 76 22 finnes
532 247 197 29 ändamålsenligt
743 247 42 22 och
795 247 91 28 lämpli-

128 289 45 21 gen
188 281 47 22 kan
251 282 46 21 ske.

196 316 131 22 Råskilnad
345 317 8 20 i
372 318 88 25 vatten,
480 318 65 20 utom
563 318 49 20 mot
630 320 77 25 öppna
722 316 87 27 hafvet,
826 316 59 21 hvil-

128 351 46 21 ken
188 351 52 21 icke
257 354 25 18 är
297 351 52 21 med
364 354 68 18 rösen
448 351 110 28 utmärkt,
575 351 42 22 bör
632 350 146 23 oförtöfvadt
788 351 96 28 uppgås.

129 385 103 21 Sålunda
251 385 146 22 tillkommen
416 385 66 22 råled
500 385 67 28 skall,
586 385 61 22 ändå
663 387 35 19 att
713 385 172 28 förrättningen

128 419 8 22 i
151 419 73 29 laglig
239 419 101 29 ordning
356 419 82 29 drages
454 419 75 22 under
543 420 100 21 Rättens
666 419 117 29 pröfning,
803 422 82 25 genast

129 453 43 22 och
192 454 64 21 intill
279 454 51 21 dess
349 454 151 21 råskilnaden
519 454 93 29 slutligt
630 454 112 21 bestämts
760 453 70 22 lända
849 453 36 22 till

129 489 160 21 efterrättelse.

484 531 47 26 28

196 569 99 29 Rågång
311 570 8 21 i
335 571 80 20 vatten
434 569 61 22 skall
512 569 120 22 utmärkas
647 577 84 21 genom
746 573 74 24 rösen,
836 577 48 14 som

128 604 13 20 å
157 603 136 22 stränderna
315 603 67 22 invid
401 604 57 21 eller
477 605 13 20 å
508 604 94 29 klippor
620 603 56 22 eller
694 604 54 21 skär
766 603 8 22 i
792 606 93 19 vattnet

127 637 110 29 uppföras
255 639 30 27 på
304 638 86 21 sådana
409 638 89 29 platser
517 638 43 22 och
578 638 38 21 till
635 638 84 21 sådant
741 638 70 28 antal,
835 645 49 15 som

127 672 83 29 nödigt
224 673 80 22 finnes.

195 707 92 28 Lägges
310 710 50 19 röse
381 708 29 27 på
430 707 53 22 sida
502 715 37 14 om
557 707 101 28 råleden,
677 707 71 22 varde
767 707 65 22 såväl
850 707 34 22 af-

127 741 94 22 ståndet
239 741 38 21 till
292 741 76 22 denna
384 748 49 15 som
450 741 45 22 den
511 742 63 27 linie,
590 741 80 22 utmed
685 741 96 22 hvilken
797 741 87 22 afstån-

127 775 40 22 det
185 775 42 22 bör
245 776 91 28 räknas,
352 776 106 21 utmärkt
473 777 13 20 å
501 777 85 21 kartan
602 776 43 22 och
660 776 9 21 i
683 776 201 29 rågångsbeskrif-

126 817 94 22 ningen.

482 853 11 20 3
510 853 19 26 &.

195 891 77 29 Begär
290 892 107 28 delegare
416 892 8 21 i
442 892 147 28 fiskevatten,
609 894 36 19 att
660 893 57 20 hans
734 891 68 22 andel
818 891 67 22 deraf

127 925 60 22 skall
201 926 114 28 utbrytas,
330 926 55 21 höre
401 930 147 25 guvernören
564 926 66 22 öfver
645 926 161 29 ansökningen
821 926 63 21 läne-

126 960 172 22 landtmätaren
314 961 43 21 och
372 961 77 28 öfrige
465 961 114 28 delegare.
602 961 117 28 Motsäges
735 961 50 21 icke
801 961 82 21 ansök-

126 994 88 29 ningen
233 995 26 21 af
277 1003 77 13 annan
374 995 115 28 delegare,
506 995 56 22 eller
577 995 121 22 förbinder
713 996 36 28 sig
764 995 119 22 sökanden
909 990 4 4 '

127 1031 35 20 att
183 1029 117 29 förskjuta
322 1030 164 27 kostnaderna,
510 1030 106 22 meddele
633 1033 146 26 guvernören
795 1029 88 22 förord-

126 1063 75 22 nande
221 1064 37 21 för
276 1064 156 22 landtmätare
453 1066 40 26 att,
510 1064 79 22 såvidt
602 1064 105 29 lagligen
723 1065 44 22 kan
784 1065 47 27 ske,
847 1066 36 19 ut-

126 1098 51 21 föra
193 1098 44 21 den
251 1099 86 21 äskade
349 1099 134 28 delningen,
495 1107 53 14 men
559 1099 87 22 förvise
656 1099 9 21 i
675 1101 72 20 annat
758 1099 43 21 fall
811 1099 72 21 saken

126 1132 38 22 till
180 1133 105 22 domstol.

194 1163 101 33 Åtföljes
311 1168 21 28 ej
349 1168 163 30 ansökningen
528 1168 25 22 af
567 1168 127 29 utredning
706 1168 85 28 derom,
802 1168 81 21 hvilka

126 1202 8 21 i
149 1204 94 20 vattnet
258 1203 72 22 hafva
345 1203 44 28 del,
405 1203 73 21 varde
494 1203 161 29 ansökningen
670 1203 52 21 icke
737 1204 124 28 upptagen.

481 1263 13 19 4
510 1262 19 26 8.

193 1295 47 22 Vid
255 1295 126 29 gradering
396 1296 37 21 för
447 1296 73 21 skifte
531 1296 26 21 af
566 1296 141 22 fiskevatten
717 1296 65 22 skola
792 1296 91 27 fångst-

124 1330 88 28 platser
231 1330 42 21 och
292 1329 29 22 de
339 1330 85 21 ställen
442 1330 9 21 i
470 1330 79 28 öfrigt,
569 1330 39 21 der
626 1330 75 21 fisken
717 1330 70 27 leker,
804 1330 77 28 stiger,

124 1364 89 28 nedgår
231 1364 57 22 eller
307 1364 67 28 eljest
391 1364 138 29 uppehåller
547 1364 42 29 sig,
609 1366 60 20 samt
687 1364 76 28 öfriga
779 1364 64 21 delar
858 1363 26 21 af

124 1400 93 20 vattnet
235 1406 30 14 en
282 1398 59 22 hvar
359 1399 37 21 till
412 1399 38 21 sin
464 1399 88 29 godhet
567 1399 138 29 uppskattas
721 1398 42 22 och
779 1398 104 22 deremot

125 1432 113 22 svarande
253 1433 71 23 värde
341 1433 51 22 dem
409 1434 95 21 åsättas.
524 1434 54 21 Kan
593 1434 21 28 ej
630 1434 150 21 fiskevattens
795 1433 88 31 godhet
