1061 1631
222 132 27 19 32
448 130 23 23 U.
488 131 22 22 B.
526 143 29 3 —
571 131 65 28 Prop.
652 131 38 23 N:o
705 131 39 23 30.

295 195 121 23 Utskottet
438 195 44 23 har
505 195 72 23 redan
597 196 137 27 framhållit,
753 196 112 23 hurusom
882 196 92 23 landets

219 231 86 29 jämna
331 231 156 23 ekonomiska
510 231 120 23 förkofran
653 232 108 29 påkallar
781 233 193 28 järnvägsnätets

222 266 112 23 fortsatta
357 267 150 30 utvidgning.
539 267 32 23 Af
594 267 29 23 de
647 268 88 22 åsikter
751 267 121 24 Utskottet
887 269 7 21 i
910 267 65 24 detta

225 302 113 23 afseende
355 303 87 23 uttalat
457 303 65 23 torde
538 303 77 22 tillika
630 303 95 30 framgå
741 304 41 27 att,
799 310 38 16 om
848 303 60 23 blott
918 305 56 28 möj-

222 338 76 29 lighet
329 339 78 23 därtill
434 339 135 28 förefinnes,
592 339 287 30 järnvägsbyggnaderna
901 339 74 23 hällre

222 373 59 23 böra
297 375 119 22 bedrifvas
432 375 36 22 till
483 375 118 22 utsträckt
617 377 30 20 än
664 375 122 22 minskadt
794 375 104 29 omfång.
919 375 55 23 Här-

226 412 65 21 emot
314 417 70 22 synes
402 411 130 22 emellertid
548 410 35 23 för
599 411 147 22 närvarande
762 417 103 23 uppresa
879 411 37 29 sig
927 413 47 20 sär-

223 445 79 23 skilda
318 446 89 27 hinder,
426 447 83 22 hvilka
528 447 53 22 icke
598 447 94 22 kunnat
707 447 25 22 af
747 447 121 22 Utskottet
883 447 92 22 lämnas

223 481 139 24 obeaktade.
395 482 104 23 Sålunda
522 483 80 22 ställer
625 482 54 23 nåd.
701 483 172 28 propositionen
888 482 42 23 N:o
946 486 27 19 31

224 517 125 29 angående
373 518 307 23 kommunikationsfonden
704 518 54 23 kraf
782 519 13 22 å
819 518 69 29 högst
910 518 64 29 bety-

223 553 79 23 dande
321 554 84 29 anslag
423 554 36 23 för
479 554 63 23 äldre
561 554 145 23 statsbanors
722 554 183 29 komplettering
921 553 54 23 med

224 589 50 22 fast
297 589 43 23 och
361 590 72 29 rörlig
448 590 107 22 materiel
571 591 62 21 samt
648 590 123 23 förseende
787 590 54 22 med
857 597 45 22 nya
919 589 55 23 ban-

225 624 94 29 gårdar,
344 625 54 30 spår
422 625 43 23 och
489 625 137 30 byggnader
650 633 30 15 m.
705 633 30 15 m.
768 625 82 23 Härtill
869 625 107 23 kommer

225 661 147 29 ytterligare,
389 663 35 21 att
441 661 292 30 anläggningskostnaden
745 661 36 23 för
791 668 47 22 nya
845 662 131 28 järnvägar

226 698 63 21 varit
304 698 8 21 i
328 697 106 29 ständigt
454 697 110 29 stigande
581 697 41 22 och
639 703 100 16 numera
755 697 100 30 uppgått
870 697 35 22 till
922 701 28 18 80
962 697 13 22 a

226 735 43 20 160
277 733 30 29 ?/,
326 733 72 29 högre
419 733 84 29 belopp
523 735 29 20 än
572 733 34 22 för
626 740 43 22 par
684 733 125 23 decennier
824 733 104 27 tillbaka,
945 733 30 22 då

223 769 35 21 ett
286 768 106 30 billigare
419 769 214 29 byggnadssystem
657 769 49 22 blef
729 769 108 28 inslaget.
869 769 52 22 Men
945 768 30 23 då

224 804 78 23 under
325 805 88 22 nämda
436 804 127 30 tidsperiod
583 804 71 23 äfven
673 805 93 22 landets
783 804 133 23 finansiella
931 804 44 23 för-

223 841 74 28 måga
320 841 7 22 i
346 840 103 23 oväntad
472 841 59 28 grad
550 841 61 22 varit
630 841 7 22 i
656 840 151 30 uppgående;
827 840 30 23 då
876 841 99 22 nettoin-

224 876 111 23 komsten
363 876 54 23 från
443 877 218 28 statsjärnvägarne
687 876 152 29 temmeligen
863 876 113 23 konstant

226 912 70 23 hållit
315 913 37 28 sig
371 912 111 29 omkring
498 912 51 30 329/,
565 912 25 23 af
605 912 40 23 det
660 912 125 29 nedlagda,
802 919 50 16 mer
867 912 43 23 och
926 919 50 16 mer

225 948 77 23 ökade
325 948 120 29 kapitalet,
468 948 43 23 och
529 948 31 23 då
575 949 8 21 i
599 948 30 23 all
648 947 128 30 synnerhet
794 948 118 29 knappast
927 948 49 22 kan

226 983 120 28 betviflas,
370 985 35 22 att
428 984 54 23 icke
505 985 73 22 större
598 985 134 22 annuiteter
748 983 14 24 å
774 983 155 30 järnvägslån
945 986 29 20 än

224 1019 30 23 de
279 1020 136 23 nuvarande
439 1020 66 23 skola
526 1020 81 22 kunna
626 1027 28 15 ur
670 1019 305 24 kommunikationsfonden

225 1055 125 28 bestridas,
367 1055 43 23 har
426 1055 120 24 Utskottet
563 1057 77 21 ansett
656 1057 37 28 sig
708 1062 34 16 nu
758 1055 53 23 icke
827 1055 80 23 kunna
918 1055 56 23 före-

225 1091 37 22 slå
281 1092 78 29 någon
376 1091 159 29 väsentligare
551 1091 175 29 inskränkning
741 1092 35 21 uti
792 1097 47 23 nya
852 1092 123 29 järnvägs-

229 1127 101 30 företag.
352 1127 35 23 En
404 1127 91 23 mindre
511 1127 123 23 reduktion
652 1127 24 23 af
686 1127 158 23 statsvärkets
852 1128 123 28 järnvägs-

227 1163 141 29 byggnader
391 1164 43 22 har
458 1163 59 23 dock
539 1163 80 23 hållits
642 1164 36 22 för
696 1163 55 23 fullt
770 1163 132 29 berättigad
921 1163 55 23 med

225 1198 95 30 hänsyn
344 1200 34 22 till
402 1199 39 23 det
464 1199 127 29 glädjande
610 1199 101 27 faktum,
732 1200 35 21 att
783 1200 77 28 privat
876 1199 99 29 företag-

226 1235 96 22 samhet
337 1236 62 22 visat
414 1236 38 28 sig
467 1235 107 29 benägen
585 1235 36 23 för
628 1234 257 30 järnvägsbyggnader
895 1236 7 21 i
914 1235 62 23 olika

227 1270 66 23 delar
310 1270 24 23 af
349 1271 87 23 landet.

298 1306 124 23 Utskottet
444 1307 44 22 har
511 1306 78 23 därför
604 1308 8 21 i
628 1306 62 30 syfte
714 1307 35 22 att
768 1305 116 24 bibehålla
900 1306 76 23 konti-

225 1343 80 22 nuitet
320 1343 7 21 i
341 1342 287 30 järnvägsbyggnaderna
652 1343 79 22 ansett
753 1343 38 28 sig
809 1342 57 22 böra
884 1341 91 28 föreslå,

225 1379 38 21 att
283 1379 89 21 statens
388 1379 159 29 järnvägsnät
564 1385 42 22 per
622 1378 26 22 år
663 1378 113 29 utvidgas
792 1378 54 22 med
862 1377 72 30 något
950 1378 26 22 så

224 1416 46 20 när
286 1420 92 16 samma
394 1414 64 22 antal
474 1414 171 22 bankilometer
656 1420 51 16 som
715 1413 76 23 under
798 1414 106 22 närmast
917 1414 59 22 före-

298 1462 186 23 Järnvägsutskottets
496 1462 109 18 betänkande
617 1462 35 18 N:o
665 1463 16 17 1.
