1061 1631
558 288 102 23 Transport

146 329 46 17 eller
204 329 54 22 bolag
271 328 29 18 för
312 328 115 23 uppförande
440 328 20 17 af
469 328 84 23 bonings-
562 328 34 17 och
604 328 56 17 uthus

145 368 22 12 m.
182 368 19 12 m.
216 362 4 17 i
239 363 72 17 Nurmes
323 362 69 22 köping
407 375 1 4 .
428 375 3 4 .
473 375 49 5 «ss
541 375 26 6 ss.
587 375 4 5 6
610 376 3 3 so
632 375 4 5 6
656 375 4 4 c

111 397 37 17 För
166 397 119 18 anskaffande
304 397 29 18 för
350 397 60 17 finska
428 397 178 22 statsjernvägarnes
619 396 41 18 räk-

146 431 44 22 ning
207 431 20 18 af
245 432 22 16 30
279 431 98 18 lokomotiv
390 433 21 16 är
424 431 59 18 såsom
495 431 81 18 förskott
587 431 75 22 nådigst

147 465 84 22 Bnslaget
243 478 4 4 s
266 479 3 4 <
290 479 3 4 <
313 479 3 3 o
336 461 95 30 smmssa
451 461 27 30 koa
497 479 71 4 CER
617 479 43 4 KR

113 499 79 23 Nädigst
203 500 92 22 beviljade
309 500 108 22 läneanslag
429 500 29 18 för
470 499 97 18 utförande
580 499 20 18 af
611 499 51 18 loko-

147 534 161 22 motivjernvägar:

136 568 41 18 från
196 569 95 22 Wilppula
310 569 69 17 station
392 569 11 17 ä
416 569 57 17 Wasa
485 569 60 17 banan
557 568 29 18 till
600 570 62 16 vestra

148 605 79 20 gränsen
240 603 20 18 af
271 603 74 18 Mänttä
358 603 132 18 bruksomräde
503 603 5 17 i
520 603 63 18 Keuru
595 603 67 18 socken

137 637 40 18 från
190 637 84 18 Suolahti
287 637 69 18 station
364 637 30 18 vid
406 637 97 23 Jyväskylä
525 633 85 31 Suolahti
619 638 43 17 ban-

149 672 29 17 del
190 672 28 17 till
232 669 107 20 Äänekoski
351 672 129 23 pappersbruk
493 672 5 17 i
510 672 74 17 Laukas
596 672 67 18 socken

137 706 20 17 ät
171 706 86 18 »Raahen
269 706 202 23 rautatieosakeyhtiö

115 741 92 22 Beloppet
217 741 20 17 af
249 741 32 17 det
295 740 79 18 »Finska
386 741 232 22 teaterhusaktiebolaget«
633 720 31 39 be-
677 739 2 9 |

149 775 67 22 viljade
229 775 31 18 l&m
273 775 24 18 kaja
336 789 7 4 x
362 788 4 4 <
385 771 50 31 gror
454 788 50 5 gng
523 789 3 4 k
546 788 117 5 sorsa
653 771 14 31 x

115 809 36 18 För
170 809 119 18 anskaffande
308 809 20 18 af
345 811 59 16 större
422 809 123 23 klassbyggda
557 809 48 22 jern-
618 809 46 18 eller

151 843 48 21 stäl-,
213 844 58 21 segel-
284 843 47 18 eller
343 844 98 23 ängfartyg
454 845 20 16 är
486 844 74 22 nädigst
569 844 57 17 stäldt
634 844 30 17 till

149 878 106 22 Kejserliga
273 877 89 18 Senatens
381 878 109 22 förfogande
504 879 92 21 2,500,000
607 879 57 21 mark,

150 912 67 17 hvaraf
229 912 82 17 återstår
323 912 29 17 till
364 912 118 22 utbetalning
502 926 3 3 .
524 925 3 4 .
546 925 3 4 .
569 926 3 4 .
592 925 49 5 ...
659 925 5 5 N

116 946 36 18 För
165 947 96 22 tillfälliga
273 947 58 17 behof
342 946 29 18 för
383 946 121 23 fängvärden.
524 960 3 5 .
547 960 3 4 .
569 960 3 4 .
592 960 3 4 .
614 960 3 3 .
637 960 27 4 ..

129 989 7 8 »
161 981 115 18 kommunala
289 981 140 22 sinnessjukhus
452 995 2 4 .
473 995 4 4 .
496 995 4 4 .
519 995 3 4 .
541 995 48 4 0...
615 995 26 4 ia
661 995 3 4 16

131 1023 6 8 »
163 1015 21 18 de
203 1021 64 17 genom
285 1015 68 22 nådiga
369 1015 124 22 kungörelsen
506 1015 34 18 den
553 1017 20 16 11
587 1015 78 22 Augusti

152 1051 44 16 1898
213 1050 30 17 till
262 1050 105 17 inrättande
383 1049 30 18 vid
426 1049 135 18 Universitetet
572 1049 94 22 påbjudna

152 1084 107 18 lärostolars
273 1084 5 17 i
291 1084 29 17 till
333 1084 121 17 landtbruket
466 1084 81 17 hörande
560 1084 106 17 läroämnen

151 1119 97 17 förseende
261 1119 40 18 med
313 1119 67 22 nödiga
392 1118 124 18 laboratorier
527 1124 22 11 m.
562 1124 35 11 m..
616 1131 4 4 .
638 1131 4 4 .
662 1131 4 3 .

130 1161 7 8 »
163 1154 113 17 bekostande
289 1153 20 18 af
321 1158 22 13 en
355 1153 69 18 länsvis
439 1153 109 22 fortgående
559 1152 107 23 jordbruks-

153 1188 98 22 engudte
244 1184 14 30 .
273 1202 4 4 .
296 1201 72 5 ...
360 1184 13 30 .
388 1200 26 6 AR
434 1183 26 30 ROR
481 1200 26 5 KN
526 1183 26 30 AHA
562 1183 13 30 OR
594 1183 15 30 RO
617 1200 48 5 KINA

131 1230 6 8 »
163 1222 111 18 instrument
288 1228 23 12 m.
328 1228 22 12 m.
364 1222 29 18 för
406 1228 22 12 en
441 1222 97 22 geodetisk
550 1222 116 18 kommission

131 1264 6 8 »
164 1256 125 23 restaurering
302 1256 20 18 af
333 1251 40 23 Åbo
386 1256 100 22 domkyrka
504 1270 4 4 .
526 1270 3 3 .
549 1270 3 4 .
572 1269 94 5 ....-

133 1298 6 9 >
164 1291 113 22 öfverföring
289 1291 30 17 till
331 1291 235 22 mossuttorkningsfonden.
591 1304 7 4 .
617 1304 4 4 .
640 1304 4 4 .
663 1304 3 4 .

131 1333 7 8 »
223 1332 6 10 a
290 1325 30 18 till
339 1325 123 18 statsverkets
481 1324 143 23 utlåningsfond,
639 1324 29 18 för

153 1360 107 22 utgifvande
279 1360 20 17 af
316 1360 31 17 lån
365 1359 29 18 för
412 1359 56 22 inköp
482 1359 5 17 i
500 1359 85 18 utlandet
596 1359 34 17 och
642 1359 26 17 in-

153 1394 56 18 försel
223 1394 20 18 af
253 1395 76 22 lämplig
342 1394 130 22 afvelsboskap
482 1408 3 4 .
504 1408 4 4 .
527 1407 3 3 .
550 1407 3 4 .
572 1407 4 4 .
595 1407 3 3 .
618 1407 49 5 +».

567 1435 102 21 Transport

717 202 39 21 Tp
809 203 23 20 |7ä

696 287 100 22 29,307,201]
811 288 20 17 31

736 361 63 21 24,100]
812 372 20 2 —

707 464 92 21 2,100,000|
813 475 20 2 —

737 589 67 34 60,000|
814 613 20 2 —

728 671 73 21 110,00
813 681 22 2 —

727 705 74 20 200,000]
814 716 16 2 —

727 773 74 21 300,000|
815 785 20 2 —

804 830 1 6 |
844 826 2 17 |

713 911 90 22 1,276,000]
815 922 21 2 —

729 945 74 22 150,000]
815 955 22 4 —

730 980 73 21 120,00]
816 991 20 2 —

731 1118 73 21 100,000]
816 1127 23 4 —
846 1106 2 30 |

741 1187 64 21 80,000|
818 1197 20 2 —

741 1222 64 21 80,000|
817 1231 21 3 —

731 1256 74 20 500,000]
817 1266 22 2 —

731 1290 74 21 500,000]
817 1300 22 2 —

733 1383 76 31 150,000|
819 1402 20 2 —
848 1387 2 22 |

704 1434 106 21 35,057,301|
819 1434 19 16 31
