<?xml version="1.0" encoding="UTF-8"?>
<alto xmlns="http://www.loc.gov/standards/alto/ns-v3#" xmlns:xlink="http://www.w3.org/1999/xlink" xmlns:xsi="http://www.w3.org/2001/XMLSchema-instance" xsi:schemaLocation="http://www.loc.gov/standards/alto/ns-v3# http://www.loc.gov/alto/v3/alto-3-0.xsd">
	<Description>
		<MeasurementUnit>pixel</MeasurementUnit>
		<sourceImageInformation>
			<fileName>/tmp/tess_6fbho4uk_input.PNG</fileName>
		</sourceImageInformation>
		<OCRProcessing ID="OCR_0">
			<ocrProcessingStep>
				<processingSoftware>
					<softwareName>tesseract 5.3.4</softwareName>
				</processingSoftware>
			</ocrProcessingStep>
		</OCRProcessing>
	</Description>
	<Layout>
		<Page WIDTH="1061" HEIGHT="1631" PHYSICAL_IMG_NR="0" ID="page_0">
			<PrintSpace HPOS="0" VPOS="0" WIDTH="1061" HEIGHT="1631">
				<ComposedBlock ID="cblock_0" HPOS="214" VPOS="140" WIDTH="524" HEIGHT="27">
					<TextBlock ID="block_0" HPOS="214" VPOS="140" WIDTH="524" HEIGHT="27">
						<TextLine ID="line_0" HPOS="214" VPOS="140" WIDTH="524" HEIGHT="27">
							<String ID="string_0" HPOS="214" VPOS="142" WIDTH="29" HEIGHT="19" WC="0.94" CONTENT="42"/><SP WIDTH="199" VPOS="142" HPOS="243"/>
							<String ID="string_1" HPOS="442" VPOS="140" WIDTH="22" HEIGHT="22" WC="0.88" CONTENT="U."/><SP WIDTH="18" VPOS="140" HPOS="464"/>
							<String ID="string_2" HPOS="482" VPOS="140" WIDTH="22" HEIGHT="22" WC="0.89" CONTENT="B."/><SP WIDTH="16" VPOS="140" HPOS="504"/>
							<String ID="string_3" HPOS="520" VPOS="152" WIDTH="29" HEIGHT="3" WC="0.89" CONTENT="—"/><SP WIDTH="17" VPOS="152" HPOS="549"/>
							<String ID="string_4" HPOS="566" VPOS="140" WIDTH="63" HEIGHT="27" WC="0.94" CONTENT="Prop."/><SP WIDTH="17" VPOS="140" HPOS="629"/>
							<String ID="string_5" HPOS="646" VPOS="140" WIDTH="38" HEIGHT="22" WC="0.96" CONTENT="N:o"/><SP WIDTH="16" VPOS="140" HPOS="684"/>
							<String ID="string_6" HPOS="700" VPOS="140" WIDTH="38" HEIGHT="22" WC="0.95" CONTENT="30."/>
						</TextLine>
					</TextBlock>
				</ComposedBlock>
				<ComposedBlock ID="cblock_1" HPOS="215" VPOS="204" WIDTH="753" HEIGHT="852">
					<TextBlock ID="block_1" HPOS="215" VPOS="204" WIDTH="753" HEIGHT="281">
						<TextLine ID="line_1" HPOS="215" VPOS="204" WIDTH="753" HEIGHT="30">
							<String ID="string_7" HPOS="215" VPOS="204" WIDTH="41" HEIGHT="23" WC="0.96" CONTENT="må"/><SP WIDTH="31" VPOS="204" HPOS="256"/>
							<String ID="string_8" HPOS="287" VPOS="205" WIDTH="92" HEIGHT="22" WC="0.75" CONTENT="lämnas"/><SP WIDTH="29" VPOS="205" HPOS="379"/>
							<String ID="string_9" HPOS="408" VPOS="205" WIDTH="123" HEIGHT="29" WC="0.91" CONTENT="oafgjordt."/><SP WIDTH="32" VPOS="205" HPOS="531"/>
							<String ID="string_10" HPOS="563" VPOS="205" WIDTH="87" HEIGHT="22" WC="0.96" CONTENT="Likaså"/><SP WIDTH="24" VPOS="205" HPOS="650"/>
							<String ID="string_11" HPOS="674" VPOS="205" WIDTH="65" HEIGHT="22" WC="0.96" CONTENT="torde"/><SP WIDTH="24" VPOS="205" HPOS="739"/>
							<String ID="string_12" HPOS="763" VPOS="205" WIDTH="57" HEIGHT="22" WC="0.96" CONTENT="böra"/><SP WIDTH="23" VPOS="205" HPOS="820"/>
							<String ID="string_13" HPOS="843" VPOS="205" WIDTH="125" HEIGHT="27" WC="0.96" CONTENT="erkännas,"/>
						</TextLine>
						<TextLine ID="line_2" HPOS="215" VPOS="241" WIDTH="753" HEIGHT="29">
							<String ID="string_14" HPOS="215" VPOS="242" WIDTH="36" HEIGHT="21" WC="0.96" CONTENT="att"/><SP WIDTH="25" VPOS="242" HPOS="251"/>
							<String ID="string_15" HPOS="276" VPOS="241" WIDTH="39" HEIGHT="22" WC="0.95" CONTENT="det"/><SP WIDTH="23" VPOS="241" HPOS="315"/>
							<String ID="string_16" HPOS="338" VPOS="247" WIDTH="65" HEIGHT="23" WC="0.95" CONTENT="gagn"/><SP WIDTH="24" VPOS="247" HPOS="403"/>
							<String ID="string_17" HPOS="427" VPOS="247" WIDTH="29" HEIGHT="16" WC="0.96" CONTENT="en"/><SP WIDTH="20" VPOS="247" HPOS="456"/>
							<String ID="string_18" HPOS="476" VPOS="241" WIDTH="115" HEIGHT="22" WC="0.96" CONTENT="kommun"/><SP WIDTH="16" VPOS="241" HPOS="591"/>
							<String ID="string_19" HPOS="607" VPOS="241" WIDTH="25" HEIGHT="22" WC="0.96" CONTENT="af"/><SP WIDTH="12" VPOS="241" HPOS="632"/>
							<String ID="string_20" HPOS="644" VPOS="242" WIDTH="104" HEIGHT="28" WC="0.96" CONTENT="järnväg"/><SP WIDTH="16" VPOS="242" HPOS="748"/>
							<String ID="string_21" HPOS="764" VPOS="241" WIDTH="43" HEIGHT="22" WC="0.96" CONTENT="har"/><SP WIDTH="16" VPOS="241" HPOS="807"/>
							<String ID="string_22" HPOS="823" VPOS="242" WIDTH="34" HEIGHT="21" WC="0.92" CONTENT="att"/><SP WIDTH="16" VPOS="242" HPOS="857"/>
							<String ID="string_23" HPOS="873" VPOS="242" WIDTH="95" HEIGHT="26" WC="0.91" CONTENT="emotse,"/>
						</TextLine>
						<TextLine ID="line_3" HPOS="215" VPOS="276" WIDTH="752" HEIGHT="29">
							<String ID="string_24" HPOS="215" VPOS="276" WIDTH="55" HEIGHT="23" WC="0.96" CONTENT="icke"/><SP WIDTH="20" VPOS="276" HPOS="270"/>
							<String ID="string_25" HPOS="290" VPOS="277" WIDTH="36" HEIGHT="22" WC="0.96" CONTENT="får"/><SP WIDTH="16" VPOS="277" HPOS="326"/>
							<String ID="string_26" HPOS="342" VPOS="277" WIDTH="113" HEIGHT="22" WC="0.96" CONTENT="bedömas"/><SP WIDTH="17" VPOS="277" HPOS="455"/>
							<String ID="string_27" HPOS="472" VPOS="277" WIDTH="91" HEIGHT="22" WC="0.96" CONTENT="ensamt"/><SP WIDTH="16" VPOS="277" HPOS="563"/>
							<String ID="string_28" HPOS="579" VPOS="276" WIDTH="55" HEIGHT="23" WC="0.96" CONTENT="med"/><SP WIDTH="16" VPOS="276" HPOS="634"/>
							<String ID="string_29" HPOS="650" VPOS="277" WIDTH="97" HEIGHT="28" WC="0.96" CONTENT="ledning"/><SP WIDTH="16" VPOS="277" HPOS="747"/>
							<String ID="string_30" HPOS="763" VPOS="277" WIDTH="25" HEIGHT="22" WC="0.96" CONTENT="af"/><SP WIDTH="16" VPOS="277" HPOS="788"/>
							<String ID="string_31" HPOS="804" VPOS="277" WIDTH="45" HEIGHT="22" WC="0.93" CONTENT="den"/><SP WIDTH="17" VPOS="277" HPOS="849"/>
							<String ID="string_32" HPOS="866" VPOS="278" WIDTH="101" HEIGHT="21" WC="0.92" CONTENT="omstän-"/>
						</TextLine>
						<TextLine ID="line_4" HPOS="215" VPOS="312" WIDTH="752" HEIGHT="29">
							<String ID="string_33" HPOS="215" VPOS="312" WIDTH="90" HEIGHT="29" WC="0.96" CONTENT="dighet,"/><SP WIDTH="25" VPOS="312" HPOS="305"/>
							<String ID="string_34" HPOS="330" VPOS="312" WIDTH="117" HEIGHT="23" WC="0.96" CONTENT="huruvida"/><SP WIDTH="21" VPOS="312" HPOS="447"/>
							<String ID="string_35" HPOS="468" VPOS="312" WIDTH="77" HEIGHT="23" WC="0.96" CONTENT="banan"/><SP WIDTH="18" VPOS="312" HPOS="545"/>
							<String ID="string_36" HPOS="563" VPOS="312" WIDTH="68" HEIGHT="23" WC="0.95" CONTENT="faller"/><SP WIDTH="16" VPOS="312" HPOS="631"/>
							<String ID="string_37" HPOS="647" VPOS="313" WIDTH="63" HEIGHT="22" WC="0.96" CONTENT="inom"/><SP WIDTH="16" VPOS="313" HPOS="710"/>
							<String ID="string_38" HPOS="726" VPOS="312" WIDTH="158" HEIGHT="23" WC="0.93" CONTENT="kommunens"/><SP WIDTH="16" VPOS="312" HPOS="884"/>
							<String ID="string_39" HPOS="900" VPOS="315" WIDTH="67" HEIGHT="26" WC="0.91" CONTENT="grän-"/>
						</TextLine>
						<TextLine ID="line_5" HPOS="215" VPOS="348" WIDTH="753" HEIGHT="29">
							<String ID="string_40" HPOS="215" VPOS="355" WIDTH="44" HEIGHT="15" WC="0.96" CONTENT="ser."/><SP WIDTH="33" VPOS="355" HPOS="259"/>
							<String ID="string_41" HPOS="292" VPOS="349" WIDTH="45" HEIGHT="22" WC="0.96" CONTENT="Det"/><SP WIDTH="19" VPOS="349" HPOS="337"/>
							<String ID="string_42" HPOS="356" VPOS="348" WIDTH="59" HEIGHT="23" WC="0.96" CONTENT="låter"/><SP WIDTH="20" VPOS="348" HPOS="415"/>
							<String ID="string_43" HPOS="435" VPOS="348" WIDTH="121" HEIGHT="29" WC="0.96" CONTENT="nämligen"/><SP WIDTH="16" VPOS="348" HPOS="556"/>
							<String ID="string_44" HPOS="572" VPOS="348" WIDTH="97" HEIGHT="29" WC="0.96" CONTENT="mycket"/><SP WIDTH="15" VPOS="348" HPOS="669"/>
							<String ID="string_45" HPOS="684" VPOS="349" WIDTH="39" HEIGHT="22" WC="0.96" CONTENT="väl"/><SP WIDTH="16" VPOS="349" HPOS="723"/>
							<String ID="string_46" HPOS="739" VPOS="348" WIDTH="74" HEIGHT="23" WC="0.96" CONTENT="tänka"/><SP WIDTH="16" VPOS="348" HPOS="813"/>
							<String ID="string_47" HPOS="829" VPOS="349" WIDTH="42" HEIGHT="28" WC="0.96" CONTENT="sig,"/><SP WIDTH="18" VPOS="349" HPOS="871"/>
							<String ID="string_48" HPOS="889" VPOS="349" WIDTH="35" HEIGHT="22" WC="0.96" CONTENT="att"/><SP WIDTH="15" VPOS="349" HPOS="924"/>
							<String ID="string_49" HPOS="939" VPOS="355" WIDTH="29" HEIGHT="16" WC="0.96" CONTENT="en"/>
						</TextLine>
						<TextLine ID="line_6" HPOS="216" VPOS="383" WIDTH="751" HEIGHT="30">
							<String ID="string_50" HPOS="216" VPOS="383" WIDTH="55" HEIGHT="23" WC="0.96" CONTENT="icke"/><SP WIDTH="17" VPOS="383" HPOS="271"/>
							<String ID="string_51" HPOS="288" VPOS="384" WIDTH="25" HEIGHT="22" WC="0.96" CONTENT="af"/><SP WIDTH="15" VPOS="384" HPOS="313"/>
							<String ID="string_52" HPOS="328" VPOS="384" WIDTH="74" HEIGHT="29" WC="0.96" CONTENT="linjen"/><SP WIDTH="16" VPOS="384" HPOS="402"/>
							<String ID="string_53" HPOS="418" VPOS="384" WIDTH="144" HEIGHT="23" WC="0.95" CONTENT="omedelbart"/><SP WIDTH="12" VPOS="384" HPOS="562"/>
							<String ID="string_54" HPOS="574" VPOS="384" WIDTH="84" HEIGHT="23" WC="0.95" CONTENT="berörd"/><SP WIDTH="13" VPOS="384" HPOS="658"/>
							<String ID="string_55" HPOS="671" VPOS="391" WIDTH="53" HEIGHT="16" WC="0.96" CONTENT="men"/><SP WIDTH="12" VPOS="391" HPOS="724"/>
							<String ID="string_56" HPOS="736" VPOS="384" WIDTH="156" HEIGHT="29" WC="0.93" CONTENT="närliggande"/><SP WIDTH="11" VPOS="384" HPOS="892"/>
							<String ID="string_57" HPOS="903" VPOS="384" WIDTH="64" HEIGHT="23" WC="0.92" CONTENT="kom-"/>
						</TextLine>
						<TextLine ID="line_7" HPOS="216" VPOS="419" WIDTH="752" HEIGHT="30">
							<String ID="string_58" HPOS="216" VPOS="426" WIDTH="59" HEIGHT="16" WC="0.96" CONTENT="mun"/><SP WIDTH="24" VPOS="426" HPOS="275"/>
							<String ID="string_59" HPOS="299" VPOS="419" WIDTH="60" HEIGHT="23" WC="0.94" CONTENT="skall"/><SP WIDTH="25" VPOS="419" HPOS="359"/>
							<String ID="string_60" HPOS="384" VPOS="419" WIDTH="24" HEIGHT="23" WC="0.96" CONTENT="af"/><SP WIDTH="24" VPOS="419" HPOS="408"/>
							<String ID="string_61" HPOS="432" VPOS="419" WIDTH="139" HEIGHT="23" WC="0.96" CONTENT="densamma"/><SP WIDTH="21" VPOS="419" HPOS="571"/>
							<String ID="string_62" HPOS="592" VPOS="419" WIDTH="72" HEIGHT="24" WC="0.96" CONTENT="hafva"/><SP WIDTH="20" VPOS="419" HPOS="664"/>
							<String ID="string_63" HPOS="684" VPOS="421" WIDTH="74" HEIGHT="22" WC="0.96" CONTENT="minst"/><SP WIDTH="15" VPOS="421" HPOS="758"/>
							<String ID="string_64" HPOS="773" VPOS="420" WIDTH="49" HEIGHT="22" WC="0.96" CONTENT="lika"/><SP WIDTH="16" VPOS="420" HPOS="822"/>
							<String ID="string_65" HPOS="838" VPOS="420" WIDTH="48" HEIGHT="23" WC="0.96" CONTENT="stor"/><SP WIDTH="15" VPOS="420" HPOS="886"/>
							<String ID="string_66" HPOS="901" VPOS="421" WIDTH="67" HEIGHT="28" WC="0.96" CONTENT="nytta"/>
						</TextLine>
						<TextLine ID="line_8" HPOS="217" VPOS="455" WIDTH="584" HEIGHT="30">
							<String ID="string_67" HPOS="217" VPOS="462" WIDTH="51" HEIGHT="15" WC="0.96" CONTENT="som"/><SP WIDTH="17" VPOS="462" HPOS="268"/>
							<String ID="string_68" HPOS="285" VPOS="455" WIDTH="54" HEIGHT="28" WC="0.96" CONTENT="den,"/><SP WIDTH="17" VPOS="455" HPOS="339"/>
							<String ID="string_69" HPOS="356" VPOS="462" WIDTH="86" HEIGHT="23" WC="0.96" CONTENT="genom"/><SP WIDTH="16" VPOS="462" HPOS="442"/>
							<String ID="string_70" HPOS="458" VPOS="455" WIDTH="95" HEIGHT="23" WC="0.96" CONTENT="hvilken"/><SP WIDTH="17" VPOS="455" HPOS="553"/>
							<String ID="string_71" HPOS="570" VPOS="455" WIDTH="78" HEIGHT="23" WC="0.96" CONTENT="banan"/><SP WIDTH="17" VPOS="455" HPOS="648"/>
							<String ID="string_72" HPOS="665" VPOS="458" WIDTH="26" HEIGHT="20" WC="0.96" CONTENT="är"/><SP WIDTH="15" VPOS="458" HPOS="691"/>
							<String ID="string_73" HPOS="706" VPOS="455" WIDTH="95" HEIGHT="30" WC="0.96" CONTENT="dragen."/>
						</TextLine>
					</TextBlock>
					<TextBlock ID="block_2" HPOS="215" VPOS="491" WIDTH="753" HEIGHT="237">
						<TextLine ID="line_9" HPOS="289" VPOS="491" WIDTH="679" HEIGHT="23">
							<String ID="string_74" HPOS="289" VPOS="491" WIDTH="53" HEIGHT="22" WC="0.96" CONTENT="Med"/><SP WIDTH="23" VPOS="491" HPOS="342"/>
							<String ID="string_75" HPOS="365" VPOS="491" WIDTH="53" HEIGHT="22" WC="0.96" CONTENT="stöd"/><SP WIDTH="24" VPOS="491" HPOS="418"/>
							<String ID="string_76" HPOS="442" VPOS="491" WIDTH="24" HEIGHT="23" WC="0.96" CONTENT="af"/><SP WIDTH="23" VPOS="491" HPOS="466"/>
							<String ID="string_77" HPOS="489" VPOS="491" WIDTH="62" HEIGHT="22" WC="0.96" CONTENT="hvad"/><SP WIDTH="20" VPOS="491" HPOS="551"/>
							<String ID="string_78" HPOS="571" VPOS="491" WIDTH="70" HEIGHT="23" WC="0.96" CONTENT="ofvan"/><SP WIDTH="17" VPOS="491" HPOS="641"/>
							<String ID="string_79" HPOS="658" VPOS="491" WIDTH="89" HEIGHT="23" WC="0.96" CONTENT="anförts"/><SP WIDTH="16" VPOS="491" HPOS="747"/>
							<String ID="string_80" HPOS="763" VPOS="491" WIDTH="44" HEIGHT="23" WC="0.96" CONTENT="och"/><SP WIDTH="16" VPOS="491" HPOS="807"/>
							<String ID="string_81" HPOS="823" VPOS="491" WIDTH="30" HEIGHT="23" WC="0.96" CONTENT="då"/><SP WIDTH="16" VPOS="491" HPOS="853"/>
							<String ID="string_82" HPOS="869" VPOS="498" WIDTH="29" HEIGHT="15" WC="0.96" CONTENT="en"/><SP WIDTH="16" VPOS="498" HPOS="898"/>
							<String ID="string_83" HPOS="914" VPOS="491" WIDTH="54" HEIGHT="22" WC="0.96" CONTENT="med"/>
						</TextLine>
						<TextLine ID="line_10" HPOS="217" VPOS="526" WIDTH="750" HEIGHT="24">
							<String ID="string_84" HPOS="217" VPOS="526" WIDTH="112" HEIGHT="23" WC="0.93" CONTENT="afseende"/><SP WIDTH="24" VPOS="526" HPOS="329"/>
							<String ID="string_85" HPOS="353" VPOS="527" WIDTH="14" HEIGHT="22" WC="0.91" CONTENT="å"/><SP WIDTH="20" VPOS="527" HPOS="367"/>
							<String ID="string_86" HPOS="387" VPOS="527" WIDTH="29" HEIGHT="22" WC="0.96" CONTENT="de"/><SP WIDTH="20" VPOS="527" HPOS="416"/>
							<String ID="string_87" HPOS="436" VPOS="534" WIDTH="33" HEIGHT="15" WC="0.96" CONTENT="nu"/><SP WIDTH="16" VPOS="534" HPOS="469"/>
							<String ID="string_88" HPOS="485" VPOS="528" WIDTH="8" HEIGHT="21" WC="0.93" CONTENT="i"/><SP WIDTH="16" VPOS="528" HPOS="493"/>
							<String ID="string_89" HPOS="509" VPOS="528" WIDTH="82" HEIGHT="21" WC="0.92" CONTENT="trenne"/><SP WIDTH="17" VPOS="528" HPOS="591"/>
							<String ID="string_90" HPOS="608" VPOS="527" WIDTH="24" HEIGHT="22" WC="0.96" CONTENT="af"/><SP WIDTH="15" VPOS="527" HPOS="632"/>
							<String ID="string_91" HPOS="647" VPOS="527" WIDTH="92" HEIGHT="23" WC="0.96" CONTENT="landets"/><SP WIDTH="17" VPOS="527" HPOS="739"/>
							<String ID="string_92" HPOS="756" VPOS="527" WIDTH="62" HEIGHT="23" WC="0.96" CONTENT="olika"/><SP WIDTH="16" VPOS="527" HPOS="818"/>
							<String ID="string_93" HPOS="834" VPOS="527" WIDTH="64" HEIGHT="23" WC="0.93" CONTENT="delar"/><SP WIDTH="16" VPOS="527" HPOS="898"/>
							<String ID="string_94" HPOS="914" VPOS="526" WIDTH="53" HEIGHT="23" WC="0.92" CONTENT="ifrå-"/>
						</TextLine>
						<TextLine ID="line_11" HPOS="217" VPOS="563" WIDTH="750" HEIGHT="29">
							<String ID="string_95" HPOS="217" VPOS="564" WIDTH="96" HEIGHT="27" WC="0.91" CONTENT="gasatta"/><SP WIDTH="13" VPOS="564" HPOS="313"/>
							<String ID="string_96" HPOS="326" VPOS="564" WIDTH="161" HEIGHT="28" WC="0.95" CONTENT="järnvägarna"/><SP WIDTH="11" VPOS="564" HPOS="487"/>
							<String ID="string_97" HPOS="498" VPOS="569" WIDTH="96" HEIGHT="16" WC="0.95" CONTENT="vunnen"/><SP WIDTH="11" VPOS="569" HPOS="594"/>
							<String ID="string_98" HPOS="605" VPOS="563" WIDTH="133" HEIGHT="22" WC="0.95" CONTENT="erfarenhet"/><SP WIDTH="11" VPOS="563" HPOS="738"/>
							<String ID="string_99" HPOS="749" VPOS="563" WIDTH="147" HEIGHT="29" WC="0.96" CONTENT="väsentligen"/><SP WIDTH="11" VPOS="563" HPOS="896"/>
							<String ID="string_100" HPOS="907" VPOS="563" WIDTH="60" HEIGHT="22" WC="0.96" CONTENT="skall"/>
						</TextLine>
						<TextLine ID="line_12" HPOS="216" VPOS="598" WIDTH="751" HEIGHT="29">
							<String ID="string_101" HPOS="216" VPOS="598" WIDTH="137" HEIGHT="23" WC="0.96" CONTENT="underlätta"/><SP WIDTH="23" VPOS="598" HPOS="353"/>
							<String ID="string_102" HPOS="376" VPOS="598" WIDTH="45" HEIGHT="23" WC="0.96" CONTENT="den"/><SP WIDTH="23" VPOS="598" HPOS="421"/>
							<String ID="string_103" HPOS="444" VPOS="599" WIDTH="113" HEIGHT="22" WC="0.96" CONTENT="framtida"/><SP WIDTH="23" VPOS="599" HPOS="557"/>
							<String ID="string_104" HPOS="580" VPOS="599" WIDTH="124" HEIGHT="28" WC="0.96" CONTENT="lösningen"/><SP WIDTH="24" VPOS="599" HPOS="704"/>
							<String ID="string_105" HPOS="728" VPOS="599" WIDTH="25" HEIGHT="22" WC="0.96" CONTENT="af"/><SP WIDTH="20" VPOS="599" HPOS="753"/>
							<String ID="string_106" HPOS="773" VPOS="598" WIDTH="84" HEIGHT="29" WC="0.95" CONTENT="frågan"/><SP WIDTH="20" VPOS="598" HPOS="857"/>
							<String ID="string_107" HPOS="877" VPOS="605" WIDTH="36" HEIGHT="16" WC="0.90" CONTENT="om"/><SP WIDTH="18" VPOS="605" HPOS="913"/>
							<String ID="string_108" HPOS="931" VPOS="605" WIDTH="36" HEIGHT="16" WC="0.89" CONTENT="ex-"/>
						</TextLine>
						<TextLine ID="line_13" HPOS="216" VPOS="633" WIDTH="752" HEIGHT="30">
							<String ID="string_109" HPOS="216" VPOS="635" WIDTH="323" HEIGHT="28" WC="0.91" CONTENT="propriationskostnaderna,"/><SP WIDTH="17" VPOS="635" HPOS="539"/>
							<String ID="string_110" HPOS="556" VPOS="634" WIDTH="37" HEIGHT="23" WC="0.96" CONTENT="får"/><SP WIDTH="19" VPOS="634" HPOS="593"/>
							<String ID="string_111" HPOS="612" VPOS="633" WIDTH="121" HEIGHT="24" WC="0.93" CONTENT="Utskottet"/><SP WIDTH="14" VPOS="633" HPOS="733"/>
							<String ID="string_112" HPOS="747" VPOS="634" WIDTH="121" HEIGHT="23" WC="0.92" CONTENT="vördsamt"/><SP WIDTH="15" VPOS="634" HPOS="868"/>
							<String ID="string_113" HPOS="883" VPOS="633" WIDTH="85" HEIGHT="24" WC="0.96" CONTENT="föreslå"/>
						</TextLine>
						<TextLine ID="line_14" HPOS="216" VPOS="670" WIDTH="752" HEIGHT="29">
							<String ID="string_114" HPOS="216" VPOS="671" WIDTH="36" HEIGHT="21" WC="0.96" CONTENT="att"/><SP WIDTH="23" VPOS="671" HPOS="252"/>
							<String ID="string_115" HPOS="275" VPOS="670" WIDTH="92" HEIGHT="23" WC="0.93" CONTENT="landets"/><SP WIDTH="24" VPOS="670" HPOS="367"/>
							<String ID="string_116" HPOS="391" VPOS="670" WIDTH="100" HEIGHT="23" WC="0.91" CONTENT="Ständer"/><SP WIDTH="18" VPOS="670" HPOS="491"/>
							<String ID="string_117" HPOS="509" VPOS="670" WIDTH="54" HEIGHT="23" WC="0.96" CONTENT="ville"/><SP WIDTH="22" VPOS="670" HPOS="563"/>
							<String ID="string_118" HPOS="585" VPOS="670" WIDTH="91" HEIGHT="23" WC="0.96" CONTENT="besluta"/><SP WIDTH="16" VPOS="670" HPOS="676"/>
							<String ID="string_119" HPOS="692" VPOS="671" WIDTH="35" HEIGHT="22" WC="0.93" CONTENT="att"/><SP WIDTH="15" VPOS="671" HPOS="727"/>
							<String ID="string_120" HPOS="742" VPOS="670" WIDTH="172" HEIGHT="29" WC="0.91" CONTENT="underdånigst"/><SP WIDTH="16" VPOS="670" HPOS="914"/>
							<String ID="string_121" HPOS="930" VPOS="677" WIDTH="38" HEIGHT="15" WC="0.91" CONTENT="an-"/>
						</TextLine>
						<TextLine ID="line_15" HPOS="215" VPOS="705" WIDTH="76" HEIGHT="23">
							<String ID="string_122" HPOS="215" VPOS="705" WIDTH="76" HEIGHT="23" WC="0.87" CONTENT="hålla:"/>
						</TextLine>
					</TextBlock>
					<TextBlock ID="block_3" HPOS="429" VPOS="742" WIDTH="539" HEIGHT="314">
						<TextLine ID="line_16" HPOS="505" VPOS="742" WIDTH="461" HEIGHT="28">
							<String ID="string_123" HPOS="505" VPOS="744" WIDTH="31" HEIGHT="20" WC="0.94" CONTENT="att"/><SP WIDTH="23" VPOS="744" HPOS="536"/>
							<String ID="string_124" HPOS="559" VPOS="743" WIDTH="36" HEIGHT="27" WC="0.96" CONTENT="för"/><SP WIDTH="25" VPOS="743" HPOS="595"/>
							<String ID="string_125" HPOS="620" VPOS="750" WIDTH="31" HEIGHT="13" WC="0.96" CONTENT="nu"/><SP WIDTH="24" VPOS="750" HPOS="651"/>
							<String ID="string_126" HPOS="675" VPOS="742" WIDTH="135" HEIGHT="28" WC="0.93" CONTENT="ifrågasatta"/><SP WIDTH="24" VPOS="742" HPOS="810"/>
							<String ID="string_127" HPOS="834" VPOS="743" WIDTH="80" HEIGHT="20" WC="0.91" CONTENT="banors"/><SP WIDTH="20" VPOS="743" HPOS="914"/>
							<String ID="string_128" HPOS="934" VPOS="742" WIDTH="32" HEIGHT="21" WC="0.87" CONTENT="be-"/>
						</TextLine>
						<TextLine ID="line_17" HPOS="434" VPOS="778" WIDTH="533" HEIGHT="28">
							<String ID="string_129" HPOS="434" VPOS="778" WIDTH="107" HEIGHT="28" WC="0.96" CONTENT="läggande"/><SP WIDTH="17" VPOS="778" HPOS="541"/>
							<String ID="string_130" HPOS="558" VPOS="780" WIDTH="48" HEIGHT="19" WC="0.93" CONTENT="med"/><SP WIDTH="16" VPOS="780" HPOS="606"/>
							<String ID="string_131" HPOS="622" VPOS="778" WIDTH="72" HEIGHT="21" WC="0.91" CONTENT="arhete"/><SP WIDTH="16" VPOS="778" HPOS="694"/>
							<String ID="string_132" HPOS="710" VPOS="779" WIDTH="68" HEIGHT="20" WC="0.93" CONTENT="måtte"/><SP WIDTH="16" VPOS="779" HPOS="778"/>
							<String ID="string_133" HPOS="794" VPOS="778" WIDTH="126" HEIGHT="27" WC="0.91" CONTENT="uppställas"/><SP WIDTH="13" VPOS="778" HPOS="920"/>
							<String ID="string_134" HPOS="933" VPOS="778" WIDTH="34" HEIGHT="21" WC="0.93" CONTENT="sä-"/>
						</TextLine>
						<TextLine ID="line_18" HPOS="432" VPOS="813" WIDTH="536" HEIGHT="28">
							<String ID="string_135" HPOS="432" VPOS="814" WIDTH="47" HEIGHT="21" WC="0.95" CONTENT="som"/><SP WIDTH="23" VPOS="814" HPOS="479"/>
							<String ID="string_136" HPOS="502" VPOS="814" WIDTH="76" HEIGHT="27" WC="0.95" CONTENT="vilkor,"/><SP WIDTH="22" VPOS="814" HPOS="578"/>
							<String ID="string_137" HPOS="600" VPOS="815" WIDTH="32" HEIGHT="20" WC="0.93" CONTENT="att"/><SP WIDTH="20" VPOS="815" HPOS="632"/>
							<String ID="string_138" HPOS="652" VPOS="814" WIDTH="129" HEIGHT="21" WC="0.96" CONTENT="kommuner"/><SP WIDTH="16" VPOS="814" HPOS="781"/>
							<String ID="string_139" HPOS="797" VPOS="814" WIDTH="54" HEIGHT="21" WC="0.96" CONTENT="eller"/><SP WIDTH="16" VPOS="814" HPOS="851"/>
							<String ID="string_140" HPOS="867" VPOS="813" WIDTH="101" HEIGHT="22" WC="0.96" CONTENT="enskilda"/>
						</TextLine>
						<TextLine ID="line_19" HPOS="429" VPOS="849" WIDTH="539" HEIGHT="28">
							<String ID="string_141" HPOS="429" VPOS="857" WIDTH="107" HEIGHT="20" WC="0.96" CONTENT="personer"/><SP WIDTH="16" VPOS="857" HPOS="536"/>
							<String ID="string_142" HPOS="552" VPOS="849" WIDTH="8" HEIGHT="22" WC="0.95" CONTENT="i"/><SP WIDTH="15" VPOS="849" HPOS="560"/>
							<String ID="string_143" HPOS="575" VPOS="849" WIDTH="77" HEIGHT="28" WC="0.93" CONTENT="förväg"/><SP WIDTH="20" VPOS="849" HPOS="652"/>
							<String ID="string_144" HPOS="672" VPOS="850" WIDTH="87" HEIGHT="27" WC="0.92" CONTENT="utfästa"/><SP WIDTH="15" VPOS="850" HPOS="759"/>
							<String ID="string_145" HPOS="774" VPOS="849" WIDTH="33" HEIGHT="28" WC="0.96" CONTENT="sig"/><SP WIDTH="17" VPOS="849" HPOS="807"/>
							<String ID="string_146" HPOS="824" VPOS="851" WIDTH="32" HEIGHT="20" WC="0.93" CONTENT="att"/><SP WIDTH="16" VPOS="851" HPOS="856"/>
							<String ID="string_147" HPOS="872" VPOS="857" WIDTH="96" HEIGHT="14" WC="0.96" CONTENT="ansvara"/>
						</TextLine>
						<TextLine ID="line_20" HPOS="433" VPOS="885" WIDTH="534" HEIGHT="28">
							<String ID="string_148" HPOS="433" VPOS="885" WIDTH="35" HEIGHT="28" WC="0.96" CONTENT="för"/><SP WIDTH="24" VPOS="885" HPOS="468"/>
							<String ID="string_149" HPOS="492" VPOS="885" WIDTH="36" HEIGHT="22" WC="0.93" CONTENT="det"/><SP WIDTH="15" VPOS="885" HPOS="528"/>
							<String ID="string_150" HPOS="543" VPOS="885" WIDTH="76" HEIGHT="28" WC="0.92" CONTENT="belopp"/><SP WIDTH="16" VPOS="885" HPOS="619"/>
							<String ID="string_151" HPOS="635" VPOS="885" WIDTH="105" HEIGHT="22" WC="0.92" CONTENT="hvarmed"/><SP WIDTH="14" VPOS="885" HPOS="740"/>
							<String ID="string_152" HPOS="754" VPOS="885" WIDTH="111" HEIGHT="27" WC="0.92" CONTENT="jordlösen"/><SP WIDTH="17" VPOS="885" HPOS="865"/>
							<String ID="string_153" HPOS="882" VPOS="885" WIDTH="38" HEIGHT="22" WC="0.93" CONTENT="och"/><SP WIDTH="15" VPOS="885" HPOS="920"/>
							<String ID="string_154" HPOS="935" VPOS="892" WIDTH="32" HEIGHT="14" WC="0.92" CONTENT="er-"/>
						</TextLine>
						<TextLine ID="line_21" HPOS="433" VPOS="921" WIDTH="534" HEIGHT="28">
							<String ID="string_155" HPOS="433" VPOS="921" WIDTH="100" HEIGHT="28" WC="0.92" CONTENT="sättning"/><SP WIDTH="19" VPOS="921" HPOS="533"/>
							<String ID="string_156" HPOS="552" VPOS="921" WIDTH="36" HEIGHT="27" WC="0.96" CONTENT="för"/><SP WIDTH="21" VPOS="921" HPOS="588"/>
							<String ID="string_157" HPOS="609" VPOS="921" WIDTH="27" HEIGHT="27" WC="0.93" CONTENT="af"/><SP WIDTH="13" VPOS="921" HPOS="636"/>
							<String ID="string_158" HPOS="649" VPOS="921" WIDTH="98" HEIGHT="28" WC="0.91" CONTENT="järnväg"/><SP WIDTH="18" VPOS="921" HPOS="747"/>
							<String ID="string_159" HPOS="765" VPOS="921" WIDTH="143" HEIGHT="27" WC="0.91" CONTENT="förorsakade"/><SP WIDTH="16" VPOS="921" HPOS="908"/>
							<String ID="string_160" HPOS="924" VPOS="921" WIDTH="43" HEIGHT="21" WC="0.92" CONTENT="olä-"/>
						</TextLine>
						<TextLine ID="line_22" HPOS="432" VPOS="957" WIDTH="536" HEIGHT="28">
							<String ID="string_161" HPOS="432" VPOS="957" WIDTH="102" HEIGHT="28" WC="0.90" CONTENT="genheter"/><SP WIDTH="19" VPOS="957" HPOS="534"/>
							<String ID="string_162" HPOS="553" VPOS="957" WIDTH="44" HEIGHT="21" WC="0.96" CONTENT="kan"/><SP WIDTH="17" VPOS="957" HPOS="597"/>
							<String ID="string_163" HPOS="614" VPOS="957" WIDTH="86" HEIGHT="22" WC="0.96" CONTENT="komma"/><SP WIDTH="19" VPOS="957" HPOS="700"/>
							<String ID="string_164" HPOS="719" VPOS="959" WIDTH="32" HEIGHT="19" WC="0.93" CONTENT="att"/><SP WIDTH="11" VPOS="959" HPOS="751"/>
							<String ID="string_165" HPOS="762" VPOS="957" WIDTH="138" HEIGHT="27" WC="0.92" CONTENT="öfverskrida"/><SP WIDTH="10" VPOS="957" HPOS="900"/>
							<String ID="string_166" HPOS="910" VPOS="957" WIDTH="58" HEIGHT="21" WC="0.91" CONTENT="hvad"/>
						</TextLine>
						<TextLine ID="line_23" HPOS="432" VPOS="992" WIDTH="534" HEIGHT="29">
							<String ID="string_167" HPOS="432" VPOS="993" WIDTH="120" HEIGHT="28" WC="0.89" CONTENT="Styrelsen,"/><SP WIDTH="22" VPOS="993" HPOS="552"/>
							<String ID="string_168" HPOS="574" VPOS="993" WIDTH="32" HEIGHT="27" WC="0.96" CONTENT="pä"/><SP WIDTH="24" VPOS="993" HPOS="606"/>
							<String ID="string_169" HPOS="630" VPOS="993" WIDTH="74" HEIGHT="28" WC="0.96" CONTENT="grund"/><SP WIDTH="25" VPOS="993" HPOS="704"/>
							<String ID="string_170" HPOS="729" VPOS="993" WIDTH="28" HEIGHT="27" WC="0.96" CONTENT="af"/><SP WIDTH="18" VPOS="993" HPOS="757"/>
							<String ID="string_171" HPOS="775" VPOS="992" WIDTH="98" HEIGHT="22" WC="0.93" CONTENT="särskild"/><SP WIDTH="17" VPOS="992" HPOS="873"/>
							<String ID="string_172" HPOS="890" VPOS="993" WIDTH="76" HEIGHT="21" WC="0.93" CONTENT="värde-"/>
						</TextLine>
						<TextLine ID="line_24" HPOS="432" VPOS="1028" WIDTH="535" HEIGHT="28">
							<String ID="string_173" HPOS="432" VPOS="1028" WIDTH="58" HEIGHT="28" WC="0.96" CONTENT="ring,"/><SP WIDTH="16" VPOS="1028" HPOS="490"/>
							<String ID="string_174" HPOS="506" VPOS="1028" WIDTH="9" HEIGHT="21" WC="0.93" CONTENT="i"/><SP WIDTH="17" VPOS="1028" HPOS="515"/>
							<String ID="string_175" HPOS="532" VPOS="1029" WIDTH="90" HEIGHT="27" WC="0.87" CONTENT="anfördt"/><SP WIDTH="24" VPOS="1029" HPOS="622"/>
							<String ID="string_176" HPOS="646" VPOS="1028" WIDTH="103" HEIGHT="27" WC="0.93" CONTENT="afseende"/><SP WIDTH="20" VPOS="1028" HPOS="749"/>
							<String ID="string_177" HPOS="769" VPOS="1029" WIDTH="91" HEIGHT="27" WC="0.91" CONTENT="pröfvat"/><SP WIDTH="15" VPOS="1029" HPOS="860"/>
							<String ID="string_178" HPOS="875" VPOS="1028" WIDTH="92" HEIGHT="28" WC="0.96" CONTENT="skäligt;"/>
						</TextLine>
					</TextBlock>
				</ComposedBlock>
				<ComposedBlock ID="cblock_2" HPOS="289" VPOS="1100" WIDTH="683" HEIGHT="386">
					<TextBlock ID="block_4" HPOS="431" VPOS="1100" WIDTH="541" HEIGHT="344">
						<TextLine ID="line_25" HPOS="504" VPOS="1100" WIDTH="468" HEIGHT="28">
							<String ID="string_179" HPOS="504" VPOS="1102" WIDTH="32" HEIGHT="20" WC="0.76" CONTENT="att"/><SP WIDTH="33" VPOS="1102" HPOS="536"/>
							<String ID="string_180" HPOS="569" VPOS="1100" WIDTH="83" HEIGHT="28" WC="0.83" CONTENT="frågan"/><SP WIDTH="28" VPOS="1100" HPOS="652"/>
							<String ID="string_181" HPOS="680" VPOS="1108" WIDTH="33" HEIGHT="14" WC="0.89" CONTENT="om"/><SP WIDTH="27" VPOS="1108" HPOS="713"/>
							<String ID="string_182" HPOS="740" VPOS="1100" WIDTH="176" HEIGHT="28" WC="0.77" CONTENT="nedbringandet"/><SP WIDTH="28" VPOS="1100" HPOS="916"/>
							<String ID="string_183" HPOS="944" VPOS="1100" WIDTH="28" HEIGHT="28" WC="0.95" CONTENT="af"/>
						</TextLine>
						<TextLine ID="line_26" HPOS="434" VPOS="1136" WIDTH="534" HEIGHT="28">
							<String ID="string_184" HPOS="434" VPOS="1136" WIDTH="332" HEIGHT="28" WC="0.85" CONTENT="expropriationskostnaderna"/><SP WIDTH="23" VPOS="1136" HPOS="766"/>
							<String ID="string_185" HPOS="789" VPOS="1136" WIDTH="37" HEIGHT="22" WC="0.96" CONTENT="vid"/><SP WIDTH="21" VPOS="1136" HPOS="826"/>
							<String ID="string_186" HPOS="847" VPOS="1136" WIDTH="121" HEIGHT="28" WC="0.91" CONTENT="byggandet"/>
						</TextLine>
						<TextLine ID="line_27" HPOS="434" VPOS="1172" WIDTH="534" HEIGHT="28">
							<String ID="string_187" HPOS="434" VPOS="1172" WIDTH="28" HEIGHT="28" WC="0.92" CONTENT="af"/><SP WIDTH="4" VPOS="1172" HPOS="462"/>
							<String ID="string_188" HPOS="466" VPOS="1172" WIDTH="165" HEIGHT="28" WC="0.91" CONTENT="statsjärnvägi"/><SP WIDTH="8" VPOS="1172" HPOS="631"/>
							<String ID="string_189" HPOS="639" VPOS="1172" WIDTH="104" HEIGHT="22" WC="0.93" CONTENT="Finland"/><SP WIDTH="4" VPOS="1172" HPOS="743"/>
							<String ID="string_190" HPOS="747" VPOS="1172" WIDTH="66" HEIGHT="22" WC="0.90" CONTENT="mätte"/><SP WIDTH="6" VPOS="1172" HPOS="813"/>
							<String ID="string_191" HPOS="819" VPOS="1172" WIDTH="149" HEIGHT="22" WC="0.90" CONTENT="underkastas"/>
						</TextLine>
						<TextLine ID="line_28" HPOS="434" VPOS="1208" WIDTH="534" HEIGHT="28">
							<String ID="string_192" HPOS="434" VPOS="1208" WIDTH="119" HEIGHT="28" WC="0.91" CONTENT="beredning"/><SP WIDTH="15" VPOS="1208" HPOS="553"/>
							<String ID="string_193" HPOS="568" VPOS="1208" WIDTH="9" HEIGHT="21" WC="0.96" CONTENT="i"/><SP WIDTH="15" VPOS="1208" HPOS="577"/>
							<String ID="string_194" HPOS="592" VPOS="1208" WIDTH="56" HEIGHT="28" WC="0.96" CONTENT="syfte"/><SP WIDTH="20" VPOS="1208" HPOS="648"/>
							<String ID="string_195" HPOS="668" VPOS="1210" WIDTH="32" HEIGHT="20" WC="0.96" CONTENT="att"/><SP WIDTH="15" VPOS="1210" HPOS="700"/>
							<String ID="string_196" HPOS="715" VPOS="1208" WIDTH="75" HEIGHT="21" WC="0.93" CONTENT="denna"/><SP WIDTH="16" VPOS="1208" HPOS="790"/>
							<String ID="string_197" HPOS="806" VPOS="1208" WIDTH="92" HEIGHT="22" WC="0.91" CONTENT="kostnad"/><SP WIDTH="16" VPOS="1208" HPOS="898"/>
							<String ID="string_198" HPOS="914" VPOS="1208" WIDTH="54" HEIGHT="21" WC="0.97" CONTENT="eller"/>
						</TextLine>
						<TextLine ID="line_29" HPOS="432" VPOS="1244" WIDTH="536" HEIGHT="28">
							<String ID="string_199" HPOS="432" VPOS="1244" WIDTH="36" HEIGHT="21" WC="0.93" CONTENT="del"/><SP WIDTH="18" VPOS="1244" HPOS="468"/>
							<String ID="string_200" HPOS="486" VPOS="1244" WIDTH="71" HEIGHT="27" WC="0.92" CONTENT="däraf"/><SP WIDTH="16" VPOS="1244" HPOS="557"/>
							<String ID="string_201" HPOS="573" VPOS="1244" WIDTH="105" HEIGHT="28" WC="0.96" CONTENT="antingen"/><SP WIDTH="13" VPOS="1244" HPOS="678"/>
							<String ID="string_202" HPOS="691" VPOS="1244" WIDTH="33" HEIGHT="27" WC="0.96" CONTENT="pä"/><SP WIDTH="15" VPOS="1244" HPOS="724"/>
							<String ID="string_203" HPOS="739" VPOS="1244" WIDTH="75" HEIGHT="28" WC="0.96" CONTENT="grund"/><SP WIDTH="17" VPOS="1244" HPOS="814"/>
							<String ID="string_204" HPOS="831" VPOS="1244" WIDTH="27" HEIGHT="27" WC="0.93" CONTENT="af"/><SP WIDTH="11" VPOS="1244" HPOS="858"/>
							<String ID="string_205" HPOS="869" VPOS="1244" WIDTH="99" HEIGHT="27" WC="0.92" CONTENT="förutgä-"/>
						</TextLine>
						<TextLine ID="line_30" HPOS="432" VPOS="1279" WIDTH="536" HEIGHT="28">
							<String ID="string_206" HPOS="432" VPOS="1280" WIDTH="54" HEIGHT="20" WC="0.93" CONTENT="ende"/><SP WIDTH="25" VPOS="1280" HPOS="486"/>
							<String ID="string_207" HPOS="511" VPOS="1280" WIDTH="56" HEIGHT="27" WC="0.92" CONTENT="aftal"/><SP WIDTH="24" VPOS="1280" HPOS="567"/>
							<String ID="string_208" HPOS="591" VPOS="1280" WIDTH="52" HEIGHT="20" WC="0.95" CONTENT="eller"/><SP WIDTH="19" VPOS="1280" HPOS="643"/>
							<String ID="string_209" HPOS="662" VPOS="1286" WIDTH="79" HEIGHT="21" WC="0.96" CONTENT="genom"/><SP WIDTH="19" VPOS="1286" HPOS="741"/>
							<String ID="string_210" HPOS="760" VPOS="1279" WIDTH="98" HEIGHT="21" WC="0.93" CONTENT="särskild"/><SP WIDTH="17" VPOS="1279" HPOS="858"/>
							<String ID="string_211" HPOS="875" VPOS="1279" WIDTH="93" HEIGHT="28" WC="0.84" CONTENT="lagstift-"/>
						</TextLine>
						<TextLine ID="line_31" HPOS="432" VPOS="1315" WIDTH="536" HEIGHT="28">
							<String ID="string_212" HPOS="432" VPOS="1315" WIDTH="147" HEIGHT="28" WC="0.86" CONTENT="ningsätgärd"/><SP WIDTH="19" VPOS="1315" HPOS="579"/>
							<String ID="string_213" HPOS="598" VPOS="1315" WIDTH="112" HEIGHT="27" WC="0.90" CONTENT="ähvälfves"/><SP WIDTH="17" VPOS="1315" HPOS="710"/>
							<String ID="string_214" HPOS="727" VPOS="1315" WIDTH="26" HEIGHT="21" WC="0.96" CONTENT="de"/><SP WIDTH="16" VPOS="1315" HPOS="753"/>
							<String ID="string_215" HPOS="769" VPOS="1316" WIDTH="129" HEIGHT="20" WC="0.96" CONTENT="kommuner"/><SP WIDTH="16" VPOS="1316" HPOS="898"/>
							<String ID="string_216" HPOS="914" VPOS="1315" WIDTH="54" HEIGHT="21" WC="0.96" CONTENT="eller"/>
						</TextLine>
						<TextLine ID="line_32" HPOS="432" VPOS="1350" WIDTH="536" HEIGHT="28">
							<String ID="string_217" HPOS="432" VPOS="1350" WIDTH="101" HEIGHT="22" WC="0.96" CONTENT="enskilda"/><SP WIDTH="12" VPOS="1350" HPOS="533"/>
							<String ID="string_218" HPOS="545" VPOS="1358" WIDTH="114" HEIGHT="20" WC="0.92" CONTENT="personer,"/><SP WIDTH="17" VPOS="1358" HPOS="659"/>
							<String ID="string_219" HPOS="676" VPOS="1350" WIDTH="75" HEIGHT="22" WC="0.92" CONTENT="hvilka"/><SP WIDTH="16" VPOS="1350" HPOS="751"/>
							<String ID="string_220" HPOS="767" VPOS="1352" WIDTH="101" HEIGHT="20" WC="0.96" CONTENT="närmast"/><SP WIDTH="14" VPOS="1352" HPOS="868"/>
							<String ID="string_221" HPOS="882" VPOS="1351" WIDTH="86" HEIGHT="21" WC="0.96" CONTENT="komma"/>
						</TextLine>
						<TextLine ID="line_33" HPOS="434" VPOS="1385" WIDTH="533" HEIGHT="30">
							<String ID="string_222" HPOS="434" VPOS="1388" WIDTH="32" HEIGHT="20" WC="0.94" CONTENT="att"/><SP WIDTH="16" VPOS="1388" HPOS="466"/>
							<String ID="string_223" HPOS="482" VPOS="1386" WIDTH="28" HEIGHT="28" WC="0.93" CONTENT="af"/><SP WIDTH="6" VPOS="1386" HPOS="510"/>
							<String ID="string_224" HPOS="516" VPOS="1386" WIDTH="126" HEIGHT="28" WC="0.96" CONTENT="järnvägen"/><SP WIDTH="17" VPOS="1386" HPOS="642"/>
							<String ID="string_225" HPOS="659" VPOS="1386" WIDTH="9" HEIGHT="22" WC="0.96" CONTENT="i"/><SP WIDTH="14" VPOS="1386" HPOS="668"/>
							<String ID="string_226" HPOS="682" VPOS="1386" WIDTH="68" HEIGHT="28" WC="0.96" CONTENT="fråga"/><SP WIDTH="17" VPOS="1386" HPOS="750"/>
							<String ID="string_227" HPOS="767" VPOS="1386" WIDTH="66" HEIGHT="28" WC="0.93" CONTENT="hafva"/><SP WIDTH="16" VPOS="1386" HPOS="833"/>
							<String ID="string_228" HPOS="849" VPOS="1393" WIDTH="69" HEIGHT="22" WC="0.31" CONTENT="aagn;"/><SP WIDTH="16" VPOS="1393" HPOS="918"/>
							<String ID="string_229" HPOS="934" VPOS="1385" WIDTH="33" HEIGHT="23" WC="0.86" CONTENT="äf-"/>
						</TextLine>
						<TextLine ID="line_34" HPOS="431" VPOS="1428" WIDTH="97" HEIGHT="16">
							<String ID="string_230" HPOS="431" VPOS="1428" WIDTH="97" HEIGHT="16" WC="0.92" CONTENT="vensom"/>
						</TextLine>
					</TextBlock>
					<TextBlock ID="block_5" HPOS="289" VPOS="1463" WIDTH="382" HEIGHT="23">
						<TextLine ID="line_35" HPOS="289" VPOS="1463" WIDTH="382" HEIGHT="23">
							<String ID="string_231" HPOS="289" VPOS="1463" WIDTH="185" HEIGHT="23" WC="0.91" CONTENT="Järnvägsutskottets"/><SP WIDTH="12" VPOS="1463" HPOS="474"/>
							<String ID="string_232" HPOS="486" VPOS="1464" WIDTH="110" HEIGHT="18" WC="0.95" CONTENT="betänkande"/><SP WIDTH="12" VPOS="1464" HPOS="596"/>
							<String ID="string_233" HPOS="608" VPOS="1463" WIDTH="34" HEIGHT="19" WC="0.95" CONTENT="N:o"/><SP WIDTH="13" VPOS="1463" HPOS="642"/>
							<String ID="string_234" HPOS="655" VPOS="1464" WIDTH="16" HEIGHT="17" WC="0.96" CONTENT="1."/>
						</TextLine>
					</TextBlock>
				</ComposedBlock>
			</PrintSpace>
		</Page>
	</Layout>
</alto>
