1061 1631
211 141 28 18 24
436 138 16 24 U
476 139 22 22 B.
514 152 30 2 —
560 139 64 28 Prop.
641 139 37 23 N:o
694 139 39 23 30.

210 203 180 28 kommunerna,
412 204 129 27 Sääminki,
557 204 152 27 Rantasalmi,
727 204 154 28 Savonranta,
897 204 65 23 Keri-

211 239 73 28 mäki,
304 240 121 27 Kesälaks,
444 240 137 23 Enonkoski
604 240 44 23 och
672 240 105 23 Sulkava
793 240 54 23 med
864 241 33 22 ett
912 241 50 22 nöt-

212 275 151 30 boskapshäll
380 275 24 24 af
420 279 80 24 33,300
516 275 127 30 uppgifvas
666 275 72 23 hafva
758 277 53 22 nätt
827 283 28 15 en
873 277 89 28 export-

211 311 69 22 siffra
304 311 24 23 af
347 315 95 24 266,800
459 311 40 30 kg,
516 311 56 23 eller
587 313 8 21 i
612 311 109 23 medeltal
737 311 86 23 endast
840 315 13 19 8
873 311 33 29 kg
922 318 41 23 per

211 347 145 22 nötkreatur.
388 347 104 23 Oaktadt
516 348 33 22 ett
572 347 85 23 sädant
677 347 147 23 förhällande
839 347 54 22 icke
910 349 52 20 ovä-

211 383 99 29 sentligt
329 383 67 22 beror
413 383 70 22 äfven
498 383 31 29 pä
545 383 73 22 andra
634 383 209 29 omständigheter,
860 385 26 20 är
902 383 60 22 dock

211 417 94 30 tydligt,
322 419 35 22 att
380 419 113 22 närheten
510 419 24 22 af
547 420 102 28 järnväg
665 419 52 22 haft
733 420 34 21 ett
783 418 129 29 afgörande
929 419 33 22 in-

210 454 107 28 flytande
334 454 30 29 pä
380 455 266 29 mejerihandteringens
662 455 139 29 utveckling
815 455 30 29 pä
856 455 28 22 de
896 454 67 23 först-

211 489 90 23 nämda
319 491 99 27 orterna,
438 490 73 29 nägot
529 497 50 16 som
598 491 70 22 äfven
685 491 162 22 erfarenheten
865 491 8 21 i
889 490 74 23 andra

211 525 66 23 delar
298 526 24 22 af
341 526 81 23 landet
442 526 114 29 bestyrkt.
588 526 42 23 Att
652 526 112 23 särskilät
785 527 8 22 i
815 526 29 23 de
866 526 96 27 trakter,

211 561 83 23 hvilka
309 561 95 24 komme
418 563 36 21 att
464 563 150 28 genomlöpas
626 562 25 23 af
661 569 29 16 en
698 563 103 28 järnväg
812 562 54 23 frän
876 562 87 23 Elisen-

211 603 74 16 vaara
305 597 35 23 till
358 598 100 29 Nyslott,
475 597 144 23 förbättrade
638 598 233 22 kommunikationer
886 598 77 22 skulle

211 633 108 23 medföra
343 635 34 21 ett
398 633 116 30 betydligt
536 635 119 28 uppsving
677 635 9 21 i
704 633 89 23 nämda
813 633 149 30 handtering,

212 669 77 22 mäste
313 669 138 23 förutsättas
471 669 68 23 äfven
559 670 30 28 pä
605 669 78 30 grund
700 669 23 23 af
740 669 29 23 de
783 669 123 30 ypperliga
922 676 40 16 na-

211 704 90 29 turliga
317 705 167 28 betesmarker,
500 705 35 22 för
551 705 80 22 hvilka
647 705 138 22 landsdelen
802 708 26 19 är
843 705 71 22 känd.

285 741 36 22 Dä
344 741 171 28 produktionen
541 741 25 22 af
589 741 109 29 spanmäl
717 742 7 21 i
745 741 124 22 trakterna
891 741 71 29 kring

212 776 83 23 Saima
309 776 75 23 under
400 777 104 22 normala
522 776 25 23 är
561 777 76 29 knapt
653 777 84 22 förslär
754 777 36 22 för
802 777 39 22 det
852 783 61 23 egna
924 777 38 23 be-

212 811 88 28 hofvet,
317 815 26 20 är
358 813 86 28 import
461 812 23 23 af
495 812 78 23 denna
583 819 57 16 vara
650 812 146 24 fortfarande
807 813 36 22 för
854 813 65 22 orten
930 814 34 21 ett

212 847 122 30 oafvisligt
353 848 43 23 och
412 848 107 23 växande
535 848 76 27 behof,
627 849 138 28 isynnerhet
777 850 28 28 ju
822 855 65 16 mera
900 849 62 28 jord-

211 883 88 23 bruket
322 884 161 29 specialiserar
506 885 37 28 sig
566 883 30 30 pä
619 884 142 29 produktion
780 884 25 22 af
824 884 138 29 ladugärds-

212 919 106 23 artiklar.
335 919 83 23 Säsom
433 920 77 22 kändt
525 919 71 23 hafva
612 919 69 24 dessa
697 920 90 23 trakter
804 919 25 24 af
847 921 117 28 gammalt

212 955 139 29 importerat
374 955 114 30 spanmäl,
512 955 165 23 företrädesvis
693 955 53 23 frän
763 955 122 30 Ryssland.
917 956 45 23 Va-

212 997 44 16 ran
280 991 106 30 fördyras
410 991 129 23 emellertid
558 991 31 23 dä
606 992 117 29 importen
739 992 77 22 mäste
832 991 43 23 ske
890 990 78 24 innan'

212 1027 115 28 sjöfarten
350 1027 101 29 upphört
474 1027 43 22 och
541 1027 206 29 därför
630 1023 13 38 i
656 1027 91 29 vanliga
771 1027 42 22 fall
837 1027 71 29 tidigt
932 1028 31 29 pä

211 1062 92 23 hösten.
335 1063 151 29 Sädesprisen
509 1063 30 29 pä
563 1063 28 22 de
610 1064 63 21 stora
690 1063 250 29 marknadsplatserna
956 1064 8 21 i

212 1098 118 29 Ryssland
346 1099 82 22 kunna
444 1099 119 28 nämligen
579 1098 31 23 dä
624 1105 58 16 vara
698 1099 72 28 högre
787 1101 30 20 än
833 1105 83 16 senare
932 1099 30 29 pä

212 1135 101 22 vintern.
345 1134 34 24 På
399 1135 73 27 orter/!
487 1135 81 22 hvilka
589 1134 37 24 stä
645 1135 8 22 i
672 1134 143 23 förbindelse
831 1134 55 23 med
899 1135 64 29 järn-

212 1172 56 26 väg,
285 1170 42 23 har
343 1177 56 16 man
415 1170 49 23 ofta
478 1171 80 22 funnit
573 1170 40 23 det
628 1170 168 30 förmänligare
813 1172 35 20 att
866 1170 98 23 oaktadt

213 1206 48 22 den
284 1206 107 29 billigare
415 1206 130 30 sjöfrakten
569 1208 127 28 importera
716 1206 57 29 rysk
794 1206 108 30 spanmäl
923 1213 41 22 per

210 1242 112 29 järnväg,
348 1242 152 29 hvarigenom
524 1242 70 22 äfven
619 1242 210 29 nödvändigheten
854 1242 24 22 af
902 1243 62 21 stora

212 1278 91 28 upplag
323 1278 47 28 och!
386 1278 45 22 den
452 1278 54 22 med
526 1277 89 23 sädana
635 1278 135 22 förbundna
785 1278 81 22 risken
882 1278 82 22 undvi-

212 1312 57 23 kits.
286 1313 43 22 Att
343 1314 128 28 väsentligt
486 1313 142 23 förbättrade
640 1314 237 22 kommunikationer
887 1314 76 22 skulle

212 1349 137 22 underlätta
381 1351 109 27 exporten
515 1349 24 23 af
562 1349 147 23 landsortens
733 1349 136 29 produkter,
895 1351 69 25 smör,

212 1384 61 28 Kött,
297 1385 165 29 slagtkroeatur,
486 1385 87 27 hästar,
589 1392 30 16 m.
637 1392 29 16 m
684 1385 66 23 torde
767 1386 19 28 ej
804 1385 43 22 här
865 1385 100 23 behöfva

213 1420 115 22 särskildt
343 1420 143 23 framhällas.

287 1468 185 24 Järnvägsutskottets
484 1468 109 18 betänkande
605 1468 34 19 N:o
652 1470 16 16 1.
