1061 1631
165 105 14 21 4
355 104 85 23 Ständ.
456 104 39 23 Sv.
511 117 27 3 —
554 104 75 28 Prop.
644 104 42 23 N:o
701 104 38 23 33.

165 177 37 21 tas
225 175 77 23 under
323 175 128 23 December
474 175 44 23 och
541 175 100 23 Januari
662 175 43 23 och
724 175 99 22 derefter
841 175 81 30 vittjas

165 210 63 23 blott
243 211 79 28 någon
340 211 62 28 gång
420 211 9 21 i
446 211 97 21 veckan.

237 245 119 29 Slutligen
376 245 38 22 må
434 249 104 24 nämnas,
551 246 36 21 att
604 245 9 21 i
630 243 111 23 händelse
751 244 45 23 den
814 251 33 15 nu
864 245 59 21 före-

166 279 85 29 slagna
268 279 212 29 veckofredningen
497 279 78 22 blefve
592 278 117 29 faststäld,
718 279 115 22 fiskarene
851 279 12 21 å
874 278 50 23 haf-

166 315 40 21 vet
223 321 56 14 vore
297 316 104 27 tvungne
420 316 35 19 att
473 313 109 23 använda
599 313 142 29 hvilodagen
759 314 76 21 såsom
845 315 79 27 egent-

165 348 34 29 lig
224 348 133 29 arbetsdag,
381 348 97 22 emedan
502 347 28 23 de
553 347 30 22 då
604 349 55 28 såge
681 348 36 29 sig
735 347 134 23 nödsakade
888 349 36 20 att

166 382 182 29 iordningställa
374 383 51 22 sina
453 383 100 29 bragder
578 383 38 22 för
639 384 36 20 att
695 383 30 28 på
744 382 102 27 aftonen,
865 382 59 21 efter

165 416 200 30 fredningstidens
383 417 97 29 utgång,
498 418 51 21 åter
566 419 90 20 utsätta
674 416 122 23 desamma.

235 451 13 22 I
273 451 103 30 enlighet
405 451 96 22 härmed
529 451 119 29 tillstyrka
678 451 132 22 Ständerna
839 450 85 23 under-

167 485 102 30 dånigst,

442 523 32 19 att
494 522 23 20 11
533 521 16 28 $
565 521 66 21 måtte
648 528 29 14 ur
694 521 164 27 fiskeristadgan
876 522 46 19 ute-

374 556 74 21 slutas.

235 623 12 22 I
266 623 132 22 hufvudsak
416 624 31 29 på
464 631 86 14 samma
562 623 58 28 skäl,
632 631 50 14 som
694 623 71 22 ofvan
777 622 146 23 beträffande

167 659 13 26 $
200 658 30 21 11
251 658 145 28 framhållits,
415 658 25 22 få
458 657 131 23 Ständerna
606 657 170 29 underdånigst
793 657 129 28 hemställa,

443 729 32 20 att
487 727 83 28 jemväl
587 728 28 20 12
632 727 15 28 $
664 727 65 21 måtte
746 727 58 28 utgå.

235 794 108 23 Emedan
365 794 109 29 fångsten
498 795 24 22 af
544 802 54 15 nors
616 795 9 21 i
643 794 142 29 skärgården
809 794 115 29 försiggår

167 828 74 23 under
267 829 64 22 tiden
356 831 64 20 strax
438 829 59 22 efter
514 829 162 29 islossningen,
694 829 72 22 hafva
783 828 141 23 Ridderska-

167 865 40 27 pet
231 863 45 22 och
300 863 76 22 Adeln
399 866 60 20 samt
481 863 199 30 Borgareståndet
703 865 83 26 ansett,
808 865 35 20 att
861 870 63 15 nors-

167 898 82 29 fångst
268 897 77 29 borde,
363 898 100 22 likasom
481 898 213 29 strömmingsfiske,
706 898 25 22 få
742 897 117 22 bedrifvas
872 897 52 22 med

167 932 72 29 rörlig
258 932 159 29 garnredskap
436 932 8 22 i
460 935 106 26 notvarp,
585 940 49 15 som
650 933 23 22 af
686 932 64 22 ålder
761 933 102 28 nyttjats
875 934 49 19 ute-

167 966 110 22 slutande
301 967 36 22 för
359 967 119 28 norsfiske,
502 967 84 22 medan
608 966 176 23 Presteständet
807 966 64 23 velat
888 968 36 19 ut-

167 1001 95 22 sträcka
280 1001 140 29 giltigheten
445 1001 23 22 af
492 1001 64 22 detta
573 1001 264 29 undantagsstadgande
856 1001 68 22 äfven

167 1035 38 22 till
223 1037 110 28 notvarp,
356 1035 41 22 der
420 1035 52 22 icke
490 1035 148 23 uteslutande
656 1035 119 28 norsfiske,
793 1037 58 20 utan
869 1035 55 29 jem-

167 1070 40 21 väl
225 1072 74 20 annat
316 1070 58 22 fiske
392 1070 23 22 af
433 1070 65 22 älder
516 1070 84 28 idkats,
620 1070 43 22 och
680 1069 177 23 Bondeständet
875 1069 50 22 äter

168 1106 77 20 ansett
265 1104 141 29 stadgandet
428 1104 58 23 böra
506 1105 63 28 gälla
587 1105 88 22 sådana
692 1107 101 26 notvarp
811 1104 9 21 i
837 1103 87 28 hafvet,

168 1146 48 15 som
235 1139 24 21 af
287 1139 64 22 ålder
378 1139 116 22 användts
520 1139 205 29 hufvudsakligast
751 1139 36 22 för
804 1139 80 28 fångst
902 1138 24 22 af

168 1173 31 28 id,
218 1173 96 28 braxen,
333 1173 77 29 gädda
427 1174 44 22 och
488 1177 48 26 gös.

236 1208 152 22 Beträffande
405 1208 207 29 bestämningarna
629 1208 9 22 i
658 1208 31 22 14
707 1208 15 28 &
740 1215 37 15 om
795 1208 62 21 vissa
871 1206 54 22 fisk-

168 1242 62 29 slags
249 1242 113 22 fredande
380 1242 74 22 under
472 1242 105 22 lektiden
595 1242 44 22 och
657 1242 144 22 omedelbart
818 1241 107 28 derefter,

167 1276 71 22 hafva
264 1276 132 23 Ständerna
418 1277 64 22 varit
505 1277 23 22 af
549 1277 44 22 den
612 1277 103 29 mening,
734 1279 35 19 att
787 1276 84 22 endast
887 1275 39 23 lax

168 1310 43 22 och
230 1318 80 15 annan
327 1311 107 23 laxartad
451 1311 51 29 fisk,
520 1311 53 23 med
590 1311 121 29 undantag
727 1310 60 23 dock
799 1310 24 22 af
834 1310 91 28 röding,

167 1344 71 23 borde
257 1345 100 23 sålunda
374 1346 84 22 fredas.

236 1379 95 23 Temväl
357 1380 75 30 enligt
458 1380 88 29 nådiga
571 1380 174 29 propositionen
768 1386 56 16 vore
841 1378 85 30 röding

165 1414 54 22 icke
245 1414 111 22 fredad
346 1409 15 39 i
378 1414 105 30 Ladoga;
512 1414 43 22 och
581 1422 49 14 som
657 1414 83 29 röding
767 1413 158 28 förekommer,
