1061 1631
168 138 14 20 4
261 143 7 8 é
393 138 29 22 U.
438 139 28 22 B.
483 152 27 2 —
525 140 73 26 Prop.
616 140 43 22 N:o
674 140 38 22 44.

168 208 44 21 och
228 208 62 21 detta
306 211 55 18 utan
377 211 32 18 att
424 209 76 26 nägon
517 209 169 28 inregistrering
700 210 25 21 af
738 210 38 21 det
789 211 69 26 ryska
870 212 58 19 mär-

169 243 37 21 ket
221 243 8 20 i
245 243 100 20 Finland
361 243 149 21 erfordrades.
535 243 45 21 Om
591 244 77 27 likväl,
680 247 55 18 utan
746 245 107 20 afseende
864 245 63 24 härä,

169 277 76 27 nägon
261 277 56 28 rysk
333 277 173 26 näringsidkare
517 278 25 20 af
550 285 27 14 en
589 279 54 20 eller
656 285 77 14 annan
745 279 69 20 orsak
825 279 103 21 önskade

169 311 7 21 i
201 311 100 21 Finland
324 312 143 26 inregistrera
490 312 38 21 sitt
546 313 146 25 varumärke,
715 313 51 21 stod
787 313 38 21 det
840 313 87 21 honom

169 347 70 26 Öppet
262 348 33 19 att
316 346 7 21 i
344 346 44 21 den
404 346 104 27 ordning,
524 353 51 14 som
592 347 34 20 för
642 347 168 27 inregistrering
825 348 26 20 af
864 354 64 14 varu-

170 381 80 20 märke
274 381 8 20 i
305 381 99 20 Finland
426 387 41 14 var
490 381 157 26 föreskrifven,
663 382 30 27 pä
709 382 98 21 särskild
823 382 105 21 ansökan

171 415 71 20 vinna
259 415 72 21 sädan
347 415 174 26 inregistrering.
553 415 49 21 Den
618 415 26 21 af
652 416 208 21 Finansministern
872 416 56 21 före-

171 449 80 27 slagna
276 449 126 27 förklaring
423 449 25 21 af
461 449 27 21 de
504 449 7 21 i
527 449 99 21 Finland
642 451 105 26 gällande
763 451 142 26 stadganden
921 450 7 21 i

171 485 78 19 ämnet
265 484 7 20 i
288 484 57 27 syfte
361 487 32 18 att
408 484 70 21 vinna
494 486 31 19 ett
539 483 71 21 redan
626 485 138 27 förefintligt,
779 485 7 20 i
803 485 36 27 lag
850 485 79 27 påbju-

170 518 38 21 det
229 519 76 26 skydd
328 519 34 20 för
376 519 70 27 ryska
461 518 155 21 varumärken
631 519 7 20 i
655 519 105 27 Finland,
777 522 77 25 syntes
870 520 59 27 förty

170 552 50 21 icke
235 559 57 14 vara
307 553 25 20 af
345 553 106 21 behofvet
467 553 114 27 påkallad.
613 553 67 21 Hvad
696 554 47 21 åter
759 553 82 27 angick
857 553 37 22 det
907 554 25 20 af

171 587 209 21 Finansministern
400 587 104 28 åsyftade
519 588 178 28 förebyggandet
712 588 25 21 af
751 588 107 27 samtidig
873 588 56 21 före-

171 621 78 21 komst
271 622 8 20 i
300 621 170 28 Kejsaredömet
486 623 43 20 och
545 623 6 20 i
569 623 98 20 Finland
683 623 25 20 af
721 623 130 25 enahanda,
867 623 62 20 olika

172 663 111 20 personer
305 657 113 26 tillhöriga
434 657 161 27 varumärken,
612 660 77 25 syntes
705 657 128 21 detsamma
849 657 80 20 kunna

171 690 84 21 vinnas
271 691 139 26 derigenom,
426 693 32 19 att
473 691 156 27 afbildningar
644 692 25 20 af
682 691 27 21 de
725 691 6 21 i
748 691 37 21 det
799 698 43 14 ena
853 691 77 21 landet

171 725 174 26 inregistrerade
367 726 169 21 varumärkena
559 726 114 27 delgåfves
688 725 172 22 vederbörande
876 725 54 27 regi-

173 759 181 27 stermyndighet
367 760 7 20 i
389 760 37 20 det
441 760 72 20 andra
529 760 88 25 landet;
639 761 44 20 och
699 761 42 20 har
757 760 98 21 Senaten
871 760 59 27 förty

172 794 116 26 hemstält,
304 794 114 21 huruvida
434 795 50 20 icke
495 795 208 20 Finansministern
716 795 71 20 funne
801 794 87 27 möjligt
899 797 32 18 ail

172 834 83 21 genom
265 829 169 20 vederbörande
443 829 133 27 myndighet
582 829 107 21 tillsända
695 829 44 20 den
747 829 75 20 finska
830 829 101 26 register-

175 863 172 27 myndigheten,
371 863 218 27 Industristyrelsen,
605 863 156 27 afbildningar
776 863 26 20 af
815 863 28 21 de
858 863 7 20 i
882 863 49 27 Kej-

174 897 131 21 saredömet
327 897 172 27 inregistrerade
521 898 175 26 varumärkena,
720 898 35 20 för
775 900 32 18 att
821 897 61 28 tjena
897 897 33 21 till

173 931 95 27 ledning
283 932 39 20 vid
337 932 141 27 granskning
492 932 26 21 af
526 933 160 25 varumärken,
698 939 50 14 som
761 932 34 20 till
806 932 125 26 inregistre-

173 966 50 27 ring
246 966 7 20 i
278 966 99 21 Finland
399 967 118 25 anmältes,
539 969 60 18 samt
621 967 35 20 för
672 969 32 18 att
719 967 155 20 allmänheten
890 966 42 21 till-

175 1000 161 21 handahållas.
367 1000 112 28 Derjemte
495 1001 42 20 har
553 1001 97 21 Senaten
667 1001 6 21 i
689 1001 150 20 betraktande
855 1001 26 20 af
893 1003 39 24 att,

175 1035 29 27 på
221 1036 45 20 sätt
282 1042 55 20 nyss
352 1035 93 26 anförts,
461 1035 69 28 ryska
545 1035 155 21 varumärken
716 1035 87 27 åtnjöto
814 1035 7 20 i
833 1035 98 20 Finland

174 1069 47 21 lika
245 1069 76 28 skydd
345 1077 49 14 som
417 1070 74 21 finska
508 1070 186 27 näringsidkares
709 1069 104 24 märken,
830 1071 54 18 utan
900 1071 32 19 att

174 1103 77 27 någon
274 1104 79 26 åtgärd
368 1104 54 21 eller
436 1104 99 21 kostnad
551 1104 50 21 från
617 1104 28 21 de
661 1104 69 27 ryska
745 1103 187 27 varumärksega-

175 1145 66 14 renes
267 1138 50 22 sida
337 1139 79 21 härför
437 1139 150 27 erfordrades,
607 1139 76 20 funnit
705 1138 34 27 sig
756 1138 129 21 föranlåten
901 1140 32 19 att

176 1175 123 25 yttermera
323 1173 92 21 anhålla
438 1180 38 14 om
497 1173 129 21 beredande
641 1173 25 21 af
680 1172 162 22 motsvarande
858 1172 74 28 skydd

175 1206 35 22 för
226 1207 78 21 finska
319 1207 185 27 näringsidkares
520 1208 110 26 stämplar
641 1208 44 20 och
699 1207 155 21 varumärken
865 1207 7 20 i
884 1206 49 28 Kej-

175 1241 142 26 saredömet;
341 1242 43 20 och
408 1242 41 20 har
465 1242 97 20 Senaten
577 1242 132 26 framhållit,
726 1242 113 20 hurusom
855 1241 79 21 behof-

175 1278 37 18 vet
227 1276 27 20 af
268 1276 82 20 sådant
365 1276 74 27 skydd
454 1276 36 20 för
504 1276 28 20 de
548 1276 74 21 finska
640 1276 110 20 märkena
767 1282 53 14 vore
837 1276 24 20 så
873 1282 60 20 myc-

175 1310 38 20 ket
236 1316 64 15 mera
322 1310 132 26 trängande,
471 1317 49 14 som
537 1310 37 21 det
589 1310 49 21 icke
654 1310 66 26 länge
736 1310 149 20 derförinnan
901 1310 32 20 in-

175 1344 84 27 träffat,
275 1346 32 19 att
323 1344 108 22 utländsk
447 1344 66 21 firma
531 1345 81 20 vunnit
628 1344 189 27 inregistrering
812 1340 12 36 i
834 1344 100 27 Kejsare-

176 1378 80 22 dömet
278 1379 25 18 af
316 1379 103 27 stämpel,
434 1379 140 27 fullkomligt
585 1379 109 21 liknande
707 1379 61 21 finsk
783 1378 151 27 bruksegares

175 1414 107 27 stämpel,
305 1413 74 21 ehuru
402 1413 87 27 aftryck
508 1413 25 21 af
551 1413 127 21 sistnämda
693 1413 105 27 stämpel,
814 1413 30 27 på
859 1413 75 26 grund

176 1448 25 20 af
220 1448 166 26 förordningen
408 1448 44 20 den
468 1448 25 20 31
511 1448 96 20 Januari
624 1448 54 20 1859
694 1447 118 27 angående
828 1447 106 21 handels-

247 1494 131 22 Lagutskottets
390 1493 111 18 betänkande
514 1494 37 16 N:o
562 1493 28 17 15.
