1061 1631
293 112 83 22 Ständ.
393 111 38 23 Sv.
448 124 28 3 —
491 112 73 28 Prop.
583 112 42 22 N:o
641 111 39 23 30.
859 112 12 21 7

115 182 56 23 höra
197 183 38 22 till
261 183 92 22 landets
379 183 134 28 bördigaste
535 183 44 22 och
603 183 53 22 bäst
674 183 82 22 odlade
775 185 96 20 trakter.

114 217 138 28 Isynnerhet
279 222 38 17 äro
345 217 27 22 de
400 217 142 28 kommuner,
569 225 83 20 genom
674 217 81 22 hvilka
773 225 29 14 en
819 218 52 21 från

116 251 120 30 Seinäjoki
262 252 38 21 till
326 252 159 21 Kristinestad
513 252 56 21 eller
594 251 82 22 Kaskö
704 251 88 29 dragen
810 252 61 22 bana

115 286 90 22 komme
231 288 35 20 att
284 287 60 28 löpa,
363 286 79 22 kända
459 287 36 21 för
512 287 9 20 i
539 288 48 19 stor
604 286 165 29 utsträckning
787 286 84 22 bedrif-

114 327 45 15 ven
186 320 143 30 kärrodling.
366 321 47 21 Till
441 321 74 22 afsalu
533 320 64 22 odlas
615 320 119 22 derstädes
752 321 119 22 förnämli-

114 357 53 26 gast
185 355 71 29 hafre,
275 355 24 22 af
316 355 92 22 hvilket
426 355 119 28 sädesslag
563 362 29 14 en
610 355 105 22 afsevärd
734 357 83 27 export
835 355 36 22 till

114 389 107 22 utlandet
239 397 55 21 eger
311 397 59 20 rum;
390 389 112 30 derjemte
520 389 92 28 intager
630 389 113 29 höodling
761 397 29 14 en
802 389 69 22 fram-

115 423 95 22 stående
228 424 69 29 plats,
316 423 43 23 och
378 428 39 17 äro
436 424 159 29 produkterna
613 424 24 21 af
655 423 44 22 den
717 423 72 30 derpå
801 431 70 22 grun-

115 457 59 22 dade
193 458 205 29 boskapsskötseln
416 459 97 21 föremål
525 459 36 20 för
573 466 28 13 en
614 458 105 29 ständigt
731 458 139 29 tilltagande

114 492 103 22 utförsel.
255 493 42 22 Om
322 493 43 21 ock
388 493 105 22 området
511 493 8 21 i
537 493 66 28 fråga
621 492 83 22 endast
721 493 42 21 har
781 493 89 21 mindre

114 526 147 23 industriella
278 527 158 28 inrättningar
449 529 35 20 att
496 527 106 29 uppvisa,
616 531 38 18 äro
668 527 66 22 dessa
747 527 60 22 dock
819 527 52 22 icke

115 563 56 20 utan
184 561 119 29 betydelse
313 562 36 21 för
359 562 135 29 jernvägen.
522 561 172 29 Befolkningen
704 561 7 22 i
721 559 150 24 Österbotten

115 599 24 18 är
166 595 117 22 dessutom
308 597 23 21 af
356 596 64 22 ålder
443 596 64 21 känd
524 596 37 21 för
578 595 155 22 framstående
751 595 119 30 slöjdkun-

113 630 88 28 nighet,
229 631 70 21 hvars
326 631 70 22 alster
414 630 90 29 spridas
522 630 55 22 vida
594 633 65 19 utom
677 630 126 22 hemorten.
841 630 30 21 Så

114 665 93 28 mycket
224 665 117 28 vigtigare
359 665 77 22 blefve
455 665 83 21 härvid
555 665 129 28 jernvägen
702 665 73 21 såsom
792 665 79 21 trafik-

113 699 38 21 led
169 706 48 15 som
235 699 147 22 landsdelens
401 699 144 29 befolkning,
564 698 119 23 saknande
700 699 37 22 för
760 699 111 22 samfärd-

113 733 49 22 seln
182 733 151 23 användbara
351 735 174 26 vattenstråtar,
543 733 84 22 hittills
646 733 35 22 uti
699 733 171 29 landsvägarna

114 767 51 22 haft
183 768 41 21 sitt
243 768 60 22 enda
321 768 294 22 kommunikationsmedel.

184 802 151 22 Beträffande
362 802 127 22 folktäthet
513 803 93 28 intager
624 803 65 28 Kyrö
707 802 70 22 elfdal
796 805 34 19 ett
849 803 22 21 af

116 836 28 21 de
163 837 95 22 främsta
276 845 103 14 rummen
399 837 8 21 i
425 837 88 22 landet.
548 837 66 22 Inom
633 839 34 19 ett
685 837 92 21 område
796 837 23 22 af
839 837 31 21 20

116 871 39 21 km
182 872 29 27 på
238 871 115 22 hvardera
381 871 67 22 sidan
476 879 37 14 om
539 871 45 22 den
611 871 51 22 från
687 871 120 29 Seinäjoki
834 871 36 22 till

115 905 160 22 Kristinestad
303 906 132 29 föreslagna
462 906 77 22 banan
565 906 72 29 stiger
663 906 207 21 innevänareanta-

115 939 34 22 let
175 940 37 21 till
238 941 108 28 omkring
364 941 91 27 62,000
474 948 115 21 personer,
607 939 83 22 medan
709 940 161 22 motsvarande

115 973 34 22 tal
184 974 35 21 för
255 975 149 22 alternativet
440 975 235 28 Seinäjoki-Kaskö
711 978 25 17 är
772 975 97 27 64,000.

115 1008 12 21 I
145 1008 124 23 hvartdera
296 1009 66 22 fallet
388 1009 99 22 erhälles
508 1012 35 19 ett
561 1009 109 22 medeltal
688 1009 23 21 af
729 1009 72 21 omkr.
821 1009 48 21 570

115 1050 108 21 personer
241 1051 41 21 per
300 1044 176 27 bankilometer,
495 1043 92 22 hvadan
606 1043 77 22 banan
702 1043 7 22 i
727 1051 32 14 nu
777 1043 94 22 berördt

115 1077 131 22 hänseende
269 1078 147 22 öfverträffas
441 1078 83 21 endast
543 1078 23 21 af
584 1078 134 21 sträckorna
735 1073 135 26 Äbo—Toi-

115 1111 54 29 jala,
199 1107 135 38 Myllymäki
370 1113 67 27 Vasa,
465 1107 183 38 Tammerfors—
657 1112 143 29 Björneborg
827 1112 43 21 och

115 1141 146 39 Helsingfors
276 1141 167 39 —Tavastehus.

183 1181 77 21 Jemte
279 1181 40 22 det
337 1181 132 22 Ständerna
487 1181 61 22 varit
565 1188 53 14 ense
638 1188 37 14 om
690 1183 33 19 att
735 1180 135 22 utförandet

115 1215 24 21 af
157 1222 28 14 en
203 1216 98 28 jernväg
319 1216 67 28 längs
404 1216 66 28 Kyrö
490 1216 71 21 elfdal
579 1215 112 29 antingen
707 1215 36 21 till
755 1215 115 22 Kristine-

115 1249 52 22 stad
194 1250 57 22 eller
277 1250 81 22 Kaskö
380 1250 52 22 icke
451 1250 80 22 vidare
550 1250 69 22 borde
638 1250 143 28 uppskjutas,
800 1250 70 22 hafva

115 1283 104 23 deremot
243 1284 62 22 olika
323 1285 122 29 meningar
462 1287 85 26 yppats
565 1284 41 22 vid
624 1284 65 21 valet
707 1284 23 22 af
747 1284 123 29 slutpunkt

115 1318 36 22 för
178 1318 84 28 banan,
287 1319 8 21 i
317 1318 91 22 hvilket
427 1319 108 21 afseende
552 1318 107 29 vägande
678 1318 50 22 skäl
747 1318 122 29 äberopats

114 1352 37 22 för
168 1352 75 30 bägge
262 1353 28 21 de
308 1353 131 29 föreslagna
457 1353 114 21 städerna.

184 1387 45 22 Vid
257 1396 29 13 en
312 1388 130 29 jemförelse
471 1388 23 21 af
521 1388 28 21 de
573 1387 98 22 anförda
694 1387 175 28 synpunkterna

114 1421 108 29 framgår,
251 1424 35 20 att
313 1422 28 22 de
368 1422 137 22 alternativt
531 1423 143 28 uppgängna
701 1421 98 29 linjerna
817 1422 52 22 med
