1061 1631
48 192 12 18 9
78 191 45 27 (10)
140 166 21 53 s.

45 264 26 19 10
83 263 46 26 (11)
141 262 19 27 &.

207 126 27 19 14
387 123 29 23 U.
432 124 27 22 B.
477 137 25 3 —
520 123 74 29 Prop.
611 123 45 23 N:o
672 123 35 23 37.

247 193 14 18 9
278 191 14 28 8
307 191 42 20 har
364 190 51 21 icke
431 190 114 21 föranledt
561 192 71 26 något
647 189 118 22 uttalande
778 189 50 21 från
838 188 94 22 Utskot-

176 228 44 19 tets
237 225 57 22 sida.

249 261 12 22 I
286 262 44 21 den
353 261 34 22 uti
412 261 129 22 Utskottets
563 261 146 22 betänkande
730 261 43 21 N:o
792 263 10 18 1
815 260 116 32 ingående

176 297 124 22 inledande
316 297 142 29 öfversigten
474 297 35 22 till
524 300 9 19 1
546 298 52 28 kap.
610 297 24 21 af
645 297 67 28 lagen
724 304 37 14 om
772 298 159 23 vattenrätten,

176 333 66 22 hvari
266 333 30 22 bl.
311 341 19 14 a.
347 334 123 28 redogöres
489 333 36 22 för
541 333 28 21 de
586 333 130 28 föreslagna
731 340 47 21 nya
793 332 139 22 bestämnin-

176 377 71 20 garna
272 369 118 28 angäende
414 369 139 28 kungsädra,
570 369 106 28 angifvas
698 369 27 20 de
742 368 191 28 inskränkningar

177 404 34 21 uti
233 412 110 21 egarenes
366 407 45 19 rätt
429 407 34 19 att
478 405 7 21 i
502 405 108 21 afseende
626 407 13 18 å
655 404 60 21 fiske
731 404 122 28 disponera
868 403 65 22 öfver

176 442 87 25 vatten,
282 448 49 14 som
347 441 158 28 stadgandena
520 440 34 21 uti
569 440 151 22 förevarande
736 447 76 21 prop:s
830 442 27 19 10
870 439 14 29 8
895 447 37 13 om

177 476 98 22 fiskleds
299 477 183 28 öppenhällande
505 477 115 26 innebära,
638 477 43 20 och
704 476 131 22 framhälles
859 475 73 22 tillika

178 515 33 19 att
233 520 66 21 prop.
315 512 8 21 i
339 512 65 29 fråga
428 520 38 13 om
488 513 85 21 fiskled
596 516 42 25 gör
654 513 91 21 skilnad
761 512 97 21 emellan
873 511 59 22 sund

178 549 43 21 och
237 550 14 19 å
267 551 29 26 på
313 557 41 13 ena
370 548 67 22 sidan
453 549 43 21 och
512 549 35 28 sjö
564 551 12 18 ä
593 549 44 21 den
654 549 76 21 andra.
762 548 40 21 Uti
819 548 39 21 det
873 547 60 21 förra

178 584 75 28 slaget
269 585 24 20 af
309 587 86 23 vatten,
412 585 50 20 deri
477 584 136 29 inbegripna
628 584 37 26 elf,
678 587 69 18 ström
761 584 42 21 och
814 583 64 26 bäck,
890 583 42 20 till-

178 620 99 28 godoses
294 621 43 20 enl.
347 628 63 21 prop.
424 620 111 22 behofvet
549 621 24 20 af
584 620 84 21 fiskled
680 627 83 21 genom
779 619 153 28 kungsådran,

177 655 9 21 i
201 655 64 22 vissa
281 656 41 21 fall
339 657 59 20 dock
414 656 53 21 med
483 656 159 28 utsträckning
658 656 36 21 till
714 657 71 20 annat
802 657 85 23 vatten,
904 656 29 26 på

178 694 46 19 sätt
241 694 28 19 10
285 692 14 29 &
315 694 13 19 2
345 699 67 15 mom.
429 696 103 17 närmare
547 692 77 28 gifver
639 692 40 21 vid
690 692 98 21 handen.
810 692 11 20 I
833 691 34 28 sjö
879 693 53 23 åter,

178 728 112 21 hvarmed
306 728 111 21 likställes
434 728 69 21 också
519 727 89 22 enskild
624 728 61 28 fjärd
702 728 42 21 och
765 727 40 22 vik
821 727 62 22 såväl
900 727 33 21 uti

178 763 59 29 insjö
263 772 49 13 som
328 764 8 21 i
352 764 102 26 saltsjön,
472 761 80 29 skulle,
569 767 55 18 enär
646 764 148 28 kungsådran
817 764 40 21 här
875 763 58 22 blott

178 800 109 29 utgjorde
302 800 39 21 led
356 800 36 21 för
407 800 182 29 vattenafloppet
606 802 60 19 samt
681 801 43 20 far-
741 800 42 21 och
800 799 96 27 fiottied,
910 799 24 22 al

178 836 81 28 hvarje
276 836 101 21 enskildt
392 835 140 22 fiskevatten
548 836 7 21 i
573 836 63 28 sjöns
652 835 174 29 längdriktning
840 836 43 21 och
894 837 40 20 der

179 872 95 28 djupast
289 876 24 17 är
330 879 28 14 en
374 871 114 28 tredjedel
503 872 87 21 lemnas
607 875 76 25 öppen
700 874 74 19 såsom
791 871 90 22 fiskled.

250 907 186 22 Vidkommande
458 914 76 21 prop:s
550 907 172 28 bestämningar
738 907 95 21 rörande
850 907 83 21 fiskled

178 943 8 21 i
202 943 35 28 sjö
254 943 71 22 hafva
340 943 42 21 hos
398 943 120 21 Utskottet
533 951 87 13 samma
631 943 184 28 betänkligheter
825 943 61 29 gjort
898 943 35 28 sig

178 979 108 28 gällande
306 986 48 14 som
370 979 99 28 tidigare
484 979 9 20 i
509 979 64 28 fräga
589 986 37 14 om
642 979 131 28 kungsädra
789 979 8 20 i
813 978 42 29 sjö,
871 979 8 20 i
895 979 37 21 det

178 1014 121 22 Utskottet
320 1017 74 19 ansett
414 1017 83 26 nyttan
519 1015 23 20 af
562 1022 29 14 en
612 1014 65 29 dylik
696 1015 39 20 led
750 1014 50 21 icke
817 1016 34 19 stä
867 1014 7 21 i
890 1015 43 20 till-

177 1050 87 28 börligt
284 1050 142 22 förhållande
442 1050 35 21 till
494 1051 39 20 det
551 1051 132 28 betänkliga
698 1051 92 27 intrång
805 1050 34 21 uti
856 1050 77 29 fastig-

177 1086 163 28 hetsegarenes
356 1086 194 29 dispositionsrätt
566 1087 65 20 öfver
646 1089 96 23 vattnet,
755 1086 70 28 sagda
838 1086 94 21 bestäm-

176 1121 85 29 ningar
276 1122 117 26 innebure,
410 1122 43 21 och
469 1122 34 21 till
520 1122 45 21 den
581 1122 68 21 oreda
659 1122 34 21 uti
704 1121 228 22 rättsförhällandena

177 1158 98 21 rörande
291 1160 85 24 vatten,
394 1166 48 13 som
460 1158 64 21 deraf
539 1166 55 14 vore
610 1161 33 19 att
654 1161 92 19 emotse.
772 1158 76 28 Nägot
861 1160 71 19 större

177 1194 72 21 behof
271 1194 23 21 af
315 1194 84 21 fiskled
414 1194 8 21 i
440 1194 34 28 sjö
496 1194 132 26 förefinnes,
646 1194 72 28 enligt
739 1194 130 21 Utskottets
888 1201 44 14 me-

177 1229 63 28 ning,
258 1230 37 21 för
308 1230 70 28 öfrigt
393 1230 20 28 ej
431 1230 77 26 heller,
525 1230 59 21 blott
599 1230 144 21 föreskrifter
758 1229 76 29 gifvas
850 1229 7 21 i
871 1230 61 28 syfte

177 1267 33 19 att
225 1265 149 26 förekomma,
396 1266 38 20 det
456 1266 87 21 fiskens
567 1266 115 28 vandring
703 1265 51 21 frän
770 1265 51 29 sjön
837 1265 35 21 till
888 1265 44 21 den

177 1303 77 19 säsom
282 1302 84 20 fiskled
392 1302 108 28 tjenande
526 1302 148 28 kungsädran
700 1302 7 20 i
734 1301 59 21 sund
821 1301 42 21 och
889 1301 43 21 rin-

176 1337 77 21 nande
269 1340 79 19 vatten
358 1337 101 26 hindras,
476 1340 57 18 samt
550 1340 33 18 att
598 1345 29 13 en
642 1338 221 26 fiskevattensegare
880 1337 52 21 med

176 1372 49 22 sina
252 1373 98 28 redskap
374 1373 116 29 afstänger
510 1373 76 21 fisken
607 1373 51 21 från
680 1380 86 14 annans
783 1375 79 19 vatten
878 1372 54 22 eller

176 1408 51 21 från
244 1408 220 28 fredningsområde.
488 1409 167 21 Förstnämnda
666 1409 106 21 ändamål
787 1412 42 18 har
839 1408 93 22 Utskot-

253 1451 211 19 Vattenrättsutskottets
477 1451 116 18 betänkande
605 1451 37 18 N:o
654 1452 18 17 5.
