1061 1631
179 103 13 20 8
385 102 29 22 U.
430 102 28 22 B.
476 114 26 4 —
517 102 75 29 Prop.
628 108 23 17 N:o
666 103 37 22 41.

167 367 43 18 eller
222 367 56 23 bolag
286 367 30 18 för
325 367 115 23 uppförande
449 367 20 18 af
477 367 85 23 bonings-
572 367 35 18 och
616 367 58 18 uthus

167 407 24 12 m.
204 407 24 12 m.
241 402 5 17 i
259 401 82 18 Nurmes
353 402 69 23 köping
439 415 3 4 .

145 436 38 17 För
194 435 124 19 anskaffande
330 436 29 18 för
370 436 62 18 finska
444 436 176 23 statsjernvägarnes
631 436 42 18 räk-

167 471 44 22 ning
223 471 20 17 af
255 471 23 17 30
291 471 100 18 lokomotiv
404 472 20 17 är
436 472 62 17 säsom
510 471 81 18 förskott
600 470 74 24 nädigst

167 505 100 23 anslaget
259 501 11 32 .

145 539 79 23 Nädigst
235 539 91 22 beviljade
335 519 106 44 läneanslag
448 519 30 38 för
487 519 100 38 utförande
595 519 21 38 at
623 519 51 38 Ioko-

168 573 162 24 motivjernvägar:

157 609 40 17 från
216 609 96 22 Wilppula
327 609 67 18 station
406 609 12 18 å
429 609 58 18 Wasa
499 609 60 18 banan
573 609 27 18 till
612 611 62 15 vestra
686 631 2 2 |

167 644 79 21 gränsen
259 643 20 18 af
290 643 73 18 Mänttä
375 642 135 19 bruksområde
519 643 5 18 i
532 643 65 18 Keuru
608 643 67 18 socken

156 678 41 17 från
208 677 86 18 Suolahti
300 678 67 17 station
373 677 31 18 vid
424 677 199 23 Jyväskylä—Suolahti
630 677 44 18 ban-

168 711 29 18 del
210 711 28 18 till
250 707 105 22 Äänekoski
368 711 127 24 pappersbruk
507 712 6 17 i
523 711 74 18 Laukas
607 711 67 18 socken

157 746 19 18 åt
190 746 87 17 »Raahen
291 746 185 23 rautatieosakeyhtiö

145 781 88 23 Beloppet
245 781 20 17 af
277 780 32 18 det
319 781 80 17 »Finska
408 781 143 18 teaterhusaktie

164 811 70 30 viljade
251 811 33 30 län
296 816 7 17 &
324 829 3 4 .
352 829 4 4 .
381 829 3 4 .
410 829 4 4 .
468 811 14 30 si
497 829 5 4 8
555 829 61 4 som
606 811 13 30 %

146 850 37 18 För
198 849 124 19 anskaffande
333 850 20 17 af
365 851 59 16 större
436 829 125 44 Elasibyggdé
572 849 47 23 jern-
632 829 43 38 eller

169 885 48 21 stål-,
230 885 57 22 segel-
300 884 43 18 eller
355 884 100 23 ångfartyg
468 885 21 16 är
498 883 74 24 nådigst
580 883 58 18 stäldt
648 884 26 18 till

169 919 101 23 Kejserliga
289 919 89 18 Senatens
390 918 110 23 förfogande
511 918 92 22 2,500,000
615 918 59 22 mark,

168 953 67 18 hvaraf
247 954 80 17 återstår
339 953 27 18 till
378 953 116 23 utbetalning

145 989 39 18 För
196 988 92 23 tillfälliga
300 988 55 18 behof
367 988 29 17 för
408 987 115 24 fångvården

159 1031 7 8 »
197 1023 121 18 kommunala
331 1022 139 22 sinnessjukhus

159 1066 6 7 »
196 1057 23 18 de
231 1063 67 17 genom
309 1057 67 23 nådiga
386 1057 122 23 kungörelsen
518 1056 35 18 den
563 1058 21 16 11
594 1036 81 43 KEEN

181 1091 44 19 1898
237 1092 28 17 till
278 1091 104 18 inrättande
395 1090 30 19 vid
436 1091 132 18 Universitetet
580 1091 95 24 påbjudna

180 1126 107 18 lärostolars
296 1126 7 17 i
312 1126 28 17 till
349 1125 121 19 landtbruket
478 1125 82 19 hörande
569 1126 105 18 läroämnen
691 1147 2 8 |

179 1160 96 19 förseende
288 1160 41 19 med
342 1160 68 24 nödiga
421 1161 120 17 laboratorier
553 1166 24 12 m.
590 1166 24 12 m.

157 1204 6 7 »
183 1187 9 36 —
197 1195 115 19 bekostande
321 1196 20 17 af
347 1202 21 11 en
378 1196 69 17 länsvis
454 1195 107 23 fortgående
566 1195 108 22 jordbruks-
691 1191 1 10 |

180 1226 74 31 engutte
267 1244 4 3 .
413 1226 15 31 as
432 1226 14 31 OM
463 1226 21 31 met
500 1243 3 4 a
514 1226 25 31 jän
551 1226 19 31 jan
585 1243 4 4 a
605 1226 41 31 mia
659 1226 16 31 va

159 1273 6 7 »
197 1265 113 17 instrument
319 1270 24 12 m.
353 1270 24 12 m.
388 1264 30 18 för
427 1270 21 12 en
455 1264 93 24 geodetisk
555 1264 119 18 kommission

158 1308 8 8 »
197 1300 126 22 restaurering
335 1299 19 18 af
366 1294 42 23 Åbo
420 1298 105 24 domkyrka

196 1334 116 23 öfverföring
323 1334 29 17 till
364 1333 235 24 mossuttorkningsfonden
613 1347 4 4 .

159 1376 7 8 »
245 1376 7 8 »
325 1368 27 18 till
362 1368 120 18 statsverkets
492 1368 144 23 utläningsfond,
646 1368 30 18 för

179 1402 110 24 utgifvande
303 1402 20 18 af
334 1402 32 18 län
377 1402 31 18 för
419 1402 57 24 inköp
487 1402 6 18 i
505 1402 85 18 utlandet
601 1402 35 18 och
647 1402 28 18 in-

179 1437 56 18 försel
247 1438 20 17 af
279 1437 76 23 lämplig
368 1437 130 23 afvelsboskap

745 206 46 19 1900
809 191 15 43 —
834 191 15 43 ||
861 205 113 20 1901—1904
988 217 1 12 |

988 231 2 18 |

810 265 24 21 ma]
879 265 32 20 Ge
959 265 25 20 |

571 333 103 22 Transport
679 318 15 43 |
704 333 92 21 8,260,955]
808 333 23 18 20
842 332 104 21 [21,046,246]
959 333 20 16 11

733 401 64 22 24100
809 412 22 2 —|
883 411 23 2 —
947 411 32 18 |-

948 433 1 10 |

948 451 1 27 |

704 505 93 21 2100000
809 515 22 2 —|
883 515 23 2 —
948 514 32 21 |—

686 535 2 22 i
948 536 2 15 |

842 613 2 3 N
948 618 2 11 i

733 643 64 21 6000]
809 641 35 35 —|
884 653 22 2 —
964 652 16 2 =

842 677 2 9 |

842 690 2 20 |

722 711 75 22 110000
817 721 14 3 —
842 697 30 44 ||.
884 721 22 3 —
959 721 21 2 =

554 760 61 3 anv
670 758 22 11 od
721 746 123 23 20000—1
884 756 22 3 —
959 755 22 2 (—

552 781 82 23 bolagets
645 780 29 18 bc-
989 781 2 11 |

733 825 23 2 —
810 825 22 2 |]
873 815 74 21 300.000]
959 824 22 2 --

671 957 18 17 J]
735 963 21 2 —
810 963 22 2 |—-[[
857 953 90 22 1,276,000]
960 961 20 2 —

671 977 18 37 sl
734 997 22 2 —
811 997 21 2 |—]]
875 987 73 22 150000]
960 996 21 3 —

671 1015 18 24 JJ
734 1032 22 2 —
810 1032 22 2 [—]]
875 1021 73 22 120,000
960 1031 32 27 |

990 1097 2 35 |

735 1160 64 21 50,000|
811 1170 22 2 —
840 1150 14 41 ||
871 1150 7 41 =
886 1159 63 21 50,000|
966 1169 9 2 —
987 1154 5 33 |

734 1239 23 2 s
811 1238 22 3 =
885 1228 63 22 80,000|
960 1238 22 2 —

734 1273 23 2 —
807 1252 26 33 vi
886 1262 62 22 80,000]
960 1272 22 2 —

734 1308 23 2 —
811 1308 22 2 |—-[|
875 1297 73 22 500,000|
961 1307 21 2 —

687 1331 2 12 I
734 1342 23 2 —
811 1342 22 2 |—-]]
875 1332 107 21 500,000—

723 1436 76 20 150,000|
833 1445 1 2 |
886 1445 22 2 —
961 1444 22 2 |—-

575 1478 101 23 Transport
691 1465 108 33 |10.955,055]
811 1475 23 19 20
844 1464 109 34 |24,102,246]
962 1476 18 16 11

197 1518 148 19 Statsutskottets
358 1518 113 18 betänkande
482 1518 38 18 N:o
532 1518 28 18 12.
