1061 1631
345 146 35 24 U.:
390 147 29 22 B.
434 156 27 11 —
476 147 76 28 Prop.
569 146 100 24 N:6:43:
875 148 13 20 5

130 215 97 22 tillbaka
242 215 63 22 inom
321 215 127 29 nästsagda
463 215 42 26 tid,
521 215 99 22 förlorar
635 215 47 22 han
698 215 142 28 egendomen
852 215 36 22 för

129 249 73 22 alltid:
225 249 50 22 Har
290 257 29 14 en
334 250 67 21 make
417 250 63 21 varit
495 250 45 21 fem
557 250 26 21 år
595 249 153 26 försvunnen,
757 250 45 21 kan
816 250 72 21 andra

129 283 82 22 maken
233 284 58 29 yrka
315 285 30 28 på
368 284 92 22 skilnad
486 285 8 20 i
518 284 154 28 äktenskapet
686 283 44 22 och
746 284 30 29 på
791 287 48 18 rätt
853 287 35 18 att

129 318 55 29 ibgå
199 321 54 26 nytt
268 318 65 29 gifte.
364 319 46 21 För
431 319 83 21 hustru
528 319 59 21 efter
602 318 144 22 försvunnen
761 318 77 22 soldat
852 322 35 18 ut-

129 356 43 25 gör
186 353 77 21 denna
278 353 35 21 tid
328 353 60 22 dock
404 353 33 22 tio
454 354 31 21 år.

197 388 38 21 En
256 387 51 22 från
323 388 143 27 nyssnämda
480 390 148 25 rättssystem
643 388 8 21 i
666 388 78 28 någon
760 388 53 21 mån
829 387 58 22 afvi-

129 421 76 22 kande
225 422 144 28 gestaltning
391 422 42 21 har
456 422 178 28 ifrägavarande
657 422 94 21 institut
771 421 116 22 erhållit
876 417 15 37 i

129 463 29 14 en
174 456 36 21 del
226 456 69 28 tyska
310 459 79 24 stater,
406 457 75 21 såsom
493 456 121 25 Preussen,
624 456 93 28 Bayern
726 456 42 21 och
778 456 108 27 Sachsen,

129 493 60 18 samt
203 491 130 21 sedermera
348 491 8 20 i
367 491 45 21 den
423 498 47 21 nya
478 491 69 28 tyska
555 490 235 29 rikslagstiftningen.
806 491 80 21 Ehuru

130 525 44 21 den
190 525 137 21 försvunnes
343 525 63 21 ålder
421 525 8 21 i
445 525 63 21 vissa
523 525 124 21 afseenden
663 525 89 28 tillagts
768 525 118 28 betydelse

132 559 37 21 vid
182 559 97 28 frågans
294 559 126 25 ordnande,
436 563 26 18 är
478 559 59 22 dock
552 559 98 22 likasom
664 559 6 21 i
680 559 80 22 fransk
768 562 46 19 rätt
823 559 63 22 tiden

129 593 36 22 för
187 593 45 22 den
255 593 139 22 försvunnes
409 594 105 28 spårlösa
530 593 108 22 frånvaro
654 594 8 21 i
677 593 96 22 främsta
788 597 99 18 rummet

129 627 172 22 bestämmande
317 627 37 22 för
369 628 130 21 institutets
515 628 115 27 karaktär,
646 636 52 13 men
709 629 72 28 något
791 628 95 22 mellan-

129 663 112 26 tillstånd,
257 662 160 22 innefattande
432 670 56 14 vare
504 663 36 28 sig
555 670 29 13 en
600 663 142 28 provisorisk
757 663 129 29 upplåtelse

128 697 27 20 af
167 697 144 28 egendomen
327 697 24 21 åt
366 697 110 21 eventuel
492 697 210 21 rättsinnehafvare
721 697 56 21 eller
792 700 34 19 ett
841 701 45 18 sär-

129 731 71 21 skildt
222 731 156 22 förklarande.
393 734 36 19 att
451 732 45 21 den
520 731 102 22 saknade
645 739 66 14 anses
736 731 149 26 försvunnen,

129 773 54 21 eger
204 766 51 21 icke
279 773 56 14 rum.
367 766 76 21 Sedan
468 773 28 14 en
512 766 47 21 viss
577 765 33 22 tid
625 779 27 3 —
668 766 8 21 i
692 766 62 29 regel
770 767 33 20 tio
819 767 24 20 år
859 779 26 3 —

128 799 99 22 förflutit
241 801 60 20 efter
316 800 39 21 det
368 800 170 21 underrättelse
554 807 37 14 om
608 808 29 13 en
650 800 142 21 försvunnen
802 808 84 21 person

128 838 78 18 senast
229 835 110 25 erhällits,
364 835 89 21 skrides
476 835 32 28 pä
529 835 103 21 ansökan
649 835 26 21 af
688 835 50 26 den,
755 835 68 21 hvars
839 839 47 18 rätt

128 869 45 21 kan
189 869 67 21 deraf
270 869 61 27 bero,
348 869 144 22 omedelbart
509 869 34 21 till
555 869 44 22 den
608 869 201 29 domstolsätgärd,
818 869 67 22 hvar-

128 904 91 28 igenom
236 903 59 22 efter
311 903 168 29 försiggängen
496 903 106 29 offentlig
618 904 138 28 kungörelse
772 911 113 22 personen

127 938 112 21 förklaras
262 938 36 21 för
314 938 58 31 död.
403 939 180 28 Verkningarna
598 938 69 22 häraf
680 939 91 21 sträcka
793 939 36 28 sig
849 939 36 21 sä-

127 973 38 21 väl
181 973 36 20 till
233 973 58 21 hans
307 972 163 29 förmögenhet
486 980 48 14 som
552 973 35 21 till
602 973 163 21 förhällanden
777 973 25 21 af
808 980 76 14 annan

127 1011 74 22 natur,
213 1008 75 21 såsom
297 1007 135 29 äktenskap,
442 1008 156 26 föräldrarätt,
607 1007 192 29 törmynderskap
808 1014 19 15 o.
836 1015 17 14 s.
862 1015 22 13 v.

127 1041 46 22 Till
196 1041 51 22 dess
270 1041 191 30 dödsförklaring
482 1042 63 21 skett
559 1042 113 21 förvaltas
688 1042 43 21 den
748 1041 136 23 försvunnes

128 1076 28 21 bo
172 1075 26 22 af
210 1076 163 21 tillförordnad
389 1076 103 22 kurator.
513 1090 22 2 —
551 1077 34 21 Pä
600 1077 8 21 i
623 1076 133 22 hufvudsak
771 1075 113 22 likartade

126 1110 150 29 grundsatser
298 1111 76 21 hvilar
397 1111 45 21 den
458 1111 101 21 svenska
574 1111 167 28 förordningen
758 1110 26 22 af
797 1111 44 21 den
856 1112 27 20 27

126 1144 130 22 November
274 1147 61 25 1854,
350 1148 64 18 utom
424 1148 36 19 att
474 1145 72 28 tiden,
561 1145 59 22 efter
634 1145 70 21 hvars
718 1145 90 29 utgäng
816 1145 67 21 döds-

126 1179 129 29 förklaring
277 1180 46 21 kan
347 1180 47 24 ske,
420 1180 7 21 i
451 1180 64 28 regel
531 1184 26 17 är
571 1180 68 28 tjugu
654 1180 26 21 är
694 1183 60 18 samt
767 1183 34 18 att
815 1182 69 19 rätts-

125 1213 114 29 följderna
255 1214 26 21 af
294 1222 28 13 en
338 1221 96 21 persons
451 1214 189 28 dödsförklaring
653 1214 98 21 hänföra
759 1214 36 28 sig
802 1214 83 24 endast

125 1248 36 21 till
177 1248 58 21 hans
251 1248 347 29 förmögenhetsförhällanden.

193 1282 46 22 Vid
255 1283 173 28 öfvervägande
444 1283 28 21 af
484 1283 29 21 de
522 1283 116 21 allmänna
647 1283 107 29 grunder,
763 1284 30 28 pä
803 1283 81 21 hvilka

125 1317 44 21 den
185 1318 121 21 inhemska
322 1318 183 28 lagstiftningen
520 1318 8 21 i
542 1322 78 17 ämnet
630 1318 69 22 borde
709 1318 96 29 byggas,
813 1325 70 21 synes

125 1364 26 4 —
167 1352 134 21 framhäller
323 1352 213 29 Lagberedningen
557 1353 8 21 i
585 1353 41 21 sitt
649 1352 134 22 förberörda
803 1352 80 22 betän-

124 1386 75 21 kande
214 1399 27 4 —
258 1386 39 21 det
318 1386 8 21 i
349 1386 45 22 den
417 1387 71 27 tyska
512 1386 227 30 rikslagstiftningen
763 1389 121 27 upptagna

124 1423 111 25 systemet
257 1420 36 22 :för
315 1420 192 29 dödsförklaring
528 1421 84 21 främst
632 1420 99 30 förtjena
747 1420 135 23 beaktande.

124 1454 69 22 Såväl
209 1454 40 22 det
271 1455 129 21 allmännas
416 1462 49 14 som
483 1455 45 21 den
544 1455 123 21 enskildes:
677 1456 113 21 intressen
806 1455 77 28 bjuda,

193 1500 130 22 Lagutskottets
335 1500 112 18 betänkande
460 1501 38 17 N:o
511 1502 28 16 14.
557 1503 11 8 *
