1061 1631
324 170 72 23 Ständ.
413 169 35 23 Sv.
464 183 27 3 —
508 170 59 27 Prop.
585 170 34 22 N:o
635 170 35 21 37.
850 172 25 19 21

474 235 12 19 5
502 233 20 29 8.

189 279 147 22 Fiskeidkare
351 287 53 14 vare
421 279 140 29 berättigade
577 281 32 20 att
624 281 13 20 ä
653 279 28 22 de
696 279 99 22 kronans
806 281 71 20 strän-

122 314 45 26 der,
192 314 51 22 skär
263 314 42 22 och
325 314 93 25 holmar,
432 313 94 23 hvarom
541 314 7 21 i
563 316 14 19 3
592 314 14 29 &
622 316 68 26 sagts,
705 314 8 21 i
728 315 53 20 män
797 313 25 22 af
835 314 42 21 till-

122 351 62 26 gäng
200 351 55 19 utan
271 348 68 29 afgift
354 348 24 21 fä
393 348 65 21 mark
473 350 23 19 ät
513 349 34 28 sig
563 349 109 28 uppläten
688 348 35 22 för
734 348 143 29 uppförande

123 383 26 21 af
169 383 148 28 boningshus,
337 383 71 21 bodar
423 383 43 21 och
481 383 187 28 beredningshus,
684 390 47 14 som
747 383 36 21 för
799 383 78 21 fiskets

122 417 149 22 bedrifvande
293 417 123 26 erfordras;
436 417 42 22 och
494 417 77 22 anvise
587 420 143 26 guvernören
746 417 36 22 för
797 417 80 21 sädant

122 452 102 21 ändamål
240 452 81 29 nödigt
336 452 97 21 område.

474 535 12 19 6
502 533 20 29 8.

190 579 66 22 Hvad
279 579 41 21 här
342 579 69 22 ofvan
434 579 42 22 och
494 579 7 21 i
522 581 24 19 17
566 579 50 29 kap.
636 581 24 19 är
676 579 106 28 stadgadt
797 579 79 21 skall
865 575 15 38 i

122 613 65 29 fråga
209 621 37 14 om
269 613 34 22 elf
323 614 53 21 eller
399 615 19 24 å,
438 621 49 14 som
503 616 66 26 utgör
585 616 68 26 gräns
669 615 46 20 mot
731 615 70 20 annat
815 613 60 26 land,

122 651 58 18 samt
201 648 50 21 dess
275 648 110 22 tillflöden
408 648 44 22 och
474 648 94 29 saltsjön
591 648 92 22 utanför
698 648 51 21 dess
764 648 112 29 mynning

122 683 113 28 tillämpas
258 683 80 21 endast
360 683 74 22 såvidt
458 683 50 21 icke
526 685 23 19 är
569 683 55 21 eller
638 683 81 21 varder
735 683 141 21 annorlunda

123 717 151 22 föreskrifvet.

191 786 184 29 Tillämpningen
390 786 26 22 af
430 787 74 21 denna
519 787 38 28 lag
572 787 104 28 vidtager
691 787 44 21 den

191 822 47 21 Har
260 823 77 26 någon
360 821 49 22 före
432 821 82 22 nämde
537 821 44 28 dag
603 823 124 27 upprensat
749 823 97 26 notvarp
869 821 7 21 i

122 855 85 27 hafvet,
231 863 41 22 ege
295 855 140 22 fortfarande
458 855 65 28 njuta
545 856 124 21 detsamma
691 855 94 29 tillgodo
805 855 72 22 under

123 890 30 21 tio
170 891 29 21 år.

191 953 108 22 Finlands
315 953 97 22 Ständer
428 953 129 22 framhärda
572 955 40 20 etc.

192 1022 150 29 Helsingfors,
358 1023 44 20 den
418 1025 12 18 5
446 1023 56 21 Juni
520 1025 60 18 1900.
