1061 1631
348 137 29 22 U.
393 137 29 23 B.
438 150 27 4 —
481 137 74 28 Prop.
571 137 45 22 N:o
632 136 38 23 42.
858 138 25 20 17

127 208 140 29 ständighet,
285 216 48 14 som
357 209 94 28 pröfvas
474 217 55 14 vara
548 209 23 21 af
589 209 52 28 vigt
658 209 37 21 för
713 208 83 22 sakens
815 208 68 22 bedö-

126 242 89 22 mande.

480 313 13 20 6
513 313 20 26 8.

194 381 120 28 Upptages
339 380 167 29 ansökningen,
529 380 89 22 beslute
642 382 76 20 rätten
743 382 35 19 att
798 387 84 22 genom

126 415 107 29 offentlig
251 415 138 29 kungörelse
408 415 90 22 inkalla
516 415 52 28 den,
581 422 48 14 som
642 414 98 22 innehar
751 414 130 28 urkunden,

126 451 35 20 att
182 450 43 21 sist
246 450 13 21 å
280 450 47 21 viss
349 449 46 29 dag
415 449 43 22 hos
476 451 77 20 rätten
571 449 99 29 uppvisa
688 449 133 22 densamma
840 449 43 22 och

126 484 51 21 sina
201 485 100 28 anspråk
322 484 70 29 derpå
410 484 93 22 anmäla
521 484 40 21 vid
580 484 108 29 äfventyr
706 486 35 19 att
759 483 123 22 urkunden

126 519 55 28 eljes
211 519 89 28 varder,
323 518 40 22 der
381 519 21 28 ej
421 519 54 28 laga
494 518 82 22 hinder
594 521 80 25 möter,
692 526 84 21 genom
793 521 89 19 rättens

125 554 70 28 utslag
213 553 82 22 dödad.
331 553 163 29 Kungörelsen
513 553 60 22 skall
591 553 43 22 ock
652 553 119 22 innehålla
789 553 94 28 uppgift

126 595 35 14 om
180 587 130 22 sökandens
329 595 69 15 namn
414 587 44 23 och
477 588 137 29 boningsort
632 590 60 19 samt
709 595 120 21 noggrann
843 588 38 21 be-

126 622 115 29 skrifning
260 623 13 22 å
291 623 123 22 urkunden
433 623 57 21 eller
508 623 72 28 nödig
598 623 94 21 afskrift
710 622 70 22 deraf.

479 715 12 21 7
512 715 20 26 8.

193 794 177 30 Inställelsedag
388 795 38 22 må
444 795 21 28 ej
484 797 100 20 utsättas
603 795 99 28 tidigare
716 798 28 18 än
757 797 34 19 tre
804 795 77 21 mäna-

125 829 41 21 der
184 829 57 22 efter
259 829 40 22 det
317 829 76 22 beslut
412 837 35 14 om
468 829 107 29 offentlig
593 829 138 29 kungörelse
745 829 80 22 fattats
838 829 43 22 och

125 864 20 29 ej
165 871 80 15 senare
265 867 28 18 än
312 864 37 22 till
367 864 44 22 den
431 865 115 21 ordinarie
565 864 190 29 rättegångsdag,
769 871 46 14 som
833 867 48 19 natt

125 899 38 21 och
182 899 27 22 år
232 898 99 22 derefter
352 899 57 22 först
427 899 99 22 infaller.
562 899 134 22 Innehåller
713 899 100 27 urkund,
832 906 49 14 som

125 933 59 21 skall
201 933 129 29 efterlysas,
348 934 47 21 viss
414 933 147 29 förfallodag,
580 934 43 21 och
642 937 25 18 är
686 933 75 22 denna
780 934 19 28 ej
819 933 61 28 inne,

126 967 68 22 varde
218 968 65 21 tiden
306 968 37 22 för
362 969 132 21 inställelsen
514 968 89 22 räknad
628 969 57 28 från;
704 967 176 30 förfallodagen.

478 1060 12 21 8
512 1061 19 26 8.

194 1128 113 29 Offentlig
325 1129 139 29 kungörelse
483 1129 59 22 skall
555 1129 76 22 anslås
644 1130 14 21 å
670 1132 89 20 rättens
771 1130 54 22 dörr
837 1127 43 23 och

124 1170 82 22 genom
229 1164 131 22 sökandens
382 1164 84 29 åtgärd
489 1164 86 22 införas
599 1167 30 19 tre
645 1166 80 27 gånger
742 1166 10 20 i
768 1166 113 21 allmänna

124 1198 148 28 tidningarna,
285 1198 66 22 deraf
368 1206 29 14 en
410 1199 64 28 gång
492 1199 8 21 i
517 1200 69 27 första
603 1206 118 15 nummern
738 1200 35 28 för
791 1202 28 19 ett
830 1198 47 21 års-

124 1233 88 27 gvartal,
230 1233 51 21 dock
298 1234 19 27 ej
333 1241 74 13 senare
425 1236 30 18 än
473 1234 34 21 det
518 1234 89 28 qvartal,
621 1240 50 16 som
684 1242 28 14 en
725 1234 84 22 månad
822 1232 59 23 efter

124 1266 40 22 det
181 1266 77 22 beslut
277 1274 36 15 om
331 1268 157 28 kungörelsen
507 1268 80 21 fattats
605 1268 59 22 först
680 1271 57 26 tager
748 1270 37 20 sin
797 1268 82 27 början,

125 1303 59 19 samt
201 1301 112 22 särskildt
330 1302 115 28 delgifvas
464 1302 46 22 den
526 1302 141 29 förpligtade
680 1303 61 28 eller,
755 1311 36 13 om
804 1302 75 22 denne

125 1339 25 18 är
159 1336 108 28 sökande,
279 1336 54 22 siste
343 1336 112 29 veterlige
465 1336 167 23 innehafvaren
641 1338 23 21 af
669 1338 128 22 urkunden.
804 1338 75 21 Efter-

123 1370 61 28 lyses
208 1370 144 22 förkommen
376 1371 74 28 vexel,
470 1372 60 22 skall
548 1371 81 22 endast
647 1372 167 28 godkännaren
833 1375 46 18 sär-

123 1404 73 22 skildt
214 1404 77 23 derom
310 1406 155 21 underrättas.
499 1404 46 24 Äro
565 1406 65 22 desse
649 1407 64 28 döde,
732 1407 71 22 varde
821 1407 59 19 knn-

123 1439 106 28 görelsen
247 1440 117 29 delgifven
385 1440 108 29 delegare
512 1441 7 21 i
537 1441 66 21 deras
622 1441 36 22 bo.

193 1488 132 23 Lagutskottets
338 1489 111 18 betänkande
462 1489 38 17 N:o
513 1490 28 17 13.
