1061 1631
209 123 29 19 36
407 120 27 23 U.
451 121 25 22 B.
494 134 26 4 —
537 121 73 29 Prop.
626 121 45 23 N:o
688 121 28 23 37

179 187 71 29 målig
270 187 51 22 fisk.
353 188 80 28 Bägge
450 187 67 22 dessa
533 187 116 22 missbruk
664 187 79 22 kunna
759 187 52 22 med
828 190 106 27 storryss-

178 223 41 29 jan
234 223 75 22 bättre
326 223 99 29 afvärjas
442 227 30 18 än
488 224 52 21 med
555 225 71 27 något
642 226 69 19 annat
725 224 109 28 redskap;
846 226 26 26 ty
882 224 53 21 tack

179 267 54 14 vare
258 259 53 22 dess
331 259 56 29 höjd
408 260 46 21 kan
470 259 139 29 storryssjan
625 259 105 29 utläggas
746 261 30 28 på
792 263 75 25 öppna
883 259 52 29 fjär-

181 295 45 21 den
247 295 54 22 med
317 295 149 22 undvikande
484 295 23 22 af
522 295 141 26 stränderna,
681 296 40 21 där
737 295 77 22 fisken
829 296 41 21 har
886 294 49 23 sina

181 331 131 28 lekplatser,
329 331 43 22 och
388 331 53 21 tack
456 339 54 14 vare
528 331 44 21 den
589 331 48 21 rika
648 331 163 29 afkastningen
822 331 46 22 kan
878 339 57 14 mas-

180 367 84 21 kornas
289 367 84 22 storlek
398 367 54 21 ökas
477 367 43 21 och
543 367 97 21 sålunda
662 367 81 22 endast
759 367 114 28 fullmålig
889 366 46 22 fisk

180 403 100 21 erhållas
296 405 55 19 utan
367 403 49 21 fara
431 403 36 21 för
484 405 32 19 att
532 403 92 28 utbytet
640 402 44 22 blir
698 403 71 28 ringa.
792 403 143 28 Storryssjan

180 441 54 26 äger
250 438 71 22 äfven
337 439 45 21 den
397 439 144 28 förtjänsten,
558 441 33 19 att
606 439 45 21 den
666 438 51 22 icke
732 439 124 28 möjliggör
865 441 71 26 något

180 474 93 28 olofligt
295 474 67 26 fiske,
385 475 29 21 då
435 474 28 29 ju
480 475 63 21 detta
559 475 97 28 redskap
673 475 53 21 med
743 474 76 22 därtill
834 474 100 22 hörande

180 510 77 21 stakar
274 517 69 22 synes
359 512 29 27 på
403 512 71 27 några
490 510 130 21 kilometers
637 510 92 21 afstånd
740 510 65 21 öfver
816 509 57 30 sjön.

251 546 13 21 I
281 546 52 21 stöd
349 546 23 21 af
386 546 64 21 hvad
464 546 41 29 jag
521 547 42 20 här
578 546 50 21 haft
643 550 55 17 äran
710 546 87 26 anföra,
813 548 71 27 vågar
894 545 41 29 jag

180 581 97 22 föreslå
268 577 13 38 :

468 637 32 20 att
520 635 125 22 Ständerna
666 635 49 23 ville
731 635 158 22 återremittera
904 634 32 23 be-

397 671 119 22 tänkandet
530 671 35 22 till
585 671 103 22 Utskottet
702 671 37 28 för
755 673 31 20 att
801 670 134 29 omformule-

398 714 38 15 ras
458 707 93 26 därhän,
575 709 33 20 att
624 707 119 28 storryssja
757 709 58 26 finge
830 707 106 28 begagnas

396 743 92 28 utanför
510 743 107 28 mynning
640 743 25 27 af
687 743 34 26 elf
738 743 52 22 eller
805 743 19 26 å,
841 743 42 22 där
898 742 38 22 lax

398 779 37 22 och
454 779 35 22 sik
510 779 146 28 förekommer,
680 779 72 22 under
768 778 115 23 enahanda
898 778 38 21 vil-

400 815 39 22 kor
454 822 46 14 som
512 815 33 28 på
560 815 72 22 andra
645 815 85 28 platser
745 815 9 21 i
769 814 97 28 saltsjön.

251 899 54 21 Den
321 899 23 21 af
359 899 129 21 Ständerna
503 906 56 21 nyss
577 902 100 25 antagna
694 899 93 28 ,Lagen
803 906 38 14 om
849 901 87 20 vatten-

179 936 89 20 rätten"
291 935 93 28 stadgar
399 935 8 21 i
424 935 52 21 dess
494 937 10 19 1
522 935 25 28 $:
581 935 25 26 ,I
622 935 38 26 elf,
677 937 72 19 ström
765 935 44 21 och
825 937 12 19 ä
853 937 59 19 samt
927 934 9 21 i

179 970 101 21 ledsund
304 970 58 22 skall
378 970 134 29 kungsådra
527 970 87 22 lemnas
631 974 76 25 öppen
723 971 37 20 för
775 973 102 19 vattnets
892 970 44 21 fria

180 1006 62 29 lopp,
269 1006 35 29 sjö
328 1006 43 22 och
393 1006 91 26 båtfart,
508 1006 110 29 flottning
635 1007 43 21 och
694 1006 89 22 fiskens
799 1005 135 29 vandring”.

182 1041 95 26 »Såsom
301 1042 131 28 kungsådra
451 1041 60 30 vore,
524 1042 77 21 hållen
622 1049 29 14 en
667 1042 113 28 tredjedel
796 1042 24 21 af
835 1044 100 19 vattnets

180 1077 74 21 bredd
270 1077 40 22 vid
326 1077 224 22 medelvattenständ
567 1078 42 21 och
626 1078 41 21 der
684 1077 94 29 djupast
793 1080 46 19 är”.

254 1115 26 20 11
305 1113 14 29 &
345 1115 25 20 17
394 1114 52 28 kap
470 1113 34 30 B:
519 1114 26 21 B.
562 1113 138 22 bestämmer
716 1113 73 29 enligt
804 1113 131 22 Utskottets

180 1149 158 29 formulering,
355 1152 33 19 att
405 1150 131 28 kungsädra
547 1150 42 21 och
601 1158 76 14 annan
687 1150 86 22 fiskled
785 1150 76 22 städse
878 1150 58 22 skall

181 1185 73 21 hällas
271 1185 30 21 fri
316 1186 51 21 frän
382 1186 119 21 fiskevärk
517 1186 43 21 och
576 1186 30 21 all
622 1193 76 14 annan
715 1186 95 21 stäende
827 1186 109 22 fiskered-

180 1221 57 29 skap
263 1224 59 19 samt
344 1222 84 21 tilläter
444 1222 60 21 fiske
520 1222 53 22 med
589 1222 69 28 rörlig
675 1222 98 29 redskap
789 1221 63 22 inom
869 1222 66 21 dessa

180 1257 111 21 omräden
307 1257 81 22 endast
404 1258 73 21 under
492 1258 75 21 vilkor
583 1260 33 19 att
632 1257 116 22 fiskleden
764 1258 77 21 städse
857 1260 24 18 är
897 1260 37 26 öp-

180 1300 44 20 pen
240 1292 38 22 till
294 1292 36 22 sin
345 1293 79 21 halfva
439 1293 79 21 bredd.

253 1328 119 22 Utskottet
387 1329 41 21 har
444 1329 129 29 medgifvit,
591 1331 33 19 att
640 1329 113 22 särskilda
766 1328 168 30 omständighe-

180 1365 34 19 ter
237 1364 80 21 kunna
340 1364 190 29 nödvändiggöra
554 1365 118 28 undantag
696 1365 51 21 frän
766 1365 39 21 det
821 1364 113 22 allmänna

179 1398 140 29 stadgandet
336 1407 36 14 om
388 1400 161 28 kungsädrans
565 1400 191 28 öppenhällande,
773 1400 90 23 hvilket
873 1401 64 29 meä-

258 1442 209 18 Vattenräitsutskottets
480 1442 116 19 betänkande
609 1441 37 19 N:o
658 1444 18 17 5.
