1061 1631
177 108 25 20 14
407 108 29 22 U.
452 108 28 22 B.
497 121 26 3 —
539 108 75 29 Prop.
630 109 42 23 N:o
688 109 36 22 41.

173 175 46 22 frän
235 176 108 22 allmänna
357 177 135 22 statsfonden
508 177 134 22 ersättas'för
654 178 185 23 befordrandet
815 171 24 39 af
849 181 84 25 posten.

174 211 32 21 En
224 211 67 21 sådan
307 212 120 26 ersättning
442 218 52 15 vore
502 212 101 27 betingad
615 213 23 20 af
643 213 40 21 den
695 213 54 21 efter
760 213 172 27 affärsprinciper

175 245 95 21 ordnade
285 245 157 27 förvaltningen
450 245 23 22 af
482 246 207 28 Statsjärnvägarne,
698 249 55 20 samt
761 247 123 27 nödvändig
898 246 32 22 för

175 279 106 22 ernäende
296 279 23 22 af
333 279 65 22 sädan
414 279 162 28 fullständighet
591 281 6 20 i
613 281 120 22 desammas
749 281 92 26 bokslut,
857 283 32 19 att
896 281 36 21 det

174 313 96 27 verkliga
295 314 113 21 resultatet
430 313 22 22 af
473 314 89 21 trafiken
585 315 65 22 därur
672 316 48 21 med
743 315 105 28 tydlighet
869 315 63 21 fram-

176 348 67 27 ginge.
275 348 37 21 Uti
328 348 120 27 Kejserliga
464 349 103 22 Senatens
583 356 52 20 nyss
651 350 99 21 utdelade
769 349 114 22 berättelse
898 355 34 15 om

176 382 121 27 Styrelsens
313 383 141 26 tillgöranden
470 383 6 21 i
492 383 115 27 anledning
622 383 23 22 af
658 384 26 21 de
700 383 47 22 utaf
761 384 121 21 Ständerna
897 383 36 21 vid

175 417 130 26 landtdagen
330 417 53 21 1897
406 417 80 22 fattade
505 417 77 26 beslut,
597 418 108 21 meddelas
721 419 13 20 å
749 418 88 21 sidorna
853 418 26 21 18
894 417 39 22 och

177 451 25 20 19
218 453 31 19 att
267 451 91 21 Senaten
375 452 31 21 uti
421 453 88 20 ärendet
523 451 105 22 infordrat
642 453 227 26 Järnvägsstyrelsens
881 452 53 21 utlä-

176 485 69 26 tande,
261 485 82 22 hvilket
354 486 79 26 jämväl
449 486 68 21 under
533 488 85 19 senaste
633 487 50 20 höst
697 487 119 25 inkommit,
827 486 106 21 hvarefter

176 520 89 21 ärendet
281 521 62 20 beror
359 521 28 26 pä
401 521 73 20 vidare
489 521 165 26 handläggning.
676 521 42 21 För
734 521 42 21 den
792 521 101 21 händelse
902 523 32 18 att

178 553 131 22 Ständernas
331 555 161 26 iträgavarande
514 555 158 27 framställning
693 556 7 20 i
723 556 70 21 sinom
814 555 31 21 tid
860 555 74 21 vinner

177 589 60 20 Hans
260 589 120 27 Kejserliga
402 589 111 27 Majestäts
535 590 77 26 nådiga
633 589 58 22 bifall
713 590 39 21 har
769 589 166 22 Statsutskottet

176 625 72 19 ansett
263 623 34 27 sig
313 623 56 26 böra,
385 624 35 21 vid
435 623 144 27 beräkningen
595 624 23 21 af
631 623 146 22 statsfondens
794 623 87 28 utgifter
896 630 38 15 un-

177 657 37 21 der
230 658 194 21 nästinstundande
439 658 150 27 finansperiod,
605 660 49 25 taga
674 659 39 20 den
730 658 122 27 föreslagna
867 657 67 22 öfver-

177 691 97 28 föringen
291 693 6 20 i
314 692 144 21 betraktande.
487 692 132 21 Densamma
634 693 69 20 sknlle
718 693 67 26 enligt
795 692 141 21 omförmälda

178 725 81 28 förslag
281 727 71 21 såsom
376 727 68 21 direkt
466 727 130 26 öfverföring
617 727 46 21 från
679 727 134 21 statsfonden
830 727 31 21 till
877 727 58 21 kom-

179 761 224 21 munikationsfonden
427 761 28 27 på
478 767 25 15 en
527 761 56 27 gång
598 762 102 21 innefatta
716 761 59 22 såväl
791 767 26 15 en
832 761 46 21 från
895 761 39 21 den

176 795 135 22 förstnämda
325 796 31 21 till
364 795 126 27 postverket
498 795 106 27 utgående
614 796 120 26 ersättning
740 795 33 21 för
786 795 148 27 befordringen

176 831 21 20 at
219 829 81 26 fribref,
322 837 45 14 som
390 830 39 21 ock
443 829 125 22 förberörda
585 830 136 27 godtgörelse
736 829 47 22 från
799 830 135 27 postverkets

177 864 46 21 sida
237 864 33 21 till
287 864 195 27 statsjärnvägarne
496 863 32 22 för
544 864 27 21 de
585 864 116 21 kostnader
716 866 89 25 postens
821 863 113 22 befordran

177 898 83 22 mediör
276 899 39 20 och
331 899 71 20 hvilka
411 899 73 20 kunna
495 899 165 26 approximativt
669 899 127 26 uppskattas
805 899 32 20 till
844 899 92 25 400,000

178 933 66 20 mark.
275 933 31 21 På
329 933 70 26 grund
422 932 22 21 af
464 933 36 21 det
523 935 48 24 sätt,
592 933 80 26 hvarpå
690 932 158 27 öfverföringen
865 933 70 21 såsom

177 967 86 27 antydts
280 967 68 21 skulle
363 967 86 21 komma
464 970 32 18 att
511 973 38 20 ega
565 973 53 20 rum,
634 967 85 21 komme
735 967 125 21 densamma
874 967 18 26 ej
905 969 32 19 att

178 1002 82 21 direkte
281 1002 78 21 beröra
377 1001 136 27 postverkets
529 1002 86 26 budget.
645 1001 78 22 Därför
738 1001 39 21 har
793 1001 143 22 Statsutskot-

178 1038 36 23 tet,
237 1042 35 15 om
295 1035 39 22 ock
356 1035 74 27 frågan
446 1035 38 21 här
499 1035 126 22 behandlats
641 1035 35 22 vid
692 1036 79 21 nionde
787 1035 148 26 hufvudtiteln,

178 1072 72 19 ansett
274 1069 90 28 utgiften
380 1070 52 21 böra
447 1070 127 21 observeras
590 1070 68 21 under
673 1070 109 21 trettonde
792 1069 144 22 hufvudtiteln

180 1105 99 20 »diverse
294 1104 106 21 allmänna
416 1104 105 27 utgifter.»

249 1139 118 27 Angående
388 1139 26 21 de
437 1139 67 21 under
520 1139 78 21 nionde
614 1141 14 19 t.
644 1145 18 15 o.
678 1145 27 15 m.
721 1139 110 21 trettonde
846 1138 91 22 hufvud-

179 1174 61 20 titeln
264 1173 134 27 kalkylerade
419 1173 75 27 anslag
516 1173 38 21 har
570 1173 111 22 Utskottet
695 1173 34 21 för
745 1172 65 28 öfrigt
824 1173 53 21 intet
893 1175 44 19 sär-

180 1208 65 21 skildt
264 1210 32 19 att
311 1208 105 26 påminna.
446 1207 30 21 Af
491 1208 124 27 nyssnämda
629 1203 68 26 orsak
712 1208 39 20 har
767 1206 109 22 trettonde
890 1207 47 21 huf-

180 1242 118 22 vudtitelns
320 1242 159 27 upgiftsbelopp
497 1241 71 22 blifvit
583 1241 46 22 från
641 1242 60 21 F:mk
716 1242 119 26 5,200,000:
850 1254 28 2 —
893 1241 7 21 i
915 1242 23 20 F.

180 1277 25 21 E.
227 1277 28 21 K.
277 1276 64 22 ökadt
358 1276 30 22 till
404 1276 60 21 F:mk
478 1276 117 26 5,600,000:
612 1289 32 8 —
674 1276 163 21 Totalsumman
853 1275 23 22 af
889 1276 26 20 de
931 1276 7 20 i

180 1311 109 27 budgeten
305 1310 35 22 för
354 1310 108 22 allmänna
476 1310 133 22 statsfonden
628 1313 111 24 upptagna
754 1310 116 27 utgifterna
885 1316 53 21 upp-

181 1346 44 26 går,
241 1346 68 26 enligt
323 1345 124 21 Utskottets
462 1345 124 27 beräkning,
601 1344 31 22 till
648 1344 60 22 F:mk
718 1344 133 26 40,746,000:
864 1357 32 9 —.

250 1380 31 20 Pä
309 1379 68 28 grund
397 1379 23 21 af
433 1380 37 20 det
484 1379 89 21 anförda
588 1379 72 21 ställer
676 1379 34 27 sig
726 1379 125 21 Utskottets
869 1379 70 27 kalkyl

182 1421 46 15 som
244 1414 71 27 följer:
426 1416 2 2 |

253 1460 143 18 Statsutskottets
409 1460 110 17 betänkande
531 1459 38 18 N:o
581 1460 29 16 12.
