<?xml version="1.0" encoding="UTF-8"?>
<alto xmlns="http://www.loc.gov/standards/alto/ns-v3#" xmlns:xlink="http://www.w3.org/1999/xlink" xmlns:xsi="http://www.w3.org/2001/XMLSchema-instance" xsi:schemaLocation="http://www.loc.gov/standards/alto/ns-v3# http://www.loc.gov/alto/v3/alto-3-0.xsd">
	<Description>
		<MeasurementUnit>pixel</MeasurementUnit>
		<sourceImageInformation>
			<fileName>/tmp/tess_obnv91l0_input.PNG</fileName>
		</sourceImageInformation>
		<OCRProcessing ID="OCR_0">
			<ocrProcessingStep>
				<processingSoftware>
					<softwareName>tesseract 5.3.4</softwareName>
				</processingSoftware>
			</ocrProcessingStep>
		</OCRProcessing>
	</Description>
	<Layout>
		<Page WIDTH="1061" HEIGHT="1631" PHYSICAL_IMG_NR="0" ID="page_0">
			<PrintSpace HPOS="0" VPOS="0" WIDTH="1061" HEIGHT="1631">
				<ComposedBlock ID="cblock_0" HPOS="97" VPOS="777" WIDTH="11" HEIGHT="20">
					<TextBlock ID="block_0" HPOS="97" VPOS="777" WIDTH="11" HEIGHT="20">
						<TextLine ID="line_0" HPOS="97" VPOS="777" WIDTH="11" HEIGHT="20">
							<String ID="string_0" HPOS="97" VPOS="777" WIDTH="11" HEIGHT="20" WC="0.60" CONTENT="pa"/>
						</TextLine>
					</TextBlock>
				</ComposedBlock>
				<ComposedBlock ID="cblock_1" HPOS="126" VPOS="775" WIDTH="19" HEIGHT="29">
					<TextBlock ID="block_1" HPOS="126" VPOS="775" WIDTH="19" HEIGHT="29">
						<TextLine ID="line_1" HPOS="126" VPOS="775" WIDTH="19" HEIGHT="29">
							<String ID="string_1" HPOS="126" VPOS="775" WIDTH="19" HEIGHT="29" WC="0.87" CONTENT="un"/>
						</TextLine>
					</TextBlock>
				</ComposedBlock>
				<ComposedBlock ID="cblock_2" HPOS="206" VPOS="100" WIDTH="502" HEIGHT="28">
					<TextBlock ID="block_2" HPOS="206" VPOS="100" WIDTH="502" HEIGHT="28">
						<TextLine ID="line_2" HPOS="206" VPOS="100" WIDTH="502" HEIGHT="28">
							<String ID="string_2" HPOS="206" VPOS="102" WIDTH="13" HEIGHT="19" WC="0.96" CONTENT="6"/><SP WIDTH="177" VPOS="102" HPOS="219"/>
							<String ID="string_3" HPOS="396" VPOS="100" WIDTH="29" HEIGHT="22" WC="0.93" CONTENT="U."/><SP WIDTH="16" VPOS="100" HPOS="425"/>
							<String ID="string_4" HPOS="441" VPOS="100" WIDTH="27" HEIGHT="22" WC="0.90" CONTENT="B."/><SP WIDTH="17" VPOS="100" HPOS="468"/>
							<String ID="string_5" HPOS="485" VPOS="113" WIDTH="27" HEIGHT="3" WC="0.92" CONTENT="—"/><SP WIDTH="16" VPOS="113" HPOS="512"/>
							<String ID="string_6" HPOS="528" VPOS="100" WIDTH="73" HEIGHT="28" WC="0.96" CONTENT="Prop."/><SP WIDTH="16" VPOS="100" HPOS="601"/>
							<String ID="string_7" HPOS="617" VPOS="100" WIDTH="45" HEIGHT="22" WC="0.95" CONTENT="N:o"/><SP WIDTH="16" VPOS="100" HPOS="662"/>
							<String ID="string_8" HPOS="678" VPOS="100" WIDTH="30" HEIGHT="22" WC="0.96" CONTENT="33"/>
						</TextLine>
					</TextBlock>
				</ComposedBlock>
				<ComposedBlock ID="cblock_3" HPOS="177" VPOS="165" WIDTH="758" HEIGHT="1281">
					<TextBlock ID="block_3" HPOS="177" VPOS="165" WIDTH="755" HEIGHT="603">
						<TextLine ID="line_3" HPOS="177" VPOS="165" WIDTH="754" HEIGHT="30">
							<String ID="string_9" HPOS="177" VPOS="166" WIDTH="82" HEIGHT="28" WC="0.96" CONTENT="stadga"/><SP WIDTH="23" VPOS="166" HPOS="259"/>
							<String ID="string_10" HPOS="282" VPOS="165" WIDTH="36" HEIGHT="22" WC="0.96" CONTENT="för"/><SP WIDTH="23" VPOS="165" HPOS="318"/>
							<String ID="string_11" HPOS="341" VPOS="166" WIDTH="119" HEIGHT="21" WC="0.96" CONTENT="enahanda"/><SP WIDTH="22" VPOS="166" HPOS="460"/>
							<String ID="string_12" HPOS="482" VPOS="167" WIDTH="41" HEIGHT="20" WC="0.96" CONTENT="fall"/><SP WIDTH="20" VPOS="167" HPOS="523"/>
							<String ID="string_13" HPOS="543" VPOS="169" WIDTH="93" HEIGHT="26" WC="0.96" CONTENT="stadgas"/><SP WIDTH="16" VPOS="169" HPOS="636"/>
							<String ID="string_14" HPOS="652" VPOS="166" WIDTH="118" HEIGHT="29" WC="0.95" CONTENT="angående"/><SP WIDTH="15" VPOS="166" HPOS="770"/>
							<String ID="string_15" HPOS="785" VPOS="168" WIDTH="146" HEIGHT="27" WC="0.32" CONTENT="gemensamt"/>
						</TextLine>
						<TextLine ID="line_4" HPOS="177" VPOS="201" WIDTH="752" HEIGHT="30">
							<String ID="string_16" HPOS="177" VPOS="201" WIDTH="147" HEIGHT="26" WC="0.93" CONTENT="fiskevatten,"/><SP WIDTH="17" VPOS="201" HPOS="324"/>
							<String ID="string_17" HPOS="341" VPOS="202" WIDTH="120" HEIGHT="21" WC="0.91" CONTENT="hvarutom"/><SP WIDTH="17" VPOS="202" HPOS="461"/>
							<String ID="string_18" HPOS="478" VPOS="202" WIDTH="136" HEIGHT="28" WC="0.92" CONTENT="stadgandet"/><SP WIDTH="13" VPOS="202" HPOS="614"/>
							<String ID="string_19" HPOS="627" VPOS="202" WIDTH="208" HEIGHT="29" WC="0.91" CONTENT="förfullständigats"/><SP WIDTH="11" VPOS="202" HPOS="835"/>
							<String ID="string_20" HPOS="846" VPOS="209" WIDTH="83" HEIGHT="22" WC="0.95" CONTENT="genom"/>
						</TextLine>
						<TextLine ID="line_5" HPOS="177" VPOS="237" WIDTH="751" HEIGHT="30">
							<String ID="string_21" HPOS="177" VPOS="238" WIDTH="147" HEIGHT="28" WC="0.96" CONTENT="bestämning"/><SP WIDTH="23" VPOS="238" HPOS="324"/>
							<String ID="string_22" HPOS="347" VPOS="245" WIDTH="37" HEIGHT="14" WC="0.96" CONTENT="om"/><SP WIDTH="19" VPOS="245" HPOS="384"/>
							<String ID="string_23" HPOS="403" VPOS="237" WIDTH="70" HEIGHT="27" WC="0.93" CONTENT="tiden,"/><SP WIDTH="16" VPOS="237" HPOS="473"/>
							<String ID="string_24" HPOS="489" VPOS="238" WIDTH="131" HEIGHT="21" WC="0.92" CONTENT="hvarunder"/><SP WIDTH="14" VPOS="238" HPOS="620"/>
							<String ID="string_25" HPOS="634" VPOS="238" WIDTH="67" HEIGHT="28" WC="0.96" CONTENT="plats,"/><SP WIDTH="17" VPOS="238" HPOS="701"/>
							<String ID="string_26" HPOS="718" VPOS="245" WIDTH="50" HEIGHT="14" WC="0.96" CONTENT="som"/><SP WIDTH="15" VPOS="245" HPOS="768"/>
							<String ID="string_27" HPOS="783" VPOS="240" WIDTH="77" HEIGHT="27" WC="0.96" CONTENT="någon"/><SP WIDTH="16" VPOS="240" HPOS="860"/>
							<String ID="string_28" HPOS="876" VPOS="238" WIDTH="52" HEIGHT="21" WC="0.96" CONTENT="med"/>
						</TextLine>
						<TextLine ID="line_6" HPOS="177" VPOS="273" WIDTH="752" HEIGHT="29">
							<String ID="string_29" HPOS="177" VPOS="273" WIDTH="99" HEIGHT="29" WC="0.93" CONTENT="redskap"/><SP WIDTH="17" VPOS="273" HPOS="276"/>
							<String ID="string_30" HPOS="293" VPOS="275" WIDTH="12" HEIGHT="19" WC="0.91" CONTENT="å"/><SP WIDTH="16" VPOS="275" HPOS="305"/>
							<String ID="string_31" HPOS="321" VPOS="273" WIDTH="79" HEIGHT="22" WC="0.96" CONTENT="hafvet"/><SP WIDTH="15" VPOS="273" HPOS="400"/>
							<String ID="string_32" HPOS="415" VPOS="273" WIDTH="89" HEIGHT="29" WC="0.96" CONTENT="intagit,"/><SP WIDTH="17" VPOS="273" HPOS="504"/>
							<String ID="string_33" HPOS="521" VPOS="274" WIDTH="35" HEIGHT="21" WC="0.96" CONTENT="får"/><SP WIDTH="16" VPOS="274" HPOS="556"/>
							<String ID="string_34" HPOS="572" VPOS="274" WIDTH="23" HEIGHT="21" WC="0.95" CONTENT="af"/><SP WIDTH="15" VPOS="274" HPOS="595"/>
							<String ID="string_35" HPOS="610" VPOS="274" WIDTH="92" HEIGHT="25" WC="0.96" CONTENT="honom,"/><SP WIDTH="16" VPOS="274" HPOS="702"/>
							<String ID="string_36" HPOS="718" VPOS="274" WIDTH="54" HEIGHT="21" WC="0.96" CONTENT="med"/><SP WIDTH="12" VPOS="274" HPOS="772"/>
							<String ID="string_37" HPOS="784" VPOS="274" WIDTH="145" HEIGHT="21" WC="0.96" CONTENT="uteslutande"/>
						</TextLine>
						<TextLine ID="line_7" HPOS="178" VPOS="309" WIDTH="752" HEIGHT="29">
							<String ID="string_38" HPOS="178" VPOS="309" WIDTH="22" HEIGHT="21" WC="0.96" CONTENT="af"/><SP WIDTH="24" VPOS="309" HPOS="200"/>
							<String ID="string_39" HPOS="224" VPOS="309" WIDTH="78" HEIGHT="26" WC="0.96" CONTENT="andra,"/><SP WIDTH="24" VPOS="309" HPOS="302"/>
							<String ID="string_40" HPOS="326" VPOS="309" WIDTH="93" HEIGHT="29" WC="0.94" CONTENT="nyttjas."/><SP WIDTH="32" VPOS="309" HPOS="419"/>
							<String ID="string_41" HPOS="451" VPOS="310" WIDTH="149" HEIGHT="21" WC="0.95" CONTENT="Beträffande"/><SP WIDTH="23" VPOS="310" HPOS="600"/>
							<String ID="string_42" HPOS="623" VPOS="309" WIDTH="70" HEIGHT="29" WC="0.96" CONTENT="rörlig"/><SP WIDTH="23" VPOS="309" HPOS="693"/>
							<String ID="string_43" HPOS="716" VPOS="310" WIDTH="99" HEIGHT="28" WC="0.96" CONTENT="redskap"/><SP WIDTH="19" VPOS="310" HPOS="815"/>
							<String ID="string_44" HPOS="834" VPOS="310" WIDTH="41" HEIGHT="21" WC="0.93" CONTENT="har"/><SP WIDTH="14" VPOS="310" HPOS="875"/>
							<String ID="string_45" HPOS="889" VPOS="310" WIDTH="41" HEIGHT="21" WC="0.91" CONTENT="Ut-"/>
						</TextLine>
						<TextLine ID="line_8" HPOS="178" VPOS="345" WIDTH="750" HEIGHT="29">
							<String ID="string_46" HPOS="178" VPOS="345" WIDTH="86" HEIGHT="21" WC="0.96" CONTENT="skottet"/><SP WIDTH="21" VPOS="345" HPOS="264"/>
							<String ID="string_47" HPOS="285" VPOS="347" WIDTH="55" HEIGHT="19" WC="0.96" CONTENT="trott"/><SP WIDTH="16" VPOS="347" HPOS="340"/>
							<String ID="string_48" HPOS="356" VPOS="345" WIDTH="35" HEIGHT="28" WC="0.96" CONTENT="sig"/><SP WIDTH="15" VPOS="345" HPOS="391"/>
							<String ID="string_49" HPOS="406" VPOS="345" WIDTH="78" HEIGHT="22" WC="0.96" CONTENT="kunna"/><SP WIDTH="16" VPOS="345" HPOS="484"/>
							<String ID="string_50" HPOS="500" VPOS="345" WIDTH="122" HEIGHT="29" WC="0.93" CONTENT="godkänna"/><SP WIDTH="15" VPOS="345" HPOS="622"/>
							<String ID="string_51" HPOS="637" VPOS="345" WIDTH="148" HEIGHT="29" WC="0.91" CONTENT="paragrafens"/><SP WIDTH="17" VPOS="345" HPOS="785"/>
							<String ID="string_52" HPOS="802" VPOS="345" WIDTH="126" HEIGHT="29" WC="0.96" CONTENT="stadgande"/>
						</TextLine>
						<TextLine ID="line_9" HPOS="178" VPOS="381" WIDTH="751" HEIGHT="29">
							<String ID="string_53" HPOS="178" VPOS="381" WIDTH="85" HEIGHT="26" WC="0.96" CONTENT="därom,"/><SP WIDTH="26" VPOS="381" HPOS="263"/>
							<String ID="string_54" HPOS="289" VPOS="383" WIDTH="32" HEIGHT="19" WC="0.96" CONTENT="att"/><SP WIDTH="21" VPOS="383" HPOS="321"/>
							<String ID="string_55" HPOS="342" VPOS="389" WIDTH="28" HEIGHT="13" WC="0.96" CONTENT="en"/><SP WIDTH="18" VPOS="389" HPOS="370"/>
							<String ID="string_56" HPOS="388" VPOS="381" WIDTH="58" HEIGHT="22" WC="0.96" CONTENT="hvar"/><SP WIDTH="18" VPOS="381" HPOS="446"/>
							<String ID="string_57" HPOS="464" VPOS="383" WIDTH="38" HEIGHT="19" WC="0.93" CONTENT="må"/><SP WIDTH="14" VPOS="383" HPOS="502"/>
							<String ID="string_58" HPOS="516" VPOS="381" WIDTH="106" HEIGHT="22" WC="0.91" CONTENT="bedrifva"/><SP WIDTH="15" VPOS="381" HPOS="622"/>
							<String ID="string_59" HPOS="637" VPOS="381" WIDTH="156" HEIGHT="29" WC="0.91" CONTENT="notdragning"/><SP WIDTH="15" VPOS="381" HPOS="793"/>
							<String ID="string_60" HPOS="808" VPOS="381" WIDTH="73" HEIGHT="22" WC="0.96" CONTENT="under"/><SP WIDTH="15" VPOS="381" HPOS="881"/>
							<String ID="string_61" HPOS="896" VPOS="383" WIDTH="33" HEIGHT="20" WC="0.96" CONTENT="ett"/>
						</TextLine>
						<TextLine ID="line_10" HPOS="178" VPOS="417" WIDTH="753" HEIGHT="29">
							<String ID="string_62" HPOS="178" VPOS="417" WIDTH="69" HEIGHT="28" WC="0.95" CONTENT="dygn."/><SP WIDTH="34" VPOS="417" HPOS="247"/>
							<String ID="string_63" HPOS="281" VPOS="417" WIDTH="55" HEIGHT="21" WC="0.96" CONTENT="Men"/><SP WIDTH="22" VPOS="417" HPOS="336"/>
							<String ID="string_64" HPOS="358" VPOS="417" WIDTH="62" HEIGHT="22" WC="0.96" CONTENT="hvad"/><SP WIDTH="24" VPOS="417" HPOS="420"/>
							<String ID="string_65" HPOS="444" VPOS="417" WIDTH="93" HEIGHT="22" WC="0.96" CONTENT="stående"/><SP WIDTH="24" VPOS="417" HPOS="537"/>
							<String ID="string_66" HPOS="561" VPOS="417" WIDTH="97" HEIGHT="29" WC="0.93" CONTENT="redskap"/><SP WIDTH="16" VPOS="417" HPOS="658"/>
							<String ID="string_67" HPOS="674" VPOS="417" WIDTH="145" HEIGHT="22" WC="0.92" CONTENT="vidkommer"/><SP WIDTH="15" VPOS="417" HPOS="819"/>
							<String ID="string_68" HPOS="834" VPOS="417" WIDTH="41" HEIGHT="21" WC="0.93" CONTENT="har"/><SP WIDTH="15" VPOS="417" HPOS="875"/>
							<String ID="string_69" HPOS="890" VPOS="417" WIDTH="41" HEIGHT="22" WC="0.93" CONTENT="Ut-"/>
						</TextLine>
						<TextLine ID="line_11" HPOS="178" VPOS="453" WIDTH="750" HEIGHT="29">
							<String ID="string_70" HPOS="178" VPOS="453" WIDTH="93" HEIGHT="25" WC="0.96" CONTENT="skottet,"/><SP WIDTH="25" VPOS="453" HPOS="271"/>
							<String ID="string_71" HPOS="296" VPOS="460" WIDTH="48" HEIGHT="14" WC="0.96" CONTENT="som"/><SP WIDTH="24" VPOS="460" HPOS="344"/>
							<String ID="string_72" HPOS="368" VPOS="455" WIDTH="28" HEIGHT="26" WC="0.96" CONTENT="på"/><SP WIDTH="22" VPOS="455" HPOS="396"/>
							<String ID="string_73" HPOS="418" VPOS="453" WIDTH="48" HEIGHT="22" WC="0.96" CONTENT="skäl"/><SP WIDTH="16" VPOS="453" HPOS="466"/>
							<String ID="string_74" HPOS="482" VPOS="453" WIDTH="78" HEIGHT="22" WC="0.96" CONTENT="hvilka"/><SP WIDTH="16" VPOS="453" HPOS="560"/>
							<String ID="string_75" HPOS="576" VPOS="454" WIDTH="76" HEIGHT="20" WC="0.96" CONTENT="nedan"/><SP WIDTH="15" VPOS="454" HPOS="652"/>
							<String ID="string_76" HPOS="667" VPOS="453" WIDTH="74" HEIGHT="21" WC="0.95" CONTENT="under"/><SP WIDTH="15" VPOS="453" HPOS="741"/>
							<String ID="string_77" HPOS="756" VPOS="453" WIDTH="14" HEIGHT="29" WC="0.83" CONTENT="&amp;"/><SP WIDTH="18" VPOS="453" HPOS="770"/>
							<String ID="string_78" HPOS="788" VPOS="456" WIDTH="25" HEIGHT="19" WC="0.95" CONTENT="11"/><SP WIDTH="18" VPOS="456" HPOS="813"/>
							<String ID="string_79" HPOS="831" VPOS="453" WIDTH="97" HEIGHT="26" WC="0.95" CONTENT="anföras,"/>
						</TextLine>
						<TextLine ID="line_12" HPOS="179" VPOS="489" WIDTH="751" HEIGHT="29">
							<String ID="string_80" HPOS="179" VPOS="489" WIDTH="124" HEIGHT="28" WC="0.96" CONTENT="föreslagit,"/><SP WIDTH="18" VPOS="489" HPOS="303"/>
							<String ID="string_81" HPOS="321" VPOS="491" WIDTH="32" HEIGHT="19" WC="0.96" CONTENT="att"/><SP WIDTH="15" VPOS="491" HPOS="353"/>
							<String ID="string_82" HPOS="368" VPOS="489" WIDTH="79" HEIGHT="28" WC="0.95" CONTENT="hvarje"/><SP WIDTH="16" VPOS="489" HPOS="447"/>
							<String ID="string_83" HPOS="463" VPOS="489" WIDTH="145" HEIGHT="29" WC="0.96" CONTENT="bestämning"/><SP WIDTH="12" VPOS="489" HPOS="608"/>
							<String ID="string_84" HPOS="620" VPOS="497" WIDTH="36" HEIGHT="14" WC="0.93" CONTENT="om"/><SP WIDTH="11" VPOS="497" HPOS="656"/>
							<String ID="string_85" HPOS="667" VPOS="489" WIDTH="182" HEIGHT="28" WC="0.90" CONTENT="veckofredning"/><SP WIDTH="11" VPOS="489" HPOS="849"/>
							<String ID="string_86" HPOS="860" VPOS="491" WIDTH="70" HEIGHT="19" WC="0.96" CONTENT="måtte"/>
						</TextLine>
						<TextLine ID="line_13" HPOS="177" VPOS="524" WIDTH="752" HEIGHT="29">
							<String ID="string_87" HPOS="177" VPOS="524" WIDTH="120" HEIGHT="26" WC="0.96" CONTENT="uteslutas,"/><SP WIDTH="24" VPOS="524" HPOS="297"/>
							<String ID="string_88" HPOS="321" VPOS="525" WIDTH="54" HEIGHT="28" WC="0.96" CONTENT="hyst"/><SP WIDTH="23" VPOS="525" HPOS="375"/>
							<String ID="string_89" HPOS="398" VPOS="525" WIDTH="44" HEIGHT="21" WC="0.89" CONTENT="den"/><SP WIDTH="24" VPOS="525" HPOS="442"/>
							<String ID="string_90" HPOS="466" VPOS="525" WIDTH="60" HEIGHT="28" WC="0.89" CONTENT="åsigt"/><SP WIDTH="22" VPOS="525" HPOS="526"/>
							<String ID="string_91" HPOS="548" VPOS="527" WIDTH="33" HEIGHT="19" WC="0.96" CONTENT="att"/><SP WIDTH="25" VPOS="527" HPOS="581"/>
							<String ID="string_92" HPOS="606" VPOS="525" WIDTH="96" HEIGHT="21" WC="0.93" CONTENT="emedan"/><SP WIDTH="27" VPOS="525" HPOS="702"/>
							<String ID="string_93" HPOS="729" VPOS="525" WIDTH="151" HEIGHT="21" WC="0.92" CONTENT="anskaffande"/><SP WIDTH="26" VPOS="525" HPOS="880"/>
							<String ID="string_94" HPOS="906" VPOS="524" WIDTH="23" HEIGHT="21" WC="0.95" CONTENT="af"/>
						</TextLine>
						<TextLine ID="line_14" HPOS="178" VPOS="560" WIDTH="750" HEIGHT="29">
							<String ID="string_95" HPOS="178" VPOS="560" WIDTH="95" HEIGHT="21" WC="0.96" CONTENT="stående"/><SP WIDTH="24" VPOS="560" HPOS="273"/>
							<String ID="string_96" HPOS="297" VPOS="561" WIDTH="97" HEIGHT="28" WC="0.96" CONTENT="redskap"/><SP WIDTH="24" VPOS="561" HPOS="394"/>
							<String ID="string_97" HPOS="418" VPOS="561" WIDTH="43" HEIGHT="21" WC="0.96" CONTENT="och"/><SP WIDTH="21" VPOS="561" HPOS="461"/>
							<String ID="string_98" HPOS="482" VPOS="561" WIDTH="51" HEIGHT="21" WC="0.95" CONTENT="dess"/><SP WIDTH="22" VPOS="561" HPOS="533"/>
							<String ID="string_99" HPOS="555" VPOS="561" WIDTH="143" HEIGHT="28" WC="0.90" CONTENT="anläggande"/><SP WIDTH="21" VPOS="561" HPOS="698"/>
							<String ID="string_100" HPOS="719" VPOS="563" WIDTH="13" HEIGHT="18" WC="0.90" CONTENT="å"/><SP WIDTH="17" VPOS="563" HPOS="732"/>
							<String ID="string_101" HPOS="749" VPOS="560" WIDTH="76" HEIGHT="21" WC="0.96" CONTENT="derför"/><SP WIDTH="15" VPOS="560" HPOS="825"/>
							<String ID="string_102" HPOS="840" VPOS="562" WIDTH="29" HEIGHT="27" WC="0.93" CONTENT="på"/><SP WIDTH="16" VPOS="562" HPOS="869"/>
							<String ID="string_103" HPOS="885" VPOS="560" WIDTH="43" HEIGHT="21" WC="0.92" CONTENT="för-"/>
						</TextLine>
						<TextLine ID="line_15" HPOS="177" VPOS="596" WIDTH="752" HEIGHT="29">
							<String ID="string_104" HPOS="177" VPOS="596" WIDTH="62" HEIGHT="21" WC="0.96" CONTENT="hand"/><SP WIDTH="17" VPOS="596" HPOS="239"/>
							<String ID="string_105" HPOS="256" VPOS="597" WIDTH="84" HEIGHT="20" WC="0.95" CONTENT="utsedd"/><SP WIDTH="16" VPOS="597" HPOS="340"/>
							<String ID="string_106" HPOS="356" VPOS="597" WIDTH="59" HEIGHT="28" WC="0.96" CONTENT="plats"/><SP WIDTH="17" VPOS="597" HPOS="415"/>
							<String ID="string_107" HPOS="432" VPOS="600" WIDTH="23" HEIGHT="17" WC="0.93" CONTENT="är"/><SP WIDTH="15" VPOS="600" HPOS="455"/>
							<String ID="string_108" HPOS="470" VPOS="597" WIDTH="105" HEIGHT="21" WC="0.91" CONTENT="förenadt"/><SP WIDTH="16" VPOS="597" HPOS="575"/>
							<String ID="string_109" HPOS="591" VPOS="597" WIDTH="53" HEIGHT="21" WC="0.96" CONTENT="med"/><SP WIDTH="15" VPOS="597" HPOS="644"/>
							<String ID="string_110" HPOS="659" VPOS="597" WIDTH="132" HEIGHT="28" WC="0.96" CONTENT="betydande"/><SP WIDTH="15" VPOS="597" HPOS="791"/>
							<String ID="string_111" HPOS="806" VPOS="596" WIDTH="123" HEIGHT="21" WC="0.96" CONTENT="kostnader"/>
						</TextLine>
						<TextLine ID="line_16" HPOS="178" VPOS="631" WIDTH="750" HEIGHT="30">
							<String ID="string_112" HPOS="178" VPOS="634" WIDTH="59" HEIGHT="19" WC="0.95" CONTENT="samt"/><SP WIDTH="16" VPOS="634" HPOS="237"/>
							<String ID="string_113" HPOS="253" VPOS="633" WIDTH="131" HEIGHT="20" WC="0.96" CONTENT="utsättande"/><SP WIDTH="16" VPOS="633" HPOS="384"/>
							<String ID="string_114" HPOS="400" VPOS="632" WIDTH="8" HEIGHT="21" WC="0.96" CONTENT="i"/><SP WIDTH="16" VPOS="632" HPOS="408"/>
							<String ID="string_115" HPOS="424" VPOS="633" WIDTH="79" HEIGHT="21" WC="0.96" CONTENT="hafvet"/><SP WIDTH="16" VPOS="633" HPOS="503"/>
							<String ID="string_116" HPOS="519" VPOS="633" WIDTH="22" HEIGHT="20" WC="0.96" CONTENT="af"/><SP WIDTH="16" VPOS="633" HPOS="541"/>
							<String ID="string_117" HPOS="557" VPOS="633" WIDTH="71" HEIGHT="21" WC="0.95" CONTENT="sådan"/><SP WIDTH="16" VPOS="633" HPOS="628"/>
							<String ID="string_118" HPOS="644" VPOS="633" WIDTH="97" HEIGHT="28" WC="0.96" CONTENT="redskap"/><SP WIDTH="18" VPOS="633" HPOS="741"/>
							<String ID="string_119" HPOS="759" VPOS="632" WIDTH="70" HEIGHT="21" WC="0.96" CONTENT="oftast"/><SP WIDTH="13" VPOS="632" HPOS="829"/>
							<String ID="string_120" HPOS="842" VPOS="631" WIDTH="86" HEIGHT="29" WC="0.94" CONTENT="jämväl"/>
						</TextLine>
						<TextLine ID="line_17" HPOS="178" VPOS="668" WIDTH="752" HEIGHT="29">
							<String ID="string_121" HPOS="178" VPOS="670" WIDTH="64" HEIGHT="27" WC="0.96" CONTENT="tager"/><SP WIDTH="17" VPOS="670" HPOS="242"/>
							<String ID="string_122" HPOS="259" VPOS="669" WIDTH="98" HEIGHT="28" WC="0.96" CONTENT="mycken"/><SP WIDTH="16" VPOS="669" HPOS="357"/>
							<String ID="string_123" HPOS="373" VPOS="668" WIDTH="34" HEIGHT="21" WC="0.96" CONTENT="tid"/><SP WIDTH="16" VPOS="668" HPOS="407"/>
							<String ID="string_124" HPOS="423" VPOS="669" WIDTH="42" HEIGHT="20" WC="0.96" CONTENT="och"/><SP WIDTH="17" VPOS="669" HPOS="465"/>
							<String ID="string_125" HPOS="482" VPOS="669" WIDTH="67" HEIGHT="20" WC="0.96" CONTENT="möda"/><SP WIDTH="15" VPOS="669" HPOS="549"/>
							<String ID="string_126" HPOS="564" VPOS="668" WIDTH="7" HEIGHT="21" WC="0.95" CONTENT="i"/><SP WIDTH="15" VPOS="668" HPOS="571"/>
							<String ID="string_127" HPOS="586" VPOS="669" WIDTH="104" HEIGHT="28" WC="0.95" CONTENT="anspråk,"/><SP WIDTH="15" VPOS="669" HPOS="690"/>
							<String ID="string_128" HPOS="705" VPOS="670" WIDTH="49" HEIGHT="26" WC="0.96" CONTENT="den,"/><SP WIDTH="17" VPOS="670" HPOS="754"/>
							<String ID="string_129" HPOS="771" VPOS="675" WIDTH="48" HEIGHT="16" WC="0.96" CONTENT="som"/><SP WIDTH="12" VPOS="675" HPOS="819"/>
							<String ID="string_130" HPOS="831" VPOS="670" WIDTH="33" HEIGHT="21" WC="0.96" CONTENT="till"/><SP WIDTH="9" VPOS="670" HPOS="864"/>
							<String ID="string_131" HPOS="873" VPOS="669" WIDTH="57" HEIGHT="26" WC="0.96" CONTENT="först"/>
						</TextLine>
						<TextLine ID="line_18" HPOS="178" VPOS="705" WIDTH="754" HEIGHT="28">
							<String ID="string_132" HPOS="178" VPOS="705" WIDTH="81" HEIGHT="22" WC="0.93" CONTENT="hunnit"/><SP WIDTH="16" VPOS="705" HPOS="259"/>
							<String ID="string_133" HPOS="275" VPOS="705" WIDTH="14" HEIGHT="22" WC="0.90" CONTENT="å"/><SP WIDTH="14" VPOS="705" HPOS="289"/>
							<String ID="string_134" HPOS="303" VPOS="706" WIDTH="114" HEIGHT="25" WC="0.92" CONTENT="fiskeställe"/><SP WIDTH="11" VPOS="706" HPOS="417"/>
							<String ID="string_135" HPOS="428" VPOS="707" WIDTH="8" HEIGHT="20" WC="0.96" CONTENT="i"/><SP WIDTH="9" VPOS="707" HPOS="436"/>
							<String ID="string_136" HPOS="445" VPOS="706" WIDTH="72" HEIGHT="26" WC="0.95" CONTENT="hafvet"/><SP WIDTH="10" VPOS="706" HPOS="517"/>
							<String ID="string_137" HPOS="527" VPOS="706" WIDTH="111" HEIGHT="27" WC="0.96" CONTENT="anbringa"/><SP WIDTH="10" VPOS="706" HPOS="638"/>
							<String ID="string_138" HPOS="648" VPOS="705" WIDTH="90" HEIGHT="22" WC="0.96" CONTENT="stående"/><SP WIDTH="9" VPOS="705" HPOS="738"/>
							<String ID="string_139" HPOS="747" VPOS="705" WIDTH="104" HEIGHT="27" WC="0.95" CONTENT="redskap,"/><SP WIDTH="12" VPOS="705" HPOS="851"/>
							<String ID="string_140" HPOS="863" VPOS="705" WIDTH="69" HEIGHT="21" WC="0.96" CONTENT="borde"/>
						</TextLine>
						<TextLine ID="line_19" HPOS="178" VPOS="740" WIDTH="601" HEIGHT="28">
							<String ID="string_141" HPOS="178" VPOS="740" WIDTH="85" HEIGHT="23" WC="0.96" CONTENT="tillåtas"/><SP WIDTH="15" VPOS="740" HPOS="263"/>
							<String ID="string_142" HPOS="278" VPOS="741" WIDTH="72" HEIGHT="27" WC="0.95" CONTENT="nyttja"/><SP WIDTH="15" VPOS="741" HPOS="350"/>
							<String ID="string_143" HPOS="365" VPOS="741" WIDTH="131" HEIGHT="22" WC="0.96" CONTENT="densamma"/><SP WIDTH="15" VPOS="741" HPOS="496"/>
							<String ID="string_144" HPOS="511" VPOS="742" WIDTH="72" HEIGHT="21" WC="0.95" CONTENT="under"/><SP WIDTH="14" VPOS="742" HPOS="583"/>
							<String ID="string_145" HPOS="597" VPOS="742" WIDTH="49" HEIGHT="21" WC="0.93" CONTENT="hela"/><SP WIDTH="14" VPOS="742" HPOS="646"/>
							<String ID="string_146" HPOS="660" VPOS="741" WIDTH="119" HEIGHT="26" WC="0.91" CONTENT="fisketiden."/>
						</TextLine>
					</TextBlock>
					<TextBlock ID="block_4" HPOS="179" VPOS="775" WIDTH="752" HEIGHT="65">
						<TextLine ID="line_20" HPOS="253" VPOS="775" WIDTH="678" HEIGHT="30">
							<String ID="string_147" HPOS="253" VPOS="778" WIDTH="25" HEIGHT="19" WC="0.93" CONTENT="11"/><SP WIDTH="25" VPOS="778" HPOS="278"/>
							<String ID="string_148" HPOS="303" VPOS="776" WIDTH="21" HEIGHT="29" WC="0.83" CONTENT="&amp;,"/><SP WIDTH="21" VPOS="776" HPOS="324"/>
							<String ID="string_149" HPOS="345" VPOS="783" WIDTH="49" HEIGHT="14" WC="0.96" CONTENT="som"/><SP WIDTH="21" VPOS="783" HPOS="394"/>
							<String ID="string_150" HPOS="415" VPOS="778" WIDTH="69" HEIGHT="27" WC="0.93" CONTENT="angår"/><SP WIDTH="23" VPOS="778" HPOS="484"/>
							<String ID="string_151" HPOS="507" VPOS="776" WIDTH="187" HEIGHT="29" WC="0.91" CONTENT="veckofredning,"/><SP WIDTH="21" VPOS="776" HPOS="694"/>
							<String ID="string_152" HPOS="715" VPOS="776" WIDTH="72" HEIGHT="21" WC="0.96" CONTENT="borde"/><SP WIDTH="16" VPOS="776" HPOS="787"/>
							<String ID="string_153" HPOS="803" VPOS="775" WIDTH="72" HEIGHT="26" WC="0.93" CONTENT="enligt"/><SP WIDTH="15" VPOS="775" HPOS="875"/>
							<String ID="string_154" HPOS="890" VPOS="775" WIDTH="41" HEIGHT="22" WC="0.92" CONTENT="Ut-"/>
						</TextLine>
						<TextLine ID="line_21" HPOS="179" VPOS="811" WIDTH="513" HEIGHT="29">
							<String ID="string_155" HPOS="179" VPOS="812" WIDTH="98" HEIGHT="21" WC="0.92" CONTENT="skottets"/><SP WIDTH="17" VPOS="812" HPOS="277"/>
							<String ID="string_156" HPOS="294" VPOS="811" WIDTH="93" HEIGHT="29" WC="0.96" CONTENT="mening"/><SP WIDTH="15" VPOS="811" HPOS="387"/>
							<String ID="string_157" HPOS="402" VPOS="813" WIDTH="30" HEIGHT="27" WC="0.96" CONTENT="på"/><SP WIDTH="16" VPOS="813" HPOS="432"/>
							<String ID="string_158" HPOS="448" VPOS="811" WIDTH="101" HEIGHT="29" WC="0.96" CONTENT="följande"/><SP WIDTH="16" VPOS="811" HPOS="549"/>
							<String ID="string_159" HPOS="565" VPOS="812" WIDTH="48" HEIGHT="21" WC="0.96" CONTENT="skäl"/><SP WIDTH="17" VPOS="812" HPOS="613"/>
							<String ID="string_160" HPOS="630" VPOS="814" WIDTH="62" HEIGHT="26" WC="0.96" CONTENT="utgå."/>
						</TextLine>
					</TextBlock>
					<TextBlock ID="block_5" HPOS="178" VPOS="847" WIDTH="757" HEIGHT="567">
						<TextLine ID="line_22" HPOS="250" VPOS="847" WIDTH="681" HEIGHT="28">
							<String ID="string_161" HPOS="250" VPOS="847" WIDTH="47" HEIGHT="22" WC="0.95" CONTENT="För"/><SP WIDTH="23" VPOS="847" HPOS="297"/>
							<String ID="string_162" HPOS="320" VPOS="848" WIDTH="38" HEIGHT="21" WC="0.95" CONTENT="det"/><SP WIDTH="23" VPOS="848" HPOS="358"/>
							<String ID="string_163" HPOS="381" VPOS="847" WIDTH="71" HEIGHT="22" WC="0.93" CONTENT="första"/><SP WIDTH="16" VPOS="847" HPOS="452"/>
							<String ID="string_164" HPOS="468" VPOS="847" WIDTH="76" HEIGHT="22" WC="0.92" CONTENT="blefve"/><SP WIDTH="17" VPOS="847" HPOS="544"/>
							<String ID="string_165" HPOS="561" VPOS="847" WIDTH="39" HEIGHT="22" WC="0.96" CONTENT="det"/><SP WIDTH="16" VPOS="847" HPOS="600"/>
							<String ID="string_166" HPOS="616" VPOS="850" WIDTH="62" HEIGHT="19" WC="0.93" CONTENT="snart"/><SP WIDTH="16" VPOS="850" HPOS="678"/>
							<String ID="string_167" HPOS="694" VPOS="847" WIDTH="69" HEIGHT="28" WC="0.91" CONTENT="sagdt"/><SP WIDTH="16" VPOS="847" HPOS="763"/>
							<String ID="string_168" HPOS="779" VPOS="847" WIDTH="104" HEIGHT="28" WC="0.95" CONTENT="omöjligt"/><SP WIDTH="15" VPOS="847" HPOS="883"/>
							<String ID="string_169" HPOS="898" VPOS="849" WIDTH="33" HEIGHT="19" WC="0.96" CONTENT="att"/>
						</TextLine>
						<TextLine ID="line_23" HPOS="178" VPOS="883" WIDTH="752" HEIGHT="28">
							<String ID="string_170" HPOS="178" VPOS="883" WIDTH="59" HEIGHT="21" WC="0.96" CONTENT="vaka"/><SP WIDTH="26" VPOS="883" HPOS="237"/>
							<String ID="string_171" HPOS="263" VPOS="883" WIDTH="64" HEIGHT="22" WC="0.91" CONTENT="öfver"/><SP WIDTH="24" VPOS="883" HPOS="327"/>
							<String ID="string_172" HPOS="351" VPOS="883" WIDTH="147" HEIGHT="28" WC="0.91" CONTENT="stadgandets"/><SP WIDTH="24" VPOS="883" HPOS="498"/>
							<String ID="string_173" HPOS="522" VPOS="883" WIDTH="108" HEIGHT="28" WC="0.93" CONTENT="behöriga"/><SP WIDTH="22" VPOS="883" HPOS="630"/>
							<String ID="string_174" HPOS="652" VPOS="883" WIDTH="143" HEIGHT="26" WC="0.90" CONTENT="efterlefnad,"/><SP WIDTH="23" VPOS="883" HPOS="795"/>
							<String ID="string_175" HPOS="818" VPOS="883" WIDTH="42" HEIGHT="21" WC="0.96" CONTENT="och"/><SP WIDTH="16" VPOS="883" HPOS="860"/>
							<String ID="string_176" HPOS="876" VPOS="885" WIDTH="54" HEIGHT="18" WC="0.96" CONTENT="utan"/>
						</TextLine>
						<TextLine ID="line_24" HPOS="179" VPOS="918" WIDTH="751" HEIGHT="29">
							<String ID="string_177" HPOS="179" VPOS="919" WIDTH="71" HEIGHT="21" WC="0.91" CONTENT="sådan"/><SP WIDTH="23" VPOS="919" HPOS="250"/>
							<String ID="string_178" HPOS="273" VPOS="919" WIDTH="101" HEIGHT="28" WC="0.92" CONTENT="eftersyn"/><SP WIDTH="16" VPOS="919" HPOS="374"/>
							<String ID="string_179" HPOS="390" VPOS="927" WIDTH="54" HEIGHT="13" WC="0.96" CONTENT="vore"/><SP WIDTH="15" VPOS="927" HPOS="444"/>
							<String ID="string_180" HPOS="459" VPOS="919" WIDTH="175" HEIGHT="28" WC="0.96" CONTENT="bestämningen"/><SP WIDTH="15" VPOS="919" HPOS="634"/>
							<String ID="string_181" HPOS="649" VPOS="919" WIDTH="60" HEIGHT="21" WC="0.96" CONTENT="blott"/><SP WIDTH="16" VPOS="919" HPOS="709"/>
							<String ID="string_182" HPOS="725" VPOS="927" WIDTH="29" HEIGHT="13" WC="0.95" CONTENT="en"/><SP WIDTH="16" VPOS="927" HPOS="754"/>
							<String ID="string_183" HPOS="770" VPOS="919" WIDTH="46" HEIGHT="21" WC="0.93" CONTENT="död"/><SP WIDTH="15" VPOS="919" HPOS="816"/>
							<String ID="string_184" HPOS="831" VPOS="918" WIDTH="99" HEIGHT="21" WC="0.92" CONTENT="bokstaf."/>
						</TextLine>
						<TextLine ID="line_25" HPOS="178" VPOS="954" WIDTH="754" HEIGHT="29">
							<String ID="string_185" HPOS="178" VPOS="955" WIDTH="126" HEIGHT="21" WC="0.96" CONTENT="Dessutom"/><SP WIDTH="24" VPOS="955" HPOS="304"/>
							<String ID="string_186" HPOS="328" VPOS="955" WIDTH="73" HEIGHT="21" WC="0.93" CONTENT="skulle"/><SP WIDTH="24" VPOS="955" HPOS="401"/>
							<String ID="string_187" HPOS="425" VPOS="955" WIDTH="135" HEIGHT="28" WC="0.91" CONTENT="stadgandet"/><SP WIDTH="24" VPOS="955" HPOS="560"/>
							<String ID="string_188" HPOS="584" VPOS="957" WIDTH="59" HEIGHT="19" WC="0.96" CONTENT="stöta"/><SP WIDTH="23" VPOS="957" HPOS="643"/>
							<String ID="string_189" HPOS="666" VPOS="957" WIDTH="29" HEIGHT="26" WC="0.96" CONTENT="på"/><SP WIDTH="15" VPOS="957" HPOS="695"/>
							<String ID="string_190" HPOS="710" VPOS="954" WIDTH="119" HEIGHT="29" WC="0.93" CONTENT="praktiska"/><SP WIDTH="16" VPOS="954" HPOS="829"/>
							<String ID="string_191" HPOS="845" VPOS="954" WIDTH="87" HEIGHT="28" WC="0.92" CONTENT="svårig-"/>
						</TextLine>
						<TextLine ID="line_26" HPOS="178" VPOS="989" WIDTH="753" HEIGHT="30">
							<String ID="string_192" HPOS="178" VPOS="991" WIDTH="70" HEIGHT="21" WC="0.96" CONTENT="heter."/><SP WIDTH="34" VPOS="991" HPOS="248"/>
							<String ID="string_193" HPOS="282" VPOS="991" WIDTH="45" HEIGHT="21" WC="0.95" CONTENT="För"/><SP WIDTH="21" VPOS="991" HPOS="327"/>
							<String ID="string_194" HPOS="348" VPOS="991" WIDTH="129" HEIGHT="21" WC="0.95" CONTENT="utsättande"/><SP WIDTH="21" VPOS="991" HPOS="477"/>
							<String ID="string_195" HPOS="498" VPOS="991" WIDTH="23" HEIGHT="21" WC="0.93" CONTENT="af"/><SP WIDTH="14" VPOS="991" HPOS="521"/>
							<String ID="string_196" HPOS="535" VPOS="991" WIDTH="146" HEIGHT="28" WC="0.92" CONTENT="fiskbragder"/><SP WIDTH="15" VPOS="991" HPOS="681"/>
							<String ID="string_197" HPOS="696" VPOS="991" WIDTH="8" HEIGHT="20" WC="0.96" CONTENT="i"/><SP WIDTH="16" VPOS="991" HPOS="704"/>
							<String ID="string_198" HPOS="720" VPOS="990" WIDTH="81" HEIGHT="21" WC="0.96" CONTENT="hafvet"/><SP WIDTH="15" VPOS="990" HPOS="801"/>
							<String ID="string_199" HPOS="816" VPOS="989" WIDTH="115" HEIGHT="22" WC="0.96" CONTENT="erfordras"/>
						</TextLine>
						<TextLine ID="line_27" HPOS="178" VPOS="1025" WIDTH="753" HEIGHT="30">
							<String ID="string_200" HPOS="178" VPOS="1027" WIDTH="67" HEIGHT="28" WC="0.95" CONTENT="lugnt"/><SP WIDTH="16" VPOS="1027" HPOS="245"/>
							<String ID="string_201" HPOS="261" VPOS="1026" WIDTH="77" HEIGHT="27" WC="0.80" CONTENT="väder,"/><SP WIDTH="18" VPOS="1026" HPOS="338"/>
							<String ID="string_202" HPOS="356" VPOS="1027" WIDTH="42" HEIGHT="21" WC="0.96" CONTENT="och"/><SP WIDTH="24" VPOS="1027" HPOS="398"/>
							<String ID="string_203" HPOS="422" VPOS="1027" WIDTH="29" HEIGHT="21" WC="0.96" CONTENT="då"/><SP WIDTH="19" VPOS="1027" HPOS="451"/>
							<String ID="string_204" HPOS="470" VPOS="1027" WIDTH="38" HEIGHT="21" WC="0.96" CONTENT="det"/><SP WIDTH="15" VPOS="1027" HPOS="508"/>
							<String ID="string_205" HPOS="523" VPOS="1027" WIDTH="71" HEIGHT="28" WC="0.96" CONTENT="gäller"/><SP WIDTH="15" VPOS="1027" HPOS="594"/>
							<String ID="string_206" HPOS="609" VPOS="1027" WIDTH="98" HEIGHT="28" WC="0.96" CONTENT="bragder"/><SP WIDTH="16" VPOS="1027" HPOS="707"/>
							<String ID="string_207" HPOS="723" VPOS="1026" WIDTH="8" HEIGHT="21" WC="0.96" CONTENT="i"/><SP WIDTH="16" VPOS="1026" HPOS="731"/>
							<String ID="string_208" HPOS="747" VPOS="1028" WIDTH="72" HEIGHT="19" WC="0.96" CONTENT="större"/><SP WIDTH="18" VPOS="1028" HPOS="819"/>
							<String ID="string_209" HPOS="837" VPOS="1025" WIDTH="94" HEIGHT="28" WC="0.96" CONTENT="mängd,"/>
						</TextLine>
						<TextLine ID="line_28" HPOS="179" VPOS="1061" WIDTH="753" HEIGHT="30">
							<String ID="string_210" HPOS="179" VPOS="1065" WIDTH="64" HEIGHT="26" WC="0.96" CONTENT="åtgår"/><SP WIDTH="25" VPOS="1065" HPOS="243"/>
							<String ID="string_211" HPOS="268" VPOS="1062" WIDTH="75" HEIGHT="22" WC="0.95" CONTENT="därtill"/><SP WIDTH="24" VPOS="1062" HPOS="343"/>
							<String ID="string_212" HPOS="367" VPOS="1070" WIDTH="28" HEIGHT="13" WC="0.96" CONTENT="en"/><SP WIDTH="23" VPOS="1070" HPOS="395"/>
							<String ID="string_213" HPOS="418" VPOS="1063" WIDTH="34" HEIGHT="20" WC="0.96" CONTENT="tid"/><SP WIDTH="24" VPOS="1063" HPOS="452"/>
							<String ID="string_214" HPOS="476" VPOS="1063" WIDTH="23" HEIGHT="20" WC="0.96" CONTENT="af"/><SP WIDTH="23" VPOS="1063" HPOS="499"/>
							<String ID="string_215" HPOS="522" VPOS="1070" WIDTH="28" HEIGHT="13" WC="0.96" CONTENT="en"/><SP WIDTH="23" VPOS="1070" HPOS="550"/>
							<String ID="string_216" HPOS="573" VPOS="1062" WIDTH="55" HEIGHT="21" WC="0.95" CONTENT="eller"/><SP WIDTH="22" VPOS="1062" HPOS="628"/>
							<String ID="string_217" HPOS="650" VPOS="1064" WIDTH="39" HEIGHT="19" WC="0.96" CONTENT="två"/><SP WIDTH="23" VPOS="1064" HPOS="689"/>
							<String ID="string_218" HPOS="712" VPOS="1062" WIDTH="85" HEIGHT="28" WC="0.96" CONTENT="dagar;"/><SP WIDTH="17" VPOS="1062" HPOS="797"/>
							<String ID="string_219" HPOS="814" VPOS="1061" WIDTH="118" HEIGHT="22" WC="0.96" CONTENT="enahanda"/>
						</TextLine>
						<TextLine ID="line_29" HPOS="179" VPOS="1097" WIDTH="753" HEIGHT="30">
							<String ID="string_220" HPOS="179" VPOS="1103" WIDTH="24" HEIGHT="16" WC="0.96" CONTENT="är"/><SP WIDTH="19" VPOS="1103" HPOS="203"/>
							<String ID="string_221" HPOS="222" VPOS="1099" WIDTH="154" HEIGHT="21" WC="0.96" CONTENT="förhållandet"/><SP WIDTH="15" VPOS="1099" HPOS="376"/>
							<String ID="string_222" HPOS="391" VPOS="1098" WIDTH="40" HEIGHT="22" WC="0.93" CONTENT="vid"/><SP WIDTH="15" VPOS="1098" HPOS="431"/>
							<String ID="string_223" HPOS="446" VPOS="1099" WIDTH="139" HEIGHT="28" WC="0.90" CONTENT="redskapens"/><SP WIDTH="16" VPOS="1099" HPOS="585"/>
							<String ID="string_224" HPOS="601" VPOS="1098" WIDTH="155" HEIGHT="29" WC="0.96" CONTENT="upptagande."/><SP WIDTH="33" VPOS="1098" HPOS="756"/>
							<String ID="string_225" HPOS="789" VPOS="1098" WIDTH="12" HEIGHT="21" WC="0.93" CONTENT="I"/><SP WIDTH="22" VPOS="1098" HPOS="801"/>
							<String ID="string_226" HPOS="823" VPOS="1097" WIDTH="109" HEIGHT="22" WC="0.93" CONTENT="händelse"/>
						</TextLine>
						<TextLine ID="line_30" HPOS="179" VPOS="1133" WIDTH="755" HEIGHT="30">
							<String ID="string_227" HPOS="179" VPOS="1135" WIDTH="23" HEIGHT="21" WC="0.95" CONTENT="af"/><SP WIDTH="21" VPOS="1135" HPOS="202"/>
							<String ID="string_228" HPOS="223" VPOS="1137" WIDTH="72" HEIGHT="19" WC="0.96" CONTENT="storm"/><SP WIDTH="21" VPOS="1137" HPOS="295"/>
							<String ID="string_229" HPOS="316" VPOS="1135" WIDTH="77" HEIGHT="21" WC="0.96" CONTENT="kunde"/><SP WIDTH="13" VPOS="1135" HPOS="393"/>
							<String ID="string_230" HPOS="406" VPOS="1135" WIDTH="96" HEIGHT="28" WC="0.96" CONTENT="således"/><SP WIDTH="19" VPOS="1135" HPOS="502"/>
							<String ID="string_231" HPOS="521" VPOS="1135" WIDTH="67" HEIGHT="21" WC="0.93" CONTENT="dessa"/><SP WIDTH="15" VPOS="1135" HPOS="588"/>
							<String ID="string_232" HPOS="603" VPOS="1135" WIDTH="109" HEIGHT="27" WC="0.91" CONTENT="bragders"/><SP WIDTH="17" VPOS="1135" HPOS="712"/>
							<String ID="string_233" HPOS="729" VPOS="1133" WIDTH="132" HEIGHT="22" WC="0.96" CONTENT="utsättande"/><SP WIDTH="16" VPOS="1133" HPOS="861"/>
							<String ID="string_234" HPOS="877" VPOS="1133" WIDTH="57" HEIGHT="21" WC="0.96" CONTENT="eller"/>
						</TextLine>
						<TextLine ID="line_31" HPOS="178" VPOS="1169" WIDTH="753" HEIGHT="30">
							<String ID="string_235" HPOS="178" VPOS="1170" WIDTH="115" HEIGHT="28" WC="0.92" CONTENT="vittjande"/><SP WIDTH="27" VPOS="1170" HPOS="293"/>
							<String ID="string_236" HPOS="320" VPOS="1170" WIDTH="111" HEIGHT="29" WC="0.92" CONTENT="fördröjas"/><SP WIDTH="27" VPOS="1170" HPOS="431"/>
							<String ID="string_237" HPOS="458" VPOS="1171" WIDTH="72" HEIGHT="21" WC="0.94" CONTENT="under"/><SP WIDTH="25" VPOS="1171" HPOS="530"/>
							<String ID="string_238" HPOS="555" VPOS="1170" WIDTH="56" HEIGHT="22" WC="0.96" CONTENT="flere"/><SP WIDTH="25" VPOS="1170" HPOS="611"/>
							<String ID="string_239" HPOS="636" VPOS="1171" WIDTH="70" HEIGHT="27" WC="0.96" CONTENT="dagar"/><SP WIDTH="24" VPOS="1171" HPOS="706"/>
							<String ID="string_240" HPOS="730" VPOS="1170" WIDTH="43" HEIGHT="21" WC="0.93" CONTENT="och"/><SP WIDTH="27" VPOS="1170" HPOS="773"/>
							<String ID="string_241" HPOS="800" VPOS="1169" WIDTH="131" HEIGHT="29" WC="0.90" CONTENT="derigenom"/>
						</TextLine>
						<TextLine ID="line_32" HPOS="178" VPOS="1204" WIDTH="755" HEIGHT="31">
							<String ID="string_242" HPOS="178" VPOS="1206" WIDTH="79" HEIGHT="22" WC="0.92" CONTENT="blefve"/><SP WIDTH="22" VPOS="1206" HPOS="257"/>
							<String ID="string_243" HPOS="279" VPOS="1207" WIDTH="29" HEIGHT="21" WC="0.96" CONTENT="då"/><SP WIDTH="15" VPOS="1207" HPOS="308"/>
							<String ID="string_244" HPOS="323" VPOS="1206" WIDTH="31" HEIGHT="22" WC="0.96" CONTENT="alt"/><SP WIDTH="16" VPOS="1206" HPOS="354"/>
							<String ID="string_245" HPOS="370" VPOS="1206" WIDTH="59" HEIGHT="22" WC="0.93" CONTENT="fiske"/><SP WIDTH="17" VPOS="1206" HPOS="429"/>
							<String ID="string_246" HPOS="446" VPOS="1206" WIDTH="172" HEIGHT="29" WC="0.91" CONTENT="omöjliggjordt"/><SP WIDTH="15" VPOS="1206" HPOS="618"/>
							<String ID="string_247" HPOS="633" VPOS="1206" WIDTH="114" HEIGHT="21" WC="0.96" CONTENT="måhända"/><SP WIDTH="15" VPOS="1206" HPOS="747"/>
							<String ID="string_248" HPOS="762" VPOS="1206" WIDTH="74" HEIGHT="20" WC="0.96" CONTENT="under"/><SP WIDTH="15" VPOS="1206" HPOS="836"/>
							<String ID="string_249" HPOS="851" VPOS="1212" WIDTH="29" HEIGHT="14" WC="0.96" CONTENT="en"/><SP WIDTH="15" VPOS="1212" HPOS="880"/>
							<String ID="string_250" HPOS="895" VPOS="1204" WIDTH="38" HEIGHT="21" WC="0.96" CONTENT="hel"/>
						</TextLine>
						<TextLine ID="line_33" HPOS="178" VPOS="1240" WIDTH="755" HEIGHT="28">
							<String ID="string_251" HPOS="178" VPOS="1242" WIDTH="86" HEIGHT="21" WC="0.96" CONTENT="veckas"/><SP WIDTH="16" VPOS="1242" HPOS="264"/>
							<String ID="string_252" HPOS="280" VPOS="1242" WIDTH="40" HEIGHT="21" WC="0.96" CONTENT="tid."/><SP WIDTH="33" VPOS="1242" HPOS="320"/>
							<String ID="string_253" HPOS="353" VPOS="1242" WIDTH="48" HEIGHT="21" WC="0.96" CONTENT="Och"/><SP WIDTH="16" VPOS="1242" HPOS="401"/>
							<String ID="string_254" HPOS="417" VPOS="1245" WIDTH="104" HEIGHT="23" WC="0.96" CONTENT="tvärtom,"/><SP WIDTH="16" VPOS="1245" HPOS="521"/>
							<String ID="string_255" HPOS="537" VPOS="1241" WIDTH="7" HEIGHT="22" WC="0.96" CONTENT="i"/><SP WIDTH="19" VPOS="1241" HPOS="544"/>
							<String ID="string_256" HPOS="563" VPOS="1242" WIDTH="41" HEIGHT="21" WC="0.96" CONTENT="fall"/><SP WIDTH="18" VPOS="1242" HPOS="604"/>
							<String ID="string_257" HPOS="622" VPOS="1250" WIDTH="54" HEIGHT="13" WC="0.96" CONTENT="man"/><SP WIDTH="16" VPOS="1250" HPOS="676"/>
							<String ID="string_258" HPOS="692" VPOS="1242" WIDTH="23" HEIGHT="20" WC="0.95" CONTENT="af"/><SP WIDTH="17" VPOS="1242" HPOS="715"/>
							<String ID="string_259" HPOS="732" VPOS="1243" WIDTH="71" HEIGHT="19" WC="0.95" CONTENT="storm"/><SP WIDTH="16" VPOS="1243" HPOS="803"/>
							<String ID="string_260" HPOS="819" VPOS="1248" WIDTH="55" HEIGHT="14" WC="0.93" CONTENT="vore"/><SP WIDTH="16" VPOS="1248" HPOS="874"/>
							<String ID="string_261" HPOS="890" VPOS="1240" WIDTH="43" HEIGHT="21" WC="0.92" CONTENT="för-"/>
						</TextLine>
						<TextLine ID="line_34" HPOS="179" VPOS="1276" WIDTH="755" HEIGHT="30">
							<String ID="string_262" HPOS="179" VPOS="1278" WIDTH="99" HEIGHT="21" WC="0.96" CONTENT="hindrad"/><SP WIDTH="24" VPOS="1278" HPOS="278"/>
							<String ID="string_263" HPOS="302" VPOS="1281" WIDTH="33" HEIGHT="18" WC="0.93" CONTENT="att"/><SP WIDTH="22" VPOS="1281" HPOS="335"/>
							<String ID="string_264" HPOS="357" VPOS="1281" WIDTH="101" HEIGHT="25" WC="0.93" CONTENT="upptaga"/><SP WIDTH="24" VPOS="1281" HPOS="458"/>
							<String ID="string_265" HPOS="482" VPOS="1278" WIDTH="53" HEIGHT="21" WC="0.90" CONTENT="eller"/><SP WIDTH="20" VPOS="1278" HPOS="535"/>
							<String ID="string_266" HPOS="555" VPOS="1277" WIDTH="96" HEIGHT="22" WC="0.90" CONTENT="tillsluta"/><SP WIDTH="19" VPOS="1277" HPOS="651"/>
							<String ID="string_267" HPOS="670" VPOS="1278" WIDTH="135" HEIGHT="27" WC="0.96" CONTENT="redskapen,"/><SP WIDTH="18" VPOS="1278" HPOS="805"/>
							<String ID="string_268" HPOS="823" VPOS="1284" WIDTH="54" HEIGHT="14" WC="0.96" CONTENT="vore"/><SP WIDTH="18" VPOS="1284" HPOS="877"/>
							<String ID="string_269" HPOS="895" VPOS="1276" WIDTH="39" HEIGHT="21" WC="0.96" CONTENT="det"/>
						</TextLine>
						<TextLine ID="line_35" HPOS="179" VPOS="1312" WIDTH="755" HEIGHT="30">
							<String ID="string_270" HPOS="179" VPOS="1314" WIDTH="107" HEIGHT="28" WC="0.96" CONTENT="omöjligt"/><SP WIDTH="21" VPOS="1314" HPOS="286"/>
							<String ID="string_271" HPOS="307" VPOS="1317" WIDTH="33" HEIGHT="18" WC="0.96" CONTENT="att"/><SP WIDTH="22" VPOS="1317" HPOS="340"/>
							<String ID="string_272" HPOS="362" VPOS="1314" WIDTH="86" HEIGHT="26" WC="0.96" CONTENT="utreda,"/><SP WIDTH="19" VPOS="1314" HPOS="448"/>
							<String ID="string_273" HPOS="467" VPOS="1314" WIDTH="95" HEIGHT="21" WC="0.96" CONTENT="hvilken"/><SP WIDTH="15" VPOS="1314" HPOS="562"/>
							<String ID="string_274" HPOS="577" VPOS="1313" WIDTH="46" HEIGHT="21" WC="0.96" CONTENT="fisk"/><SP WIDTH="16" VPOS="1313" HPOS="623"/>
							<String ID="string_275" HPOS="639" VPOS="1320" WIDTH="49" HEIGHT="14" WC="0.97" CONTENT="som"/><SP WIDTH="16" VPOS="1320" HPOS="688"/>
							<String ID="string_276" HPOS="704" VPOS="1312" WIDTH="50" HEIGHT="22" WC="0.96" CONTENT="däri"/><SP WIDTH="15" VPOS="1312" HPOS="754"/>
							<String ID="string_277" HPOS="769" VPOS="1312" WIDTH="74" HEIGHT="28" WC="0.96" CONTENT="ingått"/><SP WIDTH="16" VPOS="1312" HPOS="843"/>
							<String ID="string_278" HPOS="859" VPOS="1312" WIDTH="75" HEIGHT="21" WC="0.96" CONTENT="under"/>
						</TextLine>
						<TextLine ID="line_36" HPOS="179" VPOS="1349" WIDTH="755" HEIGHT="29">
							<String ID="string_279" HPOS="179" VPOS="1350" WIDTH="125" HEIGHT="28" WC="0.94" CONTENT="förbjuden"/><SP WIDTH="29" VPOS="1350" HPOS="304"/>
							<String ID="string_280" HPOS="333" VPOS="1350" WIDTH="54" HEIGHT="21" WC="0.92" CONTENT="eller"/><SP WIDTH="24" VPOS="1350" HPOS="387"/>
							<String ID="string_281" HPOS="411" VPOS="1349" WIDTH="158" HEIGHT="29" WC="0.90" CONTENT="fredningstid."/><SP WIDTH="41" VPOS="1349" HPOS="569"/>
							<String ID="string_282" HPOS="610" VPOS="1349" WIDTH="82" HEIGHT="21" WC="0.83" CONTENT="Därtill"/><SP WIDTH="26" VPOS="1349" HPOS="692"/>
							<String ID="string_283" HPOS="718" VPOS="1349" WIDTH="106" HEIGHT="21" WC="0.96" CONTENT="kommer"/><SP WIDTH="25" VPOS="1349" HPOS="824"/>
							<String ID="string_284" HPOS="849" VPOS="1350" WIDTH="34" HEIGHT="19" WC="0.94" CONTENT="att"/><SP WIDTH="26" VPOS="1350" HPOS="883"/>
							<String ID="string_285" HPOS="909" VPOS="1350" WIDTH="25" HEIGHT="18" WC="0.94" CONTENT="så"/>
						</TextLine>
						<TextLine ID="line_37" HPOS="178" VPOS="1383" WIDTH="757" HEIGHT="31">
							<String ID="string_286" HPOS="178" VPOS="1386" WIDTH="69" HEIGHT="28" WC="0.95" CONTENT="länge"/><SP WIDTH="23" VPOS="1386" HPOS="247"/>
							<String ID="string_287" HPOS="270" VPOS="1388" WIDTH="41" HEIGHT="19" WC="0.95" CONTENT="nät"/><SP WIDTH="22" VPOS="1388" HPOS="311"/>
							<String ID="string_288" HPOS="333" VPOS="1386" WIDTH="8" HEIGHT="21" WC="0.96" CONTENT="i"/><SP WIDTH="23" VPOS="1386" HPOS="341"/>
							<String ID="string_289" HPOS="364" VPOS="1386" WIDTH="79" HEIGHT="22" WC="0.95" CONTENT="hafvet"/><SP WIDTH="22" VPOS="1386" HPOS="443"/>
							<String ID="string_290" HPOS="465" VPOS="1386" WIDTH="70" HEIGHT="21" WC="0.95" CONTENT="hålles"/><SP WIDTH="24" VPOS="1386" HPOS="535"/>
							<String ID="string_291" HPOS="559" VPOS="1385" WIDTH="39" HEIGHT="22" WC="0.96" CONTENT="vid"/><SP WIDTH="23" VPOS="1385" HPOS="598"/>
							<String ID="string_292" HPOS="621" VPOS="1385" WIDTH="63" HEIGHT="29" WC="0.93" CONTENT="pålar"/><SP WIDTH="19" VPOS="1385" HPOS="684"/>
							<String ID="string_293" HPOS="703" VPOS="1384" WIDTH="94" HEIGHT="23" WC="0.88" CONTENT="fästadt,"/><SP WIDTH="23" VPOS="1384" HPOS="797"/>
							<String ID="string_294" HPOS="820" VPOS="1384" WIDTH="66" HEIGHT="21" WC="0.93" CONTENT="dessa"/><SP WIDTH="15" VPOS="1384" HPOS="886"/>
							<String ID="string_295" HPOS="901" VPOS="1383" WIDTH="34" HEIGHT="21" WC="0.93" CONTENT="bi-"/>
						</TextLine>
					</TextBlock>
					<TextBlock ID="block_6" HPOS="255" VPOS="1427" WIDTH="418" HEIGHT="19">
						<TextLine ID="line_38" HPOS="255" VPOS="1427" WIDTH="418" HEIGHT="19">
							<String ID="string_296" HPOS="255" VPOS="1427" WIDTH="211" HEIGHT="19" WC="0.75" CONTENT="Vattenrättsutskotteis"/><SP WIDTH="12" VPOS="1427" HPOS="466"/>
							<String ID="string_297" HPOS="478" VPOS="1428" WIDTH="116" HEIGHT="18" WC="0.95" CONTENT="betänkande"/><SP WIDTH="13" VPOS="1428" HPOS="594"/>
							<String ID="string_298" HPOS="607" VPOS="1427" WIDTH="37" HEIGHT="18" WC="0.95" CONTENT="N:o"/><SP WIDTH="12" VPOS="1427" HPOS="644"/>
							<String ID="string_299" HPOS="656" VPOS="1427" WIDTH="17" HEIGHT="18" WC="0.96" CONTENT="6."/>
						</TextLine>
					</TextBlock>
				</ComposedBlock>
			</PrintSpace>
		</Page>
	</Layout>
</alto>
