1061 1631
171 148 13 21 €
391 148 29 23 T.
436 148 27 21 B.
480 160 25 4 —
521 148 75 27 Prop.
612 148 46 23 N:o
673 148 38 23 48,

171 218 35 20 att
227 216 45 21 den
289 216 108 29 rättsliga
416 217 132 22 ovissheten
563 224 38 15 om
616 225 29 14 en
658 224 96 22 persons
769 217 31 21 lif
813 216 56 22 eller
883 216 46 22 död

171 250 43 22 och
239 250 70 22 deraf
321 251 145 28 härflytande
482 251 123 22 osäkerhet
620 252 7 21 i
644 251 109 29 samtliga
767 251 162 22 förhällanden

171 285 122 28 angående
308 285 85 22 honom
415 285 51 22 icke
481 285 56 22 böra
553 285 97 22 fortfara
665 285 82 29 längre
763 289 30 18 än
807 285 123 28 hänsynen

171 319 37 22 för
231 319 59 22 hans
313 323 47 18 rätt
382 320 74 28 enligt
471 320 92 29 tingens
579 320 96 29 vanliga
690 320 102 28 ordning
807 319 52 22 med
875 319 55 22 nöd-

171 354 132 29 vändighet
317 354 96 22 fordrar.
436 354 111 22 Hvarken
563 354 45 22 den
623 354 96 22 franska
733 357 77 19 rätten
826 354 44 21 och
880 353 50 22 der-

172 388 54 21 med
242 388 134 29 beslägtade
394 388 72 29 lagar,
482 389 57 21 eller
553 389 45 21 den
613 388 184 29 romersk-tyska
813 388 117 21 allmänna

171 425 78 18 rätten
265 429 71 22 synas
351 423 8 21 i
375 423 103 28 antydda
494 423 124 21 afseenden
630 426 117 18 motsvara
754 422 111 22 nutidens
872 422 58 21 kraf.

171 457 36 28 Ty
229 457 85 21 medan
337 457 74 29 enligt
432 457 139 22 nästnämda
592 460 48 19 rätt
659 457 174 28 presumtionen
849 464 36 14 om
901 463 28 14 en

171 491 145 22 försvunnen
332 498 95 22 persons
447 491 47 22 död
507 491 103 22 inträder
625 491 59 22 först
699 491 59 22 efter
773 491 40 21 det
827 491 47 22 han
890 498 40 14 an-

172 526 73 29 tagits
268 526 71 21 hafva
362 526 101 29 uppnätt
488 526 216 21 människoälderns
728 529 101 25 ytterstä
853 529 77 25 gräns,

173 560 76 21 hvilar
272 560 70 21 ocksä
364 560 44 21 den
432 560 94 21 franska
544 560 178 29 lagstiftningen
739 560 31 29 pä
785 560 45 21 den
845 560 86 28 grund-

173 597 55 24 sats,
245 597 36 18 att
295 594 141 29 tidpunkten
451 595 36 21 för
502 595 231 28 dödspresumtionen
750 595 41 21 bör
806 594 89 29 skjutas
906 595 25 20 sä

172 629 67 28 längt
254 629 86 22 framät
354 629 8 21 i
378 629 64 21 tiden
458 636 48 15 som
523 629 97 28 möjligt,
637 629 98 21 hvarvid
752 629 59 21 dock
827 629 40 21 det
879 635 51 22 pro-

173 663 116 21 visoriska
311 663 172 28 inrymmandet
504 663 7 21 i
534 663 159 28 besittningen
716 663 27 21 af
756 663 45 21 den
817 663 114 21 efterlem-

172 697 60 22 nade
248 697 144 29 egendomen
408 698 75 29 tjenar
498 705 48 14 som
563 705 28 14 en
607 701 73 25 utväg
696 700 35 19 att
739 697 53 22 med
801 697 131 22 hvarandra

173 731 86 22 förlika
284 732 45 21 den
354 732 137 21 försvunnes
518 732 43 21 och
587 732 28 21 de
640 731 144 29 gvarblifnes
809 732 121 21 intressen.

173 766 138 21 Emellertid
327 766 89 22 medför
431 774 29 14 en
476 767 128 28 besittning
620 767 23 20 af
653 766 83 28 godset
744 765 75 22 under
827 765 104 27 antydda

173 800 77 22 vilkor
273 801 45 21 den
341 801 52 21 från
416 801 86 22 allmän
525 801 137 22 ekonomisk
684 801 122 28 synpunkt
830 800 102 29 menliga

173 834 120 29 påföljden
310 837 35 19 att
360 835 142 28 egendomen
519 835 73 22 under
607 843 28 14 en
651 835 56 28 lång
723 835 34 22 tid
769 834 163 29 undandrages

173 869 40 21 det
227 869 46 22 fria
288 870 98 28 utbytet.
417 870 49 21 Och
482 870 109 28 derjemte
607 870 97 21 innebär
719 877 29 14 en
765 869 72 22 sådan
853 869 79 21 besitt-

173 903 59 29 ning
253 904 21 29 ej
298 904 73 21 sällan
394 912 29 13 en
445 904 51 22 fara
518 905 36 21 för
576 904 199 21 rättssäkerheten
797 911 85 21 genom
898 906 34 18 att

173 938 66 28 gifva
262 939 127 28 anledning
412 939 36 21 till
471 939 127 21 villfarelse
618 939 125 30 angående
754 941 128 26 gränserna
896 937 37 22 för

173 972 180 22 innehafvarens
368 973 64 22 makt
448 975 35 20 att
497 973 92 29 förfoga
604 973 66 22 öfver
685 973 151 28 egendomen,
851 972 79 21 medan

174 1007 13 20 å
202 1006 74 22 andra
291 1007 66 22 sidan
373 1007 168 29 besittningens
554 1007 122 22 osäkerhet
686 1007 105 28 skadligt
801 1006 133 22 återverkar

173 1041 30 28 på
226 1044 73 19 sättet
321 1041 35 22 för
380 1042 153 28 egendomens
557 1042 151 28 förvaltning.
746 1041 54 22 Med
823 1041 109 21 afseende

174 1075 57 22 härå
255 1076 43 21 och
320 1077 8 20 i
351 1076 151 22 betraktande
524 1077 25 21 af
563 1076 218 22 samfärdsmedlens
797 1075 135 22 nuvarande

173 1110 145 29 utveckling,
342 1111 95 22 hvilken
460 1111 8 21 i
491 1111 99 28 tidigare
606 1111 75 22 oanad
696 1110 165 28 utsträckning
877 1110 55 28 möj-

174 1144 79 30 liggör
275 1145 88 23 snabba
378 1146 43 22 och
436 1147 69 21 säkra
520 1146 180 21 underrättelser
715 1145 54 22 från
785 1149 65 17 snart
865 1145 69 29 sagdt

174 1179 47 22 alla
245 1180 88 22 trakter
355 1180 27 22 af
397 1180 91 29 jorden,
508 1183 62 19 samt
593 1180 35 22 för
651 1183 34 18 att
700 1180 53 22 icke
769 1180 120 21 motverka
904 1180 28 20 de

172 1214 125 28 praktiska
317 1215 131 21 fördelarna
470 1215 25 22 af
511 1218 34 18 ett
559 1215 155 21 rättsinstitut
729 1214 86 22 sådant
829 1221 49 14 som
894 1214 40 21 det

174 1248 186 29 ifrågavarande,
383 1257 69 21 synes
474 1249 77 22 derför
573 1249 182 29 lagstiftningen
777 1248 57 22 böra
857 1248 76 21 tillåta

175 1285 40 24 att,
231 1283 76 22 under
321 1284 152 28 iakttagande
488 1284 26 21 af
527 1283 113 21 särskilda
656 1284 8 20 i
676 1282 212 22 rättssäkerhetens
898 1282 34 21 in-

174 1319 73 19 tresse
263 1317 117 29 påbjudna
394 1318 151 26 föreskrifter,
561 1325 28 14 en
605 1318 144 21 försvunnen
765 1324 84 22 person
863 1316 70 22 redan

175 1350 60 23 efter
257 1359 28 14 en
305 1352 169 28 jomförelsevis
494 1352 53 22 kort
562 1352 102 28 tidrymd
681 1352 26 21 af
720 1351 90 29 spärlös
826 1351 108 21 fränvaro

173 1386 118 23 förklaras
306 1386 37 22 för
357 1386 51 22 däd.
432 1386 35 20 F:n
484 1386 66 29 dylik
565 1386 132 28 anordning
712 1389 44 25 gör
767 1385 70 22 äfven
848 1384 86 23 sådana

174 1420 222 29 interimsätgärder,
412 1428 50 14 som
477 1420 100 22 särskild
592 1420 131 28 förklaring
738 1421 87 26 derom,
836 1422 40 19 avi
889 1420 46 25 den

175 1454 104 22 saknade
301 1462 67 14 anses
388 1455 150 25 försvunnen,
562 1455 42 21 och
626 1454 57 22 hans
700 1454 134 22 eventuella
846 1453 90 22 arfvin-

247 1502 132 22 Lagutskottets
392 1502 110 17 betänkande
514 1501 37 17 N:o
565 1502 27 16 14.
