1061 1631
223 118 10 20 2
527 116 44 22 N:o
587 118 33 20 39.

193 185 89 22 börden
301 185 26 22 af
343 185 232 28 fiskevattensskifte,
594 185 43 22 bör
656 184 78 22 tillika
753 184 83 29 hvarje
851 185 103 22 ovisshet

193 220 81 22 härom
293 220 115 29 aflägsnas
427 220 37 21 för
484 219 112 22 framtida
611 219 95 22 skiften.
738 219 83 29 Enligt
837 219 45 22 den
897 227 57 22 upp-

193 255 115 28 fattning,
325 262 49 15 som
388 255 9 21 i
412 255 202 28 rättsskipningen
630 256 44 20 och
690 255 45 21 den
747 255 121 21 inhemska
879 255 75 21 teorin

194 289 143 22 åtminstone
356 289 173 29 öfvervägande
548 289 132 28 företrädts,
697 289 130 22 innefattar
842 289 72 22 skifte
929 289 27 21 af

193 324 148 28 fiskevatten,
364 324 53 21 icke
439 324 62 21 blott
523 331 29 14 en
575 324 123 29 indelning
721 324 26 22 af
766 323 188 22 vattenområdet

193 358 54 22 med
271 358 109 22 afseende
400 359 14 21 å
434 361 78 19 rätten
530 360 36 20 att
585 359 56 21 idka
660 359 65 28 fiske,
744 360 58 20 utan
819 365 29 14 en
863 358 91 29 verklig

194 393 98 28 delning
313 393 26 21 af
357 393 127 21 detsamma
506 393 54 22 med
583 393 51 22 dess
654 393 195 22 vattenbetäckta
871 393 82 28 grund.

194 427 85 21 Denna
297 427 154 28 uppfattning
471 431 25 17 är
514 427 44 22 ock
573 427 119 28 förutsatt,
708 427 73 22 bland
797 429 78 26 annat,
891 427 8 21 i
914 427 40 21 nå-

194 461 55 29 diga
268 461 169 28 förordningen
452 469 37 14 om
505 461 96 29 delning
616 462 27 21 af
655 461 198 29 jordlägenheter,
869 461 26 22 af
910 461 44 22 den

196 497 24 20 12
239 495 53 22 Juli
309 497 59 26 1895,
386 496 29 21 då
430 496 8 21 i
454 496 52 21 dess
522 499 11 19 3
556 497 7 26 $
578 496 131 29 medgifves
725 491 49 27 rätt
789 498 36 19 att
840 496 37 21 till
892 496 62 21 skild

193 530 113 29 lägenhet
324 530 110 22 afsöndra
452 531 100 21 skiftadt
570 531 147 21 fiskevatten.
748 531 81 28 Nägot
849 531 51 21 skäl
919 532 36 20 att

194 565 88 29 frängä
297 565 85 22 nämda
396 565 155 29 uppfattning
568 566 126 21 förefinnes
710 567 26 20 sä
749 566 96 28 mycket
857 565 97 28 mindre,

195 607 50 14 som
261 601 79 28 nägon
356 607 77 15 annan
448 601 62 21 form
524 601 37 22 för
575 601 188 22 vattenomrädes
779 601 105 27 delande,
896 601 59 21 hvil-

194 635 41 21 ket
250 634 126 22 framdeles
391 635 49 21 lika
455 635 54 22 litet
524 643 49 14 som
588 635 65 22 förut
668 636 47 21 kan
729 635 126 28 undvaras,
868 635 50 22 icke
930 639 25 17 är

195 669 26 22 af
245 669 151 28 lagstiftaren
421 670 105 21 anvisad.
570 670 185 29 Ifrägavarande
780 669 176 29 bestämningar

194 703 75 22 hafva
285 703 77 22 derför
378 703 52 22 bort
446 704 88 21 erhålla
549 711 29 14 en
594 704 134 29 affattning,
745 711 50 14 som
805 703 89 29 tydligt
904 703 51 22 vid-

195 737 181 29 handengifver,
398 739 34 20 att
446 738 237 22 fiskevattensskiftet
698 738 100 21 innebär
813 745 30 14 en
859 737 96 29 delning

195 772 26 21 af
235 771 87 29 sjelfva
338 772 192 22 vattenområdet.

264 807 67 21 Hans
349 807 131 28 Kejserliga
498 807 111 28 Majestät
627 807 42 22 har
688 807 69 22 alltså
775 807 8 21 i
801 807 73 21 nåder
891 809 65 19 velat

195 841 37 22 till
249 841 143 22 Ständernas
408 841 132 29 antagande
557 841 144 22 öfverlemna
716 843 35 20 ett
767 842 8 21 i
787 841 105 29 enlighet
902 841 53 21 med

196 875 178 29 ofvanantydda
394 876 145 28 synpunkter
556 875 128 30 uppgjordt
702 876 90 28 förslag
810 875 39 22 till
867 875 88 22 förord-

195 910 65 28 ning,
277 910 163 21 innefattande
455 910 63 22 vissa
533 911 176 28 bestämningar
724 917 38 14 om
777 909 138 30 uppgående
931 909 26 22 af

194 944 167 29 gränsskilnad
376 945 8 20 i
399 944 140 29 vattendrag
557 944 44 22 och
620 951 38 15 om
676 944 72 21 skifte
768 944 27 21 af
807 943 148 28 fiskevatten,

196 979 26 21 så
236 979 114 28 lydande:

404 1077 82 28 Förslag
506 1077 27 22 till
553 1077 123 28 förordning,
693 1077 141 22 innefattande
849 1077 57 22 vissa
922 1077 33 22 be-

335 1117 127 28 stämningar
476 1123 32 16 om
525 1117 119 28 uppgående
660 1118 21 21 af
697 1117 142 28 gränsskilnad
857 1117 4 21 i
878 1117 77 22 vatten-

336 1158 49 27 drag
401 1159 37 21 och
455 1164 31 16 om
503 1158 61 22 skifte
580 1158 20 22 af
616 1158 130 22 fiskevatten.

265 1220 56 22 Med
343 1220 99 29 ändring
463 1221 26 21 af
509 1220 63 22 hvad
594 1224 25 18 är
642 1220 112 29 stadgadt
777 1227 37 15 om
837 1220 72 22 skifte
932 1220 26 22 af

195 1254 142 22 fiskevatten
352 1255 83 21 varder
450 1255 141 22 härmedelst
606 1254 139 23 förordnadt
761 1255 76 21 såsom
852 1254 80 29 följer:

552 1319 47 26 18.

266 1358 47 23 Vid
335 1359 137 29 uppgående
496 1358 25 22 af
541 1359 165 29 gränsskilnad
724 1359 9 21 i
751 1360 84 20 vatten
857 1358 100 22 förfares

196 1395 77 20 säsom
291 1393 111 29 stadgadi
419 1397 26 18 är
463 1403 37 12 vw
519 1393 137 29 uppgäondo
674 1394 26 21 af
717 1393 66 23 förut
800 1393 107 22 hestämd
922 1394 35 21 rä-

196 1428 101 28 skilnad,
314 1436 52 13 men
382 1428 118 21 utmärkes
516 1428 77 23 tillika
609 1429 13 21 å
637 1428 86 22 kartan
739 1428 46 22 den
796 1428 63 22 olika
870 1428 87 22 sträck-
