1061 1631
211 131 14 17 2
518 129 39 22 N:o
574 131 34 20 33.

514 212 8 20 1
540 211 75 22 KAP.

430 275 46 20 Om
494 277 58 22 laga
567 276 129 19 fiskesätt.

541 343 47 28 18.

255 383 64 22 Fiske
335 383 34 21 mä
384 383 19 26 ej
420 383 107 21 bedrifvas
543 384 48 20 med
607 383 140 22 användande
762 383 24 21 af

253 418 22 27 a)
291 419 86 26 spräng-
393 418 53 21 eller
460 417 77 28 giftiga
553 418 51 21 eller
620 417 135 22 bedöfvande
771 420 86 24 ämnen;

254 452 23 27 b)
293 452 79 26 ljuster,
396 452 63 28 hake,
482 452 44 27 pilk
549 453 53 20 eller
625 459 71 14 annan
718 452 69 21 fisken
811 451 80 22 utifrån
910 451 34 22 sä-

183 486 67 21 rande
266 486 106 27 redskap;

253 520 20 27 €)
289 520 93 22 sänkhäf
396 521 23 21 af
433 521 73 27 hvarje
522 521 54 28 slag,
593 521 49 21 med
657 521 114 26 undantag
782 520 23 22 af
815 520 73 27 sådan,
900 526 45 15 som

184 557 24 19 är
223 555 95 22 inrättad
335 555 38 22 och
389 555 107 22 användes
512 556 136 21 uteslutande
664 555 33 22 för
712 555 142 27 kräftfängst;

253 589 23 28 d)
292 590 100 27 redskap,
416 596 45 15 som
484 591 7 20 i
514 591 32 20 sin
566 590 74 21 helhet
658 590 53 21 eller
729 590 35 21 till
783 591 72 25 någon
871 589 33 22 del
920 591 24 19 är

184 623 61 28 gjord
261 623 22 22 af
299 624 40 27 väf,
355 624 109 22 äfvensom
480 625 28 26 pä
523 625 90 26 längden
625 624 85 21 bunden
723 624 54 21 eller
788 625 25 20 sä
824 623 73 22 telnad
908 626 38 19 not

184 659 53 21 eller
261 665 70 15 annan
354 659 66 27 rörlig
439 659 153 28 garnredskap,
612 661 32 20 att
659 658 110 22 afständet
785 658 93 21 emellan
893 658 51 21 knu-

184 695 63 19 tarne
264 693 13 21 &
293 693 45 22 öfre
353 694 71 21 telnen
441 694 112 21 nämvärdt
569 693 69 22 öfver-
654 693 53 22 eller
722 693 138 26 understiger
875 693 70 21 mask-

184 727 96 27 stolpens
295 728 74 27 längd;

255 763 20 26 e)
291 762 92 27 redskap
400 763 52 21 eller
468 769 69 14 annan
554 762 194 27 fängstinrättning
759 761 24 22 af
792 767 61 22 garn,
865 761 79 26 metall,

185 796 88 27 spjälar,
288 798 60 25 spön,
364 799 41 25 rot,
420 797 56 26 bast,
492 797 75 21 näfver
581 797 52 21 eller
647 801 66 17 annat
723 796 71 27 dylikt
805 795 48 22 med
864 795 82 22 mindre

184 831 121 27 öppningar
320 833 27 20 än
362 831 40 22 här
417 832 69 21 nedan
502 837 34 16 om
551 831 74 28 hvarje
641 831 47 28 slag
703 833 59 26 sägs;
779 833 63 23 samt,

254 865 18 28 f)
288 867 58 20 utom
367 866 6 21 i
394 866 97 27 saltsjön,
510 865 66 22 sådan
596 868 45 19 stor
656 866 69 27 ryssja
741 865 56 22 eller
812 871 70 15 annan
898 864 47 22 med

184 899 76 22 botten
284 899 87 22 försedd
392 901 98 27 redskap,
506 907 44 14 som
567 901 33 20 till
616 901 70 27 någon
702 901 35 20 del
754 902 25 19 är
795 900 67 27 högre
877 901 26 20 än
919 905 26 16 en

184 934 39 21 och
240 940 26 15 en
283 934 46 22 half
342 937 78 24 meter;
437 935 55 22 dock
508 935 41 21 kan
565 935 99 22 tillständ
679 937 32 19 att
727 935 34 21 för
777 935 48 20 lax-
841 934 51 21 eller
903 933 42 22 sik-

184 968 73 27 fångst
274 969 80 22 inrätta
369 969 106 22 fiskeverk
490 969 23 22 af
528 971 69 20 större
613 970 50 27 höjd
679 969 67 22 skildt
762 969 126 27 medgifvas.

254 1003 63 21 Hvad
333 1010 33 15 om
382 1004 92 27 saltsjön
489 1004 88 27 stadgas
592 1004 67 27 gäller
675 1004 40 21 ock
730 1003 96 27 Ladoga,
842 1003 69 21 sävidt
926 1003 19 27 ej

184 1037 105 22 särskildt
304 1038 133 21 annorlunda
453 1040 54 25 sägs.

540 1118 49 27 28.

255 1158 126 26 Spömjärde
397 1158 53 22 eller
465 1158 92 22 likartad
574 1159 92 27 redskap
683 1158 34 22 mä
733 1159 20 27 ej
770 1164 53 16 vara
838 1160 69 20 tätare
918 1160 27 19 än

184 1194 33 19 att
241 1192 79 21 minsta
339 1192 110 22 afständet
468 1193 77 21 mellan
560 1195 68 25 spöna
644 1195 24 19 är
683 1194 37 20 tvä
736 1195 57 19 samt
809 1192 78 22 mellan
903 1192 43 22 för-

184 1226 157 28 bindningarne
356 1227 81 21 femton
454 1228 131 21 centimeter.

254 1261 41 21 Tät
310 1261 81 27 mjärde
407 1261 34 22 fär
456 1262 54 21 dock
526 1262 108 21 användas
650 1262 33 21 för
698 1262 75 27 fängst
789 1262 24 21 af
827 1262 116 26 nejonögon

184 1295 93 21 nattetid
300 1295 47 21 från
370 1296 39 21 och
430 1296 48 21 med
498 1296 40 21 den
561 1298 24 20 16
601 1296 91 27 Augusti
708 1296 34 22 till
759 1296 59 21 årets
834 1296 43 21 slut
891 1297 55 20 samt

184 1330 48 21 med
256 1330 105 21 särskildt
376 1329 31 22 lof
420 1330 60 21 äfven
497 1330 33 21 för
545 1330 98 27 älfängst.

255 1364 130 27 Spömjärde,
402 1370 45 16 som
463 1365 67 21 under
545 1364 65 22 vären
626 1365 109 21 användes
751 1364 35 22 för
801 1364 60 27 fiske,
879 1364 35 22 mä
924 1364 20 27 ej

184 1397 46 22 före
251 1398 41 22 den
307 1399 28 21 20
350 1398 51 22 Juni
417 1401 105 25 upptagas
537 1405 26 15 ur
578 1402 82 19 vattnet
676 1399 33 22 för
725 1400 76 26 längre
817 1399 31 21 tid
859 1400 26 20 än
896 1399 48 21 dess

184 1432 105 27 vittjande
305 1433 153 27 oundgängligt
473 1433 91 22 kräfver.
