1061 1631
438 121 54 23 N:o
508 120 48 23 393.

326 414 70 25 Hans
423 414 169 32 Kejserliga
620 413 149 32 Majestäts
797 413 80 32 nådiga

257 460 137 33 proposition
413 460 34 25 till
466 460 103 25 Finlands
587 459 94 26 Ständer
700 467 32 17 om
751 459 124 32 antagande

257 506 26 24 af
300 506 37 31 lag
355 505 115 32 angående
489 513 27 24 ny
535 505 83 32 iydelse
637 506 27 24 af
681 506 30 24 17
731 505 39 24 och
792 505 29 24 18
835 505 41 24 ka-

257 551 68 33 pitlen
344 551 219 32 byggningabalken.

185 642 105 21 Emedan
305 642 178 29 fisktillgängen
498 643 9 20 i
522 643 92 21 landets
629 642 146 29 vattendrag,
787 642 30 28 pä
829 644 48 19 sätt

119 676 118 29 klagomål
256 676 54 21 från
329 677 117 21 särskilda
462 677 65 21 delar
542 677 26 21 af
583 677 80 21 landet
677 677 72 28 gifvit
764 676 41 21 vid
820 676 56 21 han-

119 711 50 27 den,
190 711 133 28 betänkligt
338 711 100 28 nedgätt
453 711 45 22 och
514 711 124 22 orsakerna
654 711 80 22 härtill
751 710 70 22 bland
837 718 40 13 an-

119 747 42 19 nat
175 745 74 21 mäste
265 745 67 21 sökas
348 745 55 28 deri,
420 747 37 19 att
471 745 110 29 gällande
593 745 152 29 lagstiftning
756 744 120 29 angäende

119 779 73 21 fisket
211 779 50 22 dels
281 783 25 18 är
325 779 130 29 bristfällig
471 779 49 22 dels
536 780 68 28 eljest
620 780 52 21 icke
687 780 127 28 behörigen
830 779 47 21 till-

118 813 99 28 godoser
239 814 206 29 fiskerinäringens
468 815 122 27 intressen,
614 815 41 21 har
678 822 28 13 en
728 814 101 22 revision
853 814 25 21 af

119 848 73 28 sagda
206 848 153 29 lagstiftning
375 849 123 21 befunnits
513 849 78 28 nödig.

184 883 37 20 Då
240 882 143 28 fiskerätten,
403 883 101 22 likasom
527 883 172 28 befogenheten
717 885 36 19 att
768 883 109 28 tillgodo-

118 920 57 25 göra
194 918 93 20 vattnet
301 917 9 21 i
325 917 149 29 vattendrag,
494 921 26 18 är
535 925 29 14 en
582 917 53 22 med
653 917 168 29 eganderätten
840 917 36 21 till

119 951 166 29 vattendraget
308 951 133 22 förbunden
466 952 99 28 förmån,
590 952 42 21 har
654 959 29 14 en
705 951 106 22 bestämd
834 951 43 22 och

119 985 77 28 tydlig
214 986 76 28 grund
305 986 38 21 för
358 986 132 21 ordnandet
506 986 26 21 af
547 986 28 21 de
591 986 116 22 enskildes
722 986 106 21 fiskerätt
843 993 34 13 re-

119 1020 46 20 dan
189 1021 98 20 vunnits
311 1028 84 21 genom
419 1020 41 22 det
481 1021 136 28 lagförslag,
640 1028 49 14 som
710 1021 69 28 ingår
801 1020 8 21 i
832 1020 45 21 den

119 1054 132 22 Ständerna
268 1055 122 28 förelagda
404 1055 177 28 propositionen
596 1062 38 14 om
649 1055 133 28 antagande
797 1055 26 20 af
837 1055 40 27 lag

119 1089 120 28 angående
259 1097 32 20 ny
311 1089 89 28 lydelse
420 1090 27 21 af
463 1092 25 19 12
504 1090 53 28 kap.
573 1089 44 22 och
634 1091 25 20 15
675 1090 52 28 kap.
744 1092 12 19 3
772 1091 13 26 8
799 1089 78 28 jorda-

118 1123 93 22 balken.
249 1124 202 21 Genomförandet
473 1125 27 20 af
521 1124 40 21 det
583 1124 183 29 hufvudsakliga
790 1123 87 22 medlet

118 1159 38 20 för
179 1158 208 30 fiskerinäringens
412 1159 108 29 höjande,
544 1160 56 20 eller
623 1158 206 22 åstadkommande
852 1159 26 21 at

119 1194 34 20 ett
171 1193 154 29 planmässigt
344 1194 186 22 handhafvande
547 1194 26 21 af
590 1194 68 21 fisket
673 1194 9 21 i
696 1193 110 28 förening
824 1192 53 22 med

119 1227 88 22 ordnad
231 1228 122 28 fiskevård,
380 1230 76 20 möter
481 1228 129 22 emellertid
632 1228 83 21 hinder
737 1228 8 21 i
767 1227 110 29 gällande

118 1264 59 20 rätts
202 1262 176 29 bestämningar
403 1270 37 14 om
466 1263 73 21 skifte
563 1263 27 21 af
609 1263 146 21 fiskevatten.
793 1262 84 28 Bygda

118 1298 30 27 på
169 1297 163 29 grundsatsen,
356 1300 36 19 att
414 1298 82 28 hvarje
520 1298 107 29 delegare
647 1302 25 17 är
690 1297 133 29 berättigad
842 1299 35 19 att

118 1332 25 20 få
159 1332 37 20 sin
210 1332 46 21 lott
273 1332 117 28 utbruten,
412 1340 38 14 om
470 1333 40 21 det
529 1333 46 21 kan
594 1332 40 22 ske
649 1334 57 20 utan
725 1332 96 28 förfång
840 1332 37 21 för

119 1366 28 21 de
167 1366 82 28 öfrige,
269 1366 44 22 och
333 1367 81 21 dervid
434 1374 57 22 eger
510 1367 87 21 erhålla
616 1366 68 22 andel
702 1366 26 22 af
742 1367 69 21 hvart
827 1366 50 28 slag

118 1401 27 20 af
166 1400 191 22 förekommande
373 1401 156 29 fiskeplatser,
547 1402 106 21 medföra
671 1401 119 29 nämligen
809 1400 68 22 dessa

119 1435 181 29 bestämningar,
321 1438 35 19 att
375 1436 46 21 den
442 1436 106 22 enskilde
566 1437 135 29 delegarens
716 1436 45 22 lott
777 1436 26 22 af
816 1437 61 20 vatt-
