1061 1631
178 152 26 19 10
379 150 72 26 Ständ
468 150 34 23 Sv.
521 163 24 3 —
564 150 61 28 Pron.
642 150 34 21 N:o
693 150 35 22 37.

178 213 65 22 torde
260 213 39 22 det
313 214 55 21 böra
384 214 76 28 åligga
474 209 170 26 vederbörande
660 213 137 28 tjensteman
813 216 38 23 att,
867 214 68 21 äfven

178 248 40 21 der
240 247 96 30 behörig
358 248 105 21 anmälan
485 248 50 21 icke
557 248 68 27 skett,
647 248 94 28 vidtaga
763 249 33 20 uti
818 251 25 18 17
861 249 46 27 (18)
922 248 14 29 $

180 282 151 22 omförmälda
354 283 90 28 åtgärd;
468 282 42 22 och
533 282 40 22 har
596 282 136 29 paragrafen
749 283 7 20 i
772 283 101 28 enlighet
887 283 50 21 här-

179 317 52 21 med
255 317 98 25 ändrats,
374 317 70 28 jemte
467 317 39 21 det
529 319 31 19 ett
580 317 81 28 tillägg
676 317 26 21 af
714 317 59 21 blott
788 317 148 22 redaktionell

179 351 118 28 betydelse
313 351 73 22 dertill
402 351 79 28 gjorts.

248 385 36 22 På
301 385 55 26 skäl,
372 393 48 14 som
436 386 33 21 uti
485 386 44 21 den
543 386 156 28 underdåniga
714 386 201 22 svarsskrifvelsen
930 387 6 20 i

179 420 125 28 anledning
329 420 25 21 af
376 420 84 28 nådiga
484 420 170 28 propositionen
676 420 43 21 N:o
743 422 27 19 39
794 420 142 27 framhållits,

179 454 71 22 hafva
270 455 34 20 uti
323 457 25 19 18
364 456 44 26 (19)
424 455 14 28 8
453 455 112 28 ingående
581 455 169 28 bestämningar
765 455 96 21 rörande
876 455 60 21 dom-

179 489 55 21 stols
259 489 133 28 behörighet
414 489 34 21 uti
470 489 181 21 skiftesärenden
674 489 123 21 öfverförts
817 489 35 21 till
870 489 66 28 lagen

179 523 126 28 angående,
329 523 68 22 bland
420 526 74 23 annat,
518 523 69 22 skifte
609 523 25 21 af
651 523 177 26 vattenområde,
850 523 86 22 hvilket

177 557 88 28 jemväl
287 557 101 29 betingat
411 565 29 14 en
460 558 97 28 ändring
573 557 26 22 af
611 557 137 29 paragrafen
764 558 7 21 i
787 558 151 21 redaktionelt

180 591 114 22 afseende.

249 627 81 21 Såsom
348 627 126 21 Ständerna
489 627 70 21 redan
574 627 82 21 uttalat
670 627 38 21 vid
726 627 172 28 granskningen
914 627 26 20 af

180 661 39 21 det
243 661 36 21 uti
301 661 94 21 särskild
418 661 70 28 nådig
509 661 141 28 proposition
673 661 33 21 till
733 661 128 21 Ständerna
883 661 7 20 i
906 661 32 21 af-

180 695 83 22 seende
287 697 13 19 å
315 695 115 22 utlåtande
446 695 168 22 öfverlemnade
630 695 110 28 förslaget
755 695 34 21 till
804 703 32 20 ny
852 695 85 21 fiskeri-

180 729 89 28 stadga,
293 729 67 22 hafva
381 729 127 22 Ständerna
530 729 82 26 funnit,
629 732 33 19 att
684 729 47 22 deri
754 729 54 28 ingå
828 729 110 22 särskilda

180 763 150 28 stadganden,
346 764 77 21 hvilka
438 764 35 21 till
488 764 34 21 sin
537 766 67 19 natur
619 764 50 21 icke
684 764 56 21 höra
755 764 34 21 till
801 764 44 21 den
856 763 82 22 ekono-

181 798 73 21 miska
270 798 186 28 lagstiftningens
472 800 96 20 område.
594 798 102 22 Sälunda
710 798 180 29 skyidigkännas
905 798 34 21 uti

180 834 27 19 27
231 833 45 21 och
299 835 26 19 28
348 833 28 28 88
400 833 215 28 fiskevattensegare
640 835 33 19 att
688 833 94 28 vidtaga
798 833 104 28 åtgärder
918 832 19 28 ej

182 867 97 21 allenast
307 867 35 22 för
370 867 104 28 behörigt
500 867 148 22 utmärkande
674 867 25 21 af
722 867 217 28 fredningsområde,

184 903 55 19 utan
265 901 67 22 äfven
355 901 36 22 för
411 901 194 28 omöjliggörande
628 901 26 22 af
673 901 166 28 fiskeredskaps
857 903 83 19 använ-

182 935 75 22 dande
274 936 60 21 inom
350 936 80 21 sådant
445 936 90 21 område
551 938 58 19 samt
624 936 36 21 för
675 935 126 22 hindrande
817 935 25 21 af
855 935 84 22 fiskens

181 969 114 29 gväfning
317 970 71 21 under
410 970 57 26 isen;
494 971 42 20 och
558 971 110 28 pålägges
691 970 44 21 den
759 969 102 22 enskilde
877 969 61 28 förty

180 1011 85 21 genom
289 1004 93 22 berörda
405 1005 142 21 föreskrifter
568 1005 7 20 i
591 1005 38 21 det
644 1005 125 21 allmännas
786 1005 94 20 intresse
895 1007 44 18 sär-

181 1038 74 21 skilda
278 1046 46 21 nya
346 1039 96 28 positiva
464 1039 154 28 förpligtelser
642 1040 6 20 i
668 1039 107 21 afseende
795 1041 12 19 å
823 1039 34 20 sin
873 1046 66 21 egen-

182 1073 59 22 dom.
273 1073 36 21 Då
331 1073 155 22 såbeskaffade
501 1073 154 29 förpligtelser
671 1073 125 22 emellertid
811 1073 129 28 principielt

181 1107 63 28 ligga
265 1110 63 19 utom
345 1110 124 25 gränserna
484 1107 36 22 för
535 1108 45 21 den
595 1107 148 22 ekonomiska
757 1107 182 28 lagstiftningen,

182 1141 71 22 hafva
277 1141 127 22 Ständerna
426 1144 74 20 ansett
523 1142 149 22 omförmälda
694 1141 170 29 bestämningar
886 1141 54 22 böra

182 1175 145 29 öfverflyttas
351 1176 33 21 till
406 1178 24 19 17
450 1176 50 29 kap.
516 1177 27 21 B.
559 1177 34 25 B.,
609 1177 39 21 der
664 1176 120 25 desamma,
801 1176 35 22 för
852 1178 25 19 så
891 1176 49 21 vidt

182 1210 27 20 de
233 1210 28 21 af
283 1210 126 22 Ständerna
432 1210 87 22 kunnat
542 1211 139 28 godkännas,
704 1210 182 22 sammanfattats
906 1210 33 22 uti

182 1251 29 14 en
232 1244 116 29 paragraf,
370 1245 14 28 &
400 1247 13 19 8
429 1245 71 28 enligt
516 1245 43 21 den
575 1246 25 20 af
614 1246 127 20 Ständerna
757 1245 123 28 godkända
895 1244 44 22 för-

183 1278 139 28 fattningen.

253 1313 115 21 Särskilda
384 1314 70 21 andra
469 1322 46 20 nya
529 1314 169 28 bestämningar
707 1314 35 21 uti
753 1314 96 21 berörda
859 1313 81 29 stadga

182 1347 111 21 innebära
316 1350 47 19 åter
385 1350 24 19 så
431 1348 138 28 vidtgående
587 1348 193 28 inskränkningar
795 1348 34 21 uti
845 1355 95 21 egarens

182 1381 105 21 fiskerätt
309 1382 63 21 såväl
394 1382 140 22 beträffande
557 1385 68 19 sättet
645 1390 49 14 som
713 1382 64 21 tiden
792 1382 43 21 och
851 1382 89 27 platsen

182 1414 36 22 för
233 1415 80 22 fiskets
328 1416 130 28 utöfvande,
474 1419 33 19 att
522 1416 69 22 äfven
606 1416 28 22 de
649 1418 72 20 måste
737 1423 64 14 anses
812 1415 55 22 falla
878 1416 62 22 inom

182 1449 44 21 den
242 1450 114 22 allmänna
371 1450 78 28 lagens
465 1451 125 22 råmärken,
