1061 1631
343 146 29 24 U.
388 147 27 22 B.
433 160 27 3 —
476 147 75 28 Prop.
567 147 43 22 N:o
624 147 38 22 43.
875 147 13 21 3

129 218 47 19 rätt
194 215 51 22 ifall
267 215 46 22 han
336 216 52 21 icke
411 216 63 21 inom
494 216 67 28 tjugu
577 216 25 21 är
617 215 60 22 efter
692 215 134 22 arflätarens
841 215 48 22 död

129 250 99 21 infinner
250 250 37 29 sig
309 249 36 22 för
368 253 36 19 att
426 250 91 22 bevaka
537 250 52 22 sina
603 251 121 21 intressen.
754 250 54 21 Men
824 250 65 21 detta

129 284 136 29 stadgande,
287 291 49 15 som
358 285 152 21 uteslutande
531 284 75 29 gäller
627 284 122 29 arftagare,
775 284 45 21 kan
836 284 53 22 icke

129 326 66 14 anses
217 318 148 29 grundlägga
388 320 79 27 någon
490 319 86 21 allmän
599 319 143 28 presumtion
758 318 36 22 för
809 321 35 19 att
859 326 29 14 en

129 359 90 22 person,
242 360 55 21 som,
319 355 57 20 utan
400 357 36 17 att
454 353 132 22 kännedom
602 360 37 14 om
655 353 58 21 hans
728 353 162 28 uppehällsort

129 387 111 27 erhållits,
264 387 61 22 varit
347 387 157 22 frånvarande
525 387 73 22 under
621 387 67 29 tjugu
704 387 35 22 års
755 387 41 26 tid,
811 387 77 22 skulle

129 421 81 27 aflidit,
233 422 44 21 och
299 421 20 29 ej
336 421 72 22 heller
423 422 75 21 finnes
514 422 7 21 i
537 421 91 22 landets
644 421 150 29 lagstiftning
809 422 79 28 nägon

129 463 77 15 annan
222 456 155 29 bestämning,
393 464 50 14 som
459 456 36 21 för
510 456 59 27 dem,
584 456 82 21 hvilka
680 456 73 21 under
771 456 118 21 förutsätt-

129 490 58 29 ning
202 490 27 21 af
241 497 29 14 en
285 490 145 22 försvunnen
445 498 96 21 persons
557 491 45 21 död
618 497 55 15 vore
688 490 57 22 hans
761 490 127 29 arfvingar,

129 525 99 21 beredde
251 525 123 28 möjlighet
396 528 36 19 att
447 525 93 21 komma
555 525 8 21 i
579 525 128 28 besittning
722 525 26 22 af
761 525 66 28 dylik
843 525 45 21 arf-

129 559 84 22 lätares
236 559 120 28 egendom,
380 559 100 22 likasom
495 559 89 28 jemväl
598 559 80 29 hvarje
694 559 128 29 stadgande
837 559 51 22 sak-

129 601 44 14 nas
194 593 85 28 derom,
295 593 59 22 huru
369 593 71 30 länge
456 594 72 21 sädan
544 593 113 30 egendom
674 594 41 21 bör
730 594 36 21 för
781 594 45 21 den
841 594 48 21 för-

130 636 100 14 svunnes
245 628 102 29 räkning
362 629 23 21 at
400 628 60 22 hans
475 628 174 22 rättsbevakare
664 628 179 22 sammanhällas
854 629 34 21 sä-

130 670 48 15 som
195 670 28 14 en
237 663 95 28 rättslig
347 663 77 22 enhet.

198 697 12 21 I
233 697 28 22 de
283 697 136 29 europeiska
443 697 112 21 länderna
571 697 41 22 har
626 697 179 28 ifrägavarande
821 699 67 20 rätts-

129 732 94 21 institut
244 731 120 22 utvecklat
379 732 37 28 sig
431 733 31 27 pä
477 732 73 28 nägot
565 732 63 21 olika
642 735 53 18 sätt.
725 732 11 21 I
752 732 136 28 anslutning

130 767 37 21 till
182 766 109 21 italiensk
306 767 139 28 rättspraxis
460 766 82 29 utgick
557 766 132 29 Tysklands
704 774 17 14 s.
737 766 21 22 k.
769 766 120 22 allmänna

129 804 49 19 rätt
192 801 49 28 (das
257 801 105 28 gemeine
378 801 84 26 Recht)
477 801 52 21 frän
545 801 40 21 det
599 801 137 28 antagande,
751 803 35 20 att
801 808 29 14 en
841 801 45 21 för-

130 843 105 14 svunnen
257 842 90 22 person,
370 843 57 20 som,
447 843 38 14 om
500 835 46 22 han
561 835 69 27 lefde,
646 835 75 22 skulle
736 835 154 22 öfverskridit

129 869 216 23 människoälderns
366 872 103 26 yttersta
489 873 77 25 gräns,
588 870 51 21 icke
654 869 79 22 vidare
749 869 87 22 befann
851 869 37 29 sig

129 904 41 22 vid
184 904 35 27 lif;
235 904 43 21 och
294 904 84 29 ansågs
396 904 35 21 till
448 911 29 14 en
494 904 79 29 början
589 904 76 22 denna
679 908 70 25 gräns
757 904 82 21 infalla
847 904 41 21 vid

129 939 90 22 hundra
235 939 30 26 år,
274 946 53 14 men
336 939 131 21 sedermera
478 938 40 22 vid
529 939 57 21 åttio
594 939 56 21 eller
659 939 80 28 sjuttio
750 939 31 22 år.
805 939 83 21 Såsom

129 974 142 21 försvunnen
287 973 149 22 betraktades
452 973 51 21 åter
518 973 51 24 den,
585 980 48 15 som
649 980 29 14 en
693 973 80 29 längre
783 973 35 21 tid
828 973 62 21 varit

129 1007 155 22 frånvarande
307 1010 56 19 utan
386 1010 36 19 att
444 1007 170 22 underrättelse
636 1015 38 14 om
695 1007 84 22 honom
794 1007 94 28 inlupit.

130 1043 64 21 Huru
216 1042 69 29 länge
307 1041 127 22 frånvaron
459 1041 71 22 borde
548 1041 70 22 hafva
634 1044 66 19 varat
714 1041 37 22 för
765 1044 34 19 att
815 1041 72 29 skapa

129 1077 143 28 presumtion
295 1083 38 15 om
355 1079 35 19 att
412 1084 116 21 personen
551 1083 54 15 vore
620 1077 149 26 försvunnen,
786 1075 100 22 berodde

129 1112 31 27 på
174 1110 111 30 pröfning
300 1111 8 21 i
323 1110 81 29 hvarje
420 1111 113 21 särskildt
542 1110 49 22 fall.
614 1111 38 21 En
662 1110 73 22 sådan
742 1110 143 29 presumtion

129 1145 82 22 trädde
226 1145 60 22 efter
301 1145 86 22 medlet
402 1145 28 22 af
442 1145 128 22 adertonde
580 1145 158 22 århundradet
745 1144 145 23 icke
800 1140 13 39 i
824 1144 66 23 verk-

130 1180 90 22 samhet
234 1180 74 21 innan
323 1180 45 22 den
383 1180 130 22 försvunne
529 1180 78 22 blifvit
622 1180 86 22 medels
723 1182 34 19 ett
767 1188 17 14 s.
793 1180 21 21 k.
825 1179 64 22 edik-

130 1214 167 22 talförfarande
312 1214 138 29 offentligen
467 1214 102 22 instämd
584 1214 37 22 till
636 1214 99 22 dorastol
751 1215 14 21 å
779 1214 58 22 hans
853 1221 36 14 se-

130 1252 66 19 naste
217 1249 122 22 inhemska
360 1249 141 29 boningsort
523 1250 43 20 och
583 1249 184 29 presumtionens
783 1248 105 22 förefint-

130 1284 75 28 lighet
219 1284 130 21 sedermera
363 1284 118 21 faststälts
498 1284 26 21 af
535 1286 77 19 rätten
627 1291 84 21 genom
727 1283 44 22 den
784 1283 106 22 försvun-

130 1326 41 14 nes
193 1318 148 22 förklarande
357 1318 37 21 för
409 1318 47 22 död
469 1318 72 29 jemte
557 1318 220 28 gvarlätenskapens
793 1318 97 28 slutliga

130 1352 187 22 tillerkännande
335 1353 25 21 ät
374 1352 60 22 hans
451 1352 126 29 arfvingar.
608 1352 65 22 Dock
688 1352 77 22 kunde
781 1352 107 22 eventuel

129 1387 108 29 arfvinge
252 1387 71 21 redan
339 1387 109 29 tidigare,
465 1388 8 20 i
489 1387 110 21 händelse
615 1388 46 20 han
672 1388 129 27 presterade
812 1386 76 22 säker-

130 1422 40 21 het
184 1422 37 21 för
235 1421 151 29 egendomen,
402 1422 131 28 inrymmas
548 1422 8 21 i
571 1421 142 29 provisorisk
728 1421 128 28 besittning
865 1420 27 22 af

130 1456 134 22 densamma
279 1456 44 22 och
338 1456 100 22 sålunda
453 1456 25 22 få
494 1456 66 29 njuta
574 1456 128 22 afkomsten
719 1455 69 22 deraf.

198 1503 150 23 Lagutskottets
361 1503 123 19 betänkande
497 1504 38 17 N:o
547 1504 27 16 14.
