1061 1631
168 110 27 21 10
353 109 85 24 Ständ.
454 108 38 24 Sv.
510 122 26 3 —
553 109 75 29 Prop.
644 110 42 32 N;o
702 109 39 23 33.

166 180 177 23 Presteståndet
360 183 84 26 ansett,
464 183 34 20 att
516 181 67 22 straff
599 181 37 22 för
650 181 81 29 fångst
743 181 26 22 af
779 181 148 29 undermålig

166 215 45 22 fisk
229 215 53 22 icke
299 215 72 22 borde
390 223 42 21 ega
450 223 57 14 rum.

235 249 38 22 Då
290 249 9 22 i
321 249 147 30 vattendrag,
492 250 36 21 uti
550 250 82 22 hvilka
653 251 21 28 ej
692 250 75 22 finnes
786 249 79 30 gädda
882 249 43 23 och

165 283 60 29 lake,
244 284 53 22 icke
315 284 65 22 torde
398 284 142 22 förekomma
559 292 79 15 annan
655 285 45 21 fisk
719 288 30 18 än
768 284 98 23 abborre
882 285 43 22 och

165 320 67 24 mört,
245 318 44 22 och
308 319 40 22 det
364 326 56 15 vore
437 318 159 29 fördelaktigt,
606 321 36 20 att
659 319 146 22 förstnämda
822 318 103 30 fiskslag,

165 351 82 24 hvilka
265 353 10 22 i
292 353 71 22 värde
382 353 136 22 öfverträffa
536 353 97 22 abborre
651 353 44 22 och
713 355 66 26 mört,
795 353 130 29 utsläpptes

165 387 9 22 i
192 387 89 22 sådana
298 387 148 29 vattendrag,
468 390 60 19 samt
546 387 30 23 då
594 388 86 29 jemväl
698 388 107 22 kräftans
823 387 102 30 skadlig-

165 421 41 22 het
231 425 25 18 är
283 422 84 22 tvifvel
393 421 166 29 underkastad,
586 422 72 22 borde
677 423 75 28 enligt
781 422 143 23 Ständernas

166 456 62 29 åsigt
247 456 32 21 39
299 457 13 26 $
330 456 49 22 helt
397 457 44 22 och
458 457 73 22 hållet
549 457 63 28 utgå.

236 490 185 23 Vidkommande
456 491 183 29 författningens
676 490 177 30 slutstadgande
882 490 43 23 har

165 524 178 23 Presteståndet
368 526 117 28 tillstyrkt
511 528 34 20 ett
572 525 84 23 sådant
677 526 93 29 tillägg,
791 527 35 20 att
844 527 80 20 ström-

165 559 159 29 mingsskötor
347 560 61 29 finge
434 560 119 22 användas
577 567 29 15 en
627 560 81 29 längre
727 560 43 27 tid,
788 560 136 29 förslagsvis

165 593 46 22 fem
229 595 32 27 år,
281 594 59 22 efter
358 594 45 23 den
421 602 47 21 nya
485 594 193 30 fiskeristadgans
696 594 114 22 trädande
829 594 8 22 i
855 594 68 22 kraft.

233 663 116 22 Finlands
368 663 100 22 Ständer
486 663 132 22 framhärda
637 666 43 19 etc.

233 731 155 30 Helsingfors,
407 732 45 23 den
473 733 11 21 1
503 732 59 23 Juni
581 733 73 22 1900.

296 1453 116 24 Helsingfors
426 1453 49 19 1900.
499 1453 116 24 Helsingfors
628 1452 167 24 Centraltryckeri.
