1061 1631
442 138 40 21 N:o
498 139 33 20 30.
827 140 13 20 5

108 206 147 26 förbindelser,
271 206 72 22 hvilka
358 207 55 20 dock
429 207 47 21 med
488 207 29 21 all
527 207 137 21 sannolikhet
674 207 86 21 komma
772 209 33 20 att
816 214 53 21 upp-

108 240 115 22 rätthållas
238 241 7 20 i
261 240 51 28 följd
328 241 23 21 af
365 241 26 21 de
406 240 100 28 fördelar,
522 241 104 22 särskildt
641 241 6 21 i
663 241 100 22 afseende
775 242 13 21 å
799 243 71 20 trans-

108 276 78 26 porten
203 274 22 22 af
238 276 106 26 trävaror,
360 275 55 22 Uleå
430 275 30 22 elf
473 277 57 20 samt
544 275 55 22 Uleå
614 275 61 22 träsk
688 275 67 28 jemte
766 275 102 22 tillflöden

106 309 99 28 erbjuda.
228 309 33 22 Då
277 310 94 21 nämnda
386 309 138 28 vattendrag,
539 309 105 22 särskildt
658 309 54 22 Uleå
721 309 33 27 elf,
767 310 103 27 derjemte

108 343 64 22 hafva
194 345 34 20 att
250 344 91 27 uppvisa
362 344 78 26 forsar,
464 344 71 21 hvilka
554 344 48 21 med
617 343 102 22 afseende
734 345 13 20 &
762 344 33 22 sin
811 345 59 21 kraft

108 378 55 22 höra
177 378 33 21 till
225 378 27 22 de
266 380 55 20 mest
336 379 124 27 betydande
472 379 8 21 i
490 379 80 26 landet,
587 379 39 21 har
641 379 65 21 linien
722 379 69 27 ifråga
807 379 62 22 äfven

109 413 73 21 häruti
204 413 81 27 viktiga
307 413 131 28 betingelser
460 413 34 22 för
514 415 32 20 att
561 413 66 22 blifva
642 413 105 22 räntabel.
778 413 32 22 En
827 413 42 22 för-

108 447 96 22 bindelse
219 447 48 22 med
282 447 120 28 Uleåborgs
417 447 72 22 banan
505 448 7 21 i
523 448 67 27 något
605 447 107 28 sydligare
727 448 96 27 riktning
838 448 31 21 fö-

109 483 59 20 reter
183 481 60 22 äfven
259 482 82 27 viktiga
355 481 101 22 fördelar.
482 482 75 21 Andra
571 481 95 22 fördelar
681 482 75 21 ställas
773 482 96 21 deremot

109 516 7 21 i
132 516 74 27 utsigt,
231 516 72 22 derest
324 516 86 28 Kajana
425 516 68 22 härad
516 523 77 20 genom
608 516 103 22 Savolaks
727 516 83 22 banans
826 516 43 21 för-

107 550 104 27 längning
226 550 48 21 från
289 551 80 21 Iisalmi
386 551 32 21 till
434 551 84 28 Kajana
533 551 69 22 skulle
617 551 85 21 komma
717 551 7 21 i
739 550 130 22 förbindelse

109 585 49 21 med
181 585 40 21 den
242 585 93 21 centralt
349 591 77 21 genom
442 585 75 22 landet
531 585 94 27 löpande
637 585 126 28 jernvägen.
794 585 74 28 Vägen

109 619 33 21 till
156 618 51 23 flere
223 619 24 22 af
259 619 85 22 landets
360 619 115 28 vigtigaste
491 621 58 20 orter
565 619 69 22 skulle
650 619 91 22 sälunda
757 619 66 22 blifva
833 620 36 21 be-

106 653 80 28 tydligt
195 653 93 22 kortare.
300 653 74 22 Säsom
383 653 70 28 tredje
461 656 67 25 utväg
535 654 32 21 till
575 653 85 28 Kajana
668 654 79 22 härads
755 654 114 22 förseende

109 688 49 21 med
169 689 91 27 jernväg
273 689 102 32 kommer
380 689 6 21 i
397 689 144 22 betraktande
553 689 105 27 förslaget
668 695 34 15 om
712 689 107 22 Karelska
832 689 37 21 ba-

109 729 56 15 nans
179 723 137 27 förlängning
330 723 102 27 antingen
445 723 33 22 till
488 723 84 28 Kajana
583 723 51 22 eller
645 723 58 22 öfver
714 723 154 22 Kiehimänsuu

110 764 52 15 norr
177 763 33 16 om
226 757 117 22 Uleäträsk
358 757 33 22 till
406 757 142 22 föorenämnda
563 758 76 21 Waala
654 758 57 21 bana
726 758 48 21 med
789 757 80 22 bibana

109 791 33 22 till
157 792 90 27 Kajana.
273 792 43 21 För
331 792 75 27 sjelfva
420 792 93 22 häradet
527 792 69 27 ifråga
612 792 100 28 erbjuder
727 793 62 21 detta
804 793 64 21 alter-

111 826 59 21 nativ
193 826 39 21 den
256 827 61 20 stora
336 826 96 22 fördelen
449 829 34 18 att
498 833 26 15 en
540 828 71 20 större
627 827 33 21 del
676 826 23 21 af
712 827 71 21 banan
800 827 69 22 skulle

109 861 28 26 gä
159 866 75 21 genom
257 860 97 27 häradet,
378 861 119 27 hvarjemte
519 861 105 27 förslaget
641 861 68 21 skulle
727 861 34 21 för
776 861 92 22 Karelen

109 901 54 14 vara
185 894 23 22 af
227 896 47 20 stor
297 895 50 26 vigt.
378 895 32 21 En
430 895 92 28 jernväg
545 895 67 27 enligt
631 895 71 22 denna
717 895 50 28 plan
785 896 84 21 komme

110 929 54 21 dock
179 931 34 20 att
227 935 53 16 vara
295 929 120 22 förbunden
428 930 47 21 med
486 930 63 27 högst
559 930 123 27 betydande
692 929 111 22 finansiela
813 936 55 21 upp-

107 963 111 28 ofiringar,
242 964 117 27 hvarjemte
382 964 126 22 densamma
522 965 7 20 i
544 965 43 26 hög
602 965 54 26 grad
678 965 83 21 komme
778 966 33 20 att
826 965 43 20 för-

108 998 66 27 länga
196 1000 67 25 vägen
286 998 32 21 till
336 999 136 27 Helsingfors
491 999 39 22 och
545 999 84 27 Hangö,
645 999 76 21 medan
738 999 47 21 äter
800 1001 67 25 vägen

107 1033 34 21 till
157 1033 89 27 Wiborg
261 1033 38 21 och
315 1033 32 21 S:t
362 1033 133 28 Petersburg
510 1033 69 22 skulle
589 1034 88 27 i:nägon
693 1033 49 21 män
753 1033 114 22 förkortas.

109 1067 100 21 Komiten
235 1073 64 16 anser
322 1067 54 22 dock
400 1070 39 23 att,
464 1068 72 21 derest
559 1074 48 15 man
632 1068 17 27 ej
674 1069 24 20 är
716 1067 81 22 beredd
813 1069 34 20 att
863 1068 5 20 i

109 1101 196 28 oproportionerlig
320 1102 54 27 grad
389 1102 67 21 binda
475 1102 288 21 kommunikationsfondens
778 1101 34 22 för
827 1109 42 20 nya

105 1135 228 28 jernvägsbyggnader
349 1136 121 28 disponibla
487 1136 114 28 tillgångar
616 1137 33 21 till
665 1136 82 22 förmån
765 1136 33 22 för
809 1138 60 20 östra

110 1170 39 21 och
165 1176 65 16 norra
244 1170 97 27 Finland,
358 1170 40 22 och
413 1171 47 21 icke
471 1170 67 22 heller
548 1171 35 21 vill
594 1170 34 22 till
638 1177 26 15 en
676 1170 93 28 aflägsen
780 1170 88 22 framtid

109 1205 120 27 uppskjuta
251 1204 183 28 förverkligandet
458 1205 24 21 af
495 1206 169 20 innevänarenes
679 1205 7 21 i
702 1205 83 27 Kajana
800 1205 68 21 härad

110 1239 138 27 önskningar,
271 1239 76 27 frägan
370 1246 34 15 om
428 1239 72 21 denna
520 1240 71 20 trakts
606 1240 209 21 kommunikationer
830 1240 39 21 bör

110 1274 74 27 skiljas
199 1273 48 22 frän
263 1273 75 27 frägan
355 1280 34 15 om
405 1274 102 22 karelska
523 1274 82 22 banans
620 1274 142 27 förlängning.

178 1308 47 22 Den
241 1308 133 27 granskning
394 1308 97 22 komiten
507 1310 64 26 egnat
585 1308 77 27 frågan
678 1314 33 16 om
727 1308 40 22 den
783 1314 85 22 genom-

110 1342 82 27 gäende
207 1342 99 27 trafiken,
322 1342 85 22 hvilken
424 1343 70 21 under
509 1343 57 21 vissa
581 1343 182 27 förutsättningar
773 1344 94 26 antagits

109 1378 36 20 stä
160 1378 6 20 i
181 1377 74 27 utsigt,
279 1377 71 21 derest
373 1384 25 14 en
422 1384 78 20 genom
517 1378 73 20 landet
605 1377 91 21 ledande
711 1377 157 27 förbindnings-

111 1411 52 21 eller
185 1412 150 21 transitobana
351 1412 84 21 komme
450 1412 7 20 i
474 1412 71 26 stånd,
568 1412 40 20 har
622 1412 8 20 i
645 1412 49 20 stöd
713 1411 22 21 af
749 1412 120 21 statistiska
