<?xml version="1.0" encoding="UTF-8"?>
<alto xmlns="http://www.loc.gov/standards/alto/ns-v3#" xmlns:xlink="http://www.w3.org/1999/xlink" xmlns:xsi="http://www.w3.org/2001/XMLSchema-instance" xsi:schemaLocation="http://www.loc.gov/standards/alto/ns-v3# http://www.loc.gov/alto/v3/alto-3-0.xsd">
	<Description>
		<MeasurementUnit>pixel</MeasurementUnit>
		<sourceImageInformation>
			<fileName>/tmp/tess_01mdux1h_input.PNG</fileName>
		</sourceImageInformation>
		<OCRProcessing ID="OCR_0">
			<ocrProcessingStep>
				<processingSoftware>
					<softwareName>tesseract 5.3.4</softwareName>
				</processingSoftware>
			</ocrProcessingStep>
		</OCRProcessing>
	</Description>
	<Layout>
		<Page WIDTH="1061" HEIGHT="1631" PHYSICAL_IMG_NR="0" ID="page_0">
			<PrintSpace HPOS="0" VPOS="0" WIDTH="1061" HEIGHT="1631">
				<ComposedBlock ID="cblock_0" HPOS="177" VPOS="137" WIDTH="573" HEIGHT="29">
					<TextBlock ID="block_0" HPOS="177" VPOS="137" WIDTH="573" HEIGHT="29">
						<TextLine ID="line_0" HPOS="177" VPOS="137" WIDTH="573" HEIGHT="29">
							<String ID="string_0" HPOS="177" VPOS="138" WIDTH="25" HEIGHT="20" WC="0.93" CONTENT="14"/><SP WIDTH="165" VPOS="138" HPOS="202"/>
							<String ID="string_1" HPOS="367" VPOS="137" WIDTH="84" HEIGHT="23" WC="0.70" CONTENT="Stäind."/><SP WIDTH="17" VPOS="137" HPOS="451"/>
							<String ID="string_2" HPOS="468" VPOS="137" WIDTH="38" HEIGHT="21" WC="0.93" CONTENT="Sv."/><SP WIDTH="17" VPOS="137" HPOS="506"/>
							<String ID="string_3" HPOS="523" VPOS="150" WIDTH="27" HEIGHT="3" WC="0.91" CONTENT="—"/><SP WIDTH="16" VPOS="150" HPOS="550"/>
							<String ID="string_4" HPOS="566" VPOS="138" WIDTH="74" HEIGHT="28" WC="0.86" CONTENT="Prop."/><SP WIDTH="17" VPOS="138" HPOS="640"/>
							<String ID="string_5" HPOS="657" VPOS="138" WIDTH="42" HEIGHT="22" WC="0.96" CONTENT="N:o"/><SP WIDTH="14" VPOS="138" HPOS="699"/>
							<String ID="string_6" HPOS="713" VPOS="138" WIDTH="37" HEIGHT="22" WC="0.96" CONTENT="42."/>
						</TextLine>
					</TextBlock>
				</ComposedBlock>
				<ComposedBlock ID="cblock_1" HPOS="173" VPOS="209" WIDTH="761" HEIGHT="959">
					<TextBlock ID="block_1" HPOS="175" VPOS="209" WIDTH="759" HEIGHT="202">
						<TextLine ID="line_1" HPOS="176" VPOS="209" WIDTH="757" HEIGHT="30">
							<String ID="string_7" HPOS="176" VPOS="209" WIDTH="64" HEIGHT="22" WC="0.93" CONTENT="delse"/><SP WIDTH="19" VPOS="209" HPOS="240"/>
							<String ID="string_8" HPOS="259" VPOS="210" WIDTH="14" HEIGHT="21" WC="0.93" CONTENT="å"/><SP WIDTH="19" VPOS="210" HPOS="273"/>
							<String ID="string_9" HPOS="292" VPOS="211" WIDTH="77" HEIGHT="28" WC="0.96" CONTENT="någon"/><SP WIDTH="20" VPOS="211" HPOS="369"/>
							<String ID="string_10" HPOS="389" VPOS="209" WIDTH="37" HEIGHT="22" WC="0.96" CONTENT="del"/><SP WIDTH="19" VPOS="209" HPOS="426"/>
							<String ID="string_11" HPOS="445" VPOS="209" WIDTH="23" HEIGHT="22" WC="0.93" CONTENT="af"/><SP WIDTH="18" VPOS="209" HPOS="468"/>
							<String ID="string_12" HPOS="486" VPOS="209" WIDTH="261" HEIGHT="30" WC="0.92" CONTENT="inteckningsbeloppet"/><SP WIDTH="18" VPOS="209" HPOS="747"/>
							<String ID="string_13" HPOS="765" VPOS="209" WIDTH="122" HEIGHT="28" WC="0.93" CONTENT="utfärdats,"/><SP WIDTH="14" VPOS="209" HPOS="887"/>
							<String ID="string_14" HPOS="901" VPOS="209" WIDTH="32" HEIGHT="22" WC="0.93" CONTENT="äf-"/>
						</TextLine>
						<TextLine ID="line_2" HPOS="175" VPOS="243" WIDTH="758" HEIGHT="29">
							<String ID="string_15" HPOS="175" VPOS="251" WIDTH="46" HEIGHT="14" WC="0.93" CONTENT="ven"/><SP WIDTH="18" VPOS="251" HPOS="221"/>
							<String ID="string_16" HPOS="239" VPOS="245" WIDTH="14" HEIGHT="21" WC="0.89" CONTENT="&amp;"/><SP WIDTH="20" VPOS="245" HPOS="253"/>
							<String ID="string_17" HPOS="273" VPOS="243" WIDTH="75" HEIGHT="23" WC="0.93" CONTENT="denna"/><SP WIDTH="18" VPOS="243" HPOS="348"/>
							<String ID="string_18" HPOS="366" VPOS="244" WIDTH="141" HEIGHT="21" WC="0.96" CONTENT="förbindelse"/><SP WIDTH="19" VPOS="244" HPOS="507"/>
							<String ID="string_19" HPOS="526" VPOS="244" WIDTH="96" HEIGHT="21" WC="0.96" CONTENT="tecknas"/><SP WIDTH="16" VPOS="244" HPOS="622"/>
							<String ID="string_20" HPOS="638" VPOS="244" WIDTH="65" HEIGHT="22" WC="0.96" CONTENT="bevis"/><SP WIDTH="13" VPOS="244" HPOS="703"/>
							<String ID="string_21" HPOS="716" VPOS="252" WIDTH="37" HEIGHT="14" WC="0.93" CONTENT="om"/><SP WIDTH="12" VPOS="252" HPOS="753"/>
							<String ID="string_22" HPOS="765" VPOS="244" WIDTH="168" HEIGHT="28" WC="0.82" CONTENT="inteckningen"/>
						</TextLine>
						<TextLine ID="line_3" HPOS="176" VPOS="278" WIDTH="758" HEIGHT="30">
							<String ID="string_23" HPOS="176" VPOS="280" WIDTH="59" HEIGHT="20" WC="0.91" CONTENT="samt"/><SP WIDTH="22" VPOS="280" HPOS="235"/>
							<String ID="string_24" HPOS="257" VPOS="279" WIDTH="14" HEIGHT="21" WC="0.82" CONTENT="&amp;"/><SP WIDTH="22" VPOS="279" HPOS="271"/>
							<String ID="string_25" HPOS="293" VPOS="278" WIDTH="44" HEIGHT="22" WC="0.92" CONTENT="den"/><SP WIDTH="18" VPOS="278" HPOS="337"/>
							<String ID="string_26" HPOS="355" VPOS="278" WIDTH="63" HEIGHT="22" WC="0.93" CONTENT="förra"/><SP WIDTH="17" VPOS="278" HPOS="418"/>
							<String ID="string_27" HPOS="435" VPOS="278" WIDTH="296" HEIGHT="30" WC="0.90" CONTENT="inteckningshandlingen"/><SP WIDTH="20" VPOS="278" HPOS="731"/>
							<String ID="string_28" HPOS="751" VPOS="278" WIDTH="128" HEIGHT="28" WC="0.92" CONTENT="anmärkas,"/><SP WIDTH="19" VPOS="278" HPOS="879"/>
							<String ID="string_29" HPOS="898" VPOS="280" WIDTH="36" HEIGHT="20" WC="0.97" CONTENT="att"/>
						</TextLine>
						<TextLine ID="line_4" HPOS="175" VPOS="313" WIDTH="757" HEIGHT="29">
							<String ID="string_30" HPOS="175" VPOS="313" WIDTH="170" HEIGHT="28" WC="0.89" CONTENT="inteckningen"/><SP WIDTH="18" VPOS="313" HPOS="345"/>
							<String ID="string_31" HPOS="363" VPOS="313" WIDTH="36" HEIGHT="22" WC="0.96" CONTENT="för"/><SP WIDTH="17" VPOS="313" HPOS="399"/>
							<String ID="string_32" HPOS="416" VPOS="313" WIDTH="164" HEIGHT="22" WC="0.93" CONTENT="motsvarande"/><SP WIDTH="19" VPOS="313" HPOS="580"/>
							<String ID="string_33" HPOS="599" VPOS="313" WIDTH="85" HEIGHT="29" WC="0.92" CONTENT="belopp"/><SP WIDTH="18" VPOS="313" HPOS="684"/>
							<String ID="string_34" HPOS="702" VPOS="313" WIDTH="103" HEIGHT="29" WC="0.95" CONTENT="upphört"/><SP WIDTH="12" VPOS="313" HPOS="805"/>
							<String ID="string_35" HPOS="817" VPOS="315" WIDTH="35" HEIGHT="20" WC="0.93" CONTENT="att"/><SP WIDTH="12" VPOS="315" HPOS="852"/>
							<String ID="string_36" HPOS="864" VPOS="313" WIDTH="68" HEIGHT="28" WC="0.91" CONTENT="gälla."/>
						</TextLine>
						<TextLine ID="line_5" HPOS="176" VPOS="347" WIDTH="757" HEIGHT="29">
							<String ID="string_37" HPOS="176" VPOS="347" WIDTH="43" HEIGHT="22" WC="0.93" CONTENT="Om"/><SP WIDTH="23" VPOS="347" HPOS="219"/>
							<String ID="string_38" HPOS="242" VPOS="347" WIDTH="182" HEIGHT="29" WC="0.88" CONTENT="inteckningens"/><SP WIDTH="24" VPOS="347" HPOS="424"/>
							<String ID="string_39" HPOS="448" VPOS="347" WIDTH="107" HEIGHT="22" WC="0.93" CONTENT="dödande"/><SP WIDTH="19" VPOS="347" HPOS="555"/>
							<String ID="string_40" HPOS="574" VPOS="347" WIDTH="60" HEIGHT="22" WC="0.93" CONTENT="skall"/><SP WIDTH="19" VPOS="347" HPOS="634"/>
							<String ID="string_41" HPOS="653" VPOS="348" WIDTH="44" HEIGHT="21" WC="0.92" CONTENT="ock"/><SP WIDTH="18" VPOS="348" HPOS="697"/>
							<String ID="string_42" HPOS="715" VPOS="347" WIDTH="128" HEIGHT="22" WC="0.92" CONTENT="antecknas"/><SP WIDTH="18" VPOS="347" HPOS="843"/>
							<String ID="string_43" HPOS="861" VPOS="347" WIDTH="8" HEIGHT="22" WC="0.93" CONTENT="i"/><SP WIDTH="17" VPOS="347" HPOS="869"/>
							<String ID="string_44" HPOS="886" VPOS="349" WIDTH="47" HEIGHT="20" WC="0.92" CONTENT="rät-"/>
						</TextLine>
						<TextLine ID="line_6" HPOS="176" VPOS="381" WIDTH="560" HEIGHT="30">
							<String ID="string_45" HPOS="176" VPOS="384" WIDTH="51" HEIGHT="19" WC="0.93" CONTENT="tens"/><SP WIDTH="18" VPOS="384" HPOS="227"/>
							<String ID="string_46" HPOS="245" VPOS="381" WIDTH="42" HEIGHT="22" WC="0.96" CONTENT="vid"/><SP WIDTH="19" VPOS="381" HPOS="287"/>
							<String ID="string_47" HPOS="306" VPOS="381" WIDTH="52" HEIGHT="22" WC="0.93" CONTENT="dess"/><SP WIDTH="18" VPOS="381" HPOS="358"/>
							<String ID="string_48" HPOS="376" VPOS="381" WIDTH="133" HEIGHT="30" WC="0.92" CONTENT="beviljande"/><SP WIDTH="18" VPOS="381" HPOS="509"/>
							<String ID="string_49" HPOS="527" VPOS="381" WIDTH="67" HEIGHT="22" WC="0.91" CONTENT="förda"/><SP WIDTH="18" VPOS="381" HPOS="594"/>
							<String ID="string_50" HPOS="612" VPOS="382" WIDTH="124" HEIGHT="29" WC="0.89" CONTENT="protokoll."/>
						</TextLine>
					</TextBlock>
					<TextBlock ID="block_2" HPOS="176" VPOS="414" WIDTH="758" HEIGHT="169">
						<TextLine ID="line_7" HPOS="244" VPOS="414" WIDTH="690" HEIGHT="31">
							<String ID="string_51" HPOS="244" VPOS="414" WIDTH="36" HEIGHT="23" WC="0.92" CONTENT="Är"/><SP WIDTH="26" VPOS="414" HPOS="280"/>
							<String ID="string_52" HPOS="306" VPOS="416" WIDTH="264" HEIGHT="29" WC="0.84" CONTENT="inteckningshandling"/><SP WIDTH="23" VPOS="416" HPOS="570"/>
							<String ID="string_53" HPOS="593" VPOS="417" WIDTH="144" HEIGHT="21" WC="0.96" CONTENT="förkommen"/><SP WIDTH="28" VPOS="417" HPOS="737"/>
							<String ID="string_54" HPOS="765" VPOS="415" WIDTH="43" HEIGHT="23" WC="0.95" CONTENT="och"/><SP WIDTH="21" VPOS="415" HPOS="808"/>
							<String ID="string_55" HPOS="829" VPOS="416" WIDTH="42" HEIGHT="22" WC="0.96" CONTENT="har"/><SP WIDTH="17" VPOS="416" HPOS="871"/>
							<String ID="string_56" HPOS="888" VPOS="415" WIDTH="46" HEIGHT="21" WC="0.96" CONTENT="den"/>
						</TextLine>
						<TextLine ID="line_8" HPOS="176" VPOS="450" WIDTH="757" HEIGHT="30">
							<String ID="string_57" HPOS="176" VPOS="450" WIDTH="80" HEIGHT="22" WC="0.94" CONTENT="blifvit"/><SP WIDTH="26" VPOS="450" HPOS="256"/>
							<String ID="string_58" HPOS="282" VPOS="450" WIDTH="76" HEIGHT="23" WC="0.94" CONTENT="dödad"/><SP WIDTH="18" VPOS="450" HPOS="358"/>
							<String ID="string_59" HPOS="376" VPOS="451" WIDTH="74" HEIGHT="21" WC="0.95" CONTENT="såsom"/><SP WIDTH="20" VPOS="451" HPOS="450"/>
							<String ID="string_60" HPOS="470" VPOS="451" WIDTH="111" HEIGHT="21" WC="0.95" CONTENT="särskildt"/><SP WIDTH="19" VPOS="451" HPOS="581"/>
							<String ID="string_61" HPOS="600" VPOS="455" WIDTH="24" HEIGHT="17" WC="0.92" CONTENT="är"/><SP WIDTH="18" VPOS="455" HPOS="624"/>
							<String ID="string_62" HPOS="642" VPOS="451" WIDTH="118" HEIGHT="29" WC="0.92" CONTENT="stadgadt,"/><SP WIDTH="19" VPOS="451" HPOS="760"/>
							<String ID="string_63" HPOS="779" VPOS="450" WIDTH="71" HEIGHT="22" WC="0.96" CONTENT="varde"/><SP WIDTH="19" VPOS="450" HPOS="850"/>
							<String ID="string_64" HPOS="869" VPOS="450" WIDTH="64" HEIGHT="21" WC="0.96" CONTENT="bevis"/>
						</TextLine>
						<TextLine ID="line_9" HPOS="176" VPOS="483" WIDTH="757" HEIGHT="30">
							<String ID="string_65" HPOS="176" VPOS="484" WIDTH="43" HEIGHT="22" WC="0.96" CONTENT="och"/><SP WIDTH="20" VPOS="484" HPOS="219"/>
							<String ID="string_66" HPOS="239" VPOS="485" WIDTH="162" HEIGHT="28" WC="0.96" CONTENT="anmärkning,"/><SP WIDTH="16" VPOS="485" HPOS="401"/>
							<String ID="string_67" HPOS="417" VPOS="493" WIDTH="49" HEIGHT="14" WC="0.95" CONTENT="som"/><SP WIDTH="18" VPOS="493" HPOS="466"/>
							<String ID="string_68" HPOS="484" VPOS="485" WIDTH="9" HEIGHT="22" WC="0.96" CONTENT="i"/><SP WIDTH="18" VPOS="485" HPOS="493"/>
							<String ID="string_69" HPOS="511" VPOS="493" WIDTH="66" HEIGHT="14" WC="0.96" CONTENT="mom."/><SP WIDTH="16" VPOS="493" HPOS="577"/>
							<String ID="string_70" HPOS="593" VPOS="485" WIDTH="11" HEIGHT="21" WC="0.95" CONTENT="1"/><SP WIDTH="15" VPOS="485" HPOS="604"/>
							<String ID="string_71" HPOS="619" VPOS="489" WIDTH="103" HEIGHT="24" WC="0.95" CONTENT="nämnas,"/><SP WIDTH="13" VPOS="489" HPOS="722"/>
							<String ID="string_72" HPOS="735" VPOS="485" WIDTH="115" HEIGHT="22" WC="0.93" CONTENT="tecknade"/><SP WIDTH="13" VPOS="485" HPOS="850"/>
							<String ID="string_73" HPOS="863" VPOS="485" WIDTH="13" HEIGHT="21" WC="0.90" CONTENT="å"/><SP WIDTH="12" VPOS="485" HPOS="876"/>
							<String ID="string_74" HPOS="888" VPOS="483" WIDTH="45" HEIGHT="22" WC="0.96" CONTENT="den"/>
						</TextLine>
						<TextLine ID="line_10" HPOS="176" VPOS="519" WIDTH="757" HEIGHT="29">
							<String ID="string_75" HPOS="176" VPOS="519" WIDTH="95" HEIGHT="22" WC="0.91" CONTENT="afskrift"/><SP WIDTH="27" VPOS="519" HPOS="271"/>
							<String ID="string_76" HPOS="298" VPOS="519" WIDTH="23" HEIGHT="22" WC="0.93" CONTENT="af"/><SP WIDTH="26" VPOS="519" HPOS="321"/>
							<String ID="string_77" HPOS="347" VPOS="519" WIDTH="301" HEIGHT="29" WC="0.90" CONTENT="inteckningshandlingen,"/><SP WIDTH="25" VPOS="519" HPOS="648"/>
							<String ID="string_78" HPOS="673" VPOS="520" WIDTH="96" HEIGHT="21" WC="0.96" CONTENT="hvilken"/><SP WIDTH="28" VPOS="520" HPOS="769"/>
							<String ID="string_79" HPOS="797" VPOS="519" WIDTH="58" HEIGHT="22" WC="0.94" CONTENT="efter"/><SP WIDTH="27" VPOS="519" HPOS="855"/>
							<String ID="string_80" HPOS="882" VPOS="519" WIDTH="51" HEIGHT="21" WC="0.96" CONTENT="dess"/>
						</TextLine>
						<TextLine ID="line_11" HPOS="176" VPOS="553" WIDTH="476" HEIGHT="30">
							<String ID="string_81" HPOS="176" VPOS="553" WIDTH="108" HEIGHT="22" WC="0.95" CONTENT="dödande"/><SP WIDTH="19" VPOS="553" HPOS="284"/>
							<String ID="string_82" HPOS="303" VPOS="554" WIDTH="73" HEIGHT="21" WC="0.93" CONTENT="såsom"/><SP WIDTH="19" VPOS="554" HPOS="376"/>
							<String ID="string_83" HPOS="395" VPOS="553" WIDTH="160" HEIGHT="22" WC="0.91" CONTENT="hufvudskrift"/><SP WIDTH="18" VPOS="553" HPOS="555"/>
							<String ID="string_84" HPOS="573" VPOS="554" WIDTH="79" HEIGHT="29" WC="0.96" CONTENT="gäller."/>
						</TextLine>
					</TextBlock>
					<TextBlock ID="block_3" HPOS="173" VPOS="587" WIDTH="761" HEIGHT="581">
						<TextLine ID="line_12" HPOS="244" VPOS="587" WIDTH="689" HEIGHT="30">
							<String ID="string_85" HPOS="244" VPOS="588" WIDTH="58" HEIGHT="28" WC="0.95" CONTENT="Har,"/><SP WIDTH="19" VPOS="588" HPOS="302"/>
							<String ID="string_86" HPOS="321" VPOS="589" WIDTH="30" HEIGHT="28" WC="0.96" CONTENT="på"/><SP WIDTH="18" VPOS="589" HPOS="351"/>
							<String ID="string_87" HPOS="369" VPOS="591" WIDTH="47" HEIGHT="19" WC="0.96" CONTENT="sätt"/><SP WIDTH="16" VPOS="591" HPOS="416"/>
							<String ID="string_88" HPOS="432" VPOS="589" WIDTH="9" HEIGHT="20" WC="0.96" CONTENT="i"/><SP WIDTH="19" VPOS="589" HPOS="441"/>
							<String ID="string_89" HPOS="460" VPOS="589" WIDTH="14" HEIGHT="21" WC="0.95" CONTENT="5"/><SP WIDTH="20" VPOS="589" HPOS="474"/>
							<String ID="string_90" HPOS="494" VPOS="589" WIDTH="52" HEIGHT="28" WC="0.96" CONTENT="kap."/><SP WIDTH="21" VPOS="589" HPOS="546"/>
							<String ID="string_91" HPOS="567" VPOS="589" WIDTH="30" HEIGHT="21" WC="0.90" CONTENT="51"/><SP WIDTH="15" VPOS="589" HPOS="597"/>
							<String ID="string_92" HPOS="612" VPOS="589" WIDTH="13" HEIGHT="26" WC="0.90" CONTENT="$"/><SP WIDTH="14" VPOS="589" HPOS="625"/>
							<String ID="string_93" HPOS="639" VPOS="588" WIDTH="217" HEIGHT="29" WC="0.90" CONTENT="Utsökningslagen"/><SP WIDTH="18" VPOS="588" HPOS="856"/>
							<String ID="string_94" HPOS="874" VPOS="587" WIDTH="59" HEIGHT="22" WC="0.91" CONTENT="före-"/>
						</TextLine>
						<TextLine ID="line_13" HPOS="176" VPOS="621" WIDTH="757" HEIGHT="30">
							<String ID="string_95" HPOS="176" VPOS="623" WIDTH="107" HEIGHT="28" WC="0.92" CONTENT="skrifves,"/><SP WIDTH="19" VPOS="623" HPOS="283"/>
							<String ID="string_96" HPOS="302" VPOS="623" WIDTH="144" HEIGHT="28" WC="0.96" CONTENT="inteckning,"/><SP WIDTH="14" VPOS="623" HPOS="446"/>
							<String ID="string_97" HPOS="460" VPOS="630" WIDTH="49" HEIGHT="14" WC="0.96" CONTENT="som"/><SP WIDTH="17" VPOS="630" HPOS="509"/>
							<String ID="string_98" HPOS="526" VPOS="623" WIDTH="105" HEIGHT="28" WC="0.94" CONTENT="förfallit,"/><SP WIDTH="14" VPOS="623" HPOS="631"/>
							<String ID="string_99" HPOS="645" VPOS="623" WIDTH="100" HEIGHT="22" WC="0.96" CONTENT="anmälts"/><SP WIDTH="19" VPOS="623" HPOS="745"/>
							<String ID="string_100" HPOS="764" VPOS="622" WIDTH="37" HEIGHT="22" WC="0.96" CONTENT="till"/><SP WIDTH="18" VPOS="622" HPOS="801"/>
							<String ID="string_101" HPOS="819" VPOS="621" WIDTH="114" HEIGHT="27" WC="0.96" CONTENT="dödande,"/>
						</TextLine>
						<TextLine ID="line_14" HPOS="176" VPOS="653" WIDTH="756" HEIGHT="33">
							<String ID="string_102" HPOS="176" VPOS="657" WIDTH="123" HEIGHT="22" WC="0.92" CONTENT="ankomme"/><SP WIDTH="28" VPOS="657" HPOS="299"/>
							<String ID="string_103" HPOS="327" VPOS="657" WIDTH="12" HEIGHT="21" WC="0.85" CONTENT="ä"/><SP WIDTH="27" VPOS="657" HPOS="339"/>
							<String ID="string_104" HPOS="366" VPOS="659" WIDTH="76" HEIGHT="20" WC="0.96" CONTENT="rätten"/><SP WIDTH="25" VPOS="659" HPOS="442"/>
							<String ID="string_105" HPOS="467" VPOS="659" WIDTH="35" HEIGHT="20" WC="0.96" CONTENT="att"/><SP WIDTH="21" VPOS="659" HPOS="502"/>
							<String ID="string_106" HPOS="523" VPOS="657" WIDTH="83" HEIGHT="29" WC="0.96" CONTENT="åtgärd"/><SP WIDTH="19" VPOS="657" HPOS="606"/>
							<String ID="string_107" HPOS="625" VPOS="657" WIDTH="78" HEIGHT="22" WC="0.96" CONTENT="derom"/><SP WIDTH="18" VPOS="657" HPOS="703"/>
							<String ID="string_108" HPOS="721" VPOS="656" WIDTH="104" HEIGHT="29" WC="0.96" CONTENT="vidtaga."/><SP WIDTH="36" VPOS="656" HPOS="825"/>
							<String ID="string_109" HPOS="861" VPOS="653" WIDTH="33" HEIGHT="24" WC="0.96" CONTENT="Är"/><SP WIDTH="18" VPOS="653" HPOS="894"/>
							<String ID="string_110" HPOS="912" VPOS="655" WIDTH="20" HEIGHT="29" WC="0.96" CONTENT="ej"/>
						</TextLine>
						<TextLine ID="line_15" HPOS="176" VPOS="690" WIDTH="758" HEIGHT="30">
							<String ID="string_111" HPOS="176" VPOS="691" WIDTH="297" HEIGHT="29" WC="0.90" CONTENT="inteckningshandlingen"/><SP WIDTH="24" VPOS="691" HPOS="473"/>
							<String ID="string_112" HPOS="497" VPOS="692" WIDTH="8" HEIGHT="21" WC="0.93" CONTENT="i"/><SP WIDTH="23" VPOS="692" HPOS="505"/>
							<String ID="string_113" HPOS="528" VPOS="691" WIDTH="160" HEIGHT="23" WC="0.91" CONTENT="hufvudskrift"/><SP WIDTH="21" VPOS="691" HPOS="688"/>
							<String ID="string_114" HPOS="709" VPOS="691" WIDTH="38" HEIGHT="22" WC="0.96" CONTENT="till"/><SP WIDTH="17" VPOS="691" HPOS="747"/>
							<String ID="string_115" HPOS="764" VPOS="693" WIDTH="78" HEIGHT="20" WC="0.93" CONTENT="rätten"/><SP WIDTH="19" VPOS="693" HPOS="842"/>
							<String ID="string_116" HPOS="861" VPOS="690" WIDTH="73" HEIGHT="22" WC="0.92" CONTENT="öfver-"/>
						</TextLine>
						<TextLine ID="line_16" HPOS="175" VPOS="724" WIDTH="759" HEIGHT="31">
							<String ID="string_117" HPOS="175" VPOS="725" WIDTH="102" HEIGHT="28" WC="0.92" CONTENT="lemnad,"/><SP WIDTH="18" VPOS="725" HPOS="277"/>
							<String ID="string_118" HPOS="295" VPOS="726" WIDTH="119" HEIGHT="29" WC="0.92" CONTENT="förelägge"/><SP WIDTH="27" VPOS="726" HPOS="414"/>
							<String ID="string_119" HPOS="441" VPOS="728" WIDTH="77" HEIGHT="19" WC="0.96" CONTENT="rätten"/><SP WIDTH="27" VPOS="728" HPOS="518"/>
							<String ID="string_120" HPOS="545" VPOS="733" WIDTH="83" HEIGHT="22" WC="0.96" CONTENT="genom"/><SP WIDTH="27" VPOS="733" HPOS="628"/>
							<String ID="string_121" HPOS="655" VPOS="726" WIDTH="147" HEIGHT="28" WC="0.95" CONTENT="kungörelse,"/><SP WIDTH="18" VPOS="726" HPOS="802"/>
							<String ID="string_122" HPOS="820" VPOS="732" WIDTH="49" HEIGHT="15" WC="0.95" CONTENT="som"/><SP WIDTH="23" VPOS="732" HPOS="869"/>
							<String ID="string_123" HPOS="892" VPOS="724" WIDTH="42" HEIGHT="22" WC="0.95" CONTENT="bör"/>
						</TextLine>
						<TextLine ID="line_17" HPOS="175" VPOS="759" WIDTH="758" HEIGHT="30">
							<String ID="string_124" HPOS="175" VPOS="760" WIDTH="90" HEIGHT="22" WC="0.96" CONTENT="införas"/><SP WIDTH="24" VPOS="760" HPOS="265"/>
							<String ID="string_125" HPOS="289" VPOS="763" WIDTH="35" HEIGHT="19" WC="0.96" CONTENT="tre"/><SP WIDTH="21" VPOS="763" HPOS="324"/>
							<String ID="string_126" HPOS="345" VPOS="761" WIDTH="87" HEIGHT="28" WC="0.96" CONTENT="gånger"/><SP WIDTH="18" VPOS="761" HPOS="432"/>
							<String ID="string_127" HPOS="450" VPOS="761" WIDTH="9" HEIGHT="21" WC="0.96" CONTENT="i"/><SP WIDTH="18" VPOS="761" HPOS="459"/>
							<String ID="string_128" HPOS="477" VPOS="760" WIDTH="118" HEIGHT="22" WC="0.96" CONTENT="allmänna"/><SP WIDTH="18" VPOS="760" HPOS="595"/>
							<String ID="string_129" HPOS="613" VPOS="760" WIDTH="158" HEIGHT="29" WC="0.96" CONTENT="tidningarna,"/><SP WIDTH="19" VPOS="760" HPOS="771"/>
							<String ID="string_130" HPOS="790" VPOS="760" WIDTH="71" HEIGHT="21" WC="0.93" CONTENT="minst"/><SP WIDTH="18" VPOS="760" HPOS="861"/>
							<String ID="string_131" HPOS="879" VPOS="759" WIDTH="54" HEIGHT="28" WC="0.91" CONTENT="fjor-"/>
						</TextLine>
						<TextLine ID="line_18" HPOS="176" VPOS="795" WIDTH="757" HEIGHT="29">
							<String ID="string_132" HPOS="176" VPOS="797" WIDTH="41" HEIGHT="19" WC="0.96" CONTENT="ton"/><SP WIDTH="19" VPOS="797" HPOS="217"/>
							<String ID="string_133" HPOS="236" VPOS="795" WIDTH="75" HEIGHT="28" WC="0.96" CONTENT="dagar"/><SP WIDTH="17" VPOS="795" HPOS="311"/>
							<String ID="string_134" HPOS="328" VPOS="795" WIDTH="85" HEIGHT="22" WC="0.96" CONTENT="mellan"/><SP WIDTH="18" VPOS="795" HPOS="413"/>
							<String ID="string_135" HPOS="431" VPOS="795" WIDTH="81" HEIGHT="28" WC="0.96" CONTENT="hvarje"/><SP WIDTH="17" VPOS="795" HPOS="512"/>
							<String ID="string_136" HPOS="529" VPOS="796" WIDTH="70" HEIGHT="28" WC="0.93" CONTENT="gång,"/><SP WIDTH="13" VPOS="796" HPOS="599"/>
							<String ID="string_137" HPOS="612" VPOS="795" WIDTH="264" HEIGHT="28" WC="0.63" CONTENT="inteckningshatvaren"/><SP WIDTH="15" VPOS="795" HPOS="876"/>
							<String ID="string_138" HPOS="891" VPOS="795" WIDTH="42" HEIGHT="26" WC="0.91" CONTENT="att,"/>
						</TextLine>
						<TextLine ID="line_19" HPOS="176" VPOS="828" WIDTH="756" HEIGHT="30">
							<String ID="string_139" HPOS="176" VPOS="837" WIDTH="37" HEIGHT="14" WC="0.96" CONTENT="om"/><SP WIDTH="18" VPOS="837" HPOS="213"/>
							<String ID="string_140" HPOS="231" VPOS="829" WIDTH="48" HEIGHT="22" WC="0.96" CONTENT="han"/><SP WIDTH="18" VPOS="829" HPOS="279"/>
							<String ID="string_141" HPOS="297" VPOS="831" WIDTH="49" HEIGHT="20" WC="0.92" CONTENT="mot"/><SP WIDTH="20" VPOS="831" HPOS="346"/>
							<String ID="string_142" HPOS="366" VPOS="829" WIDTH="180" HEIGHT="29" WC="0.92" CONTENT="inteckningens"/><SP WIDTH="18" VPOS="829" HPOS="546"/>
							<String ID="string_143" HPOS="564" VPOS="829" WIDTH="106" HEIGHT="22" WC="0.96" CONTENT="dödande"/><SP WIDTH="19" VPOS="829" HPOS="670"/>
							<String ID="string_144" HPOS="689" VPOS="828" WIDTH="43" HEIGHT="23" WC="0.96" CONTENT="har"/><SP WIDTH="17" VPOS="828" HPOS="732"/>
							<String ID="string_145" HPOS="749" VPOS="829" WIDTH="74" HEIGHT="28" WC="0.96" CONTENT="något"/><SP WIDTH="18" VPOS="829" HPOS="823"/>
							<String ID="string_146" HPOS="841" VPOS="830" WIDTH="34" HEIGHT="19" WC="0.93" CONTENT="att"/><SP WIDTH="17" VPOS="830" HPOS="875"/>
							<String ID="string_147" HPOS="892" VPOS="828" WIDTH="40" HEIGHT="29" WC="0.92" CONTENT="på-"/>
						</TextLine>
						<TextLine ID="line_20" HPOS="175" VPOS="862" WIDTH="757" HEIGHT="31">
							<String ID="string_148" HPOS="175" VPOS="863" WIDTH="87" HEIGHT="28" WC="0.90" CONTENT="minna,"/><SP WIDTH="14" VPOS="863" HPOS="262"/>
							<String ID="string_149" HPOS="276" VPOS="863" WIDTH="84" HEIGHT="23" WC="0.96" CONTENT="sådant"/><SP WIDTH="17" VPOS="863" HPOS="360"/>
							<String ID="string_150" HPOS="377" VPOS="864" WIDTH="41" HEIGHT="21" WC="0.96" CONTENT="hos"/><SP WIDTH="19" VPOS="864" HPOS="418"/>
							<String ID="string_151" HPOS="437" VPOS="866" WIDTH="77" HEIGHT="19" WC="0.96" CONTENT="rätten"/><SP WIDTH="19" VPOS="866" HPOS="514"/>
							<String ID="string_152" HPOS="533" VPOS="864" WIDTH="99" HEIGHT="27" WC="0.96" CONTENT="anmäla,"/><SP WIDTH="14" VPOS="864" HPOS="632"/>
							<String ID="string_153" HPOS="646" VPOS="865" WIDTH="30" HEIGHT="28" WC="0.96" CONTENT="på"/><SP WIDTH="12" VPOS="865" HPOS="676"/>
							<String ID="string_154" HPOS="688" VPOS="863" WIDTH="81" HEIGHT="22" WC="0.96" CONTENT="landet"/><SP WIDTH="12" VPOS="863" HPOS="769"/>
							<String ID="string_155" HPOS="781" VPOS="863" WIDTH="42" HEIGHT="22" WC="0.93" CONTENT="sist"/><SP WIDTH="12" VPOS="863" HPOS="823"/>
							<String ID="string_156" HPOS="835" VPOS="863" WIDTH="14" HEIGHT="22" WC="0.92" CONTENT="å"/><SP WIDTH="12" VPOS="863" HPOS="849"/>
							<String ID="string_157" HPOS="861" VPOS="862" WIDTH="71" HEIGHT="22" WC="0.96" CONTENT="första"/>
						</TextLine>
						<TextLine ID="line_21" HPOS="174" VPOS="897" WIDTH="758" HEIGHT="30">
							<String ID="string_158" HPOS="174" VPOS="898" WIDTH="215" HEIGHT="29" WC="0.96" CONTENT="rättegångsdagen"/><SP WIDTH="19" VPOS="898" HPOS="389"/>
							<String ID="string_159" HPOS="408" VPOS="898" WIDTH="23" HEIGHT="22" WC="0.96" CONTENT="af"/><SP WIDTH="18" VPOS="898" HPOS="431"/>
							<String ID="string_160" HPOS="449" VPOS="898" WIDTH="40" HEIGHT="22" WC="0.96" CONTENT="det"/><SP WIDTH="17" VPOS="898" HPOS="489"/>
							<String ID="string_161" HPOS="506" VPOS="899" WIDTH="59" HEIGHT="28" WC="0.95" CONTENT="ting,"/><SP WIDTH="13" VPOS="899" HPOS="565"/>
							<String ID="string_162" HPOS="578" VPOS="906" WIDTH="49" HEIGHT="14" WC="0.96" CONTENT="som"/><SP WIDTH="18" VPOS="906" HPOS="627"/>
							<String ID="string_163" HPOS="645" VPOS="898" WIDTH="94" HEIGHT="22" WC="0.96" CONTENT="infaller"/><SP WIDTH="16" VPOS="898" HPOS="739"/>
							<String ID="string_164" HPOS="755" VPOS="900" WIDTH="55" HEIGHT="19" WC="0.96" CONTENT="näst"/><SP WIDTH="12" VPOS="900" HPOS="810"/>
							<String ID="string_165" HPOS="822" VPOS="897" WIDTH="58" HEIGHT="22" WC="0.96" CONTENT="efter"/><SP WIDTH="12" VPOS="897" HPOS="880"/>
							<String ID="string_166" HPOS="892" VPOS="897" WIDTH="40" HEIGHT="21" WC="0.96" CONTENT="två"/>
						</TextLine>
						<TextLine ID="line_22" HPOS="175" VPOS="931" WIDTH="757" HEIGHT="30">
							<String ID="string_167" HPOS="175" VPOS="932" WIDTH="112" HEIGHT="22" WC="0.96" CONTENT="månader"/><SP WIDTH="26" VPOS="932" HPOS="287"/>
							<String ID="string_168" HPOS="313" VPOS="933" WIDTH="52" HEIGHT="21" WC="0.96" CONTENT="från"/><SP WIDTH="27" VPOS="933" HPOS="365"/>
							<String ID="string_169" HPOS="392" VPOS="933" WIDTH="57" HEIGHT="21" WC="0.93" CONTENT="sista"/><SP WIDTH="22" VPOS="933" HPOS="449"/>
							<String ID="string_170" HPOS="471" VPOS="933" WIDTH="221" HEIGHT="28" WC="0.91" CONTENT="kungörelsedagen,"/><SP WIDTH="20" VPOS="933" HPOS="692"/>
							<String ID="string_171" HPOS="712" VPOS="933" WIDTH="44" HEIGHT="21" WC="0.96" CONTENT="och"/><SP WIDTH="18" VPOS="933" HPOS="756"/>
							<String ID="string_172" HPOS="774" VPOS="932" WIDTH="9" HEIGHT="21" WC="0.97" CONTENT="i"/><SP WIDTH="17" VPOS="932" HPOS="783"/>
							<String ID="string_173" HPOS="800" VPOS="931" WIDTH="52" HEIGHT="22" WC="0.96" CONTENT="stad"/><SP WIDTH="18" VPOS="931" HPOS="852"/>
							<String ID="string_174" HPOS="870" VPOS="931" WIDTH="62" HEIGHT="22" WC="0.96" CONTENT="inom"/>
						</TextLine>
						<TextLine ID="line_23" HPOS="174" VPOS="966" WIDTH="758" HEIGHT="30">
							<String ID="string_175" HPOS="174" VPOS="967" WIDTH="41" HEIGHT="22" WC="0.96" CONTENT="två"/><SP WIDTH="26" VPOS="967" HPOS="215"/>
							<String ID="string_176" HPOS="241" VPOS="967" WIDTH="113" HEIGHT="22" WC="0.96" CONTENT="månader"/><SP WIDTH="24" VPOS="967" HPOS="354"/>
							<String ID="string_177" HPOS="378" VPOS="967" WIDTH="53" HEIGHT="22" WC="0.96" CONTENT="från"/><SP WIDTH="27" VPOS="967" HPOS="431"/>
							<String ID="string_178" HPOS="458" VPOS="975" WIDTH="87" HEIGHT="14" WC="0.95" CONTENT="samma"/><SP WIDTH="22" VPOS="975" HPOS="545"/>
							<String ID="string_179" HPOS="567" VPOS="967" WIDTH="53" HEIGHT="29" WC="0.93" CONTENT="dag."/><SP WIDTH="37" VPOS="967" HPOS="620"/>
							<String ID="string_180" HPOS="657" VPOS="967" WIDTH="72" HEIGHT="22" WC="0.89" CONTENT="Göres"/><SP WIDTH="20" VPOS="967" HPOS="729"/>
							<String ID="string_181" HPOS="749" VPOS="967" WIDTH="20" HEIGHT="28" WC="0.96" CONTENT="ej"/><SP WIDTH="20" VPOS="967" HPOS="769"/>
							<String ID="string_182" HPOS="789" VPOS="966" WIDTH="143" HEIGHT="29" WC="0.95" CONTENT="påminnelse"/>
						</TextLine>
						<TextLine ID="line_24" HPOS="174" VPOS="1000" WIDTH="758" HEIGHT="31">
							<String ID="string_183" HPOS="174" VPOS="1001" WIDTH="63" HEIGHT="22" WC="0.96" CONTENT="inom"/><SP WIDTH="20" VPOS="1001" HPOS="237"/>
							<String ID="string_184" HPOS="257" VPOS="1001" WIDTH="46" HEIGHT="22" WC="0.95" CONTENT="den"/><SP WIDTH="18" VPOS="1001" HPOS="303"/>
							<String ID="string_185" HPOS="321" VPOS="1003" WIDTH="89" HEIGHT="20" WC="0.96" CONTENT="utsatta"/><SP WIDTH="17" VPOS="1003" HPOS="410"/>
							<String ID="string_186" HPOS="427" VPOS="1001" WIDTH="72" HEIGHT="28" WC="0.96" CONTENT="tiden,"/><SP WIDTH="14" VPOS="1001" HPOS="499"/>
							<String ID="string_187" HPOS="513" VPOS="1002" WIDTH="56" HEIGHT="21" WC="0.96" CONTENT="eller"/><SP WIDTH="18" VPOS="1002" HPOS="569"/>
							<String ID="string_188" HPOS="587" VPOS="1001" WIDTH="84" HEIGHT="30" WC="0.96" CONTENT="ogillar"/><SP WIDTH="17" VPOS="1001" HPOS="671"/>
							<String ID="string_189" HPOS="688" VPOS="1003" WIDTH="78" HEIGHT="20" WC="0.96" CONTENT="rätten"/><SP WIDTH="16" VPOS="1003" HPOS="766"/>
							<String ID="string_190" HPOS="782" VPOS="1000" WIDTH="150" HEIGHT="30" WC="0.96" CONTENT="påminnelse,"/>
						</TextLine>
						<TextLine ID="line_25" HPOS="175" VPOS="1034" WIDTH="757" HEIGHT="31">
							<String ID="string_191" HPOS="175" VPOS="1043" WIDTH="48" HEIGHT="14" WC="0.96" CONTENT="som"/><SP WIDTH="28" VPOS="1043" HPOS="223"/>
							<String ID="string_192" HPOS="251" VPOS="1036" WIDTH="80" HEIGHT="21" WC="0.90" CONTENT="blifvit"/><SP WIDTH="26" VPOS="1036" HPOS="331"/>
							<String ID="string_193" HPOS="357" VPOS="1036" WIDTH="74" HEIGHT="29" WC="0.96" CONTENT="gjord,"/><SP WIDTH="18" VPOS="1036" HPOS="431"/>
							<String ID="string_194" HPOS="449" VPOS="1036" WIDTH="72" HEIGHT="22" WC="0.93" CONTENT="varde"/><SP WIDTH="27" VPOS="1036" HPOS="521"/>
							<String ID="string_195" HPOS="548" VPOS="1037" WIDTH="169" HEIGHT="28" WC="0.92" CONTENT="inteckningen"/><SP WIDTH="19" VPOS="1037" HPOS="717"/>
							<String ID="string_196" HPOS="736" VPOS="1035" WIDTH="77" HEIGHT="22" WC="0.96" CONTENT="dödad"/><SP WIDTH="20" VPOS="1035" HPOS="813"/>
							<String ID="string_197" HPOS="833" VPOS="1035" WIDTH="43" HEIGHT="22" WC="0.93" CONTENT="och"/><SP WIDTH="17" VPOS="1035" HPOS="876"/>
							<String ID="string_198" HPOS="893" VPOS="1034" WIDTH="39" HEIGHT="22" WC="0.93" CONTENT="be-"/>
						</TextLine>
						<TextLine ID="line_26" HPOS="175" VPOS="1070" WIDTH="757" HEIGHT="29">
							<String ID="string_199" HPOS="175" VPOS="1070" WIDTH="72" HEIGHT="22" WC="0.96" CONTENT="slutet"/><SP WIDTH="18" VPOS="1070" HPOS="247"/>
							<String ID="string_200" HPOS="265" VPOS="1078" WIDTH="84" HEIGHT="21" WC="0.96" CONTENT="genom"/><SP WIDTH="18" VPOS="1078" HPOS="349"/>
							<String ID="string_201" HPOS="367" VPOS="1073" WIDTH="89" HEIGHT="19" WC="0.96" CONTENT="rättens"/><SP WIDTH="18" VPOS="1073" HPOS="456"/>
							<String ID="string_202" HPOS="474" VPOS="1071" WIDTH="89" HEIGHT="28" WC="0.96" CONTENT="försorg"/><SP WIDTH="12" VPOS="1071" HPOS="563"/>
							<String ID="string_203" HPOS="575" VPOS="1071" WIDTH="8" HEIGHT="21" WC="0.95" CONTENT="i"/><SP WIDTH="13" VPOS="1071" HPOS="583"/>
							<String ID="string_204" HPOS="596" VPOS="1071" WIDTH="118" HEIGHT="22" WC="0.96" CONTENT="allmänna"/><SP WIDTH="19" VPOS="1071" HPOS="714"/>
							<String ID="string_205" HPOS="733" VPOS="1070" WIDTH="151" HEIGHT="29" WC="0.95" CONTENT="tidningarna"/><SP WIDTH="12" VPOS="1070" HPOS="884"/>
							<String ID="string_206" HPOS="896" VPOS="1071" WIDTH="36" HEIGHT="19" WC="0.95" CONTENT="tre"/>
						</TextLine>
						<TextLine ID="line_27" HPOS="173" VPOS="1104" WIDTH="759" HEIGHT="30">
							<String ID="string_207" HPOS="173" VPOS="1105" WIDTH="92" HEIGHT="28" WC="0.93" CONTENT="gånger"/><SP WIDTH="26" VPOS="1105" HPOS="265"/>
							<String ID="string_208" HPOS="291" VPOS="1105" WIDTH="135" HEIGHT="29" WC="0.91" CONTENT="kungjordt."/><SP WIDTH="36" VPOS="1105" HPOS="426"/>
							<String ID="string_209" HPOS="462" VPOS="1105" WIDTH="138" HEIGHT="22" WC="0.88" CONTENT="Kostnaden"/><SP WIDTH="22" VPOS="1105" HPOS="600"/>
							<String ID="string_210" HPOS="622" VPOS="1105" WIDTH="36" HEIGHT="22" WC="0.96" CONTENT="för"/><SP WIDTH="21" VPOS="1105" HPOS="658"/>
							<String ID="string_211" HPOS="679" VPOS="1105" WIDTH="42" HEIGHT="22" WC="0.96" CONTENT="här"/><SP WIDTH="19" VPOS="1105" HPOS="721"/>
							<String ID="string_212" HPOS="740" VPOS="1104" WIDTH="85" HEIGHT="23" WC="0.93" CONTENT="nämda"/><SP WIDTH="18" VPOS="1104" HPOS="825"/>
							<String ID="string_213" HPOS="843" VPOS="1104" WIDTH="89" HEIGHT="28" WC="0.92" CONTENT="kungö-"/>
						</TextLine>
						<TextLine ID="line_28" HPOS="174" VPOS="1139" WIDTH="527" HEIGHT="29">
							<String ID="string_214" HPOS="174" VPOS="1139" WIDTH="71" HEIGHT="22" WC="0.92" CONTENT="relser"/><SP WIDTH="20" VPOS="1139" HPOS="245"/>
							<String ID="string_215" HPOS="265" VPOS="1139" WIDTH="60" HEIGHT="22" WC="0.96" CONTENT="skall"/><SP WIDTH="19" VPOS="1139" HPOS="325"/>
							<String ID="string_216" HPOS="344" VPOS="1139" WIDTH="22" HEIGHT="22" WC="0.93" CONTENT="af"/><SP WIDTH="17" VPOS="1139" HPOS="366"/>
							<String ID="string_217" HPOS="383" VPOS="1139" WIDTH="211" HEIGHT="29" WC="0.91" CONTENT="fastighetsegaren"/><SP WIDTH="18" VPOS="1139" HPOS="594"/>
							<String ID="string_218" HPOS="612" VPOS="1139" WIDTH="89" HEIGHT="29" WC="0.91" CONTENT="gäldas."/>
						</TextLine>
					</TextBlock>
				</ComposedBlock>
				<ComposedBlock ID="cblock_2" HPOS="244" VPOS="1208" WIDTH="446" HEIGHT="22">
					<TextBlock ID="block_4" HPOS="244" VPOS="1208" WIDTH="446" HEIGHT="22">
						<TextLine ID="line_29" HPOS="244" VPOS="1208" WIDTH="446" HEIGHT="22">
							<String ID="string_219" HPOS="244" VPOS="1208" WIDTH="114" HEIGHT="22" WC="0.93" CONTENT="Finlands"/><SP WIDTH="20" VPOS="1208" HPOS="358"/>
							<String ID="string_220" HPOS="378" VPOS="1208" WIDTH="100" HEIGHT="22" WC="0.92" CONTENT="Ständer"/><SP WIDTH="18" VPOS="1208" HPOS="478"/>
							<String ID="string_221" HPOS="496" VPOS="1208" WIDTH="132" HEIGHT="22" WC="0.92" CONTENT="framhärda"/><SP WIDTH="18" VPOS="1208" HPOS="628"/>
							<String ID="string_222" HPOS="646" VPOS="1211" WIDTH="44" HEIGHT="19" WC="0.95" CONTENT="etc."/>
						</TextLine>
					</TextBlock>
				</ComposedBlock>
				<ComposedBlock ID="cblock_3" HPOS="243" VPOS="1277" WIDTH="431" HEIGHT="29">
					<TextBlock ID="block_5" HPOS="243" VPOS="1277" WIDTH="431" HEIGHT="29">
						<TextLine ID="line_30" HPOS="243" VPOS="1277" WIDTH="431" HEIGHT="29">
							<String ID="string_223" HPOS="243" VPOS="1277" WIDTH="155" HEIGHT="29" WC="0.96" CONTENT="Helsingfors,"/><SP WIDTH="20" VPOS="1277" HPOS="398"/>
							<String ID="string_224" HPOS="418" VPOS="1277" WIDTH="44" HEIGHT="22" WC="0.96" CONTENT="den"/><SP WIDTH="20" VPOS="1277" HPOS="462"/>
							<String ID="string_225" HPOS="482" VPOS="1278" WIDTH="31" HEIGHT="21" WC="0.94" CONTENT="25"/><SP WIDTH="19" VPOS="1278" HPOS="513"/>
							<String ID="string_226" HPOS="532" VPOS="1278" WIDTH="47" HEIGHT="28" WC="0.96" CONTENT="Maj"/><SP WIDTH="23" VPOS="1278" HPOS="579"/>
							<String ID="string_227" HPOS="602" VPOS="1277" WIDTH="72" HEIGHT="22" WC="0.96" CONTENT="1900."/>
						</TextLine>
					</TextBlock>
				</ComposedBlock>
			</PrintSpace>
		</Page>
	</Layout>
</alto>
