1061 1631
41 243 66 28 Prop.
125 244 42 21 N:o

69 281 24 19 15
111 279 12 28 8
141 282 18 18 7.

41 386 66 29 Prop.
125 387 43 21 N:o

42 424 26 19 15
80 422 14 29 $
102 418 10 37 8
131 424 38 27 (9).

41 457 67 29 Prop.
124 458 43 22 N:o

69 496 27 19 15
113 494 13 28 $
143 497 12 18 9

60 537 67 14 mom.
146 533 18 18 1.

40 565 67 28 Prop.
125 566 43 21 N:o

72 603 26 19 15
115 602 14 28 $
145 604 12 19 9

63 644 67 14 mom.
148 640 13 19 2

79 674 21 26 6
117 673 28 28 &.

215 109 13 19 6
399 106 29 22 U.
444 106 26 23 B.
488 119 25 3 —
531 106 73 29 Prop.
619 106 46 24 N:o
681 106 36 23 39.

184 172 146 29 Borgerskap
342 173 42 21 och
397 172 118 27 Städerne,
526 173 42 21 har
578 173 103 22 deremot
691 175 87 20 ansetts
787 173 151 29 öiverfiodigi

185 209 43 20 och
244 208 61 29 förty
323 209 137 21 utelemnats
476 216 28 13 ur
519 209 130 22 Utskottets
666 209 92 28 förslag.

257 246 11 19 7
286 245 13 28 8
317 247 10 18 1
345 251 63 22 prop.
425 244 127 21 innehåller
568 245 28 20 de
612 244 8 21 i
638 247 34 18 12:
689 247 13 18 4
717 245 22 22 J.
754 245 27 20 B.
797 245 141 28 förefintliga

183 280 118 28 lagbuden
319 288 37 13 om
375 280 138 29 tillandning
529 281 43 20 och
588 280 129 22 flottholme
734 281 43 21 och
792 281 47 25 har,
857 281 29 21 dä
904 283 32 19 12:

185 318 13 19 4
218 316 22 21 J.
263 316 27 21 B.
312 316 98 21 lemnats
431 316 144 26 oförändrad,
596 316 111 29 gifvetvis
727 317 51 20 icke
798 317 115 28 upptagits
930 317 7 20 i

184 351 131 22 Utskottets
332 352 92 28 förslag.

257 390 13 19 8
291 388 14 29 S
325 388 9 21 i
354 395 64 21 prop.
440 390 127 19 motsvaras
585 388 23 21 af
624 390 12 19 9
653 389 14 28 8
683 388 8 21 i
707 388 130 21 Utskottets
854 368 83 49 lagför-

184 423 49 28 slag
249 424 44 21 och
309 424 125 21 behandlas
451 424 62 28 förty
528 424 79 28 längre
623 424 65 21 fram.

257 461 13 20 9
287 460 14 29 8
316 460 8 21 i
340 467 63 21 prop.
428 461 5 20 1
450 467 67 14 mom.
535 460 124 28 ätergifver
675 460 157 28 stadgandena
848 460 7 21 i
874 462 32 19 12:
924 462 12 19 6

184 495 21 21 J.
221 495 26 21 B.
266 496 44 21 och
325 496 41 21 har
381 497 29 27 på
426 495 56 26 skäl,
499 503 49 14 som
563 495 8 22 i
587 495 130 22 Utskottets
734 495 145 22 betänkande
894 496 42 21 N:o

184 533 13 18 3
214 531 144 26 framhållits,
374 531 144 22 utelemnats.

256 567 12 20 I
284 567 72 21 likhet
372 567 52 22 med
441 567 39 21 det
495 567 8 21 i
519 568 38 28 88
570 570 9 18 1
596 575 67 14 mom.
675 567 114 29 ingående
800 567 137 28 stadgandet

184 608 36 15 om
244 602 109 22 afvittrad
375 603 195 28 öfverloppsjords
587 605 44 19 rätt
647 603 35 21 till
698 606 79 18 vatten
793 603 60 21 afser
868 610 67 14 mom.

185 640 12 19 2
215 638 24 21 af
255 638 14 29 S
285 641 13 19 9
315 641 33 19 att
364 639 70 21 ordna
450 639 172 21 förhållandena
639 641 29 26 på
684 641 32 19 ett
727 639 24 21 af
761 639 175 28 lagstiftningen

184 673 84 22 hittills
286 674 51 21 icke
353 675 93 20 berördt
461 674 69 29 gebit.
562 675 69 21 Mom.
648 675 138 20 bestämmer
801 677 33 18 att
849 676 13 19 å
878 674 58 21 odis-

183 710 104 27 ponerad
309 710 124 28 kronojord
457 710 83 29 anlagd
563 711 31 28 by
616 710 65 26 skall,
699 711 75 20 derest
790 710 19 28 ej
828 710 40 21 vid
884 710 52 21 dess

184 745 139 28 afskiljande
347 746 142 21 annorlunda
512 746 160 26 föreskrifvits,
694 753 41 21 ega
752 745 67 22 andel
834 746 8 21 i
858 748 78 19 vatten

184 783 58 19 efter
266 789 87 14 samma
375 782 107 28 grunder,
507 789 49 14 som
579 782 8 21 i
609 783 124 20 allmänhet
756 782 60 27 gälla
839 781 36 22 för
897 782 38 26 by,

183 817 130 28 hvarjemte
332 817 36 22 till
386 817 157 28 befrämjande
559 817 23 22 af
598 817 147 22 fiskevården
761 817 130 22 särskildt
884 813 12 37 i
908 817 28 21 de

183 853 106 28 nordliga
313 853 131 21 laxförande
469 853 102 22 elfvarna
593 853 8 21 i
625 861 67 14 mom.
713 853 111 22 etableras
844 861 28 13 en
883 861 53 21 -pre-

184 888 100 22 sumtion
305 889 36 21 till
360 889 88 21 förmän
467 889 35 21 för
517 889 88 21 kronan
621 889 92 26 derhän,
731 891 33 19 att
780 889 27 21 de
824 889 40 21 vid
881 896 55 14 mar-

183 924 56 21 kens
265 925 139 28 upplåtande
427 925 36 20 till
483 925 133 28 bosättning
637 925 40 21 der
698 925 95 28 utlagda
808 925 127 30 frednings-

184 961 123 21 områdena
329 961 75 21 städse
426 961 43 21 och
485 961 128 21 oberoende
629 961 23 21 af
668 961 59 21 huru
743 961 169 28 byagränserna
928 961 8 20 i

183 996 72 28 öfrigt
270 997 126 28 gestaltade
413 997 36 28 sig
465 997 64 21 skola
545 1004 65 14 anses
628 997 147 28 undantagna
791 996 36 21 för
836 997 99 20 kronans

183 1032 106 29 räkning.

255 1069 83 22 Mom:s
359 1068 100 21 innehåll
481 1069 41 20 har
541 1069 119 21 Utskottet
679 1068 51 21 icke
746 1069 88 20 kunnat
850 1068 85 21 obetin-

182 1103 56 28 gadt
260 1103 128 29 godkänna.
420 1104 122 28 Uttrycket
559 1103 166 29 ,,odisponerad
741 1103 136 29 kronojord*
895 1104 40 21 har

182 1146 29 14 en
235 1141 26 19 så
283 1139 127 22 vidsträckt
429 1139 117 26 innebörd,
563 1141 33 19 att
617 1139 126 21 detsamma
763 1139 106 21 omfattar
884 1139 50 21 icke

182 1174 60 22 blott
258 1176 98 20 kronans
373 1178 63 18 utom
452 1175 146 29 bygdelagen
614 1175 98 29 belägna
728 1175 83 28 skogar
828 1175 42 21 och
884 1176 51 20 öde-

182 1211 98 26 marker,
304 1213 55 19 utan
383 1212 42 20 ock
450 1211 28 21 de
501 1211 63 21 inom
587 1211 147 29 bygdelagen
757 1211 50 21 från
831 1211 103 21 enskilda

181 1246 135 28 lägenheter
336 1247 103 21 afrösade
460 1247 159 28 skogsmarker
640 1249 58 19 samt
714 1254 84 21 genom
815 1246 119 29 afvittring

182 1282 129 22 tillkomma
335 1282 213 29 öfverloppsjordar.
581 1283 60 21 Från
664 1282 110 22 afvittrad
795 1282 139 29 öfverlopps-

179 1317 53 29 jord
258 1318 64 21 torde
346 1318 126 21 emellertid
495 1318 64 21 mark
580 1318 50 21 icke
647 1318 104 28 afskiljas
768 1318 35 21 till
820 1318 60 21 skild
896 1318 38 28 by,

181 1356 57 19 utan
263 1354 28 21 de
315 1354 53 21 derå
387 1354 97 28 anlagda
500 1354 169 28 nyhemmanen
685 1354 82 21 räknas
784 1354 35 21 till
835 1354 44 21 den
896 1354 37 28 by,

181 1390 120 22 hvarifrån
324 1390 148 28 afvittringeu
494 1393 39 25 egt
549 1398 56 14 rum.
638 1390 43 22 Om
698 1390 125 22 emellertid
840 1390 94 28 nyhem-

259 1432 209 18 Vattenrättsutskottets
481 1432 116 18 betänkande
609 1432 35 18 N:o
657 1432 17 18 4.
