1061 1631
334 142 29 22 T.
379 143 27 21 B.
425 155 23 3 —
466 143 74 28 Prop.
556 143 40 22 N:o
613 142 35 22 44.
844 144 25 19 13

466 213 13 25 8
494 213 20 20 9.

185 259 17 20 1.
233 257 179 27 Näringsidkare
430 257 7 21 i
453 257 177 28 Kejsaredömet,
647 258 35 20 för
696 257 94 21 hvilken
806 264 65 14 varu-

114 292 79 21 märke
217 292 116 21 derstädes
353 292 123 26 behörigen
494 292 170 27 inregistrerats,
680 292 141 20 tillkommer
836 292 35 20 för

115 326 81 21 sädant
208 326 138 21 varumärke
357 326 122 28 enahanda
492 327 43 20 rätt
545 326 34 21 till
592 326 143 26 registrering
746 326 6 21 i
764 325 106 27 Finland,

115 367 50 14 som
181 360 117 27 angäende
314 359 185 27 näringsidkares
515 360 6 21 i
538 360 100 21 Finland
653 360 138 21 varumärke
807 360 64 26 sagdt

115 395 30 20 är.
176 394 135 27 Ansökning
327 401 37 14 om
380 394 144 27 registrering
539 394 42 21 bör
597 395 39 20 ske
652 395 30 26 pä
698 395 44 20 sätt
753 395 43 20 och
809 394 7 21 i
827 394 43 21 den

115 429 104 26 ordning,
235 435 50 14 som
304 429 35 20 för
354 429 142 26 registrering
512 429 25 20 af
550 429 184 26 näringsidkares
750 429 7 20 i
773 428 98 21 Finland

115 463 137 20 varumärke
269 463 94 26 stadgad
380 464 31 25 är,
428 466 59 18 samt
498 463 91 27 ätföljas
600 463 24 21 af
633 463 121 26 utredning
765 470 38 14 om
815 464 57 19 mär-

115 497 50 21 kets
188 497 145 26 registrering
355 497 6 20 i
383 497 170 27 Kejsaredömet
576 498 88 26 (utfesl.).
697 497 86 21 Sådant
807 504 65 14 varu-

117 531 78 21 märke
218 532 59 20 skall
299 531 87 26 intagas
409 531 6 20 i
439 532 253 26 varumärkesregistret
715 531 6 21 i
745 531 44 21 den
805 532 66 23 form,

116 566 65 21 hvari
203 566 88 21 märket
314 565 73 21 blifvit
410 566 6 20 i
441 566 170 27 Kejsaredömet
634 566 149 27 registreradt,
799 567 73 20 derest

117 601 88 20 märket
227 601 114 26 uppfyller
363 600 37 21 det
425 601 1 20 i
454 602 5 19 4
486 601 4 26 $
511 608 70 13 mom.
598 602 9 19 1
625 601 108 26 stadgade
748 601 75 20 vilkor
837 601 36 20 för

117 635 149 26 registrering,
283 635 118 20 hvaremot
417 635 75 26 nägon
509 635 141 27 granskning
666 635 24 20 af
704 635 88 21 märket
804 635 68 27 enligt

117 669 202 27 bestämningarna
339 669 6 20 i
362 676 62 14 mom
440 671 56 19 2—6
512 670 25 20 af
550 676 89 15 samma
655 671 13 25 $
683 669 49 21 icke
748 675 51 21 eger
814 677 57 13 rum.

186 705 18 20 2.
237 703 177 27 Näringsidkare
431 704 6 21 i
453 704 144 23 främmande
614 704 61 27 land,
691 704 40 21 der
742 705 60 20 finsk
813 705 60 20 med-

117 738 94 27 borgare
235 738 98 27 ätnjuter
355 739 161 20 motsvarande
540 739 77 26 fördel,
639 739 46 20 kan
706 739 73 20 under
794 739 79 20 iaktta-

117 773 73 26 gande
215 773 25 20 af
261 773 28 20 de
312 772 35 21 för
369 773 154 20 varumärken
544 773 43 20 här
602 773 7 20 i
625 773 77 20 landet
717 773 105 26 gällande
837 773 36 21 be-

118 807 141 26 stämningar
281 813 81 20 genom
386 807 143 26 registrering
552 807 25 20 af
596 807 146 26 varumärke,
766 814 49 14 som
839 807 35 21 för

118 841 87 21 honom
229 841 60 21 förut
309 841 73 20 blifvit
398 841 96 27 lagligen
511 841 162 27 registreradt
666 837 12 36 i
689 841 37 21 det
741 841 71 21 andra
829 842 46 20 lan-

118 875 43 26 det,
177 875 69 21 vinna
267 875 74 27 skydd
364 875 35 21 för
413 876 138 20 varumärke
567 875 7 21 i
591 875 104 21 Finland.
725 876 85 30 (Utesl)
840 876 34 20 Då

119 910 130 26 ansökning
265 917 38 13 om
319 910 143 26 registrering
477 910 25 20 af
516 910 73 27 dylikt
605 910 118 21 utländskt
738 910 136 21 varumärke

119 945 58 26 sker,
193 944 42 21 bör
251 944 117 21 sökanden
382 944 33 21 till
429 944 211 27 Industristyrelsen
654 944 108 27 inlemna,
776 945 98 20 förutom

119 979 28 20 de
170 979 6 20 i
198 979 13 20 3
233 979 14 26 &
269 978 135 21 föreskrifna
425 979 281 26 ansökningshandlingar
721 979 43 20 och
781 979 94 26 stadgad

120 1012 226 27 registreringsafgift,
366 1012 85 27 jemväl
471 1013 104 26 behörigt
592 1013 62 20 bevis
670 1013 109 25 deröfver,
795 1015 31 18 att
841 1015 34 19 sö-

119 1047 91 21 kanden
227 1047 90 27 uppfylt
339 1047 27 20 de
382 1047 80 26 vilkor,
480 1054 49 14 som
546 1047 7 20 i
565 1047 186 26 märkesegarens
767 1047 108 21 hemland

120 1081 113 22 erfordras
250 1081 35 21 för
301 1083 32 19 att
347 1081 81 21 bereda
446 1081 75 28 skydd
537 1081 23 21 ät
575 1082 153 26 varumärket,
745 1084 60 19 samt
820 1089 55 20 upp-

120 1116 40 27 gift
182 1117 13 19 å
217 1118 31 19 ett
267 1116 42 20 här
330 1115 6 20 i
352 1115 77 21 landet
444 1115 76 21 bosatt
535 1115 95 26 ombud,
647 1123 51 14 som
713 1121 51 21 eger
779 1118 32 19 att
826 1116 49 20 här-

120 1150 76 21 städes
211 1150 13 21 å
241 1150 130 21 sökandens
384 1151 86 25 vägnar
486 1157 66 14 svara
568 1150 6 21 i
591 1150 46 27 allt,
653 1150 61 21 hvad
729 1150 146 21 varumärket

121 1185 76 27 angår.

189 1220 18 20 3.
242 1219 143 25 Varumärke,
408 1219 94 21 hvarom
524 1219 88 27 stadgas
628 1219 7 21 i
650 1219 72 21 denna
737 1219 22 27 $,
775 1219 101 27 skyddas

120 1253 49 21 icke
192 1254 43 20 här
254 1253 6 21 i
277 1254 77 20 landet
369 1254 7 20 i
392 1254 163 20 vidsträcktare
572 1254 53 20 mån
642 1254 54 20 eller
712 1253 72 21 under
799 1254 76 26 längre

121 1287 32 21 tid
170 1289 29 19 än
215 1288 7 20 i
239 1288 187 26 märkesegarens
442 1288 115 20 hemland.

463 1369 13 25 8
494 1369 32 19 13.

189 1419 124 21 Tvistemål
329 1420 117 26 angående
462 1420 137 20 varumärke
611 1422 110 24 upptages
734 1419 44 21 och
789 1419 88 26 afgöres

120 1454 25 21 af
158 1454 50 26 laga
224 1454 106 21 domstol.

189 1500 134 22 Lagutskottets
336 1499 111 18 betänkande
459 1499 38 18 N:o
511 1500 27 16 15.
