1061 1631
322 133 23 23 U.
362 134 22 21 B.
402 146 30 2 —
448 133 64 28 Prop.
529 133 36 23 N:o
581 133 39 23 30.
838 136 13 19 3

386 200 31 20 att
437 198 127 22 Ständerna
584 198 46 22 icke
647 199 45 20 låta
707 199 84 27 frågan
807 199 44 27 för-

313 234 64 27 falla,
402 235 57 20 utan
484 235 85 20 besluta
589 234 34 28 sig
642 234 36 27 för
695 234 115 22 anlitande
827 235 28 27 af

314 271 42 20 den
380 272 68 26 utväg
468 270 27 22 L.
513 270 24 22 0.
553 271 15 27 $
585 271 27 21 74
628 270 9 21 i
653 272 23 26 ty
691 270 42 28 fall
751 271 98 21 anvisar.

171 341 53 22 Med
243 341 110 22 afseende
370 341 13 22 å
400 341 140 29 spårvidden
556 341 36 22 för
607 341 46 22 den
669 341 67 28 bana,
753 341 97 23 hvilken

100 377 83 22 härvid
206 378 61 21 varit
287 377 132 29 ifrågasatt,
439 377 126 29 föreligger
581 377 133 22 äfvenledes
731 378 119 28 menings-

101 413 171 29 skiljaktighet,
289 414 65 21 utom
370 413 8 22 i
395 413 39 22 det
454 413 117 26 afseende,
589 414 34 21 att
640 413 111 28 samtliga
768 413 81 27 Stånd,

99 448 79 23 därest
194 448 119 29 Styrelsen
329 449 53 22 icke
399 448 72 23 funne
484 448 111 23 minskad
606 448 111 29 spårvidd
729 448 56 23 böra
796 449 53 22 ifrå-

99 484 134 29 gakomma,
251 484 125 29 medgifvit
388 484 167 23 användandet
567 484 24 23 af
601 484 101 23 normalt
712 485 61 28 spår.
794 485 55 22 Där-

99 521 62 22 emot
185 520 42 22 har
251 520 171 29 Ridderskapet
446 520 43 22 och
508 520 75 22 Adeln
599 520 140 29 visserligen
754 520 39 22 vid
812 520 37 23 be-

100 555 159 23 stämmandet
275 555 24 23 af
313 556 91 22 banans
415 556 159 22 totalkostnad
585 555 116 23 beräknat
711 555 139 23 densamma

100 591 59 23 efter
182 598 29 16 en
235 591 112 30 spårvidd
370 591 24 23 af
418 593 114 28 antingen
558 595 39 24 1,00
616 591 54 23 eller
691 595 40 23 0,75
747 598 31 20 m,
795 598 55 16 men

100 627 53 23 icke
173 627 62 23 velat
251 629 8 21 i
275 627 253 29 resolutionsförslaget
547 629 105 27 upptaga
667 628 48 21 viss
731 627 118 29 spärvidd,

101 663 43 22 och
168 663 43 22 har
231 663 92 29 jämväl
348 663 176 23 Presteständet
547 670 98 15 numera
664 664 56 21 utan
741 665 108 20 närmare

101 699 144 28 angifvande
262 699 25 22 af
303 699 140 29 spårvidden
460 699 120 28 samtyckt
595 699 34 22 till
646 700 35 21 att
696 699 79 34 banan
791 698 59 24 efter

100 734 130 29 Styrelsens
254 734 112 30 pröfning
388 735 50 22 kan
461 735 74 22 blifva
559 734 145 29 smalspärig.
736 735 21 22 A
777 734 73 23 andra

101 770 68 23 sidan
185 770 73 23 hafva
274 770 110 29 Borgare-
401 770 44 23 och
460 770 179 23 Bondeständen
655 770 35 23 för
701 770 76 23 denna
789 770 61 22 bana

100 805 108 23 vidhällit
231 810 41 23 0,
296 813 23 16 m
345 806 117 29 spårvidd,
487 806 43 23 och
550 806 78 22 stödes
648 806 64 22 detta
734 805 76 23 beslut
826 805 25 23 af

100 841 39 23 det
155 843 7 21 i
179 841 128 30 anledning
331 842 24 23 af
378 842 134 23 Utskottets
536 841 150 23 betänkande
709 841 42 23 N:o
767 845 13 18 2
800 841 49 22 vid-

100 877 143 23 kommande
266 878 136 22 Rovaniemi
426 877 80 23 banan
526 877 24 23 af
565 879 35 21 tre
616 877 74 23 Ständ
705 877 90 23 fattade
811 877 38 22 be-

101 913 72 22 slutet
189 920 38 15 om
244 913 146 29 nyssnämda
406 913 111 29 spårvidd
533 917 40 24 0,15
590 920 30 15 m.

174 949 47 22 Vid
237 948 85 23 sädant
337 949 145 23 förhällande
499 949 43 23 och
558 949 30 22 dä
604 950 34 21 ett
654 949 155 22 användande
826 949 25 22 af

100 985 86 22 tvenne
209 985 63 22 olika
295 985 63 22 olika
381 985 65 28 slags
470 985 71 22 smalt
560 985 54 29 spår
630 985 8 22 i
654 985 58 22 intet
727 985 42 22 fall
785 984 64 23 torde

99 1019 56 24 böra
178 1019 180 30 ifrägakomma,
383 1021 88 22 tilläter
494 1021 37 28 sig
554 1021 127 26 Utskottet,
700 1020 54 23 med
771 1019 78 23 äbero-

99 1056 77 29 pande
199 1056 25 23 af
247 1056 46 23 den
309 1057 8 22 i
334 1056 162 23 betänkandet
515 1056 66 29 gifna
600 1057 139 28 motivering
755 1055 94 23 föreslä:

386 1130 32 20 att
426 1128 130 28 Höglofliga
564 1128 163 27 Ridderskapet
733 1127 38 23 och
776 1127 73 22 Adeln

315 1166 58 20 samt
395 1164 139 28 Högvördige
557 1163 166 23 Presteständet
747 1164 34 21 till
803 1164 46 21 vin-

314 1200 73 21 nande
414 1200 28 27 af
463 1200 241 22 sammanstämmande
727 1200 70 21 beslut
816 1202 33 18 rö-

314 1236 70 21 rande
408 1236 135 27 spärvidden
569 1236 51 21 ville
642 1235 118 28 godkänna
777 1236 73 20 andra

315 1272 111 20 klämmen
442 1271 9 21 i
466 1272 117 21 Utskottets
603 1271 136 22 betänkande
755 1271 40 21 sid.
812 1271 36 21 21.

171 1342 52 22 Med
240 1342 111 23 afseende
367 1342 13 22 å
397 1342 45 22 den
458 1342 134 29 föreslagna
608 1342 78 22 banan
697 1342 52 22 från
761 1342 89 28 Nyslott

99 1378 35 22 till
158 1378 150 22 Elisenvaara
331 1377 44 23 har
397 1377 172 30 Ridderskapet
592 1377 43 23 och
655 1377 76 23 Adeln
747 1378 8 22 i
771 1377 78 22 anled-

99 1414 58 28 ning
181 1413 24 23 af
224 1413 365 30 sammanjämkningsförslaget
607 1413 96 23 beslutit
722 1414 35 21 att
773 1412 76 23 denna
