1061 1631
311 138 84 24 Ständ.
412 138 40 23 Sv.
468 152 27 2 —
510 139 73 29 Prop.
600 139 41 22 N:o
657 139 39 22 42.
858 139 25 21 13

127 211 44 21 och
189 210 79 22 blifvit
286 210 76 22 dödad
384 211 75 21 säsom
478 211 111 22 särskildt
607 215 26 18 är
650 210 119 29 stadgadt,
787 210 45 22 den
851 211 32 22 af-

127 245 69 22 skrift
217 245 23 22 af
261 245 303 29 inteckningshandlingen,
582 245 97 22 hvilken
698 245 59 22 efter
773 245 52 22 dess
844 245 39 22 dö-

127 279 76 22 dande
221 280 75 21 säsom
313 279 161 22 hufvudskrift
492 279 83 29 gäller;
594 279 44 22 och
656 282 77 19 rätten
752 279 47 22 läte
817 280 14 21 &
849 279 34 22 in-

126 313 269 29 teckningshandlingen
420 314 57 21 eller
500 314 85 22 nämda
603 314 95 22 afskrift
716 314 84 21 teckna
818 314 65 22 bevis

127 355 36 15 om
186 348 137 29 förnyelsen.
360 348 66 22 Dock
448 348 82 22 stände
548 348 247 29 inteckningshafvare
815 348 68 22 äfven

126 383 52 21 fritt
191 385 35 20 att
238 383 73 22 förete
323 382 71 23 sädan
407 383 116 29 handling
534 383 42 22 vid
588 390 78 15 annan
678 383 129 28 underrätt,
817 383 66 22 som
872 378 14 39 i

126 417 57 22 slikt
200 417 43 22 fall
255 417 42 22 har
310 419 35 20 att
356 417 9 22 i
377 417 42 22 sitt
432 417 117 29 protokoll
562 417 132 29 korteligen
705 419 104 28 upptaga
821 417 62 22 hvad

126 451 144 30 handlingen
288 451 136 29 innehåller,
442 452 70 29 jemte
531 451 46 30 dag
595 451 45 23 och
658 452 60 21 årtal
737 452 29 21 dä
784 451 45 22 den
847 454 36 20 ut

126 486 58 29 gafs,
204 486 23 21 af
245 485 96 23 hvilken
358 489 49 19 rätt
425 487 44 21 och
487 490 42 18 när
547 487 169 28 inteckningen
735 490 26 18 är
773 485 109 30 beviljad,

126 523 66 25 samt,
211 521 51 21 ifall
282 521 168 28 inteckningen
470 521 80 22 blifvit
567 521 107 28 förnyad,
692 525 43 17 när
753 520 39 22 det
809 521 72 27 skett;

127 555 83 22 teckne
237 555 44 22 ock
305 556 13 21 å
341 555 146 29 handlingen
505 555 66 22 bevis
590 557 36 20 att
644 555 45 22 den
707 555 39 22 till
763 555 119 22 vinnande

127 589 23 22 af
176 589 149 30 intecknings
352 590 118 28 förnyelse
494 589 105 23 företedd
618 590 69 22 varit.
724 590 77 21 Sedan
819 590 63 28 gifve

126 624 246 29 inteckningshafvare
389 625 144 28 protokollet
551 624 107 23 deröfver
675 625 25 21 in
719 624 38 22 till
771 624 44 22 den
828 626 54 26 rätt,

127 659 23 21 af
167 658 97 22 hvilken
282 659 168 29 inteckningen
468 659 115 29 beviljats,
602 659 64 22 inom
684 659 34 22 tid
737 666 48 15 som
803 659 9 21 i
825 660 10 26 $
851 659 30 21 27

127 697 76 25 säges;
230 693 43 22 och
299 701 55 14 vare
382 693 64 22 detta
474 695 26 20 så
526 693 67 29 gildt,
612 701 50 14 som
684 701 36 14 om
738 693 145 29 handlingen

126 727 80 22 blifvit
223 727 41 22 der
281 728 9 21 i
307 727 161 25 hufvudskrift
486 727 112 23 företedd.

195 762 90 21 Hinner
311 763 143 21 förkommen
481 762 266 29 inteckningshandling
769 763 20 28 ej
809 762 73 22 blifva

127 795 77 23 dödad
227 797 73 22 innan
323 797 169 28 inteckningen
514 796 71 23 borde
603 797 37 22 för
658 799 36 19 att
710 796 119 23 bibehålla
846 797 36 21 sin

127 831 149 22 förmånsrätt
294 831 101 29 förnyas,
408 832 68 27 skall,
490 831 40 22 der
548 831 99 22 domstol
665 831 128 22 emellertid
808 831 76 22 beslu-

127 865 31 22 tit
181 865 37 22 till
241 865 155 30 handlingens
421 865 163 30 efterlysande,
602 865 53 22 med
673 866 72 21 väckt
761 866 68 28 fråga
847 873 37 14 om

127 900 180 29 inteckningens
325 900 127 29 förnyande
466 901 55 21 bero
535 901 25 21 så
573 901 69 28 länge
655 900 96 22 ärendet
763 899 120 30 angående

127 934 156 29 handlingens
301 934 107 23 dödande
426 939 26 18 är
471 935 41 22 vid
529 935 129 22 domstolen
678 934 130 29 anhängigt
825 937 59 19 samt

127 969 84 22 sådant
234 969 41 22 hos
299 971 77 20 rätten
399 969 99 29 styrkes,
518 969 43 22 och
579 969 70 22 varde
668 969 36 22 för
721 969 72 29 öfrigt
811 969 8 21 i
838 969 46 21 till-

127 1003 111 29 lämpliga
265 1003 64 22 delar
354 1004 118 28 iakttaget
495 1003 62 23 hvad
581 1004 7 21 i
607 1005 13 26 8
642 1005 29 20 11
691 1004 35 21 för
745 1003 40 22 der
803 1000 81 25 nämdt

127 1037 42 22 fall
186 1038 74 21 finnes
279 1038 115 29 stadgadt.

472 1108 13 26 8
506 1107 37 22 30.

196 1170 69 22 Visar
288 1170 196 30 fastighetsegare
510 1173 34 19 att
567 1169 149 28 förbindelse,
734 1170 36 21 för
788 1169 96 22 hvilken

127 1205 138 29 inteckning
283 1205 8 21 i
309 1205 143 29 fastigheten
470 1205 116 29 beviljats,
602 1204 81 22 blifvit
701 1204 36 21 till
755 1204 47 22 alla
821 1203 63 22 delar

127 1239 112 29 fullgjord
266 1240 56 21 eller
349 1239 147 23 annorlunda
522 1239 101 29 upphört
644 1241 36 19 att
701 1246 56 14 vara
775 1238 109 29 gällande

127 1274 57 22 eller
207 1276 36 20 att
265 1274 211 29 fastighetsegaren
497 1274 56 29 eljes
572 1277 25 18 är
614 1272 135 29 berättigad
767 1275 35 19 att
820 1272 64 22 öfver

128 1308 158 22 förbindelsen
304 1309 101 28 förfoga;
432 1308 73 22 varde
523 1308 168 28 inteckningen
709 1308 24 21 af
751 1309 78 20 rätten
846 1314 38 22 ge-

128 1350 53 14 nom
199 1343 79 28 utslag
296 1343 77 22 dödad
392 1342 43 22 och
448 1343 66 22 bevis
527 1342 106 22 deröfver
644 1342 114 22 tecknadt
769 1342 14 21 å
795 1341 89 22 inteck-

127 1377 222 29 ningshandlingen,
362 1384 50 15 som
429 1377 213 29 fastighetsegaren
654 1377 8 21 i
675 1376 84 22 sådant
777 1375 106 23 afseende

127 1412 43 21 bör
194 1412 37 21 till
251 1414 79 20 rätten
347 1412 112 27 inlemna;
488 1412 44 22 och
549 1411 67 28 skall,
636 1410 40 22 der
694 1410 40 23 vid
752 1418 132 21 gemensam

127 1446 150 29 intecknings
299 1446 97 22 delande
418 1446 76 31 enligt
512 1448 13 25 $
545 1447 31 21 20
597 1453 67 15 mom.
687 1447 11 21 1
719 1445 61 22 skild
797 1444 87 23 förbin-
