1061 1631
198 113 13 19 4
393 110 27 24 U.
436 111 27 23 B.
480 124 28 2 —
524 111 72 29 Prop.
613 111 45 23 N:o
674 111 31 22 36

436 179 32 20 att
484 177 126 23 Ständerna
626 179 49 21 ville
689 179 119 27 godkänna
821 179 99 26 följande

380 214 142 27 förordning,
541 215 152 26 innefattande
707 215 99 26 ändring
821 215 30 26 af
862 215 28 21 13
905 217 14 23 $

381 251 9 20 i
404 251 128 26 skogslagen
547 251 30 26 af
588 251 42 21 den
645 251 15 21 8
676 250 123 27 September
816 251 68 21 1886:

237 310 138 27 Härigenom
399 310 91 27 stadgas
514 312 32 19 att
568 311 28 20 13
613 312 14 23 $
643 311 8 20 i
666 311 127 26 skogslagen
808 311 29 26 af
848 311 41 21 den
904 311 16 20 3

165 345 125 28 September
313 346 57 21 1886
390 346 56 21 skall
462 345 85 22 erhälla
561 345 100 28 följande
675 346 140 27 förändrade
829 346 91 26 lydelse:

513 413 26 19 13
556 411 20 28 8.

237 452 75 28 Egare
333 452 23 21 af
376 452 77 21 frälse-
470 453 43 20 och
531 452 126 29 skattejord
673 460 54 13 vare
744 451 127 30 berättigad
886 455 34 18 att

166 487 49 21 fritt
237 487 92 28 förfoga
348 487 65 22 öfver
428 487 150 29 lägenhetens
594 488 105 21 afrösade
715 489 58 27 skog
789 488 43 21 och
848 488 70 25 mark,

167 531 49 14 som
232 523 47 21 han
296 523 101 21 enskildt
412 523 98 28 nyttjar;
528 523 59 22 dock
601 523 35 22 fär
652 523 19 29 ej
693 524 57 28 skog
769 524 54 21 eller
841 524 78 27 skogs-

167 559 76 28 dunge
265 559 36 21 till
322 567 29 13 en
371 559 72 22 bredd
465 559 23 22 af
502 559 31 22 tio
551 561 72 20 meter
638 560 100 28 afrödjas
755 559 55 22 eller
825 559 95 22 enstaka

166 595 51 21 träd
236 596 71 27 fällas
329 595 51 21 frän
404 595 78 21 strand
505 595 40 21 vid
570 595 213 29 fredningsomräde
806 595 55 21 eller
883 596 37 21 vid

166 633 68 25 ställe,
254 632 41 21 der
312 631 76 21 fisken
404 631 78 28 plägar
498 632 47 21 leka
562 633 52 20 eller
628 639 88 14 annars
731 633 8 20 i
754 634 72 19 större
836 632 84 27 mängd

166 666 124 29 uppehålla
313 667 42 28 sig,
372 669 25 19 sä
412 667 69 20 framt
496 667 51 21 icke
566 669 89 19 vattnet
671 671 24 17 är
710 669 161 26 strandegaren
886 674 33 15 en-

166 709 49 16 sam
225 703 108 28 tillhörigt
343 703 37 22 och
391 703 85 22 saknar
485 703 133 27 förbindelse
628 705 50 20 med
688 710 90 15 annans
787 705 73 20 vatten
870 704 50 21 eller

167 739 88 21 dermed
271 739 43 22 har
327 739 78 22 endast
415 739 73 22 sådan
497 739 137 28 förbindelse,
646 741 33 20 att
687 740 42 26 fisk
739 740 20 26 ej
769 740 44 21 kan
824 741 8 20 i
842 741 78 20 nämn-

168 775 56 22 värd
241 774 54 22 män
311 776 40 21 der
364 781 54 22 upp-
434 775 51 22 eller
500 775 84 28 nedgä;
601 775 43 20 och
661 777 37 18 mä
713 774 51 22 icke
780 774 71 21 heller
861 774 59 21 träd-

167 817 74 21 grupp
264 810 55 21 eller
340 810 56 26 träd,
419 817 49 14 som
489 810 23 21 af
532 810 63 21 älder
609 810 73 29 tjenat
698 818 49 14 som
763 809 157 29 landkänning

167 845 54 21 eller
237 845 142 29 vägledning
395 846 35 21 för
446 846 137 29 sjöfarande,
600 846 109 21 förstöras
726 846 55 21 eller
794 845 90 26 skadas,
896 847 24 20 sä

169 884 34 18 att
218 881 29 21 de
265 881 73 22 blifva
354 882 35 21 för
405 882 128 21 ändamälet
550 882 111 29 onyttiga.

239 917 127 22 Enahanda
382 917 108 29 rättighet
507 917 88 29 ätnjute
609 918 87 28 jemväl
712 925 67 21 egare
795 917 35 22 till
844 917 76 22 frälse-

167 953 191 26 skattehemman,
380 955 158 26 räntetagaren
559 953 73 22 likväl
651 953 142 22 förbehällen
809 953 45 22 den
869 955 50 24 rätt,

167 989 86 21 honom
269 989 101 28 lagligen
385 989 45 21 kan
445 989 134 22 tillkomma.

241 1024 185 29 Tillämpningen
442 1025 24 21 af
481 1025 74 21 denna
571 1025 134 28 förordning
721 1025 106 28 vidtager
842 1025 44 20 den

240 1114 12 21 I
277 1114 104 21 ärendets
402 1114 141 29 behandling
560 1114 70 21 hafva
646 1114 105 29 deltagit:
769 1114 151 21 ordföranden

167 1150 154 26 Hermanson,
341 1150 155 21 ledamöterne
518 1150 156 26 Svinhufvud,
691 1150 82 26 Walle,
790 1150 130 28 Runeberg,

168 1186 135 28 Karlsberg,
319 1186 104 26 Erenius,
440 1186 141 26 Lundenius,
596 1186 78 26 Wolff,
686 1186 119 28 Tallqvist,
817 1186 103 26 Fieandt,

168 1221 127 22 Kakkinen
319 1222 42 21 och
385 1222 69 21 Laine
478 1224 59 19 samt
562 1222 92 28 (delvis)
677 1222 176 29 suppleanterne
869 1222 51 21 frih.

168 1257 28 21 V.
221 1264 48 14 von
292 1258 102 24 Hellens,
418 1258 26 20 A.
466 1265 21 14 v.
510 1258 79 21 Collan
603 1258 37 28 j:r,
658 1257 36 22 W.
712 1258 129 26 Rosenlew,
859 1258 26 21 G.
903 1258 17 20 I.

168 1293 109 26 Bläfield,
295 1293 69 26 Solin,
381 1293 119 29 Liljeroos,
519 1293 119 29 Sandberg
655 1294 42 21 och
715 1293 152 29 Kirjalainen.

241 1329 147 28 Helsingfors
405 1330 44 20 den
468 1332 9 18 1
494 1329 57 22 Juni
569 1331 63 19 1900.

246 1437 211 19 Vattenrättsutskottets
471 1438 117 18 betänkande
600 1437 37 19 N:o
650 1438 34 22 101
