1061 1631
209 122 28 19 20
397 119 28 23 U.
440 119 26 23 B.
482 132 28 4 —
524 118 73 30 Prop.
611 118 46 24 N:o
672 118 35 23 37.

178 185 138 29 vattendrag
339 185 140 22 tillkommer
500 185 95 27 kronan,
618 185 89 22 kronan
733 191 78 15 ensam
830 184 43 22 har
887 186 46 20 rätt

178 221 35 22 till
237 221 42 22 allt
302 221 82 22 sådant
406 221 60 22 fiske
488 221 64 22 inom
575 223 33 19 ett
632 220 60 22 visst
706 220 139 29 begränsadt
860 222 72 20 områ-

179 257 35 26 de,
231 257 77 22 derest
329 257 20 28 ej
374 257 91 22 enskild
480 259 31 26 på
526 256 112 22 särskilda
653 256 100 29 grunder
768 255 61 23 visat
844 256 36 28 sig
895 255 38 22 be-

179 293 100 28 rättigad
294 296 34 19 att
343 295 13 19 å
370 293 60 21 visst
445 293 126 21 fiskeställe
587 292 55 22 idka
652 292 69 22 äfven
737 292 122 29 laxfångst.
885 291 48 22 An-

178 329 74 28 tydda
277 329 148 28 presumtion,
447 328 96 22 hvilken
567 328 96 22 innebär
689 330 33 19 att
747 327 63 23 inom
835 327 99 22 berörda

179 365 94 21 område
296 365 7 21 i
329 365 65 28 fråga
420 372 37 14 om
482 364 98 22 laxfiske
605 364 220 28 fiskevattensegare
850 363 52 22 icke
924 363 9 21 i

178 403 72 26 något
273 400 42 22 fall
338 401 78 21 kunde
439 400 99 29 åberopa
561 400 35 29 sig
619 400 60 21 blott
702 402 29 26 på
747 399 36 22 sin
799 399 135 29 eganderätt

179 436 35 22 till
229 438 98 25 vattnet,
343 437 42 21 har
399 435 95 30 ingifvit
508 436 120 22 Utskottet
637 435 164 29 betänklighet.
825 435 109 22 Faststäl-

179 472 79 22 landet
274 480 84 21 genom
374 475 33 19 ett
421 472 104 29 generelt
539 471 167 29 lagstadgande
721 471 24 22 af
760 471 120 22 bestämda
890 474 43 19 ter-

179 507 102 23 ritoriela
295 511 94 26 gränser
404 508 36 21 för
461 508 99 21 kronans
583 507 150 22 omförmälda
749 510 52 27 rätt
822 507 111 22 innebure

178 543 125 29 nämligen,
328 543 72 29 enligt
422 543 130 22 Utskottets
572 543 155 29 uppfattning,
745 551 29 14 en
789 543 144 29 godtycklig-

179 580 46 26 het,
249 587 58 21 som,
331 579 99 22 särdeles
450 579 29 22 dä
494 579 114 22 härintills
624 579 210 22 rättsförhällandet
849 579 85 22 mellan

179 616 89 21 kronan
279 616 43 21 och
339 616 27 21 de
383 615 104 22 enskilda
503 615 33 22 uti
549 623 32 14 nu
592 615 175 28 ifrägavarande
777 615 110 22 afseende
895 622 39 15 va-

180 651 29 22 rit
232 651 111 29 temligen
366 651 133 26 sväfvande,
523 651 119 28 lätteligen
657 651 78 21 kunde
750 651 53 21 leda
818 651 35 21 till
869 653 65 20 rätts-

180 687 84 22 förlust
279 687 36 22 för
331 687 27 22 de
380 687 110 22 enskilda.
521 687 119 22 Utskottet
656 687 41 21 har
712 687 77 21 derför
804 689 76 19 ansett
897 687 37 28 sig

180 723 55 21 böra
259 723 84 22 föreslå
366 725 34 19 att
422 730 76 21 prop:s
522 723 96 21 berörda
639 722 143 29 stadganden
798 724 71 20 måtte
885 723 50 21 helt

180 759 43 21 och
239 759 72 21 hållet
326 761 61 26 utgå.

251 787 24 29 Ä
298 795 70 21 andra
391 794 66 22 sidan
480 795 41 21 har
547 794 115 22 Utskottet
683 794 60 22 dock
757 794 52 22 icke
825 793 109 22 förbisott

181 831 45 20 den
242 830 51 22 fara
307 831 36 21 för
358 830 120 22 laxfiskets
497 830 143 29 försämring,
657 833 33 19 ett
711 830 112 22 intensivt
846 830 87 21 bedrif-

180 869 39 18 vet
244 866 61 22 fiske
328 866 92 22 utanför
443 866 104 29 inloppet
570 866 35 22 till
626 867 28 21 de
674 866 133 22 laxförande
828 866 105 22 elfvarna

180 901 155 30 ovilkorligen
351 902 97 26 medför;
466 903 43 20 och
525 902 29 21 då
570 904 33 19 ett
612 902 71 22 bland
694 902 103 22 motiven
807 901 35 22 till
853 909 77 22 prop:s

180 937 128 23 änberörda
329 938 127 29 stadgande
480 938 59 22 varit
559 941 33 19 att
612 939 120 21 motverka
753 938 62 21 detta
831 937 101 22 missför-

180 973 115 27 hållande,
318 975 41 21 har
381 974 120 22 Utskottet
523 974 51 21 icke
597 976 56 20 trott
672 974 35 29 sig
722 974 57 21 böra
794 976 82 19 stanna
890 973 41 22 vid

181 1010 71 21 ofvan
263 1010 82 29 gjorda
356 1013 50 18 rent
415 1010 109 29 negativa
536 1010 93 29 förslag,
646 1010 77 22 såvidt
738 1009 122 29 möjlighet
875 1009 58 22 före-

180 1045 51 29 låge
248 1049 34 19 att
297 1046 9 21 i
321 1046 203 29 lagstiftningsväg
539 1046 71 22 ordna
625 1046 137 21 hithörande
773 1045 161 22 förhållanden

180 1084 56 19 utan
264 1082 132 21 kränkande
421 1082 25 21 af
471 1082 102 21 enskilds
599 1085 49 18 rätt.
680 1081 90 22 Härvid
794 1081 65 22 torde
877 1081 56 22 böra

181 1117 94 22 komma
297 1117 8 22 i
328 1118 149 21 betraktande
501 1120 33 19 att
557 1125 28 14 en
606 1117 20 29 ej
646 1117 66 29 ringa
728 1117 37 22 del
781 1117 24 22 af
819 1117 114 29 ifrågava-

181 1153 71 22 rande
272 1154 97 21 laxfiske
392 1154 117 21 bedrifves
532 1154 23 21 af
578 1161 109 21 personer
713 1154 116 21 saknande
852 1153 81 29 hvarje

181 1191 44 19 rätt
248 1189 35 22 till
303 1189 59 22 fiske
385 1190 61 25 eller,
463 1189 75 22 såvidt
553 1189 71 21 fisket
640 1197 53 21 eger
709 1197 50 14 rum
775 1192 64 18 utom
855 1189 79 28 byarå-

180 1226 70 27 gång,
266 1225 87 29 egande
369 1225 59 21 blott
444 1225 45 21 den
504 1225 114 21 allmänna
633 1228 45 18 rätt
693 1225 87 21 enhvar
795 1224 90 22 landets
901 1224 34 22 in-

181 1263 86 19 vånare
283 1260 138 22 tillkommer
436 1261 35 21 till
487 1260 59 22 fiske
562 1260 8 22 i
585 1261 72 21 sådan
673 1261 37 21 del
726 1261 24 21 af
766 1260 102 29 saltsjön.
891 1260 44 22 Ge-

181 1304 54 14 nom
259 1297 166 28 inskränkning
449 1297 23 21 af
494 1296 97 22 berörda
616 1296 60 22 fiske
699 1304 56 14 vore
778 1296 62 29 förty
864 1296 71 22 redan

181 1332 96 29 mycket
299 1335 87 19 vunnet
406 1332 35 22 till
463 1332 202 22 åstadkommande
682 1332 23 22 af
721 1335 33 19 ett
769 1332 75 22 bättre
860 1332 76 22 saker-

180 1375 42 14 nas
248 1368 104 22 tillstånd
375 1368 34 21 uti
432 1368 147 22 omförmäldt
602 1368 68 29 syfte,
692 1368 44 22 och
755 1368 30 21 då
801 1367 133 29 derigenom

180 1406 74 26 något
268 1404 92 28 intrång
374 1403 35 22 uti
424 1403 91 23 enskild
526 1404 134 22 förvärfvad
670 1408 45 18 rätt
724 1404 52 22 icke
787 1403 99 27 skedde,
893 1404 41 22 kar

260 1446 209 18 Vattenrättsutskottets
482 1446 116 18 betänkande
610 1446 38 18 N:o
660 1447 17 17 5.
