1061 1631
217 132 25 20 12
522 132 39 21 N:o
578 132 32 21 33.

516 201 12 20 5
544 200 75 22 KAP.

376 271 46 19 Om
440 272 94 19 handel
552 272 58 19 med
626 272 134 18 fiskvaror.

535 357 28 20 34
579 356 17 27 &.

254 389 11 21 I
288 389 74 22 landet
382 390 84 21 saltade
487 389 111 28 fiskvaror,
616 397 46 14 som
682 390 32 21 till
733 390 47 21 salu
796 389 75 27 hållas,
886 389 61 22 skola

185 430 52 15 vara
262 424 146 27 omsorgsfullt
431 425 120 26 inpackade
573 425 7 21 i
603 431 88 21 snygga,
711 424 141 26 välbandade,
873 424 74 21 starka

185 458 39 21 och
247 460 48 19 täta
318 459 54 26 kärl,
394 458 145 28 förfärdigade
563 459 22 21 af
606 461 57 19 torrt
681 459 60 21 virke
761 459 39 21 och
822 458 124 27 rymmande

187 494 46 25 120,
253 493 35 26 60,
305 494 33 25 30,
357 494 24 20 15
398 493 50 21 eller
464 495 13 19 8
493 493 49 22 liter
558 496 56 19 samt
630 493 115 28 behörigen
761 492 122 28 stämplade
898 492 48 21 med

184 527 129 22 utsättande
337 527 21 21 af
374 528 82 21 kärlets
477 528 69 27 rymd;
568 529 38 20 och
625 528 41 21 bör
678 528 81 28 jämväl
774 527 107 22 saltarens
896 526 50 22 fisk-

185 561 75 22 märke
276 561 49 22 med
341 564 87 19 namnet
444 563 13 20 &
474 563 39 20 den
530 563 109 27 kommun,
656 563 38 21 der
706 562 42 21 han
760 562 45 26 bor,
817 562 39 21 och
868 561 78 21 ärtalet

185 595 33 22 för
233 596 125 27 saltningen
374 603 52 15 vara
441 597 103 21 inbrändt
560 597 51 21 eller
621 597 119 27 stämpladt
751 597 13 20 å
774 596 76 21 kärlet.
876 595 23 28 Ej
912 595 34 21 mä

184 630 49 21 kärl
249 636 63 16 anses
328 631 70 21 såsom
415 631 94 27 olagligt,
522 631 83 21 ändock
616 633 33 20 att
660 631 36 22 det
707 637 93 21 rymmer
811 631 66 26 något
887 635 59 16 mera

186 666 26 19 än
229 665 42 21 den
288 667 84 19 utsatta
387 665 95 27 rymden.

255 700 62 21 Hvad
333 707 28 14 nu
378 702 24 19 är
418 701 64 26 sagdt
498 700 55 22 afser
569 701 18 27 ej
604 701 98 26 kryddad
717 700 47 22 fisk.

252 733 116 22 Fiskvaror
390 734 22 21 få
434 734 61 22 äfven
518 735 64 27 säljas
606 735 52 21 efter
682 735 25 21 de
725 735 7 20 i
752 735 75 21 landet
847 734 98 27 gällande

185 768 70 27 vigter
271 770 56 19 samt
343 769 123 26 stycketals.

537 845 26 20 35
581 845 19 27 $.

252 889 25 28 Ej
297 891 34 20 må
351 891 6 20 i
380 892 24 19 14
428 891 11 25 S
457 891 74 21 nämdt
553 890 87 28 fiskslag
656 891 6 21 i
677 891 70 21 färskt
763 890 99 21 tillstånd
877 890 68 21 under

185 924 48 21 dess
257 924 143 27 fredningstid
424 925 50 22 eller
495 925 133 27 undermålig
647 925 40 22 fisk
705 925 53 22 eller
773 924 72 21 kräfta
861 923 83 28 forslas,

184 958 71 27 säljas,
281 959 32 21 till
336 959 47 22 salu
404 959 74 27 hållas,
497 961 68 26 köpas
585 960 50 21 eller
654 962 44 19 mot
713 959 112 26 betalning
841 965 103 15 serveras.

252 993 35 22 Nu
311 993 78 22 nämda
412 993 77 22 förbud
514 993 56 22 afser
593 994 45 21 icke
661 994 66 21 blank
745 993 42 25 lax,
807 993 51 21 eller
877 993 67 21 sådan

184 1033 46 15 som
246 1028 47 21 icke
310 1030 24 19 är
349 1028 7 21 i
371 1028 106 27 lekdrägt.

535 1110 26 20 36
577 1109 17 25 &.

252 1154 132 22 Fisksaltare
400 1155 68 27 åligge
485 1157 33 19 att
533 1155 6 21 i
555 1155 99 22 afseende
670 1156 12 20 å
697 1155 142 27 registrering
855 1154 89 28 uppvisa

184 1188 39 21 sitt
241 1188 123 27 fiskmärke,
385 1190 12 20 å
412 1189 74 21 landet
501 1189 38 21 hos
555 1190 212 21 kronolänsmannen
783 1189 7 21 i
805 1192 62 18 orten
883 1188 39 22 och
937 1190 7 20 i

184 1222 49 22 stad
257 1223 39 21 hos
317 1224 150 26 magistraten;
488 1224 38 21 och
547 1224 95 27 erlägges
658 1225 33 20 för
707 1224 58 27 dylik
782 1224 140 26 registrering
937 1224 7 20 i

184 1256 60 22 lösen
262 1264 26 14 en
305 1258 67 20 mark.

252 1287 65 26 Öfver
336 1292 100 22 anmälda
452 1292 127 22 fiskmärken
596 1294 53 20 skall
665 1294 58 20 föras
740 1293 136 27 förteckning
891 1293 6 21 i
913 1292 30 21 al-

184 1325 95 22 fabetisk
295 1326 100 28 ordning;
412 1327 39 21 och
467 1327 33 21 får
514 1328 74 21 märke
603 1328 45 21 icke
664 1328 135 27 godkännas,
815 1334 46 15 som
877 1328 66 20 redan

185 1360 22 21 af
221 1366 74 16 annan
311 1361 7 21 i
333 1367 81 15 samma
430 1362 101 21 kommun
547 1363 115 21 användes.
