1061 1631
177 125 32 37 20
403 129 28 23 U.
448 129 26 23 B.
491 142 28 2 —
533 129 75 29 Prop.
624 130 43 22 N:o
682 129 37 23 42.

528 213 30 22 16
575 214 19 26 8.

251 269 74 29 Hvar,
344 277 48 14 som
415 270 111 22 utverkat
543 269 107 22 dödande
670 270 23 21 af
710 269 100 28 urkund,
829 277 54 14 vare
901 269 38 22 be-

182 304 68 29 hörig
278 307 36 19 att
338 304 52 22 med
414 305 48 21 lika
480 304 117 29 giltighet,
616 312 47 14 som
684 312 36 14 om
738 304 46 22 han
803 311 54 15 vore
875 304 64 21 inne-

182 339 97 22 hafvare
299 339 23 22 af
340 339 137 26 densamma,
491 343 56 25 göra
565 339 108 28 gällande
692 339 45 22 den
750 341 53 26 rätt,
816 338 124 22 hvaröfver

182 373 124 22 urkunden
324 374 117 29 utgifvits;
469 381 41 21 ege
529 374 44 21 ock
596 373 71 28 makt,
686 373 40 22 der
743 373 47 22 han
809 372 130 23 kostnaden

182 408 133 29 förskjuter,
329 410 35 20 att
382 409 55 21 äska
453 408 140 22 utfärdande
607 409 23 20 af
642 415 32 21 ny
686 408 93 21 urkund
791 408 8 21 i
811 407 46 22 den
869 406 70 23 döda-

184 442 39 22 des
245 443 68 21 ställe
337 443 52 22 med
407 443 144 29 påteckning
569 450 37 14 om
624 443 100 28 utbytet.
761 440 34 23 Är
814 441 125 22 intecknad

184 477 133 22 skuldsedel
336 477 82 28 dödad,
432 477 71 22 varde
522 478 29 28 på
569 477 102 29 begäran
689 477 66 22 bevis
768 484 37 15 om
818 475 121 23 meddelad

183 512 43 21 och
245 514 78 19 senast
341 512 98 29 förnyad
458 512 138 29 inteckning
615 512 23 21 af
652 514 78 19 rätten
742 511 113 22 tecknadt
868 512 13 21 å
893 518 47 21 nya

182 546 123 22 urkunden
324 547 25 21 så
367 547 43 21 ock
429 549 35 19 att
483 546 43 22 den
545 547 75 21 såsom
638 546 160 22 hufvudskrift
815 545 80 29 gäller.

528 645 28 21 17
573 645 20 26 8.

251 699 36 24 Är
304 702 76 21 beslut
392 709 36 14 om
442 701 153 29 efterlysande
609 701 23 22 af
644 701 111 28 godkänd
766 701 68 22 vexel
845 700 93 29 fattadt,

183 736 90 28 åligger
291 736 39 21 det
348 736 166 29 godkännaren
533 738 40 25 att,
587 739 41 18 när
646 735 128 22 förfallotid
790 739 25 18 är
828 736 60 27 inne,
900 735 39 22 be-

182 771 48 21 tala
255 771 81 21 vexeln
358 771 35 21 till
415 771 124 27 sökanden,
559 772 24 20 sä
604 770 70 21 framt
696 770 76 21 denne
797 770 36 21 för
851 770 87 21 äterbe-

182 805 123 29 talningen
325 805 78 22 ställer
422 805 105 28 antaglig
541 808 56 25 pant
610 805 56 21 eller
678 805 87 28 borgen
779 807 36 19 att
827 804 62 29 gälla
901 804 37 22 tili

182 839 52 22 dess
250 840 84 22 vexeln
346 840 80 21 blifvit
438 839 77 22 dödad
528 839 55 22 eller
596 839 179 29 godkännarens
789 838 150 29 ansvarighet

182 874 35 22 för
235 873 133 23 densamma
388 874 56 29 eljes
462 874 107 29 upphört.

529 966 30 22 18
574 967 19 26 8.

251 1023 52 22 Har
329 1025 77 20 rätten
432 1023 98 22 beslutit
555 1023 38 22 till
611 1023 157 29 efterlysande
787 1023 24 21 af
828 1022 111 23 förloradt

182 1058 173 29 upplagsbevis,
368 1058 43 21 och
430 1058 84 21 önskar
533 1058 118 21 sökanden
670 1058 150 21 utbekomma
833 1057 44 22 den
889 1057 49 22 der-

182 1097 61 17 emot
262 1092 114 22 svarande
394 1100 72 14 varan
484 1093 72 21 innan
576 1092 96 22 ärendet
684 1093 106 28 afgjorts,
807 1093 37 20 mä
856 1092 83 22 sädant

182 1127 137 29 medgifvas,
333 1126 39 22 der
390 1127 46 22 han
455 1126 41 23 hos
514 1127 231 29 upplagsmagasinet
763 1126 120 23 nedsätter
900 1126 39 22 det

182 1162 93 29 belopp,
289 1162 35 22 för
333 1162 91 21 hvilket
436 1170 72 14 varan
522 1162 76 21 häftar
610 1162 38 21 till
659 1161 279 28 warrantinnehafvaren,

183 1199 60 19 samt
265 1197 76 27 (utesl.)
357 1196 79 22 ställer
454 1198 58 28 pänt
531 1196 55 22 eller
598 1196 94 29 borgen,
702 1204 50 14 som
765 1196 47 22 kan
827 1196 24 22 af
862 1196 77 22 inrätt-

182 1232 83 27 ningen
283 1231 143 29 godkännas.

253 1266 50 28 Lag
322 1273 86 14 samma
426 1273 55 14 vare
500 1273 36 14 om
553 1265 196 22 utbekommande
762 1265 23 21 af
798 1264 65 30 gods,
873 1264 66 22 hvar-

183 1300 66 21 öfver
266 1300 116 22 utfärdats
400 1300 186 28 konnossement,
605 1300 97 22 såframt
719 1300 53 27 den,
791 1307 49 14 som
859 1299 81 29 begärt

183 1334 52 22 dess
258 1334 113 28 dödande,
393 1334 42 22 hos
457 1334 166 22 innehafvaren
646 1334 23 22 af
692 1334 85 29 godset
801 1333 79 22 ställer
900 1342 38 14 an-

182 1369 77 29 taglig
286 1371 57 27 pant
370 1369 56 21 eller
451 1369 87 28 borgen
556 1369 37 21 för
611 1368 28 22 de
658 1369 103 29 anspräk
779 1368 62 28 derä,
859 1368 80 22 hvilka

181 1404 106 28 lagligen
319 1404 79 21 kunna
428 1403 130 22 tillkomma
583 1401 154 25 innehafvare
765 1403 24 22 ai
815 1403 124 22 kommosso-

182 1440 95 20 mentet.

254 1488 132 22 Lagutskottets
399 1487 109 17 betänkande
523 1486 36 18 N:o
573 1486 26 18 13.
