1061 1631
219 136 10 18 2
522 133 43 22 N:o
582 135 32 20 32.

188 201 90 22 räknad
301 202 260 29 anläggningskostnad
581 203 26 20 af
625 204 113 26 6,224,000
754 203 66 20 mark
836 201 60 22 skall
911 204 36 19 ut-

188 237 64 20 föras
275 239 61 19 samt
358 236 53 22 med
434 237 80 21 arbete
536 237 112 28 beläggas
668 237 145 21 omedelbart
832 237 60 20 efter
908 236 38 21 det

188 270 75 29 ledigt
279 271 144 21 arbetsbefäl
439 271 46 21 kan
501 271 109 27 erhållas;
628 271 43 22 och

257 307 36 19 att
309 305 37 22 för
361 305 65 22 detta
442 305 110 22 ändamål
567 305 75 22 under
657 305 189 29 finansperioden
863 307 76 20 1898
925 301 16 37 —

190 341 53 19 1900
259 339 94 22 anvisas
368 342 115 25 4,000,000
498 339 75 22 mark:

257 375 36 19 att
308 381 28 14 en
349 373 101 30 jernväg
472 374 53 21 frän
548 374 150 28 Helsingfors
716 373 37 22 till
771 373 71 22 Karis
857 373 87 22 station

187 407 56 21 eller
266 408 78 29 nägon
368 415 78 14 annan
469 408 97 29 lämplig
591 408 76 28 punkt
689 408 40 21 vid
751 408 86 28 Hangö
860 407 84 28 banan,

187 441 60 22 dock
271 442 52 21 icke
346 443 112 28 ostligare
474 447 29 17 än
519 443 113 27 Gerknäs,
652 443 60 21 efter
733 449 88 15 samma
835 442 109 21 tekniska

186 483 110 22 program
315 484 49 14 som
384 477 117 22 faststälts
518 477 36 22 för
581 473 63 26 Äbo—
654 477 69 21 Karis
738 477 79 21 banan
833 476 44 22 och
891 477 53 21 med

186 517 29 14 en
232 510 120 23 beräknad
367 511 259 29 anläggningskostnad
642 511 27 22 af
683 513 113 26 6,224,500
806 511 67 21 mark
884 511 60 21 skall

186 545 92 21 utföras
301 547 59 20 samt
383 547 50 20 före
456 546 144 29 landtdagen
616 547 25 20 är
658 548 54 19 1900
732 545 53 22 med
808 545 78 21 arbete
905 545 38 21 be-

185 579 93 29 läggas;
295 583 60 18 samt

255 616 36 19 att
313 615 38 21 för
372 615 78 21 denna
466 615 158 28 banbyggnad
641 616 112 26 2,000,000
769 614 65 22 mark
850 614 92 21 anvisas

185 649 38 20 för
238 649 189 28 finansperioden
444 651 149 20 1898—1900:

255 683 78 22 Sedan
349 683 78 29 Nädig
443 683 149 22 stadfästelse
603 684 14 21 &
629 683 143 22 Ständernas
788 683 154 22 omförmälda

186 717 77 21 beslut
286 717 135 29 meddelats,
442 718 125 21 anbefalde
583 718 101 21 Senaten
703 715 188 31 Öfverstyrelsen
906 717 36 22 för

184 755 55 26 väg-
261 753 44 21 och
324 753 251 28 vattenbyggnaderna
591 755 34 19 att
641 753 21 28 ej
678 752 90 22 mindre
783 752 98 28 vidtaga
896 751 46 22 alla

184 787 13 20 å
221 784 188 31 Öfverstyrelsen
432 787 170 22 ankommande
625 787 109 29 åtgärder
756 787 38 21 för
816 787 125 21 utförande

184 821 26 21 af
223 821 215 29 Kuopio—lisalmi
452 821 224 30 jernvägsbyggnad
692 821 43 22 och
751 822 36 21 för
801 821 141 29 fullständig

183 856 142 29 utstakning
333 857 26 20 af
376 856 131 29 Uleåborg—
516 857 86 21 Torneå
613 857 100 28 jernväg
721 859 61 18 samt
789 856 153 29 uppgörande

184 891 26 20 af
234 890 73 29 derpä
331 891 119 28 grundadt
475 891 141 28 detaljeradt
640 890 205 29 kostnadsförslag
869 890 71 29 jemte

183 924 198 30 detaljritningar,
405 929 29 18 än
458 925 42 22 ock
523 925 118 22 inkomma
663 925 37 22 till
720 925 102 22 Senaten
845 924 95 22 härmed

183 959 44 22 och
242 960 54 21 med
312 960 117 22 definitivt
444 960 89 29 förslag
549 960 37 21 till
602 960 137 29 sträckning
755 961 37 20 för
802 967 29 14 en
839 959 101 28 järnväg

182 995 53 20 frän
251 995 150 28 Helsingfors
417 995 37 22 till
469 995 85 29 Hangö
565 995 78 21 banan
654 998 60 17 samt
724 993 144 30 detaljerade
879 993 62 22 kost-

182 1029 151 29 nadsförslag
343 1029 43 22 och
398 1029 189 29 detaljritningar
597 1029 37 21 för
644 1029 102 21 nämnda
753 1028 186 29 jernvägsbygg-

182 1063 46 21 nad
253 1064 121 21 äfvensom
396 1064 54 21 med
470 1064 89 28 förslag
577 1064 37 21 till
634 1063 123 22 arbetenas
777 1062 135 30 fördelning
932 1063 7 21 i

182 1097 117 22 särskilda
314 1098 95 21 distrikt
424 1101 60 19 samt
499 1098 37 21 till
550 1098 77 29 öfriga
638 1099 109 28 ätgärder
758 1105 50 14 som
819 1098 38 21 för
867 1098 72 27 sagda

182 1131 197 30 banbyggnaders
397 1133 126 21 utförande
538 1133 105 21 befinnas
658 1132 95 29 nödiga.

250 1167 71 21 Hvad
340 1168 60 20 först
420 1168 72 28 angår
514 1167 239 29 Uleäborg—Torneä
770 1168 107 28 jernväg,
897 1167 41 21 har

182 1198 188 32 Öfverstyrelsen
391 1202 37 21 för
448 1206 55 24 väg-
524 1202 43 22 och
587 1202 258 29 vattenbyggnaderna,
867 1202 71 21 sedan

180 1235 178 30 undersökning
368 1237 14 21 &
392 1236 95 22 marken
503 1237 74 21 under
593 1244 129 14 sommaren
733 1236 44 22 och
788 1236 84 22 hösten
885 1238 53 20 1895

180 1269 89 22 utförts
292 1270 44 22 och
358 1271 220 29 ortsbefolkningen
596 1271 40 21 vid
651 1271 90 29 utlysta
757 1273 111 19 stämmor
883 1270 55 22 lem-

180 1306 53 19 nats
257 1305 95 21 tillfälle
375 1308 35 19 att
431 1306 76 21 uttala
529 1306 52 21 sina
598 1306 177 28 önskningsmäl
791 1305 146 22 beträffande

180 1338 91 22 banans
282 1340 136 28 sträckning
430 1340 43 22 och
484 1341 156 21 stationernas
650 1340 127 29 placering,
787 1340 37 21 till
836 1340 100 22 Senaten

178 1373 98 21 insändt
291 1374 114 22 särskilda
420 1375 203 29 kostnadsförslag
636 1375 73 29 jemte
723 1375 66 29 plan-
801 1374 44 22 och
861 1375 77 29 profil-

179 1408 125 30 ritningar.
327 1409 121 29 Projektet
462 1410 38 21 för
515 1410 77 21 denna
602 1410 161 28 banbyggnad
774 1414 26 17 är
810 1410 128 28 uppgjorät

178 1442 53 22 med
246 1443 61 21 räler
322 1444 26 21 af
358 1446 25 20 25
394 1444 128 28 kilograms
535 1444 52 28 vigt
602 1452 41 20 per
658 1446 79 20 meter.
767 1444 170 28 Maximalstig-
