1061 1631
236 136 13 20 2
542 135 40 22 N:o
598 136 33 21 30.

206 204 57 22 huru
279 205 27 21 de
320 204 166 27 ifrågavarande
501 205 97 21 banorna
614 206 25 21 så
654 205 33 22 till
702 205 126 27 sträckning
843 211 46 16 som
902 204 66 28 bygg-

207 239 135 27 nadssystem
365 239 68 22 borde
448 239 7 21 i
471 239 64 27 detalj
559 239 110 22 anordnas
684 239 39 22 och
738 239 7 22 i
760 239 118 27 synnerhet
892 239 7 21 i
914 239 53 21 hvil-

206 274 46 21 ken
275 274 92 27 ordning
394 274 64 21 deras
480 273 115 22 utförande
618 274 67 22 borde
708 274 101 28 påbörjas
833 273 39 22 och
894 273 73 22 vidare

206 307 108 22 bedrifvas
338 308 38 21 och
392 310 41 25 att,
452 315 34 14 om
502 308 39 21 ock
557 314 25 15 en
598 307 142 28 fortsättning
756 307 23 22 af
792 307 104 22 Savolaks
908 308 59 27 jern-

206 343 41 26 väg
270 342 33 21 till
325 343 79 22 Iisalmi
428 343 39 21 och
491 343 83 27 Kajana
597 343 47 22 icke
659 343 48 22 med
722 342 161 27 nödvändighet
897 341 70 23 skulle

207 377 140 27 omöjliggöra
370 383 25 16 en
418 377 137 27 förlängning
575 377 23 21 af
610 377 107 22 Karelska
729 377 118 27 jernvägen
863 376 33 22 till
910 375 56 22 Nur-

206 417 45 16 mes
267 411 40 22 och
322 411 74 22 vidare
413 411 31 22 till
460 412 84 27 Kajana
558 411 77 26 härad,
650 411 123 22 Ständerna
781 411 72 21 funnit
863 411 103 26 förslaget

206 452 33 15 om
256 445 109 28 sistsagda
380 446 68 22 banas
463 446 152 27 utsträckning
631 448 45 19 mot
691 452 51 15 norr
759 446 25 21 så
795 447 54 20 nära
859 451 107 16 samman-

205 480 73 27 hänga
293 481 48 22 med
356 481 104 22 Savolaks
475 481 83 22 banans
575 481 110 28 dragande
701 481 56 21 ända
772 480 33 22 till
812 480 86 27 Kajana
908 479 56 27 stad,

205 516 34 20 att
263 521 26 16 en
313 521 59 16 mera
395 515 135 22 omfattande
552 515 39 22 och
610 515 121 28 mångsidig
745 515 127 22 ekonomisk
887 514 78 21 under-

205 549 94 28 sökning
315 549 23 22 af
352 556 66 15 norra
433 550 61 21 delen
511 549 22 22 af
546 549 86 28 Kuopio
647 549 36 22 län
699 549 38 22 och
753 549 86 27 Kajana
853 548 68 22 härad
932 554 33 15 er-

205 583 114 22 fordrades
342 586 27 19 än
394 584 40 21 den
457 583 133 22 beträffande
613 585 89 20 orterna
724 583 77 22 mellan
824 583 86 27 Kuopio
926 583 38 20 och

205 617 87 28 Kajana
314 617 157 23 föranstaltade
490 620 56 19 samt
562 618 78 22 endast
655 618 63 21 dessa
733 619 70 20 orters
818 617 92 22 intresse
926 616 38 22 och

205 651 105 23 Savolaks
332 653 83 21 banans
438 652 137 28 förlängning
592 652 120 22 berörande
727 651 169 28 undersökning,
912 651 52 21 hvil-

204 686 41 21 ken
270 686 81 22 utförts
369 686 23 22 af
406 687 40 21 den
462 686 72 22 derför
549 686 93 22 tillsatta
656 686 174 26 kommissionen,
846 685 48 22 med
910 685 54 22 afse-

205 720 54 21 ende
281 721 68 22 hvarå
366 721 123 22 Ständerna
505 723 72 20 ansett
593 723 33 20 att
642 721 23 22 åt
680 727 26 16 en
721 721 47 21 icke
783 720 57 21 blott
855 719 23 22 af
890 725 74 22 perso-

205 761 39 15 ner
258 754 50 23 från
324 755 27 22 de
366 755 70 22 skilda
450 755 106 28 landskap
565 755 39 22 och
614 755 80 27 städer,
705 754 83 22 hvilkas
798 755 93 21 intresse
901 754 63 21 dessa

204 789 101 28 nordliga
319 790 70 21 banor
404 789 78 28 afsåge,
498 791 53 20 utan
568 790 39 21 ock
623 789 23 22 af
659 790 68 27 några
741 789 8 22 i
763 789 86 22 landets
865 788 97 22 ekonomi

204 823 97 22 förfarne
317 826 48 19 män
381 824 48 21 från
445 825 68 21 andra
523 825 85 21 trakter
618 825 143 21 sammansatt
771 829 122 21 gemensam
903 823 60 21 kom-

204 858 89 22 mission
316 859 67 22 borde
406 859 140 22 öfverlemnas
562 861 34 20 att
610 859 117 22 verkställa
743 858 126 22 ekonomisk
884 857 79 22 under-

204 893 95 27 sökning
321 893 23 22 af
364 893 43 22 alla
429 893 164 28 ifrågavarande
615 893 133 22 landsändar
771 893 39 21 och
826 892 26 21 de
867 891 33 22 för
916 892 46 21 dem

203 927 84 26 yrkade
299 928 122 27 jernvägar,
437 928 154 26 hvarförutom,
607 927 66 22 sedan
682 927 157 22 Torneåbanan
849 925 70 22 blifvit
929 927 34 20 ut-

203 961 49 21 förd
276 962 39 21 och
331 962 65 22 behof
409 962 23 22 af
445 969 26 15 en
487 962 71 22 direkt
573 962 131 27 utförselväg
719 961 59 22 öfver
795 960 167 22 skandinaviska

204 996 74 22 halfön
294 997 157 27 otvifvelaktigt
466 997 33 21 för
514 1003 65 15 norra
594 997 40 22 och
644 997 109 22 mellersta
762 995 104 22 Finlands
877 997 85 25 export-

203 1037 66 15 varor
284 1032 7 21 i
307 1031 70 22 denna
392 1032 96 27 riktning
502 1031 74 28 gjorde
595 1031 33 27 sig
642 1031 107 27 gällande,
764 1030 117 27 utredning
896 1029 66 22 borde

203 1065 78 22 vinnas
297 1066 93 21 rörande
405 1066 40 21 den
462 1066 164 26 transitotrafik,
643 1072 46 15 som
703 1065 74 22 kunde
792 1064 110 28 påräknas
913 1063 48 22 från

203 1100 109 27 Ryssland
331 1101 38 21 och
388 1100 88 28 specielt
495 1100 32 22 S:t
545 1100 138 27 Petersburg,
703 1101 66 26 något
784 1105 46 16 som
847 1098 61 22 äfven
923 1098 39 27 gif-

203 1135 70 21 vetvis
298 1135 118 22 förutsatte
441 1137 31 20 ett
497 1135 97 28 lämpligt
620 1135 141 22 anordnande
787 1133 23 23 af
832 1133 98 22 banorna
955 1134 6 20 i

203 1169 94 22 berörda
319 1170 48 21 med
386 1170 116 27 jernvägar
524 1171 58 20 ännu
607 1170 47 21 icke
678 1169 102 22 försedda
805 1168 94 26 trakter;
922 1168 39 22 och

202 1203 66 22 hafva
291 1204 122 22 Ständerna
435 1204 81 22 anmält
539 1206 34 20 att
598 1204 122 22 Ständerna
745 1204 30 27 på
799 1202 91 22 anförda
914 1202 48 22 skäl

202 1237 47 21 icke
275 1238 85 22 kunnat
385 1238 91 22 omfatta
500 1238 41 22 den
566 1238 84 27 Nådiga
679 1238 176 28 propositionens
881 1237 80 27 förslag

203 1274 33 19 att
260 1272 86 22 besluta
368 1280 33 14 om
424 1272 102 22 Savolaks
546 1274 102 26 jernvägs
670 1272 147 22 fortsättande
840 1271 47 22 från
902 1272 60 21 Kuo-

202 1306 36 27 pio
265 1306 60 22 öfver
349 1307 79 22 Iisalmi
453 1307 32 22 till
509 1308 85 27 Kajana
619 1308 25 21 så
668 1308 85 26 mycket
778 1306 83 22 mindre
886 1312 45 15 som
954 1307 6 20 i

202 1340 99 22 tekniskt
322 1341 121 22 hänseende
465 1342 169 27 anmärkningar
656 1343 69 27 gjorts
747 1340 112 29 angående
881 1340 37 22 det
940 1341 23 21 af

203 1370 172 33 Öfverstyrelsen
400 1376 34 21 för
455 1378 51 23 väg-
528 1376 39 22 och
593 1376 231 28 vattenbyggnaderna
839 1376 122 28 uppgjorda

202 1408 89 28 projekt
305 1410 34 22 för
353 1410 105 22 bandelen
476 1410 81 22 Iisalmi
588 1410 90 29 Kajana,
693 1415 52 18 men
758 1411 97 21 deremot
870 1410 90 22 anhäiiit

203 1445 34 20 att
260 1444 85 22 sådana
365 1444 139 28 fullständiga
527 1446 140 22 ekonomiska
689 1446 40 21 och
751 1445 63 22 deraf
833 1444 127 22 föranledda

201 1478 169 22 instrumentala
385 1480 186 27 undersökningar
586 1480 68 22 måtte
669 1480 111 26 anställas,
796 1481 33 20 att
839 1479 122 22 Ständerna
