1061 1631
211 143 28 19 36
437 140 23 24 U.
477 141 22 23 B.
515 154 30 2 —
561 141 64 28 Prop.
642 141 38 23 N:o
696 142 38 22 30.

500 208 31 20 att
547 207 36 27 för
598 207 126 28 Seinäjoki
742 203 147 36 Kristinestad
902 207 62 27 järn-

427 244 41 26 väg
513 242 36 27 för
593 242 184 28 finansperioden
816 243 148 21 1901—1904

433 278 75 22 ansläs
524 279 121 27 4,000,000
661 279 76 26 mark;
754 277 122 24 äfvensom

500 321 31 20 att
554 320 36 27 för
614 320 269 28 Nyslott—Elisenvaara
898 319 64 28 järn-

427 358 42 26 väg
494 356 35 27 för
553 356 183 27 finansperioden
760 356 148 21 1901—1904
924 363 38 14 an-

428 391 47 22 släs
491 392 119 27 2,500,000
626 393 70 20 mark.

284 528 35 23 Då
335 528 40 23 vid
390 528 138 29 byggandet
543 529 24 22 af
587 528 93 23 landets
696 529 188 29 statsjärnvägar
899 528 62 23 kost-

209 563 107 24 naderna
336 564 36 23 för
391 565 90 22 inlösen
498 564 24 23 af
538 565 68 22 mark
628 564 122 23 äfvensom
770 564 76 29 öfriga
865 563 97 24 därmed

210 600 134 23 förbundna
359 600 99 29 utgifter
473 600 74 23 under
558 600 28 23 de
597 602 95 21 senaste
708 600 155 23 decennierna
880 599 80 23 befun-

209 637 37 21 nit
263 637 38 28 sig
315 637 8 21 i
339 636 67 23 stark
430 636 43 22 och
496 638 85 21 nästan
604 636 125 23 oafbruten
753 636 98 27 tillväxt,
872 635 90 23 hvilket

209 671 148 24 förhållande
373 672 53 22 icke
442 672 141 28 oväsentligt
596 672 108 29 fördyrar
711 673 142 28 järnvägars
865 671 96 30 anlägg-

210 708 68 28 ning,
303 707 42 23 har
363 707 235 30 Järnvägsutskottet
621 707 27 23 så
672 707 95 30 mycket
789 707 92 22 mindre
902 707 59 22 kun-

210 744 43 21 nat
278 743 122 23 underlåta
424 745 35 21 att
482 743 43 23 här
548 745 56 27 taga
624 743 78 23 denna
718 743 69 29 fråga
805 743 35 22 till
859 742 102 23 behand-

209 779 60 29 ling,
289 786 52 16 som
361 779 139 23 densamma
519 780 8 22 i
543 780 34 21 ett
598 779 68 23 stånd
688 779 41 22 vid
749 780 115 21 remissen
884 779 24 22 af
928 785 33 16 nu

209 815 164 29 föreliggande
394 815 88 29 nådiga
502 816 141 28 proposition
664 815 71 22 äfven
754 814 79 23 blifvit
849 814 113 23 särskildt

209 850 93 23 berörd.

283 887 79 28 Enligt
383 887 29 22 de
432 887 25 22 af
474 887 223 29 järnvägskomitén
713 887 7 22 i
737 886 54 23 dess
810 886 150 23 betänkande

209 922 43 23 N:o
265 926 13 19 3
289 922 138 23 meddelade
443 923 169 29 upplysningar
629 923 72 22 hafva
713 922 247 35 expropriationskost-

209 957 107 24 naderna
339 958 39 23 vid
395 958 138 29 byggandet
549 958 24 23 af
583 957 311 30 Riihimäki—Petersburg,
909 957 51 23 Abo

209 994 368 23 —Tammerfors—Tavastehus
594 995 62 22 samt
668 995 65 22 Vasa
744 994 106 23 banorna
861 993 100 30 uppgått

209 1030 37 22 till
264 1034 162 23 2,000—3,000
447 1031 69 22 mark
535 1037 41 22 per
596 1030 99 29 löpande
711 1030 177 27 bankilometer,
907 1037 54 16 men

209 1065 136 24 sedermera
365 1067 130 22 successivt
515 1067 73 28 stigit,
607 1066 130 29 utgörande
753 1066 36 22 för
804 1065 156 30 Björneborgs

209 1101 45 23 och
278 1094 151 31 Äbo-Karis
456 1102 104 23 banorna
583 1102 53 22 icke
660 1101 91 24 mindre
775 1104 30 20 än
829 1101 131 30 respektive

211 1141 66 24 7,998
294 1137 43 23 och
355 1141 78 24 12,345
450 1138 68 22 mark
534 1145 41 23 per
591 1137 101 30 löpande
708 1137 179 23 bankilometer.
919 1137 41 23 Be-

209 1173 105 23 räknadt
332 1175 8 21 i
355 1175 95 27 procent
471 1174 25 22 af
515 1174 117 22 banornas
657 1174 112 28 samtliga
793 1174 167 28 anläggnings-

209 1209 130 23 kostnader
354 1209 72 23 hafva
442 1209 345 29 expropriationskostnaderna
803 1209 35 22 för
853 1209 29 23 de
894 1209 66 23 först-

209 1245 91 23 nämda
323 1245 105 23 banorna
453 1246 88 29 utgjort
561 1245 101 29 ungefär
680 1248 59 20 2—4
748 1245 37 29 %o,
804 1252 54 15 men
878 1245 36 23 för
932 1245 28 23 de

209 1280 64 23 båda
289 1281 132 22 sistnämda
437 1280 100 30 uppgått
552 1281 35 22 till
604 1285 31 23 9,6
651 1281 43 23 och
712 1285 46 23 11,8
766 1281 36 29 %9.

283 1316 44 23 För
347 1318 35 22 att
402 1317 128 29 uppskatta
551 1316 138 30 betydelsen
705 1316 25 23 af
746 1323 33 16 nu
797 1316 88 23 nämda
904 1317 56 22 olik-

207 1352 50 27 het,
279 1352 75 23 mäste
375 1352 129 23 emellertid
525 1354 68 27 tagas
610 1354 7 21 i
634 1352 163 28 betraktande,
815 1353 34 21 att
865 1352 39 22 vid
921 1352 39 23 ba-

208 1394 57 16 mors
281 1388 126 29 byggande
423 1388 132 30 rospoktive
570 1388 144 23 landsorters
725 1389 80 21 natur-
817 1388 43 22 och
871 1388 89 22 kultur-

208 1423 164 23 förhällanden
392 1424 72 22 redan
482 1425 8 21 i
506 1424 43 22 och
569 1424 36 23 för
624 1425 38 28 sig
682 1424 73 22 hafva
774 1423 132 30 betydande
927 1424 33 22 in-

282 1472 185 23 Järnvägsutskottets
479 1472 110 18 betänkande
601 1472 34 18 N:o
648 1474 16 16 1.
