1061 1631
231 234 62 21 Extra
308 234 102 22 ordinarie
426 234 90 27 utgifter,
532 234 62 21 delvis
610 233 155 28 approximativt

442 274 114 27 upptagna:

219 325 115 22 Återstoden
352 329 20 18 af
390 330 88 22 anslagen
496 330 29 17 för
542 330 107 22 utgifvande
670 330 20 17 af
708 330 65 17 finskt-

255 364 54 22 ryskt
321 364 74 18 lexikon
408 365 34 16 och
455 364 118 23 svensk-rysk
586 364 70 18 ordbok
676 377 4 4 .
699 377 72 4 ....

219 398 27 17 Af
270 398 93 22 beviljade
387 399 65 22 anslag
472 399 29 17 för
522 398 98 18 utförande
640 399 21 17 af
680 398 93 18 särskilda

255 432 178 23 landsvägsarbeten
452 433 48 17 inom
517 432 102 23 Uleåborgs
639 433 32 17 län
691 433 82 17 återstår

255 467 30 17 att
297 467 57 22 lyftas
388 479 41 4 os
469 480 51 4 rr
540 480 71 4 rr
698 480 29 4 rr
745 480 28 4 RA

219 501 38 17 För
282 501 114 17 bekostande
418 501 19 17 af
456 501 170 22 väganläggningar
646 501 48 18 inom
713 501 59 22 Kemi,

220 535 47 18 Uleä
281 535 34 18 och
326 535 74 22 Kajana
412 535 80 18 härader
504 535 83 18 äterstär
598 535 21 18 af
630 535 74 22 nädigst
716 535 57 18 bevil-

253 569 44 22 jadt
309 569 70 22 anslag,
392 570 74 21 250,000
479 569 56 21 mark,
549 571 28 16 att
589 569 57 22 lyftas.
676 583 4 4 .
699 582 4 4 .
722 583 3 3 .
745 583 4 3 .
768 583 3 4 .

219 603 9 17 I
247 603 106 23 ersättning
371 603 29 18 för
418 603 22 18 de
458 603 66 18 militie
542 605 70 20 räntor,
630 609 39 12 som
681 603 58 18 under
751 604 21 17 är

256 638 45 17 1899
320 637 60 23 ingått
398 638 30 17 till
448 637 121 22 statsfonden,
585 638 82 17 återstår
680 639 28 16 att
720 637 52 23 godt-

255 673 46 21 göra
313 672 135 18 militiefonden
460 672 83 21 omkring
562 685 3 4 .

219 706 38 17 För
270 706 133 18 hamnarbeten
415 706 30 17 vid
457 706 117 23 Mäntyluoto
586 707 20 16 är
619 705 66 18 staden
696 705 75 23 Björne-

219 809 38 16 För
275 814 23 12 en
316 809 136 22 genomgående
465 811 71 15 remont
549 809 21 17 af
581 809 61 17 Saima
654 809 56 17 kanal
723 809 49 17 äter-

256 843 40 18 stär
309 843 20 18 af
340 843 74 22 nädigst
426 843 91 22 beviljadt
529 843 69 22 anslag,
612 844 90 20 1,000,000
713 843 58 21 mark,

256 879 29 16 att
298 878 93 17 användas.
425 891 1 4 .
447 891 3 4 .
470 891 164 4 .....
583 874 34 31 cc
625 874 13 31 4
652 890 5 5 em
695 891 7 4 a
721 891 4 4 a
744 891 27 4 KR

219 912 27 17 Af
258 912 91 22 anslaget,
362 913 74 20 350,000
447 912 57 21 mark,
516 912 28 17 för
553 912 98 17 utförande
661 912 19 17 af
688 912 83 21 arbeten,

255 947 88 17 afseende
361 947 113 22 utvidgning,
493 946 118 23 fördjupning
627 947 35 17 och
675 946 96 23 uträtning

256 981 21 17 af
293 981 84 18 farleden
393 981 5 16 i
411 981 57 18 Pielis
481 981 27 18 elf
520 983 47 15 samt
578 981 29 17 för
620 981 119 17 anskaffande
752 981 21 17 af

255 1016 29 16 ett
296 1015 121 18 mudderverk
429 1021 23 11 m.
464 1021 23 12 m.
500 1015 82 18 återstår
608 1028 3 5 .
630 1029 4 4 .
653 1028 118 4 ....
741 1011 34 31 cc

219 1049 38 17 För
270 1049 212 23 upprensningsarbeten
495 1050 5 17 i
512 1050 100 22 Ounasjoki
621 1050 27 17 elf
656 1051 22 17 är
686 1050 86 22 anslaget

257 1084 60 20 18,200
329 1084 57 21 mark,
399 1084 68 18 hvaraf
478 1085 40 17 icke
532 1085 124 17 utanordnadt
674 1098 4 4 .
698 1098 3 4 .
721 1098 4 4 .
744 1098 3 4 .
767 1098 4 4 .

218 1117 39 18 För
277 1119 92 22 reglering
390 1119 20 17 af
426 1119 141 18 vattenståndet
588 1119 5 17 i
611 1119 106 22 Muhosjoki
737 1120 34 17 och

257 1152 117 23 Wesalanoja
393 1153 33 17 åar
444 1153 34 17 har
496 1154 87 22 beviljats
600 1154 63 21 92,000
681 1154 58 21 mark,
753 1154 20 18 af

255 1187 72 17 hvilket
340 1188 64 22 anslag
417 1188 82 18 återstår
512 1190 27 16 att
552 1189 112 17 utanordnas.
695 1203 6 3 .
720 1202 3 4 .
743 1202 4 4 .
766 1202 4 4 .

218 1220 27 18 Af
263 1221 32 18 det
313 1221 29 18 för
359 1222 125 23 upprensning
503 1223 21 17 af
533 1223 28 22 Ijo
574 1223 27 17 elf
612 1224 78 17 emellan
702 1224 69 17 Pudas-

254 1255 48 22 järvi
321 1256 33 17 och
367 1256 63 22 lijärvi
444 1256 49 22 sjöar
505 1257 92 23 beviljade
610 1258 86 22 anslaget
708 1259 63 20 28,000

255 1290 52 17 mark
319 1290 57 18 finnes
389 1291 30 17 till
432 1291 109 22 disposition
560 1305 3 4 .
583 1305 4 4 .
607 1305 1 4 .
628 1305 142 5 0.0.

218 1324 39 17 För
270 1324 125 23 upprensning
408 1325 20 17 af
438 1326 64 17 Jämsä
514 1326 11 17 &
537 1326 77 18 emellan
627 1326 63 18 Jämsä
701 1326 70 23 ångsåg

255 1358 34 18 och
301 1359 130 18 Jämsänkoski
443 1360 38 18 fors
494 1361 81 17 återstår
587 1360 20 18 af
615 1361 85 23 anslaget
708 1362 64 21 24,000

255 1395 52 15 mark
319 1396 30 15 till
361 1394 117 23 använäning
493 1408 3 4 .
515 1408 255 6 ............

669 1438 102 21 Transport

848 365 60 21 27,863

912 390 2 28 |

859 468 51 21 9,620]

848 572 61 21 90,354

838 675 72 21 140,000

836 771 78 28 260,000|

838 881 72 20 152,200]

837 1019 73 20 150,000

859 1087 50 20 8,200

847 1191 62 20 67,000]

848 1294 65 20 14,000]

849 1398 64 20 14.000)

835 1438 74 20 933,237

924 366 20 15 15
