1061 1631
179 124 27 20 14
375 123 85 23 Ständ.
477 122 39 24 Sv.
531 136 27 2 —
575 124 74 28 Prop.
665 123 45 23 N:o
725 123 36 23 81.

247 187 38 24 Då
303 187 39 24 det
358 187 64 31 förty
440 187 120 24 befunnits
578 186 90 32 nödigt,
681 185 42 26 att
740 186 53 25 hela
812 186 40 25 det
870 186 64 25 antal

178 231 92 21 vagnar
291 223 232 30 Jernvägsstyrelsen
544 223 128 30 föreslagit,
690 223 133 22 beräknade
842 225 36 20 att
894 223 41 23 ko-

178 261 37 19 sta
233 257 173 30 sammanlagdt
434 258 149 28 17,570,000
609 258 73 28 mark,
700 258 77 22 blefve
795 257 139 29 anskaffadt,

178 292 72 23 hafva
269 292 132 23 Ständerna
418 293 20 29 ej
458 292 73 23 heller
548 293 92 22 kunnat
657 295 84 20 stanna
759 292 41 22 vid
816 291 41 23 det
868 291 65 23 iden

178 327 89 29 nädiga
290 327 173 29 propositionen
481 329 123 27 upptagna
621 327 90 22 antalet
728 326 135 23 lokomotiv.
898 326 37 29 Ty

179 369 37 14 om
235 361 45 22 ock
297 362 78 29 nägon
393 361 158 30 allmängiltig
567 369 67 14 norm
652 361 35 22 för
703 361 164 30 proportionen
880 361 55 22 mel-

178 396 40 21 lan
236 396 170 22 lokomotivens
424 396 44 22 och
485 403 132 22 vagnarnas
635 396 65 22 antal
717 396 22 29 ej
757 396 48 21 kan
819 395 115 30 angifvas,

180 435 25 17 är
227 430 41 22 det
292 430 59 22 dock
374 431 133 29 uppenbart
531 433 41 25 att,
597 430 30 23 dä
648 430 77 22 denna
746 430 135 29 proportion
899 430 36 22 för

178 464 147 23 närvarande
344 472 66 15 anses
431 472 57 15 vara
506 465 35 22 för
559 472 64 21 svag,
641 467 35 20 ett
692 464 138 29 ytterligare
847 464 87 23 försva-

179 499 77 29 gande
281 499 65 22 deraf
369 500 21 29 ej
414 507 56 14 vore
492 499 94 29 rädligt.
622 499 43 22 Ett
682 500 26 21 sä
726 501 59 20 stort
803 499 65 22 antal
886 506 49 15 som

182 534 47 21 160
257 533 127 22 lokomotiv
411 534 65 22 torde
504 533 60 22 dock
582 533 21 30 ej
621 541 57 14 vara
704 533 153 29 nödvändigt,
884 533 50 22 dels

180 567 98 23 emedan
296 567 28 22 de
342 575 46 22 nya
405 569 79 27 banor,
503 576 49 14 som
569 567 75 23 under
661 567 111 30 perioden
796 567 75 22 blifva
882 567 53 22 full-

180 602 111 28 bordade,
309 603 72 21 förses
399 603 52 22 med
470 605 72 20 större
559 603 73 28 rörlig
650 602 107 23 materiel
775 606 30 18 än
823 602 112 22 härförin-

180 645 46 14 nan
245 637 63 22 varit
325 637 97 28 vanligt,
442 637 48 22 dels
512 637 96 22 emedan
626 645 29 14 en
673 637 143 22 allmännare
834 636 101 29 tillämp-

180 672 59 28 ning
264 671 24 22 af
312 671 85 22 dubbel
421 672 71 21 servis
516 672 36 21 för
576 671 157 22 lokomotiven
752 671 74 22 skulle
845 671 90 29 möjlig-

180 709 57 26 göra
248 713 31 14 en
287 706 142 22 intensivare
438 705 153 30 användning
601 706 23 22 af
633 705 73 23 dessa.
723 705 132 22 Ständerna
864 705 70 22 hafva

181 739 91 23 säledes
291 743 76 19 ansett
385 741 35 28 sig
438 741 56 21 böra
509 741 104 22 beräkna
625 741 82 28 anslag
719 740 38 22 till
772 741 48 20 120
832 739 103 22 lokomo-

181 775 42 27 tiv,
241 774 152 29 hvarigenom
410 775 170 22 lokomotivens
598 775 65 22 antal
681 775 74 22 under
770 777 69 19 nästa
850 774 85 22 finans-

181 808 81 30 period
285 809 90 22 komme
400 812 34 19 att
458 809 56 22 ökas
538 809 38 22 till
600 809 57 28 431,
676 809 44 22 och
739 809 89 22 antalet
845 815 90 22 vagnar

181 851 40 22 per
242 844 11 21 1
275 844 129 21 lokomotiv
422 846 35 20 att
474 846 84 27 utgöra
576 844 59 28 29,4.
660 843 83 30 Enligt
761 843 40 22 det
815 843 8 22 i
836 842 45 23 den
894 843 40 22 nä-

181 878 54 29 diga
263 879 173 28 propositionen
462 881 120 26 upptagna
603 878 107 29 förhöjda
727 878 73 29 priset
818 877 35 22 för
871 877 64 22 loko-

181 913 111 27 motiven,
312 913 90 28 75,000
420 913 72 28 mark,
510 913 73 29 stiger
600 912 131 23 kostnaden
749 913 36 21 för
806 912 47 21 120
871 911 63 22 loko-

181 947 74 22 motiv
283 947 37 22 till
347 947 132 28 9,000,000
506 947 72 28 mark,
597 947 43 22 och
658 947 91 29 uppgär
767 946 98 23 sälunda
882 945 53 23 hela

182 982 107 28 anslaget
315 982 36 21 för
376 982 72 29 rörlig
469 982 111 27 materiel,
602 981 29 22 dä
650 982 68 21 äfven
737 981 40 22 det
795 980 85 23 äskade
897 981 39 21 be-

181 1016 80 29 loppet
280 1016 23 22 af
322 1017 106 27 200,000
451 1016 66 22 mark
540 1016 38 22 till
602 1015 195 23 arbetsmaskiner
815 1015 42 22 här
874 1014 62 23 med-

180 1051 94 27 räknas,
292 1051 38 21 till
349 1051 149 28 26,770,000
518 1051 70 22 mark.

249 1085 38 22 Då
306 1067 105 47 ändläget
434 1064 40 54 till
491 1085 171 29 nybyggnader
679 1084 40 23 vid
738 1084 29 22 de
785 1083 92 30 färdiga
894 1083 40 22 ba-

182 1127 73 14 norna
273 1122 81 27 utgör.
391 1137 4 4 .
431 1136 5 5 .
596 1136 4 5 +
637 1136 5 5 .
661 1119 60 22 Fmk
739 1119 157 28 26,784,000:
908 1131 28 2 —

182 1154 43 22 och
244 1154 108 29 anslaget
369 1154 36 22 för
422 1136 72 48 rörlig
512 1132 104 57 materiel
640 1171 4 5 <
688 1171 10 12 n
739 1154 157 27 26,770,000:
908 1165 28 3 —

183 1198 25 18 är
225 1194 42 22 det
284 1194 53 22 icke
354 1194 89 22 mindre
462 1198 29 18 än
514 1211 4 5 .
555 1211 4 5 .
596 1211 4 5 .
638 1211 4 5 .
660 1194 61 22 Fmk
740 1193 196 29 53,554,000:
919 1189 20 38 —

182 1236 49 14 som
249 1228 76 22 under
341 1232 68 20 nästa
425 1228 156 30 finansperiod
600 1231 66 27 tagas
685 1229 8 21 i
708 1228 102 30 anspräk
821 1228 37 22 för
870 1226 67 24 dessa

182 1262 116 23 ändamål.

250 1297 49 23 Vid
325 1297 144 29 beviljandet
495 1298 24 22 af
545 1297 67 23 dessa
638 1297 89 29 anslag,
755 1297 23 22 af
804 1296 81 22 hvilka
909 1304 29 14 en

182 1332 51 22 icke
261 1332 70 30 ringa
356 1332 38 22 del
420 1332 60 22 skall
498 1332 119 23 användas
635 1332 37 22 till
689 1331 102 30 liqvider
807 1333 66 21 utom
889 1330 50 22 lan-

183 1367 45 27 det,
255 1366 73 23 hafva
355 1367 131 22 Ständerna
512 1367 21 29 ej
560 1366 115 28 förbisett,
703 1368 36 20 att
765 1365 174 29 nedläggandet

182 1401 23 23 af
229 1402 27 21 så
281 1401 132 29 betydande
437 1408 100 16 summor
554 1401 64 35 inom
635 1402 75 28 några
727 1401 24 22 få
769 1401 26 21 år
812 1400 32 30 pä
861 1400 79 29 tiiigo-

183 1436 127 22 doseendet
334 1436 24 22 af
381 1436 150 22 omförmälda
553 1435 70 23 behof
640 1435 79 23 kunde
737 1434 72 24 hafva
826 1442 29 14 en
873 1434 9 22 i
899 1434 41 22 nå-
