1061 1631
347 152 25 23 U.
389 152 26 22 B.
432 165 26 3 —
476 152 73 29 Prop.
565 151 45 24 N:o
626 151 30 23 39
832 154 12 19 3

339 218 157 22 ofullbordadt
519 218 8 21 i
551 220 25 19 så
600 220 78 23 måtto,
702 220 33 19 att
759 220 78 19 råerna
853 217 20 29 ej

338 254 78 22 blifvit
431 254 126 29 behörigen
573 254 126 29 rörlagda*.

195 322 160 27 Ridderskapet
376 322 38 21 och
436 322 78 25 Adeln,
539 321 81 22 Preste-
641 320 42 21 och
705 320 170 23 Bondestånden

124 357 69 22 hafva
208 357 102 28 godkänt
325 356 117 29 förslaget.

196 393 187 28 Borgareståndet
397 393 42 21 har
454 393 33 21 uti
505 393 44 21 den
565 393 77 21 finska
657 396 77 18 texten
750 393 79 28 utbytt
842 399 33 15 or-

125 430 39 21 det
181 431 104 24 ,saman*
303 431 13 19 &
332 429 71 21 första
419 429 71 21 raden
506 429 24 21 af
553 431 5 19 2
575 436 67 15 mom.
660 431 47 19 mot
725 429 111 28 ,yhden"”.

195 465 204 28 Borgareståndets
415 465 77 21 beslut
507 465 41 21 har
563 467 87 19 ansetts
666 465 50 21 icke
731 465 56 21 böra
798 464 34 22 till
844 466 30 19 åt-

124 501 56 29 gärd
196 501 123 22 föranleda.

196 537 188 28 Borgareståndet
407 537 42 21 har
472 537 95 22 beslutit
590 538 58 21 fästa
671 537 130 22 Utskottets
819 544 56 21 upp-

125 573 153 23 märksamhet
302 573 87 26 dervid,
413 575 35 20 att
471 573 33 22 uti
528 573 45 22 den
596 573 76 22 finska
693 573 116 28 lagtexten
824 572 51 22 icke

125 609 151 22 förekommer
287 609 161 22 motsvarande
459 609 41 22 ord
511 609 36 22 för
558 609 39 22 det
605 611 13 20 å
626 609 70 22 femte
704 609 70 22 raden
782 609 33 21 uti
826 611 26 19 16
861 609 14 28 $

128 647 7 19 1
155 652 66 15 mom.
239 645 6 21 i
263 645 44 21 den
324 645 100 21 svenska
440 647 78 20 texten
534 645 153 22 förekommer
703 645 71 25 ordet,
792 645 83 28 ,lämp-

125 681 83 28 ligen".

196 711 80 34 Öfriga
291 717 67 21 stånd
374 717 70 21 hafva
460 717 103 28 godkänt
578 717 141 28 paragrafen.

196 753 118 21 Utskottet
339 752 76 22 finner
441 753 65 21 ordet
534 753 143 29 lämpligen"
702 753 55 28 ingå
779 753 7 21 i
811 753 65 21 ordet

127 790 80 28 n80vi”.

196 902 40 22 Uti
269 903 105 21 ärendets
402 902 143 29 behandling
568 903 70 21 hafva
665 903 104 28 deltagit:
801 903 74 21 ordfö-

125 938 87 22 randen
237 938 151 27 Hermanson,
420 939 163 26 ledamöterne,
614 939 95 21 friherre
734 946 47 14 von
805 938 70 27 Born,

125 973 155 27 Svinhufvud,
296 974 82 27 Walle,
394 974 133 29 Runeberg,
546 975 133 28 Karlsberg,
695 974 104 26 Erenius,
815 974 60 21 Lun-

125 1009 88 27 denius,
237 1009 119 30 Tallgvist,
380 1010 78 27 Aulin,
478 1010 103 27 Fieandt,
600 1010 123 22 Kakkinen
741 1011 42 21 och
799 1010 72 22 Laine

125 1047 59 20 samt
199 1045 175 30 suppleanterne
390 1045 96 23 friherre
502 1046 26 21 V.
545 1053 47 15 von
607 1046 101 26 Hellens,
726 1046 87 21 Genetz
831 1046 42 21 och

125 1081 117 29 Liljeroos.

196 1153 145 29 Helsingfors
358 1154 44 22 den
420 1156 12 19 4
446 1154 53 28 juni
518 1156 61 20 1900.

199 1483 211 19 Vattenrättsutskotteis
422 1484 119 19 betänkande
554 1483 37 20 N:o
602 1485 17 18 4.

902 325 49 28 98.

905 544 26 20 16
948 542 20 29 8.
