1061 1631
445 140 40 22 N:o
501 141 34 21 33.
827 141 12 20 3

468 210 12 21 3
496 209 18 28 8.

179 250 9 21 I
211 249 62 22 katsa
296 249 52 22 eller
370 255 70 16 annan
464 249 24 21 af
506 249 79 27 spjälar
604 249 56 27 bygd
680 248 190 28 fångstinrättning

110 284 55 21 skall
181 284 78 21 minsta
274 283 108 22 afståndet
398 283 79 22 mellan
493 283 108 28 spjälarne
616 289 54 16 vara
684 283 37 22 två
736 283 132 22 centimeter.

182 319 24 27 Ej
230 319 35 21 må
288 319 62 21 katsa
370 319 33 21 för
423 319 67 27 laglig
508 325 69 20 anses,
598 325 45 15 som
659 319 19 26 ej
694 321 25 19 är
735 319 24 20 så
774 317 95 22 inrättad

111 355 33 20 att
167 353 48 22 dess
235 353 102 27 mynning
356 352 62 22 äfven
435 353 35 21 vid
485 353 71 27 lägsta
571 353 137 22 vattenstånd
725 355 24 19 är
764 353 105 21 tillsluten

111 388 63 21 ofvan
190 390 85 19 vattnet
290 388 57 21 ända
362 387 33 22 till
411 390 134 24 vattenytan.

467 451 49 27 48.

179 491 101 27 Redskap
299 490 24 21 af
341 496 52 21 garn
409 490 33 21 får
458 491 18 26 ej
492 490 65 22 hafva
572 490 82 21 mindre
670 490 111 21 maskvidd
796 491 25 20 än
838 491 33 20 att

112 524 107 23 afståndet
234 525 78 21 mellan
328 525 101 21 maskans
445 525 87 27 knutar,
549 525 27 21 då
591 525 116 26 redskapet
718 526 24 19 är
752 524 6 21 i
769 524 46 21 vått
826 524 44 21 till-

111 559 69 27 stånd,
196 561 69 26 utgör,
281 559 6 21 i
303 559 91 27 redskap
410 559 34 21 för
458 559 72 27 fångst
545 559 24 21 af
579 565 56 20 nors,
647 559 76 26 siklöja
735 559 52 21 eller
797 559 73 21 hvass-

112 593 44 22 buk
178 594 37 27 tio,
237 594 8 21 i
263 593 93 28 redskap
375 593 34 22 för
428 593 210 28 strömmingsfångst
653 593 86 28 fjorton,
755 593 6 21 i
777 593 92 27 redskap

113 627 32 22 för
160 627 161 28 fjällfiskfångst
336 627 104 28 tjugufem
458 628 39 21 och
513 628 6 21 i
530 627 92 27 redskap
634 627 32 22 för
676 627 108 28 laxfängst
795 627 74 22 femtio

112 662 129 21 millimeter.
271 662 82 21 Minsta
375 662 140 21 maskvidden
539 662 6 21 i
567 668 53 21 garn
642 662 32 21 för
693 661 70 28 fångst
783 662 22 21 af
819 668 50 15 nors

113 697 52 21 eller
187 697 76 26 siklöja
285 697 42 21 kan
346 696 66 22 likväl
432 696 34 22 för
482 697 52 21 visst
550 697 126 26 vattendrag
692 697 53 21 eller
761 697 33 20 del
810 696 61 22 deraf

113 732 110 21 nedsättas
239 731 33 22 till
287 731 46 22 åtta
349 731 131 22 millimeter.

181 765 24 28 Ej
229 767 34 20 må
283 765 34 22 för
331 765 71 28 fångst
418 765 23 22 af
455 772 56 20 nors,
527 765 77 27 siklöja
629 765 53 22 eller
697 765 126 28 strömming
839 765 30 22 af-

113 801 52 21 sedd
189 801 91 26 redskap
303 802 94 20 utsättas
420 801 14 20 å
457 801 81 21 sådana
557 801 77 21 ställen
652 800 52 21 eller
720 801 13 20 å
749 799 66 22 sådan
832 800 37 26 tid,

113 837 34 20 att
161 841 70 16 annan
247 835 40 21 fisk
307 835 2 21 i
325 835 104 21 nämvärd
446 835 49 22 mån
511 835 48 22 med
575 835 118 27 redskapen
711 835 84 27 fångas;
815 835 54 21 dock

113 869 34 22 får
161 876 61 15 nors-
237 870 52 21 eller
304 870 176 26 strömmingsnot
496 870 108 21 användas
621 869 33 22 för
664 869 71 27 fångst
745 869 23 22 af
777 869 92 27 fjällfisk,

113 909 34 16 om
163 904 57 21 kilen
236 904 82 27 utbytts
335 906 45 19 mot
394 910 70 15 annan
480 904 24 21 af
517 904 66 21 sådan
598 904 88 27 gleshet,
702 910 45 15 som
764 910 33 15 om
813 903 56 28 fjäll-

114 937 94 28 fiskgarn
224 940 65 25 sagts.

470 991 12 20 5
499 990 19 27 8.

182 1030 62 21 Hvad
264 1030 5 21 i
288 1031 13 20 4
320 1030 11 27 &
351 1032 58 25 sagts
425 1032 24 19 är
465 1030 19 27 ej
500 1029 123 28 tillämpligt
639 1030 12 21 å
667 1032 42 24 nät,
726 1036 45 15 som
786 1029 83 22 telnadt

113 1063 48 22 icke
176 1064 125 27 öfverstiger
316 1065 73 26 sjuttio
405 1065 138 21 centimeters
558 1065 50 26 höjd
624 1065 40 21 och
675 1065 76 21 endast
762 1064 107 21 användes

113 1097 34 22 till
170 1097 105 28 fångande
297 1099 24 21 af
337 1099 54 26 löjor
410 1099 41 21 och
467 1105 70 15 annan
553 1098 89 28 agnfisk,
658 1099 18 27 ej
693 1099 66 21 beller
775 1098 13 21 å
803 1097 67 22 sådan

114 1132 35 22 vid
164 1132 57 22 skaft
235 1133 72 21 fästad
322 1133 43 27 håf,
382 1139 44 15 som
443 1135 25 19 är
484 1133 74 22 afsedd
574 1133 33 22 för
622 1133 120 27 agnfångst.

182 1167 113 22 Likaledes
314 1168 35 21 må
368 1167 72 27 fångst
455 1168 24 21 af
493 1168 61 27 spigg
569 1167 34 22 vid
619 1167 131 27 hafskusten,
767 1168 24 22 så
807 1168 40 22 ock
862 1168 7 22 i

114 1201 53 27 insjö
183 1202 52 21 eller
251 1202 34 21 del
299 1202 23 21 af
335 1202 61 26 insjö,
414 1202 61 22 hvari
492 1202 77 22 sådant
584 1202 42 22 kan
637 1202 66 21 varda
713 1202 103 22 särskildt
826 1203 43 21 till-

114 1236 60 26 låtet,
185 1236 67 22 under
262 1236 95 22 Oktober
368 1237 39 21 och
417 1237 122 21 November
553 1236 102 22 månader
663 1236 106 22 bedrifvas
777 1238 48 21 med
833 1238 42 21 håf

114 1270 24 22 af
151 1270 126 28 erforderlig
292 1271 75 26 täthet,
384 1271 72 21 fästad
472 1271 35 21 vid
524 1272 58 21 skaft
597 1271 38 22 och
651 1271 47 21 med
713 1272 63 26 högst
787 1272 84 26 sjuttio-

113 1304 43 22 fem
171 1305 135 22 centimeters
322 1305 49 21 vidd
387 1306 6 20 i
409 1306 182 27 genomskärning
606 1306 31 21 uti
652 1306 133 27 mynningen.

470 1370 13 20 6
500 1369 19 27 8.

183 1409 49 27 Nät,
248 1411 67 19 annat
330 1409 48 26 slag
393 1409 23 21 af
430 1411 107 25 sättgarn,
553 1410 69 27 ryssja
638 1410 52 21 eller
700 1416 70 15 annan
782 1410 88 21 stående

113 1443 94 27 redskap
229 1443 35 21 må
286 1444 18 26 ej
323 1445 93 20 utsättas
435 1444 7 21 i
457 1443 84 28 fiskled,
557 1444 18 27 ej
592 1444 67 22 heller
674 1444 51 22 fiske
741 1444 49 22 med
805 1445 67 27 rörlig
