1061 1631
169 118 13 21 8
397 117 29 23 U.
441 117 28 23 B.
487 131 24 3 —
528 118 75 28 Prop.
620 118 42 23 N:o
678 118 37 23 42.

170 189 107 22 hafvare-
295 189 43 22 och
356 189 162 30 orderpapper,
537 190 8 21 i
563 190 127 22 allmänhet
717 189 92 23 förorda
837 189 95 23 mortifi-

171 224 224 22 kationsinstitutets
413 225 164 28 utsträckning
604 225 62 21 blott
683 225 37 21 till
739 224 88 23 sådana
845 225 87 21 urkun-

171 258 47 29 der,
236 258 42 22 vid
299 258 82 23 hvilka
407 259 144 28 rättigheten
570 259 44 22 och
638 259 51 22 dess
707 259 129 22 utöfvande
863 263 38 18 äro
923 259 9 21 i

170 293 74 29 något
263 293 107 22 afseende
389 293 97 22 bundna
503 293 40 22 vid
562 293 84 30 sjelfva
663 293 144 30 handlingen
825 293 43 22 och
880 293 51 22 dess

170 327 181 22 innehafvande.
382 327 43 22 Ett
442 327 123 30 undantag
582 328 104 22 härifrån
704 328 43 22 har
765 327 60 22 dock
844 329 87 20 ansetts

170 361 58 23 böra
249 369 44 22 ega
314 369 51 15 rum
384 362 145 22 beträffande
547 362 153 28 skuldsedlar,
719 370 48 15 som
786 366 39 18 äro
843 361 88 22 inteck-

170 396 60 22 nade
258 397 8 20 i
290 396 47 22 fast
360 396 121 29 egendom,
500 397 96 22 emedan
614 397 129 29 förnyande
762 397 44 21 och
825 395 106 24 dödande

171 431 23 22 af
221 431 139 28 inteckning
387 431 75 28 enligt
488 431 39 29 lag
553 431 136 22 förutsätter
713 433 36 20 att
773 431 158 28 intecknings-

171 465 146 29 handlingen
341 465 85 22 företes
447 465 8 22 i
474 465 159 22 hufvudskrift
650 466 63 21 inför
731 465 106 28 domstol,
856 465 75 22 ehvad

171 499 145 30 handlingen
344 503 25 18 är
396 500 23 21 af
445 500 100 29 löpande
569 503 70 19 natur
662 500 56 22 eller
742 502 70 27 utgör
835 507 29 14 en
886 500 45 21 för-

171 534 119 29 skrifning
309 534 37 22 till
363 534 48 22 viss
430 542 60 14 man.

241 773 39 22 Nu
303 774 161 29 föreliggande
486 775 127 28 lagförslag
635 775 98 28 intager,
753 774 62 22 hvad
837 775 95 21 mortifi-

171 808 226 22 kationsinstitutets
418 809 142 28 omfattning
577 809 117 28 beträffar,
713 808 123 23 enahanda
853 809 78 22 stånd-

171 843 84 28 punkt,
275 850 48 15 som
340 843 223 29 Lagberedningens
581 843 87 29 förslag
686 844 8 21 i
713 846 84 19 ämnet.

240 877 12 20 I
280 877 108 22 afseende
415 878 13 21 &
456 877 335 22 mortifikationsförfarandets
815 878 117 21 allmänna

172 911 132 29 anordning
325 913 69 28 utgår
412 913 185 28 propositionens
616 912 241 29 författningsförslag
875 912 56 22 lika-

171 945 62 22 ledes
259 947 53 21 från
333 946 45 22 den
400 947 159 28 uppfattning,
578 949 35 20 att
631 954 29 14 en
677 947 30 28 på
725 947 120 28 enhetliga
862 954 70 21 grun-

172 980 39 21 der
229 981 114 22 hvilande
361 981 113 29 procedyr
492 981 61 22 inför
571 981 98 22 domstol
688 985 25 18 är
731 981 54 22 bäst
802 981 77 29 egnad
898 983 34 20 att

171 1015 129 29 behörigen
331 1018 85 26 trygga
447 1015 83 29 okänd,
558 1015 74 29 redlig
662 1015 163 22 innehafvares
854 1015 23 22 af
903 1023 28 14 en

170 1049 36 22 för
240 1049 121 23 sökanden
391 1050 143 22 förkommen
563 1050 93 21 urkund
686 1050 103 29 anspråk
818 1051 30 28 på
879 1049 53 22 den-

172 1091 95 21 samma,
295 1084 111 22 särskildt
436 1092 35 14 om
502 1084 118 23 dödandet
648 1085 93 28 föregås
772 1084 23 22 af
825 1084 106 29 offentlig

171 1118 141 30 kungörelse
330 1119 8 21 i
356 1119 69 28 vissa,
445 1127 28 13 en
491 1120 62 28 gång
571 1119 35 22 för
624 1119 47 22 alla
688 1119 123 22 bestämda
828 1126 104 14 nummer

172 1153 22 21 af
219 1153 118 22 allmänna
361 1153 156 29 tidningarna.
554 1153 49 22 Och
624 1157 56 18 enär
698 1154 52 27 den,
769 1161 49 14 som
836 1154 96 21 förlorat

171 1190 34 19 ett
229 1187 163 23 innehafvare-
417 1188 55 22 eller
494 1188 161 29 orderpapper,
674 1188 52 22 icke
747 1188 81 22 vidare
851 1192 25 17 är
894 1188 38 21 be-

170 1222 69 28 hörig
267 1225 35 19 att
328 1222 80 22 utöfva
435 1224 77 28 någon
536 1225 48 19 rätt
606 1224 30 27 på
660 1222 78 29 grund
762 1222 23 22 af
808 1222 124 22 urkunden

171 1259 60 19 samt
259 1256 88 22 således
375 1258 75 28 enligt
475 1264 33 14 nu
533 1257 109 28 gällande
666 1256 151 29 lagstiftning
842 1257 20 29 ej
886 1257 45 21 kan

171 1291 102 22 utverka
295 1291 84 22 förbud
397 1291 36 22 för
451 1292 45 21 den
514 1299 83 21 genom
615 1292 45 21 slik
678 1291 94 22 urkund
791 1291 141 29 förpligtade

171 1327 34 19 att
229 1326 39 21 till
289 1326 52 21 dess
362 1333 45 21 nye
426 1326 151 22 innehafvare
595 1326 101 29 fullgöra
715 1325 135 22 urkundens
869 1326 63 21 inne-

171 1359 54 28 håll,
248 1360 43 22 har
312 1360 8 22 i
341 1360 174 29 propositionen
536 1360 52 22 med
609 1360 323 22 mortifikationsförfarandet

170 1394 135 22 förbundits
325 1397 48 19 rätt
393 1395 37 21 för
447 1394 120 23 sokanden
585 1397 35 19 att
637 1394 100 23 utverka
755 1394 84 22 sådant
857 1394 73 22 betal-

171 1428 164 29 ningsförbud.

241 1472 133 22 Lagutskottets
386 1472 110 18 betänkande
508 1472 37 18 N:o
558 1473 29 17 13.
