1061 1631
356 109 26 22 U.
398 109 26 22 B.
444 122 26 3 —
487 109 72 28 Prop.
576 109 44 23 N:o
637 109 29 22 338
831 111 26 19 13

135 175 129 28 orenlighet
289 175 43 21 och
356 175 68 21 dessa
444 177 40 19 nät
506 177 29 26 pä
559 182 86 14 samma
660 177 61 26 gäng
737 175 82 21 hindra
835 175 51 25 fisk,

136 218 49 14 som
209 210 112 29 möjligen
345 211 94 28 nedgätt
464 211 85 21 mellan
572 211 87 21 risslets
684 211 93 26 stafvar,
799 213 33 19 att
854 211 33 21 in-

136 247 91 21 komma
250 246 7 21 i
281 246 84 26 turbin,
390 249 60 19 samt
473 247 71 25 rissel,
569 247 8 20 i
600 247 40 21 fall
664 247 39 21 det
725 251 66 24 göres
809 247 23 21 af
847 249 39 23 trä,

136 285 71 18 måste
231 282 101 28 tilltagas
355 282 8 21 i
384 282 85 21 sådana
485 282 160 26 dimensioner,
663 286 33 18 att
711 291 29 13 en
756 283 132 28 minskning

136 318 23 21 af
183 318 220 28 genomloppsarean
426 320 96 27 uppstär
546 319 43 20 och
613 326 29 13 en
658 319 65 20 deraf
738 318 101 29 följande
855 321 33 18 ut-

136 354 113 29 vidgning
266 354 23 21 af
304 354 109 21 kanalens
429 354 74 21 bredd
518 354 84 21 blifver
617 354 78 29 nödig,
711 355 42 20 har
769 355 38 20 det
823 357 64 26 synts

136 390 125 25 Utskottet,
287 392 32 19 att
342 391 176 27 ifrågavarande
543 391 92 27 afstånd
657 391 14 22 å
694 392 85 21 risslets
802 392 86 27 stafvar

136 428 75 21 kunde
226 426 8 20 i
249 428 77 26 någon
342 428 53 19 mån
412 426 54 21 ökas
483 427 42 20 och
539 427 126 27 fastställas
680 428 33 21 till
723 428 62 26 högst
795 428 29 21 50
835 433 51 16 mm.

210 462 13 28 8
239 464 27 19 21
284 462 8 21 i
308 461 106 29 gällande
438 461 162 29 fiskeristadga
623 462 132 26 innehåller,
780 464 33 19 att
837 462 49 25 den,

137 505 48 14 som
210 498 75 21 färdas
309 498 53 21 med
385 497 77 29 fartyg
486 498 55 21 eller
561 498 45 26 båt,
624 498 58 21 skall
698 505 59 21 noga
773 498 60 21 tillse
850 498 38 21 det

137 534 47 21 han
199 533 20 29 ej
237 536 55 18 utan
308 533 120 28 nödtvång
444 533 100 22 öfverfar
560 533 165 29 fiskeredskap,
743 541 48 14 som
808 537 24 18 är
845 533 43 21 för-

139 570 56 21 sedd
219 569 53 21 med
287 572 75 19 vettar
378 569 54 21 eller
448 569 109 29 flytspån,
575 571 24 20 så
616 572 32 19 att
664 570 44 21 den
725 577 36 14 ses
777 570 51 25 kan,
845 569 42 21 och

138 605 20 29 ej
176 605 8 21 i
199 605 79 28 vanlig
302 605 101 28 segelled
427 605 76 22 finnes
519 605 85 28 utlagd.
636 606 70 21 Detta
722 605 127 28 stadgande
865 609 23 17 är

137 641 8 22 i
160 641 51 21 nåd.
236 641 172 28 propositionen
432 643 70 20 ersatt
517 649 83 20 genom
616 641 175 28 bestämningen
806 641 9 21 i
830 641 14 28 $
860 643 27 19 23

138 679 33 20 att
186 677 70 29 ingen
272 679 37 19 må
325 677 114 22 öfverfara
455 677 166 29 fiskeredskap,
639 685 49 14 som
704 681 24 18 är
744 679 71 20 utsatt
825 680 63 19 utom

137 713 126 28 behörigen
278 713 121 28 utprickad
416 713 73 21 farled
506 713 42 21 och
565 713 87 22 utvisas
670 713 23 21 af
708 713 86 28 tydligt
804 713 82 21 märke.

138 751 15 20 I
166 751 70 20 stället
253 750 38 27 för
310 751 107 26 uttrycket
439 750 128 28 ,behörigen
586 751 118 26 utprickad
720 749 87 28 farled"
824 755 65 22 synes

140 787 97 24 vällmän
251 785 96 28 farled",
364 785 72 28 enligt
451 785 131 22 Utskottets
599 785 75 26 tanke,
685 793 56 14 vara
752 787 134 26 lämpligare.

208 821 68 26 Enär,
299 821 92 28 jemlikt
414 821 139 21 Ständernas
577 821 53 21 med
654 821 123 28 anledning
798 821 23 21 af
836 821 51 21 nåd.

137 857 174 28 propositionen
326 857 43 21 N:o
387 859 10 19 1
416 857 87 21 fattade
519 857 81 26 beslut,
618 857 130 28 kungsådra
763 857 52 21 icke
826 857 62 21 kom-

137 900 37 14 me
197 895 34 19 att
253 893 126 21 förefinnas
403 893 8 20 i
435 893 35 28 sjö
493 893 54 21 eller
571 895 69 19 annat
664 893 57 21 sund
739 896 29 18 än
783 893 104 25 ledsund,

138 930 65 21 borde
226 931 13 24 $
260 930 29 21 25
311 930 173 27 omformuleras
504 931 9 20 i
533 931 91 26 enlighet
644 931 50 20 med
714 930 175 27 ordalydelsen
877 926 16 35 i

138 972 65 16 mom.
219 966 15 21 3
249 967 14 24 $
280 966 27 21 11
323 966 50 27 kap.
392 967 28 29 17
436 966 26 21 B.
481 966 26 21 B.

209 1001 104 20 Emedan
338 1008 53 13 man
416 1001 52 20 icke
500 1008 69 21 synes
600 1001 78 21 kunna
702 1001 128 25 förutsätta,
857 1003 33 18 att

138 1036 157 26 landtmätare,
321 1044 48 13 som
393 1037 136 21 verkställer
555 1037 135 28 utstakning
713 1037 24 20 af
762 1036 126 28 frednings-

139 1072 97 25 omräde,
261 1071 65 22 alltid
349 1072 95 21 besitter
463 1079 46 21 nog
526 1073 170 20 sakkännedom
712 1072 35 21 för
763 1074 33 19 att
812 1072 77 21 kunna

139 1108 78 28 afgöra
241 1108 115 21 huruvida
379 1109 43 20 och
446 1109 74 20 under
540 1108 95 21 hvilken
650 1108 35 21 tid
700 1108 59 21 fiske
776 1108 23 21 af
813 1108 76 28 gädda

139 1144 42 21 och
203 1144 52 21 lake
277 1144 71 22 borde
371 1144 23 21 fä
418 1144 67 22 idkas
501 1144 62 22 inom
579 1144 228 29 fredningsomrädet,
824 1144 64 22 torde

139 1180 136 28 stadgandet
299 1180 78 21 härom
398 1180 8 21 i
427 1180 14 28 S
463 1182 28 20 26
508 1180 55 22 böra
579 1182 55 26 utgå
650 1181 42 21 och
707 1180 9 22 i
732 1180 52 22 dess
801 1180 64 21 ställe
881 1182 8 21 i

137 1217 170 27 Riskeristadgan
333 1218 89 26 intagas
448 1224 26 14 en
498 1218 85 20 allmän
606 1218 143 26 bestämning,
773 1218 32 20 att
829 1218 59 20 inom

137 1252 209 27 fredningsomräde
359 1253 57 27 finge
432 1254 63 20 alltid
511 1253 117 21 användas
642 1253 49 21 med
700 1253 41 26 fisk
751 1253 75 27 agnad
835 1253 54 21 krok

139 1288 32 22 till
184 1288 52 26 fiske
251 1288 29 26 af
290 1288 76 27 gädda
382 1288 38 22 och
436 1289 54 26 lake,
508 1289 112 26 äfvensom
636 1289 49 21 med
700 1289 88 21 mindre
802 1288 87 27 ryssjor

139 1324 37 21 och
198 1324 102 26 mjärdor
322 1324 65 21 idkas
406 1323 78 28 fängst
505 1324 28 27 af
548 1325 76 26 gädda
644 1324 38 22 och
705 1324 52 27 lake,
778 1324 111 22 hvardera

138 1360 71 21 under
225 1360 50 20 dess
291 1360 70 26 lektid,
378 1358 135 29 isynnerhet
529 1366 48 14 som
593 1359 103 28 gäddans
711 1358 73 22 lektid
799 1358 90 22 infaller

138 1394 35 21 till
194 1394 57 22 först
271 1402 38 14 om
330 1396 76 24 vären,
429 1395 29 21 dä
479 1394 51 22 icke
552 1395 70 21 andra
637 1394 71 22 fiskar
723 1394 74 22 blifva
813 1394 76 21 störda

213 1436 211 18 Vattenrättsutskottets
437 1436 118 19 betänkande
567 1436 36 18 N:o
616 1437 18 18 6.

919 822 29 19 25
966 820 19 29 S.

920 1001 30 20 26
967 999 19 28 &.
