1061 1631
182 161 26 20 16
387 158 74 24 Ständ.
476 158 36 24 Sv.
528 172 27 3 —
571 159 62 29 Prop.
650 159 35 24 N:o
702 160 36 22 37.

181 222 26 21 af
227 222 47 21 fast
297 223 111 28 egendom
431 222 36 22 för
490 223 94 20 allmänt
608 223 71 21 behof
697 226 24 18 är
737 223 114 28 stadgadt,
868 223 74 22 dertill

181 257 48 21 lösa
251 257 86 21 sådana
359 257 87 27 ställen,
470 259 14 19 å
502 257 77 21 hvilka
598 257 51 21 dess
665 257 210 28 betydelsefullaste
890 257 52 22 fisk-

182 291 49 28 slag
253 291 97 22 förrätta
374 291 35 21 sin
433 291 43 27 lek,
499 291 72 28 yngel
594 291 80 28 plägar
696 291 123 29 uppehälla
838 291 35 29 sig
888 291 54 22 eller

181 325 86 22 fiskens
282 325 135 29 skyddande
434 325 66 28 eljest
515 328 24 19 är
555 325 25 22 af
593 326 56 28 vigt,
667 325 70 29 jemte
756 326 81 28 nödigt
855 328 87 19 vatten-

182 359 93 22 omräde
291 360 105 28 omkring
411 360 120 21 desamma.

250 394 139 22 Underlätes
410 394 45 26 det,
471 394 46 21 kan
532 395 128 21 inrättande
676 395 26 21 af
714 395 228 28 fredningsomräden

183 436 83 21 genom
290 429 82 28 nådigt
392 429 153 21 förordnande
563 429 118 28 päbjudas,
697 429 42 22 och
755 429 70 22 varde
840 429 5 21 i
862 429 80 22 sådant

183 463 40 21 fall
246 463 27 21 af
291 463 101 22 etthvart
415 463 147 22 fiskevattens
581 463 82 28 ytvidd
683 463 68 29 högst
774 471 29 14 en
820 463 120 25 tiondedel,

183 497 143 22 omfattande
342 497 82 22 ställen
440 497 26 22 af
480 497 139 22 ofvannämd
634 497 159 22 beskaffenhet
809 497 42 22 och
866 498 75 21 helst
929 493 15 38 i

183 534 32 19 ett
231 532 172 28 sammanhang,
419 531 37 22 för
472 532 128 21 ändamålet
615 532 95 28 utlagdt.

251 566 46 21 För
319 566 143 26 fiskevatten,
486 573 48 14 som
549 569 83 26 gränsa
650 567 35 20 till
704 567 133 25 hvarandra,
852 569 37 18 må
904 574 37 21 ge-

182 603 113 19 mensamt
317 601 213 28 fredningsområde
553 601 112 28 utläggas,
688 608 37 14 om
748 609 97 20 egarene
864 601 77 21 derom

182 634 95 28 sämjas;
293 635 42 22 och
351 635 115 21 nedsättes
482 635 6 20 i
504 635 80 21 sådant
599 635 40 21 fall
656 635 70 22 ofvan
739 635 110 28 stadgade
859 635 83 28 högsta

182 669 67 21 andel
266 669 35 22 till
317 677 28 14 en
356 669 154 22 femtondedel
522 669 26 22 af
555 671 107 20 vattnens
674 669 169 29 sammanlagda
853 669 87 29 ytvidd.

252 703 43 22 Om
311 704 137 28 utbrytning
464 703 26 22 af
503 703 212 28 fredningsområde
730 704 40 21 vid
785 704 156 21 fiskevattens-

182 737 69 22 skifte
269 741 24 18 är
309 738 69 21 skildt
394 738 112 28 stadgadt.

539 807 49 28 78.

250 853 12 20 I
285 853 211 28 fredningsområde
519 855 36 19 må
574 853 28 28 ej,
623 853 74 21 såvidt
713 853 112 22 undvikas
841 853 51 26 kan,
909 853 31 20 in-

182 887 83 28 dragas
288 887 164 22 malmförande
476 887 36 21 del
535 887 25 21 af
581 887 40 28 sjö,
645 887 20 28 ej
684 887 71 21 heller
771 887 66 28 plats,
853 894 48 15 som
916 889 25 19 är

181 921 102 28 behöflig
299 921 36 22 för
350 921 88 28 lertägt.
561 946 6 7 N

508 999 11 13 e
537 991 48 28 88

251 1035 76 29 Egare
349 1036 34 21 till
406 1036 211 28 fredningsomräde
639 1044 53 13 vare
715 1036 94 28 skyldig
828 1038 33 19 att
880 1035 60 22 hälla

181 1069 51 21 dess
249 1073 95 25 gränser
359 1077 83 22 genom
457 1070 94 29 tjenliga
567 1071 94 21 märken
677 1071 105 28 synbara,
799 1073 24 18 sä
837 1070 43 22 ock
890 1070 7 21 i
908 1070 31 21 in-

180 1103 41 28 sjö,
246 1104 40 21 der
304 1104 83 21 fiskens
406 1105 112 28 gväfning
533 1105 71 21 under
620 1105 48 21 isen
685 1105 45 21 kan
745 1105 96 25 befaras,
858 1111 81 22 genom

180 1138 165 22 stenkummels
360 1139 54 21 eller
430 1147 74 13 annan
520 1139 103 29 resnings
639 1139 144 29 uppförande
794 1139 53 21 eller
858 1139 81 21 vakars

180 1172 173 29 upphuggande
368 1173 84 21 bereda
466 1174 74 21 luften
556 1174 98 21 tillträde
670 1174 34 21 till
719 1176 96 19 vattnet.

535 1244 12 19 9
563 1243 20 28 8.

251 1288 219 28 Fredningsområde
491 1288 57 21 skall
567 1288 75 22 städse
657 1296 54 14 vara
727 1288 90 21 fredadt
833 1288 51 21 från
899 1288 39 21 allt

179 1321 58 21 fiske
254 1322 50 20 med
321 1322 117 28 undantag
453 1322 26 21 af
492 1322 140 28 kräftfångst
647 1325 57 19 samt
721 1322 26 21 af
760 1322 69 28 gädd-
840 1322 42 22 och
892 1322 46 21 lak-

179 1355 64 26 fiske,
267 1358 30 26 på
319 1358 44 19 sätt
386 1356 77 21 derom
486 1356 107 22 särskildt
610 1357 104 28 stadgas;
731 1357 43 21 och
789 1358 36 19 må
841 1356 19 28 ej
878 1357 60 21 inom

179 1390 104 21 området
299 1390 54 21 elier
368 1392 12 19 å
397 1390 139 22 Ulsvötando
551 1390 78 22 strand
645 1393 65 26 tagas
726 1391 75 22 malm,
817 1394 57 22 sten,
885 1391 53 25 lera,

179 1424 56 20 sand
261 1424 53 21 eller
337 1424 83 28 dylikt;
444 1425 58 21 dock
524 1424 36 22 får
578 1424 100 28 sjöfoder
694 1425 81 27 bergas
792 1424 58 22 efter
865 1425 44 21 den
926 1427 12 19 5

178 1457 49 22 Juli
244 1461 57 19 samt
317 1459 37 21 säf
367 1459 42 21 och
425 1466 51 14 vass
493 1460 38 20 vid
548 1459 70 21 behof
631 1459 80 28 glesas.
