1061 1631
452 103 43 21 N:o
512 105 32 19 32.
837 106 12 19 9

124 172 48 21 fors
188 173 13 20 å
217 172 44 22 den
277 172 74 22 andra
366 172 74 28 sidan,
457 171 46 22 den
518 179 46 21 nya
580 172 78 21 banan
674 172 98 22 bekosta
783 174 35 20 ett
828 173 54 28 spår

128 206 60 22 ända
203 207 61 21 fram
279 206 38 22 till
332 206 157 29 Helsingfors,
509 207 38 21 för
564 206 92 23 hvilket
671 207 158 22 kostnaderna
844 207 39 22 be-

125 240 96 22 räknats
237 241 38 21 till
290 243 92 26 400,000
397 241 73 21 mark.
496 241 65 21 Enär
571 241 40 21 det
622 241 13 21 å
645 240 171 29 Fredriksberg
825 247 58 23 upp-

126 274 68 22 förda
209 275 169 22 stationshuset
393 279 26 18 är
435 275 138 29 obetydligt,
590 275 46 21 blir
645 275 74 22 redan
729 275 30 28 på
769 275 78 29 grund
858 276 26 21 af

123 308 188 30 hufvudspårens
318 309 154 29 förlängning
480 311 34 20 ett
522 311 55 26 nytt
585 309 84 22 sådant
676 309 147 30 nödvändigt
830 310 51 28 och,

123 343 30 22 då
168 343 149 29 Helsingfors
333 343 52 22 stad
400 343 124 22 utvecklar
535 343 37 30 sig
582 344 25 21 åt
616 343 177 30 Fredriksberg,
806 347 26 18 är
842 343 40 22 det

124 377 71 22 äfven
223 378 116 29 antagligt
362 380 35 19 att
419 377 183 30 Fredriksbergs
628 378 87 22 station
729 377 58 22 blir
811 378 71 29 lifligt

126 411 131 30 trafikerad,
274 412 97 23 hvarför
386 415 34 19 ett
435 412 98 29 rymligt
550 412 144 22 stationshus
710 412 121 22 derstädes
846 420 37 21 sy-

123 453 40 15 nes
185 446 57 22 böra
264 447 119 29 uppföras,
407 447 8 21 i
437 447 92 22 hvilket
551 447 112 29 derjemte
686 447 75 22 skulle
783 447 98 22 beredas

124 480 89 23 lokaler
229 482 37 21 för
281 481 115 22 särskilda
412 481 45 22 den
473 489 47 22 nya
535 481 90 22 banans
640 482 148 29 tjenstemän.
812 482 70 21 Kost-

124 515 103 22 naderna
249 516 38 21 för
309 517 35 20 ett
362 515 78 29 dylikt
456 516 144 21 stationshus
616 515 72 22 hafva
704 515 125 22 beräknats
845 516 37 21 till

125 551 90 27 130,000
234 551 72 21 mark.
337 551 36 21 Då
396 551 79 28 någon
497 551 111 22 verkstad
629 551 37 21 för
682 550 45 22 den
741 558 48 21 nya
803 550 78 23 banan

123 584 51 22 icke
190 589 26 17 är
231 585 8 21 i
254 585 229 28 kostnadsförslaget
498 585 37 22 för
551 585 135 22 densamma
700 585 129 28 förutsedd,
840 585 43 22 har

125 619 40 21 det
182 619 91 30 bidrag,
297 619 112 22 hvarmed
432 619 78 22 banan
533 627 69 22 synes
618 620 57 21 böra
691 619 94 29 deltaga
799 619 37 22 uti
853 619 29 22 de

122 653 41 22 vid
182 653 169 29 Fredriksberg
371 654 76 21 under
468 654 145 29 anläggning
631 653 104 23 varande
749 654 133 21 verkstads-

124 687 169 30 byggnaderna
308 688 150 29 uppskattats
469 688 38 22 till
517 691 92 25 400,000
620 688 73 22 mark.
716 688 86 22 Vidare
813 696 69 21 synes

125 722 46 21 den
183 729 47 22 nya
243 723 78 22 banan
331 723 8 21 i
350 723 156 22 betraktande
522 723 26 21 af
562 725 35 19 att
615 723 167 29 spårsystemet
797 723 13 22 å
826 723 56 22 ban-

125 757 89 28 gården
229 757 9 22 i
252 757 150 30 Helsingfors
419 761 26 18 är
461 757 155 30 otillräckligt
631 757 44 22 och
689 757 194 30 spåranläggnin-

124 799 43 20 gar
181 792 13 21 ä
207 791 171 30 Fredriksberg
389 792 90 29 jemväl
494 792 76 22 blifva
585 792 93 29 nödiga,
695 792 57 22 böra
766 792 117 29 bidraga
870 787 17 39 i

124 825 158 22 kostnaderna
296 826 38 22 för
348 826 143 29 utläggning
502 827 27 21 af
537 826 116 22 särskilda
663 827 54 28 spår
726 827 54 21 med
792 829 90 26 200,000

125 859 71 29 mark,
219 860 44 22 och
284 861 37 20 för
342 861 148 28 uppförande
506 861 27 22 af
545 861 107 29 magasin
667 869 29 14 m.
707 869 29 14 m.
753 861 52 22 med
821 862 61 21 circa

127 897 75 26 23,000
220 895 72 21 mark.
315 895 36 22 De
368 895 133 28 kostnader,
518 902 49 15 som
583 895 99 22 sålunda
697 895 75 22 skulle
787 896 94 29 påföras

125 929 46 22 den
192 937 47 20 nya
263 929 84 29 banan,
371 931 92 20 komme
483 932 35 20 att
535 930 85 29 belöpa
635 930 37 29 sig
687 930 8 21 i
709 930 72 22 rundt
796 931 35 21 tal
845 931 38 21 till

128 966 109 26 1,200,000
253 965 72 21 mark.

193 998 51 22 Med
266 999 175 28 godkännande
458 999 26 21 af
499 999 113 22 Senatens
632 999 162 28 underdåniga
812 999 71 22 fram-

125 1032 114 30 ställning
254 1033 9 21 i
278 1033 84 28 frågan
377 1033 43 22 har
435 1033 66 22 Hans
516 1033 133 29 Kejserliga
658 1034 112 29 Majestät
781 1034 44 21 den
837 1036 45 26 !7/,,

127 1067 104 21 Oktober
248 1069 53 20 1899
317 1067 8 21 i
341 1067 72 22 nåder
431 1067 124 22 förordnat
569 1070 35 19 att
621 1068 182 29 ifrågavarande
821 1069 61 21 bana

125 1101 60 21 skall
199 1102 90 21 utföras
301 1102 53 21 från
364 1102 171 29 Fredriksberg
546 1101 37 22 till
594 1102 71 22 Karis
676 1103 87 21 station
781 1103 6 21 å
797 1103 86 28 Hangö

123 1135 101 30 jernväg
248 1137 53 21 med
326 1143 28 15 en
381 1136 122 29 banlängd
526 1137 26 21 af
573 1138 45 27 83,5
641 1137 124 22 kilometer
787 1137 44 22 och
853 1145 28 14 en

126 1170 120 22 beräknad
265 1170 107 29 kostnad,
389 1170 158 23 inberäknadt
562 1171 84 29 bidrag
662 1172 38 20 för
715 1171 114 23 särskilda
845 1179 38 15 an-

127 1204 128 29 ordningar
270 1206 13 20 &
299 1205 181 29 Fredriksbergs
506 1205 43 22 och
571 1205 151 29 Helsingfors
744 1206 139 28 bangårdar,

127 1240 26 21 af
168 1242 125 26 10,900,000
309 1240 71 22 mark.

195 1274 36 22 Då
253 1275 38 21 för
314 1274 190 29 finansperioden
526 1277 139 20 1898—1900
684 1275 37 22 för
736 1275 77 22 denna
827 1275 56 22 ban-

125 1309 112 29 byggnad
260 1310 103 21 anvisats
386 1309 84 22 endast
494 1312 111 26 2,000,000
620 1310 68 22 mark
703 1309 43 23 och
761 1310 122 29 banbygg-

125 1344 76 22 naden
225 1348 25 17 är
273 1343 83 23 afsedd
380 1346 35 20 att
437 1344 112 22 slutföras
568 1344 75 22 under
657 1346 54 20 näst
725 1344 158 22 instundande

127 1378 158 29 finansperiod
307 1380 140 20 1901—1904
463 1378 119 22 erfordras
598 1378 38 22 för
651 1378 52 22 dess
719 1378 164 22 fullbordande

126 1412 73 22 under
229 1412 156 22 nästnämnda
414 1412 161 29 finansperiod
603 1412 138 30 ytterligare
769 1414 113 26 8,900,000

127 1446 72 22 mark.
