1061 1631
329 133 23 23 U.
368 134 23 22 B.
406 146 30 3 —
452 134 65 28 Prop.
533 134 38 22 N:o
587 134 38 22 30.
821 137 28 19 23

99 198 80 27 hälles,
203 198 76 23 under
304 198 134 29 antagande
457 199 24 22 af
504 199 29 22 de
557 199 24 22 af
603 200 106 28 ingeniör
729 199 120 23 Snellman

99 233 136 24 beräknade
246 233 83 30 dyrare
339 234 163 28 alternativen,
511 234 103 30 följande
622 235 227 23 kostnadssummor:

640 277 113 28 Spärvidd

576 328 49 23 1,594
640 332 23 14 m
747 328 39 23 1,00
802 332 22 15 m

594 357 45 40 IM
762 361 42 26 FM

99 397 98 37 Nyslott
202 401 172 23 —Elisenvaara
403 420 4 4 .
440 421 4 4 .
478 421 4 4 .
515 420 5 4 .
553 405 131 24 10,764,000
731 405 118 24 9,658,000

99 436 318 30 Elisenvaara—Kronoborg
442 456 4 4 .
480 456 4 4 .
516 456 4 4 .
569 441 116 24 1,638,000
732 441 117 24 1,413,000

422 479 99 24 Summa
554 483 131 24 12,402,000
717 484 131 23 11,071,000

170 557 153 22 Beträffande
349 557 76 23 banan
442 553 92 39 Nyslott
549 553 163 39 —-Elisenvaara
729 557 69 23 utber
812 558 37 29 sig

98 592 121 23 Utskottet
235 593 35 22 att
286 593 24 22 fä
326 593 133 28 framhälla,
476 594 40 26 att,
533 593 74 22 ehuru
623 593 39 22 det
673 594 62 22 stora
746 593 102 27 omräde,

99 635 50 16 som
165 629 8 22 i
188 630 79 21 väster
289 628 130 29 begränsas
439 629 25 22 af
480 629 46 22 den
542 629 146 23 Savolakska
704 629 43 22 och
763 630 8 21 i
787 630 62 21 öster

99 664 25 22 af
147 664 45 23 den
216 664 115 23 Karelska
354 665 84 27 banan,
456 665 25 22 af
504 666 100 21 naturen
625 667 26 20 är
666 665 47 22 rikt
729 665 120 22 utrustadt

99 700 54 22 med
183 700 291 28 kommunikationsleder,
502 701 31 22 dä
561 701 80 22 Saima
667 701 181 28 vidtutgrenade

99 737 89 28 system
219 736 68 23 faller
313 737 64 22 inom
406 736 139 28 detsamma,
570 736 64 23 detta
658 736 94 23 omräde
775 736 72 23 likväl

99 771 53 23 icke
172 772 48 23 kan
235 772 92 23 lämnas
343 773 8 22 i
367 772 117 23 afsaknad
501 772 25 23 af
538 773 110 29 järnväg,
664 775 56 20 enär
735 772 112 23 vattenle-

98 807 73 23 derna
196 807 60 24 blott
277 807 76 23 under
376 815 30 15 en
429 808 38 23 del
492 808 24 23 af
539 807 50 24 äret
610 808 82 23 kunna
715 808 132 23 trafikeras.

99 843 35 22 En
163 844 68 29 jämn
263 843 43 23 och
331 843 163 30 regelbunden
520 843 191 30 varuafsättning
742 844 107 23 kommer

99 879 121 30 nämligen
244 879 67 23 alltid
327 881 35 21 att
377 886 58 16 vara
451 881 35 21 ett
501 879 167 24 hufvudvilkor
684 879 35 23 för
734 880 113 29 uppkom-

99 916 52 21 sten
176 915 44 23 och
243 915 168 30 utvecklingen
436 915 25 23 af
479 917 119 28 näringar,
620 916 72 29 nägot
710 922 50 16 som
778 917 69 28 meje-

98 951 205 29 rihandteringens
322 951 138 23 nuvarande
476 951 105 23 tillständ
597 952 8 21 i
621 951 29 23 de
666 951 127 23 centralare
809 951 38 23 de-

92 987 71 22 larne
179 987 25 22 af
219 986 181 30 ifrågavarande
416 987 110 23 landsdel
533 987 115 30 jämfördt
658 987 54 22 med
722 987 125 23 förhällan-

99 1023 40 22 det
154 1023 8 22 i
178 1023 95 27 trakter,
290 1023 101 28 belägna
407 1024 65 22 inom
488 1023 114 23 Karelska
619 1023 91 22 banans
726 1023 121 22 trafikom-

98 1058 63 28 räde,
178 1059 7 22 i
201 1059 37 22 sin
254 1059 56 22 män
327 1061 26 20 är
369 1059 78 29 egnad
464 1060 34 21 att
515 1059 86 28 belysa.
627 1059 83 22 Medan
726 1059 122 28 nämligen

98 1095 184 28 mejerirörelsen
303 1095 3 22 i
322 1094 29 23 de
366 1095 149 27 kommuner,
529 1095 81 22 hvilka
621 1095 93 22 beröras
725 1094 25 23 af
760 1095 87 22 nämda

97 1131 111 29 järnväg,
219 1131 52 22 nått
287 1137 29 16 en
331 1130 95 23 relativt
441 1130 47 30 hög
499 1130 143 30 utveckling,
655 1130 72 23 hafva
737 1130 30 23 de
778 1130 69 23 flesta

98 1166 141 23 kommuner
248 1167 9 21 i
267 1166 95 23 trakten
373 1166 112 30 omkring
496 1166 92 29 Nyslott
598 1167 8 22 i
615 1166 64 23 detta
692 1166 109 23 afseende
813 1168 34 21 att

97 1203 100 28 uppvisa
221 1202 55 22 vida
299 1202 183 30 oförmänligare
501 1202 104 23 resultat.
625 1202 71 23 Detta
713 1202 49 23 kan
778 1202 69 23 äfven

97 1238 95 29 påvisas
207 1238 54 23 med
277 1238 85 27 siffror,
372 1238 112 22 hämtade
492 1245 29 16 ur
526 1238 232 30 järnvägskomitöns
767 1238 80 22 betän-

97 1273 85 23 kande.
194 1274 105 22 Sälunda
309 1274 127 29 uppgifves
447 1274 37 22 för
494 1274 26 22 är
533 1277 56 19 1896
600 1275 110 27 exporten
721 1274 24 22 af
756 1274 91 29 mejeri-

97 1312 64 20 smör
177 1309 52 23 frän
245 1309 143 29 Kronoborg,
407 1310 151 27 Uukuniemi,
569 1309 128 23 Jaakkima
707 1309 44 23 och
762 1310 85 22 Hiitola

96 1345 141 23 kommuner
247 1345 40 23 vid
298 1346 33 22 ett
342 1345 193 30 nötboskapshäll
547 1345 24 23 af
579 1345 73 23 omkr.
662 1348 79 24 20,400
750 1345 97 23 kreatur

97 1381 35 23 till
149 1384 95 24 383,500
260 1381 34 29 kg
310 1381 56 23 eller
376 1382 8 22 i
395 1381 112 23 medeltal
523 1382 35 22 till
576 1385 44 23 18,8
635 1381 34 29 kg
684 1387 41 23 per
739 1381 107 23 nötkrea-

96 1418 46 26 tur,
158 1416 75 23 under
257 1417 39 23 det
316 1418 35 21 att
370 1416 29 24 de
420 1417 52 23 frän
494 1418 133 28 järnvägen
650 1424 65 15 mera
738 1417 109 29 aflägsna

168 1465 187 23 Järnvägsutskottets
367 1465 111 18 betänkande
491 1465 35 18 N:o
538 1466 16 17 1.
