1061 1631
331 112 28 23 U.
375 112 28 22 B.
420 125 26 3 —
463 112 74 28 Prop.
553 112 43 22 N:o
611 111 35 22 41.
855 111 26 21 13

196 182 76 21 Första
300 181 150 26 hufvudtiteln,
475 181 176 27 styrelseverken,
675 183 23 18 är
721 180 107 21 beräknad
850 180 32 21 till

127 215 60 22 F:mk
202 216 117 26 2,050,000:
335 229 25 2 —
378 218 57 19 emot
451 215 61 22 F:mk
528 215 116 26 1,920,000:
655 228 28 1 —
694 215 33 21 för
739 214 143 21 innevarande

126 250 81 27 period.
237 250 68 21 Sedan
322 250 243 27 Finansexpeditionens
580 249 70 27 kalkyl
666 249 114 27 uppgjorts
796 249 39 21 och
851 248 30 21 till

126 284 120 21 Ständerna
269 284 91 21 utdelats
382 284 38 21 har
439 284 37 21 det
496 283 67 22 blifvit
579 283 71 26 kändt,
666 285 31 20 att
713 283 168 27 Generalguver-

126 318 153 21 nörskansliets
302 320 43 19 stat
366 318 69 21 blifvit
457 319 3 20 i
480 318 24 21 så
526 318 65 21 måtto
613 317 89 28 förhöjd,
718 320 31 19 att
770 317 27 28 på
813 317 69 22 Gene-

126 353 178 27 ralguvernörens
327 353 98 21 anhållan
446 355 80 18 tvänne
541 359 41 20 nya
596 352 94 21 arvoden
705 353 34 20 för
754 354 59 19 extra
828 352 53 27 tjän-

126 389 89 23 stemän,
236 387 140 22 tillsammans
398 387 128 27 uppgående
544 387 32 21 till
592 387 60 21 F:mk
669 387 80 25 17,000:
767 399 32 12 —,
816 386 67 21 blifvit

127 421 50 22 därå
200 421 110 28 uppförda.
340 422 34 21 Då
396 421 161 28 ifrågavarande
580 421 157 27 utgiftsökning
758 421 46 21 icke
824 421 58 26 stigit

127 456 31 21 till
180 456 65 27 högre
269 456 82 27 belopp,
367 456 39 21 och
430 456 111 21 dessutom
567 455 110 27 samtidigt
702 461 25 15 en
743 458 57 18 extra
818 455 64 27 tjänst

127 490 35 21 vid
177 491 77 20 nämda
268 491 69 21 kansli
352 491 40 21 och
408 497 25 14 en
450 490 23 21 af
481 490 271 27 adjutantbefattningarna
763 489 39 22 hos
815 490 67 21 Gene-

127 525 166 26 ralguvernören
320 525 67 21 blifvit
413 525 111 26 indragna,
534 524 102 22 behöfver
652 525 70 26 någon
737 524 124 27 förändring
876 525 6 20 i

127 559 36 21 det
185 559 30 21 uti
238 559 22 21 F.
284 559 24 21 E.
330 559 24 21 K.
378 559 34 21 för
428 566 29 14 nu
473 559 138 21 förevarande
623 558 127 21 hufvudtitel
773 561 110 24 upptagna

127 593 165 27 slutbeloppet
284 588 13 37 i
314 594 116 26 anledning
452 593 62 22 häraf
529 593 46 22 icke
598 595 40 25 äga
660 599 53 15 rum.
748 592 135 22 Beträffande

127 627 160 28 ifrågavarande
309 635 40 20 nya
367 627 147 28 befattningar
531 628 41 21 kan
584 627 112 22 Utskottet
711 627 45 22 icke
772 626 111 22 underlåta

126 664 32 19 att
181 662 88 27 påpeka,
284 662 103 21 hurusom
411 662 40 21 den
469 662 73 21 därvid
557 662 110 21 tillkomna
682 661 141 27 bestämning,
846 663 37 21 att,

127 696 72 21 därest
221 696 64 21 dessa
306 697 90 26 tjänster
419 697 23 20 af
462 703 26 14 en
512 697 50 20 eller
585 703 70 14 annan
675 696 115 27 anledning
815 696 68 21 skulle

127 730 86 21 komma
235 732 31 19 att
287 731 34 20 stå
339 731 102 26 obesatta,
459 731 227 26 Generalguvernören
703 730 68 21 skulle
787 732 37 25 äga
841 732 42 19 rätt

123 767 35 18 att
178 765 68 21 under
265 765 58 21 tiden
343 765 114 27 disponera
474 765 25 22 de
514 765 33 21 för
557 765 110 21 desamma
681 765 85 21 afsedda
783 765 100 23 arvoden,

127 799 78 21 strider
227 801 58 19 emot
307 799 96 27 gällande
425 799 93 27 ordning
533 799 6 21 i
554 799 83 22 landets
660 799 141 26 finansväsen,
817 799 66 28 enligt

126 833 85 21 hvilken
234 833 70 27 dylika
325 833 75 27 anslag
418 833 22 22 få
455 834 108 27 uppbäras
579 834 77 21 endast
670 833 24 22 af
704 834 53 23 dem,
769 833 33 22 för
813 833 70 22 hvilka

126 867 65 22 dessa
202 868 93 21 arvoden
311 870 37 19 äro
364 868 117 21 bestämda.

196 902 99 21 Rörande
317 903 27 20 de
365 903 7 20 i
395 903 22 20 F.
440 903 25 20 E.
488 903 25 20 K.
529 902 105 27 uppförda
649 903 105 26 beloppen
769 903 33 20 för
817 903 67 21 andra

125 938 17 19 t.
163 943 19 14 o.
205 943 27 14 m.
251 935 65 22 femte
338 939 56 19 samt
408 937 78 26 sjunde
502 937 142 21 hufvudtiteln
660 937 38 21 har
713 937 111 22 Utskottet
839 937 45 21 icke

126 971 67 26 något
207 974 31 17 att
253 971 108 26 påminna;
377 971 40 21 den
434 971 64 27 sjette
514 971 148 25 hufvudtiteln,
673 971 153 22 militieverket.
837 978 46 15 som

128 1005 67 21 bildar
215 1012 26 14 en
261 1005 89 21 särskild
366 1005 81 27 budget
462 1005 33 22 för
511 1006 38 26 sig,
565 1005 94 27 påkallar
674 1006 18 26 ej
709 1006 38 21 här
763 1007 65 25 något
842 1008 41 24 ytt-

127 1040 71 20 rande.

197 1074 95 21 Emedan
313 1075 119 20 Ständerna
448 1074 6 21 i
470 1074 116 27 anledning
600 1075 22 20 af
636 1074 121 21 framstäldt
771 1075 112 26 petitions-

126 1108 81 27 förslag
232 1109 87 20 beslutit
339 1109 112 21 hemställa
467 1115 34 14 om
518 1109 122 26 förhöjning
655 1109 48 21 med
719 1109 90 25 100,000
825 1109 59 21 mark

127 1143 23 21 af
162 1143 96 27 anslaget
273 1143 32 21 för
321 1143 129 21 hästafvelns
468 1143 150 27 befrämjande,
633 1143 38 21 har
687 1143 112 22 Utskottet
813 1145 71 19 ansett

127 1177 174 27 utgiftssumman
327 1178 67 21 under
416 1178 89 20 åttonde
528 1177 142 22 hufvudtiteln
694 1178 51 21 böra
760 1178 60 26 höjas
835 1178 48 21 med

126 1212 60 20 detta
201 1212 77 26 belopp
294 1212 39 21 och
349 1212 62 21 alltså
425 1214 107 24 upptagas
548 1212 31 21 till
594 1212 112 26 3,050,000
721 1212 66 21 mark.

196 1246 63 21 Hvad
289 1246 66 27 angår
384 1246 80 21 nionde
492 1246 150 26 hufvudtiteln,
665 1246 219 27 förvaltningsgrenar

127 1286 47 15 som
197 1280 88 22 hänföra
307 1281 33 27 sig
362 1280 32 22 till
417 1280 359 28 Kommunikationsexpeditionen,
792 1281 38 21 har
845 1281 38 21 Ut-

127 1314 81 22 skottet
228 1314 39 22 här
282 1316 72 20 ansett
368 1315 34 26 sig
417 1315 53 21 böra
486 1315 118 21 återhemta
618 1317 31 19 ett
664 1315 109 22 uttalande
789 1322 52 20 som,
857 1316 27 26 på

127 1349 90 21 initiativ
233 1348 22 22 af
269 1349 170 26 Statsutskottet,
460 1350 71 26 ingick
545 1350 7 20 i
569 1350 53 21 1897
639 1350 35 21 års
690 1350 102 21 Ständers
807 1356 50 15 svar
872 1350 12 20 å

126 1384 78 26 nådiga
224 1384 162 27 propositionen
410 1384 112 27 angående
544 1384 281 26 kommunikationsfonden,
845 1384 38 21 och

128 1417 79 22 hvilket
228 1417 66 27 afsåg,
315 1420 32 19 att
363 1418 202 27 Statsjärnvägarne
580 1419 66 21 borde
662 1424 77 22 genom
755 1418 129 27 öfverföring

197 1464 144 17 Statsutskottels
354 1464 110 17 betänkande
477 1464 39 17 N:o
531 1465 26 16 12.
