1061 1631
208 116 27 20 14
390 114 28 23 U.
434 115 27 22 B.
477 128 30 3 —
522 115 72 29 Prop.
610 114 43 24 N:o
669 115 38 23 39.

176 181 62 21 hvad
258 180 124 23 Allmänna
402 181 68 28 lagen
486 181 43 22 och
545 181 113 22 särskilda
673 181 173 29 Författningar
861 181 8 22 i
884 181 46 22 den

176 217 68 21 delen
259 217 160 22 föreskrifva.*

247 253 38 21 Då
299 260 39 19 nu,
355 255 75 19 såsom
446 253 8 21 i
470 253 172 22 ofvannämnda
657 253 145 22 betänkande
813 253 70 26 visas,
896 256 33 19 ut-

176 289 93 28 trycket
285 288 139 22 fiskevatten
439 288 9 22 i
462 289 38 28 lag
512 289 42 21 oth
565 289 162 28 författningar
737 289 8 21 i
756 289 84 28 själfva
850 289 80 21 verket

176 326 72 19 måste
273 332 66 14 anses
362 325 114 21 beteckna
494 332 28 14 en
538 325 44 28 bys
598 325 56 21 eller
669 325 119 28 lägenhets
804 327 125 19 vattenom-

176 360 61 26 räde,
253 361 42 20 har
310 361 120 21 Utskottet
444 363 30 26 pä
486 361 66 21 dessa
563 361 43 21 och
618 361 28 21 de
657 360 8 21 i
676 361 97 21 berörda
784 360 145 22 betänkande

175 395 8 21 i
207 395 72 29 öfrigt
302 396 95 21 anförda
420 397 50 21 skäl
494 399 75 19 ansett
593 396 35 29 sig
651 397 56 21 böra
727 396 90 21 biträda
834 396 45 21 den
894 396 35 21 till

175 431 76 28 grund
268 432 36 21 för
320 433 28 20 de
363 432 52 21 näd.
432 439 80 22 propp.
529 432 108 29 liggande
649 432 156 29 uppfattning,
817 434 34 19 att
861 432 68 21 fiske-

176 468 163 21 vattensskifte
360 468 96 21 innebär
480 468 69 21 skifte
573 468 23 21 af
620 468 52 21 hela
687 468 184 22 vattenomrädet
886 467 41 22 och

175 505 34 19 att
224 503 146 29 följaktligen
386 504 112 21 strömfall
509 504 97 21 likasom
617 504 40 21 allt
671 506 68 19 annat
749 503 179 26 vattenomräde,

176 539 77 21 derest
274 539 40 22 vid
329 539 135 22 landskiftet
480 539 51 22 icke
547 539 143 22 annorlunda
705 539 119 26 bestämts,
841 539 87 21 förblif-

175 574 35 21 vit
225 582 30 14 en
272 575 118 28 byalagets
407 583 170 21 gemensamma
593 575 148 29 tillhörighet.

247 611 157 22 Omförmälda
427 611 123 28 grundsats
575 613 33 19 att
628 611 86 22 enhvar
735 619 54 20 eger
805 611 37 21 del
858 611 8 21 i
885 611 43 28 bys

176 649 79 19 vatten
271 647 59 21 efter
345 647 40 22 sitt
400 647 91 29 byamål
507 648 41 21 har
562 647 94 22 uttalats
672 647 34 21 uti
721 647 111 28 förslaget
845 647 36 21 till
890 647 38 28 lag

175 683 120 28 angående
310 690 31 21 ny
352 683 88 28 lydelse
452 683 24 21 af
491 683 30 21 bl.
538 691 19 13 a.
577 685 25 19 12
619 683 51 28 kap.
682 683 21 22 J.
719 683 26 21 B.
772 685 4 19 8
800 683 7 28 $
824 685 11 19 1
852 690 75 18 mom,

175 725 49 14 som
244 718 8 21 i
275 719 150 21 förevarande
445 719 125 28 lagförslag
586 721 127 19 motsvaras
729 719 24 21 af
769 721 13 19 9
806 719 7 28 &
837 719 4 20 1
859 725 67 14 mom.

249 754 135 21 Emellertid
405 755 47 26 har,
468 757 30 26 pä
514 757 45 19 sätt
573 755 119 21 Utskottet
707 754 72 22 ofvan
793 753 131 26 framhällit,

174 790 7 21 i
198 789 60 29 följd
280 790 24 21 af
324 790 38 21 det
378 791 137 25 förfarande,
531 797 50 15 som
596 790 41 22 vid
653 790 128 22 storskiftet
796 790 35 21 uti
844 789 81 29 ifräga-

174 826 103 21 varande
293 826 107 21 afseende
416 829 40 26 egt
471 834 57 19 rum,
543 834 29 13 en
583 826 206 29 missuppfattning
800 826 23 21 af
833 825 93 28 beklag-

174 861 80 29 ligtvis
277 865 46 18 stor
338 862 104 29 praktisk
457 863 98 21 bärvidd
571 862 138 22 härutinnan
725 862 62 29 gjort
803 862 35 28 sig
853 861 72 22 temli-

174 905 45 21 gen
235 897 96 22 allmänt
346 898 112 29 gällande.
482 899 48 20 Vid
545 899 129 21 storskiftet
689 898 41 22 har
745 898 124 29 nämligen,
886 898 40 21 der

175 933 138 22 strömfallet
335 934 50 21 icke
408 934 40 22 vid
464 934 64 22 tiden
548 935 36 20 för
600 935 126 20 detsamma
741 934 61 21 varit
817 934 107 25 användt,

174 971 77 27 nägon
276 970 36 21 för
335 970 105 29 samtliga
455 971 134 28 lägenheter
603 971 8 20 i
627 971 48 28 byn
690 977 133 22 gemensam
839 970 87 21 strand-

173 1008 59 19 tomt
264 1005 64 22 invid
357 1006 64 21 fallet
448 1006 9 21 i
485 1007 61 27 regel
574 1006 51 21 icke
651 1005 117 26 utbrutits,
797 1008 56 19 utan
885 1006 41 21 har

174 1041 111 22 stranden
306 1041 86 29 tillagts
414 1041 91 22 enskild
525 1042 116 28 lägenhet;
659 1042 42 21 och
718 1042 29 21 dä
763 1041 163 28 strandegaren

174 1077 99 22 sälunda
296 1085 77 14 ensam
396 1078 50 21 haft
462 1077 120 29 möjlighet
597 1080 34 19 att
646 1077 77 29 bygga
739 1077 136 22 vattenverk
890 1077 36 21 för

174 1113 200 28 tillgodogörande
398 1113 24 22 af
436 1113 178 26 vattenkraften,
630 1113 70 22 hafva
716 1113 8 21 i.
740 1121 29 14 en
785 1113 85 28 mängd
885 1113 40 21 fall

174 1150 77 20 säsom
275 1150 175 28 utgängspunkt
472 1150 41 21 vid
537 1150 153 28 gestaltandet
713 1149 24 21 af
757 1149 28 21 de
809 1149 117 28 praktiska

174 1184 167 27 förhällanden,
365 1192 49 14 som
438 1193 42 21 ega
496 1185 111 21 samband
623 1185 53 21 med
691 1184 182 22 vattenkraftens
889 1184 37 22 be-

173 1221 131 28 gagnande,
321 1221 99 28 antagits
437 1221 39 21 det
491 1221 163 29 strandegaren
670 1228 79 14 ensam
765 1228 54 14 vore
835 1220 91 21 berätti-

174 1256 46 28 gad
248 1259 34 19 att
308 1256 120 29 disponera
452 1256 65 22 öfver
539 1257 143 25 strömfallet,
709 1257 121 21 hvaremot
853 1256 72 28 öfrige

174 1292 286 29 samfällighetsdelegares
478 1295 45 19 rätt
537 1292 82 22 härvid
635 1292 98 22 lemnats
747 1300 48 13 mer
805 1292 56 21 eller
871 1291 55 21 min-

173 1328 123 22 obeaktad.
328 1328 36 22 En
388 1328 65 29 dylik
476 1328 148 29 uppfattning
647 1329 41 21 har
708 1327 149 29 naturligtvis
875 1327 51 21 icke

173 1364 91 22 kunnat
279 1364 77 28 undgä
372 1367 33 19 att
420 1364 104 22 medföra
539 1364 119 28 allvarliga
673 1364 118 28 praktiska
807 1363 119 29 olägenhe-

172 1402 35 19 ter
234 1400 44 22 och
302 1408 29 14 en
354 1400 36 22 för
412 1400 126 22 industrins
561 1400 135 28 utveckiing
718 1400 56 28 löga
798 1400 128 28 hugnosam

251 1443 209 18 Vattenrättsutskottets
474 1442 116 18 betänkande
602 1442 37 18 N:o
651 1442 17 18 4.
