1061 1631
319 138 23 22 U.
358 138 22 22 B.
397 150 29 4 —
443 138 63 28 Prop.
524 138 37 22 N:o
577 138 38 22 30.

379 453 289 28 Järnvägsutskottets
690 454 82 22 andra
791 453 53 24 för-

308 489 57 28 slag
389 489 42 22 till
458 489 251 28 sammanjämkning
732 489 28 23 af
778 489 65 24 Stän-

309 525 55 22 dens
388 525 127 28 skiljaktiga
539 525 73 22 beslut
630 525 35 22 vid
685 525 158 29 behandlingen

309 560 28 23 af
350 561 128 22 Utskottets
490 561 138 22 betänkande
643 561 37 22 N:o
693 561 5 22 I
711 561 4 22 i
727 561 116 29 anledning

308 596 28 23 af
352 597 81 28 nådiga
450 597 164 28 propositionen
634 597 113 28 angående
767 597 76 23 vidare

309 633 235 28 järnvägsbyggnader
561 633 5 22 i
583 632 82 23 landet.

165 703 37 23 Då
229 704 261 22 sammanstämmande
514 703 77 23 beslut
615 703 24 23 af
663 703 105 23 Stånden
791 704 52 23 icke

95 739 93 23 kunnat
203 739 68 23 ernås
287 739 30 29 på
333 739 78 29 grund
428 739 24 23 af
463 739 39 23 det
513 739 88 30 förslag
611 740 36 22 till
658 740 185 29 sammanjämk-

95 777 66 27 ning,
185 782 50 15 som
258 775 122 23 Utskottet
403 775 101 30 tidigare
529 775 94 29 afgifvit
641 777 8 20 i
668 775 129 30 anledning
820 776 24 22 af

94 811 117 23 Ståndens
235 811 39 22 vid
297 811 175 29 behandlingen
496 811 24 23 af
543 811 132 23 Utskottets
695 811 148 23 betänkande

93 847 43 22 N:o
154 851 10 18 1
182 847 121 29 angående
319 847 81 22 vidare
413 847 254 29 järnvägsbyggnader
682 848 8 21 i
703 847 81 22 landet
799 847 44 23 fat-

93 883 62 27 tade,
180 883 74 22 delvis
273 883 137 29 skiljaktiga
429 883 85 27 beslut,
531 883 43 22 och
589 889 32 22 ny
637 883 182 29 framställning,
836 885 7 21 i

95 919 115 23 anseende
226 919 35 22 till
277 919 46 22 den
342 925 100 16 numera
457 919 36 22 för
509 919 169 22 ständermötet
697 918 146 23 återstående

94 955 69 22 korta
179 955 34 22 tid
229 954 145 23 omedelbart
388 957 26 20 är
425 954 24 23 af
460 955 83 27 nöden,
560 955 36 22 får
611 955 120 22 Utskottet
748 955 96 22 härmed

94 991 35 22 till
146 990 105 23 Stånden
267 990 105 23 aflämna
387 990 103 29 följande
506 997 47 22 nya
569 990 93 29 förslag.

166 1026 31 23 Af
221 1026 28 23 de
273 1026 121 23 Utskottet
414 1026 204 23 tillhandakomna
639 1026 204 29 protokollsutdra-

94 1069 46 22 gen
167 1062 106 29 framgår
298 1061 150 24 beträffande
472 1062 46 22 den
541 1062 134 29 föreslagna
693 1061 79 24 banan
791 1061 52 24 från

95 1098 114 29 Seinäjoki
233 1099 82 21 station
334 1098 34 21 till
386 1098 161 27 Kristinestad,
565 1099 34 21 att
614 1097 171 30 Ridderskapet
800 1098 43 22 och

93 1133 77 24 Adeln
185 1133 118 23 vidblifvit
319 1134 41 22 sitt
370 1133 102 30 tidigare
491 1133 81 23 härom
584 1133 89 23 fattade
684 1133 83 28 beslut,
778 1136 65 20 näm-

94 1170 74 29 ligen:

167 1206 48 27 »att
232 1205 78 23 denna
325 1205 63 23 bana
403 1205 90 23 utföres
510 1205 53 23 med
579 1205 72 23 smalt
666 1206 55 28 spår
731 1207 63 21 samt
804 1205 39 23 ba-

95 1248 61 16 nans
172 1241 160 23 totalkostnad
347 1241 118 23 beräknas
482 1241 35 23 till
531 1245 117 23 8,000,000
660 1241 56 23 eller
727 1244 116 24 8,860,000

94 1278 75 26 mark,
186 1277 115 23 beroende
317 1277 25 23 af
358 1277 46 23 den
420 1277 119 29 spårvidd,
556 1284 50 16 som
622 1277 36 22 för
671 1276 78 24 banan
760 1277 83 23 varder

94 1313 119 27 faststäld;

167 1350 34 21 att
216 1348 36 23 för
267 1348 45 23 den
329 1348 113 23 händelse
460 1348 120 30 Styrelsen
595 1348 72 23 funne
679 1348 164 23 användandet

94 1384 25 23 af
138 1384 110 23 minskad
264 1384 111 30 spårvidd
391 1384 53 23 icke
460 1384 58 23 böra
533 1384 40 22 vid
589 1384 77 22 denna
682 1384 61 22 bana
759 1384 84 29 ifråga-

93 1420 103 27 komma,
215 1420 139 22 densamma
370 1420 61 22 skall
447 1420 91 22 utföras
554 1420 53 22 med
623 1420 91 22 normal
725 1419 118 29 spårvidd,
