1061 1631
353 114 27 22 U.
396 115 25 21 B.
439 128 28 3 —
484 114 72 28 Prop.
573 114 36 23 No
625 114 30 23 38
837 118 12 18 7

129 181 135 28 digheterna
277 181 67 27 eljest
354 183 38 19 äro
409 181 148 28 synnerligen
573 181 156 26 försvårande,
745 181 52 21 med
814 181 65 22 böter

127 217 69 28 högst
218 216 136 21 femhundra
376 217 65 21 mark
458 218 130 27 (uteslutn.);
606 217 41 21 och
664 217 91 21 tillfalle
771 216 107 29 fångsten

127 252 55 21 eller
198 253 51 20 dess
265 252 69 21 värde
350 252 146 22 fiskerättens
511 252 154 21 innehafvare.

198 288 69 21 Idkar
293 295 66 21 egare
387 288 27 21 af
434 289 56 20 eller
513 289 104 27 delegare
641 289 6 20 i
664 288 137 21 fiskevatten
816 288 62 22 inom

127 324 94 21 område
237 323 67 22 deraf
317 324 80 21 sådant
412 324 65 26 fiske,
494 331 48 14 som
561 324 39 21 der
624 327 24 18 är
672 323 124 29 förbjudet,
823 324 55 21 eller

126 359 89 29 nyttjar
251 359 68 29 eljest
354 359 116 29 olagligen
504 359 217 28 fredningsomräde,
754 359 55 22 eller
844 362 34 19 ut-

129 395 65 22 öfvar
210 395 104 28 delegare
329 396 7 20 i
352 395 137 22 fiskevatten
505 395 54 22 eller
575 395 56 22 fiske
648 395 35 22 sin
703 395 102 22 fiskerätt
829 396 48 21 deri

128 431 134 22 annorledes
278 434 28 19 än
323 431 71 28 enligt
410 431 110 28 vidtagen
535 431 55 22 eller
606 431 117 29 påbjuden
735 431 97 28 ordning
843 431 34 22 får

126 467 47 26 ske,
197 469 74 20 dömes
291 469 33 20 till
339 469 58 20 böter
412 469 20 26 ej
448 469 60 26 öfver
524 467 126 22 tvåhundra
666 469 72 26 mark,
755 469 56 26 eller,
828 469 49 26 ifall

129 505 214 26 omständigheterna
358 506 41 19 äro
420 505 140 26 synnerligen
582 503 156 28 försvårande,
762 505 33 21 till
819 505 58 21 böter

126 539 69 28 högst
217 538 141 29 fyrahundra
375 539 73 25 mark;
465 539 42 21 och
523 538 91 22 tillfalle
630 539 108 28 fångsten
754 539 55 21 eller
825 539 50 21 dess

128 575 69 20 värde
208 575 85 20 kronan
311 575 55 20 eller
382 575 42 21 ock
440 575 59 26 dem,
515 575 79 20 hvilka
607 574 72 29 jemte
696 575 43 21 den
755 575 120 28 brottslige

127 618 42 21 ega
185 610 36 21 del
237 611 7 20 i
260 610 148 21 fiskevattnet
424 611 56 21 eller
494 610 75 26 fisket,
586 611 40 20 der
641 612 76 27 någon
733 610 26 21 af
767 611 52 20 dem
830 613 45 18 åta-

125 646 34 21 lar
175 646 53 21 eller
245 645 98 29 angifvit
357 646 93 21 brottet.

196 681 42 22 Om
255 681 68 22 straff
336 681 35 22 för
387 682 51 26 den,
455 689 49 14 som
519 682 70 21 fiskar
605 684 12 19 å
632 682 93 28 fridlyst
736 683 32 20 tid
780 682 55 21 eller
846 684 28 27 på

126 717 90 28 olofligt
231 719 46 19 sätt
293 720 24 19 är
333 717 107 22 särskildt
456 718 113 28 stadgadt.

196 753 79 21 Under
298 753 57 21 fiske
380 753 130 28 inbegripes
533 753 69 22 äfven
618 753 114 28 fångande
748 753 26 22 af
787 753 87 22 kräftor

123 789 43 21 och
182 789 154 28 pärlmusslor.

467 857 27 19 15
511 855 20 28 8.

194 903 58 26 Den,
269 910 48 14 som
334 903 107 28 olofligen
457 910 82 21 genom
555 902 107 29 gräfning
673 903 55 21 eller
739 903 133 21 annorledes

124 939 80 27 drager
223 938 54 21 eller
294 939 65 20 söker
375 939 71 28 draga
462 939 35 20 till
514 939 34 28 sig
564 946 86 13 annans
666 938 63 27 fiske,
746 938 55 21 eller
817 938 55 21 olof-

122 973 62 29 ligen
205 975 70 26 fiskar
297 976 9 20 i
328 975 132 27 kungsådra
476 976 51 21 eller
541 981 77 15 annan
633 974 82 21 fiskled
730 976 51 21 eller
794 981 77 21 genom

123 1011 95 26 stängsel
229 1011 50 21 eller
289 1013 69 19 annat
369 1011 69 21 medel
448 1010 92 21 hindrar
551 1010 55 21 eller
617 1010 66 21 söker
695 1009 81 22 hindra
787 1009 84 22 fiskens

121 1053 55 20 upp-
205 1047 37 21 och
273 1046 101 28 nedgång
405 1048 51 21 eller
483 1048 50 21 dess
563 1047 96 22 tillträde
685 1048 32 20 till
740 1047 131 26 fiskevatten,

123 1088 48 15 som
186 1083 45 20 han
251 1083 20 26 e
285 1083 43 21 har
343 1084 46 20 rätt
404 1085 33 20 att
452 1089 76 15 ensam
543 1083 78 26 nyttja,
638 1082 89 21 straffes
744 1082 51 21 med
806 1082 65 21 böter

121 1117 20 28 ej
160 1117 63 21 öfver
240 1117 136 22 femhundra
391 1118 71 21 mark.

193 1290 11 21 I
225 1291 105 21 ärendets
347 1290 140 30 behandling
503 1290 67 22 hafva
587 1291 105 28 deltagit:
709 1291 87 21 ordför.
814 1291 55 21 Her-

121 1333 102 19 manson,
249 1326 154 22 ledamöterne
431 1326 95 21 friherre
549 1334 45 14 von
617 1327 70 25 Born,
715 1326 153 26 Svinhufvud,

119 1362 28 20 N.
172 1362 26 22 G.
222 1362 29 20 M.
277 1362 138 26 Grotenfelt,
439 1362 29 21 H.
490 1362 128 26 Rosenlew,
639 1362 81 26 Walle,
737 1362 130 28 Runeberg,

120 1397 133 29 Karlsberg,
276 1398 105 25 Erenius,
408 1397 118 29 Tallgvist,
551 1398 79 26 Wolff,
655 1398 77 26 Aulin,
764 1398 104 25 Fieandt,

194 1440 210 18 Vattenrättsutskotteis
417 1440 116 18 betänkande
545 1439 38 19 N:o
595 1441 17 17 6.
