1061 1631
436 141 53 22 N:o
506 140 53 24 48.

324 417 74 25 Hans
423 417 174 32 Kejserliga
626 417 147 32 Majestäts
796 417 81 32 nådiga

258 463 138 32 proposition
415 463 34 25 till
472 463 103 24 Finlands
594 463 94 25 Ständer
706 462 114 33 angående
839 463 38 24 dö-

257 509 70 24 dande
346 509 26 24 af
389 509 124 24 urkunder.

188 588 69 21 Efter
272 588 40 21 det
327 587 115 22 Finlands
458 588 27 21 år
499 590 52 20 1897
563 588 40 21 vid
613 588 116 29 landtdag
738 588 140 21 församlade

121 622 100 22 Ständer
236 623 9 20 i
260 621 148 30 underdånig
422 622 102 28 petition
539 622 100 21 anhållit
654 624 36 19 att
703 623 66 21 Hans
785 622 93 28 Kejser-

120 657 49 29 liga
184 657 111 29 Majestät
309 657 56 21 ville
380 657 124 28 förelägga
520 657 131 22 Ständerna
665 657 41 22 vid
716 665 32 13 nu
758 657 120 28 pågående

120 691 115 29 landtdag
250 691 38 22 till
303 691 133 29 antagande
455 691 73 29 nådig
543 691 145 29 proposition
704 691 119 29 angående
839 691 39 22 dö-

121 725 76 22 dande
213 726 26 21 af
253 725 100 29 löpande
367 725 186 29 förskrifningar
563 727 61 20 samt
634 726 73 21 andra
716 725 163 22 innehafvare-

121 760 44 22 och
180 760 162 29 orderpapper,
357 761 43 20 har
414 760 213 29 Lagberedningen
642 760 93 22 erhållit
749 761 9 20 i
772 760 107 29 uppdrag

121 797 35 19 att
171 795 110 21 utarbeta
296 794 89 29 förslag
400 794 38 22 till
452 794 74 29 nödig
540 794 152 29 lagstiftning
707 795 8 21 i
732 796 87 26 ämnet;
836 795 43 21 och

121 829 73 22 sedan
208 829 8 22 i
232 829 86 22 sådant
337 829 111 22 afseende
467 829 88 28 förslag
570 829 38 21 till
623 829 39 29 lag
678 837 36 14 om
731 829 108 22 dödande
855 829 26 21 af

121 863 119 22 urkunder
263 865 60 20 samt
345 863 37 21 till
405 863 140 28 förordning
560 863 121 28 angående
696 863 101 29 ändring
811 863 27 21 af
851 864 27 27 $$

123 900 26 20 28
165 898 43 21 och
225 901 26 19 30
266 899 9 20 i
290 898 169 28 förordningen
475 905 37 14 om
527 898 139 28 inteckning
680 898 9 21 i
704 898 47 21 fast
766 897 113 30 egendom

122 932 26 21 af
163 932 45 21 den
224 935 11 19 9
252 933 132 22 November
401 935 55 19 1868
472 932 126 28 aflemnats,
615 933 42 21 har
672 933 65 21 Hans
747 931 133 30 Kejserliga

122 967 111 28 Majestät
248 967 54 21 låtit
317 970 105 25 uppgöra
438 967 77 21 nedan
528 967 98 28 intagna
635 966 245 29 författningsförslag

122 1001 8 21 i
145 1001 90 28 frågan.

190 1035 71 22 Hvad
277 1035 27 22 de
320 1035 119 21 allmänna
454 1035 133 28 grunderna
602 1035 38 22 för
655 1035 66 22 dessa
737 1035 88 28 förslag
841 1035 38 21 be-

122 1069 88 28 träffar,
228 1070 26 21 så
268 1070 104 28 framgår
387 1070 26 21 af
428 1069 40 22 det
484 1069 168 29 förstnämnda,
666 1071 36 20 att
711 1069 67 22 öfver
787 1069 92 21 hufvud

122 1105 83 21 endast
221 1105 88 21 sådana
324 1105 120 28 skriftliga
451 1105 125 28 urkunder,
587 1105 41 21 vid
638 1104 81 22 hvilka
728 1104 151 29 rättigheten,

121 1139 127 21 hvaröfver
263 1139 123 22 urkunden
400 1139 126 29 utfärdats,
543 1143 24 17 är
582 1139 9 21 i
605 1139 73 29 något
697 1139 110 21 afseende
821 1138 58 22 bun-

121 1173 45 21 den
190 1173 41 21 vid
254 1174 84 28 sjelfva
360 1175 100 27 pappret
484 1173 43 22 och
542 1173 52 22 dess
609 1173 181 28 innehafvande,
805 1173 74 28 gjorts

121 1207 38 21 till
174 1207 99 22 föremål
287 1208 38 21 för
340 1207 113 28 dödande,
471 1208 120 22 hvaremot
605 1208 123 28 urkunder,
745 1214 49 15 som
810 1207 21 28 ej
841 1210 38 18 äro

122 1242 97 22 ämnade
243 1244 36 20 att
301 1243 38 21 för
354 1242 102 29 anspråk
471 1245 84 26 utgöra
571 1245 72 19 annat
658 1246 30 18 än
702 1242 71 26 bevis,
789 1242 91 21 hvilket

122 1276 37 22 får
182 1279 99 19 ersättas
304 1278 30 28 på
356 1279 74 19 annat
445 1278 55 27 sätt,
515 1277 9 21 i
537 1277 65 29 regel
616 1277 22 29 ej
654 1281 38 17 äro
707 1276 172 22 underkastade

123 1311 174 23 mortifikation.
328 1312 42 21 Ett
389 1312 123 28 undantag
527 1312 105 21 härifrån
646 1311 65 22 bilda
726 1310 152 28 skuldsedlar,

123 1353 48 14 som
188 1349 39 18 äro
242 1346 141 22 intecknade
398 1346 8 22 i
422 1346 50 22 fast
487 1346 119 28 egendom,
625 1350 56 18 enär
695 1345 130 29 förnyande
837 1344 43 22 och

122 1380 107 21 dödande
245 1380 26 21 af
285 1380 139 29 inteckning
438 1380 79 22 städse
527 1380 139 22 förutsätter
676 1382 34 19 att
720 1380 161 27 intecknings-

122 1414 144 29 handlingen
282 1415 86 22 företes
383 1415 8 21 i
406 1415 166 21 hufvudskrift
587 1414 62 22 inför
664 1414 105 22 domstol.
799 1413 81 22 Morti-

123 1448 260 23 fikationsförfarandet
398 1453 26 18 är
440 1450 26 21 så
482 1449 135 28 anordnadt,
634 1451 35 19 att
684 1448 107 22 dödande
801 1448 27 21 af
834 1448 47 21 för-
