1061 1631
198 124 26 19 18
423 122 27 22 U.
468 122 28 22 B.
513 135 27 3 —
556 122 73 28 Prop.
647 123 42 21 N:o
705 122 35 22 31.

197 191 159 28 vägsstyrelsen
373 190 93 28 begärda
482 191 61 25 3,450
560 197 108 21 vagnarna
683 190 68 21 under
763 192 60 19 nästa
834 190 74 29 period
919 198 39 13 an-

197 224 88 28 skaffas,
300 225 94 21 kommer
409 224 48 21 hela
479 224 96 21 förrådet
589 224 23 21 år
629 225 54 21 1904
700 228 31 17 att
746 225 71 28 uppgå
831 224 33 21 till
881 225 77 25 12,692

197 266 89 21 vagnar,
301 259 83 21 således
400 259 65 27 något
480 266 45 13 mer
540 260 26 19 än
583 259 37 20 det
634 259 29 20 tal
679 267 44 13 som
739 258 131 21 resulterade
886 259 23 20 af
918 267 40 13 an-

197 293 62 21 förda
284 293 124 28 beräkning.
437 293 53 21 Men
513 293 70 21 denna
599 293 101 21 differens
717 293 114 28 berättigar
847 294 18 27 ej
882 293 32 21 till
930 301 26 13 en

197 327 117 21 reduktion
329 327 23 21 af
374 327 37 21 det
425 327 58 21 antal
502 335 45 13 som
564 327 38 21 bör
618 327 106 26 beställas,
739 329 51 19 enär
805 335 48 13 man
869 327 39 21 har
922 328 35 27 sig

197 355 82 22 bekant
301 359 32 18 att
355 356 145 27 utgångstalet
518 356 34 21 för
569 357 54 20 1900
639 357 18 27 ej
673 359 157 25 representerar
845 359 32 18 ett
891 356 67 21 rund-

197 390 44 27 ligt,
258 393 50 18 utan
325 390 75 21 endast
416 394 31 17 ett
463 391 81 27 knappt
559 390 79 21 förråd.

269 425 35 20 Då
319 424 112 22 Utskottet
446 425 57 28 förty
519 425 67 20 måste
601 425 106 28 tillstyrka
722 424 139 21 anskaffande
877 425 23 20 af
907 424 49 21 hela

197 458 38 21 det
247 459 59 20 antal
329 466 80 20 vagnar
429 459 204 28 jernvägsstyrelsen
657 459 114 27 föreslagit,
787 458 121 21 beräknade
924 462 32 17 att

199 493 62 20 kosta
277 493 154 27 sammanlagdt
447 493 125 26 17,570,000
589 493 64 26 mark,
669 494 40 20 kan
728 493 111 22 Utskottet
853 493 19 28 ej
888 493 69 21 heller

197 531 78 17 stanna
291 527 36 21 vid
343 527 36 21 det
394 528 5 20 i
414 527 77 28 nådiga
507 528 159 27 propositionen
683 531 108 24 upptagna
807 527 79 21 antalet
894 527 62 21 loko-

197 562 74 20 motiv.
287 561 33 28 Ty
336 569 32 13 om
386 562 39 21 ock
442 561 70 28 någon
531 561 139 28 allmängiltig
685 569 59 14 norm
760 561 34 21 för
802 562 151 27 proportionen

197 595 79 21 mellan
292 596 156 21 lokomotivens
470 596 41 21 och
532 603 118 20 vagnarnas
676 596 56 21 antal
756 597 18 27 ej
791 596 41 21 kan
849 596 107 27 angifvas,

197 632 23 19 är
235 629 39 22 det
291 630 55 21 dock
369 630 120 28 uppenbart
509 634 37 22 att,
561 630 28 21 då
604 630 69 21 denna
690 631 123 28 proportion
829 630 34 21 för
879 632 74 19 närva-

199 665 67 20 rande
283 672 61 13 anses
360 672 50 13 vara
426 665 34 20 för
476 672 58 20 svag,
550 668 31 17 ett
595 665 122 27 ytterligare
733 664 143 27 försvagande
891 664 63 21 däraf

198 699 18 28 ej
241 699 43 20 kan
301 706 51 13 vara
369 699 84 28 rådligt.
483 699 39 20 Ett
537 698 23 21 så
576 702 54 17 stort
645 699 57 20 antal
717 706 45 13 som
780 699 39 20 160
835 699 119 20 lokomotiv

196 733 63 20 torde
283 733 56 21 dock
362 734 18 27 ej
397 741 50 13 vara
462 733 138 27 nödvändigt,
616 733 46 21 dels
678 733 88 20 emedan
783 734 26 19 de
825 740 40 21 nya
882 732 74 27 banor,

197 775 46 13 som
262 767 67 21 under
350 767 100 28 perioden
474 767 67 21 blifva
563 767 142 26 fullbordade,
726 767 69 21 förses
818 767 48 20 med
886 768 68 19 större

196 801 67 28 rörlig
285 801 93 21 materiel
403 803 25 19 än
452 801 137 21 härförinnan
612 802 54 20 varit
681 801 82 28 vanligt
779 801 175 28 (Helsingfors—

196 835 68 22 Karis
281 836 69 21 banan
371 835 48 22 med
436 837 26 20 10
478 835 115 22 lokomotiv
610 835 40 22 och
666 837 40 20 221
723 843 86 20 vagnar,
825 835 55 21 altså
896 837 10 19 1
923 835 32 21 lo-

197 870 98 21 komotiv
311 878 38 20 per
364 871 26 20 22
406 871 96 27 vagnar),
516 869 46 22 dels
579 870 89 21 emedan
684 877 24 14 en
722 870 129 21 allmännare
861 870 92 28 tillämp-

198 905 53 27 ning
275 905 23 20 af
313 904 77 22 dubbel
410 905 67 20 servis
492 905 35 20 för
541 905 144 21 lokomotiven
702 905 68 20 skulle
786 905 124 27 möjliggöra
925 912 28 14 en

197 939 132 21 intensivare
352 939 137 27 användning
504 939 23 21 af
549 939 68 21 dessa.
647 939 112 21 Utskottet
775 938 90 22 föreslår
881 939 73 27 anslag

197 973 32 20 till
248 974 41 21 120
305 973 122 21 lokomotiv.
459 973 75 21 Under
549 975 61 19 nästa
625 973 143 28 finansperiod
784 973 95 21 kommer
894 973 60 20 loko-

197 1008 108 21 motivens
328 1008 57 21 antal
408 1007 27 21 då
458 1011 31 17 att
504 1007 52 21 ökas
572 1007 31 21 till
620 1008 47 26 431,
682 1007 40 22 och
738 1007 81 21 antalet
833 1015 81 20 vagnar
929 1015 26 20 pr

198 1043 11 20 1
237 1042 119 21 lokomotiv
381 1045 31 18 att
434 1044 75 25 utgöra
532 1043 49 24 29,4
611 1042 75 27 Enligt
707 1041 37 22 det
767 1043 6 19 i
794 1042 159 27 propositionen

196 1079 112 25 upptagna
332 1076 97 28 förhöjda
455 1077 67 27 priset
546 1077 34 20 för
605 1077 151 26 lokomotiven,
789 1077 74 26 75,000
889 1076 67 26 mark,

197 1110 88 21 komma
301 1112 40 19 120
356 1111 117 20 lokomotiv
482 1113 32 18 att
522 1111 61 20 kosta
592 1111 111 26 9,000,000
711 1110 60 21 mark
780 1110 41 21 och
829 1110 47 21 hela
884 1110 70 21 ansla-

196 1148 37 24 get
260 1145 34 21 för
318 1145 64 27 rörlig
404 1145 100 24 materiel,
529 1144 28 22 då
582 1145 63 21 äfven
671 1145 36 21 det
723 1144 80 22 äskade
819 1144 100 28 beloppet
932 1145 23 20 af

197 1180 92 25 200,000
313 1180 58 20 mark
393 1180 31 20 till
446 1179 178 21 arbetsmaskiner
647 1179 37 21 här
707 1179 133 25 medräknas,
855 1182 31 18 att
898 1180 56 26 stiga

197 1213 31 20 till
246 1214 126 26 26,770,000
388 1214 64 21 mark.

269 1264 34 21 Då
325 1265 96 27 anslaget
440 1265 32 21 till
494 1265 153 28 nybyggnader
667 1266 35 20 vid
719 1265 26 21 de
761 1264 83 28 färdiga
861 1265 93 22 banorna

197 1299 23 21 af
238 1299 112 21 Utskottet
364 1300 121 27 föreslagits
501 1299 32 21 till
562 1316 1 4 .
593 1316 4 4 .
627 1316 4 4 .
661 1316 4 4 .
695 1316 4 4 .
715 1299 55 21 Fmk
786 1300 169 26 26,784,000:
940 1295 18 36 —

197 1333 41 21 och
255 1334 97 27 anslaget
366 1334 34 20 för
414 1334 65 27 rörlig
494 1334 95 21 materiel
605 1334 31 20 till
664 1351 2 3 .
696 1351 4 3 .
740 1342 8 11 >
787 1334 168 25 26,770,000:—

197 1375 23 18 är
236 1373 38 21 det
289 1373 48 21 icke
352 1373 80 21 mindre
448 1375 26 19 än
496 1390 1 4 .
526 1390 4 4 +.
560 1391 4 3 .
594 1391 4 3 .
628 1390 4 4 <
662 1391 4 4 .
696 1391 5 4 .
716 1374 55 20 Fmk
787 1374 168 26 53,554,000:
940 1369 18 36 —

197 1426 46 13 som
268 1418 67 22 under
357 1421 60 19 nästa
438 1419 141 28 finansperiod
604 1420 83 21 komme
710 1423 31 17 att
763 1423 60 24 tagas
839 1420 6 20 i
862 1420 92 28 anspråk

269 1466 143 16 Statsutskottets
424 1466 111 17 betänkande
547 1466 38 16 N:n
598 1468 12 13 9
623 1466 21 17 A.
