1061 1631
335 135 29 23 U.
380 136 27 21 B.
424 148 26 2 —
466 135 73 29 Prop.
557 135 45 23 N:o
618 135 39 22 44.
861 136 14 20 9

119 205 173 26 näringsidkare
309 205 73 20 blifvit
401 205 3 20 i
421 205 171 26 Kejsaredömet
607 204 176 27 inregistreradt,
800 204 74 21 skulle

119 239 56 20 höra
193 239 33 20 till
242 239 53 27 rysk
312 239 111 20 domstols
439 239 142 27 kompetens.
608 239 51 20 Men
676 238 96 21 emedan
789 238 43 21 den
844 238 31 27 ly-

119 273 67 26 delse,
199 273 172 27 ifrågavarande
388 274 26 20 13
429 274 13 26 &
458 273 89 21 erhållit
563 273 32 21 uti
611 273 38 20 det
664 273 25 20 af
702 273 97 20 Senaten
816 275 59 18 utar-

119 307 79 21 betade
214 307 268 28 propositionsförslaget,
498 307 125 21 emellertid
635 309 76 25 syntes
723 307 78 20 kunna
813 306 62 27 gifva

118 341 124 27 anledning
264 342 33 20 till
321 342 209 27 missuppfattning,
554 342 59 20 hade
636 341 95 21 Senaten
749 341 125 21 omformu-

118 376 56 21 lerat
195 376 106 27 förslaget
316 376 7 21 i
339 376 75 21 denna
436 376 36 21 del
492 377 87 20 derhän
595 379 32 18 att
643 376 140 26 stadgandet,
800 375 74 21 såvidt

118 410 81 27 angick
215 411 144 26 varumärke,
375 417 50 14 som
442 411 35 20 för
492 410 173 27 näringsidkare
680 410 7 21 i
702 409 171 28 Kejsaredömet

118 445 73 20 blifvit
214 445 6 20 i
244 445 98 20 Finland
364 445 175 26 inregistreradt,
562 445 63 26 afsåg
648 445 76 20 forum
740 445 82 20 endast
837 444 35 21 för

118 479 71 20 sådan
211 479 61 26 tvist,
288 486 50 14 som
354 479 7 20 i
378 480 11 19 7
405 480 13 25 &
433 479 26 21 af
479 479 163 26 förordningen
658 479 44 20 den
721 480 22 19 11
763 479 109 20 Februari

119 514 54 20 1889
189 514 136 21 förutsättes.
432 517 3 4 "

187 548 42 21 Det
244 548 25 21 af
282 548 96 21 Senaten
395 549 98 20 sålunda
506 548 192 21 omformulerade
709 547 164 28 propositions-

117 581 106 28 förslaget
245 583 43 20 har
310 582 128 21 sedermera
456 583 74 20 blifvit
545 582 25 21 af
584 583 64 20 Hans
666 582 122 27 Kejserliga
806 581 67 28 Maje-

117 617 44 20 stät
176 616 7 20 i
198 616 71 21 nåder
285 617 123 26 godkändt.

186 754 8 20 I
210 754 73 21 likhet
298 755 53 20 med
366 754 123 27 Kejserliga
505 754 97 21 Senaten
618 755 42 20 har
676 754 112 21 Utskottet
799 755 74 18 ansett

116 789 217 20 åstadkommandet
341 789 25 20 af
372 789 95 26 rättsligt
476 789 74 27 skydd
559 789 35 20 för
602 789 75 20 finska
686 787 186 27 näringsidkares

116 823 152 21 varumärken
277 823 7 20 i
294 823 170 27 Kejsaredömet
472 830 54 14 vara
533 823 36 21 för
577 823 43 20 den
630 823 75 20 finska
715 822 114 21 industrin
838 822 33 21 till

114 857 49 20 icke
184 857 65 26 ringa
271 863 64 21 gagn.
368 857 50 21 Och
442 857 30 21 då
494 858 64 20 Hans
585 857 122 27 Kejserliga
734 856 105 27 Majestät
864 856 7 20 i

114 891 149 21 förevarande
286 891 142 28 proposition
452 891 110 21 förklarat
585 891 34 27 sig
641 891 54 27 vilja
710 891 7 20 i
734 891 70 20 nåder
827 891 44 20 för-

115 925 72 21 ordna
203 933 38 14 om
257 926 82 21 sådant
354 926 75 27 skydd
444 926 36 21 för
496 927 27 20 de
538 926 76 21 finska
630 926 117 25 märkena,
757 925 69 21 sedan
838 925 33 20 uti

114 960 27 21 de
163 960 7 20 i
192 960 99 21 Finland
314 961 104 26 gällande
442 961 156 26 stadgandena
614 967 38 14 om
668 960 153 21 varumärken
839 959 32 21 in-

114 997 72 24 rymts
202 996 43 19 rätt
260 995 35 20 för
310 995 174 26 näringsidkare
499 995 7 20 i
523 995 170 27 Kejsaredömet
708 997 32 18 att
758 995 70 20 vinna
839 994 32 20 in-

113 1028 143 27 registrering
271 1029 7 20 i
295 1029 98 20 Finland
414 1029 26 20 af
458 1029 144 26 varumärke,
624 1029 42 20 har
690 1029 112 20 Utskottet
817 1031 54 18 trott

113 1063 34 26 sig
168 1063 55 20 böra
239 1063 7 20 i
262 1064 133 20 hufvudsak
415 1063 92 21 förorda
524 1063 168 27 godkännande
708 1063 25 20 af
746 1063 37 20 det
798 1063 7 20 i
821 1069 50 21 pro-

113 1097 130 27 positionen
265 1097 112 27 ingående
393 1098 259 26 författningsförslaget,
668 1097 73 21 under
757 1097 114 21 förutsätt-

113 1131 55 27 ning
190 1134 32 19 att
245 1132 121 21 enahanda
385 1132 123 27 förmåner,
525 1139 50 14 som
591 1138 81 20 genom
689 1132 106 26 förslaget
810 1131 61 21 bere-

113 1166 41 21 das
177 1166 54 27 rysk
252 1166 173 27 näringsidkare
441 1166 7 21 i
466 1167 105 26 Finland,
587 1167 67 20 äfven
670 1166 71 21 varda
756 1166 60 20 finsk
833 1167 38 19 nä-

112 1200 142 26 ringsidkare
271 1201 6 20 i
293 1201 171 27 Kejsaredömet
479 1201 143 21 tillerkända.

182 1235 144 21 Beträffande
347 1236 117 26 förslagets
488 1236 241 27 detaljbestämningar
748 1236 42 20 har
805 1235 64 21 inom

113 1269 113 21 Utskottet
249 1270 143 26 framhållits,
415 1270 114 20 hurusom
545 1271 12 19 9
573 1271 13 25 &
607 1270 115 20 innehölle
746 1269 124 26 stadgande

112 1304 79 20 derom
203 1306 32 18 att
243 1304 337 26 näringsidkare
420 1300 9 35 i
437 1304 135 26 främmande
587 1304 54 20 land
650 1304 37 20 vid
696 1304 129 26 ansökning
831 1310 38 14 om

112 1338 143 27 registrering
270 1338 25 21 af
308 1338 118 21 utländskt
441 1339 139 20 varumärke
596 1338 70 21 borde
679 1338 33 21 till
725 1338 145 27 Industristy-

112 1372 72 21 relsen
199 1372 110 27 inlemna,
318 1373 99 21 förutom
429 1373 138 21 föreskrifna
588 1372 283 27 ansökningshandlingar

111 1407 44 21 och
164 1413 77 15 annan
251 1407 127 27 utredning,
389 1407 86 27 jemväl
492 1408 43 20 den
545 1408 35 20 för
588 1407 145 21 bestridande
749 1407 25 21 af
781 1407 27 20 de
817 1406 53 21 med

111 1441 171 27 registreringen
306 1442 44 20 och
372 1442 52 20 dess
445 1442 151 26 kungörande
619 1442 107 20 förenade
747 1441 124 21 kostnader

181 1486 130 22 Lagutskottets
323 1486 111 18 betänkande
446 1486 38 18 N:o
497 1488 29 16 15.
