<?xml version="1.0" encoding="UTF-8"?>
<alto xmlns="http://www.loc.gov/standards/alto/ns-v3#" xmlns:xlink="http://www.w3.org/1999/xlink" xmlns:xsi="http://www.w3.org/2001/XMLSchema-instance" xsi:schemaLocation="http://www.loc.gov/standards/alto/ns-v3# http://www.loc.gov/alto/v3/alto-3-0.xsd">
	<Description>
		<MeasurementUnit>pixel</MeasurementUnit>
		<sourceImageInformation>
			<fileName>/tmp/tess_erifukxu_input.PNG</fileName>
		</sourceImageInformation>
		<OCRProcessing ID="OCR_0">
			<ocrProcessingStep>
				<processingSoftware>
					<softwareName>tesseract 5.3.4</softwareName>
				</processingSoftware>
			</ocrProcessingStep>
		</OCRProcessing>
	</Description>
	<Layout>
		<Page WIDTH="1061" HEIGHT="1631" PHYSICAL_IMG_NR="0" ID="page_0">
			<PrintSpace HPOS="0" VPOS="0" WIDTH="1061" HEIGHT="1631">
				<ComposedBlock ID="cblock_0" HPOS="180" VPOS="127" WIDTH="571" HEIGHT="29">
					<TextBlock ID="block_0" HPOS="180" VPOS="127" WIDTH="571" HEIGHT="29">
						<TextLine ID="line_0" HPOS="180" VPOS="127" WIDTH="571" HEIGHT="29">
							<String ID="string_0" HPOS="180" VPOS="128" WIDTH="14" HEIGHT="18" WC="0.90" CONTENT="2"/><SP WIDTH="172" VPOS="128" HPOS="194"/>
							<String ID="string_1" HPOS="366" VPOS="127" WIDTH="83" HEIGHT="23" WC="0.91" CONTENT="Ständ."/><SP WIDTH="18" VPOS="127" HPOS="449"/>
							<String ID="string_2" HPOS="467" VPOS="127" WIDTH="39" HEIGHT="23" WC="0.93" CONTENT="Sv."/><SP WIDTH="16" VPOS="127" HPOS="506"/>
							<String ID="string_3" HPOS="522" VPOS="140" WIDTH="29" HEIGHT="3" WC="0.93" CONTENT="—"/><SP WIDTH="15" VPOS="140" HPOS="551"/>
							<String ID="string_4" HPOS="566" VPOS="128" WIDTH="72" HEIGHT="28" WC="0.96" CONTENT="Prop."/><SP WIDTH="18" VPOS="128" HPOS="638"/>
							<String ID="string_5" HPOS="656" VPOS="128" WIDTH="43" HEIGHT="22" WC="0.96" CONTENT="N:o"/><SP WIDTH="15" VPOS="128" HPOS="699"/>
							<String ID="string_6" HPOS="714" VPOS="128" WIDTH="37" HEIGHT="22" WC="0.96" CONTENT="39."/>
						</TextLine>
					</TextBlock>
				</ComposedBlock>
				<ComposedBlock ID="cblock_1" HPOS="178" VPOS="199" WIDTH="761" HEIGHT="1268">
					<TextBlock ID="block_1" HPOS="180" VPOS="199" WIDTH="638" HEIGHT="29">
						<TextLine ID="line_1" HPOS="180" VPOS="199" WIDTH="638" HEIGHT="29">
							<String ID="string_7" HPOS="180" VPOS="199" WIDTH="95" HEIGHT="22" WC="0.96" CONTENT="skilnad"/><SP WIDTH="18" VPOS="199" HPOS="275"/>
							<String ID="string_8" HPOS="293" VPOS="199" WIDTH="8" HEIGHT="22" WC="0.96" CONTENT="i"/><SP WIDTH="17" VPOS="199" HPOS="301"/>
							<String ID="string_9" HPOS="318" VPOS="199" WIDTH="142" HEIGHT="29" WC="0.96" CONTENT="vattendrag"/><SP WIDTH="18" VPOS="199" HPOS="460"/>
							<String ID="string_10" HPOS="478" VPOS="199" WIDTH="44" HEIGHT="22" WC="0.92" CONTENT="och"/><SP WIDTH="18" VPOS="199" HPOS="522"/>
							<String ID="string_11" HPOS="540" VPOS="199" WIDTH="70" HEIGHT="22" WC="0.94" CONTENT="skifte"/><SP WIDTH="19" VPOS="199" HPOS="610"/>
							<String ID="string_12" HPOS="629" VPOS="199" WIDTH="24" HEIGHT="22" WC="0.93" CONTENT="af"/><SP WIDTH="17" VPOS="199" HPOS="653"/>
							<String ID="string_13" HPOS="670" VPOS="199" WIDTH="148" HEIGHT="22" WC="0.96" CONTENT="fiskevatten."/>
						</TextLine>
					</TextBlock>
					<TextBlock ID="block_2" HPOS="179" VPOS="233" WIDTH="760" HEIGHT="407">
						<TextLine ID="line_2" HPOS="249" VPOS="233" WIDTH="689" HEIGHT="30">
							<String ID="string_14" HPOS="249" VPOS="233" WIDTH="48" HEIGHT="22" WC="0.96" CONTENT="Det"/><SP WIDTH="11" VPOS="233" HPOS="297"/>
							<String ID="string_15" HPOS="308" VPOS="234" WIDTH="36" HEIGHT="21" WC="0.96" CONTENT="uti"/><SP WIDTH="12" VPOS="234" HPOS="344"/>
							<String ID="string_16" HPOS="356" VPOS="234" WIDTH="73" HEIGHT="29" WC="0.96" CONTENT="sagda"/><SP WIDTH="11" VPOS="234" HPOS="429"/>
							<String ID="string_17" HPOS="440" VPOS="234" WIDTH="146" HEIGHT="29" WC="0.93" CONTENT="proposition"/><SP WIDTH="12" VPOS="234" HPOS="586"/>
							<String ID="string_18" HPOS="598" VPOS="234" WIDTH="115" HEIGHT="29" WC="0.95" CONTENT="ingående"/><SP WIDTH="13" VPOS="234" HPOS="713"/>
							<String ID="string_19" HPOS="726" VPOS="234" WIDTH="129" HEIGHT="28" WC="0.93" CONTENT="lagförslag"/><SP WIDTH="13" VPOS="234" HPOS="855"/>
							<String ID="string_20" HPOS="868" VPOS="233" WIDTH="70" HEIGHT="22" WC="0.96" CONTENT="hafva"/>
						</TextLine>
						<TextLine ID="line_3" HPOS="182" VPOS="267" WIDTH="756" HEIGHT="30">
							<String ID="string_21" HPOS="182" VPOS="267" WIDTH="134" HEIGHT="23" WC="0.91" CONTENT="Ständerna"/><SP WIDTH="17" VPOS="267" HPOS="316"/>
							<String ID="string_22" HPOS="333" VPOS="268" WIDTH="105" HEIGHT="29" WC="0.96" CONTENT="godkänt"/><SP WIDTH="17" VPOS="268" HPOS="438"/>
							<String ID="string_23" HPOS="455" VPOS="268" WIDTH="53" HEIGHT="22" WC="0.96" CONTENT="med"/><SP WIDTH="18" VPOS="268" HPOS="508"/>
							<String ID="string_24" HPOS="526" VPOS="268" WIDTH="114" HEIGHT="22" WC="0.95" CONTENT="särskilda"/><SP WIDTH="12" VPOS="268" HPOS="640"/>
							<String ID="string_25" HPOS="652" VPOS="269" WIDTH="127" HEIGHT="28" WC="0.96" CONTENT="ändringar"/><SP WIDTH="12" VPOS="269" HPOS="779"/>
							<String ID="string_26" HPOS="791" VPOS="267" WIDTH="43" HEIGHT="22" WC="0.96" CONTENT="och"/><SP WIDTH="13" VPOS="267" HPOS="834"/>
							<String ID="string_27" HPOS="847" VPOS="268" WIDTH="91" HEIGHT="29" WC="0.95" CONTENT="tillägg,"/>
						</TextLine>
						<TextLine ID="line_4" HPOS="180" VPOS="302" WIDTH="759" HEIGHT="29">
							<String ID="string_28" HPOS="180" VPOS="302" WIDTH="75" HEIGHT="22" WC="0.93" CONTENT="delvis"/><SP WIDTH="19" VPOS="302" HPOS="255"/>
							<String ID="string_29" HPOS="274" VPOS="303" WIDTH="108" HEIGHT="21" WC="0.92" CONTENT="hemtade"/><SP WIDTH="19" VPOS="303" HPOS="382"/>
							<String ID="string_30" HPOS="401" VPOS="303" WIDTH="52" HEIGHT="22" WC="0.96" CONTENT="från"/><SP WIDTH="18" VPOS="303" HPOS="453"/>
							<String ID="string_31" HPOS="471" VPOS="303" WIDTH="175" HEIGHT="28" WC="0.96" CONTENT="propositionen"/><SP WIDTH="18" VPOS="303" HPOS="646"/>
							<String ID="string_32" HPOS="664" VPOS="303" WIDTH="43" HEIGHT="22" WC="0.96" CONTENT="N:o"/><SP WIDTH="23" VPOS="303" HPOS="707"/>
							<String ID="string_33" HPOS="730" VPOS="303" WIDTH="29" HEIGHT="21" WC="0.96" CONTENT="15"/><SP WIDTH="14" VPOS="303" HPOS="759"/>
							<String ID="string_34" HPOS="773" VPOS="302" WIDTH="121" HEIGHT="29" WC="0.96" CONTENT="angående"/><SP WIDTH="12" VPOS="302" HPOS="894"/>
							<String ID="string_35" HPOS="906" VPOS="310" WIDTH="33" HEIGHT="21" WC="0.96" CONTENT="ny"/>
						</TextLine>
						<TextLine ID="line_5" HPOS="180" VPOS="336" WIDTH="759" HEIGHT="30">
							<String ID="string_36" HPOS="180" VPOS="336" WIDTH="89" HEIGHT="29" WC="0.96" CONTENT="lydelse"/><SP WIDTH="20" VPOS="336" HPOS="269"/>
							<String ID="string_37" HPOS="289" VPOS="337" WIDTH="22" HEIGHT="22" WC="0.96" CONTENT="af"/><SP WIDTH="21" VPOS="337" HPOS="311"/>
							<String ID="string_38" HPOS="332" VPOS="338" WIDTH="28" HEIGHT="21" WC="0.96" CONTENT="12"/><SP WIDTH="21" VPOS="338" HPOS="360"/>
							<String ID="string_39" HPOS="381" VPOS="337" WIDTH="52" HEIGHT="29" WC="0.96" CONTENT="kap."/><SP WIDTH="20" VPOS="337" HPOS="433"/>
							<String ID="string_40" HPOS="453" VPOS="337" WIDTH="43" HEIGHT="22" WC="0.97" CONTENT="och"/><SP WIDTH="21" VPOS="337" HPOS="496"/>
							<String ID="string_41" HPOS="517" VPOS="338" WIDTH="29" HEIGHT="21" WC="0.96" CONTENT="15"/><SP WIDTH="20" VPOS="338" HPOS="546"/>
							<String ID="string_42" HPOS="566" VPOS="337" WIDTH="52" HEIGHT="29" WC="0.96" CONTENT="kap."/><SP WIDTH="20" VPOS="337" HPOS="618"/>
							<String ID="string_43" HPOS="638" VPOS="338" WIDTH="14" HEIGHT="21" WC="0.93" CONTENT="3"/><SP WIDTH="20" VPOS="338" HPOS="652"/>
							<String ID="string_44" HPOS="672" VPOS="339" WIDTH="13" HEIGHT="26" WC="0.76" CONTENT="&amp;"/><SP WIDTH="18" VPOS="339" HPOS="685"/>
							<String ID="string_45" HPOS="703" VPOS="337" WIDTH="166" HEIGHT="22" WC="0.93" CONTENT="Jordabalken."/><SP WIDTH="29" VPOS="337" HPOS="869"/>
							<String ID="string_46" HPOS="898" VPOS="337" WIDTH="41" HEIGHT="21" WC="0.92" CONTENT="Sä-"/>
						</TextLine>
						<TextLine ID="line_6" HPOS="180" VPOS="371" WIDTH="759" HEIGHT="29">
							<String ID="string_47" HPOS="180" VPOS="371" WIDTH="73" HEIGHT="22" WC="0.92" CONTENT="lunda"/><SP WIDTH="18" VPOS="371" HPOS="253"/>
							<String ID="string_48" HPOS="271" VPOS="371" WIDTH="72" HEIGHT="22" WC="0.92" CONTENT="hafva"/><SP WIDTH="18" VPOS="371" HPOS="343"/>
							<String ID="string_49" HPOS="361" VPOS="371" WIDTH="137" HEIGHT="28" WC="0.92" CONTENT="Ständerna,"/><SP WIDTH="19" VPOS="371" HPOS="498"/>
							<String ID="string_50" HPOS="517" VPOS="373" WIDTH="30" HEIGHT="27" WC="0.96" CONTENT="pä"/><SP WIDTH="18" VPOS="373" HPOS="547"/>
							<String ID="string_51" HPOS="565" VPOS="372" WIDTH="50" HEIGHT="21" WC="0.96" CONTENT="skäl"/><SP WIDTH="19" VPOS="372" HPOS="615"/>
							<String ID="string_52" HPOS="634" VPOS="379" WIDTH="48" HEIGHT="14" WC="0.93" CONTENT="som"/><SP WIDTH="19" VPOS="379" HPOS="682"/>
							<String ID="string_53" HPOS="701" VPOS="372" WIDTH="88" HEIGHT="21" WC="0.92" CONTENT="anförts"/><SP WIDTH="19" VPOS="372" HPOS="789"/>
							<String ID="string_54" HPOS="808" VPOS="372" WIDTH="8" HEIGHT="21" WC="0.92" CONTENT="i"/><SP WIDTH="13" VPOS="372" HPOS="816"/>
							<String ID="string_55" HPOS="829" VPOS="371" WIDTH="110" HEIGHT="22" WC="0.92" CONTENT="Ständer-"/>
						</TextLine>
						<TextLine ID="line_7" HPOS="179" VPOS="405" WIDTH="760" HEIGHT="30">
							<String ID="string_56" HPOS="179" VPOS="413" WIDTH="43" HEIGHT="14" WC="0.93" CONTENT="nas"/><SP WIDTH="18" VPOS="413" HPOS="222"/>
							<String ID="string_57" HPOS="240" VPOS="405" WIDTH="162" HEIGHT="30" WC="0.92" CONTENT="underdäniga"/><SP WIDTH="19" VPOS="405" HPOS="402"/>
							<String ID="string_58" HPOS="421" VPOS="406" WIDTH="187" HEIGHT="22" WC="0.84" CONTENT="svarsskrifvelso"/><SP WIDTH="17" VPOS="406" HPOS="608"/>
							<String ID="string_59" HPOS="625" VPOS="407" WIDTH="9" HEIGHT="20" WC="0.93" CONTENT="i"/><SP WIDTH="12" VPOS="407" HPOS="634"/>
							<String ID="string_60" HPOS="646" VPOS="406" WIDTH="128" HEIGHT="28" WC="0.96" CONTENT="anledning"/><SP WIDTH="13" VPOS="406" HPOS="774"/>
							<String ID="string_61" HPOS="787" VPOS="406" WIDTH="24" HEIGHT="21" WC="0.93" CONTENT="af"/><SP WIDTH="12" VPOS="406" HPOS="811"/>
							<String ID="string_62" HPOS="823" VPOS="405" WIDTH="116" HEIGHT="28" WC="0.92" CONTENT="sistsagda"/>
						</TextLine>
						<TextLine ID="line_8" HPOS="180" VPOS="439" WIDTH="758" HEIGHT="30">
							<String ID="string_63" HPOS="180" VPOS="441" WIDTH="152" HEIGHT="28" WC="0.96" CONTENT="proposition,"/><SP WIDTH="13" VPOS="441" HPOS="332"/>
							<String ID="string_64" HPOS="345" VPOS="441" WIDTH="37" HEIGHT="21" WC="0.96" CONTENT="till"/><SP WIDTH="19" VPOS="441" HPOS="382"/>
							<String ID="string_65" HPOS="401" VPOS="440" WIDTH="39" HEIGHT="22" WC="0.96" CONTENT="det"/><SP WIDTH="18" VPOS="440" HPOS="440"/>
							<String ID="string_66" HPOS="458" VPOS="441" WIDTH="8" HEIGHT="21" WC="0.93" CONTENT="i"/><SP WIDTH="16" VPOS="441" HPOS="466"/>
							<String ID="string_67" HPOS="482" VPOS="441" WIDTH="151" HEIGHT="22" WC="0.92" CONTENT="förevarande"/><SP WIDTH="13" VPOS="441" HPOS="633"/>
							<String ID="string_68" HPOS="646" VPOS="441" WIDTH="145" HEIGHT="28" WC="0.93" CONTENT="proposition"/><SP WIDTH="12" VPOS="441" HPOS="791"/>
							<String ID="string_69" HPOS="803" VPOS="439" WIDTH="135" HEIGHT="23" WC="0.90" CONTENT="meddelade"/>
						</TextLine>
						<TextLine ID="line_9" HPOS="180" VPOS="474" WIDTH="758" HEIGHT="29">
							<String ID="string_70" HPOS="180" VPOS="474" WIDTH="90" HEIGHT="29" WC="0.96" CONTENT="förslag"/><SP WIDTH="18" VPOS="474" HPOS="270"/>
							<String ID="string_71" HPOS="288" VPOS="475" WIDTH="38" HEIGHT="21" WC="0.93" CONTENT="till"/><SP WIDTH="18" VPOS="475" HPOS="326"/>
							<String ID="string_72" HPOS="344" VPOS="475" WIDTH="138" HEIGHT="28" WC="0.92" CONTENT="förordning"/><SP WIDTH="17" VPOS="475" HPOS="482"/>
							<String ID="string_73" HPOS="499" VPOS="475" WIDTH="97" HEIGHT="22" WC="0.92" CONTENT="beslutit"/><SP WIDTH="18" VPOS="475" HPOS="596"/>
							<String ID="string_74" HPOS="614" VPOS="475" WIDTH="116" HEIGHT="22" WC="0.92" CONTENT="öfverföra"/><SP WIDTH="13" VPOS="475" HPOS="730"/>
							<String ID="string_75" HPOS="743" VPOS="475" WIDTH="29" HEIGHT="21" WC="0.93" CONTENT="de"/><SP WIDTH="13" VPOS="475" HPOS="772"/>
							<String ID="string_76" HPOS="785" VPOS="474" WIDTH="153" HEIGHT="29" WC="0.92" CONTENT="stadganden,"/>
						</TextLine>
						<TextLine ID="line_10" HPOS="180" VPOS="509" WIDTH="758" HEIGHT="29">
							<String ID="string_77" HPOS="180" VPOS="516" WIDTH="49" HEIGHT="14" WC="0.90" CONTENT="som"/><SP WIDTH="28" VPOS="516" HPOS="229"/>
							<String ID="string_78" HPOS="257" VPOS="509" WIDTH="48" HEIGHT="21" WC="0.90" CONTENT="afse"/><SP WIDTH="28" VPOS="509" HPOS="305"/>
							<String ID="string_79" HPOS="333" VPOS="512" WIDTH="35" HEIGHT="19" WC="0.93" CONTENT="att"/><SP WIDTH="17" VPOS="512" HPOS="368"/>
							<String ID="string_80" HPOS="385" VPOS="510" WIDTH="105" HEIGHT="21" WC="0.93" CONTENT="förklara"/><SP WIDTH="18" VPOS="510" HPOS="490"/>
							<String ID="string_81" HPOS="508" VPOS="509" WIDTH="43" HEIGHT="22" WC="0.96" CONTENT="och"/><SP WIDTH="18" VPOS="509" HPOS="551"/>
							<String ID="string_82" HPOS="569" VPOS="509" WIDTH="110" HEIGHT="22" WC="0.93" CONTENT="utveckla"/><SP WIDTH="18" VPOS="509" HPOS="679"/>
							<String ID="string_83" HPOS="697" VPOS="509" WIDTH="118" HEIGHT="29" WC="0.92" CONTENT="lagbuden"/><SP WIDTH="19" VPOS="509" HPOS="815"/>
							<String ID="string_84" HPOS="834" VPOS="516" WIDTH="37" HEIGHT="15" WC="0.93" CONTENT="om"/><SP WIDTH="17" VPOS="516" HPOS="871"/>
							<String ID="string_85" HPOS="888" VPOS="511" WIDTH="50" HEIGHT="20" WC="0.92" CONTENT="vat-"/>
						</TextLine>
						<TextLine ID="line_11" HPOS="179" VPOS="543" WIDTH="759" HEIGHT="30">
							<String ID="string_86" HPOS="179" VPOS="543" WIDTH="143" HEIGHT="29" WC="0.90" CONTENT="tendragens"/><SP WIDTH="33" VPOS="543" HPOS="322"/>
							<String ID="string_87" HPOS="355" VPOS="543" WIDTH="133" HEIGHT="30" WC="0.90" CONTENT="fördelning"/><SP WIDTH="26" VPOS="543" HPOS="488"/>
							<String ID="string_88" HPOS="514" VPOS="544" WIDTH="86" HEIGHT="21" WC="0.96" CONTENT="mellan"/><SP WIDTH="27" VPOS="544" HPOS="600"/>
							<String ID="string_89" HPOS="627" VPOS="544" WIDTH="28" HEIGHT="21" WC="0.88" CONTENT="de"/><SP WIDTH="29" VPOS="544" HPOS="655"/>
							<String ID="string_90" HPOS="684" VPOS="543" WIDTH="161" HEIGHT="30" WC="0.88" CONTENT="angränsande"/><SP WIDTH="33" VPOS="543" HPOS="845"/>
							<String ID="string_91" HPOS="878" VPOS="543" WIDTH="60" HEIGHT="29" WC="0.89" CONTENT="jord-"/>
						</TextLine>
						<TextLine ID="line_12" HPOS="179" VPOS="577" WIDTH="759" HEIGHT="30">
							<String ID="string_92" HPOS="179" VPOS="578" WIDTH="193" HEIGHT="28" WC="0.93" CONTENT="possessionerna,"/><SP WIDTH="13" VPOS="578" HPOS="372"/>
							<String ID="string_93" HPOS="385" VPOS="578" WIDTH="8" HEIGHT="21" WC="0.96" CONTENT="i"/><SP WIDTH="13" VPOS="578" HPOS="393"/>
							<String ID="string_94" HPOS="406" VPOS="578" WIDTH="45" HEIGHT="21" WC="0.96" CONTENT="den"/><SP WIDTH="12" VPOS="578" HPOS="451"/>
							<String ID="string_95" HPOS="463" VPOS="579" WIDTH="54" HEIGHT="21" WC="0.96" CONTENT="män"/><SP WIDTH="12" VPOS="579" HPOS="517"/>
							<String ID="string_96" HPOS="529" VPOS="578" WIDTH="66" HEIGHT="22" WC="0.93" CONTENT="dessa"/><SP WIDTH="13" VPOS="578" HPOS="595"/>
							<String ID="string_97" HPOS="608" VPOS="578" WIDTH="146" HEIGHT="29" WC="0.92" CONTENT="stadganden"/><SP WIDTH="17" VPOS="578" HPOS="754"/>
							<String ID="string_98" HPOS="771" VPOS="578" WIDTH="23" HEIGHT="21" WC="0.93" CONTENT="af"/><SP WIDTH="13" VPOS="578" HPOS="794"/>
							<String ID="string_99" HPOS="807" VPOS="577" WIDTH="131" HEIGHT="22" WC="0.92" CONTENT="Ständerna"/>
						</TextLine>
						<TextLine ID="line_13" HPOS="180" VPOS="612" WIDTH="124" HEIGHT="28">
							<String ID="string_100" HPOS="180" VPOS="612" WIDTH="124" HEIGHT="28" WC="0.92" CONTENT="godkänts."/>
						</TextLine>
					</TextBlock>
					<TextBlock ID="block_3" HPOS="180" VPOS="645" WIDTH="758" HEIGHT="99">
						<TextLine ID="line_14" HPOS="249" VPOS="645" WIDTH="689" HEIGHT="24">
							<String ID="string_101" HPOS="249" VPOS="646" WIDTH="154" HEIGHT="22" WC="0.89" CONTENT="Hänvisande"/><SP WIDTH="19" VPOS="646" HPOS="403"/>
							<String ID="string_102" HPOS="422" VPOS="647" WIDTH="36" HEIGHT="21" WC="0.93" CONTENT="till"/><SP WIDTH="18" VPOS="647" HPOS="458"/>
							<String ID="string_103" HPOS="476" VPOS="647" WIDTH="63" HEIGHT="22" WC="0.93" CONTENT="hvad"/><SP WIDTH="19" VPOS="647" HPOS="539"/>
							<String ID="string_104" HPOS="558" VPOS="647" WIDTH="132" HEIGHT="21" WC="0.92" CONTENT="Ständerna"/><SP WIDTH="17" VPOS="647" HPOS="690"/>
							<String ID="string_105" HPOS="707" VPOS="647" WIDTH="8" HEIGHT="21" WC="0.93" CONTENT="i"/><SP WIDTH="19" VPOS="647" HPOS="715"/>
							<String ID="string_106" HPOS="734" VPOS="645" WIDTH="204" HEIGHT="23" WC="0.92" CONTENT="svarsskrifvelsen"/>
						</TextLine>
						<TextLine ID="line_15" HPOS="180" VPOS="680" WIDTH="758" HEIGHT="30">
							<String ID="string_107" HPOS="180" VPOS="681" WIDTH="14" HEIGHT="21" WC="0.93" CONTENT="å"/><SP WIDTH="17" VPOS="681" HPOS="194"/>
							<String ID="string_108" HPOS="211" VPOS="680" WIDTH="89" HEIGHT="29" WC="0.96" CONTENT="nådiga"/><SP WIDTH="18" VPOS="680" HPOS="300"/>
							<String ID="string_109" HPOS="318" VPOS="681" WIDTH="174" HEIGHT="29" WC="0.96" CONTENT="propositionen"/><SP WIDTH="15" VPOS="681" HPOS="492"/>
							<String ID="string_110" HPOS="507" VPOS="681" WIDTH="43" HEIGHT="22" WC="0.96" CONTENT="N:o"/><SP WIDTH="15" VPOS="681" HPOS="550"/>
							<String ID="string_111" HPOS="565" VPOS="682" WIDTH="29" HEIGHT="21" WC="0.93" CONTENT="15"/><SP WIDTH="14" VPOS="682" HPOS="594"/>
							<String ID="string_112" HPOS="608" VPOS="681" WIDTH="213" HEIGHT="28" WC="0.91" CONTENT="vidhandengifvit,"/><SP WIDTH="13" VPOS="681" HPOS="821"/>
							<String ID="string_113" HPOS="834" VPOS="680" WIDTH="23" HEIGHT="21" WC="0.93" CONTENT="få"/><SP WIDTH="14" VPOS="680" HPOS="857"/>
							<String ID="string_114" HPOS="871" VPOS="680" WIDTH="67" HEIGHT="21" WC="0.92" CONTENT="Stän-"/>
						</TextLine>
						<TextLine ID="line_16" HPOS="180" VPOS="715" WIDTH="494" HEIGHT="29">
							<String ID="string_115" HPOS="180" VPOS="715" WIDTH="71" HEIGHT="22" WC="0.91" CONTENT="derna"/><SP WIDTH="19" VPOS="715" HPOS="251"/>
							<String ID="string_116" HPOS="270" VPOS="716" WIDTH="137" HEIGHT="28" WC="0.93" CONTENT="ytterligare"/><SP WIDTH="19" VPOS="716" HPOS="407"/>
							<String ID="string_117" HPOS="426" VPOS="715" WIDTH="121" HEIGHT="22" WC="0.92" CONTENT="framhälla"/><SP WIDTH="18" VPOS="715" HPOS="547"/>
							<String ID="string_118" HPOS="565" VPOS="715" WIDTH="109" HEIGHT="29" WC="0.96" CONTENT="följande."/>
						</TextLine>
					</TextBlock>
					<TextBlock ID="block_4" HPOS="179" VPOS="749" WIDTH="759" HEIGHT="236">
						<TextLine ID="line_17" HPOS="250" VPOS="749" WIDTH="685" HEIGHT="30">
							<String ID="string_119" HPOS="250" VPOS="749" WIDTH="106" HEIGHT="22" WC="0.96" CONTENT="Emedan"/><SP WIDTH="28" VPOS="749" HPOS="356"/>
							<String ID="string_120" HPOS="384" VPOS="750" WIDTH="23" HEIGHT="22" WC="0.95" CONTENT="af"/><SP WIDTH="24" VPOS="750" HPOS="407"/>
							<String ID="string_121" HPOS="431" VPOS="752" WIDTH="11" HEIGHT="19" WC="0.96" CONTENT="1"/><SP WIDTH="26" VPOS="752" HPOS="442"/>
							<String ID="string_122" HPOS="468" VPOS="751" WIDTH="12" HEIGHT="26" WC="0.74" CONTENT="8"/><SP WIDTH="21" VPOS="751" HPOS="480"/>
							<String ID="string_123" HPOS="501" VPOS="751" WIDTH="8" HEIGHT="20" WC="0.95" CONTENT="i"/><SP WIDTH="24" VPOS="751" HPOS="509"/>
							<String ID="string_124" HPOS="533" VPOS="751" WIDTH="175" HEIGHT="28" WC="0.96" CONTENT="propositionen"/><SP WIDTH="21" VPOS="751" HPOS="708"/>
							<String ID="string_125" HPOS="729" VPOS="749" WIDTH="44" HEIGHT="22" WC="0.96" CONTENT="N:o"/><SP WIDTH="26" VPOS="749" HPOS="773"/>
							<String ID="string_126" HPOS="799" VPOS="750" WIDTH="28" HEIGHT="21" WC="0.95" CONTENT="15"/><SP WIDTH="25" VPOS="750" HPOS="827"/>
							<String ID="string_127" HPOS="852" VPOS="749" WIDTH="51" HEIGHT="22" WC="0.95" CONTENT="dess"/><SP WIDTH="21" VPOS="749" HPOS="903"/>
							<String ID="string_128" HPOS="924" VPOS="750" WIDTH="11" HEIGHT="21" WC="0.96" CONTENT="1"/>
						</TextLine>
						<TextLine ID="line_18" HPOS="180" VPOS="783" WIDTH="756" HEIGHT="30">
							<String ID="string_129" HPOS="180" VPOS="791" WIDTH="67" HEIGHT="14" WC="0.96" CONTENT="mom."/><SP WIDTH="28" VPOS="791" HPOS="247"/>
							<String ID="string_130" HPOS="275" VPOS="787" WIDTH="70" HEIGHT="26" WC="0.95" CONTENT="utgör"/><SP WIDTH="26" VPOS="787" HPOS="345"/>
							<String ID="string_131" HPOS="371" VPOS="792" WIDTH="29" HEIGHT="14" WC="0.89" CONTENT="en"/><SP WIDTH="27" VPOS="792" HPOS="400"/>
							<String ID="string_132" HPOS="427" VPOS="785" WIDTH="92" HEIGHT="21" WC="0.94" CONTENT="formell"/><SP WIDTH="21" VPOS="785" HPOS="519"/>
							<String ID="string_133" HPOS="540" VPOS="785" WIDTH="163" HEIGHT="28" WC="0.96" CONTENT="omarbetning"/><SP WIDTH="24" VPOS="785" HPOS="703"/>
							<String ID="string_134" HPOS="727" VPOS="783" WIDTH="24" HEIGHT="22" WC="0.96" CONTENT="af"/><SP WIDTH="20" VPOS="783" HPOS="751"/>
							<String ID="string_135" HPOS="771" VPOS="784" WIDTH="37" HEIGHT="21" WC="0.93" CONTENT="12:"/><SP WIDTH="21" VPOS="784" HPOS="808"/>
							<String ID="string_136" HPOS="829" VPOS="784" WIDTH="13" HEIGHT="21" WC="0.93" CONTENT="3"/><SP WIDTH="19" VPOS="784" HPOS="842"/>
							<String ID="string_137" HPOS="861" VPOS="784" WIDTH="23" HEIGHT="21" WC="0.90" CONTENT="J."/><SP WIDTH="18" VPOS="784" HPOS="884"/>
							<String ID="string_138" HPOS="902" VPOS="784" WIDTH="34" HEIGHT="28" WC="0.85" CONTENT="B,"/>
						</TextLine>
						<TextLine ID="line_19" HPOS="180" VPOS="817" WIDTH="756" HEIGHT="30">
							<String ID="string_139" HPOS="180" VPOS="820" WIDTH="61" HEIGHT="19" WC="0.96" CONTENT="samt"/><SP WIDTH="28" VPOS="820" HPOS="241"/>
							<String ID="string_140" HPOS="269" VPOS="819" WIDTH="14" HEIGHT="20" WC="0.94" CONTENT="2"/><SP WIDTH="19" VPOS="819" HPOS="283"/>
							<String ID="string_141" HPOS="302" VPOS="827" WIDTH="66" HEIGHT="14" WC="0.93" CONTENT="mom."/><SP WIDTH="25" VPOS="827" HPOS="368"/>
							<String ID="string_142" HPOS="393" VPOS="819" WIDTH="129" HEIGHT="22" WC="0.96" CONTENT="innehåller"/><SP WIDTH="18" VPOS="819" HPOS="522"/>
							<String ID="string_143" HPOS="540" VPOS="827" WIDTH="29" HEIGHT="13" WC="0.93" CONTENT="en"/><SP WIDTH="17" VPOS="827" HPOS="569"/>
							<String ID="string_144" HPOS="586" VPOS="819" WIDTH="130" HEIGHT="28" WC="0.96" CONTENT="förklaring"/><SP WIDTH="19" VPOS="819" HPOS="716"/>
							<String ID="string_145" HPOS="735" VPOS="818" WIDTH="66" HEIGHT="22" WC="0.96" CONTENT="öfver"/><SP WIDTH="18" VPOS="818" HPOS="801"/>
							<String ID="string_146" HPOS="819" VPOS="817" WIDTH="44" HEIGHT="22" WC="0.93" CONTENT="den"/><SP WIDTH="18" VPOS="817" HPOS="863"/>
							<String ID="string_147" HPOS="881" VPOS="818" WIDTH="55" HEIGHT="27" WC="0.93" CONTENT="deri,"/>
						</TextLine>
						<TextLine ID="line_20" HPOS="180" VPOS="852" WIDTH="757" HEIGHT="30">
							<String ID="string_148" HPOS="180" VPOS="853" WIDTH="147" HEIGHT="22" WC="0.96" CONTENT="beträffande"/><SP WIDTH="19" VPOS="853" HPOS="327"/>
							<String ID="string_149" HPOS="346" VPOS="853" WIDTH="62" HEIGHT="22" WC="0.96" CONTENT="olika"/><SP WIDTH="19" VPOS="853" HPOS="408"/>
							<String ID="string_150" HPOS="427" VPOS="853" WIDTH="51" HEIGHT="29" WC="0.96" CONTENT="slag"/><SP WIDTH="18" VPOS="853" HPOS="478"/>
							<String ID="string_151" HPOS="496" VPOS="853" WIDTH="24" HEIGHT="22" WC="0.96" CONTENT="af"/><SP WIDTH="17" VPOS="853" HPOS="520"/>
							<String ID="string_152" HPOS="537" VPOS="853" WIDTH="146" HEIGHT="28" WC="0.95" CONTENT="vattendrag,"/><SP WIDTH="20" VPOS="853" HPOS="683"/>
							<String ID="string_153" HPOS="703" VPOS="852" WIDTH="108" HEIGHT="23" WC="0.93" CONTENT="använda"/><SP WIDTH="19" VPOS="852" HPOS="811"/>
							<String ID="string_154" HPOS="830" VPOS="853" WIDTH="107" HEIGHT="21" WC="0.93" CONTENT="termino-"/>
						</TextLine>
						<TextLine ID="line_21" HPOS="179" VPOS="887" WIDTH="757" HEIGHT="30">
							<String ID="string_155" HPOS="179" VPOS="887" WIDTH="55" HEIGHT="28" WC="0.95" CONTENT="logi,"/><SP WIDTH="19" VPOS="887" HPOS="234"/>
							<String ID="string_156" HPOS="253" VPOS="887" WIDTH="44" HEIGHT="22" WC="0.93" CONTENT="har"/><SP WIDTH="18" VPOS="887" HPOS="297"/>
							<String ID="string_157" HPOS="315" VPOS="888" WIDTH="139" HEIGHT="29" WC="0.92" CONTENT="paragrafen"/><SP WIDTH="19" VPOS="888" HPOS="454"/>
							<String ID="string_158" HPOS="473" VPOS="889" WIDTH="21" HEIGHT="28" WC="0.92" CONTENT="ej"/><SP WIDTH="18" VPOS="889" HPOS="494"/>
							<String ID="string_159" HPOS="512" VPOS="888" WIDTH="37" HEIGHT="21" WC="0.93" CONTENT="till"/><SP WIDTH="18" VPOS="888" HPOS="549"/>
							<String ID="string_160" HPOS="567" VPOS="889" WIDTH="78" HEIGHT="27" WC="0.92" CONTENT="nägon"/><SP WIDTH="19" VPOS="889" HPOS="645"/>
							<String ID="string_161" HPOS="664" VPOS="887" WIDTH="38" HEIGHT="22" WC="0.96" CONTENT="del"/><SP WIDTH="15" VPOS="887" HPOS="702"/>
							<String ID="string_162" HPOS="717" VPOS="887" WIDTH="92" HEIGHT="22" WC="0.93" CONTENT="kunnat"/><SP WIDTH="12" VPOS="887" HPOS="809"/>
							<String ID="string_163" HPOS="821" VPOS="889" WIDTH="115" HEIGHT="26" WC="0.92" CONTENT="upptagas"/>
						</TextLine>
						<TextLine ID="line_22" HPOS="179" VPOS="921" WIDTH="759" HEIGHT="30">
							<String ID="string_164" HPOS="179" VPOS="921" WIDTH="9" HEIGHT="22" WC="0.96" CONTENT="i"/><SP WIDTH="23" VPOS="921" HPOS="188"/>
							<String ID="string_165" HPOS="211" VPOS="921" WIDTH="41" HEIGHT="22" WC="0.96" CONTENT="det"/><SP WIDTH="28" VPOS="921" HPOS="252"/>
							<String ID="string_166" HPOS="280" VPOS="922" WIDTH="23" HEIGHT="21" WC="0.90" CONTENT="af"/><SP WIDTH="27" VPOS="922" HPOS="303"/>
							<String ID="string_167" HPOS="330" VPOS="922" WIDTH="132" HEIGHT="22" WC="0.90" CONTENT="Ständerna"/><SP WIDTH="27" VPOS="922" HPOS="462"/>
							<String ID="string_168" HPOS="489" VPOS="924" WIDTH="108" HEIGHT="27" WC="0.91" CONTENT="antagna,"/><SP WIDTH="22" VPOS="924" HPOS="597"/>
							<String ID="string_169" HPOS="619" VPOS="922" WIDTH="77" HEIGHT="21" WC="0.93" CONTENT="nedan"/><SP WIDTH="17" VPOS="922" HPOS="696"/>
							<String ID="string_170" HPOS="713" VPOS="921" WIDTH="116" HEIGHT="28" WC="0.88" CONTENT="ingäende"/><SP WIDTH="19" VPOS="921" HPOS="829"/>
							<String ID="string_171" HPOS="848" VPOS="921" WIDTH="90" HEIGHT="22" WC="0.91" CONTENT="författ-"/>
						</TextLine>
						<TextLine ID="line_23" HPOS="180" VPOS="956" WIDTH="191" HEIGHT="29">
							<String ID="string_172" HPOS="180" VPOS="956" WIDTH="191" HEIGHT="29" WC="0.91" CONTENT="ningsförslaget."/>
						</TextLine>
					</TextBlock>
					<TextBlock ID="block_5" HPOS="179" VPOS="989" WIDTH="759" HEIGHT="99">
						<TextLine ID="line_24" HPOS="250" VPOS="989" WIDTH="688" HEIGHT="30">
							<String ID="string_173" HPOS="250" VPOS="990" WIDTH="33" HEIGHT="22" WC="0.92" CONTENT="Af"/><SP WIDTH="20" VPOS="990" HPOS="283"/>
							<String ID="string_174" HPOS="303" VPOS="991" WIDTH="74" HEIGHT="28" WC="0.95" CONTENT="orsak,"/><SP WIDTH="19" VPOS="991" HPOS="377"/>
							<String ID="string_175" HPOS="396" VPOS="998" WIDTH="48" HEIGHT="14" WC="0.92" CONTENT="som"/><SP WIDTH="19" VPOS="998" HPOS="444"/>
							<String ID="string_176" HPOS="463" VPOS="990" WIDTH="94" HEIGHT="29" WC="0.92" CONTENT="antydts"/><SP WIDTH="18" VPOS="990" HPOS="557"/>
							<String ID="string_177" HPOS="575" VPOS="991" WIDTH="35" HEIGHT="21" WC="0.96" CONTENT="uti"/><SP WIDTH="18" VPOS="991" HPOS="610"/>
							<String ID="string_178" HPOS="628" VPOS="990" WIDTH="131" HEIGHT="29" WC="0.93" CONTENT="åberopade"/><SP WIDTH="18" VPOS="990" HPOS="759"/>
							<String ID="string_179" HPOS="777" VPOS="989" WIDTH="161" HEIGHT="29" WC="0.90" CONTENT="underdäniga"/>
						</TextLine>
						<TextLine ID="line_25" HPOS="180" VPOS="1024" WIDTH="758" HEIGHT="29">
							<String ID="string_180" HPOS="180" VPOS="1024" WIDTH="130" HEIGHT="29" WC="0.89" CONTENT="skrifvelse,"/><SP WIDTH="19" VPOS="1024" HPOS="310"/>
							<String ID="string_181" HPOS="329" VPOS="1025" WIDTH="42" HEIGHT="22" WC="0.96" CONTENT="har"/><SP WIDTH="19" VPOS="1025" HPOS="371"/>
							<String ID="string_182" HPOS="390" VPOS="1026" WIDTH="12" HEIGHT="20" WC="0.91" CONTENT="2"/><SP WIDTH="22" VPOS="1026" HPOS="402"/>
							<String ID="string_183" HPOS="424" VPOS="1026" WIDTH="12" HEIGHT="25" WC="0.91" CONTENT="&amp;"/><SP WIDTH="19" VPOS="1026" HPOS="436"/>
							<String ID="string_184" HPOS="455" VPOS="1025" WIDTH="23" HEIGHT="22" WC="0.96" CONTENT="af"/><SP WIDTH="18" VPOS="1025" HPOS="478"/>
							<String ID="string_185" HPOS="496" VPOS="1025" WIDTH="174" HEIGHT="28" WC="0.96" CONTENT="propositionen"/><SP WIDTH="17" VPOS="1025" HPOS="670"/>
							<String ID="string_186" HPOS="687" VPOS="1025" WIDTH="44" HEIGHT="22" WC="0.96" CONTENT="N:o"/><SP WIDTH="22" VPOS="1025" HPOS="731"/>
							<String ID="string_187" HPOS="753" VPOS="1025" WIDTH="29" HEIGHT="21" WC="0.93" CONTENT="15"/><SP WIDTH="14" VPOS="1025" HPOS="782"/>
							<String ID="string_188" HPOS="796" VPOS="1024" WIDTH="51" HEIGHT="21" WC="0.91" CONTENT="icke"/><SP WIDTH="13" VPOS="1024" HPOS="847"/>
							<String ID="string_189" HPOS="860" VPOS="1024" WIDTH="78" HEIGHT="29" WC="0.92" CONTENT="ingätt"/>
						</TextLine>
						<TextLine ID="line_26" HPOS="179" VPOS="1059" WIDTH="389" HEIGHT="29">
							<String ID="string_190" HPOS="179" VPOS="1059" WIDTH="9" HEIGHT="21" WC="0.96" CONTENT="i"/><SP WIDTH="18" VPOS="1059" HPOS="188"/>
							<String ID="string_191" HPOS="206" VPOS="1059" WIDTH="100" HEIGHT="22" WC="0.93" CONTENT="berörda"/><SP WIDTH="17" VPOS="1059" HPOS="306"/>
							<String ID="string_192" HPOS="323" VPOS="1059" WIDTH="245" HEIGHT="29" WC="0.90" CONTENT="författningsförslag."/>
						</TextLine>
					</TextBlock>
					<TextBlock ID="block_6" HPOS="178" VPOS="1093" WIDTH="759" HEIGHT="374">
						<TextLine ID="line_27" HPOS="251" VPOS="1093" WIDTH="686" HEIGHT="29">
							<String ID="string_193" HPOS="251" VPOS="1094" WIDTH="80" HEIGHT="21" WC="0.92" CONTENT="Säsom"/><SP WIDTH="26" VPOS="1094" HPOS="331"/>
							<String ID="string_194" HPOS="357" VPOS="1094" WIDTH="121" HEIGHT="28" WC="0.91" CONTENT="undantag"/><SP WIDTH="28" VPOS="1094" HPOS="478"/>
							<String ID="string_195" HPOS="506" VPOS="1094" WIDTH="51" HEIGHT="21" WC="0.91" CONTENT="frän"/><SP WIDTH="22" VPOS="1094" HPOS="557"/>
							<String ID="string_196" HPOS="579" VPOS="1094" WIDTH="27" HEIGHT="21" WC="0.96" CONTENT="de"/><SP WIDTH="19" VPOS="1094" HPOS="606"/>
							<String ID="string_197" HPOS="625" VPOS="1094" WIDTH="118" HEIGHT="21" WC="0.93" CONTENT="allmänna"/><SP WIDTH="18" VPOS="1094" HPOS="743"/>
							<String ID="string_198" HPOS="761" VPOS="1101" WIDTH="123" HEIGHT="14" WC="0.92" CONTENT="normerna"/><SP WIDTH="18" VPOS="1101" HPOS="884"/>
							<String ID="string_199" HPOS="902" VPOS="1093" WIDTH="35" HEIGHT="22" WC="0.96" CONTENT="för"/>
						</TextLine>
						<TextLine ID="line_28" HPOS="179" VPOS="1127" WIDTH="757" HEIGHT="30">
							<String ID="string_200" HPOS="179" VPOS="1128" WIDTH="167" HEIGHT="29" WC="0.92" CONTENT="gränsskilnad"/><SP WIDTH="21" VPOS="1128" HPOS="346"/>
							<String ID="string_201" HPOS="367" VPOS="1129" WIDTH="8" HEIGHT="21" WC="0.93" CONTENT="i"/><SP WIDTH="24" VPOS="1129" HPOS="375"/>
							<String ID="string_202" HPOS="399" VPOS="1131" WIDTH="81" HEIGHT="19" WC="0.96" CONTENT="vatten"/><SP WIDTH="19" VPOS="1131" HPOS="480"/>
							<String ID="string_203" HPOS="499" VPOS="1129" WIDTH="98" HEIGHT="21" WC="0.96" CONTENT="emellan"/><SP WIDTH="19" VPOS="1129" HPOS="597"/>
							<String ID="string_204" HPOS="616" VPOS="1129" WIDTH="57" HEIGHT="28" WC="0.96" CONTENT="byar"/><SP WIDTH="18" VPOS="1129" HPOS="673"/>
							<String ID="string_205" HPOS="691" VPOS="1128" WIDTH="43" HEIGHT="22" WC="0.95" CONTENT="har"/><SP WIDTH="18" VPOS="1128" HPOS="734"/>
							<String ID="string_206" HPOS="752" VPOS="1128" WIDTH="8" HEIGHT="21" WC="0.95" CONTENT="i"/><SP WIDTH="19" VPOS="1128" HPOS="760"/>
							<String ID="string_207" HPOS="779" VPOS="1128" WIDTH="14" HEIGHT="21" WC="0.93" CONTENT="3"/><SP WIDTH="20" VPOS="1128" HPOS="793"/>
							<String ID="string_208" HPOS="813" VPOS="1129" WIDTH="12" HEIGHT="26" WC="0.71" CONTENT="&amp;"/><SP WIDTH="20" VPOS="1129" HPOS="825"/>
							<String ID="string_209" HPOS="845" VPOS="1127" WIDTH="22" HEIGHT="22" WC="0.93" CONTENT="af"/><SP WIDTH="18" VPOS="1127" HPOS="867"/>
							<String ID="string_210" HPOS="885" VPOS="1134" WIDTH="51" HEIGHT="22" WC="0.93" CONTENT="pro-"/>
						</TextLine>
						<TextLine ID="line_29" HPOS="179" VPOS="1162" WIDTH="758" HEIGHT="30">
							<String ID="string_211" HPOS="179" VPOS="1163" WIDTH="134" HEIGHT="29" WC="0.96" CONTENT="positionen"/><SP WIDTH="27" VPOS="1163" HPOS="313"/>
							<String ID="string_212" HPOS="340" VPOS="1164" WIDTH="42" HEIGHT="21" WC="0.96" CONTENT="N:o"/><SP WIDTH="31" VPOS="1164" HPOS="382"/>
							<String ID="string_213" HPOS="413" VPOS="1164" WIDTH="29" HEIGHT="20" WC="0.89" CONTENT="15"/><SP WIDTH="28" VPOS="1164" HPOS="442"/>
							<String ID="string_214" HPOS="470" VPOS="1163" WIDTH="83" HEIGHT="22" WC="0.95" CONTENT="införts"/><SP WIDTH="24" VPOS="1163" HPOS="553"/>
							<String ID="string_215" HPOS="577" VPOS="1171" WIDTH="28" HEIGHT="13" WC="0.93" CONTENT="en"/><SP WIDTH="21" VPOS="1171" HPOS="605"/>
							<String ID="string_216" HPOS="626" VPOS="1162" WIDTH="157" HEIGHT="29" WC="0.96" CONTENT="bestämning,"/><SP WIDTH="18" VPOS="1162" HPOS="783"/>
							<String ID="string_217" HPOS="801" VPOS="1170" WIDTH="49" HEIGHT="14" WC="0.96" CONTENT="som"/><SP WIDTH="18" VPOS="1170" HPOS="850"/>
							<String ID="string_218" HPOS="868" VPOS="1165" WIDTH="69" HEIGHT="25" WC="0.95" CONTENT="utgör"/>
						</TextLine>
						<TextLine ID="line_30" HPOS="180" VPOS="1197" WIDTH="756" HEIGHT="29">
							<String ID="string_219" HPOS="180" VPOS="1204" WIDTH="29" HEIGHT="14" WC="0.93" CONTENT="en"/><SP WIDTH="18" VPOS="1204" HPOS="209"/>
							<String ID="string_220" HPOS="227" VPOS="1198" WIDTH="184" HEIGHT="28" WC="0.92" CONTENT="generalisering"/><SP WIDTH="18" VPOS="1198" HPOS="411"/>
							<String ID="string_221" HPOS="429" VPOS="1198" WIDTH="23" HEIGHT="21" WC="0.92" CONTENT="af"/><SP WIDTH="18" VPOS="1198" HPOS="452"/>
							<String ID="string_222" HPOS="470" VPOS="1198" WIDTH="149" HEIGHT="21" WC="0.92" CONTENT="föreskriften"/><SP WIDTH="18" VPOS="1198" HPOS="619"/>
							<String ID="string_223" HPOS="637" VPOS="1198" WIDTH="9" HEIGHT="20" WC="0.96" CONTENT="i"/><SP WIDTH="20" VPOS="1198" HPOS="646"/>
							<String ID="string_224" HPOS="666" VPOS="1198" WIDTH="37" HEIGHT="20" WC="0.96" CONTENT="19:"/><SP WIDTH="27" VPOS="1198" HPOS="703"/>
							<String ID="string_225" HPOS="730" VPOS="1197" WIDTH="7" HEIGHT="21" WC="0.93" CONTENT="2"/><SP WIDTH="20" VPOS="1197" HPOS="737"/>
							<String ID="string_226" HPOS="757" VPOS="1197" WIDTH="27" HEIGHT="21" WC="0.92" CONTENT="B."/><SP WIDTH="19" VPOS="1197" HPOS="784"/>
							<String ID="string_227" HPOS="803" VPOS="1197" WIDTH="26" HEIGHT="21" WC="0.92" CONTENT="B."/><SP WIDTH="20" VPOS="1197" HPOS="829"/>
							<String ID="string_228" HPOS="849" VPOS="1204" WIDTH="36" HEIGHT="14" WC="0.93" CONTENT="om"/><SP WIDTH="19" VPOS="1204" HPOS="885"/>
							<String ID="string_229" HPOS="904" VPOS="1197" WIDTH="32" HEIGHT="21" WC="0.91" CONTENT="af-"/>
						</TextLine>
						<TextLine ID="line_31" HPOS="180" VPOS="1231" WIDTH="756" HEIGHT="29">
							<String ID="string_230" HPOS="180" VPOS="1231" WIDTH="75" HEIGHT="29" WC="0.92" CONTENT="gärda"/><SP WIDTH="24" VPOS="1231" HPOS="255"/>
							<String ID="string_231" HPOS="279" VPOS="1232" WIDTH="42" HEIGHT="28" WC="0.90" CONTENT="bys"/><SP WIDTH="21" VPOS="1232" HPOS="321"/>
							<String ID="string_232" HPOS="342" VPOS="1234" WIDTH="48" HEIGHT="20" WC="0.96" CONTENT="rätt"/><SP WIDTH="17" VPOS="1234" HPOS="390"/>
							<String ID="string_233" HPOS="407" VPOS="1232" WIDTH="38" HEIGHT="21" WC="0.93" CONTENT="till"/><SP WIDTH="17" VPOS="1232" HPOS="445"/>
							<String ID="string_234" HPOS="462" VPOS="1232" WIDTH="182" HEIGHT="22" WC="0.91" CONTENT="vattenomräde."/><SP WIDTH="35" VPOS="1232" HPOS="644"/>
							<String ID="string_235" HPOS="679" VPOS="1232" WIDTH="85" HEIGHT="21" WC="0.93" CONTENT="Denna"/><SP WIDTH="17" VPOS="1232" HPOS="764"/>
							<String ID="string_236" HPOS="781" VPOS="1231" WIDTH="155" HEIGHT="29" WC="0.91" CONTENT="bestämning,"/>
						</TextLine>
						<TextLine ID="line_32" HPOS="179" VPOS="1265" WIDTH="757" HEIGHT="30">
							<String ID="string_237" HPOS="179" VPOS="1266" WIDTH="99" HEIGHT="22" WC="0.91" CONTENT="hvilken"/><SP WIDTH="18" VPOS="1266" HPOS="278"/>
							<String ID="string_238" HPOS="296" VPOS="1266" WIDTH="77" HEIGHT="22" WC="0.91" CONTENT="blefve"/><SP WIDTH="18" VPOS="1266" HPOS="373"/>
							<String ID="string_239" HPOS="391" VPOS="1266" WIDTH="126" HEIGHT="29" WC="0.90" CONTENT="tillämplig"/><SP WIDTH="18" VPOS="1266" HPOS="517"/>
							<String ID="string_240" HPOS="535" VPOS="1266" WIDTH="52" HEIGHT="22" WC="0.91" CONTENT="icke"/><SP WIDTH="17" VPOS="1266" HPOS="587"/>
							<String ID="string_241" HPOS="604" VPOS="1266" WIDTH="62" HEIGHT="22" WC="0.90" CONTENT="blott"/><SP WIDTH="18" VPOS="1266" HPOS="666"/>
							<String ID="string_242" HPOS="684" VPOS="1266" WIDTH="13" HEIGHT="21" WC="0.93" CONTENT="&amp;"/><SP WIDTH="19" VPOS="1266" HPOS="697"/>
							<String ID="string_243" HPOS="716" VPOS="1265" WIDTH="97" HEIGHT="29" WC="0.92" CONTENT="afgärda"/><SP WIDTH="18" VPOS="1265" HPOS="813"/>
							<String ID="string_244" HPOS="831" VPOS="1266" WIDTH="38" HEIGHT="28" WC="0.96" CONTENT="by,"/><SP WIDTH="10" VPOS="1266" HPOS="869"/>
							<String ID="string_245" HPOS="879" VPOS="1267" WIDTH="57" HEIGHT="20" WC="0.96" CONTENT="utan"/>
						</TextLine>
						<TextLine ID="line_33" HPOS="180" VPOS="1300" WIDTH="756" HEIGHT="29">
							<String ID="string_246" HPOS="180" VPOS="1300" WIDTH="44" HEIGHT="22" WC="0.93" CONTENT="ock"/><SP WIDTH="29" VPOS="1300" HPOS="224"/>
							<String ID="string_247" HPOS="253" VPOS="1302" WIDTH="13" HEIGHT="20" WC="0.86" CONTENT="&amp;"/><SP WIDTH="27" VPOS="1302" HPOS="266"/>
							<String ID="string_248" HPOS="293" VPOS="1301" WIDTH="77" HEIGHT="28" WC="0.81" CONTENT="bolby,"/><SP WIDTH="28" VPOS="1301" HPOS="370"/>
							<String ID="string_249" HPOS="398" VPOS="1308" WIDTH="50" HEIGHT="14" WC="0.96" CONTENT="som"/><SP WIDTH="27" VPOS="1308" HPOS="448"/>
							<String ID="string_250" HPOS="475" VPOS="1304" WIDTH="25" HEIGHT="18" WC="0.93" CONTENT="är"/><SP WIDTH="26" VPOS="1304" HPOS="500"/>
							<String ID="string_251" HPOS="526" VPOS="1301" WIDTH="114" HEIGHT="21" WC="0.95" CONTENT="omsluten"/><SP WIDTH="24" VPOS="1301" HPOS="640"/>
							<String ID="string_252" HPOS="664" VPOS="1301" WIDTH="24" HEIGHT="21" WC="0.96" CONTENT="af"/><SP WIDTH="19" VPOS="1301" HPOS="688"/>
							<String ID="string_253" HPOS="707" VPOS="1308" WIDTH="78" HEIGHT="14" WC="0.93" CONTENT="annan"/><SP WIDTH="18" VPOS="1308" HPOS="785"/>
							<String ID="string_254" HPOS="803" VPOS="1300" WIDTH="43" HEIGHT="28" WC="0.96" CONTENT="bys"/><SP WIDTH="18" VPOS="1300" HPOS="846"/>
							<String ID="string_255" HPOS="864" VPOS="1300" WIDTH="72" HEIGHT="27" WC="0.96" CONTENT="mark,"/>
						</TextLine>
						<TextLine ID="line_34" HPOS="180" VPOS="1334" WIDTH="756" HEIGHT="30">
							<String ID="string_256" HPOS="180" VPOS="1335" WIDTH="107" HEIGHT="28" WC="0.91" CONTENT="innebär,"/><SP WIDTH="28" VPOS="1335" HPOS="287"/>
							<String ID="string_257" HPOS="315" VPOS="1335" WIDTH="77" HEIGHT="22" WC="0.91" CONTENT="sävidt"/><SP WIDTH="26" VPOS="1335" HPOS="392"/>
							<String ID="string_258" HPOS="418" VPOS="1336" WIDTH="72" HEIGHT="28" WC="0.92" CONTENT="angär"/><SP WIDTH="22" VPOS="1336" HPOS="490"/>
							<String ID="string_259" HPOS="512" VPOS="1335" WIDTH="66" HEIGHT="29" WC="0.92" CONTENT="dylik"/><SP WIDTH="21" VPOS="1335" HPOS="578"/>
							<String ID="string_260" HPOS="599" VPOS="1335" WIDTH="78" HEIGHT="29" WC="0.92" CONTENT="bolby,"/><SP WIDTH="23" VPOS="1335" HPOS="677"/>
							<String ID="string_261" HPOS="700" VPOS="1335" WIDTH="75" HEIGHT="28" WC="0.93" CONTENT="enligt"/><SP WIDTH="19" VPOS="1335" HPOS="775"/>
							<String ID="string_262" HPOS="794" VPOS="1334" WIDTH="142" HEIGHT="22" WC="0.92" CONTENT="Ständernas"/>
						</TextLine>
						<TextLine ID="line_35" HPOS="180" VPOS="1369" WIDTH="756" HEIGHT="29">
							<String ID="string_263" HPOS="180" VPOS="1369" WIDTH="73" HEIGHT="22" WC="0.95" CONTENT="tanke"/><SP WIDTH="20" VPOS="1369" HPOS="253"/>
							<String ID="string_264" HPOS="273" VPOS="1377" WIDTH="28" HEIGHT="13" WC="0.93" CONTENT="en"/><SP WIDTH="18" VPOS="1377" HPOS="301"/>
							<String ID="string_265" HPOS="319" VPOS="1370" WIDTH="143" HEIGHT="21" WC="0.95" CONTENT="omotiverad"/><SP WIDTH="19" VPOS="1370" HPOS="462"/>
							<String ID="string_266" HPOS="481" VPOS="1370" WIDTH="99" HEIGHT="28" WC="0.96" CONTENT="ändring"/><SP WIDTH="13" VPOS="1370" HPOS="580"/>
							<String ID="string_267" HPOS="593" VPOS="1370" WIDTH="7" HEIGHT="21" WC="0.96" CONTENT="i"/><SP WIDTH="13" VPOS="1370" HPOS="600"/>
							<String ID="string_268" HPOS="613" VPOS="1369" WIDTH="110" HEIGHT="29" WC="0.96" CONTENT="gällande"/><SP WIDTH="12" VPOS="1369" HPOS="723"/>
							<String ID="string_269" HPOS="735" VPOS="1371" WIDTH="54" HEIGHT="19" WC="0.95" CONTENT="rätt."/><SP WIDTH="28" VPOS="1371" HPOS="789"/>
							<String ID="string_270" HPOS="817" VPOS="1369" WIDTH="36" HEIGHT="29" WC="0.93" CONTENT="Ty"/><SP WIDTH="12" VPOS="1369" HPOS="853"/>
							<String ID="string_271" HPOS="865" VPOS="1369" WIDTH="71" HEIGHT="28" WC="0.90" CONTENT="bolby"/>
						</TextLine>
						<TextLine ID="line_36" HPOS="179" VPOS="1403" WIDTH="756" HEIGHT="29">
							<String ID="string_272" HPOS="179" VPOS="1403" WIDTH="43" HEIGHT="22" WC="0.92" CONTENT="bör"/><SP WIDTH="25" VPOS="1403" HPOS="222"/>
							<String ID="string_273" HPOS="247" VPOS="1404" WIDTH="78" HEIGHT="22" WC="0.96" CONTENT="städse"/><SP WIDTH="25" VPOS="1404" HPOS="325"/>
							<String ID="string_274" HPOS="350" VPOS="1404" WIDTH="23" HEIGHT="22" WC="0.96" CONTENT="få"/><SP WIDTH="24" VPOS="1404" HPOS="373"/>
							<String ID="string_275" HPOS="397" VPOS="1404" WIDTH="42" HEIGHT="22" WC="0.93" CONTENT="sitt"/><SP WIDTH="20" VPOS="1404" HPOS="439"/>
							<String ID="string_276" HPOS="459" VPOS="1404" WIDTH="175" HEIGHT="22" WC="0.92" CONTENT="vattenomräde"/><SP WIDTH="22" VPOS="1404" HPOS="634"/>
							<String ID="string_277" HPOS="656" VPOS="1403" WIDTH="97" HEIGHT="29" WC="0.21" CONTENT="utiaydt"/><SP WIDTH="16" VPOS="1403" HPOS="753"/>
							<String ID="string_278" HPOS="769" VPOS="1403" WIDTH="75" HEIGHT="29" WC="0.95" CONTENT="enligt"/><SP WIDTH="20" VPOS="1403" HPOS="844"/>
							<String ID="string_279" HPOS="864" VPOS="1404" WIDTH="36" HEIGHT="21" WC="0.87" CONTENT="12:"/><SP WIDTH="20" VPOS="1404" HPOS="900"/>
							<String ID="string_280" HPOS="920" VPOS="1404" WIDTH="15" HEIGHT="18" WC="0.95" CONTENT="4"/>
						</TextLine>
						<TextLine ID="line_37" HPOS="178" VPOS="1438" WIDTH="758" HEIGHT="29">
							<String ID="string_281" HPOS="178" VPOS="1438" WIDTH="22" HEIGHT="22" WC="0.93" CONTENT="J."/><SP WIDTH="23" VPOS="1438" HPOS="200"/>
							<String ID="string_282" HPOS="223" VPOS="1438" WIDTH="38" HEIGHT="28" WC="0.91" CONTENT="B.,"/><SP WIDTH="25" VPOS="1438" HPOS="261"/>
							<String ID="string_283" HPOS="286" VPOS="1438" WIDTH="43" HEIGHT="22" WC="0.96" CONTENT="och"/><SP WIDTH="24" VPOS="1438" HPOS="329"/>
							<String ID="string_284" HPOS="353" VPOS="1439" WIDTH="44" HEIGHT="21" WC="0.93" CONTENT="den"/><SP WIDTH="23" VPOS="1439" HPOS="397"/>
							<String ID="string_285" HPOS="420" VPOS="1438" WIDTH="201" HEIGHT="29" WC="0.91" CONTENT="omständigheten"/><SP WIDTH="22" VPOS="1438" HPOS="621"/>
							<String ID="string_286" HPOS="643" VPOS="1440" WIDTH="35" HEIGHT="20" WC="0.96" CONTENT="att"/><SP WIDTH="18" VPOS="1440" HPOS="678"/>
							<String ID="string_287" HPOS="696" VPOS="1446" WIDTH="31" HEIGHT="14" WC="0.96" CONTENT="en"/><SP WIDTH="20" VPOS="1446" HPOS="727"/>
							<String ID="string_288" HPOS="747" VPOS="1438" WIDTH="30" HEIGHT="28" WC="0.95" CONTENT="by"/><SP WIDTH="18" VPOS="1438" HPOS="777"/>
							<String ID="string_289" HPOS="795" VPOS="1442" WIDTH="26" HEIGHT="18" WC="0.93" CONTENT="är"/><SP WIDTH="18" VPOS="1442" HPOS="821"/>
							<String ID="string_290" HPOS="839" VPOS="1438" WIDTH="97" HEIGHT="28" WC="0.92" CONTENT="belägen"/>
						</TextLine>
					</TextBlock>
				</ComposedBlock>
			</PrintSpace>
		</Page>
	</Layout>
</alto>
