1061 1631
349 134 28 23 U.
393 135 27 22 B.
438 148 26 2 —
480 134 73 29 Prop.
572 134 42 23 N:o
628 134 38 22 42.
858 136 26 20 15

333 208 8 19 i
360 207 156 28 förordningen
537 214 35 14 om
593 207 122 28 inteckning
734 207 9 20 i
759 207 44 27 fast
821 214 60 21 egen-

333 242 49 21 dom
408 242 28 27 af
458 242 41 21 den
528 243 13 19 9
567 241 117 21 November
708 242 59 20 1868
793 241 88 28 oförän-

332 277 68 26 dradt,
418 278 57 19 samt

401 312 31 19 att
456 311 24 20 de
500 311 29 27 af
547 310 121 21 Ständerna
688 312 96 25 antagna
801 310 78 27 försla-

331 352 40 20 gen
389 347 37 18 äro
444 345 28 27 af
486 345 94 28 följande
598 345 88 27 lydelse:

302 526 45 36 Lay
368 533 34 23 om
422 526 107 30 dödande
548 528 25 28 af
592 527 125 29 urkunder.

195 601 142 28 Härigenom
355 600 83 22 varder
456 600 145 22 beträffande
614 600 105 22 dödande
733 600 22 22 af
765 599 118 22 urkunder

126 634 136 23 förordnadt
281 642 47 15 som
346 635 76 28 följer:

480 733 10 20 1
512 733 19 26 8.

193 801 51 21 Har
262 796 136 33 obligation,
410 801 68 21 vexel
496 801 55 21 eller
569 808 78 14 annan
660 800 146 27 förbindelse,
820 800 61 22 stäld

125 836 13 21 å
148 835 167 22 innehafvaren
326 835 55 21 eller
390 836 14 21 å
413 835 48 21 viss
471 843 54 14 man
535 835 55 21 eller
600 835 73 28 order,
683 835 133 22 förkommit
825 835 56 21 eller

123 870 112 26 förstörts,
252 869 57 22 eller
327 869 43 22 ock
388 869 186 28 konnossement,
587 869 172 29 upplagsbevis,
771 872 108 25 warrant,

123 904 70 27 aktie,
215 904 76 28 (utesl.)
317 905 75 27 talong,
418 904 197 29 försäkringsbref
639 904 57 21 eller
719 911 77 14 annan
815 903 65 29 dylik

124 938 121 29 handling,
264 938 40 21 vid
322 938 96 22 hvilken
436 939 48 21 viss
502 938 114 29 rättighet
633 942 25 18 är
669 938 94 22 bunden
775 938 56 21 eller
843 938 38 23 till

122 973 70 22 hvars
216 972 152 22 innehafvare
389 973 162 28 förpligtelsen
574 973 47 22 kan
642 973 99 28 giltigen
759 973 124 28 fullgöras,

123 1008 30 28 pä
176 1007 121 22 enahanda
321 1009 47 20 sätt
385 1008 53 28 gått
456 1007 111 28 förlorad;
593 1007 29 22 dä
640 1008 38 21 mä
696 1007 71 22 sådan
786 1007 93 22 urkund

122 1042 79 21 kunna
223 1041 72 22 dödas
319 1042 74 28 enligt
411 1042 62 21 hvad
492 1041 75 22 nedan
587 1041 101 30 stadgas.
724 1041 51 29 Lag
793 1049 86 14 samma

121 1084 56 14 vare
195 1083 37 14 om
250 1076 126 21 intecknad
395 1076 139 28 skuldsedel,
554 1076 60 22 ändå
633 1079 35 19 att
686 1076 44 21 den
748 1076 51 21 icke
819 1079 28 24 är
857 1076 22 21 af

122 1110 99 29 löpande
240 1111 167 21 beskaffenhet.

190 1145 133 22 Banksedel
347 1145 43 22 och
414 1153 84 20 annan,
520 1145 40 22 vid
586 1145 157 29 uppvisandet
765 1145 112 27 betalbar,

122 1180 101 22 räntelös
241 1180 213 22 skuldförbindelse
473 1180 38 21 till
528 1180 168 22 innehafvaren
709 1181 24 20 så
746 1180 43 21 ock
801 1182 76 19 ränte-

122 1214 43 22 och
192 1214 214 29 dividendkupong,
434 1222 48 14 som
510 1214 79 22 blifvit
610 1215 51 21 från
686 1214 81 29 talong
785 1214 92 28 afskild,

121 1256 55 14 vare
195 1248 59 22 dock
273 1249 20 28 ej
313 1248 106 22 dödande
437 1248 165 23 underkastad.

474 1347 12 21 2
502 1331 26 48 8.

189 1415 113 22 Dödande
327 1415 22 21 af
366 1415 95 22 urkund
480 1416 38 21 mä
537 1415 67 22 äskas
623 1415 23 22 af
664 1417 90 20 senaste
771 1415 110 22 innehaf-.

119 1457 72 14 varen
210 1450 55 21 eller
283 1457 85 20 annan,
386 1457 48 14 som
453 1457 55 21 eger
526 1452 47 19 rätt
590 1450 36 21 till
645 1450 137 21 densamma.

189 1499 148 22 Lagutskottets
351 1498 120 19 betänkande
484 1499 43 18 N:o
538 1499 29 17 13.
