1061 1631
677 279 101 22 Transport

226 319 37 17 För
281 319 119 18 bestridande
420 319 19 17 af
456 319 126 17 kostnaderna
600 318 29 18 för
643 319 136 22 landtdagarna

262 353 45 19 åren
320 354 44 17 1900
377 353 34 18 och
424 354 49 21 1904,
486 353 61 18 såvidt
559 353 55 18 dessa
622 353 101 18 kostnader
731 353 46 22 utgå

261 393 23 12 ur
296 387 122 22 statsfonden,
430 387 109 23 förslagsvis
566 401 4 4 .
589 401 4 4 .
612 401 4 4 .
660 400 25 5 <
706 401 1 4 <
743 400 35 5 cc

226 423 9 16 I
248 422 88 18 afseende
349 423 11 17 å
371 422 131 18 förstärkande
516 422 20 18 af
547 421 123 18 statsverkets
685 421 92 18 allmänna

261 456 139 23 utlåningsfond
418 456 34 17 har
470 456 41 17 med
529 456 64 22 nådigt
610 456 87 17 tillstånd
717 456 62 22 dispo-

262 492 63 17 nerats
339 504 2 5 .
363 503 2 5 .
408 503 3 5 ...
453 503 27 5 sc
499 503 26 4 cc
545 503 4 5 ser
568 503 211 4 rt
738 488 45 29 ks

227 525 37 17 För
283 525 94 22 byggande
396 524 20 18 af
432 530 36 17 nya
484 530 68 17 vagnar
564 524 30 18 för
606 524 54 18 deras
672 524 107 23 Kejserliga

262 559 120 22 Majestäters
400 563 52 13 resor
470 559 11 17 å
499 559 22 17 de
533 558 60 18 finska
606 559 173 22 statsjernvägarna

263 593 21 17 är
297 593 85 22 anslaget
394 593 47 17 ända
454 593 29 17 till
501 607 3 3 .
524 606 2 4 .
546 606 231 5 ae

227 622 126 23 Återstående
371 627 101 18 kostnader
489 627 29 18 för
531 627 121 22 deltagandet
664 627 27 18 uti
705 627 73 18 utställ-

263 661 68 23 ningen
345 661 5 17 i
362 661 52 18 Paris
427 661 21 18 är
461 662 49 20 1900,
522 661 119 23 förslagsvis.
660 675 4 3 .
683 675 3 3 .
705 674 4 5 .
729 675 4 3 .
752 675 3 4 .
775 675 4 4 «

228 695 26 18 Af
267 696 84 22 anslaget
363 695 29 18 för
405 695 119 18 anskaffande
537 695 20 18 af
569 695 113 18 inventarier
694 695 33 18 och
739 701 40 16 per-

265 729 61 18 sedlar
338 735 22 13 m.
372 735 24 12 m.
415 730 28 17 till
462 730 111 17 Pitkäniemi
592 730 143 17 centralanstalt
751 730 28 17 för

264 764 117 22 sinnessjuka
394 764 80 17 återstår
487 765 29 17 till
529 765 133 22 användning
660 760 11 31 .
681 777 5 5 .
705 778 3 4 .
728 778 3 3 .
751 778 4 4 .
775 778 3 4 .

228 799 38 17 För
279 799 119 17 anskaffande
415 798 19 18 af
446 798 113 18 inventarier
571 804 22 12 m.
605 804 17 12 m.
640 799 30 17 till
682 799 97 22 barnsjuk-

264 833 55 18 huset
338 833 5 17 i
361 833 117 22 Helsingfors
496 835 21 15 är
535 833 91 22 beviljadt
643 835 29 16 ett
684 833 65 22 anslag
755 829 17 35 af
785 833 10 27 |

265 868 63 21 35,000
339 867 57 21 mark,
409 867 67 18 hvaraf
487 867 30 18 till
530 867 109 22 disposition
661 881 3 4 .
684 881 3 4 .
706 881 3 4 .
729 881 4 4 .
753 881 4 4 .
775 881 4 3 -

229 902 38 17 För
282 901 105 18 inrättande
400 901 20 18 af
432 907 22 12 en
468 901 219 23 agrikultur-ekonomisk
699 902 81 17 försöks-

266 936 71 17 anstalt
354 938 20 15 är
393 936 20 17 af
430 936 75 22 nädigst
520 936 90 22 beviljadt
622 936 64 23 anslag
699 936 40 17 icke
753 938 27 15 ut-

266 971 73 17 betaldt
362 984 303 5 «e
684 983 4 5 ;

229 1005 38 17 För
280 1005 118 18 anskaffande
414 1005 20 17 af
445 1007 29 16 ett
485 1005 92 22 fyrfartyg
589 1005 29 18 till
630 1002 61 21 Ärans
703 984 57 43 grund
777 985 4 4 i
775 1005 6 17 i

265 1039 61 18 finska
338 1039 54 18 viken
411 1053 209 4 «se
639 1053 4 5 E
662 1053 119 4 EEE

229 1073 28 18 Af
275 1074 88 22 anslaget,
383 1075 73 20 116,000
474 1074 57 21 mark,
546 1074 29 17 för
587 1075 120 18 anskaffande
721 1075 20 17 af
753 1077 28 16 ett

266 1110 41 21 nytt
325 1108 98 23 ångfartyg
441 1109 29 17 för
484 1109 111 17 lotsverkets
607 1109 79 22 räkning
700 1109 82 18 återstår

267 1143 29 18 till
309 1143 128 23 användning.
480 1157 255 5 cec
572 1139 34 33 Kf
615 1139 36 33 RR
661 1139 52 33 ERNA
725 1139 13 33 I
754 1157 4 5 .

231 1178 26 16 Af
269 1178 35 17 den
318 1178 79 17 »Finska
409 1178 235 22 teaterhusaktiebolaget«
658 1178 75 23 nädigst
745 1158 36 38 för-
797 1194 1 13 |

267 1212 72 18 unnade
357 1212 113 21 subvention,
486 1214 74 20 500,000
572 1213 56 21 mark,
642 1213 82 18 äterstär
737 1213 45 22 olyf-

267 1246 54 18 tadt.
341 1260 3 4 a
363 1258 27 6 ee
409 1260 96 4 sea
524 1260 4 5 TR
547 1260 164 4 TCIIT
731 1260 27 5 a

301 1280 26 18 Af
343 1281 21 17 de
380 1281 106 18 beräknade
499 1281 125 23 tillgångarna
636 1284 52 20 tages
701 1282 61 18 vidare
777 1261 4 3 i
778 1282 4 17 i

268 1315 88 22 anspråk:

210 1359 1 12 i
231 1349 40 17 Det
289 1350 94 17 oanvända
399 1350 87 22 beloppet
498 1350 20 18 af
529 1351 91 22 beviljadt
632 1351 64 23 anslag
710 1352 73 20 126,000

268 1384 52 15 mark
332 1384 28 16 för
372 1384 108 23 ntgifvande
493 1385 20 17 af
524 1385 31 17 lån
567 1385 20 17 åt
600 1385 83 18 enskilda
695 1390 89 14 personer

681 1426 104 22 Transport

835 192 38 18 Tms:
926 191 24 22 få

813 278 100 21 26,246,901|
928 279 20 16 31

843 386 72 21 100,000|
929 397 17 2 —

827 489 89 21 1,000,000]
928 501 21 1 —

843 582 77 33 750,000,
933 603 16 2 —

844 661 72 19 250,000;
930 673 21 1 —

820 1426 98 22 29,307,201]
934 1426 21 17 31
