1061 1631
340 160 72 23 Ständ.
428 159 36 23 Sv.
480 173 26 2 --
524 159 61 28 Prop.
601 159 35 23 N:o
652 159 36 22 37.
866 160 25 19 13

134 222 81 22 hafvet
229 225 102 19 närmast
346 223 92 21 utanför
453 222 132 22 laxförande
599 222 143 28 vattendrag.
767 221 75 22 Häraf
854 223 37 26 pä-

135 257 89 22 kallade
247 257 129 29 stadgande
392 257 42 21 har
448 257 45 20 fätt
508 257 53 28 ingä
576 257 33 20 uti
624 259 13 18 3
653 257 21 28 &,
690 256 93 22 hvilken
798 255 94 22 handlar

133 298 38 14 om
188 291 112 22 ännämda
316 291 109 22 fiskerätt.

202 325 143 29 Stadgandet
367 326 7 21 i
397 325 147 29 paragrafens
574 327 6 19 2
603 333 67 14 mom.
691 328 24 18 är
733 327 25 20 sä
773 325 56 28 godt
843 331 48 15 som

134 360 75 21 direkt
231 362 93 19 motsatt
348 360 60 21 hvad
427 359 37 22 för
478 359 141 22 närvarande
632 359 91 28 jemlikt
738 361 13 20 3
774 360 7 28 &
796 361 13 19 2
825 366 65 15 mom.

135 395 34 20 uti
192 397 54 18 1865
265 397 36 19 ärs
318 394 160 28 fiskeristadga
495 394 77 28 gäller.
602 394 83 21 Medan
701 394 96 21 berörda
811 393 81 28 stadga

136 428 143 22 beträffande
302 431 86 23 vatten,
409 429 40 20 der
464 428 110 28 rättighet
589 428 35 21 till
638 428 78 29 fängst
731 428 26 21 af
769 428 57 21 visst
841 427 51 22 fisk-

134 463 51 28 slag
206 463 139 22 tillkommer
367 463 94 27 kronan,
481 462 151 22 tillförsäkrar
647 470 83 21 egaren
745 462 98 22 okränkt
857 464 34 19 ut-

135 497 82 28 öfning
232 497 25 22 af
270 497 67 22 fisket
352 498 7 20 i
370 497 76 28 öfrigt,
459 497 59 21 afses
530 497 6 21 i
547 497 170 28 propositionen
728 499 39 24 att,
778 497 36 21 för
825 496 66 29 skyd-

135 532 73 21 dande
229 531 26 22 af
275 532 99 21 kronans
397 532 109 25 fiskerätt,
529 532 95 21 hänvisa
647 539 84 21 egaren
753 531 33 22 till
809 531 83 28 begag-

134 566 75 21 nande
232 566 25 21 af
278 566 58 21 blott
358 567 60 21 vissa
441 566 118 21 bestämda
581 566 154 28 fiskeredskap
759 566 42 21 och
817 565 75 22 dertill

134 601 91 25 sädana,
248 601 51 21 med
321 601 77 21 hvilka
414 602 70 27 nägot
501 600 155 29 indrägtigare
671 600 56 22 fiske
743 601 7 20 i
766 600 62 29 regel
842 600 50 21 icke

135 635 45 22 kan
205 635 120 22 bedrifvas.
356 636 42 20 Att
423 637 33 19 ett
482 635 75 28 dylikt
582 635 125 28 stadgande
730 635 73 21 skulle
826 634 66 29 djupt

135 669 90 28 ingripa
242 669 34 21 uti
291 677 102 20 egarens,
409 669 177 22 vidkommande
600 669 42 21 här
657 669 173 28 ifrågavarande
845 671 47 19 vat-

135 706 46 23 ten,
196 703 70 22 redan
281 711 31 14 nu
328 703 110 28 tämligen
453 703 154 28 kringskurna
617 703 103 22 fiskerätt
731 703 64 22 torde
806 703 86 28 knappt

138 738 101 21 behöfva
254 738 140 23 framhållas.
424 737 128 22 Ständerna
568 738 68 21 hafva
652 738 75 21 derför
742 738 49 21 icke
807 737 87 22 kunnat

135 772 123 29 godkänna
276 772 71 29 sagda
362 772 134 28 stadgande,
512 772 88 21 hvilket
614 772 64 29 förty
693 772 43 21 fått
751 774 62 26 utgå.

203 807 41 21 Ett
266 809 14 18 4
304 807 14 28 &
341 807 159 21 motsvarande
524 807 125 28 stadgande
672 807 65 28 ingår
759 807 33 21 uti
812 809 13 18 8
840 807 14 28 &
871 806 24 21 af

138 843 55 20 1865
209 843 36 19 års
260 841 166 28 fiskeristadga,
442 848 52 14 men
510 843 25 19 är
545 841 41 21 här
596 841 174 28 ifrågavarande
781 841 112 21 allmänna

137 878 44 19 rätt
203 875 34 21 till
259 875 57 22 fiske
337 875 7 21 i
364 875 79 22 hafvet
458 875 34 21 uti
507 875 71 28 sagda
593 875 109 28 paragraf
715 875 128 28 begränsad
858 875 34 21 till

136 909 57 22 fiske
218 911 25 25 ,ä
263 909 78 29 djup",
357 910 43 21 och
416 909 28 22 då
460 917 29 14 en
504 909 70 22 sådan
590 909 154 29 begränsning
760 910 49 21 icke
824 916 68 21 synes

136 944 71 21 sakna
230 944 124 28 betydelse,
377 944 34 28 ity
435 947 32 18 att
492 944 38 21 det
552 944 92 28 intrång
666 944 147 21 omförmälda
832 943 60 22 befo-

136 978 85 28 genhet
243 978 95 21 innebär
360 979 34 20 uti
413 978 245 28 fiskevattensegarens
678 981 44 18 rätt
740 978 152 29 derigenom
878 974 18 37 i

136 1014 76 26 någon
234 1014 53 19 mån
306 1013 107 26 minskas,
430 1013 69 21 borde
516 1013 135 25 densamma,
668 1013 71 28 enligt
755 1013 137 21 Ständernas

136 1047 99 28 mening,
251 1047 142 21 fortfarande
408 1049 98 26 qvarstå.
526 1047 11 21 I
553 1047 100 28 enlighet
668 1047 92 22 härmed
776 1047 39 21 har
830 1047 62 28 förty

135 1089 30 14 en
179 1081 157 22 modifikation
352 1082 25 21 af
390 1084 14 19 4
419 1082 14 28 8
449 1084 39 26 egt
503 1089 56 14 rum.

203 1115 41 22 Uti
256 1118 12 19 6
284 1116 14 28 8
314 1116 46 25 har,
377 1116 97 21 likasom
489 1118 29 27 på
534 1117 70 20 andra
620 1117 81 20 ställen
715 1116 7 21 i
737 1116 153 28 lagförslaget,

135 1150 109 28 vidtagits
267 1158 28 13 en
318 1151 150 21 redaktionell
490 1151 97 28 ändring
604 1151 105 28 påkallad
725 1151 70 25 deraf,
811 1153 32 19 att
859 1152 33 19 ut-

136 1184 90 28 trycket
250 1186 39 24 ,ä*
315 1184 26 22 af
365 1185 129 21 Ständerna
520 1186 111 21 användts
657 1185 79 21 endast
758 1186 8 20 i
788 1185 50 21 dess
860 1185 32 21 in-

135 1218 132 22 skränktare
287 1219 123 28 betydelse.

203 1252 34 22 Pä
250 1254 75 27 grund
337 1253 25 21 af
371 1253 61 21 hvad
443 1254 70 21 ofvan
524 1254 86 21 anförts
622 1254 24 21 fä
657 1254 126 21 Ständerna
794 1254 6 20 i
812 1254 79 20 under-

134 1287 109 28 dänighet
259 1288 94 25 anmäla,

342 1329 32 20 att
388 1328 129 22 Ständerna
532 1328 86 28 antagit
632 1328 99 28 följande

135 1372 42 27 Lag
194 1370 106 30 angående
316 1378 27 22 ny
359 1373 80 27 lydeise
455 1373 26 22 af
494 1374 21 21 17
531 1374 40 22 och
587 1374 23 22 18
627 1374 47 27 kap.
691 1373 199 29 Byggningabalken.

203 1424 139 28 Härigenom
353 1425 81 21 varder
442 1425 106 28 stadgadt
555 1427 32 19 att
594 1427 25 19 17
626 1425 43 21 och
677 1427 25 19 18
714 1420 94 37 kapitlen
818 1424 73 28 Bygg-

133 1458 155 28 ningabalken
300 1458 6 21 i
318 1458 114 22 allmänna
442 1459 68 28 lagen
521 1459 64 21 skola
597 1459 85 21 erhålla
689 1459 101 28 följande
797 1458 93 29 lydelse:
