1061 1631
215 112 12 21 2
520 111 41 21 N:o
576 112 34 20 35.

546 179 46 28 88.

253 221 115 27 Mutsedel,
384 227 47 15 som
446 221 62 21 alltid
523 220 39 22 bör
577 221 7 20 i
600 227 25 15 en
641 220 34 21 för
691 220 80 21 sådant
786 219 100 22 ändamål
898 219 48 22 förd

186 255 139 28 konceptbok
341 255 133 28 ordagrannt
488 255 91 27 intagas,
596 254 55 22 skall
666 254 119 22 innehälla:

256 291 33 20 1:0
312 290 98 22 tillstånd
425 289 33 22 för
472 290 124 21 inmutaren
612 289 51 22 eller
677 289 56 22 hans
748 289 198 22 rättsinnehafvare

186 326 40 25 att,
249 325 71 22 under
341 324 104 22 förbehäll
468 324 23 22 af
512 324 40 22 den
573 325 45 21 rätt
630 324 115 27 jordegare
761 323 129 22 tillkommer
905 324 39 21 och

186 365 73 16 annan
275 359 109 21 inmutare
398 359 43 21 kan
456 358 70 27 hafva,
542 360 56 20 samt
613 359 49 21 med
678 359 41 21 den
734 358 157 28 inskränkning
906 359 40 21 här

186 393 72 22 nedan
281 393 70 22 under
373 399 63 16 mom.
452 394 12 21 5
480 393 142 27 omförmäles,
638 393 49 22 med
703 393 75 21 arbete
792 393 91 27 belägga
898 393 46 25 och,

186 428 24 21 sä
225 428 65 27 länge
304 427 129 28 grufdriften
443 428 7 21 i
460 427 89 28 behörig
559 427 92 28 ordning
661 427 138 22 underhälles
810 427 51 22 eller
871 427 73 22 malm-

186 464 76 26 tägten
277 462 113 26 bedrifves,
406 462 143 27 tillgodogöra
564 462 41 21 den
622 461 87 28 angifna
723 461 146 28 fyndigheten,
879 462 65 21 hvars

186 497 135 27 belägenhet,
337 499 35 19 art
387 497 39 21 och
441 496 69 28 öfriga
524 496 148 22 beskaffenhet
687 496 54 22 skall
756 496 138 27 fullständigt
908 496 36 21 be-

186 530 101 28 skrifvas;
303 531 120 26 hvarutom,
439 531 7 21 i
461 531 100 22 afseende
577 531 13 21 &
604 531 164 27 sjömalmstägt,
785 531 37 21 det
831 530 111 22 inmutade

186 565 111 22 omrädets
313 565 187 28 gvadratinnehäll
516 565 94 28 angifves
626 565 40 22 och
682 565 40 22 den
734 565 69 28 ärliga
813 565 130 27 arbetsskyl-

187 600 101 27 digheten
311 600 134 26 bestämmes,
464 600 67 27 enligt
546 599 26 22 de
587 600 7 21 i
610 601 11 26 &
637 601 27 20 43
680 601 85 20 utsatte
779 599 102 28 grunder,
896 599 48 22 med

186 634 129 27 uttryckligt
337 633 205 28 tillkännagifvande
564 634 108 22 huruvida
687 634 183 27 utmälsläggning
884 635 13 20 ä
912 634 32 21 in-

187 669 127 27 mutningen
331 668 66 27 enligt
412 669 11 27 &
438 670 28 20 40
481 669 55 21 skall
550 668 51 28 följa
617 669 51 21 eller
684 669 23 26 ej.

255 704 34 21 2:0
313 703 40 21 den
375 702 135 28 benämning,
533 703 123 22 hvarunder
671 703 207 27 grufanläggningen
894 703 50 20 eller

187 737 203 28 malmfyndigheten
405 737 48 22 frän
469 737 68 22 andra
552 737 72 27 dylika
638 737 82 28 skiljes;

255 773 34 20 3:o
305 771 59 22 tiden
378 771 48 22 från
441 771 85 22 hvilken
541 772 148 26 inmutningen
705 771 78 28 gäller;

255 807 34 20 4:0
305 805 110 22 föreskrift
429 805 33 22 för
476 806 122 21 inmutaren
615 807 34 20 att
664 807 18 27 ej
698 806 84 22 mindre
797 806 36 21 vid
845 807 99 26 äfventyr

187 841 23 21 af
224 841 41 21 den
282 840 96 22 erhållna
392 841 217 26 inmutningsrättens
624 841 85 26 förlust,
725 841 59 21 inom
799 841 64 21 nittio
875 840 68 27 dagar

186 875 48 22 från
258 875 132 22 mutsedelns
412 875 130 22 utfärdande
563 875 46 22 låta
626 875 99 27 kungöra
741 875 126 22 densamma
881 875 6 20 i
904 875 40 20 den

188 909 51 22 eller
263 910 26 21 de
310 909 160 28 församlingars
493 910 86 27 kyrkor,
602 910 58 21 inom
678 910 73 21 hvilka
765 909 139 28 fyndigheten
920 911 24 19 är

187 944 98 27 belägen,
308 946 27 19 än
358 943 61 23 äfven
443 945 33 20 att
494 944 64 21 minst
572 944 80 27 fjorton
670 944 67 27 dagar
752 944 75 21 förrän
843 943 73 22 arbete
932 944 12 21 &

186 978 139 27 fyndigheten
340 978 33 21 fär
388 978 24 21 af
425 978 79 22 honom
519 979 104 27 vidtagas,
640 978 99 22 meddela
751 978 130 27 jordegaren
892 978 53 21 eller

186 1013 155 22 innehafvaren
364 1013 98 27 bestyrkt
481 1013 84 22 afskrift
581 1013 23 22 af
617 1013 121 22 mutsedeln
754 1013 39 21 och
809 1012 85 28 uppgift
909 1019 34 14 om

187 1047 80 26 stället,
284 1048 40 21 där
339 1047 85 22 arbetet
438 1048 55 21 skall
508 1047 110 28 päbörjas;
636 1048 39 21 och

256 1083 34 21 5:o
305 1083 7 20 i
328 1082 99 21 afseende
443 1083 13 20 ä
470 1083 156 27 sjömalmstägt
640 1083 161 21 underrättelse
818 1083 33 20 att
865 1082 79 21 inmut-

188 1117 137 26 ningsrätten
340 1116 117 27 förverkas,
474 1117 71 22 derest
561 1117 40 22 den
617 1117 127 27 inrättning,
762 1116 34 22 för
812 1116 84 21 hvilken
912 1116 32 21 in-

187 1152 128 27 mutningen
331 1152 66 26 sökts,
412 1151 89 28 frängär
516 1153 122 21 inmutaren
654 1152 52 22 eller
721 1152 54 22 hans
789 1151 154 22 rättsinnehaf-

187 1192 58 20 vare,
269 1186 50 22 eller
338 1186 129 26 inmutaren,
483 1186 37 22 der
534 1187 150 27 inmutningen
700 1187 59 21 skett
774 1186 33 21 för
822 1186 70 21 under
908 1192 36 15 an-

187 1221 103 27 läggning
312 1221 94 21 varande
421 1221 126 27 inrättning,
564 1221 97 21 försuttit
678 1221 40 22 den
734 1220 34 22 för
783 1220 159 27 inrättningens

187 1254 140 22 fulländande
341 1254 113 22 bestämda
469 1255 38 21 tid.

255 1288 189 28 Inmutningsrätt,
460 1296 46 15 som
520 1296 76 21 genom
612 1290 105 22 mutsedel
735 1290 13 21 &
762 1289 113 27 malmtägt
890 1290 7 20 i
912 1289 32 27 sjö

187 1324 94 25 vunnits,
298 1323 102 22 omfattar
414 1324 47 21 icke
475 1324 205 27 fredningsomräde,
696 1330 46 16 som
757 1324 8 21 i
780 1324 47 27 sjön
842 1324 66 21 redan
920 1325 24 19 är

187 1358 52 21 eller
254 1358 78 21 varder
347 1358 91 28 utlagdt.

255 1392 161 28 Sjömalmstägt
438 1394 36 20 mä
488 1393 53 22 efier
556 1394 142 27 isiossmingen
715 1394 18 27 oj
750 1394 87 27 vidtaga
853 1394 91 26 tidigare

187 1428 27 20 än
231 1427 41 21 den
291 1428 24 20 15
331 1427 58 21 Juni.
