1061 1631
217 136 14 19 2
449 133 23 23 U.
490 134 22 22 B.
528 146 29 3 —
573 133 64 29 Prop.
654 133 37 23 N:o
707 133 38 23 30.

217 199 80 22 finnas
321 199 75 22 under
426 199 62 22 N:ris
516 202 88 19 22—26
632 199 44 22 och
698 202 87 19 52—57
802 199 7 22 i
825 197 146 30 nyssnämda

217 234 151 23 betänkande
383 234 43 23 N:o
444 238 20 19 2.

291 270 109 23 Förutom
427 270 215 29 protokollsutdrag
666 270 65 23 öfver
757 270 46 23 den
827 270 143 27 diskussion,

218 312 53 16 som
289 307 9 21 i
313 306 100 23 stånden
437 305 127 30 försiggått
587 305 39 23 vid
648 307 83 22 remiss
751 306 26 23 af
797 307 173 28 propositionen

219 341 44 23 och
287 341 161 24 ofvannämda
471 342 129 29 petitioner,
620 341 43 23 har
678 341 121 24 Utskottet
815 341 58 23 efter
889 341 82 23 därom

219 377 126 23 framstäld
362 377 111 23 anhållan
491 377 129 23 bekommit
635 377 24 23 af
670 372 188 35 Öfverstyrelsen
869 377 35 23 för
914 379 57 28 väg-

220 413 44 22 och
288 413 253 30 vattenbyggnaderna
563 413 133 30 uppgjorda
713 413 87 28 kartor,
816 413 94 30 profiler
926 413 45 22 och

219 448 206 30 kostnadsförslag
441 449 37 23 för
493 449 45 22 den
554 450 8 21 i
578 450 172 29 propositionen
765 449 134 29 föreslagna
915 449 56 22 eller

220 485 8 22 i
239 484 139 23 densamma
394 485 101 23 berörda
507 485 329 29 järnvägsanläggningarna,
848 485 122 22 äfvensom

220 521 119 22 särskilda
356 521 41 22 vid
413 521 70 22 dessa
498 520 92 30 frägors
605 521 145 29 behandling
763 522 8 21 i
786 521 130 29 Kejserliga
932 520 39 23 Se-

220 557 74 22 naten
308 557 124 22 tillkomna
447 557 148 28 handlingar.

294 658 36 23 Då
346 658 132 23 Ständerna
494 657 39 24 vid
551 661 56 20 1897
624 659 38 22 års
678 658 115 29 landtdag
807 658 87 23 beslöto
910 657 61 24 utfö-

221 693 84 23 randet
321 693 24 24 af
361 701 30 15 en
404 694 104 29 järnväg
524 693 53 24 från
592 693 90 30 Kuopio
698 694 35 23 till
743 694 94 27 Iisalmi,
849 693 123 23 lämnades

221 729 87 30 frägan
332 736 38 16 om
394 729 46 23 den
464 729 138 30 sträckning
625 737 29 16 en
672 729 63 24 bana
753 729 36 23 till
808 729 92 30 Kajana
919 729 54 23 stad

222 765 45 22 och
290 765 73 23 härad
386 765 72 23 borde
482 765 89 23 erhälla
592 765 114 23 beroende
726 766 30 29 pä
772 768 109 20 närmare
894 765 80 23 utred-

221 801 62 29 ning
306 801 25 22 af
353 801 29 22 de
406 801 154 23 ekonomiska
583 801 177 23 förhällandena
781 803 8 21 i
805 801 75 30 sagda
899 801 76 23 härad

223 836 124 23 äfvensom
365 838 8 21 i
389 843 69 16 norra
478 837 99 22 Karelen
593 837 44 22 och
652 844 70 16 norra
737 837 121 23 Savolaks.
889 837 84 22 Behof-

223 873 42 22 vet
289 873 24 22 af
337 879 28 16 en
381 873 104 29 järnväg
500 873 36 22 till
553 872 69 23 dessa
638 873 102 22 trakters
756 873 119 28 naturliga
890 872 84 23 trafik-

223 910 116 25 centrum,
355 908 92 30 Kajana
463 908 60 28 stad,
538 909 86 29 ansägs
638 909 53 22 icke
701 909 83 22 tvifvel
795 908 179 27 underkastadt,

223 950 57 17 men
295 944 101 23 tvekade
412 944 132 23 Ständerna
560 945 7 22 i
583 945 63 22 valet
661 945 100 22 emellan
777 951 29 16 en
820 944 155 29 fortsättning

224 981 115 28 antingen
360 980 24 22 af
405 980 45 23 den
472 980 114 23 Karelska
605 980 79 23 banan
703 980 55 23 eller
774 980 45 23 den
835 980 35 23 till
886 980 90 23 Iisalmi

223 1015 135 23 utsträekta
374 1015 114 24 Savolaks
501 1017 139 28 järnvägen,
657 1016 132 29 hvarjämte
805 1017 74 22 röster
893 1015 82 30 höjdes

224 1051 37 22 för
280 1051 123 23 utförande
419 1051 25 23 af
460 1051 44 23 den
520 1051 73 23 sedan
614 1055 56 20 1877
687 1051 38 24 ärs
741 1051 115 30 landtdag
872 1051 48 23 ofta
935 1051 40 30 pä-

224 1087 92 28 yrkade
331 1087 79 23 banan
426 1087 54 23 frän
495 1087 117 30 Uleäborg
628 1087 34 23 till
678 1087 81 23 Vaala.

299 1123 33 23 Pä
347 1123 78 29 grund
441 1123 25 22 af
481 1123 45 22 den
542 1123 177 30 undersökning
735 1123 25 22 af
776 1123 138 23 hithörande
930 1123 45 22 för-

226 1158 134 28 hällanden,
384 1166 51 16 som
459 1159 128 24 värkstälts
611 1159 24 23 af
651 1159 45 23 den
709 1159 212 30 järnvägskomite,
937 1166 39 15 om

225 1194 74 23 hvars
314 1194 145 23 tillsättande
475 1194 131 24 Ständerna
621 1194 40 23 vid
677 1196 94 22 senaste
786 1195 99 29 lagtima
900 1194 76 23 landt-

226 1230 50 30 dag
293 1230 96 28 anhöllo,
405 1231 43 22 har
464 1231 111 27 komitön,
591 1231 71 23 hvars
678 1231 167 23 betänkanden
856 1231 120 29 delgifvits

227 1266 140 28 Ständerna,
384 1268 56 21 enat
456 1268 36 28 sig
508 1273 39 16 om
563 1268 35 21 att
608 1266 92 24 förorda
711 1266 46 23 den
767 1267 145 29 sträckning,
925 1273 51 16 som

227 1302 112 29 angifves
358 1303 8 22 i
384 1302 47 23 den
454 1302 88 29 nädiga
565 1304 171 28 propositionen
757 1302 44 23 och
820 1309 50 16 som
887 1302 91 29 äsyftar

227 1338 37 22 att
283 1338 30 29 pä
332 1338 119 30 möjligast
469 1338 68 23 korta
553 1340 47 27 väg
616 1338 54 23 med
685 1338 133 22 hvarandra
834 1338 81 22 förena
931 1338 47 22 den

227 1373 126 23 tillärnade
375 1374 92 22 banans
492 1374 60 22 bäda
575 1374 156 29 ändpunkter,
755 1374 112 22 städerna
889 1374 89 22 Iisalmi

227 1409 47 23 och
290 1409 97 30 Kajana.

301 1457 185 23 Järnvägsutskottets
498 1458 109 18 betänkande
620 1458 34 18 N:o
667 1459 16 17 1.
