1061 1631
331 130 23 22 U.
372 130 22 22 B.
410 142 30 3 —
456 130 64 28 Prop.
537 130 38 22 N:o
590 130 38 22 30.
825 132 27 20 21

316 196 62 27 föras
394 195 38 22 och
447 196 74 21 under
536 195 151 22 instundande
698 195 155 28 finansperiod

317 231 101 28 beläggas
434 232 50 21 med
500 231 86 27 arbete;

388 269 32 20 att
443 267 35 28 för
498 268 73 21 denna
591 267 57 22 bana
664 274 27 15 en
706 267 107 27 spårvidd
830 267 27 27 af

316 303 42 26 0,75
378 310 23 14 m
420 303 123 27 fastställes
566 305 57 20 samt
640 303 85 22 banans
742 303 110 22 totalkost-

317 339 45 22 nad
386 339 109 22 beräknas
519 339 34 22 till
577 339 119 28 8,000,000
717 339 78 26 mark;
819 338 32 23 äf-

315 381 99 16 vensom

388 412 32 20 att
435 411 37 27 för
488 411 42 21 den
543 411 103 21 händelse
658 410 113 28 Styrelsen
781 411 71 26 funne

318 447 157 21 användandet
502 447 28 27 af
549 447 103 22 minskad
675 446 107 27 spärvidd
805 447 46 21 icke

317 483 52 21 böra
392 482 38 21 vid
446 483 74 21 denna
539 483 57 21 bana
613 483 170 28 ifrägakomma,
800 483 52 20 den-

316 525 86 15 samma
413 519 59 21 skall
481 519 87 27 utföras
578 519 50 21 med
638 519 87 21 normal
736 518 113 27 spärvidd,

316 555 9 20 i
346 554 80 21 hvilket
451 555 43 27 fall
518 555 176 22 totalkostnaden
717 555 36 27 för
777 555 74 21 banan

317 591 117 21 beräknats
451 591 35 21 till
510 591 118 27 9,900,000
643 591 70 21 mark.

174 697 45 23 Det
243 697 74 23 andra
335 697 297 30 banbyggnadsföretaget,
652 697 121 30 angående
792 697 57 23 hvil-

102 733 41 23 ket
159 733 132 23 Ständerna
306 733 40 23 vid
364 737 55 19 1897
438 733 37 23 ärs
491 734 114 29 landtdag
621 733 91 23 anhöllo
729 740 38 16 om
778 733 74 30 nädig

101 770 142 28 proposition
259 769 35 22 till
309 769 161 23 innevarande
486 770 166 27 ständermöte,
666 769 69 30 gälde
747 776 29 16 en
790 769 61 22 bana

101 805 54 28 frän
170 805 89 28 Nyslott
274 806 60 27 öfver
349 806 157 27 Elisenvaara,
523 806 107 21 eventuelt
641 806 64 27 Alho,
716 806 36 21 till
763 806 86 21 Krono-

102 841 62 28 borgs
185 841 74 28 hamn,
276 842 7 21 i
299 841 90 22 hvilket
408 841 112 23 afseende
539 841 132 23 Ständerna
687 841 88 22 beslöto
792 842 35 21 att
842 842 8 21 i

101 876 188 30 underdänighet
305 877 103 22 anhälla:

174 914 34 21 att
224 913 138 22 ekonomisk
384 913 179 29 undersökning
579 913 23 22 af
618 913 40 22 det
679 913 100 22 emellan
799 913 51 22 Päi-

99 949 73 28 jänne
188 949 35 29 sjö
240 949 43 22 och
299 949 115 22 Karelska
424 949 81 22 banan
516 949 100 29 belägna
627 949 142 29 landskapet
778 949 73 22 mätte

101 985 8 22 i
125 984 44 23 och
184 984 36 23 för
240 985 129 22 utrönande
386 984 24 23 af
427 985 150 29 lämpligaste
596 986 72 21 sättet
684 984 35 23 för
735 985 54 22 dess
805 984 45 23 för-

101 1020 87 23 seende
204 1020 54 23 med
274 1020 80 23 vidare
375 1021 132 28 järnvägar
528 1021 140 22 värkställas
690 1021 42 22 och
749 1022 34 21 att
799 1021 51 22 där-

101 1055 40 23 vid
157 1056 98 29 lämplig
279 1056 103 23 befunna
402 1057 186 28 järnvägslinjer
611 1056 74 23 mätte
703 1056 93 23 okulärt
812 1056 38 23 be-

101 1092 110 29 siktigas;

173 1129 34 21 att
230 1127 187 23 bansträckorna
440 1128 208 23 Heinola—Lahtis
670 1128 43 23 och
728 1128 123 29 Nyslott—

100 1164 137 28 Kronoborg
264 1164 115 29 därjämte
403 1164 75 22 måtte
502 1164 175 22 instrumentalt
702 1164 147 23 undersökas

101 1200 43 22 och
169 1200 140 22 alternativa
335 1200 142 30 banprojekt
500 1200 44 23 och
567 1200 203 29 kostnadsförslag
796 1200 54 23 med

100 1235 151 29 tillämpning
267 1236 24 22 af
307 1235 65 23 såväl
396 1236 69 22 smal-
483 1243 50 16 som
556 1236 235 29 normalspårsystem
815 1236 36 22 för

100 1271 54 22 dem
170 1274 129 26 uppgöras;
315 1273 63 21 samt

173 1308 34 21 att
222 1308 36 22 till
274 1307 198 23 nästkommande
489 1308 115 29 landtdag
619 1307 74 23 måtte
709 1308 85 22 aflåtas
808 1308 40 22 nå-

100 1342 41 30 dig
156 1344 143 28 proposition
315 1343 122 29 angående
453 1344 128 28 byggande
597 1344 24 22 af
637 1350 29 16 en
679 1344 102 29 järnväg
797 1343 52 23 från

99 1378 94 29 Nyslott
215 1378 66 23 öfver
304 1379 158 27 Elisenvaara,
488 1380 118 22 eventuelt
625 1380 60 22 Alho
704 1380 86 22 station
809 1380 40 22 vid

99 1414 116 23 Karelska
233 1414 77 23 banan
326 1415 35 22 till
377 1415 150 29 Kronoborgs
544 1415 72 23 hamn
631 1415 41 23 vid
688 1415 101 30 Ladoga.

171 1462 185 24 Järnvägsutskottets
369 1463 111 18 betänkande
492 1463 36 19 N:o
540 1464 16 18 1.
