1061 1631
315 126 85 22 Ständ.
416 126 38 22 Sv.
472 139 28 3 —
516 126 75 28 Prop.
607 126 45 23 N:o
668 126 38 23 39.
875 127 12 21 7

199 197 162 22 Förevarande
388 197 140 29 lagförslags
558 198 28 21 11
612 199 12 25 &
644 197 244 22 öfverensstämmer
873 193 19 37 i

131 231 86 29 sakligt
245 231 107 22 afseende
379 232 52 21 med
458 232 186 29 propositionens
672 232 14 21 3
709 233 20 26 $,
748 231 97 22 hvilken
864 232 24 22 af

132 265 132 22 Ständerna
281 266 62 22 blott
359 266 166 22 underkastats
543 266 155 22 redaktionell
717 266 106 29 ändring,
840 270 47 18 sär-

131 300 72 22 skildt
221 308 83 21 genom
323 301 122 22 införande
464 301 24 22 af
507 301 111 29 ,allmänt
633 300 165 22 vattenskifte*
812 302 75 21 såsom

130 335 94 21 teknisk
247 337 58 20 term
323 335 9 21 i
349 335 79 22 stället
446 335 36 22 för
502 335 83 29 ,skifte
604 335 22 21 af
644 334 152 23 fiskevatten"
817 335 44 22 och
878 335 9 22 i

131 369 70 28 öfrigt
219 377 84 21 genom
321 369 213 29 sammanslagning
553 370 23 21 af
594 369 51 22 dess
664 369 74 29 begge
756 372 108 20 moment.

198 404 77 21 Jemte
302 403 40 22 det
365 403 175 22 föreskrifterna
563 404 35 21 uti
622 404 184 29 propositionens
831 405 15 20 4
866 405 19 27 8,

130 438 121 29 angående
275 438 125 29 gradering
424 439 23 21 af
468 439 64 27 fiske,
553 441 87 19 ansetts
658 439 126 28 lämpligen
802 439 57 21 böra
877 439 9 22 i

129 472 68 29 lagen
222 473 56 28 ingå
303 473 74 21 såsom
404 473 28 21 12
453 474 20 27 8,
492 473 43 22 har
553 473 133 22 derutöfver
704 475 34 19 ett
756 473 129 28 stadgande

131 507 23 21 af
172 507 143 22 allmännare
333 509 70 20 natur
420 507 120 22 befunnits
555 507 83 29 nödigt
650 507 97 22 rörande
760 507 126 29 gradering

130 541 23 22 af
179 541 159 29 hvarjehanda
365 541 73 22 andra
464 542 116 21 förmåner
606 541 40 22 vid
664 542 159 27 vattenskifte,
843 542 42 21 och

130 575 42 22 har
190 576 62 28 förty
270 576 35 21 uti
327 577 28 20 13
375 577 13 26 &
406 578 34 19 ett
458 576 85 22 sådant
561 576 129 29 stadgande
707 576 46 21 fått
770 576 62 29 ingå.

198 610 47 22 För
271 610 151 22 drifkraftens
450 611 9 21 i
486 610 114 22 strömfall
628 611 120 28 praktiska
775 610 109 29 tillgodo-

128 644 103 29 görande
250 648 26 18 är
294 645 39 21 det
351 645 23 21 af
392 645 121 28 synnerlig
531 645 51 28 vigt
601 647 35 20 att
653 645 9 22 i
679 645 66 28 fräga
764 653 37 14 om
813 645 71 22 skifte

129 679 24 21 af
176 679 109 22 samfäldt
309 679 181 28 vattenomräde,
515 679 49 22 deri
583 679 114 22 strömfall
714 680 73 27 ingär,
807 679 77 22 sävidt

129 713 92 29 möjligt
238 713 91 29 hänsyn
347 716 66 27 tages
431 714 85 28 dertill,
535 716 35 19 att
588 714 66 21 fallet
672 714 107 29 tillägges
798 721 85 21 egaren

129 747 24 22 af
176 747 111 22 stranden
309 748 71 22 invid.
415 749 12 20 I
445 748 155 22 betraktande
618 748 66 22 häraf
702 749 43 21 och
763 748 30 21 dä
811 748 72 21 redan

128 782 52 21 med
199 782 107 22 afseende
325 783 12 20 &
356 782 28 21 de
402 783 9 21 i
431 783 28 21 11
481 784 13 25 $
516 784 10 20 1
547 783 53 28 kap.
618 783 24 22 af
660 783 68 28 lagen
744 790 37 14 om
793 785 90 19 vatten-

125 818 77 20 rätten
221 817 113 28 stadgade
353 817 110 28 speciella
481 817 76 22 vilkor
575 817 37 22 för
624 817 125 22 strömfalls
762 817 121 22 delbarhet

126 851 115 21 särskilda
269 851 177 29 bestämningar
473 851 120 29 angående
621 851 69 22 skifte
718 852 23 21 af
767 851 116 22 strömfall

125 885 120 22 befunnits
272 885 93 29 nödiga,
392 886 72 21 hafva
482 886 35 21 uti
541 886 30 21 14
590 887 13 26 $
623 887 23 20 af
664 886 150 22 förevarande
833 886 49 28 lag-

126 919 87 29 förslag
231 920 98 29 intagits
351 921 150 27 föreskrifter,
520 921 74 28 enligt
611 920 81 22 hvilka
710 920 93 22 skilnad
821 920 8 21 i
847 928 35 13 re-

125 954 39 28 gel
190 957 68 25 göres
285 955 97 22 emellan
411 955 97 21 allmänt
534 955 152 21 vattenskifte
709 955 42 21 och
769 955 71 21 skifte
859 954 23 22 af

125 989 122 26 strömfall,
266 989 25 21 så
310 991 35 20 att
362 989 115 22 strömfall
492 989 61 22 blott
571 989 9 22 i
597 989 45 22 den
655 989 110 22 händelse
779 991 34 20 att
826 989 56 22 drif-

126 1022 92 22 kraften
240 1023 49 22 deri
309 1027 25 18 är
352 1023 23 22 af
393 1023 96 22 relativt
506 1024 67 28 ringa
591 1023 119 29 betydelse
728 1024 69 28 ingår
814 1023 9 22 i
841 1023 40 22 all-

125 1059 66 19 mänt
211 1058 159 27 vattenskifte,
390 1065 52 14 men
461 1065 84 14 annars
563 1058 147 29 undantages
727 1058 52 21 från
798 1057 84 22 sådant

125 1091 71 22 skifte
215 1092 35 21 för
269 1094 34 19 att
321 1092 119 22 eventuelt
457 1092 112 22 särskildt
587 1092 64 22 delas
663 1093 52 21 med
727 1092 153 29 iakttagande

126 1126 24 22 af
168 1125 62 23 hvad
248 1126 9 22 i
274 1126 98 22 berörda
393 1127 29 21 11
442 1128 14 26 8
474 1131 73 25 säges.

194 1160 154 29 Paragrafens
376 1162 13 20 2
414 1169 68 14 mom.
502 1166 25 17 är
544 1162 141 21 tillkommet
702 1161 51 21 med
772 1161 108 22 afseende

125 1194 56 22 derå
205 1197 36 19 att
263 1196 42 21 fall
329 1196 80 21 kunna
429 1196 85 28 gifvas,
533 1195 41 22 der
591 1196 158 28 härförinnan,
768 1198 58 19 utan
845 1197 35 20 att

125 1228 70 22 skifte
214 1232 40 26 egt
271 1237 56 21 rum,
346 1230 144 29 rättigheten
509 1232 34 20 att
561 1230 156 29 tillgodogöra
734 1230 146 22 vattenkraf-

125 1265 39 19 ten
182 1264 10 21 i
209 1264 115 22 strömfall
341 1264 97 22 kommit
451 1267 37 19 att
498 1272 84 21 genom
600 1264 54 22 dom
672 1264 54 22 eller
742 1264 137 22 annorledes

125 1297 84 29 tillyda
227 1298 92 22 enskild
337 1298 110 30 lägenhet
466 1299 56 21 eller
539 1299 146 28 vattenverk,
703 1299 82 21 medan
799 1301 78 19 ström-

124 1332 67 22 fallet
214 1332 9 22 i
246 1333 72 29 öfrigt
335 1333 117 22 förblifvit
470 1334 178 28 lägenheternas
666 1334 9 21 i
692 1333 188 29 samfälligheten

123 1374 172 21 gemensamma
313 1367 153 29 tillhörighet.

195 1401 81 23 Såsom
302 1402 29 21 15
357 1403 13 25 8
388 1402 43 22 har
448 1402 53 22 från
519 1402 174 29 propositionen
710 1402 42 22 N:o
772 1402 31 21 39
822 1409 59 21 upp-
