1061 1631
207 133 26 19 12
393 131 29 22 U.
438 131 27 22 B.
483 144 26 4 —
526 131 74 28 Prop.
617 131 45 23 N:o
678 131 35 22 37.

176 197 143 28 folkmängd,
339 197 201 28 fiskeredskapens
559 197 216 25 förfullkomnande,
792 196 136 29 sjötrafiken

176 233 42 21 och
242 233 277 21 vattenverksindustrins
542 233 135 28 utveckling
699 233 71 28 jemte
795 233 70 21 andra
884 240 45 14 om-

176 269 159 28 ständigheter
350 269 49 21 föra
415 269 52 21 med
484 268 41 29 sig.
558 269 130 21 Utskottets
705 269 74 21 flertal
795 269 42 21 har
853 269 76 21 derför

176 305 51 21 icke
244 305 80 21 tvekat
340 307 32 19 att
388 305 7 20 i
406 305 90 28 princip
507 305 123 28 godkänna
640 312 76 21 prop:s
728 305 85 28 förslag
825 312 36 14 om
871 305 58 21 fred-

176 340 179 28 ningsområden
371 341 43 21 och
438 341 62 21 detta
522 343 24 19 så
567 341 93 28 mycket
676 340 94 26 mindre,
788 347 49 14 som
853 347 76 22 prop:s

176 377 145 28 stadganden
343 377 138 21 härutinnan
498 376 50 21 icke
565 379 37 18 äro
620 376 143 29 ovilkorliga,
780 378 56 19 utan
852 376 76 21 lemna

177 420 49 13 rum
243 412 37 21 för
295 412 107 29 pröfning
419 412 7 21 i
443 412 39 21 det
498 412 104 21 enskilda
618 412 71 26 fallet,
702 413 42 20 och
756 412 39 21 det
805 414 73 19 måste
886 411 44 22 för-

176 450 98 19 utsättas
291 451 32 18 att
339 449 171 21 vederbörande
526 448 162 29 myndigheter
703 448 40 22 vid
754 447 176 29 tillämpningen

177 484 22 21 af
217 484 117 21 desamma
350 485 64 21 skola
429 487 29 26 gå
474 485 96 28 tillväga
586 485 52 20 med
655 485 30 20 all
702 484 79 28 möjlig
797 484 96 28 hänsyn.

249 520 185 21 Vidkommande
454 521 28 20 de
497 523 104 18 närmare
618 520 200 28 bestämningarna
834 519 96 22 rörande

177 555 230 29 fredningsområden
423 556 76 21 finner
514 556 119 21 Utskottet
650 556 38 21 det
704 555 7 22 i
723 555 44 22 allo
781 555 106 28 lämpligt
898 558 32 18 att

177 591 141 22 inrättandet
334 592 22 21 af
372 591 79 29 dylika
466 591 8 21 i
490 591 71 22 första
577 592 62 21 hand
656 591 151 22 öfverlämnas
819 593 24 19 åt
853 591 77 20 veder-

177 627 102 21 börande
296 628 231 28 fiskevattensegares
543 630 53 25 eget
611 627 106 21 initiativ.
742 627 36 20 Då
788 626 72 21 likväl
872 626 58 21 stad-

177 663 87 28 gandet
281 666 38 23 att,
338 671 109 20 ,egarene
464 663 23 21 af
502 663 141 22 fiskevatten
659 663 7 21 i
683 665 32 19 ett
725 663 151 28 vattendrag"
889 670 41 21 ega

178 702 43 17 rätt
237 702 34 18 att
288 699 144 29 expropriera
448 699 141 22 fiskevatten
605 703 25 17 är
646 699 93 21 alldeles
756 698 130 21 obestämdt
896 698 35 28 ity

178 738 31 19 att
227 735 40 21 det
283 735 70 22 oftast
368 735 76 22 blefve
461 737 62 20 svårt
539 737 33 19 att
588 735 85 28 afgöra,
690 734 79 22 hvilka
784 737 147 26 vattenegare

177 771 8 21 i
201 771 81 28 hvarje
299 771 107 22 särskildt
422 771 39 20 fall
479 771 64 22 skola
560 779 65 14 anses
642 771 142 28 berättigade
795 773 34 18 att
841 778 90 21 gemen-

178 810 59 18 samt
254 807 81 21 utöfva
351 807 44 21 slik
411 810 50 23 rätt,
478 807 41 21 har
534 807 126 26 Utskottet,
677 807 53 21 med
744 806 93 29 hänsigt
845 806 86 29 jemväl

179 843 76 20 dertill
268 845 33 19 att
311 850 109 21 ,,egarene
432 843 23 21 af
466 843 140 21 fiskevatten
615 843 6 21 i
631 845 33 19 ett
672 843 149 26 vattendrag"
832 842 51 21 icke
894 846 38 17 äro

181 879 108 20 förenade
301 881 83 26 genom
395 881 77 26 någon
481 878 98 22 särskild
588 878 155 29 organisation
751 877 99 29 vidtagit
861 877 72 22 sådan

179 914 100 29 ändring
300 914 9 21 i
330 915 13 20 6
364 915 14 28 $
396 917 9 18 1
424 921 75 19 mom,
516 917 33 18 att
565 914 170 29 befogenheten
751 916 32 19 att
800 913 131 28 expropiera

179 950 36 21 för
230 949 230 29 fredningsomräden
477 950 85 28 nödiga
578 950 86 21 arealer
678 950 63 21 inom
750 949 28 22 de
789 949 143 28 vattendrag,

180 986 39 21 der
235 985 141 22 inrättandet
392 986 23 21 af
431 986 85 21 sädana
532 986 108 21 omräden
656 986 91 21 komme
763 985 9 21 i
787 985 71 28 fräga,
870 985 62 28 finge

180 1022 123 21 ankomma
319 1023 29 27 pä
363 1021 299 28 fiskevärdsföreningarna,
679 1021 79 22 hvilka
775 1021 69 21 äfven
860 1021 73 28 eljest,

177 1057 94 28 jemlikt
295 1059 28 20 33
347 1057 13 29 S
382 1057 22 22 af
421 1058 45 21 den
481 1057 131 29 föreslagna
626 1065 47 21 nya
689 1057 186 28 fiskeristadgan,
892 1064 42 21 ega

180 1096 32 18 att
233 1093 62 21 vaka
311 1093 111 26 deröfver,
434 1095 34 19 att
482 1093 230 28 fredningsomräden
728 1093 71 21 varda
814 1093 118 21 inrättade.

249 1129 13 21 I
279 1129 69 29 öfrigt
363 1129 41 22 har
418 1129 120 22 Utskottet
553 1131 75 20 ansett
644 1129 35 29 sig
695 1129 55 21 böra
764 1129 125 25 framhålla,
902 1131 32 19 att

180 1165 28 21 då
219 1165 7 21 i
239 1168 34 18 ett
283 1166 136 28 vattendrag
430 1166 139 28 utläggande
582 1166 23 20 af
615 1165 230 28 fredningsområden
856 1164 78 29 påbju-

180 1200 47 25 des,
253 1203 34 19 ett
310 1201 80 21 sådant
414 1201 153 21 förordnande
590 1201 112 28 billigtvis
724 1200 51 22 icke
794 1200 46 22 kan
855 1200 79 21 beröra

180 1236 59 21 blott
264 1244 29 14 en
316 1236 46 22 viss
386 1237 36 21 del
444 1238 23 20 af
482 1237 166 29 vattendraget,
670 1240 53 18 enär
740 1236 98 22 sålunda
854 1236 81 21 endast

180 1279 68 21 egare
270 1272 35 21 till
321 1272 139 22 fiskevatten
476 1272 8 21 i
500 1272 75 22 denna
591 1272 37 21 del
646 1272 24 21 af
685 1272 161 28 vattendraget
861 1272 74 20 skulle

181 1307 110 29 påläggas
303 1315 28 14 en
341 1308 141 28 uppoffring,
495 1308 94 21 hvilken
600 1308 71 21 likväl
682 1308 91 21 komme
785 1308 69 20 också
863 1306 72 29 öfrige

181 1343 34 21 till
236 1344 69 27 godo.
337 1343 79 29 Enligt
436 1344 130 21 Utskottets
587 1343 93 29 mening
700 1343 42 21 bör
760 1343 69 28 förty,
846 1343 29 21 då
890 1350 46 14 om-

181 1378 187 29 ständigheterna
385 1386 66 14 anses
467 1379 77 21 fordra
555 1378 241 30 fredningsområdens
807 1378 129 22 inrättande

181 1414 41 21 och
240 1414 172 22 vederbörande
428 1414 237 29 fiskevårdsförening
680 1414 51 22 icke
747 1413 59 29 tagit
817 1414 70 22 saken
898 1421 38 15 om

264 1456 212 19 Vattenrättsutskottets
488 1456 117 19 betänkande
618 1456 37 18 N:o
668 1457 11 17 5
