1061 1631
168 156 12 17 K
354 152 86 23 Stänä,
456 153 40 22 Sv.
527 148 17 38 =
555 153 73 28 Prop
644 154 42 21 N:o
701 153 37 21 45.

167 224 103 29 pligtens
298 224 136 29 utgörande,
462 227 36 19 att
520 232 120 14 reservens
658 225 173 28 öfningsmöten
849 224 74 22 under

167 265 130 16 sommaren
315 259 25 21 är
360 259 66 22 1900
445 259 66 22 skola
529 259 113 28 inställas,
662 259 44 22 och
723 259 43 22 har
783 259 74 22 Eders
875 258 48 22 Ma-

167 293 70 28 jestät
267 293 38 22 till
331 293 144 22 Ständernas
502 293 144 29 behandling
674 294 151 22 öfverlemnat
852 293 72 29 nådig

167 327 146 29 proposition
332 328 8 21 i
359 327 65 23 detta
442 328 68 29 syfte.

237 362 47 22 Det
301 363 24 21 af
344 362 131 22 Ständerna
493 362 40 22 vid
550 363 86 21 urtima
654 362 143 29 landtdagen
816 363 26 20 är
859 362 63 21 1899

167 399 104 26 antagna
293 397 113 28 förslaget
429 397 38 22 till
486 397 135 29 förordning
640 397 120 29 angäende
783 396 99 29 ändring
900 396 23 22 af

167 431 115 23 särskilda
299 431 147 29 stadganden
464 432 8 21 i
491 431 219 30 Värnepligtslagen
729 432 24 21 af
771 431 45 22 den
835 432 30 21 27
880 431 43 21 De-

167 466 90 22 cember
285 466 71 27 1878,
380 465 92 22 hvilket
493 466 87 29 förslag
598 470 62 18 ännu
679 467 51 20 icke
749 466 61 21 varit
828 465 95 22 föremäl

166 501 35 22 för
220 499 74 22 Eders
313 499 131 30 Kejserliga
462 501 121 28 Majestäts
601 500 87 29 nädiga
706 500 134 29 afgörande,
859 501 64 20 inne-

166 535 48 28 bär,
241 537 65 19 utom
333 537 79 26 annat,
437 537 35 20 att
494 535 243 22 reservinstitutionen
756 535 7 21 i
783 535 51 21 dess
852 542 70 14 nuva-

166 569 72 22 rande
257 569 60 22 form
336 569 75 22 skulle
430 569 129 30 upphäfvas
579 572 59 19 samt
656 570 8 21 i
682 569 59 30 följd
759 569 66 22 deraf
836 569 87 22 sädana

166 604 181 29 öfningsmöten,
374 611 47 14 som
448 604 9 21 i
484 604 45 22 den
553 604 86 29 nådiga
662 604 176 29 propositionen
857 603 65 28 afses,

166 639 51 21 icke
244 638 82 22 vidare
352 638 94 22 komma
470 641 35 19 att
523 639 80 21 hållas.
639 639 45 21 Väl
702 639 71 21 hafva
792 638 136 22 Ständerna

166 674 26 21 är
213 673 64 21 1899
297 673 117 28 samtyckt
432 673 38 22 till
487 673 141 22 inställande
646 673 24 22 af
688 681 118 14 reservens
820 673 102 28 öfnings-

165 710 78 19 möten
262 707 84 22 endast
362 707 76 22 under
456 707 44 22 den
518 707 175 30 förutsättning,
713 710 36 19 att
766 707 40 22 det
819 707 23 22 af
855 707 67 22 Stän-

166 741 72 22 derna
257 744 104 27 antagna
379 742 265 29 författningsförslaget
656 743 9 20 i
678 742 51 21 dess
748 741 80 22 helhet
846 749 76 14 vunne

165 776 74 22 Eders
267 777 122 28 Majostäts
416 776 87 29 nådiga
529 776 147 22 stadfästelse
704 776 43 22 och
774 776 148 29 följaktligen

165 811 70 22 äfven
254 811 77 28 öfriga
349 811 23 21 af
390 811 46 22 den
454 811 134 22 nuvarande
600 811 254 22 reservinstitutionens
865 818 57 21 upp-

165 845 104 22 hörande
287 845 125 29 betingade
431 845 163 29 förändringar
612 845 8 22 i
636 845 113 22 Finlands
762 845 160 29 härorganisa-

165 880 49 22 tion
233 880 92 22 komme
344 880 37 21 till
400 880 75 21 ständ.
511 881 54 21 Men
584 879 29 22 dä
631 880 67 28 fräga
717 879 129 22 emellertid
864 879 58 22 före-

164 914 75 29 ligger
259 922 37 14 om
313 914 181 29 genomförande
514 915 22 21 af
554 917 34 19 ett
605 917 55 26 nytt
678 916 87 27 system
783 915 36 21 för
831 914 91 21 landets

164 949 197 28 militärväsende,
381 951 59 20 samt
458 949 66 22 detta
541 949 89 22 säledes
648 949 36 22 för
696 949 147 22 närvarande
855 949 8 21 i
875 949 47 21 viss

164 984 54 21 män
241 983 104 22 befinner
363 983 36 29 sig
417 984 9 21 i
444 986 34 19 ett
496 983 249 29 öfvergängsstadium,
764 983 71 22 hafva
855 983 67 22 Stän-

165 1017 72 22 derna
262 1017 69 22 hållit
352 1018 49 22 före
423 1020 35 20 att
476 1026 29 14 en
524 1018 72 22 sådan
614 1018 107 29 tillfällig
740 1017 113 23 afvikelse
871 1017 51 22 från

164 1052 163 29 stadgandena
352 1053 9 21 i
388 1053 228 29 Värnepligtslagen,
635 1060 48 15 som
702 1052 46 22 den
767 1052 87 29 nådiga
871 1059 51 22 pro-

164 1087 134 29 positionen
323 1087 67 28 afser,
415 1087 71 22 borde
511 1087 22 22 af
558 1087 132 22 Ständerna
711 1086 148 30 godkännas;
879 1086 43 22 och

163 1121 24 22 få
205 1121 141 29 Ständerna,
364 1121 88 29 hvilka,
471 1122 51 21 med
541 1121 107 22 afseende
667 1121 56 22 derå
741 1123 36 20 att
795 1121 65 22 detta
877 1121 45 22 för-

164 1156 206 30 fattningsförslag
396 1157 98 21 innebär
522 1157 110 21 afvikelse
659 1157 52 22 från
739 1156 123 29 grundlag,
883 1156 39 22 be-

163 1190 101 22 handlat
291 1191 127 22 detsamma
445 1192 9 21 i
480 1191 45 22 den
547 1191 99 29 ordning
667 1192 29 20 71
718 1192 13 26 &
750 1191 8 21 i
776 1190 146 30 Landtdags-

164 1225 132 30 ordningen
314 1226 102 29 stadgar,
434 1226 168 28 underdånigst
621 1217 102 44 anmälaf:

440 1280 32 19 att
492 1279 34 20 det
543 1278 9 21 i
569 1278 139 28 förevarande
726 1278 81 27 nådiga
821 1278 99 27 proposi-

372 1313 46 21 tion
446 1313 33 21 till
506 1313 122 21 Ständerna
654 1312 156 28 öfverlemnade
834 1312 86 28 författ-

371 1347 165 28 ningsförslaget
565 1347 71 28 blifvit
662 1347 29 28 af
715 1347 123 21 Ständerna
863 1346 57 28 oför-

372 1382 92 21 ändradi
482 1384 90 26 antaget.

233 1434 64 21 Enär
324 1432 60 22 dock
412 1433 68 21 äfven
507 1432 74 22 under
607 1432 28 22 de
662 1434 105 20 närmast
788 1432 134 29 päföljande

163 1468 61 27 åren,
251 1469 72 21 innan
348 1467 131 22 Ständerna
503 1470 67 19 nästa
594 1468 64 28 gång
675 1467 38 22 till
731 1466 115 29 landtdag
865 1474 57 15 sam-
