1061 1631
157 94 25 20 18

525 392 102 22 Transport

259 463 82 15 Tionde
355 463 155 15 Hufvudtiteln.

141 515 190 40 Förvaltningsgrenar
343 524 21 11 m.
376 524 28 16 m.,
416 524 35 11 som
466 518 74 22 hänföra
556 519 27 22 sig
598 518 30 17 till

129 560 2 10 |
180 553 85 17 Handels-
278 553 30 17 och
320 553 200 22 Industriexpeditionen
537 566 4 4 .

129 620 2 8 |
145 599 62 18 Under
223 599 60 18 denna
299 599 113 18 hufvudtitel
424 599 29 18 mä
464 599 57 18 bland
533 603 35 18 nya
579 598 48 18 före-

180 633 77 18 stående
270 633 79 23 utgifter
361 635 113 16 omnämnas:

145 668 37 17 För
197 667 108 19 statistiska
322 668 76 17 arbeten
410 668 30 17 vid
452 667 176 24 Industristyrelsen

179 702 56 18 hafva
248 702 23 17 de
284 702 60 23 årliga
354 702 126 18 kostnaderna
488 701 101 18 beräknats
598 701 30 18 till

179 737 51 21 8,000
238 737 59 17 mark.
314 732 63 22 Ökade
386 737 64 22 anslag
458 736 30 18 för
495 735 133 24 Polytekniska

180 771 97 18 institutet
289 770 93 19 äfvensom
394 771 30 18 för
435 771 85 18 handels-
533 771 34 17 och
578 770 50 18 indu-

180 805 99 18 striskolor
291 807 32 16 äro
334 805 68 22 jemväl
412 805 111 18 emotsedda.
547 805 5 17 I
564 804 65 19 stället

180 840 29 17 för
227 840 33 17 det
279 840 5 17 i
303 842 61 15 staten
382 840 29 17 för
428 839 201 18 handtverksskolorna

181 876 96 21 npptagna
295 874 65 23 anslag
378 874 20 18 af
412 875 63 21 55,000
489 873 52 18 mark
554 874 35 17 har
600 875 30 16 ett

180 909 65 22 anslag
258 909 30 18 till
303 911 28 16 ett
342 909 67 22 belopp
422 909 20 17 af
454 909 74 21 100,000
537 908 53 18 mark
598 913 31 12 an-

180 945 47 16 setts
241 943 94 18 erfordras
347 943 29 18 för
388 943 122 18 handtverks-
522 943 34 18 och
567 943 62 22 yrkes-

180 977 67 18 skolor.

131 1017 1 25 |
146 1013 29 17 Dä
187 1013 77 17 tillökta
277 1013 63 22 anslag
348 1013 67 22 jemväl
424 1013 29 17 för
461 1012 103 19 lotsverket
570 1012 59 18 mäste

181 1049 79 20 antagas
279 1047 71 18 komma
368 1049 29 16 att
417 1047 98 22 erfordras,
533 1047 54 17 torde
600 1046 30 18 för

180 1081 89 23 perioden
282 1081 6 17 i
301 1081 100 18 afrundadt
417 1082 27 17 tal
460 1082 63 17 kunna
538 1083 92 21 upptagas

278 1188 53 15 Elfte
345 1188 155 15 Hufvudtiteln.

147 1242 187 24 Förvaltningsgrenar
349 1243 53 18 under
420 1243 211 23 Ekonomiedepurtemen-

181 1279 32 15 tets
226 1277 66 17 Kansli
313 1290 3 4 .

146 1323 72 17 Endast
231 1328 23 13 en
270 1323 70 18 mindre
353 1324 99 22 tillökning
464 1324 7 17 i
483 1323 78 23 utgifter
574 1322 58 18 under

182 1358 60 17 denna
259 1358 113 18 hufvndtitel
388 1358 52 18 torde
457 1363 45 13 vara
515 1359 29 16 att
557 1359 74 19 emotse,

180 1392 77 19 hvarför
269 1392 35 19 här
317 1394 90 21 uppiäges
424 1406 4 4 .

530 1433 102 22 Transport

654 183 65 24 Enligt
728 185 57 16 stats-
793 179 11 33 |
809 183 10 18 I
831 183 57 23 årligt
899 188 37 13 me-

654 213 91 22 förslaget
756 212 29 18 för
794 208 11 32 |
825 212 58 18 deltal
895 212 29 17 för

678 241 21 18 år
711 242 50 17 1900.
817 241 118 18 1901—1904.

678 300 39 21 Fang
763 301 24 20 ||
833 299 40 21 Fre
899 288 13 37 |
919 299 23 21 7

650 391 102 22 28,334,256|
765 392 22 17 95
795 379 7 39 |
806 391 102 22 30,166,000.
921 400 21 2 —

911 452 2 29 |

662 553 91 22 2,343,484]
765 553 23 17 97
854 561 18 2 =
921 561 20 2 ||

913 932 2 22 |

699 1091 22 3 —
770 1090 21 3 |—|
821 1079 91 22 2,600,000]
926 1089 19 3 —

682 1277 77 21 223,950|
771 1286 22 2 —
857 1285 22 3 =
926 1285 20 2 =

645 1410 2 4 I
700 1401 23 3 —
773 1400 21 2 |]
834 1390 80 24 230.000]
928 1399 19 3 —

655 1431 102 23 30,901,691|
772 1430 22 18 92
800 1426 9 32 |
812 1430 103 21 32,996,000]
926 1439 22 3 —

121 147 143 38 —
125 158 827 23 =="
