1020 1709
776 155 26 20 67

85 218 109 21 äfvensom
209 218 145 27 uppförandet
369 218 25 21 af
405 218 169 28 Nikolaikyrkan
588 220 8 20 i
614 220 157 22 hufvudstaden
789 222 42 20 till-

85 252 91 27 skyndat
192 252 132 21 Statsverket
339 259 27 13 en
381 252 64 27 utgift
460 252 24 21 af
496 253 92 25 395,370
602 253 66 21 rubel.

151 285 74 21 Ehuru
240 286 36 20 det
291 285 89 22 afsedda
394 286 123 21 ändamålet
532 287 49 20 med
595 287 41 20 den
649 287 85 27 jemlikt
752 288 79 27 Nådigt

83 319 145 21 förordnande
244 320 41 20 den
300 320 26 19 29
342 319 42 28 Maj
407 320 55 20 1835
480 320 89 21 tillsatte
587 320 180 27 lagkomissionen
789 321 42 21 för-

83 353 71 27 tjenar
170 353 39 21 allt
224 353 145 26 erkännande,
385 353 42 22 kan
442 354 66 21 likväl
523 354 46 21 icke
584 353 90 22 förbises
685 357 32 19 att
731 355 99 21 kommis-

83 387 85 21 sionens
191 387 124 28 långvariga
337 388 134 21 verksamhet
492 388 55 21 intill
569 389 108 27 utgången
695 389 25 21 af
736 390 24 20 år
776 389 54 21 1858

82 421 72 21 kostat
170 421 74 22 landet
259 422 98 27 omkring
373 423 91 26 125,000
478 423 65 25 rubel,
560 423 39 21 och
614 424 28 20 dä
662 423 71 21 dertill
751 423 79 21 räknas

83 457 40 20 den
139 455 101 22 särskildt
255 457 99 20 nedsatte
368 457 246 26 lagrevisionskomitöns
630 459 42 19 stat
687 457 34 21 för
733 457 47 28 fyra
791 458 39 21 och

82 493 31 18 ett
128 490 55 21 halft
199 491 24 20 är
237 491 49 21 med
301 491 80 21 inemot
396 491 77 26 23,000
488 491 66 26 rubel,
571 491 108 22 äfvensom
697 492 133 27 trycknings-

81 525 121 21 kostnaden
217 524 34 22 för
266 525 212 27 lagkommissionens
493 525 79 26 arbete,
587 525 86 22 hvartill
683 526 99 27 registret
793 527 37 20 än-

81 567 30 13 nu
125 559 47 21 icke
187 559 78 21 hunnit
280 559 66 22 blifva
362 559 107 26 slutfördt,
485 561 84 26 uppgär
581 559 49 22 hela
642 560 119 21 kostnaden
771 561 7 20 i
789 561 40 20 och

81 593 34 21 för
129 594 36 20 det
180 600 42 20 nya
237 593 111 27 lagverket
363 594 33 21 till
410 601 59 14 mera
485 595 27 20 än
529 594 90 25 150,000
633 594 61 21 rubel
708 595 78 21 silfver.

148 627 82 21 Genom
246 627 78 27 Nädigt
339 628 93 27 reskript
448 629 41 20 den
504 629 36 26 4/,,
555 628 116 21 December
682 629 56 20 1840
747 628 82 21 förord-

81 662 66 20 nades
162 668 35 15 om
211 661 127 22 förlänande
353 663 29 26 pä
398 662 41 21 tolf
452 663 24 20 är
493 662 32 21 till
540 662 96 21 Minister
652 662 178 21 Statssekretera-

80 703 37 14 ren
133 695 77 22 Grefve
225 695 26 22 R.
267 696 29 21 H.
312 696 121 22 Rehbinder
447 697 25 20 af
485 699 30 19 ett
529 696 173 26 militieboställe,
717 697 63 21 hvars
796 697 33 21 är-

79 730 44 27 liga
137 729 94 22 inkomst
246 730 68 21 skulle
329 731 73 26 uppgä
416 731 32 20 till
469 731 109 27 fyratusen
597 731 60 20 rubel
679 731 77 25 silfver,
779 738 49 14 men

80 765 27 20 dä
123 765 65 26 nägot
204 765 78 20 sädant
297 764 89 26 boställe
403 765 18 27 ej
437 765 64 21 fanns
516 767 32 19 att
567 764 67 27 tillgä,
652 765 73 26 vidtog
745 765 83 27 Kejser-

79 799 44 26 liga
138 799 94 21 Senaten
246 796 79 29 ätgärd
341 800 79 24 derom,
435 801 33 19 att
483 799 33 21 till
531 799 76 21 Grefve
622 799 121 21 Rehbinder
760 799 67 20 skulle

80 833 24 21 af
117 833 143 21 Statsmedlen
275 834 68 20 under
358 833 42 21 tolf
412 834 33 20 ärs
461 834 32 21 tid
507 833 64 26 4,000
585 833 61 21 rubel
660 840 35 14 om
710 834 45 20 äret
766 840 61 20 gvar-

79 868 73 21 taliter
167 867 113 21 utbetalas.
315 867 71 22 Sedan
401 867 25 21 af
439 869 53 20 1841
509 869 34 19 ärs
558 867 75 27 anslag
652 867 68 21 första
743 869 85 25 gvarta-

79 902 29 21 let
124 902 73 27 lyftats
212 901 24 21 af
250 901 76 22 Grefve
347 901 128 26 Rehbinder,
497 904 55 18 samt
575 903 25 20 de
623 903 32 19 tre
678 901 73 27 öfriga,
775 901 54 21 efter

79 936 54 21 hans
149 935 119 22 emellertid
283 931 113 25 inträffade
416 937 49 24 död,
487 936 24 21 af
528 937 48 20 dess
598 935 152 22 efterlemnade
773 935 55 22 enka

79 970 40 21 och
134 970 32 21 uti
180 969 79 28 Nädigt
275 969 92 28 reskript
378 971 41 19 den
429 971 26 20 21
469 969 94 22 Oktober
574 969 22 28 (2
609 969 128 28 November)
753 971 74 19 nänin-

79 1006 26 19 de
121 1005 24 20 är
159 1003 122 26 förklarats,
304 1006 32 19 att
359 1003 131 22 Grefvinnan
512 1003 120 22 Rehbinder
654 1005 53 26 egde
729 1003 98 28 tillgodo-

79 1039 61 28 njuta
156 1038 139 21 omförmälde
309 1039 82 20 hennes
410 1038 113 21 framlidne
542 1045 50 14 man
606 1038 7 20 i
627 1037 95 22 lifstiden
740 1038 87 27 tillagde

78 1073 114 27 förläning,
207 1072 115 21 utbetaltes
338 1073 49 20 hela
406 1069 135 24 äterstäende
561 1071 101 28 beloppet
684 1071 66 26 deraf,
774 1072 53 21 efter

78 1108 76 26 afdrag
170 1107 24 21 af
207 1107 141 25 ränterabatt,
364 1108 41 19 den
421 1107 26 20 18
461 1106 117 21 December
592 1113 82 14 samma
684 1107 24 20 är
717 1107 49 20 med
776 1108 51 19 tret-

78 1142 63 21 tioett
156 1144 63 18 tusen
234 1141 105 28 fyratioen
354 1141 60 20 rubel
429 1141 28 20 90
471 1140 77 27 kopek.

145 1175 91 22 Medelst
250 1175 80 27 Nädigt
345 1175 92 26 reskript
453 1176 41 19 den
509 1176 35 25 1/,s
560 1174 90 21 Januari
671 1175 55 20 1842
744 1174 82 21 förord-

77 1211 74 24 nades,
167 1212 33 19 att
214 1209 79 27 Anjala
307 1209 65 20 säteri
386 1210 49 19 med
451 1208 158 27 underlydande
624 1207 125 28 lägenheter
761 1208 66 21 borde

77 1245 49 20 med
140 1244 141 27 fyratiotusen
297 1243 60 21 rubel
372 1243 71 21 silfver
457 1243 92 26 inköpas
572 1242 32 21 till
627 1244 31 19 ett
679 1242 92 27 majorat
793 1242 34 21 för

77 1279 85 21 landets
179 1278 122 21 dävarande
316 1277 205 26 Generalguvernör,
537 1276 63 21 Furst
614 1275 124 22 Alexander
752 1276 73 27 Serge-

74 1313 98 28 jewitsch
186 1312 145 27 Menschikoff
344 1312 39 21 och
392 1311 55 22 hans
457 1311 92 27 manlige
560 1310 188 26 efterkommande,
764 1310 61 22 hvar-

78 1348 53 21 efter
146 1347 40 21 och
202 1348 66 19 sedan
284 1346 79 21 Chefen
383 1346 33 20 för
437 1345 254 27 Finans-Expeditionen,
714 1345 111 20 Geheime-

78 1383 61 20 rädet
154 1381 26 21 L.
198 1380 26 22 G.
240 1387 39 14 von
294 1380 129 25 Haartman,
439 1386 45 14 som
500 1379 40 20 den
555 1379 27 20 22
595 1378 8 21 i
614 1385 81 14 samma
709 1379 79 20 mänad
803 1378 25 21 af

79 1417 60 21 detta
160 1415 74 27 anslag
256 1414 63 28 lyftat
335 1413 77 26 35,700
427 1413 65 25 rubel,
508 1413 7 20 i
529 1412 119 28 Kejserliga
671 1411 94 22 Senaten
787 1420 38 13 an-

78 1451 59 26 mält,
153 1452 32 20 att
200 1449 32 22 till
247 1448 133 22 betäckande
396 1448 24 21 af
432 1447 169 29 köpeskillingen
615 1446 34 22 för
659 1447 92 21 nämnde
762 1454 63 20 egen-

79 1488 49 20 dom
139 1487 54 20 samt
204 1484 32 22 till
250 1484 134 21 bestridande
396 1482 24 22 af
427 1482 119 22 kostnaden
556 1482 34 21 för
600 1482 133 21 densammas
743 1481 81 21 iständ-
