<?xml version="1.0" encoding="UTF-8"?>
<alto xmlns="http://www.loc.gov/standards/alto/ns-v3#" xmlns:xlink="http://www.w3.org/1999/xlink" xmlns:xsi="http://www.w3.org/2001/XMLSchema-instance" xsi:schemaLocation="http://www.loc.gov/standards/alto/ns-v3# http://www.loc.gov/alto/v3/alto-3-0.xsd">
	<Description>
		<MeasurementUnit>pixel</MeasurementUnit>
		<sourceImageInformation>
			<fileName>/tmp/tess_l_35myu0_input.PNG</fileName>
		</sourceImageInformation>
		<OCRProcessing ID="OCR_0">
			<ocrProcessingStep>
				<processingSoftware>
					<softwareName>tesseract 5.3.4</softwareName>
				</processingSoftware>
			</ocrProcessingStep>
		</OCRProcessing>
	</Description>
	<Layout>
		<Page WIDTH="1025" HEIGHT="1711" PHYSICAL_IMG_NR="0" ID="page_0">
			<PrintSpace HPOS="0" VPOS="0" WIDTH="1025" HEIGHT="1711">
				<ComposedBlock ID="cblock_0" HPOS="321" VPOS="399" WIDTH="614" HEIGHT="104">
					<TextBlock ID="block_0" HPOS="321" VPOS="399" WIDTH="614" HEIGHT="104">
						<TextLine ID="line_0" HPOS="356" VPOS="399" WIDTH="577" HEIGHT="25">
							<String ID="string_0" HPOS="356" VPOS="401" WIDTH="94" HEIGHT="19" WC="0.91" CONTENT="Stats-"/><SP WIDTH="30" VPOS="401" HPOS="450"/>
							<String ID="string_1" HPOS="480" VPOS="400" WIDTH="58" HEIGHT="20" WC="0.93" CONTENT="och"/><SP WIDTH="32" VPOS="400" HPOS="538"/>
							<String ID="string_2" HPOS="570" VPOS="399" WIDTH="363" HEIGHT="25" WC="0.89" CONTENT="Bevillningsutskottets"/>
						</TextLine>
						<TextLine ID="line_1" HPOS="321" VPOS="437" WIDTH="614" HEIGHT="27">
							<String ID="string_3" HPOS="321" VPOS="438" WIDTH="199" HEIGHT="26" WC="0.89" CONTENT="redogörelse"/><SP WIDTH="26" VPOS="438" HPOS="520"/>
							<String ID="string_4" HPOS="546" VPOS="439" WIDTH="30" HEIGHT="20" WC="0.92" CONTENT="för"/><SP WIDTH="24" VPOS="439" HPOS="576"/>
							<String ID="string_5" HPOS="600" VPOS="437" WIDTH="141" HEIGHT="26" WC="0.92" CONTENT="granskningen"/><SP WIDTH="25" VPOS="437" HPOS="741"/>
							<String ID="string_6" HPOS="766" VPOS="437" WIDTH="22" HEIGHT="20" WC="0.93" CONTENT="af"/><SP WIDTH="22" VPOS="437" HPOS="788"/>
							<String ID="string_7" HPOS="810" VPOS="437" WIDTH="125" HEIGHT="21" WC="0.92" CONTENT="Statsverkets"/>
						</TextLine>
						<TextLine ID="line_2" HPOS="322" VPOS="477" WIDTH="400" HEIGHT="26">
							<String ID="string_8" HPOS="322" VPOS="477" WIDTH="116" HEIGHT="26" WC="0.79" CONTENT="förvaltning"/><SP WIDTH="17" VPOS="477" HPOS="438"/>
							<String ID="string_9" HPOS="455" VPOS="477" WIDTH="60" HEIGHT="20" WC="0.93" CONTENT="under"/><SP WIDTH="15" VPOS="477" HPOS="515"/>
							<String ID="string_10" HPOS="530" VPOS="477" WIDTH="47" HEIGHT="21" WC="0.92" CONTENT="åren"/><SP WIDTH="15" VPOS="477" HPOS="577"/>
							<String ID="string_11" HPOS="592" VPOS="477" WIDTH="130" HEIGHT="20" WC="0.87" CONTENT="1860—1863."/>
						</TextLine>
					</TextBlock>
				</ComposedBlock>
				<ComposedBlock ID="cblock_1" HPOS="185" VPOS="538" WIDTH="756" HEIGHT="973">
					<TextBlock ID="block_1" HPOS="185" VPOS="538" WIDTH="754" HEIGHT="463">
						<TextLine ID="line_3" HPOS="253" VPOS="538" WIDTH="680" HEIGHT="27">
							<String ID="string_12" HPOS="253" VPOS="539" WIDTH="31" HEIGHT="21" WC="0.89" CONTENT="Pä"/><SP WIDTH="15" VPOS="539" HPOS="284"/>
							<String ID="string_13" HPOS="299" VPOS="539" WIDTH="104" HEIGHT="21" WC="0.91" CONTENT="anhällan"/><SP WIDTH="15" VPOS="539" HPOS="403"/>
							<String ID="string_14" HPOS="418" VPOS="539" WIDTH="25" HEIGHT="20" WC="0.96" CONTENT="af"/><SP WIDTH="13" VPOS="539" HPOS="443"/>
							<String ID="string_15" HPOS="456" VPOS="539" WIDTH="35" HEIGHT="20" WC="0.95" CONTENT="det"/><SP WIDTH="16" VPOS="539" HPOS="491"/>
							<String ID="string_16" HPOS="507" VPOS="539" WIDTH="35" HEIGHT="20" WC="0.93" CONTENT="vid"/><SP WIDTH="11" VPOS="539" HPOS="542"/>
							<String ID="string_17" HPOS="553" VPOS="540" WIDTH="84" HEIGHT="19" WC="0.92" CONTENT="senaste"/><SP WIDTH="11" VPOS="540" HPOS="637"/>
							<String ID="string_18" HPOS="648" VPOS="538" WIDTH="104" HEIGHT="27" WC="0.92" CONTENT="landtdag"/><SP WIDTH="10" VPOS="538" HPOS="752"/>
							<String ID="string_19" HPOS="762" VPOS="538" WIDTH="91" HEIGHT="21" WC="0.92" CONTENT="tillsatta"/><SP WIDTH="14" VPOS="538" HPOS="853"/>
							<String ID="string_20" HPOS="867" VPOS="538" WIDTH="66" HEIGHT="21" WC="0.92" CONTENT="Stats-"/>
						</TextLine>
						<TextLine ID="line_4" HPOS="185" VPOS="572" WIDTH="750" HEIGHT="27">
							<String ID="string_21" HPOS="185" VPOS="573" WIDTH="84" HEIGHT="21" WC="0.93" CONTENT="utskott"/><SP WIDTH="20" VPOS="573" HPOS="269"/>
							<String ID="string_22" HPOS="289" VPOS="572" WIDTH="169" HEIGHT="22" WC="0.92" CONTENT="öfverlemnades"/><SP WIDTH="18" VPOS="572" HPOS="458"/>
							<String ID="string_23" HPOS="476" VPOS="572" WIDTH="33" HEIGHT="20" WC="0.93" CONTENT="till"/><SP WIDTH="18" VPOS="572" HPOS="509"/>
							<String ID="string_24" HPOS="527" VPOS="573" WIDTH="125" HEIGHT="24" WC="0.96" CONTENT="detsamma,"/><SP WIDTH="16" VPOS="573" HPOS="652"/>
							<String ID="string_25" HPOS="668" VPOS="572" WIDTH="68" HEIGHT="27" WC="0.96" CONTENT="enligt"/><SP WIDTH="15" VPOS="572" HPOS="736"/>
							<String ID="string_26" HPOS="751" VPOS="572" WIDTH="68" HEIGHT="21" WC="0.93" CONTENT="Hans"/><SP WIDTH="16" VPOS="572" HPOS="819"/>
							<String ID="string_27" HPOS="835" VPOS="572" WIDTH="100" HEIGHT="27" WC="0.92" CONTENT="Kejser-"/>
						</TextLine>
						<TextLine ID="line_5" HPOS="185" VPOS="606" WIDTH="751" HEIGHT="28">
							<String ID="string_28" HPOS="185" VPOS="608" WIDTH="53" HEIGHT="26" WC="0.93" CONTENT="liga"/><SP WIDTH="21" VPOS="608" HPOS="238"/>
							<String ID="string_29" HPOS="259" VPOS="607" WIDTH="141" HEIGHT="27" WC="0.92" CONTENT="Majestäts"/><SP WIDTH="23" VPOS="607" HPOS="400"/>
							<String ID="string_30" HPOS="423" VPOS="608" WIDTH="48" HEIGHT="25" WC="0.93" CONTENT="eget"/><SP WIDTH="19" VPOS="608" HPOS="471"/>
							<String ID="string_31" HPOS="490" VPOS="606" WIDTH="79" HEIGHT="27" WC="0.91" CONTENT="nädiga"/><SP WIDTH="19" VPOS="606" HPOS="569"/>
							<String ID="string_32" HPOS="588" VPOS="606" WIDTH="153" HEIGHT="26" WC="0.92" CONTENT="förordnande,"/><SP WIDTH="19" VPOS="606" HPOS="741"/>
							<String ID="string_33" HPOS="760" VPOS="606" WIDTH="176" HEIGHT="28" WC="0.92" CONTENT="räkenskaperna"/>
						</TextLine>
						<TextLine ID="line_6" HPOS="187" VPOS="640" WIDTH="748" HEIGHT="27">
							<String ID="string_34" HPOS="187" VPOS="641" WIDTH="58" HEIGHT="21" WC="0.96" CONTENT="öfver"/><SP WIDTH="16" VPOS="641" HPOS="245"/>
							<String ID="string_35" HPOS="261" VPOS="641" WIDTH="109" HEIGHT="21" WC="0.92" CONTENT="allmänna"/><SP WIDTH="16" VPOS="641" HPOS="370"/>
							<String ID="string_36" HPOS="386" VPOS="640" WIDTH="68" HEIGHT="21" WC="0.92" CONTENT="Stats-"/><SP WIDTH="16" VPOS="640" HPOS="454"/>
							<String ID="string_37" HPOS="470" VPOS="640" WIDTH="41" HEIGHT="20" WC="0.93" CONTENT="och"/><SP WIDTH="15" VPOS="640" HPOS="511"/>
							<String ID="string_38" HPOS="526" VPOS="640" WIDTH="85" HEIGHT="21" WC="0.91" CONTENT="Militie-"/><SP WIDTH="16" VPOS="640" HPOS="611"/>
							<String ID="string_39" HPOS="627" VPOS="642" WIDTH="54" HEIGHT="19" WC="0.93" CONTENT="samt"/><SP WIDTH="17" VPOS="642" HPOS="681"/>
							<String ID="string_40" HPOS="698" VPOS="640" WIDTH="81" HEIGHT="27" WC="0.83" CONTENT="Fattig-"/><SP WIDTH="16" VPOS="640" HPOS="779"/>
							<String ID="string_41" HPOS="795" VPOS="640" WIDTH="40" HEIGHT="21" WC="0.93" CONTENT="och"/><SP WIDTH="14" VPOS="640" HPOS="835"/>
							<String ID="string_42" HPOS="849" VPOS="640" WIDTH="86" HEIGHT="21" WC="0.92" CONTENT="Arbets-"/>
						</TextLine>
						<TextLine ID="line_7" HPOS="185" VPOS="674" WIDTH="751" HEIGHT="28">
							<String ID="string_43" HPOS="185" VPOS="675" WIDTH="147" HEIGHT="21" WC="0.92" CONTENT="husfonderna"/><SP WIDTH="18" VPOS="675" HPOS="332"/>
							<String ID="string_44" HPOS="350" VPOS="674" WIDTH="109" HEIGHT="22" WC="0.89" CONTENT="äfvensom"/><SP WIDTH="19" VPOS="674" HPOS="459"/>
							<String ID="string_45" HPOS="478" VPOS="674" WIDTH="244" HEIGHT="22" WC="0.91" CONTENT="Militieboställskassan"/><SP WIDTH="21" VPOS="674" HPOS="722"/>
							<String ID="string_46" HPOS="743" VPOS="674" WIDTH="40" HEIGHT="22" WC="0.93" CONTENT="och"/><SP WIDTH="19" VPOS="674" HPOS="783"/>
							<String ID="string_47" HPOS="802" VPOS="674" WIDTH="134" HEIGHT="28" WC="0.92" CONTENT="Krigsmans-"/>
						</TextLine>
						<TextLine ID="line_8" HPOS="186" VPOS="708" WIDTH="749" HEIGHT="22">
							<String ID="string_48" HPOS="186" VPOS="708" WIDTH="121" HEIGHT="22" WC="0.92" CONTENT="husfonden"/><SP WIDTH="16" VPOS="708" HPOS="307"/>
							<String ID="string_49" HPOS="323" VPOS="709" WIDTH="34" HEIGHT="21" WC="0.96" CONTENT="för"/><SP WIDTH="15" VPOS="709" HPOS="357"/>
							<String ID="string_50" HPOS="372" VPOS="708" WIDTH="59" HEIGHT="21" WC="0.93" CONTENT="tiden"/><SP WIDTH="15" VPOS="708" HPOS="431"/>
							<String ID="string_51" HPOS="446" VPOS="708" WIDTH="48" HEIGHT="21" WC="0.93" CONTENT="frän"/><SP WIDTH="16" VPOS="708" HPOS="494"/>
							<String ID="string_52" HPOS="510" VPOS="708" WIDTH="39" HEIGHT="21" WC="0.96" CONTENT="och"/><SP WIDTH="11" VPOS="708" HPOS="549"/>
							<String ID="string_53" HPOS="560" VPOS="710" WIDTH="49" HEIGHT="20" WC="0.96" CONTENT="med"/><SP WIDTH="10" VPOS="710" HPOS="609"/>
							<String ID="string_54" HPOS="619" VPOS="709" WIDTH="24" HEIGHT="21" WC="0.96" CONTENT="är"/><SP WIDTH="10" VPOS="709" HPOS="643"/>
							<String ID="string_55" HPOS="653" VPOS="708" WIDTH="55" HEIGHT="21" WC="0.96" CONTENT="1809"/><SP WIDTH="11" VPOS="708" HPOS="708"/>
							<String ID="string_56" HPOS="719" VPOS="709" WIDTH="33" HEIGHT="20" WC="0.96" CONTENT="till"/><SP WIDTH="11" VPOS="709" HPOS="752"/>
							<String ID="string_57" HPOS="763" VPOS="708" WIDTH="40" HEIGHT="21" WC="0.96" CONTENT="och"/><SP WIDTH="11" VPOS="708" HPOS="803"/>
							<String ID="string_58" HPOS="814" VPOS="710" WIDTH="50" HEIGHT="19" WC="0.95" CONTENT="med"/><SP WIDTH="10" VPOS="710" HPOS="864"/>
							<String ID="string_59" HPOS="874" VPOS="708" WIDTH="61" HEIGHT="22" WC="0.96" CONTENT="1859."/>
						</TextLine>
						<TextLine ID="line_9" HPOS="187" VPOS="742" WIDTH="748" HEIGHT="28">
							<String ID="string_60" HPOS="187" VPOS="744" WIDTH="61" HEIGHT="20" WC="0.93" CONTENT="Efter"/><SP WIDTH="14" VPOS="744" HPOS="248"/>
							<String ID="string_61" HPOS="262" VPOS="742" WIDTH="118" HEIGHT="22" WC="0.96" CONTENT="verkställd"/><SP WIDTH="14" VPOS="742" HPOS="380"/>
							<String ID="string_62" HPOS="394" VPOS="742" WIDTH="133" HEIGHT="27" WC="0.96" CONTENT="granskning"/><SP WIDTH="16" VPOS="742" HPOS="527"/>
							<String ID="string_63" HPOS="543" VPOS="742" WIDTH="24" HEIGHT="22" WC="0.97" CONTENT="af"/><SP WIDTH="9" VPOS="742" HPOS="567"/>
							<String ID="string_64" HPOS="576" VPOS="744" WIDTH="62" HEIGHT="20" WC="0.93" CONTENT="dessa"/><SP WIDTH="11" VPOS="744" HPOS="638"/>
							<String ID="string_65" HPOS="649" VPOS="742" WIDTH="147" HEIGHT="28" WC="0.93" CONTENT="räkenskaper"/><SP WIDTH="11" VPOS="742" HPOS="796"/>
							<String ID="string_66" HPOS="807" VPOS="743" WIDTH="51" HEIGHT="21" WC="0.93" CONTENT="aflät"/><SP WIDTH="11" VPOS="743" HPOS="858"/>
							<String ID="string_67" HPOS="869" VPOS="743" WIDTH="66" HEIGHT="21" WC="0.92" CONTENT="Stats-"/>
						</TextLine>
						<TextLine ID="line_10" HPOS="188" VPOS="776" WIDTH="748" HEIGHT="28">
							<String ID="string_68" HPOS="188" VPOS="776" WIDTH="105" HEIGHT="22" WC="0.96" CONTENT="utskottet"/><SP WIDTH="14" VPOS="776" HPOS="293"/>
							<String ID="string_69" HPOS="307" VPOS="776" WIDTH="33" HEIGHT="21" WC="0.93" CONTENT="till"/><SP WIDTH="17" VPOS="776" HPOS="340"/>
							<String ID="string_70" HPOS="357" VPOS="776" WIDTH="121" HEIGHT="22" WC="0.92" CONTENT="Ständerna"/><SP WIDTH="16" VPOS="776" HPOS="478"/>
							<String ID="string_71" HPOS="494" VPOS="783" WIDTH="26" HEIGHT="15" WC="0.93" CONTENT="en"/><SP WIDTH="15" VPOS="783" HPOS="520"/>
							<String ID="string_72" HPOS="535" VPOS="776" WIDTH="135" HEIGHT="28" WC="0.96" CONTENT="redogörelse"/><SP WIDTH="16" VPOS="776" HPOS="670"/>
							<String ID="string_73" HPOS="686" VPOS="776" WIDTH="78" HEIGHT="26" WC="0.96" CONTENT="derför,"/><SP WIDTH="17" VPOS="776" HPOS="764"/>
							<String ID="string_74" HPOS="781" VPOS="776" WIDTH="77" HEIGHT="28" WC="0.96" CONTENT="åtföljd"/><SP WIDTH="15" VPOS="776" HPOS="858"/>
							<String ID="string_75" HPOS="873" VPOS="776" WIDTH="24" HEIGHT="21" WC="0.96" CONTENT="af"/><SP WIDTH="13" VPOS="776" HPOS="897"/>
							<String ID="string_76" HPOS="910" VPOS="783" WIDTH="26" HEIGHT="14" WC="0.96" CONTENT="en"/>
						</TextLine>
						<TextLine ID="line_11" HPOS="191" VPOS="810" WIDTH="745" HEIGHT="27">
							<String ID="string_77" HPOS="191" VPOS="811" WIDTH="44" HEIGHT="21" WC="0.96" CONTENT="dels"/><SP WIDTH="16" VPOS="811" HPOS="235"/>
							<String ID="string_78" HPOS="251" VPOS="811" WIDTH="49" HEIGHT="20" WC="0.96" CONTENT="med"/><SP WIDTH="15" VPOS="811" HPOS="300"/>
							<String ID="string_79" HPOS="315" VPOS="810" WIDTH="88" HEIGHT="26" WC="0.96" CONTENT="ledning"/><SP WIDTH="17" VPOS="810" HPOS="403"/>
							<String ID="string_80" HPOS="420" VPOS="810" WIDTH="24" HEIGHT="20" WC="0.93" CONTENT="af"/><SP WIDTH="12" VPOS="810" HPOS="444"/>
							<String ID="string_81" HPOS="456" VPOS="811" WIDTH="65" HEIGHT="26" WC="0.92" CONTENT="sagde"/><SP WIDTH="16" VPOS="811" HPOS="521"/>
							<String ID="string_82" HPOS="537" VPOS="810" WIDTH="134" HEIGHT="27" WC="0.92" CONTENT="handlingar,"/><SP WIDTH="17" VPOS="810" HPOS="671"/>
							<String ID="string_83" HPOS="688" VPOS="810" WIDTH="45" HEIGHT="21" WC="0.96" CONTENT="dels"/><SP WIDTH="15" VPOS="810" HPOS="733"/>
							<String ID="string_84" HPOS="748" VPOS="811" WIDTH="49" HEIGHT="20" WC="0.96" CONTENT="med"/><SP WIDTH="15" VPOS="811" HPOS="797"/>
							<String ID="string_85" HPOS="812" VPOS="812" WIDTH="49" HEIGHT="19" WC="0.95" CONTENT="stöd"/><SP WIDTH="9" VPOS="812" HPOS="861"/>
							<String ID="string_86" HPOS="870" VPOS="810" WIDTH="25" HEIGHT="22" WC="0.93" CONTENT="af"/><SP WIDTH="7" VPOS="810" HPOS="895"/>
							<String ID="string_87" HPOS="902" VPOS="810" WIDTH="34" HEIGHT="21" WC="0.93" CONTENT="Fi-"/>
						</TextLine>
						<TextLine ID="line_12" HPOS="188" VPOS="844" WIDTH="749" HEIGHT="27">
							<String ID="string_88" HPOS="188" VPOS="844" WIDTH="219" HEIGHT="27" WC="0.92" CONTENT="nansexpeditionens"/><SP WIDTH="15" VPOS="844" HPOS="407"/>
							<String ID="string_89" HPOS="422" VPOS="844" WIDTH="7" HEIGHT="19" WC="0.93" CONTENT="i"/><SP WIDTH="16" VPOS="844" HPOS="429"/>
							<String ID="string_90" HPOS="445" VPOS="844" WIDTH="94" HEIGHT="21" WC="0.92" CONTENT="Senaten"/><SP WIDTH="11" VPOS="844" HPOS="539"/>
							<String ID="string_91" HPOS="550" VPOS="845" WIDTH="42" HEIGHT="20" WC="0.96" CONTENT="den"/><SP WIDTH="11" VPOS="845" HPOS="592"/>
							<String ID="string_92" HPOS="603" VPOS="846" WIDTH="10" HEIGHT="19" WC="0.96" CONTENT="1"/><SP WIDTH="14" VPOS="846" HPOS="613"/>
							<String ID="string_93" HPOS="627" VPOS="844" WIDTH="125" HEIGHT="26" WC="0.96" CONTENT="September"/><SP WIDTH="10" VPOS="844" HPOS="752"/>
							<String ID="string_94" HPOS="762" VPOS="845" WIDTH="57" HEIGHT="20" WC="0.96" CONTENT="1863"/><SP WIDTH="11" VPOS="845" HPOS="819"/>
							<String ID="string_95" HPOS="830" VPOS="844" WIDTH="33" HEIGHT="21" WC="0.93" CONTENT="till"/><SP WIDTH="10" VPOS="844" HPOS="863"/>
							<String ID="string_96" HPOS="873" VPOS="844" WIDTH="64" HEIGHT="21" WC="0.93" CONTENT="Stän-"/>
						</TextLine>
						<TextLine ID="line_13" HPOS="189" VPOS="877" WIDTH="750" HEIGHT="28">
							<String ID="string_97" HPOS="189" VPOS="879" WIDTH="68" HEIGHT="20" WC="0.87" CONTENT="derna"/><SP WIDTH="20" VPOS="879" HPOS="257"/>
							<String ID="string_98" HPOS="277" VPOS="877" WIDTH="118" HEIGHT="21" WC="0.87" CONTENT="aflemnade"/><SP WIDTH="19" VPOS="877" HPOS="395"/>
							<String ID="string_99" HPOS="414" VPOS="877" WIDTH="92" HEIGHT="21" WC="0.95" CONTENT="relation"/><SP WIDTH="23" VPOS="877" HPOS="506"/>
							<String ID="string_100" HPOS="529" VPOS="885" WIDTH="35" HEIGHT="13" WC="0.93" CONTENT="om"/><SP WIDTH="15" VPOS="885" HPOS="564"/>
							<String ID="string_101" HPOS="579" VPOS="877" WIDTH="139" HEIGHT="22" WC="0.92" CONTENT="statsverkets"/><SP WIDTH="16" VPOS="877" HPOS="718"/>
							<String ID="string_102" HPOS="734" VPOS="878" WIDTH="102" HEIGHT="26" WC="0.95" CONTENT="ställning"/><SP WIDTH="15" VPOS="878" HPOS="836"/>
							<String ID="string_103" HPOS="851" VPOS="879" WIDTH="29" HEIGHT="26" WC="0.93" CONTENT="pä"/><SP WIDTH="15" VPOS="879" HPOS="880"/>
							<String ID="string_104" HPOS="895" VPOS="879" WIDTH="44" HEIGHT="20" WC="0.93" CONTENT="sär-"/>
						</TextLine>
						<TextLine ID="line_14" HPOS="188" VPOS="911" WIDTH="749" HEIGHT="26">
							<String ID="string_105" HPOS="188" VPOS="911" WIDTH="69" HEIGHT="22" WC="0.96" CONTENT="skilda"/><SP WIDTH="19" VPOS="911" HPOS="257"/>
							<String ID="string_106" HPOS="276" VPOS="911" WIDTH="56" HEIGHT="20" WC="0.93" CONTENT="tider"/><SP WIDTH="15" VPOS="911" HPOS="332"/>
							<String ID="string_107" HPOS="347" VPOS="911" WIDTH="48" HEIGHT="20" WC="0.96" CONTENT="från"/><SP WIDTH="15" VPOS="911" HPOS="395"/>
							<String ID="string_108" HPOS="410" VPOS="911" WIDTH="55" HEIGHT="20" WC="0.96" CONTENT="1811"/><SP WIDTH="17" VPOS="911" HPOS="465"/>
							<String ID="string_109" HPOS="482" VPOS="911" WIDTH="33" HEIGHT="21" WC="0.96" CONTENT="till"/><SP WIDTH="15" VPOS="911" HPOS="515"/>
							<String ID="string_110" HPOS="530" VPOS="911" WIDTH="40" HEIGHT="22" WC="0.96" CONTENT="och"/><SP WIDTH="15" VPOS="911" HPOS="570"/>
							<String ID="string_111" HPOS="585" VPOS="913" WIDTH="49" HEIGHT="20" WC="0.96" CONTENT="med"/><SP WIDTH="15" VPOS="913" HPOS="634"/>
							<String ID="string_112" HPOS="649" VPOS="912" WIDTH="63" HEIGHT="25" WC="0.93" CONTENT="1862,"/><SP WIDTH="16" VPOS="912" HPOS="712"/>
							<String ID="string_113" HPOS="728" VPOS="912" WIDTH="163" HEIGHT="21" WC="0.93" CONTENT="sammanställd"/><SP WIDTH="14" VPOS="912" HPOS="891"/>
							<String ID="string_114" HPOS="905" VPOS="915" WIDTH="32" HEIGHT="18" WC="0.92" CONTENT="ta-"/>
						</TextLine>
						<TextLine ID="line_15" HPOS="188" VPOS="945" WIDTH="750" HEIGHT="28">
							<String ID="string_115" HPOS="188" VPOS="946" WIDTH="41" HEIGHT="25" WC="0.95" CONTENT="blå,"/><SP WIDTH="24" VPOS="946" HPOS="229"/>
							<String ID="string_116" HPOS="253" VPOS="946" WIDTH="140" HEIGHT="26" WC="0.96" CONTENT="upptagande"/><SP WIDTH="20" VPOS="946" HPOS="393"/>
							<String ID="string_117" HPOS="413" VPOS="946" WIDTH="26" HEIGHT="19" WC="0.93" CONTENT="de"/><SP WIDTH="19" VPOS="946" HPOS="439"/>
							<String ID="string_118" HPOS="458" VPOS="945" WIDTH="166" HEIGHT="28" WC="0.91" CONTENT="väsendtligaste"/><SP WIDTH="19" VPOS="945" HPOS="624"/>
							<String ID="string_119" HPOS="643" VPOS="945" WIDTH="102" HEIGHT="22" WC="0.91" CONTENT="inkomst-"/><SP WIDTH="21" VPOS="945" HPOS="745"/>
							<String ID="string_120" HPOS="766" VPOS="947" WIDTH="40" HEIGHT="20" WC="0.93" CONTENT="och"/><SP WIDTH="19" VPOS="947" HPOS="806"/>
							<String ID="string_121" HPOS="825" VPOS="946" WIDTH="113" HEIGHT="27" WC="0.92" CONTENT="utgiftspo-"/>
						</TextLine>
						<TextLine ID="line_16" HPOS="189" VPOS="978" WIDTH="322" HEIGHT="23">
							<String ID="string_122" HPOS="189" VPOS="982" WIDTH="43" HEIGHT="19" WC="0.93" CONTENT="ster"/><SP WIDTH="15" VPOS="982" HPOS="232"/>
							<String ID="string_123" HPOS="247" VPOS="979" WIDTH="34" HEIGHT="21" WC="0.93" CONTENT="för"/><SP WIDTH="15" VPOS="979" HPOS="281"/>
							<String ID="string_124" HPOS="296" VPOS="980" WIDTH="51" HEIGHT="19" WC="0.92" CONTENT="ären"/><SP WIDTH="15" VPOS="980" HPOS="347"/>
							<String ID="string_125" HPOS="362" VPOS="978" WIDTH="149" HEIGHT="22" WC="0.92" CONTENT="1810—1860."/>
						</TextLine>
					</TextBlock>
					<TextBlock ID="block_2" HPOS="188" VPOS="1013" WIDTH="753" HEIGHT="424">
						<TextLine ID="line_17" HPOS="256" VPOS="1013" WIDTH="685" HEIGHT="28">
							<String ID="string_126" HPOS="256" VPOS="1013" WIDTH="9" HEIGHT="21" WC="0.96" CONTENT="I"/><SP WIDTH="16" VPOS="1013" HPOS="265"/>
							<String ID="string_127" HPOS="281" VPOS="1013" WIDTH="95" HEIGHT="26" WC="0.96" CONTENT="enlighet"/><SP WIDTH="9" VPOS="1013" HPOS="376"/>
							<String ID="string_128" HPOS="385" VPOS="1014" WIDTH="49" HEIGHT="19" WC="0.96" CONTENT="med"/><SP WIDTH="11" VPOS="1014" HPOS="434"/>
							<String ID="string_129" HPOS="445" VPOS="1013" WIDTH="32" HEIGHT="20" WC="0.93" CONTENT="sin"/><SP WIDTH="11" VPOS="1013" HPOS="477"/>
							<String ID="string_130" HPOS="488" VPOS="1013" WIDTH="91" HEIGHT="28" WC="0.96" CONTENT="uppgift,"/><SP WIDTH="10" VPOS="1013" HPOS="579"/>
							<String ID="string_131" HPOS="589" VPOS="1014" WIDTH="66" HEIGHT="21" WC="0.96" CONTENT="sådan"/><SP WIDTH="11" VPOS="1014" HPOS="655"/>
							<String ID="string_132" HPOS="666" VPOS="1015" WIDTH="42" HEIGHT="20" WC="0.93" CONTENT="den"/><SP WIDTH="11" VPOS="1015" HPOS="708"/>
							<String ID="string_133" HPOS="719" VPOS="1013" WIDTH="94" HEIGHT="28" WC="0.95" CONTENT="framgår"/><SP WIDTH="10" VPOS="1013" HPOS="813"/>
							<String ID="string_134" HPOS="823" VPOS="1021" WIDTH="25" HEIGHT="14" WC="0.96" CONTENT="ur"/><SP WIDTH="11" VPOS="1021" HPOS="848"/>
							<String ID="string_135" HPOS="859" VPOS="1015" WIDTH="28" HEIGHT="20" WC="0.93" CONTENT="50"/><SP WIDTH="9" VPOS="1015" HPOS="887"/>
							<String ID="string_136" HPOS="896" VPOS="1016" WIDTH="11" HEIGHT="25" WC="0.65" CONTENT="$"/><SP WIDTH="10" VPOS="1016" HPOS="907"/>
							<String ID="string_137" HPOS="917" VPOS="1015" WIDTH="24" HEIGHT="20" WC="0.97" CONTENT="af"/>
						</TextLine>
						<TextLine ID="line_18" HPOS="192" VPOS="1047" WIDTH="747" HEIGHT="28">
							<String ID="string_138" HPOS="192" VPOS="1047" WIDTH="198" HEIGHT="27" WC="0.95" CONTENT="Regeringsformen"/><SP WIDTH="20" VPOS="1047" HPOS="390"/>
							<String ID="string_139" HPOS="410" VPOS="1047" WIDTH="42" HEIGHT="20" WC="0.96" CONTENT="den"/><SP WIDTH="19" VPOS="1047" HPOS="452"/>
							<String ID="string_140" HPOS="471" VPOS="1047" WIDTH="27" HEIGHT="20" WC="0.96" CONTENT="21"/><SP WIDTH="20" VPOS="1047" HPOS="498"/>
							<String ID="string_141" HPOS="518" VPOS="1047" WIDTH="89" HEIGHT="28" WC="0.96" CONTENT="Augusti"/><SP WIDTH="20" VPOS="1047" HPOS="607"/>
							<String ID="string_142" HPOS="627" VPOS="1047" WIDTH="62" HEIGHT="26" WC="0.96" CONTENT="1772,"/><SP WIDTH="16" VPOS="1047" HPOS="689"/>
							<String ID="string_143" HPOS="705" VPOS="1047" WIDTH="39" HEIGHT="21" WC="0.93" CONTENT="har"/><SP WIDTH="13" VPOS="1047" HPOS="744"/>
							<String ID="string_144" HPOS="757" VPOS="1048" WIDTH="80" HEIGHT="27" WC="0.83" CONTENT="jemväl"/><SP WIDTH="16" VPOS="1048" HPOS="837"/>
							<String ID="string_145" HPOS="853" VPOS="1049" WIDTH="35" HEIGHT="20" WC="0.96" CONTENT="det"/><SP WIDTH="15" VPOS="1049" HPOS="888"/>
							<String ID="string_146" HPOS="903" VPOS="1049" WIDTH="36" HEIGHT="21" WC="0.96" CONTENT="vid"/>
						</TextLine>
						<TextLine ID="line_19" HPOS="190" VPOS="1080" WIDTH="749" HEIGHT="29">
							<String ID="string_147" HPOS="190" VPOS="1081" WIDTH="156" HEIGHT="21" WC="0.89" CONTENT="innevarande"/><SP WIDTH="-6" VPOS="1081" HPOS="346"/>
							<String ID="string_148" HPOS="340" VPOS="1076" WIDTH="10" HEIGHT="37" WC="0.89" CONTENT="."/><SP WIDTH="9" VPOS="1076" HPOS="350"/>
							<String ID="string_149" HPOS="359" VPOS="1080" WIDTH="104" HEIGHT="27" WC="0.89" CONTENT="landtdag"/><SP WIDTH="18" VPOS="1080" HPOS="463"/>
							<String ID="string_150" HPOS="481" VPOS="1082" WIDTH="90" HEIGHT="20" WC="0.92" CONTENT="utsedda"/><SP WIDTH="16" VPOS="1082" HPOS="571"/>
							<String ID="string_151" HPOS="587" VPOS="1081" WIDTH="67" HEIGHT="21" WC="0.92" CONTENT="Stats-"/><SP WIDTH="15" VPOS="1081" HPOS="654"/>
							<String ID="string_152" HPOS="669" VPOS="1081" WIDTH="40" HEIGHT="21" WC="0.93" CONTENT="och"/><SP WIDTH="15" VPOS="1081" HPOS="709"/>
							<String ID="string_153" HPOS="724" VPOS="1081" WIDTH="215" HEIGHT="28" WC="0.91" CONTENT="Bevillningsutskott"/>
						</TextLine>
						<TextLine ID="line_20" HPOS="189" VPOS="1114" WIDTH="750" HEIGHT="27">
							<String ID="string_154" HPOS="189" VPOS="1115" WIDTH="64" HEIGHT="21" WC="0.91" CONTENT="bordt"/><SP WIDTH="19" VPOS="1115" HPOS="253"/>
							<String ID="string_155" HPOS="272" VPOS="1117" WIDTH="51" HEIGHT="24" WC="0.91" CONTENT="taga"/><SP WIDTH="19" VPOS="1117" HPOS="323"/>
							<String ID="string_156" HPOS="342" VPOS="1114" WIDTH="122" HEIGHT="21" WC="0.92" CONTENT="kännedom"/><SP WIDTH="16" VPOS="1114" HPOS="464"/>
							<String ID="string_157" HPOS="480" VPOS="1122" WIDTH="34" HEIGHT="14" WC="0.93" CONTENT="om"/><SP WIDTH="15" VPOS="1122" HPOS="514"/>
							<String ID="string_158" HPOS="529" VPOS="1115" WIDTH="139" HEIGHT="21" WC="0.90" CONTENT="statsverkets"/><SP WIDTH="15" VPOS="1115" HPOS="668"/>
							<String ID="string_159" HPOS="683" VPOS="1115" WIDTH="99" HEIGHT="22" WC="0.90" CONTENT="tillständ"/><SP WIDTH="15" VPOS="1115" HPOS="782"/>
							<String ID="string_160" HPOS="797" VPOS="1117" WIDTH="40" HEIGHT="20" WC="0.93" CONTENT="och"/><SP WIDTH="14" VPOS="1117" HPOS="837"/>
							<String ID="string_161" HPOS="851" VPOS="1116" WIDTH="88" HEIGHT="22" WC="0.92" CONTENT="förvalt-"/>
						</TextLine>
						<TextLine ID="line_21" HPOS="188" VPOS="1148" WIDTH="750" HEIGHT="28">
							<String ID="string_162" HPOS="188" VPOS="1149" WIDTH="51" HEIGHT="26" WC="0.93" CONTENT="ning"/><SP WIDTH="20" VPOS="1149" HPOS="239"/>
							<String ID="string_163" HPOS="259" VPOS="1148" WIDTH="47" HEIGHT="21" WC="0.96" CONTENT="från"/><SP WIDTH="22" VPOS="1148" HPOS="306"/>
							<String ID="string_164" HPOS="328" VPOS="1148" WIDTH="40" HEIGHT="20" WC="0.95" CONTENT="och"/><SP WIDTH="15" VPOS="1148" HPOS="368"/>
							<String ID="string_165" HPOS="383" VPOS="1149" WIDTH="49" HEIGHT="19" WC="0.96" CONTENT="med"/><SP WIDTH="16" VPOS="1149" HPOS="432"/>
							<String ID="string_166" HPOS="448" VPOS="1149" WIDTH="35" HEIGHT="19" WC="0.93" CONTENT="det"/><SP WIDTH="17" VPOS="1149" HPOS="483"/>
							<String ID="string_167" HPOS="500" VPOS="1149" WIDTH="29" HEIGHT="25" WC="0.96" CONTENT="år,"/><SP WIDTH="16" VPOS="1149" HPOS="529"/>
							<String ID="string_168" HPOS="545" VPOS="1148" WIDTH="56" HEIGHT="22" WC="0.96" CONTENT="intill"/><SP WIDTH="14" VPOS="1148" HPOS="601"/>
							<String ID="string_169" HPOS="615" VPOS="1148" WIDTH="81" HEIGHT="22" WC="0.93" CONTENT="hvilket"/><SP WIDTH="15" VPOS="1148" HPOS="696"/>
							<String ID="string_170" HPOS="711" VPOS="1148" WIDTH="126" HEIGHT="23" WC="0.92" CONTENT="förberörda"/><SP WIDTH="12" VPOS="1148" HPOS="837"/>
							<String ID="string_171" HPOS="849" VPOS="1150" WIDTH="89" HEIGHT="26" WC="0.92" CONTENT="gransk-"/>
						</TextLine>
						<TextLine ID="line_22" HPOS="189" VPOS="1181" WIDTH="750" HEIGHT="29">
							<String ID="string_172" HPOS="189" VPOS="1182" WIDTH="50" HEIGHT="26" WC="0.90" CONTENT="ning"/><SP WIDTH="24" VPOS="1182" HPOS="239"/>
							<String ID="string_173" HPOS="263" VPOS="1181" WIDTH="95" HEIGHT="21" WC="0.90" CONTENT="sträckte"/><SP WIDTH="20" VPOS="1181" HPOS="358"/>
							<String ID="string_174" HPOS="378" VPOS="1182" WIDTH="37" HEIGHT="26" WC="0.95" CONTENT="sig."/><SP WIDTH="35" VPOS="1182" HPOS="415"/>
							<String ID="string_175" HPOS="450" VPOS="1181" WIDTH="45" HEIGHT="21" WC="0.96" CONTENT="Och"/><SP WIDTH="20" VPOS="1181" HPOS="495"/>
							<String ID="string_176" HPOS="515" VPOS="1183" WIDTH="66" HEIGHT="19" WC="0.93" CONTENT="sedan"/><SP WIDTH="18" VPOS="1183" HPOS="581"/>
							<String ID="string_177" HPOS="599" VPOS="1182" WIDTH="105" HEIGHT="21" WC="0.92" CONTENT="utskottet"/><SP WIDTH="18" VPOS="1182" HPOS="704"/>
							<String ID="string_178" HPOS="722" VPOS="1184" WIDTH="13" HEIGHT="19" WC="0.91" CONTENT="&amp;"/><SP WIDTH="18" VPOS="1184" HPOS="735"/>
							<String ID="string_179" HPOS="753" VPOS="1184" WIDTH="134" HEIGHT="26" WC="0.91" CONTENT="vederbörlig"/><SP WIDTH="18" VPOS="1184" HPOS="887"/>
							<String ID="string_180" HPOS="905" VPOS="1187" WIDTH="34" HEIGHT="17" WC="0.96" CONTENT="ort"/>
						</TextLine>
						<TextLine ID="line_23" HPOS="189" VPOS="1214" WIDTH="749" HEIGHT="31">
							<String ID="string_181" HPOS="189" VPOS="1215" WIDTH="90" HEIGHT="20" WC="0.91" CONTENT="anhällit"/><SP WIDTH="20" VPOS="1215" HPOS="279"/>
							<String ID="string_182" HPOS="299" VPOS="1216" WIDTH="32" HEIGHT="19" WC="0.93" CONTENT="att"/><SP WIDTH="21" VPOS="1216" HPOS="331"/>
							<String ID="string_183" HPOS="352" VPOS="1214" WIDTH="138" HEIGHT="21" WC="0.92" CONTENT="utbekomma"/><SP WIDTH="19" VPOS="1214" HPOS="490"/>
							<String ID="string_184" HPOS="509" VPOS="1216" WIDTH="26" HEIGHT="19" WC="0.96" CONTENT="de"/><SP WIDTH="20" VPOS="1216" HPOS="535"/>
							<String ID="string_185" HPOS="555" VPOS="1215" WIDTH="6" HEIGHT="19" WC="0.93" CONTENT="i"/><SP WIDTH="24" VPOS="1215" HPOS="561"/>
							<String ID="string_186" HPOS="585" VPOS="1216" WIDTH="76" HEIGHT="20" WC="0.92" CONTENT="sädant"/><SP WIDTH="18" VPOS="1216" HPOS="661"/>
							<String ID="string_187" HPOS="679" VPOS="1216" WIDTH="102" HEIGHT="21" WC="0.93" CONTENT="afseende"/><SP WIDTH="20" VPOS="1216" HPOS="781"/>
							<String ID="string_188" HPOS="801" VPOS="1218" WIDTH="137" HEIGHT="27" WC="0.91" CONTENT="erforderliga"/>
						</TextLine>
						<TextLine ID="line_24" HPOS="188" VPOS="1247" WIDTH="750" HEIGHT="30">
							<String ID="string_189" HPOS="188" VPOS="1247" WIDTH="136" HEIGHT="26" WC="0.89" CONTENT="handlingar,"/><SP WIDTH="19" VPOS="1247" HPOS="324"/>
							<String ID="string_190" HPOS="343" VPOS="1247" WIDTH="65" HEIGHT="20" WC="0.92" CONTENT="hafva"/><SP WIDTH="18" VPOS="1247" HPOS="408"/>
							<String ID="string_191" HPOS="426" VPOS="1248" WIDTH="34" HEIGHT="19" WC="0.93" CONTENT="till"/><SP WIDTH="15" VPOS="1248" HPOS="460"/>
							<String ID="string_192" HPOS="475" VPOS="1247" WIDTH="105" HEIGHT="21" WC="0.93" CONTENT="utskottet"/><SP WIDTH="16" VPOS="1247" HPOS="580"/>
							<String ID="string_193" HPOS="596" VPOS="1248" WIDTH="150" HEIGHT="21" WC="0.92" CONTENT="öfverlemnats"/><SP WIDTH="15" VPOS="1248" HPOS="746"/>
							<String ID="string_194" HPOS="761" VPOS="1250" WIDTH="177" HEIGHT="27" WC="0.91" CONTENT="räkenskaperna"/>
						</TextLine>
						<TextLine ID="line_25" HPOS="189" VPOS="1279" WIDTH="747" HEIGHT="29">
							<String ID="string_195" HPOS="189" VPOS="1280" WIDTH="59" HEIGHT="20" WC="0.90" CONTENT="öfver"/><SP WIDTH="23" VPOS="1280" HPOS="248"/>
							<String ID="string_196" HPOS="271" VPOS="1279" WIDTH="99" HEIGHT="25" WC="0.92" CONTENT="samtliga"/><SP WIDTH="19" VPOS="1279" HPOS="370"/>
							<String ID="string_197" HPOS="389" VPOS="1279" WIDTH="159" HEIGHT="21" WC="0.92" CONTENT="ofvannämnda"/><SP WIDTH="19" VPOS="1279" HPOS="548"/>
							<String ID="string_198" HPOS="567" VPOS="1280" WIDTH="76" HEIGHT="21" WC="0.96" CONTENT="fonder"/><SP WIDTH="19" VPOS="1280" HPOS="643"/>
							<String ID="string_199" HPOS="662" VPOS="1281" WIDTH="33" HEIGHT="20" WC="0.93" CONTENT="för"/><SP WIDTH="19" VPOS="1281" HPOS="695"/>
							<String ID="string_200" HPOS="714" VPOS="1283" WIDTH="52" HEIGHT="19" WC="0.93" CONTENT="åren"/><SP WIDTH="20" VPOS="1283" HPOS="766"/>
							<String ID="string_201" HPOS="786" VPOS="1284" WIDTH="150" HEIGHT="24" WC="0.86" CONTENT="1860—1863;"/>
						</TextLine>
						<TextLine ID="line_26" HPOS="188" VPOS="1312" WIDTH="750" HEIGHT="31">
							<String ID="string_202" HPOS="188" VPOS="1319" WIDTH="49" HEIGHT="15" WC="0.96" CONTENT="men"/><SP WIDTH="18" VPOS="1319" HPOS="237"/>
							<String ID="string_203" HPOS="255" VPOS="1312" WIDTH="34" HEIGHT="21" WC="0.96" CONTENT="för"/><SP WIDTH="17" VPOS="1312" HPOS="289"/>
							<String ID="string_204" HPOS="306" VPOS="1312" WIDTH="60" HEIGHT="21" WC="0.96" CONTENT="tiden"/><SP WIDTH="18" VPOS="1312" HPOS="366"/>
							<String ID="string_205" HPOS="384" VPOS="1312" WIDTH="54" HEIGHT="21" WC="0.93" CONTENT="efter"/><SP WIDTH="17" VPOS="1312" HPOS="438"/>
							<String ID="string_206" HPOS="455" VPOS="1313" WIDTH="145" HEIGHT="22" WC="0.92" CONTENT="nästnämnda"/><SP WIDTH="18" VPOS="1313" HPOS="600"/>
							<String ID="string_207" HPOS="618" VPOS="1314" WIDTH="24" HEIGHT="21" WC="0.96" CONTENT="år"/><SP WIDTH="19" VPOS="1314" HPOS="642"/>
							<String ID="string_208" HPOS="661" VPOS="1314" WIDTH="40" HEIGHT="22" WC="0.93" CONTENT="har"/><SP WIDTH="19" VPOS="1314" HPOS="701"/>
							<String ID="string_209" HPOS="720" VPOS="1316" WIDTH="78" HEIGHT="20" WC="0.96" CONTENT="sådant"/><SP WIDTH="17" VPOS="1316" HPOS="798"/>
							<String ID="string_210" HPOS="815" VPOS="1316" WIDTH="18" HEIGHT="27" WC="0.96" CONTENT="ej"/><SP WIDTH="22" VPOS="1316" HPOS="833"/>
							<String ID="string_211" HPOS="855" VPOS="1317" WIDTH="83" HEIGHT="21" WC="0.96" CONTENT="kunnat"/>
						</TextLine>
						<TextLine ID="line_27" HPOS="189" VPOS="1346" WIDTH="749" HEIGHT="31">
							<String ID="string_212" HPOS="189" VPOS="1346" WIDTH="44" HEIGHT="26" WC="0.91" CONTENT="ske,"/><SP WIDTH="20" VPOS="1346" HPOS="233"/>
							<String ID="string_213" HPOS="253" VPOS="1348" WIDTH="91" HEIGHT="20" WC="0.91" CONTENT="emedan"/><SP WIDTH="19" VPOS="1348" HPOS="344"/>
							<String ID="string_214" HPOS="363" VPOS="1346" WIDTH="176" HEIGHT="28" WC="0.93" CONTENT="räkenskaperna"/><SP WIDTH="18" VPOS="1346" HPOS="539"/>
							<String ID="string_215" HPOS="557" VPOS="1348" WIDTH="34" HEIGHT="21" WC="0.96" CONTENT="för"/><SP WIDTH="20" VPOS="1348" HPOS="591"/>
							<String ID="string_216" HPOS="611" VPOS="1349" WIDTH="25" HEIGHT="21" WC="0.93" CONTENT="de"/><SP WIDTH="16" VPOS="1349" HPOS="636"/>
							<String ID="string_217" HPOS="652" VPOS="1349" WIDTH="159" HEIGHT="28" WC="0.92" CONTENT="sistförgängna"/><SP WIDTH="15" VPOS="1349" HPOS="811"/>
							<String ID="string_218" HPOS="826" VPOS="1352" WIDTH="51" HEIGHT="20" WC="0.88" CONTENT="ären"/><SP WIDTH="16" VPOS="1352" HPOS="877"/>
							<String ID="string_219" HPOS="893" VPOS="1351" WIDTH="45" HEIGHT="21" WC="0.94" CONTENT="dels"/>
						</TextLine>
						<TextLine ID="line_28" HPOS="189" VPOS="1381" WIDTH="750" HEIGHT="32">
							<String ID="string_220" HPOS="189" VPOS="1382" WIDTH="19" HEIGHT="27" WC="0.96" CONTENT="ej"/><SP WIDTH="22" VPOS="1382" HPOS="208"/>
							<String ID="string_221" HPOS="230" VPOS="1388" WIDTH="51" HEIGHT="14" WC="0.93" CONTENT="voro"/><SP WIDTH="16" VPOS="1388" HPOS="281"/>
							<String ID="string_222" HPOS="297" VPOS="1381" WIDTH="112" HEIGHT="26" WC="0.92" CONTENT="afslutade,"/><SP WIDTH="17" VPOS="1381" HPOS="409"/>
							<String ID="string_223" HPOS="426" VPOS="1382" WIDTH="45" HEIGHT="20" WC="0.96" CONTENT="dels"/><SP WIDTH="15" VPOS="1382" HPOS="471"/>
							<String ID="string_224" HPOS="486" VPOS="1383" WIDTH="58" HEIGHT="20" WC="0.93" CONTENT="ännu"/><SP WIDTH="15" VPOS="1383" HPOS="544"/>
							<String ID="string_225" HPOS="559" VPOS="1390" WIDTH="50" HEIGHT="14" WC="0.96" CONTENT="voro"/><SP WIDTH="16" VPOS="1390" HPOS="609"/>
							<String ID="string_226" HPOS="625" VPOS="1383" WIDTH="89" HEIGHT="22" WC="0.96" CONTENT="föremål"/><SP WIDTH="15" VPOS="1383" HPOS="714"/>
							<String ID="string_227" HPOS="729" VPOS="1384" WIDTH="33" HEIGHT="22" WC="0.93" CONTENT="för"/><SP WIDTH="15" VPOS="1384" HPOS="762"/>
							<String ID="string_228" HPOS="777" VPOS="1386" WIDTH="132" HEIGHT="27" WC="0.91" CONTENT="granskning"/><SP WIDTH="17" VPOS="1386" HPOS="909"/>
							<String ID="string_229" HPOS="926" VPOS="1387" WIDTH="13" HEIGHT="20" WC="0.67" CONTENT="&amp;"/>
						</TextLine>
						<TextLine ID="line_29" HPOS="191" VPOS="1415" WIDTH="209" HEIGHT="22">
							<String ID="string_230" HPOS="191" VPOS="1415" WIDTH="209" HEIGHT="22" WC="0.92" CONTENT="revisionskontoret."/>
						</TextLine>
					</TextBlock>
					<TextBlock ID="block_3" HPOS="191" VPOS="1449" WIDTH="746" HEIGHT="62">
						<TextLine ID="line_30" HPOS="258" VPOS="1449" WIDTH="679" HEIGHT="29">
							<String ID="string_231" HPOS="258" VPOS="1449" WIDTH="36" HEIGHT="22" WC="0.92" CONTENT="Uti"/><SP WIDTH="20" VPOS="1449" HPOS="294"/>
							<String ID="string_232" HPOS="314" VPOS="1451" WIDTH="42" HEIGHT="19" WC="0.96" CONTENT="den"/><SP WIDTH="18" VPOS="1451" HPOS="356"/>
							<String ID="string_233" HPOS="374" VPOS="1449" WIDTH="24" HEIGHT="21" WC="0.93" CONTENT="af"/><SP WIDTH="16" VPOS="1449" HPOS="398"/>
							<String ID="string_234" HPOS="414" VPOS="1450" WIDTH="233" HEIGHT="28" WC="0.92" CONTENT="Finansexpeditionen"/><SP WIDTH="20" VPOS="1450" HPOS="647"/>
							<String ID="string_235" HPOS="667" VPOS="1454" WIDTH="41" HEIGHT="20" WC="0.96" CONTENT="den"/><SP WIDTH="18" VPOS="1454" HPOS="708"/>
							<String ID="string_236" HPOS="726" VPOS="1455" WIDTH="28" HEIGHT="20" WC="0.92" CONTENT="22"/><SP WIDTH="15" VPOS="1455" HPOS="754"/>
							<String ID="string_237" HPOS="769" VPOS="1455" WIDTH="114" HEIGHT="22" WC="0.91" CONTENT="nästvikna"/><SP WIDTH="15" VPOS="1455" HPOS="883"/>
							<String ID="string_238" HPOS="898" VPOS="1455" WIDTH="39" HEIGHT="22" WC="0.92" CONTENT="Fe-"/>
						</TextLine>
						<TextLine ID="line_31" HPOS="191" VPOS="1484" WIDTH="746" HEIGHT="27">
							<String ID="string_239" HPOS="191" VPOS="1485" WIDTH="71" HEIGHT="20" WC="0.91" CONTENT="bruari"/><SP WIDTH="19" VPOS="1485" HPOS="262"/>
							<String ID="string_240" HPOS="281" VPOS="1484" WIDTH="82" HEIGHT="27" WC="0.93" CONTENT="afgifna"/><SP WIDTH="18" VPOS="1484" HPOS="363"/>
							<String ID="string_241" HPOS="381" VPOS="1484" WIDTH="90" HEIGHT="21" WC="0.96" CONTENT="relation"/><SP WIDTH="20" VPOS="1484" HPOS="471"/>
							<String ID="string_242" HPOS="491" VPOS="1485" WIDTH="32" HEIGHT="21" WC="0.93" CONTENT="till"/><SP WIDTH="16" VPOS="1485" HPOS="523"/>
							<String ID="string_243" HPOS="539" VPOS="1485" WIDTH="122" HEIGHT="22" WC="0.92" CONTENT="Ständerna"/><SP WIDTH="14" VPOS="1485" HPOS="661"/>
							<String ID="string_244" HPOS="675" VPOS="1494" WIDTH="34" HEIGHT="14" WC="0.93" CONTENT="om"/><SP WIDTH="11" VPOS="1494" HPOS="709"/>
							<String ID="string_245" HPOS="720" VPOS="1488" WIDTH="145" HEIGHT="21" WC="0.37" CONTENT="sstatsverkets"/><SP WIDTH="15" VPOS="1488" HPOS="865"/>
							<String ID="string_246" HPOS="880" VPOS="1489" WIDTH="57" HEIGHT="22" WC="0.90" CONTENT="ställ-"/>
						</TextLine>
					</TextBlock>
				</ComposedBlock>
			</PrintSpace>
		</Page>
	</Layout>
</alto>
