1020 1711
754 146 24 20 71

63 211 64 21 idkar
141 218 27 14 en
182 213 76 25 ytterst
273 212 60 27 ringa
347 212 85 26 handel,
447 220 62 20 synes
523 214 24 20 så
561 213 85 27 mycket
660 212 82 21 mindre
762 212 46 22 haf-

62 252 27 14 va
103 245 55 21 varit
173 245 25 21 af
210 245 99 22 behofvet
324 246 117 27 påkalladt,
457 254 45 14 som
517 248 70 20 denna
598 246 209 27 konsulsbefattning

62 279 67 26 några
144 279 23 21 år
183 279 53 21 efter
251 280 48 21 dess
314 280 123 21 inrättande
451 280 108 22 befunnits
574 283 53 18 utan
641 280 64 20 mehn
718 280 33 21 för
760 280 46 21 lan-

62 313 46 20 dets
123 312 79 21 handel
218 312 73 23 kunna
304 313 108 27 indragas.

129 345 31 22 De
175 347 63 25 2,900
252 347 67 26 mark,
336 355 45 14 som
396 349 66 20 sedan
477 348 24 21 år
517 348 52 21 1841
586 347 81 28 årligen
685 349 70 26 utgått
774 348 32 21 så-

61 387 45 14 som
121 382 117 20 understöd
253 381 34 22 för
302 388 26 15 en
343 382 24 21 af
383 382 127 21 mekanikus
527 382 79 22 Martin
624 382 76 21 Vetzer
714 383 7 20 i
737 383 68 20 denne

61 416 48 20 stad
123 416 96 21 inrättad
233 416 111 21 mekanisk
359 417 107 25 verkstad,
481 416 68 23 skulle
564 417 66 26 enligt
649 416 119 22 Utskottets
784 417 21 20 å-

60 449 41 27 sigt
116 451 66 20 redan
197 449 139 23 härförinnan
351 451 83 22 kunnat
448 451 131 27 inbesparas,
596 451 28 21 då
643 457 26 15 en
688 451 58 27 dylik
768 458 37 14 an-

59 483 112 28 läggnings
186 484 91 22 bestånd
291 492 89 15 numera
394 485 62 22 äfven
471 487 53 19 utan
539 485 85 22 Statens
639 485 129 22 medverkan
784 493 21 14 o-

58 518 143 28 tvifvelaktigt
216 519 66 22 borde
296 519 73 22 kunna
383 527 62 14 anses
460 520 132 28 betryggadt.

126 553 33 21 Då
173 553 186 22 löneförmånerna
372 554 34 20 för
423 554 106 28 åtskillige
548 554 90 21 embets-
657 554 40 20 och
716 554 88 27 tjenste-

59 588 50 20 män
124 587 69 21 blifvit
208 594 77 20 genom
299 588 121 26 personella
434 588 74 27 anslag
523 588 100 27 förhöjda
637 587 84 22 utöfver
736 588 41 20 den
793 588 12 20 å

58 623 43 19 stat
123 623 110 25 upptagne
256 621 100 27 aflöning,
379 629 45 13 som
447 621 54 22 dock
519 622 33 21 för
571 622 66 21 andre
652 622 153 27 tjenstemän
792 617 16 36 i

58 662 81 15 samma
161 655 102 28 ställning
284 656 108 21 befunnits
414 663 51 15 vara
489 656 121 27 tillräcklig,
632 656 40 21 har
694 655 109 22 Utskottet

57 689 63 22 bordt
135 692 57 26 yttra
207 691 41 20 den
264 690 60 27 åsigt,
340 692 32 20 att
387 690 53 21 slike
454 690 121 28 personella
590 690 74 27 anslag
679 690 47 21 icke
743 691 61 21 torde

56 724 65 22 hafva
135 724 55 22 varit
205 724 104 27 behöflige
324 725 40 21 och
379 725 19 27 ej
414 725 67 21 heller
495 724 189 22 öfverensstämma
698 725 49 20 med
767 732 36 13 an-

56 759 42 21 dan
115 758 24 21 af
151 760 31 19 ett
196 758 172 22 konstitutionelt
384 759 167 21 samhällsskick.

124 792 104 28 Slutligen
243 793 40 21 har
297 793 163 21 Statsutskottet
475 793 46 21 icke
536 793 83 21 kunnat
634 793 72 26 undgå
721 795 32 19 att
771 793 31 20 fä-

54 829 36 19 sta
105 827 32 21 sin
151 827 190 28 uppmärksamhet
356 827 36 22 vid
407 827 95 28 följande
515 827 156 26 förhållanden,
687 827 114 27 nemligen:

124 862 39 20 1:0.
192 861 38 21 Att
244 861 106 21 särskilda
364 861 182 22 Militieboställen
560 861 8 21 i
580 861 81 25 landet,
676 860 83 22 hvilkas
770 862 32 20 år-

54 895 45 27 liga
113 895 96 22 afkomst
224 895 128 28 uppskattas
367 896 33 20 till
416 897 75 24 16,568
515 895 61 21 mark
598 896 27 21 60
647 896 66 26 penni
733 895 70 22 blifvit

54 930 98 20 lemnade
154 925 17 37 i
187 929 187 27 lifstidsförläning
388 930 23 20 ät
426 936 107 21 personer,
549 936 45 15 som
616 929 66 22 delvis
704 929 98 21 innehaft

55 965 109 21 desamma
178 964 8 20 i
200 964 62 21 tiotal
278 964 23 22 af
314 965 29 20 är.

123 1000 39 20 2:0.
192 998 38 22 Att
245 998 114 28 pensioner
374 998 24 22 af
410 998 144 22 Statsmedlen
569 998 32 21 tid
614 997 54 22 efter
678 1004 72 15 annan
760 997 42 21 till-

51 1032 72 22 delats
139 1035 49 19 utur
204 1033 79 21 allmän
304 1033 67 27 tjenst
392 1034 84 26 gängne
499 1032 89 22 embets-
610 1032 40 21 och
672 1032 130 28 tjenstemän

53 1067 34 21 till
101 1067 49 22 vida
164 1068 66 27 högre
246 1067 84 29 belopp,
346 1069 28 20 än
388 1067 86 23 hvartill
492 1068 26 20 de
538 1067 65 27 enligt
621 1066 180 28 författningarne

53 1102 55 22 varit
123 1102 140 27 berättigade.

122 1138 40 19 3:0.
192 1136 37 21 Att
245 1139 31 18 ett
291 1137 67 20 större
374 1136 60 21 antal
449 1136 66 21 enkor
530 1136 40 21 och
585 1136 55 21 barn
654 1136 54 21 efter
724 1135 77 21 aflidne

54 1170 90 21 embets-
159 1170 40 21 och
214 1170 129 28 tjenstemän
356 1170 79 27 jemväl
450 1170 24 21 af
487 1169 143 22 Statsmedlen
640 1169 86 22 undfätt
740 1171 61 19 extra

51 1205 117 26 pensioner
182 1204 84 23 utöfver
281 1206 40 20 den
337 1205 106 21 ordinarie
459 1205 96 26 pension,
570 1205 49 20 dem
632 1203 8 21 i
654 1203 54 28 följd
723 1203 24 22 af
757 1204 43 21 del-

50 1239 100 28 aktighet
169 1239 4 20 i
187 1239 70 21 Enke-
273 1239 40 22 och
327 1239 176 27 Pupillkassorna
517 1238 129 22 tillkommit.

122 1275 40 20 4:0.
192 1273 38 22 Att
245 1273 71 28 dylika
331 1273 68 28 ärliga
413 1274 118 21 understöd
545 1273 8 21 i
567 1279 27 15 en
608 1273 80 26 mängd
707 1272 38 21 fall
759 1272 42 21 till-

54 1308 69 21 delats
137 1315 109 20 personer,
260 1307 73 22 hvilka
347 1307 47 22 icke
409 1307 98 22 innehaft
521 1307 65 28 tjenst
596 1307 8 20 i
614 1307 98 25 Finland,
728 1306 73 22 äfven-

55 1349 44 14 som
115 1342 67 21 enkor
196 1343 40 20 och
251 1343 54 20 barn
320 1341 54 22 efter
389 1343 79 19 sådane
482 1347 108 21 personer.

122 1375 92 27 Utgifter
233 1375 24 22 af
273 1375 162 27 ifrågavarande
454 1375 146 21 beskaffenhet
621 1376 107 25 upptagas
746 1374 7 20 i
768 1376 33 18 ut-

53 1410 124 27 giftsstaten
193 1410 68 21 under
275 1408 125 22 rubrikerne
416 1408 154 28 «Förläningar
584 1408 40 21 och
640 1409 60 20 extra
712 1407 86 28 anslag»

55 1446 56 20 samt
129 1443 185 23 «Extraordinarie
328 1444 135 26 Pensioner»,
479 1443 40 22 och
533 1443 73 28 uppgå
620 1442 34 22 för
668 1442 91 21 sistlidet
777 1443 24 20 år

54 1479 157 28 sammanlagdt
226 1479 32 21 till
274 1479 90 26 174,059
382 1478 67 26 mark,
467 1477 77 24 hvaraf
563 1484 45 15 mer
623 1478 28 21 än
672 1476 83 23 hälften
777 1478 24 20 är
