1025 1714
252 410 124 24 Relation
395 418 41 17 om
454 412 188 31 bevillningen.

141 475 32 21 De
188 475 34 21 till
236 476 251 28 Finans-Expeditionen
502 478 103 21 inkomna
621 480 144 21 summariska
775 480 48 21 räk-

72 509 78 27 ningar
165 510 58 21 öfver
239 511 41 20 den
296 511 24 20 af
333 511 119 22 Ständerne
468 513 36 21 vid
519 514 99 21 sednaste
628 514 104 27 landtdag
744 515 78 27 ätagne

73 543 116 28 bevillning
205 545 142 27 uppdebitera
362 547 125 21 densamma
501 547 34 21 för
550 548 24 20 är
590 548 54 21 1865
662 549 69 20 under
742 549 80 21 nedan-

72 580 93 19 nämnde
181 579 60 21 titlar
256 579 33 21 till
303 579 96 28 följande
414 580 84 28 belopp,
515 581 116 28 nemligen:

102 614 39 20 1:0.
172 613 85 21 Allmän
273 614 222 28 inkomsthevillning
486 609 13 37 :
687 623 56 17 Mark.
792 630 16 15 p.

130 647 22 28 a)
168 647 25 21 af
205 647 68 22 finske
288 648 141 27 medborgare
453 666 3 3 .
488 667 4 3 .
508 651 98 24 515,834:
624 651 32 20 10.

128 681 24 28 b)
168 681 25 22 af
201 683 66 20 andre
279 684 27 19 än
316 683 68 20 finske
395 683 97 22 medbor-

203 723 50 20 gare
275 733 3 4 .
310 733 3 4 <
346 734 3 3 0
416 734 39 4 n
487 735 3 3 +
522 719 85 24 20,468:
623 719 33 21 20.
673 725 98 26 536,302:
788 726 33 21 30.

101 757 41 20 2:0.
173 756 66 21 Extra
255 757 125 27 bevillning:

128 790 22 27 a)
166 790 25 21 af
203 790 149 22 kortfabriken
382 808 4 3 .
417 808 4 3 .
453 799 3 4 +
488 809 4 3 .
522 792 83 25 35,371:
621 793 34 20 20.

129 824 23 28 b)
168 824 25 21 af
206 825 29 20 öl-
247 825 40 21 och
297 825 197 28 porterbryggerier
523 826 83 25 88,265:
622 827 33 20 35.
673 833 99 24 123,636:
788 834 33 19 55.

100 864 40 21 3:0.
170 864 212 27 Näringsbevillning
397 865 25 20 af
434 867 66 19 andre
516 867 27 19 än
558 865 68 22 finske
641 866 149 27 medborgare:

128 898 22 28 a)
166 898 25 21 af
203 898 124 21 handlande
343 899 40 20 och
394 899 98 22 handels-

201 934 110 26 expediter
346 950 4 4 .
381 950 3 4 .
416 950 4 4 .
452 950 3 4 .
488 951 3 4 .
523 935 82 24 14,510:
623 947 26 2 —

127 967 22 27 b)
160 967 24 21 af
190 967 158 27 skådespelare,
357 968 75 20 musici
440 968 52 20 m.fl.
517 963 11 41 —
537 968 69 25 2,110:
623 981 26 2 —
687 975 85 25 —46,620:
790 987 23 3 —

571 1014 86 21 Summa
673 1015 99 25 676,558:
788 1016 34 20 85.

98 1046 30 22 Af
142 1048 26 19 de
184 1047 91 21 sålunda
290 1046 124 22 debiterade
429 1048 84 21 medlen
529 1048 54 21 hade
599 1048 80 22 blifvit:

70 1081 116 21 Afkortadt
201 1080 34 22 för
249 1081 147 27 hvarjehanda
412 1082 102 20 orsaker.
546 1098 3 4 .
581 1098 4 4 .
617 1098 4 4 .
652 1098 4 4 .
703 1083 69 25 2,919:
789 1084 33 20 60.

72 1115 113 21 Utbetaldt
207 1115 32 21 till
258 1115 136 27 bevillnings-
414 1116 40 20 och
478 1116 178 26 pröfningskomi-

203 1150 74 20 teerne
297 1166 4 3 .
332 1166 4 4 .
474 1167 39 3 ae
545 1167 39 4 sr
653 1167 3 3 L
690 1151 83 25 34,564:
790 1151 33 20 39.

113 1183 39 21 D:o
172 1178 15 36 —
201 1182 34 22 för
249 1166 142 45 folkskolorne
403 1166 5 38 .
440 1200 3 4 8
475 1200 3 4 a
618 1200 39 4 o.
725 1185 47 21 350:
790 1197 26 3 —

99 1217 112 22 hvaremot
226 1217 33 21 till
274 1218 56 20 1866
346 1209 145 29 athalanseras
511 1201 4 3 «
510 1219 79 20 såsom
579 1214 12 34 :

128 1251 97 21 Kontant
240 1252 124 26 behållning
383 1268 1 4 .
416 1268 3 4 .
452 1269 3 3 .
487 1253 117 25 .551,726:
624 1253 31 20 11.

128 1285 127 21 Förskotter
278 1281 19 35 2.
311 1302 3 4 .
346 1302 4 4 .
382 1303 3 3 .
418 1303 3 3 .
453 1302 3 4 .
488 1303 3 3 .
522 1287 83 25 32,967:
623 1287 32 21 80.

130 1320 131 20 Utestäende
277 1322 67 19 rester
382 1338 3 3 .
417 1337 4 3 .
453 1337 3 3 .
488 1337 4 4 .
523 1321 83 25 54,030:
623 1321 34 19 95.
676 1326 98 25 638724;
790 1326 33 21 86.

571 1365 87 21 Summa
673 1366 99 24 676,558:
789 1365 33 20 85.

140 1399 98 21 Emedan
260 1406 27 14 en
310 1401 45 20 stor
376 1399 35 22 del
434 1399 24 22 af
473 1401 26 19 de
513 1399 95 28 utgifter,
625 1406 46 14 som
686 1399 50 21 med
750 1398 74 23 bevill-

74 1433 150 28 ningsmedlen
246 1433 33 22 för
301 1435 24 20 är
342 1434 56 22 1865
414 1434 66 21 borde
494 1434 113 25 bestridas,
622 1441 38 14 var
675 1433 102 21 förfallen
792 1433 33 21 till

74 1468 143 27 utbetalning,
240 1469 67 20 innan
329 1469 214 27 hbevillningsmedlen
562 1469 7 20 i
588 1468 76 27 början
688 1467 25 22 af
729 1469 24 20 är
767 1468 56 23 1866
