1025 1711
766 147 42 20 175

153 213 42 21 Det
213 213 24 20 af
255 212 165 22 Statsutskottet
439 214 36 21 vid
494 216 85 19 senaste
598 214 104 26 landtdag
722 215 116 20 anmärkta

85 247 142 24 förhållande,
247 248 32 19 att
294 247 129 21 statsverket
438 248 49 21 med
501 248 43 20 250
558 250 80 19 tunnor
652 248 97 27 spanmål
766 248 70 21 bidra-

85 287 37 19 ger
136 280 34 20 till
185 280 113 21 aflönande
313 280 24 20 af
350 281 160 27 presterskapet
524 281 41 21 och
579 281 207 27 kyrkobetjeningen
801 282 35 21 vid

85 313 170 27 Nikolaikyrkan
270 313 7 21 i
292 313 132 27 Helsingfors
440 316 55 19 samt
509 315 49 20 med
573 315 43 20 400
630 317 79 19 tunnor
722 314 32 22 till
765 316 72 20 denna

85 347 78 27 kyrkas
184 347 111 21 underhåll
311 347 109 22 äfvensom
434 349 50 20 med
499 349 63 25 2,000
576 348 62 22 mark
648 349 32 20 till
691 351 100 24 pastorns
801 350 36 21 vid

85 382 87 20 stadens
191 381 170 27 luthersk-tyska
379 382 136 26 församlings
533 382 100 28 aflöning,
656 384 97 25 qvarstår
774 383 63 22 äfven

86 414 32 22 för
134 416 26 20 de
176 416 30 24 år,
221 414 141 22 förevarande
376 415 132 28 granskning
519 415 108 22 omfattar.
652 416 111 22 Utskottet
774 424 63 14 anser

86 451 36 20 det
140 449 84 22 derföre
239 449 53 22 böra
307 450 55 27 ånyo
377 449 130 26 framhållas,
523 453 31 19 att
571 451 61 20 dessa
647 451 68 21 under
733 452 43 20 5:te
790 451 47 21 huf-

85 483 106 22 vudtiteln
206 483 107 28 uppförda
328 484 130 27 statsanslag
473 484 33 21 till
520 484 85 22 förmon
619 485 34 20 för
663 485 85 21 landets
759 486 79 21 största

85 518 184 27 stadsförsamling
280 519 24 20 så
313 518 85 27 mycket
408 519 83 21 mindre
502 518 74 22 kunna
586 526 62 14 anses
658 519 122 27 påkallade,
792 527 46 14 som

85 554 36 20 det
140 553 109 21 allmänna
264 553 40 20 och
319 552 107 27 lagenliga
441 553 144 21 förhållandet
601 553 7 20 i
622 553 74 21 landet
712 555 30 23 är,
758 555 33 19 att
807 554 30 21 äf-

84 594 40 16 ven
140 588 26 20 de
181 586 110 26 fattigaste
306 586 126 21 kommuner
447 586 75 28 sjelfva
537 588 68 20 måste
615 586 95 22 bestrida
720 588 118 26 utgifterna

84 621 34 21 för
133 620 141 28 själavården.

152 654 71 22 Bland
239 655 25 19 de
280 654 68 20 under
364 654 46 20 7:de
425 654 144 21 hufvudtiteln
584 654 81 22 afförda
675 655 89 27 utgifter
774 656 62 26 ingår

83 689 34 21 för
134 690 24 20 år
177 688 56 21 1862
252 695 27 13 en
295 695 82 14 summa
392 688 24 20 af
430 689 64 25 1,404
508 688 61 21 rubel
583 690 15 18 2
612 688 78 28 kopek,
706 696 46 14 som
767 690 70 22 tillde-

83 724 42 20 lats
140 725 79 19 tvenne
234 722 59 21 äldre
308 722 80 21 teknici
403 722 34 20 för
452 722 121 21 besökande
585 722 24 21 af
616 722 220 28 verldsexpositionen

83 758 8 20 i
106 758 98 23 London;
216 756 81 21 hvilket
307 756 40 20 här
358 756 120 26 anmärkes,
489 757 97 25 emedan,
597 756 105 22 utskottet
713 758 124 27 veterligen,

83 790 97 22 hvarken
195 790 81 27 afgifna
291 790 174 21 reseberättelser
479 790 52 21 eller
545 791 66 26 något
626 793 67 19 annat
708 791 91 21 resultat
814 792 25 21 af

84 826 95 26 antydda
198 830 47 15 resa
266 824 82 21 utvisar
365 826 32 18 att
416 824 91 21 berörda
524 825 118 20 understöd
659 824 69 22 skulle
743 825 94 21 medfört

83 859 66 26 något
165 864 56 21 gagn
235 857 35 21 för
285 859 35 19 det
335 857 116 22 allmänna.

151 887 28 26 Åt
195 891 106 21 särskilda
315 891 131 21 embetsmän
462 892 39 21 har
513 892 69 21 under
592 891 164 28 ifrågavarande
766 893 25 20 år
804 895 34 18 ut.

83 926 72 27 gifvits
173 925 172 28 gratifikationer
360 926 32 20 till
408 927 67 20 större
491 926 39 21 och
545 925 83 22 mindre
643 926 88 27 belopp;
747 926 90 21 hvarom

84 961 105 20 utskottet
209 961 70 20 ansett
297 960 32 26 sig
344 959 52 22 böra
411 960 93 25 anmäla,
518 959 34 22 till
566 959 55 28 följd
636 960 23 21 af
673 961 42 19 den
729 961 59 20 inom
805 963 33 18 ut-

84 995 81 20 skottet
182 993 85 28 hyllade
283 993 91 27 princip,
391 995 32 20 att
439 993 72 28 dylika
525 993 235 28 penningebelöningar
776 995 23 20 åt
810 1001 28 14 en

84 1029 34 20 del
133 1029 130 26 tjenstemän
278 1028 47 21 icke
341 1027 66 22 borde
422 1028 86 21 komma
522 1029 8 20 i
544 1027 68 28 fråga,
624 1029 71 20 derest
705 1028 25 27 ej.
737 1029 102 26 speciella

83 1063 89 20 arbeten
190 1062 52 21 eller
261 1063 100 27 uppdrag
375 1064 59 19 utom
451 1062 92 27 tjensten
559 1063 87 20 dermed
660 1061 61 22 skola
736 1063 101 20 ersättas.

151 1097 41 20 Det
208 1097 32 20 till
255 1103 27 15 en
297 1096 111 21 mekanisk
424 1097 101 20 verkstad
538 1097 8 20 i
561 1095 133 28 Helsingfors
708 1097 50 20 med
776 1096 64 25 2,920

82 1131 62 21 mark
166 1132 106 26 utgående
291 1130 68 27 årliga
374 1131 74 25 anslag
464 1131 67 25 torde,
546 1131 29 26 på
590 1131 43 20 sätt
645 1130 63 21 äfven
724 1131 36 20 vid
775 1137 62 14 sena-

84 1168 32 19 ste
130 1166 105 25 landtdag
250 1164 86 26 skedde,
353 1164 51 21 böra
418 1164 95 27 påpekas
523 1165 71 20 såsom
603 1164 84 20 mindre
697 1164 141 27 nödvändigt.

153 1198 274 22 Manufakturdirektionen
443 1198 40 21 har
497 1199 68 20 under
580 1198 52 21 åren
642 1198 112 21 1861—65
766 1199 73 21 kostat

83 1234 8 20 i
111 1235 64 27 årligt
193 1233 100 21 medeltal
308 1233 78 25 14,792
401 1232 68 26 mark,
485 1232 41 22 och
541 1233 23 20 är
580 1232 97 26 anslaget
692 1232 34 21 för
741 1234 99 20 densam-

83 1277 35 14 ma
140 1269 33 21 uti
194 1268 147 21 innevarande
362 1267 34 21 års
414 1267 134 26 statsförslag
567 1268 104 26 upptaget
691 1268 50 20 med
765 1267 75 25 13,600

83 1303 67 22 mark.
181 1302 49 21 Med
245 1303 42 19 den
302 1301 121 21 kännedom
438 1301 104 21 utskottet
558 1301 40 21 har
609 1308 34 14 om
652 1300 100 22 bemälda
762 1301 78 21 inrätt-

84 1338 62 25 nings
161 1336 143 25 verksamhet,
319 1336 79 20 tvekar
412 1335 105 21 utskottet
533 1336 17 25 ej
565 1337 32 18 att
608 1341 51 14 anse
670 1336 125 19 densamma
806 1336 33 19 så-

84 1378 45 14 som
149 1369 112 27 umbärlig.
296 1368 74 27 Enligt
389 1368 116 22 utskottets
521 1368 55 27 åsigt
590 1368 72 20 kunde
678 1367 107 27 nemligen
801 1368 37 20 det

84 1403 120 23 statistiska
223 1402 104 25 material,
348 1409 44 15 som
408 1402 38 22 hos
461 1401 275 23 manufakturdirektionen
752 1401 87 26 samlas,

84 1438 126 28 lämpligare
228 1438 51 26 ingå
297 1437 82 22 direkte
398 1437 32 21 till
448 1437 121 22 statistiska
588 1436 74 28 byrån,
682 1436 39 21 och
740 1437 26 20 de
784 1435 55 22 utlå-

84 1475 87 24 tanden,
187 1474 36 19 det
239 1472 80 27 åligger
335 1472 134 21 direktionen
486 1471 80 28 afgifva
580 1472 7 20 i
602 1471 116 27 anledning
729 1471 24 20 af
761 1470 77 22 ansök-
