1025 1709
204 154 43 19 174

176 221 72 20 vidare
264 220 57 25 utgå,
337 219 34 21 till
386 220 41 20 den
443 219 34 21 del
493 220 118 20 detsamma
627 219 18 27 ej
662 218 135 22 erfordrades
815 219 33 21 för
863 220 63 20 ofvan

176 254 142 21 omförmälda
333 253 107 21 ändamål.

244 288 73 21 Under
337 294 81 14 samma
436 287 130 21 hufvudtitel
585 286 141 22 förekommer
741 287 73 22 vidare
829 287 98 28 anslaget

176 323 33 20 för
228 322 132 25 forststaten,
378 321 80 22 hvilket
477 321 56 20 ända
549 320 32 21 till
597 321 23 20 år
635 321 57 20 1862
707 321 74 26 utgick
794 324 132 24 gemensamt

175 357 50 20 med
239 357 37 20 det
290 355 33 21 för
336 355 211 21 landtmäteristaten
562 354 117 25 bestämda,
695 361 49 14 men
760 355 48 21 från
823 355 40 22 och
877 357 50 20 med

176 391 94 20 nämnda
285 390 24 21 år
325 389 101 20 särskildt
441 391 111 25 upptages.
583 388 143 27 Uppgifterna
740 389 8 20 i
764 390 41 20 den
820 389 33 21 till
864 389 62 22 Stän-

176 425 67 20 derna
260 423 81 21 aflåtna
356 423 119 20 relationen
490 423 70 20 utvisa
574 422 95 27 följande
685 422 135 22 förhållande
836 424 91 21 emellan

176 458 121 21 inkomsten
316 457 48 20 från
382 457 95 20 kronans
495 456 78 27 skogar
591 456 40 21 och
646 456 92 27 utgiften
753 457 34 21 för
802 457 125 22 forststaten

177 491 161 21 nedanstående
354 491 33 20 år:

481 521 102 34 Inkomst.
671 525 74 26 Utgift.

334 553 30 26 År
378 559 56 20 1862
462 559 98 24 279,560:
577 559 32 20 37.
640 559 98 24 365,906:
754 560 34 19 62.

344 602 8 10 »
377 593 56 20 1863
462 593 98 25 438,223:
576 593 33 20 88.
639 593 99 25 410,287:
754 594 34 19 36.

343 636 7 9 »
377 627 57 20 1864
463 627 97 25 318,608:
576 627 33 20 72.
639 627 99 25 424,242%
753 628 34 20 71.

343 669 8 10 »
377 661 56 20 1865
462 661 98 25 197,937:
576 661 33 20 67.
639 661 99 24 434,505:
753 661 35 20 14.

497 707 91 33 Förlust.
674 711 69 21 Vinst.

331 739 29 26 Är
375 745 56 20 1862
454 735 11 40 =
475 745 83 24 86,346:
575 745 32 20 25.
696 757 27 3 ==

342 787 8 9 »
379 779 56 19 1863
533 791 22 3 a
650 779 84 25 27,936:
750 780 33 19 52.

342 821 8 9 »
377 812 57 20 1864
462 812 98 25 105,633:
577 812 33 20 99.
698 825 26 3 =

341 854 9 11 >
377 846 56 20 1865
462 846 99 25 236,567:
577 846 34 21 47.
699 859 26 3 —

242 903 113 21 Förlusten
376 902 142 27 öfverskjuter
536 903 82 20 således
637 903 70 20 under
726 904 95 20 nämnda
838 903 47 27 fyra
904 903 24 20 är

176 938 83 21 vinsten
281 937 49 21 med
351 937 91 25 400,611
461 937 61 20 mark
542 937 27 20 19
585 937 72 27 penni,
676 937 52 21 eller
746 938 63 25 utgör
828 936 98 27 omkring

175 971 92 26 100,000
283 971 62 20 mark
359 971 7 20 i
382 971 63 26 årligt
463 971 107 21 medeltal.
600 971 46 20 Den
662 971 161 25 nationalvinst,
840 971 86 26 skogar-

175 1012 37 14 nes
233 1005 122 21 bevarande
377 1004 33 21 för
432 1005 114 21 framtiden
565 1005 43 21 kan
626 1005 103 25 medföra,
749 1005 39 20 bör
802 1004 124 27 visserligen

174 1039 48 22 icke
237 1038 161 25 underkännas;
416 1039 40 20 och
466 1046 35 13 om
512 1040 35 20 det
558 1039 83 27 lyckats
651 1039 157 21 forstväsendet
819 1041 32 18 att
861 1038 66 27 stäfja

174 1074 36 20 det
225 1072 133 27 oförnuftiga
373 1072 40 21 och
427 1073 126 27 lagstridiga
568 1072 120 21 sköflandet
704 1073 24 20 af
736 1072 95 21 kronans
841 1072 85 27 skogar,

174 1108 61 25 torde
253 1108 60 20 detta
328 1107 74 20 kunna
416 1106 110 21 betraktas
542 1107 70 20 såsom
627 1106 34 21 för
674 1106 75 21 landet
763 1106 116 27 gagneligt,
896 1106 30 21 äf-

173 1148 40 14 ven
231 1148 34 14 om
283 1141 36 20 det
333 1140 48 21 icke
396 1147 38 14 var
448 1140 83 27 möjligt
547 1142 32 19 att
595 1140 96 21 undvika
706 1140 121 21 finansiella
841 1140 83 27 uppofi-

174 1176 71 27 ringar
265 1175 77 22 derför.
376 1175 49 20 Men
443 1175 36 20 det
498 1174 39 22 har
557 1174 54 22 dock
629 1176 60 26 synts
708 1174 112 26 utskottet,
836 1176 39 23 att,
890 1175 36 20 vid

174 1217 27 14 en
218 1209 52 22 klok
284 1209 144 26 hushållning,
445 1209 96 27 antydda
557 1209 101 21 ändamål
672 1208 85 21 kunnat
771 1208 77 22 vinnas
863 1208 63 21 äfven

173 1247 53 18 utan
241 1243 100 21 förluster
355 1243 33 20 för
404 1243 134 20 statsverket.
569 1243 45 20 Och
624 1243 39 20 har
673 1242 106 21 utskottet
790 1242 85 21 derföre
889 1249 38 14 an-

173 1279 42 19 sett
230 1277 33 21 för
278 1276 33 22 sin
325 1275 61 28 pligt,
398 1276 18 27 ej
428 1276 82 21 mindre
521 1278 32 20 att
563 1276 34 22 för
607 1276 122 22 Ständerna
739 1275 114 23 framhålla
863 1275 63 22 forst-

173 1312 114 21 väsendets
305 1310 127 27 tilltagande
451 1310 77 26 deficit,
548 1311 27 20 än
591 1310 40 21 ock
646 1312 32 19 att
693 1310 71 21 uttala
779 1311 42 20 den
836 1310 91 28 öfverty-

173 1346 64 26 gelse,
253 1347 33 19 att
301 1344 159 27 förvaltningen
476 1344 25 22 af
511 1344 95 21 kronans
621 1344 78 27 skogar
713 1344 64 21 bordt
791 1344 74 21 kunna
876 1344 51 22 stäl-

173 1384 32 20 las
221 1380 28 27 på
267 1380 67 21 sådan
349 1378 31 22 fot
396 1381 32 19 att
443 1378 118 28 utgifterna
575 1379 55 22 varit
645 1379 83 21 mindre
743 1378 41 22 och
799 1378 127 22 inkomster-

173 1422 29 14 na
222 1415 95 21 deremot
336 1415 73 24 större,
430 1415 23 20 så
473 1415 32 20 att
518 1413 47 22 icke
581 1413 54 21 blott
650 1413 77 21 förlust
742 1413 113 26 uteblifvit,
872 1415 53 19 utan

174 1449 41 22 ock
234 1448 128 23 statsverket
380 1448 89 22 tillfallit
484 1449 71 27 någon
570 1448 123 27 behållning
708 1448 48 21 från
771 1448 94 21 kronans
880 1448 45 22 vid-

174 1483 96 21 sträckta
285 1483 84 27 skogar.
