1025 1714
777 143 42 21 157

155 210 86 20 Finlands
256 210 96 21 allmänna
367 211 102 19 statsfonds
484 211 97 20 ordinarie
597 211 106 19 inkomster
718 211 31 20 vid
760 211 47 19 1866
818 211 32 19 års

142 245 26 19 <A
183 244 37 20 den
234 244 61 20 andra
310 242 46 22 1867
371 244 32 20 års
419 244 78 25 utgifter
512 245 60 25 enligt
586 246 37 18 stat
634 244 34 19 och
682 244 47 20 hvad
740 244 111 20 derutöfver

156 278 28 19 rie
204 277 78 25 utgifter
302 280 50 17 utom
371 280 44 22 stat,
433 278 100 25 upprättad
554 278 30 20 till
599 278 46 25 följd
660 277 22 20 af
694 278 66 25 nådigt
774 278 76 19 förord-

721 385 68 17 Silfver.

332 403 114 25 Credit.

270 458 40 21 1:0.
334 457 172 28 Afkortning.
711 459 57 17 Mark.
821 465 27 15 |p.|

115 497 22 28 a)
153 496 29 22 Af
194 497 56 22 1866
266 498 34 20 ärs
316 498 80 25 räntor,
412 505 44 13 som
472 498 54 21 först
540 498 56 21 1867
606 504 54 20 upp-

144 525 63 21 bäras
222 525 40 21 och
276 526 54 20 höra
345 526 32 20 till
393 526 131 22 sistnämnde
538 527 34 20 ärs
583 526 88 27 päräk-
665 521 9 36 |

144 555 56 20 nade
215 554 122 27 tillgångar,
353 554 64 22 hafva
428 556 69 20 under
507 555 100 24 Oktober,
619 555 41 20 No-

144 583 86 21 vember
246 582 40 21 och
295 582 119 22 December
425 584 103 20 mänader
536 584 24 20 är
567 583 56 22 1866
631 583 29 20 in-

144 611 57 21 flutit
208 611 34 20 till
249 611 149 27 magasinerne
406 612 181 27 samtinbegripas
594 613 68 20 under

145 640 135 21 motstående
299 639 123 28 behållning
437 641 36 21 vid
487 641 56 21 1866
559 641 34 20 års
608 640 52 21 slut:

144 668 45 27 Räg
204 668 64 25 4,040
282 669 81 20 tunnor

143 697 28 20 19
187 696 103 27 kappar.
322 713 4 3 .
358 697 146 25 .88,126:97.

146 725 58 21 Korn
213 725 63 25 3,495
282 726 80 20 tunnor
848 721 2 23 |

145 754 13 20 8
173 753 84 27 kappar
286 769 4 4 .
322 770 4 4 .
358 754 145 25 .61,106:16.

144 781 68 21 Hafra
227 781 41 21 537
283 783 80 20 tunnor

144 811 28 20 11
188 809 96 28 kappar.
320 827 5 4 .
357 826 4 5 .
391 811 112 24 5,445:35.
518 816 98 26 154,678:
626 817 34 20 48.

116 845 23 28 b)
155 843 34 21 Dä
207 843 99 22 Kronans
326 844 122 27 fordringar
467 845 38 20 hos

154 871 72 28 Ryska
230 872 237 21 Riksskattkammaren
472 873 33 21 för
814 881 2 23 |

154 900 123 27 förskjutna
296 901 116 26 pensioner
429 901 77 22 utfalla

155 929 7 20 i
175 929 59 27 ryskt
245 929 126 27 sedelmynt,
382 930 24 20 sä
416 931 91 26 uppstär
671 928 2 15 |

155 957 125 27 härigenom
291 965 27 13 en
327 958 76 20 förlust
411 958 34 21 för
453 958 52 21 Kro-

155 993 43 14 nan
213 985 123 28 förslagsvis
351 987 49 20 med
430 1003 4 4 .
465 1003 4 4 .
501 1003 4 4 .
535 987 127 25 65,758:65.
719 991 127 26 220,437/13

266 1061 40 20 2:0.
331 1060 182 27 Utbetalning.

294 1105 24 27 A)
333 1100 52 25 Årets
400 1106 85 25 utgifter.

116 1144 29 21 Af
158 1144 56 22 1866
235 1145 35 20 års
290 1144 144 26 statsutgifter
453 1145 65 26 enligt
534 1152 80 14 samma
630 1146 34 20 års

160 1172 135 27 statsförslag
310 1179 51 15 voro
376 1172 36 21 vid
427 1174 57 20 ärets
499 1174 81 26 utgäng
590 1173 74 27 oligvi-

156 1201 78 21 derade
254 1200 40 21 och
313 1201 77 26 utgöra
408 1201 113 27 tillökning
536 1202 8 20 i
559 1201 56 22 1867
630 1203 34 20 ärs

156 1229 89 27 utgifter
262 1245 2 4 .
296 1245 4 4 .
331 1245 4 4 .
367 1245 4 4 .
403 1246 4 4 .
439 1246 3 4 .
474 1246 4 4 .
522 1230 141 25 529,694:78.

117 1258 57 21 1867
194 1258 34 20 ärs
247 1256 150 28 statsutgifter,
414 1258 66 26 enligt

156 1293 82 13 samma
248 1286 35 20 ärs
294 1285 141 28 statsförslag,
444 1286 36 21 be-
815 1300 2 11 |

156 1315 89 20 stäende
260 1314 42 21 uti:

155 1342 133 26 Afkortning
353 1343 83 24 82,800:
446 1355 26 3 —

155 1370 72 20 Löner
247 1370 40 20 och

156 1398 70 27 öfriga
247 1405 37 14 an-

156 1426 59 28 slag.
246 1443 4 4 .
282 1427 153 25 .12,863,232;
445 1428 33 20 21.
487 1434 133 26 42,946,032:
630 1435 32 20 21.

361 1473 118 28 Transport
487 1474 133 27 13,475,726:
629 1475 33 21 99.
721 1475 126 29 220,437/13
