1061 1717
197 389 133 18 Relation
351 386 30 20 till
403 386 75 21 landets
500 387 81 20 Ständer
602 393 30 14 om
655 386 67 21 Finska
743 386 123 20 statsverkets

125 420 89 26 ställning
229 422 23 25 pä
267 420 95 20 särskilda
379 421 51 20 tider
448 421 44 20 från
511 420 39 21 181I
565 420 32 22 till
612 420 35 21 och
661 421 43 20 med
718 420 52 26 1862,
785 420 81 26 afgifven

125 454 21 20 af
158 454 209 27 Finans-expeditionen
382 454 7 20 i
404 454 107 27 Kejserliga
529 455 80 20 Senaten
623 454 30 21 för
668 454 85 21 Finland.
782 454 84 26 Helsing-

125 488 40 20 fors
180 489 38 20 den
233 490 9 19 1
256 488 109 28 September
379 488 53 21 1863.

624 534 31 21 På
670 533 129 27 befallning:
818 541 8 7 »

616 569 83 20 Julius
720 567 94 22 Thilén.

301 640 152 20 Allmänna
468 639 223 25 anmärkningar.

193 694 40 22 1:0.
264 694 243 28 Kapitalräkningarne
523 694 39 22 för.
566 694 139 22 1856—1860
716 695 38 21 äro
765 692 103 23 affattade

125 728 68 27 enligt
208 728 139 22 statsverkets
367 728 88 22 bokslut
468 729 35 21 för
518 727 62 23 dessa
595 729 30 21 år.
656 728 148 21 Summariska
818 727 50 21 räk-

125 762 81 27 ningen
224 762 34 21 för
276 763 55 21 1861
347 762 95 28 grundar
457 764 33 27 sig
504 764 28 26 pä
547 764 26 21 de
587 762 34 22 till
636 762 232 28 Finansexpeditionen

125 796 107 28 ingäende
242 796 151 28 räkenskaper,
406 797 88 21 emedan
505 798 138 21 statsverkets
653 796 94 27 bokslut,
758 804 46 14 som
814 802 54 22 upp-

125 832 62 26 göres
206 830 7 20 i
233 830 111 22 Kammar-
363 831 39 21 och
422 831 305 29 Räkenskaps-expeditionen,
746 832 58 20 ännu
821 830 47 22 icke

125 866 25 19 är
165 864 105 21 afslutadt
284 865 35 21 för
334 866 64 26 sagde
414 866 23 20 är
452 866 41 21 och
508 867 24 20 är
547 866 62 21 1862.

192 899 40 20 2:0.
262 898 30 21 Af
305 899 77 21 anförd
397 899 115 28 anledning
528 900 78 21 saknas
621 900 7 20 i
643 899 125 21 Relationen
783 899 86 27 uppgif-

125 934 32 19 ter
172 933 34 20 tör
221 932 62 27 1862,
299 932 33 22 för
346 933 82 22 hvilket
442 934 24 20 är
482 934 64 21 ocksä
561 933 133 22 Summarisk
708 933 92 27 räkning
814 940 54 20 upp-

125 967 62 26 göres
206 966 55 21 först
280 967 35 21 vid
333 967 65 21 slutet
413 968 24 20 af
451 968 61 21 1863.
541 968 74 21 Likväl
631 968 68 20 finnes
712 966 157 28 Behällningen

126 1000 35 21 vid
179 1001 53 21 1862
246 1001 36 20 ärs
297 1002 82 26 utgäng
394 1002 68 28 enligt
471 1002 110 27 uppgifter
591 1002 48 21 frän
649 1001 160 29 vederbörande
818 1000 52 22 verk

126 1034 77 21 anförd
219 1035 7 20 i
242 1034 84 29 Kalkyl
345 1036 59 27 öfver
418 1038 59 20 allm.
494 1036 152 28 Statsfondens
662 1036 120 26 tillgångar
797 1034 33 22 för
845 1035 25 20 är

125 1068 61 20 1863.
217 1068 163 29 Statsförslaget
394 1070 35 22 för
444 1072 54 20 1862
514 1072 24 20 är
553 1070 136 28 publiceradt
703 1069 8 21 i
721 1068 149 28 författnings-

125 1102 119 28 samlingen
260 1102 40 22 N:o
315 1105 15 20 2
344 1105 62 20 1862.
436 1104 152 28 Specificeradt
607 1103 141 27 Statsförslag
765 1103 34 21 för
814 1103 56 21 1863

126 1136 142 23 Ofverlemnas
282 1137 8 21 i
304 1138 130 22 handskrift.

193 1172 41 20 3:0.
264 1171 82 28 Hvarje
363 1173 35 21 års
413 1173 88 21 bokslut
514 1173 57 21 visar
585 1172 47 22 icke
647 1173 107 27 noggrant
768 1171 102 27 beloppet

126 1204 24 20 af
163 1204 119 27 utgifterna
296 1205 34 21 för
345 1213 81 15 samma
441 1208 31 25 är,
487 1207 88 21 emedan
590 1205 148 23 utanordnade
753 1205 117 21 förskotter

125 1237 124 28 isynnerhet
263 1239 7 21 i
286 1239 184 23 läneränterierna
490 1241 34 21 till
541 1242 69 20 större
625 1240 53 22 eller
696 1240 79 20 mindre
786 1233 38 39 del
839 1238 30 22 af-

126 1271 58 21 föras
204 1272 68 22 under
292 1274 30 20 ett
342 1273 96 28 följande
455 1276 25 20 är
499 1275 39 21 och
553 1274 66 22 alltsä
633 1274 51 28 ingä
698 1274 7 20 i
722 1274 48 21 dess
784 1273 86 27 utgifts-

127 1308 68 19 conto.

193 1340 31 20 Af
236 1341 68 20 sädan
320 1341 116 27 anledning
452 1343 39 19 och
506 1343 87 20 emedan
607 1342 7 19 i
624 1342 246 25 Landträkenskaperna

125 1372 150 27 redogörelsen
295 1374 34 21 för
346 1374 158 28 Behällningen
518 1378 105 25 upptages
637 1375 69 21 under
720 1374 41 21 den
776 1375 27 19 30
818 1374 51 20 Juni

124 1406 74 28 hvarje
214 1407 30 27 är,
260 1408 86 28 inflyter
361 1408 69 22 denna
445 1410 86 27 uppgift
544 1410 7 20 i
567 1408 143 22 Statsverkets
724 1408 89 21 bokslut
824 1408 46 21 lika

125 1441 67 21 som
182 1437 14 39 i
212 1441 241 29 Finansexpeditionens
474 1443 146 23 Summariska
637 1442 103 28 räkning;
758 1442 112 22 hvaremot

125 1475 34 21 till
179 1476 203 28 Finansexpedition
402 1478 62 22 äfven
484 1478 62 28 ingär
562 1477 87 29 uppgift
665 1478 30 26 pä
711 1476 158 29 Behällningen
