1023 1711
763 145 27 20 55

70 210 81 22 hvilket
169 210 101 21 ändamål
291 210 108 27 betydliga
419 218 93 14 summor
527 211 64 27 gingo
607 219 25 13 ur
647 212 82 24 landet;
746 212 71 21 samti-

72 244 45 27 digt
134 244 97 21 vaknade
247 244 106 21 industrin
368 244 33 21 till
416 247 47 25 nytt
478 244 26 22 lif
517 244 39 22 och
569 245 123 21 erfordrade
703 252 27 14 en
740 246 78 26 mängd

70 278 7 20 i
98 278 97 21 utlandet
215 278 146 26 förfärdigade
381 278 109 21 machiner
505 278 40 21 och
560 278 98 27 redskap.
688 280 128 20 Missvexten

71 313 51 19 åren
141 312 56 20 1856
215 311 40 21 och
273 312 55 20 1857
348 312 7 20 i
375 313 67 19 större
458 313 62 20 delen
536 312 23 21 af
572 312 93 21 Finland
679 312 138 21 förorsakade

71 345 73 21 vidare
162 345 109 27 betydliga
289 345 198 28 spanmålsuppköp
503 347 7 20 i
524 346 112 27 Ryssland,
651 348 68 19 under
734 347 36 21 det
784 349 32 18 att

71 381 41 20 den
132 380 55 20 1857
206 380 113 21 inträffade
338 381 62 20 svåra
418 380 163 21 handelskrisen
602 381 75 27 gjorde
693 381 123 21 erhållande

70 414 24 21 af
107 413 102 21 utländsk
224 414 69 20 kredit
309 416 59 19 snart
383 416 48 25 sagt
446 415 96 26 omöjligt
552 414 40 21 och
602 414 154 22 trafikanterne
766 422 50 14 voro

70 451 95 24 tvungne
180 450 32 18 att
227 450 86 24 prompt
328 447 71 22 betala
410 449 111 20 derstädes
531 448 97 21 erhållna
639 448 120 21 förskotter.
782 449 33 20 En

70 482 93 26 naturlig
179 481 54 28 följd
248 482 23 21 af
285 481 38 21 allt
339 482 60 21 detta
413 489 44 18 var,
473 484 32 19 att
520 483 26 20 de
561 481 116 28 tillgångar
691 483 29 26 på
730 483 85 20 utländ-

70 515 39 21 ska
123 515 90 26 valutor,
233 522 45 14 som
293 516 7 20 i
315 515 73 22 landet
403 516 84 25 funnos,
503 517 68 20 måste
586 516 85 26 anlitas,
686 516 33 21 för
733 519 32 18 att
780 517 35 21 be-

71 549 43 22 tala
130 550 65 26 sagde
211 552 59 19 utom
285 550 74 21 landet
373 550 76 27 gjorda
464 550 35 21 lån
516 550 39 21 och
566 550 94 27 uppköp.
686 551 128 21 Räntefoten

70 584 28 27 på
113 584 144 27 depositioner
267 584 7 20 i
284 583 202 22 kreditanstalterne
496 584 8 20 i
515 584 160 27 Kejsaredömet
685 584 56 22 hade
752 585 62 20 emel-

69 618 63 22 lertid
152 618 69 21 blifvit
237 619 92 25 nedsatt,
345 619 24 20 så
383 620 32 19 att
431 619 35 21 det
480 618 47 22 icke
543 625 58 14 mera
617 619 76 26 ansågs
708 618 107 22 fördelak-

70 653 40 27 tigt
125 655 32 19 att
172 652 45 22 låta
232 654 26 20 de
273 653 126 27 penningar,
416 659 45 15 som
476 653 70 21 blifvit
561 653 7 20 i
583 654 62 20 dessa
660 653 105 21 anstalter
779 654 36 20 de-

69 688 114 27 ponerade,
199 687 74 27 längre
289 687 38 21 der
343 689 136 25 qvarstanna,
494 687 99 21 hvarföre
609 688 62 20 dessa
680 687 70 21 medel
759 687 56 27 gjor-

69 722 37 20 des
124 721 32 21 för
176 722 64 26 sagde
259 721 136 26 betalningar
416 721 127 27 disponibla.
573 722 150 26 Nyssnämndä
737 721 77 21 förhäl-

68 756 64 21 lande
147 755 125 22 föranledde
288 755 63 21 äfven
365 758 33 19 att
413 755 140 22 statsverkets
567 755 7 21 i
589 755 203 22 kreditanstalterne
807 756 6 20 i

69 790 160 28 Kejsaredömet
248 789 95 22 samlade
363 789 140 27 besparingar
521 791 76 25 drogos
617 789 94 21 derifrån
729 789 39 22 och
784 789 30 22 öf-

68 825 146 21 verlemnades
229 824 33 21 till
276 824 97 26 Banken,
389 831 45 14 som
449 823 33 22 för
498 825 36 20 det
544 824 71 27 Ryska
625 823 142 28 sedelmyntet
776 823 40 28 gaf

68 858 128 22 statsverket
211 859 120 26 ersättning
345 858 8 20 i
368 858 81 21 Finska
464 858 76 21 sedlar.

135 892 96 22 Emedan
249 892 66 22 likväl
334 892 81 21 Finska
435 892 146 28 sedelmyntet,
600 892 90 21 oaktadt
705 893 62 21 dessa
781 892 33 21 för

67 927 93 28 ligviden
176 928 7 20 i
197 928 97 20 utlandet
305 928 100 26 öppnade
415 927 121 27 tillgångar,
547 927 38 21 allt
596 926 132 22 fortfarande
739 928 74 20 ström-

67 963 62 20 made
148 962 32 21 till
201 962 32 21 S:t
251 961 127 27 Petersburg
397 962 39 20 och
458 962 21 20 ät
494 960 101 22 Bankens
611 961 79 21 ombud
704 962 110 20 derstädes

68 997 131 21 inlemnades
215 996 32 21 till
262 996 109 27 utvexling
387 998 57 18 emot
458 996 71 28 Ryska
544 995 71 21 sedlar
629 995 7 21 i
651 996 25 20 så
691 997 58 19 stora
759 1002 54 14 sum-

67 1038 52 18 mor,
136 1033 31 19 att
182 1030 102 22 Bankens
299 1030 135 27 tillgängliga
444 1029 115 22 utländska
568 1029 85 22 valutor
663 1029 46 21 icke
720 1029 93 27 förslogo

68 1067 32 19 att
117 1064 56 22 förse
192 1064 101 22 ombudet
310 1065 49 20 med
377 1064 26 20 de
418 1064 35 20 för
466 1064 113 27 vexlingen
593 1064 80 26 nödiga
687 1064 76 25 medel,
778 1064 35 20 be-

67 1100 140 26 myndigades
223 1098 90 22 Banken
333 1100 32 19 att
383 1097 54 21 först
451 1098 39 21 hos
504 1097 145 22 Bankirhuset
664 1097 95 28 Stieglitz
773 1097 40 21 och

68 1135 66 20 sedan
152 1134 7 20 i
178 1133 72 27 Ryska
269 1132 222 21 Kommerse-Banken
511 1134 57 19 emot
583 1132 64 21 ränta
661 1134 96 25 upptaga
770 1131 43 21 för-

66 1168 64 25 skott,
146 1167 73 22 hvilka
234 1167 68 21 under
317 1167 51 21 åren
384 1167 62 25 1857,
459 1167 56 20 1858
526 1166 40 21 och
575 1166 76 27 början
662 1165 24 22 af
695 1166 53 21 1859
759 1172 53 20 upp-

66 1203 64 27 gingo
145 1201 33 22 till
193 1203 41 20 den
249 1201 109 28 betydliga
373 1207 97 15 summan
486 1201 24 20 af
521 1200 116 26 2,500,000
650 1200 66 21 rubel.
746 1200 68 21 Dessa

66 1236 91 21 förskott
173 1235 72 22 kunde
260 1235 47 22 icke
323 1235 24 22 af
359 1235 90 21 Banken
465 1235 128 26 återgäldas,
608 1236 54 19 utan
677 1236 32 19 att
725 1235 47 20 dess
782 1233 30 22 lå-

67 1270 106 21 nerörelse
189 1269 68 22 skulle
272 1269 135 21 inskränkas.
437 1269 48 21 Men
501 1269 29 20 dä
545 1275 26 14 en
585 1268 88 27 plötslig
691 1268 121 27 minskning

66 1305 7 20 i
92 1305 124 20 densamma
235 1303 69 22 skulle
322 1303 63 26 bragt
401 1303 83 21 landets
499 1302 80 22 handel
594 1302 40 21 och
648 1302 92 20 industri
754 1302 8 19 i
776 1302 37 20 det

68 1339 79 19 största
161 1337 114 26 trångmål,
290 1338 68 19 måste
373 1337 133 26 Regeringen
522 1343 51 14 vara
587 1336 90 20 betänkt
692 1336 29 25 på
735 1337 32 19 att
777 1341 35 20 ge-

68 1379 49 13 nom
132 1370 140 21 statsverkets
288 1370 127 26 förmedling
430 1369 103 21 förskatfa
548 1369 90 21 Banken
649 1376 26 13 en
685 1371 44 18 mot
740 1368 72 21 behof-

68 1407 34 19 vet
117 1404 105 23 svarande
237 1403 42 22 fast
294 1404 40 21 och
349 1403 32 21 till
397 1410 26 14 en
438 1404 74 26 längre
527 1403 78 21 termin
619 1402 106 22 utsträckt
735 1402 77 21 kredit.

136 1439 114 21 Dessutom
265 1437 134 22 erfordrades
412 1437 33 22 för
455 1437 139 22 statsverkets
605 1443 53 21 egen
668 1436 92 27 räkning
769 1443 43 14 me-

70 1474 34 22 del
123 1473 33 22 till
174 1473 140 22 fulländande
332 1472 24 23 af
366 1473 229 28 jernvägsbyggnaden
611 1471 91 22 emellan
716 1470 96 29 Helsing-
