1023 1717
233 168 41 20 136

780 231 63 17 Litt.
858 230 28 17 A.

207 280 195 23 Förtecknlng
420 279 52 20 öfver
494 278 69 21 sädane
583 277 71 25 anslag,
670 283 38 14 som
724 277 50 19 efter
789 275 169 26 statsregleringen

263 319 61 20 blifvit
338 319 96 26 beviljade
450 319 35 19 och
501 318 43 20 icke
560 318 44 25 ingå
619 318 7 19 i
642 317 47 20 1866
705 317 31 19 års
751 318 43 18 stat.

224 489 176 26 Lönetillökning
411 489 33 20 för
455 488 105 21 särskilda
568 487 208 33 provincialläkare,
773 483 8 41 |

254 517 66 26 enligt
339 517 119 28 Kejserliga
478 517 105 20 Senatens
598 516 69 21 beslut
683 516 41 19 den
740 515 37 28 19;

254 545 117 22 December
385 546 56 21 1865
480 562 3 3 =
516 561 3 4 so
550 561 4 4 so
586 561 3 4 so
621 561 4 3 oe
657 560 38 4 ecco
727 559 4 4 oc
763 546 14 29 |

226 574 80 27 Bidrag
321 574 33 20 till
368 574 114 21 afönande
497 573 24 21 af
535 580 25 14 en
576 573 80 21 vikarie
669 571 34 21 för
713 571 64 20 Rek-|

255 605 34 18 tor
303 602 69 21 Aulén
387 603 36 20 vid
433 603 59 26 lägre
504 600 192 23 elementarskolan
707 600 5 20 i
722 599 46 21 Kri-

256 631 111 24 stinestad,
387 631 67 26 enligt
473 630 118 27 Kejserliga
611 629 104 21 Senatens
734 628 34 20 be-

256 659 42 20 slut
314 658 24 21 af
351 660 41 19 den
407 660 26 20 21
450 658 118 28 December
584 658 54 21 1865
660 673 1 4 .
693 673 3 3 .
729 672 3 4 .
764 665 15 14 I

211 701 1 8 |
226 687 224 28 Landssekreteraren
470 687 7 20 i
496 686 45 22 Åbo
558 686 76 25 Geitel,
651 685 128 30 ersättning
773 681 11 38 |

212 717 1 10 |
256 716 34 20 för
305 715 211 27 sportelminskning,
527 715 67 27 enligt
604 714 119 27 Kejserliga
733 713 36 21 Se-

255 746 77 18 natens
346 743 70 21 beslut
432 745 41 19 den
488 744 28 20 16
531 743 90 21 Januari
635 743 56 20 1866
777 743 2 3 |

212 788 1 16 |
227 773 83 20 Arvode
325 772 34 20 för
374 779 25 14 en
410 772 68 27 fjerde
490 772 113 27 duplikant
613 771 36 21 vid
659 771 58 26 lägre
729 770 40 21 ele-

212 805 1 8 |
238 794 14 37 —
256 800 160 21 mentarskolan
432 801 7 20 i
455 800 90 27 Kuopio,
564 800 66 26 enligt
651 798 118 28 Kejserliga

256 829 105 21 Senatens
376 829 70 21 beslut
462 830 41 20 den
519 830 26 20 18
561 828 90 22 Januari
664 828 69 22 1866
721 824 15 37 .

227 858 43 20 För
286 857 113 21 underhäll
414 858 24 20 af
451 864 27 14 en
493 857 172 27 postexpedition
676 857 6 20 i
693 856 76 21 Marie-

232 904 8 5 .
256 886 72 25 hamn,
352 886 65 27 enligt
440 886 119 27 Kejserliga
578 886 103 21 Senatens
700 880 59 43 beslut
774 886 5 33 |

257 916 42 19 den
315 915 27 21 30
358 914 90 22 Januari
463 915 56 21 1866
551 932 4 3 .
587 931 3 4 .
622 931 3 3 <
657 931 4 3 <
693 930 3 4 <
728 930 4 3 <
763 921 16 18 sj

228 942 249 22 Underhällskostnaden
492 943 34 21 för
541 943 105 21 särskilda
661 950 42 20 nya
715 940 64 26 rem-|

255 978 65 19 mare,
332 972 66 27 enligt
408 972 119 27 Kejserliga
537 972 104 21 Senatens
650 971 69 21 beslut
728 972 40 19 den

256 1000 12 20 1
288 1000 100 21 Februari
408 1000 51 22 1866
486 1018 1 3 2
516 1017 3 4 .
551 1018 4 3 <
587 1017 3 4 so
693 1016 74 4 e.

228 1028 42 21 För
284 1028 88 28 uppköp
390 1029 39 21 och
445 1029 109 27 huggning
569 1029 24 21 af
606 1029 40 21 ved
661 1028 32 21 till
708 1034 59 24 gym-

256 1058 80 19 nasiets
352 1057 40 20 och
406 1058 66 26 högre
488 1057 203 21 elementarskolans
706 1058 7 19 i
723 1057 46 22 Åbo

256 1085 196 28 gymnastik-loka!,
464 1086 66 27 enligt
537 1085 118 28 Kejserliga
663 1085 104 22 Senatens

256 1113 70 21 beslut
342 1114 24 21 af
378 1115 42 19 den
435 1115 26 20 15
477 1114 104 21 Februari
595 1114 56 20 1866
693 1130 3 4 .
729 1131 3 4 .
764 1131 3 3 .

228 1142 108 21 Särskilde
352 1142 193 28 häradshöfdingar
555 1143 68 20 under
633 1136 45 27 Äbo
688 1142 81 21 hofrätt

255 1170 77 27 tillagd
347 1171 162 27 skrifvarehjelp
525 1171 33 21 för
572 1171 71 20 finska
653 1171 116 27 expeditio-

256 1205 45 19 ner,
318 1199 66 26 enligt
399 1199 119 28 Kejserliga
533 1199 104 21 Senatens
648 1199 69 21 beslut
728 1198 51 31 den
772 1194 10 39 |

256 1228 13 19 7
284 1227 103 21 Februari
402 1228 56 21 4866
481 1245 4 3 ;
517 1245 4 4 J
552 1245 3 3 <
589 1245 2 3 <
623 1244 109 5 le
763 1230 16 23 at

228 1255 108 28 Särskilde
358 1256 130 25 tjenstemän
510 1257 36 19 vid
565 1256 176 25 länestyrelserne
762 1257 6 19 i

253 1277 49 26 Åbo
313 1283 39 20 och
362 1283 106 26 Uleåborg
478 1283 76 26 tillagd
565 1283 162 28 skrifvarehjelp
734 1283 35 21 för

255 1310 71 21 finska
344 1311 153 26 expeditioner,
515 1311 68 26 enligt
598 1311 119 27 Kejserliga
733 1312 35 21 Se-

256 1341 76 18 natens
347 1339 70 21 beslut
432 1340 41 20 den
489 1340 13 20 7
517 1339 103 21 Februari
635 1340 55 21 1866
763 1356 4 5 «

227 1367 139 27 Hyresmedel
384 1367 34 21 för
437 1369 69 20 andra
519 1368 126 21 lärarinnan
659 1369 36 20 vid
710 1369 57 20 frun-

255 1395 172 22 timmersskolan
447 1397 7 20 i
474 1397 113 26 Uleäborg,
603 1397 66 26 enligt
684 1397 84 28 Kejser-

254 1424 44 27 liga
318 1424 104 22 Senatens
440 1425 70 21 beslut
529 1425 24 21 af
571 1426 40 20 den
633 1427 25 19 17
678 1426 90 21 Januari

256 1454 55 21 1866
336 1470 4 4 s
372 1471 4 3 =
408 1471 4 3 I
443 1471 4 3 4
479 1471 3 3 m
514 1471 3 3 +
550 1471 74 4 mau
763 1471 4 4 5

650 1495 119 27 Transport
778 1499 1 6 |

828 383 68 18 Silfver.

814 458 54 17 Mark.
924 464 16 15 Pp.

826 543 65 23 3,500
903 539 16 35 |
921 555 26 2 —

849 657 43 22 3

920 668 26 3 |

827 743 65 25 1,600
907 739 10 35 |
920 754 26 3 —

828 828 64 26 1,000
906 817 1 38 |
920 841 26 3 —

848 1455 55 27 300
903 1441 9 45 |
918 1466 27 5 —

812 1495 79 25 19,560
918 1495 27 20 16
