1028 1714
787 160 41 21 177

180 227 103 27 Slutligen
299 227 61 20 utber
375 227 31 26 sig
422 229 103 19 utskottet
540 231 31 18 att
588 228 21 20 få
624 228 84 21 vidröra
723 235 26 13 en
764 229 92 20 omstän-

111 261 79 26 dighet,
206 268 44 13 som
267 261 61 20 äfven
344 261 7 20 i
366 261 137 27 inledningen
518 262 32 19 till
562 262 186 20 finansrelationen
761 263 95 25 antydes,

111 295 39 20 och
166 295 76 20 hvaraf
255 294 105 21 utskottet
372 296 66 19 under
449 293 239 28 statsräkenskapernas
698 296 159 25 genomgående

112 328 118 27 flerfaldiga
244 329 81 26 gånger
341 328 87 21 kommit
444 329 6 20 i
465 329 126 24 erfarenhet,
604 329 104 27 nemlieen
720 329 128 27 olämplighe

111 365 36 18 ten
168 363 39 21 och
222 363 126 21 oklarheten
364 363 24 21 af
400 364 36 19 det
452 365 83 25 system,
552 370 44 14 som
612 363 66 27 ligger
694 363 31 20 till
741 364 69 25 grund
825 363 33 20 för

111 396 70 22 finska
199 400 83 18 statens
302 397 230 27 räkenskapsväsende.
564 397 45 21 Den
625 397 178 27 öfverskädlighet
819 397 38 20 och

112 432 41 19 den
172 431 76 21 lätthet
268 434 32 18 att
317 431 139 21 närsomhelst
471 432 97 27 uppgöra
584 433 30 19 ett
630 433 120 25 noggrannt
764 431 93 25 bokslut,

111 472 45 14 som
175 465 174 28 räkenskaperna
367 465 58 22 öfver
443 468 81 19 statens
544 465 75 22 liksom
635 465 57 21 öfver
708 465 105 21 enskildes
828 465 31 21 af-

110 500 57 21 färer
183 500 65 21 borde
264 499 96 27 erbjuda,
376 500 77 20 saknas
468 499 134 27 fullkomligt,
618 499 86 27 sälänge
719 499 139 27 bokföringen

112 533 49 22 sker
175 534 53 21 efter
244 535 40 20 den
301 533 128 26 nugällande
443 535 105 20 metoden.
575 533 108 21 Utskottet
694 540 62 14 anser
767 535 35 19 det
813 534 45 19 der-

111 568 45 20 före
172 567 92 22 särdeles
280 567 123 25 önskvärdt,
419 570 30 18 att
465 575 26 13 en
508 567 89 21 rationel
613 567 76 21 reform
700 568 5 19 i
718 567 140 26 räkenskaps-

111 601 104 27 föringen,
230 601 87 21 hvartill
332 602 99 24 ätgärder
447 603 65 19 redan
528 603 37 19 äro
578 602 102 25 vidtagna
694 602 7 19 i
716 602 23 20 sä
750 603 66 19 mätto
827 606 31 15 att

112 636 127 20 alternativa
260 635 79 27 förslag
362 635 23 21 af
404 643 27 13 en
449 635 78 21 komitö
548 635 33 21 för
598 636 122 20 ändamålet
741 636 117 26 uppgjorts,

112 671 66 19 mätte
194 670 23 20 sä
232 672 59 18 snart
307 676 45 14 som
367 670 82 27 möjligt
464 670 85 21 komma
564 669 33 21 till
612 670 67 20 ständ.

181 710 137 26 Helsingfors,
334 711 41 20 den
391 711 27 19 27
434 710 59 27 April
508 711 61 19 1867.

771 1499 21 16 12
