1020 1714
234 163 26 21 12

205 230 97 21 fördelad
317 230 29 27 pä
361 230 67 26 nägra
442 228 23 22 fä
479 228 88 26 händer,
582 228 45 28 ithy
642 230 32 19 att
688 228 36 21 nio
735 228 116 21 afskedade
861 228 90 22 embets-

204 264 41 22 och
260 264 129 28 tjenstemän
406 263 85 27 åtnjuta
506 263 140 21 tillsammans
667 262 77 25 78,056
766 262 61 22 mark
849 262 39 22 och
909 262 43 22 fem

206 298 142 22 embetsmäns
364 297 97 21 sterbhus
477 297 141 21 tillsammans
632 297 77 25 25,428
723 296 62 22 mark
799 304 34 14 om
849 297 51 21 året.

275 332 169 25 Statsutskottet,
461 339 45 14 som
520 331 122 27 visserligen
656 331 59 21 inser
726 333 31 19 att
768 332 81 20 sädana
859 333 92 20 omstän-

206 367 97 28 digheter
316 366 76 21 kunna
406 366 68 22 förete
489 366 38 27 sig,
543 368 32 20 att
589 365 74 27 anslag
678 366 24 21 af
714 366 139 21 omförmälde
868 366 84 22 beskaf-

205 402 74 21 fenhet
293 401 47 21 icke
355 400 74 21 kunna
443 400 110 26 undvikas,
572 400 39 21 har
632 399 66 22 likväl
720 400 24 21 sä
764 400 85 28 mycket
869 401 84 21 mindre

206 438 72 20 ansett
294 434 112 28 samteliga
420 436 26 20 de
461 442 30 14 nu
505 434 162 28 ifrägavarande
682 434 103 28 anslagen
799 442 52 14 vara
865 435 24 21 af
901 436 52 21 nöd-

206 470 143 27 vändigheten
364 468 115 28 päkallade
494 468 39 22 och
547 468 108 22 ländande
670 469 33 21 till
716 469 84 21 landets
822 476 63 20 gagn,
907 476 46 15 som

206 504 50 22 flere
271 504 24 21 af
308 504 26 20 de
349 503 116 21 afskedade
481 503 90 21 embets-
586 502 40 22 och
640 503 130 27 tjenstemän
783 505 55 19 samt
848 503 104 26 sterbhus,

204 538 73 22 hvilka
292 537 72 28 dylika
378 540 61 18 extra
453 537 75 27 anslag
543 536 62 22 äfven
621 537 33 21 till
669 537 65 27 högre
756 537 78 27 belopp
857 538 96 26 tillfallit,

206 572 65 27 enligt
286 572 56 21 hvad
356 571 68 21 kändt
439 572 30 25 är,
484 570 47 22 icke
547 570 97 22 befunnit
660 571 32 27 sig
710 571 32 21 uti
763 571 117 27 tryckande
904 572 49 21 eko-

206 606 97 22 nomiska
318 606 188 26 omständigheter,
521 607 53 19 utan
589 605 88 22 fastmer
693 607 36 25 ägt
740 606 83 21 enskild
833 606 119 28 förmögen-

203 641 37 21 het
264 642 54 20 samt
341 640 91 21 sålunda
453 639 47 21 icke
521 640 56 22 varit
592 640 81 21 deraf
668 635 12 34 i
688 640 74 25 behof;
785 640 86 22 hvartill
894 642 59 20 ännu

203 675 96 21 kommer
313 676 33 20 att
362 674 106 27 åtskillige
483 674 24 21 af
519 671 31 24 de
564 674 154 28 pensionerade
737 681 130 21 personerne
884 676 69 20 under

204 709 68 22 åratal
287 709 75 21 vistats
377 711 59 19 utom
451 709 74 21 landet
541 709 39 21 och
598 708 65 22 likväl
681 708 103 23 förblifvit
798 710 7 20 i
820 709 132 22 fortfarande

204 744 126 28 åtnjutande
346 744 24 20 af
383 744 26 20 de
424 743 105 27 beviljade
545 744 151 20 understöden.

272 778 104 21 Särskildt
391 784 62 14 anser
469 777 165 21 Statsutskottet
656 778 32 26 sig
710 777 52 22 böra
785 779 108 21 vördsamt
915 784 38 15 an-

202 812 64 25 mäla,
281 809 37 24 att
329 819 27 13 en
371 812 6 20 i
392 812 84 20 landets
490 812 66 27 tjenst
567 812 95 21 varande
672 818 78 20 person
763 812 24 21 af
795 812 81 21 Finska
886 812 67 21 Stats-

202 846 85 21 medlen
302 846 84 27 uppbär
401 852 27 14 en
443 846 56 26 årlig
513 846 90 27 pension
618 845 24 21 af
654 846 64 25 4,000
732 846 62 21 mark
813 846 35 21 för
869 854 27 13 en
917 846 36 21 be-

202 879 102 28 fattning,
319 881 42 19 den
375 880 43 20 han
433 879 45 21 före
493 880 94 21 inträdet
602 880 7 20 i
624 879 67 21 Finsk
706 880 84 27 tjensti
800 880 105 28 Ryssland
920 880 32 21 in-

202 914 83 26 nehaft,
299 914 111 22 hvaremot
426 914 71 26 någon
511 914 136 27 reciprocitet
661 914 8 20 i
687 914 59 22 detta
765 914 123 22 hänseende
905 914 47 22 icke

202 955 63 21 synes
280 948 47 22 frän
342 948 172 27 Kejsaredömets
529 948 47 21 sida
596 948 116 27 iakttagas,
735 950 89 20 emedan
847 950 37 21 tvä
904 948 49 31 frän

202 982 67 22 Finsk
284 983 65 27 tjenst
364 982 107 27 afgängne
487 982 39 22 och
541 989 89 14 numera
645 982 31 21 uti
690 982 59 28 Rysk
764 984 66 26 tjenst
845 983 106 23 anställde

202 1017 132 22 embetsmän
348 1016 133 22 fortfarande
496 1017 25 21 af
532 1016 80 22 Finska
632 1016 144 23 Statsmedlen
798 1018 98 27 uppbära
919 1019 32 21 är-

202 1052 43 27 liga
260 1051 114 28 pensioner
388 1052 49 20 med
451 1051 141 21 tillsammans
609 1052 76 24 14,000
700 1052 67 21 mark.

271 1086 42 21 För
328 1086 64 26 öfrigt
406 1085 39 22 har
461 1085 163 22 Statsutskottet
639 1085 63 22 bordt
725 1088 108 20 vördsamt
856 1086 95 28 tillägga,

202 1122 32 20 att
250 1120 148 28 specifikation
413 1120 13 21 ä
441 1120 111 26 samteliga
570 1119 200 23 ofvanomförmälta
789 1120 74 28 anslag
882 1121 71 22 finnes

201 1154 100 22 förvarad
314 1154 67 21 bland
397 1154 119 22 Utskottets
533 1154 133 27 handlingar.
