1061 1717
216 156 14 19 2

190 221 35 21 vid
240 222 57 20 årets
315 220 49 26 slut,
382 221 40 21 och
442 222 24 20 är
484 221 70 21 denna
569 221 76 21 anförd
660 221 7 20 i
681 221 145 27 nyssnämnda
841 221 88 28 Kalkyl,

190 255 110 21 äfvensom
314 255 7 20 i
336 254 40 21 den
394 254 126 22 meddelade
537 256 140 26 Jemförelsen
693 256 79 20 mellan
787 256 57 20 allm.
863 254 67 21 Stats-

186 290 96 26 fondens
297 289 106 27 ställning
418 290 121 20 1858—62.

259 323 39 21 4:0.
328 322 41 20 Till
385 322 123 27 jemförelse
522 322 108 22 meddelas
647 322 133 21 Summarisk
796 322 87 28 uppgift
898 322 33 21 öf-

190 364 36 14 ver
248 356 147 22 statsinkomst
414 357 39 21 och
471 357 65 27 utgift
553 357 50 21 från
623 356 40 21 och
681 356 47 21 med
744 356 61 26 1811,
821 356 109 21 äfvensom

190 392 59 20 öfver
264 390 106 22 särskilda
385 391 162 21 extraordinära
560 390 89 28 utgifter
664 390 33 21 för
713 397 82 14 samma
810 390 103 27 period").

258 426 34 20 Då
310 432 75 20 genom
405 426 54 19 1840
478 425 116 21 förändrad
612 424 168 27 tullagstiftoing
796 424 135 21 statsinkom-

190 461 73 20 sterna
281 459 133 21 fortfarande
431 459 104 28 betydligt
550 459 65 27 stigit,
631 458 111 27 medföljer
758 465 26 14 en
798 458 60 21 tablå
874 459 58 20 öfver

191 492 137 22 tullmedlens
350 492 78 27 belopp
450 493 49 20 från
519 493 52 20 1841
592 494 14 19 t.
625 499 19 14 o.
659 499 27 13 m.
702 493 61 24 1860,
780 492 108 21 äfvensom
904 499 25 14 en

191 534 77 24 annan,
284 527 111 21 utvisande
410 527 141 27 tillökningen
565 527 8 20 i
588 527 117 27 utgifterna
720 526 34 21 för
769 526 106 21 särskilda
887 526 47 21 lan-

192 561 46 22 dets
253 561 87 27 andliga
355 561 39 21 och
409 561 111 22 materiela
534 561 74 21 kultur
622 561 130 21 tillhörande
767 560 107 21 ändamäl.

261 630 19 23 +)
303 631 9 16 I
326 631 56 16 denna
400 631 48 16 tablå
464 630 100 17 observeras
579 630 115 19 Statsverkets
712 629 74 18 tillskott
803 629 27 18 för
847 629 83 18 H:fors—

193 659 55 17 T:hus
258 659 73 22 jernväg
343 659 59 17 endast
414 659 24 17 till
453 660 43 16 1860
508 659 27 17 års
547 659 65 22 utgång
623 658 40 17 med
673 659 73 21 150,000
754 658 55 17 rubel.
833 658 45 17 Hela
886 658 47 17 kost-

192 688 57 17 naden
265 687 27 18 för
308 687 56 18 denna
373 687 79 22 jernväg,
467 687 116 18 inberäknadt
599 687 155 21 trafikkostnaden,
768 692 43 12 men
822 687 40 16 med
874 686 60 22 afdrag

194 716 20 17 af
222 716 72 17 influtne
310 716 75 22 afgifter,
404 718 51 20 utgör
472 716 27 24 till
517 717 42 16 1862
577 716 27 17 års
621 716 66 21 utgång
703 715 92 21 3,676,798
809 715 38 17 rub.
862 713 10 18 9
883 715 50 22 kop.,

193 745 69 16 hvartill
273 745 85 17 användts
370 745 98 22 upplänade
479 745 56 17 medel
546 745 27 17 till
585 747 24 15 ett
620 745 65 22 belopp
697 744 19 17 af
727 745 93 21 3,021,000
833 744 49 17 rubel
891 745 44 16 samt

194 773 99 17 återstoden
306 773 39 17 med
358 773 75 22 655,798
445 774 37 17 rub.
496 775 10 15 9
517 774 41 21 kop.
572 773 98 22 tillskjutits
681 773 20 17 af
711 773 113 17 Statsverket.
