1025 1714
234 152 40 20 146

206 219 57 20 flutit
285 218 8 20 i
313 218 206 20 Landtränterierne
541 218 8 20 i
568 216 160 22 bränvinsskatt
748 218 30 19 ett
798 216 157 26 sammanlagdt

206 253 78 27 belopp
300 252 24 21 af
339 252 91 25 531,229
446 251 61 21 mark
522 252 27 20 85
565 251 72 27 penni.

274 287 97 20 Emedan
387 287 41 19 den
444 286 90 20 sälunda
543 285 92 21 influtna
649 285 306 26 bränvinsbränningsskatten

207 321 47 21 icke
276 321 135 20 motsvarade
434 326 38 14 ens
494 321 42 19 den
558 318 119 27 ersättning
697 318 23 21 af
740 319 92 25 660,000
846 318 62 21 mark
923 318 32 22 till

208 354 127 22 statsverket
350 354 34 20 för
399 354 36 20 det
449 352 59 22 förra
522 352 209 25 bränvinsarrendet,
747 360 45 13 som
801 353 24 20 af
830 354 125 21 densamma

207 389 67 27 enligt
296 388 158 21 ofvannämnde
469 386 126 27 förordning
610 386 74 20 främst
699 386 65 21 borde
779 388 58 24 utgä,
853 388 24 20 sä
892 388 64 21 hafva

207 424 55 20 ifrån
277 423 66 26 sagde
358 422 58 20 skatt
431 420 47 22 icke
492 420 84 21 kunnat
595 420 107 21 utbetalas
718 421 25 20 de
758 421 75 27 anslag
848 421 34 21 till
896 422 59 20 kom-

207 463 109 18 munerne,
340 462 45 15 som
408 455 94 21 derifrän
526 456 49 20 näst
597 455 54 20 efter
665 454 139 22 statsverkets
819 455 90 21 berörde
925 463 31 13 er-

208 491 95 26 sättning
325 490 66 20 borde
414 489 103 27 erläggas,
539 502 26 2 —
587 489 39 21 och
641 490 59 19 ännu
715 489 83 21 mindre
812 489 145 22 kostnaderne

207 525 33 21 för
255 524 122 21 kontrollen
392 523 59 21 öfver
465 522 153 22 brännerierne
634 523 39 21 och
688 522 34 21 för
733 523 83 21 inlösen
830 524 24 20 af
863 525 25 19 de
899 524 58 20 förra

207 557 348 27 bränvinsbränningsredskapen,
577 556 73 22 hvilka
671 557 117 21 kostnader
806 558 47 20 åter
868 559 37 19 äro
920 558 36 21 be-

207 594 84 20 stämda
306 594 31 19 att
352 592 54 21 först
422 591 54 21 efter
490 591 103 27 anslagen
608 591 33 21 till
656 591 154 21 kommunerne
827 592 56 21 ifrån
894 592 62 21 brän-

207 626 252 27 vinsbränningsskatten
474 626 58 26 utgå.

275 660 133 22 Statsverket
430 666 38 14 var
484 659 83 21 således
589 659 121 21 nödsakadt
732 662 32 18 att
779 660 106 28 förskjuta
899 661 58 21 kost-

207 696 95 20 naderne
317 694 34 21 för
365 694 128 20 kontrollen.
522 694 11 20 I
548 694 77 20 sådant
641 694 101 20 afseende
752 696 24 19 är
786 695 108 21 utbetaldt
904 696 7 20 i
923 703 33 13 ar-

209 730 68 20 voden
287 728 33 21 till
329 728 246 22 bränvinskontrollörer
585 730 54 18 samt
650 728 33 20 till
693 730 62 20 extra
764 729 106 26 länsmän,
882 730 74 22 hvilka

207 764 133 20 sistnämnde
355 762 69 22 blifvit
440 762 107 21 anställda
557 762 34 20 för
601 764 32 18 att
643 762 133 22 förekomma
788 763 169 27 lönnbränning,

186 800 2 2 *
208 804 26 14 en
249 799 163 24 sammantagen
428 803 81 13 summa
524 795 25 21 af
561 797 76 23 25,655
653 796 62 20 mark
729 797 27 20 15
772 798 71 26 penni.

275 831 63 21 Hvad
361 831 45 20 åter
428 830 83 20 inlösen
527 830 24 20 af
563 829 342 30 bränvinsbränningsredskapen
920 832 36 21 be-

206 865 81 25 träffar,
309 864 34 21 för
365 864 73 21 hvilka
459 864 101 27 beloppet
583 863 116 22 beräknats
714 864 33 21 till
762 865 64 21 minst
841 866 114 25 1,163,455

208 900 21 20 4.
252 899 85 27 koppar
359 898 40 21 och
421 898 104 20 förlusten
547 898 36 21 vid
597 897 163 28 försäljningen,
775 899 8 21 i
798 901 107 20 anseende
922 901 33 20 till

207 935 35 19 det
260 934 57 26 höga
331 932 187 27 inlösningspriset
533 932 24 20 af
569 932 12 20 1
598 932 61 20 mark
674 934 28 20 60
716 933 66 27 penni
797 940 39 20 per
851 934 32 26 %.,
899 942 55 20 upp-

206 968 92 20 skattats
321 966 33 21 till
376 967 13 20 1
412 966 62 21 mark
495 972 39 21 per
557 966 23 20 %.
599 966 52 20 eller
665 967 113 25 1,163,455
793 968 68 25 mark,
878 970 23 19 sä
916 969 40 20 har

205 1002 36 20 vid
256 1001 92 21 anförda
362 1000 149 21 förhållanden
526 1000 72 26 någon
613 1000 80 20 allmän
707 1000 83 22 inlösen
806 1002 24 20 af
846 1003 110 21 desamma

205 1036 47 20 icke
274 1035 85 20 kunnat
381 1034 86 21 komma
489 1034 75 26 ifråga.
594 1034 49 20 Men
665 1034 35 21 för
718 1037 33 19 att
766 1035 111 27 bispringa
893 1038 25 19 de
935 1037 23 21 af

204 1070 130 26 föregående
350 1069 62 20 årens
427 1069 125 21 missvexter
569 1068 87 21 lidande
665 1069 103 21 invånare
778 1070 7 20 i
795 1070 85 21 landets
891 1078 64 14 norra

205 1104 40 20 och
267 1104 59 20 östra
339 1102 44 26 län,
399 1104 55 19 samt
469 1103 7 20 i
492 1110 26 13 en
534 1102 35 21 del
584 1102 24 20 af
620 1096 46 27 Åbo
681 1103 43 25 län,
740 1103 40 21 har
795 1104 59 20 Hans
870 1104 85 27 Kejser-

204 1138 43 26 liga
261 1137 102 27 Majestät
378 1136 80 26 tillåtit,
474 1138 32 19 att
521 1136 313 29 bränvinsbränningsredskap
850 1138 56 27 finge
922 1139 37 21 till'

204 1171 87 21 anfördt
313 1170 45 27 pris
372 1172 107 24 mottagas
493 1170 8 20 i
515 1170 67 27 liqvid
601 1170 25 21 af
639 1171 25 20 de
680 1171 251 27 lägenhetsinnehafvare
947 1174 7 20 i

204 1205 104 26 Wiborgs,
325 1204 31 21 S:t
371 1204 95 25 Michels,
482 1204 90 27 Kuopio,
590 1204 63 21 Wasa
668 1205 40 20 och
723 1205 117 28 Uleåborgs
850 1207 37 20 län
899 1210 54 18 samt

204 1239 126 20 Satakunda
345 1237 92 22 öfredels
451 1238 69 21 härad
534 1238 8 20 i
556 1233 46 26 Åbo
617 1238 43 25 län,
676 1239 72 21 hvilka
763 1239 87 22 häftade
862 1240 33 21 för
903 1241 50 21 obe-

203 1273 53 20 talte
278 1271 155 27 kronoutlagor
452 1271 52 21 eller
519 1271 62 21 skuld
596 1271 33 21 till
643 1271 85 22 kronan
742 1273 34 20 för
791 1275 161 26 undsättnings-

203 1306 42 26 lån,
261 1307 27 19 de
303 1307 38 19 der
355 1305 45 21 före
416 1306 41 20 den
472 1306 12 19 1
500 1305 91 21 Januari
605 1306 56 21 1866
676 1306 34 20 till
724 1306 110 29 betalning
844 1309 56 20 varit
910 1309 42 21 för-

203 1340 68 22 fallna
292 1339 40 22 och
354 1339 33 21 till
408 1339 85 22 hvilkas
510 1339 148 28 liqviderande
673 1341 29 26 på
717 1341 61 21 detta
792 1343 46 20 sätt
850 1343 101 26 gäldenä-

202 1381 62 15 rerne
287 1373 113 28 samtyckt,
422 1373 113 23 hvarutom
558 1375 58 27 dylik
637 1375 100 28 redskap,
758 1376 129 23 tillhörande
903 1379 48 21 de
936 1369 18 38 i

202 1409 81 27 verklig
298 1409 44 20 nöd
357 1409 75 20 stadde
446 1409 251 27 lägenhetsinnehafvare
712 1410 8 21 i
734 1410 90 28 Kuopio,
836 1411 64 22 Wasa
911 1413 40 21 och

202 1443 117 27 Uleåborgs
334 1443 43 25 län,
393 1450 45 13 som
453 1444 68 20 under
536 1445 84 20 senaste
636 1445 47 20 dem
698 1445 109 27 medgifna
822 1445 127 30 brännings-

201 1478 77 21 termin
293 1477 48 21 icke
356 1477 108 22 tillverkat
479 1477 96 26 bränvin,
592 1478 68 21 skulle
674 1481 54 19 utan
745 1480 73 21 vidare
828 1481 25 20 af
861 1481 88 22 Kronan
