1023 1711
763 158 28 19 59

76 224 68 20 hållas
164 224 92 26 hemliga
271 224 40 20 och
326 224 73 21 hvilka
414 224 83 21 derföre
512 226 58 18 ännu
585 224 47 21 icke
647 224 73 20 kunna
735 225 85 20 medde-

76 256 37 21 las.
143 256 29 21 Af
188 257 163 26 ifrågavarande
366 258 91 20 statslån
472 258 40 20 har
526 256 33 22 för
575 258 138 20 statsverkets
729 258 91 26 räkning

76 290 57 20 inom
148 290 74 21 landet
236 290 87 21 försälts
338 290 141 27 obligationer
494 291 33 20 till
542 292 31 19 ett
587 291 78 27 belopp
676 291 25 20 af
710 291 110 25 1,151,793

76 323 44 21 rub.
145 325 26 19 55
193 324 57 27 kop.,
275 324 34 21 för
330 324 217 27 spanmälsimporten
569 324 90 21 sistlidet
681 325 24 20 är
727 325 94 20 anvisats

77 357 112 26 1,200,000
206 358 53 25 ruh.,
278 360 55 19 samt
351 359 123 20 återstoden
494 359 105 20 användts
620 358 33 21 för
667 360 32 19 att
713 358 109 21 förstärka

75 391 211 27 hypotheksfondens
311 391 121 22 metalliska
456 392 121 27 tillgångar,
599 393 24 20 sä
644 394 33 19 att
701 392 121 28 amortisse-

76 425 149 21 mentsfonden
240 426 96 21 häremot
351 425 41 22 fätt
408 428 109 25 emottaga
531 425 134 28 godtgörelse
675 426 7 20 i
692 426 129 27 hypotheks-

76 459 90 22 fondens
181 460 76 21 sedlar.

144 493 43 22 För
206 495 32 19 att
257 493 116 22 verkställa
390 494 157 27 indragningen
565 493 23 21 af
601 493 138 22 statsverkets
754 494 67 21 utelö-

76 529 70 26 pande
165 527 141 28 obligationer
322 529 108 26 uppsades
450 528 67 25 deraf,
536 529 28 26 pä
585 529 42 20 sätt
642 528 83 27 Nädiga
740 528 81 27 kungö-

76 562 69 20 relsen
163 562 24 20 af
204 563 41 19 den
263 563 28 19 20
310 562 90 20 Januari
419 563 54 19 1863
489 562 86 25 utvisar,
591 563 26 19 de
632 563 49 19 med
695 563 49 26 49,
760 564 63 19 ränta

76 596 29 26 pä
124 596 62 20 ränta
205 596 93 26 löpande
317 596 33 20 till
364 596 82 20 inlösen
462 596 42 20 den
521 597 10 19 1
548 595 57 26 Juni,
623 596 9 20 1
649 596 91 26 Augusti
755 596 39 20 och
812 597 8 20 1

77 630 125 26 September
215 630 145 21 innevarande
371 630 30 25 är,
412 630 36 21 vid
458 630 73 21 hvilka
540 629 126 27 tidpunkter
676 630 146 27 beräkningen

77 664 24 20 af
114 665 63 19 ränta
192 664 13 20 å
220 664 49 20 dem
284 663 66 21 borde
365 663 105 27 upphöra,
485 664 111 21 hvaremot
607 664 70 26 någon
688 664 136 28 uppsägning

78 699 59 19 ännu
152 698 47 21 icke
216 698 56 21 skett
288 698 24 21 af
325 698 26 20 de
366 698 49 20 med
430 698 41 27 3?/;
480 698 27 27 ?/,
523 698 63 20 enkel
597 699 62 20 ränta
669 698 93 27 löpande
772 698 52 21 obli-

78 732 132 27 gationerna.
240 732 77 21 Likväl
335 732 39 21 har
392 733 42 19 den
448 732 109 20 föreskrift
573 732 69 21 blifvit
656 732 120 25 meddelad,
792 735 32 18 att

79 767 62 20 dessa
156 766 132 21 sistnämnde
303 765 47 22 icke
364 765 57 28 finge
436 765 56 22 ifrån
506 766 99 21 Kronans
620 765 74 22 kassor
709 767 73 20 vidare
792 769 32 18 ut-

78 801 76 27 gifvas,
170 803 52 18 utan
238 801 72 24 borde,
326 800 7 21 i
348 801 42 20 den
405 807 50 14 mon
471 801 26 20 de
511 800 82 27 inflyta,
609 801 77 26 dragas
701 808 26 13 ur
737 801 88 21 allmän-

79 842 29 13 na
122 834 100 21 rörelsen.

146 868 50 21 Med
210 869 65 26 sagde
290 868 39 21 hos
339 868 145 20 Bankirhuset
494 868 32 21 M.
538 868 27 20 A.
577 876 39 13 von
625 868 125 22 Rothschild
759 869 20 20 &
789 868 36 22 Sö-

80 910 38 14 ner
132 904 113 26 upptagna
260 902 40 21 och
315 902 33 20 till
362 902 262 21 amortissementsfonden
634 902 91 21 influtna
735 902 91 21 statslän

79 937 39 21 har
138 937 83 21 inlösen
239 936 57 21 skett
314 936 24 21 af
354 936 138 21 statsverkets
513 935 126 21 förbemälte
657 936 147 27 obligationer,
820 936 7 20 i

80 972 41 20 den
144 978 50 13 mon
215 972 26 20 de
259 970 7 21 i
286 970 265 21 amortissementsfonden
571 972 150 24 presenterats.
754 970 72 26 Enligt

79 1004 239 22 Banko-Direktionens
334 1004 119 21 aflemnade
468 1004 86 26 uppgift
569 1010 50 15 voro
635 1004 90 21 oinlöste

304 1049 48 21 Den
369 1051 11 19 1
398 1048 125 28 September
540 1049 60 21 1863.

148 1089 100 21 Inhemsk
264 1088 123 28 uppsägbar
402 1088 71 22 skuld:

82 1124 61 24 1840,
160 1125 54 20 1855
230 1124 40 20 och
286 1124 54 20 1856
357 1123 34 20 års
406 1122 36 21 län
457 1123 13 20 a
484 1124 14 19 4
506 1124 27 25 %,

194 1157 88 27 Kapital
317 1173 4 4 .
352 1173 4 4 .
388 1173 4 4 .
422 1157 102 25 375,200:
542 1169 25 2 —

195 1191 71 21 Ränta
318 1207 4 4 =.
354 1207 4 4 .
389 1207 4 4 .
438 1191 87 25 76,406:
541 1191 33 20 72.
611 1196 100 25 451606:
727 1196 33 20 72.

84 1231 54 20 1844
154 1231 40 21 och
210 1231 54 21 1858
280 1232 35 20 års
330 1231 36 20 län
382 1231 12 21 &
410 1231 40 27 33/;
460 1231 28 26 %

196 1265 87 26 Kapital
315 1282 3 4 .
350 1281 4 4 .
385 1281 4 4 .
420 1264 100 26 584,950:
538 1277 25 2 —

195 1299 71 20 Ränta
314 1315 4 4 .
350 1315 4 4 .
385 1315 4 4 .
435 1298 134 25 12,285:95.
613 1302 101 25 597235:
731 1302 33 20 95.

419 1343 87 20 Summa
521 1342 54 20 Rub.
592 1341 121 24 1,048,842:
729 1342 26 18 67
771 1341 50 26 kop.

84 1377 32 21 till
139 1377 147 27 ligviderande
305 1375 77 21 hvaraf
402 1376 120 20 amortisse-

128 1410 150 22 mentsfonden
294 1410 13 20 ä
322 1410 36 20 det
376 1416 78 20 genom
468 1409 56 21 Ban-

127 1445 95 21 kirhuset
229 1443 134 26 Rothschild
372 1446 114 25 upptagna
495 1443 30 22 lä-

129 1482 37 19 net
181 1480 53 27 egde
250 1481 32 20 att
297 1478 69 28 tillgä:
