1034 1656
340 149 27 23 U.
382 149 26 22 B.
424 161 27 4 —
466 149 73 28 Prop.
554 149 42 22 N:o
613 149 35 22 27.
856 149 11 20 7

112 215 55 22 fens
206 214 163 29 nedsättning
407 215 147 22 emotsedda
590 214 97 29 ökning
724 215 25 21 af
784 213 84 23 trafik-

112 249 127 29 mängden
269 249 92 22 verkar
392 249 136 28 stegrande
559 249 76 22 äfven
662 249 33 28 på
722 249 145 28 utgifterna,

112 285 61 20 utan
201 285 36 20 att
261 283 48 22 den
332 283 122 22 kontanta
473 283 143 22 inkomsten
635 283 91 22 därvid
745 284 97 27 stegras
861 283 8 21 i

113 324 94 15 samma
235 317 157 23 förhållande
414 324 54 16 som
490 318 79 29 enligt
588 317 49 23 den
656 317 84 29 gamla
758 317 109 26 tariffen,

114 353 27 20 är
159 352 43 22 det
220 352 160 29 försigtigare
399 353 35 21 att
453 352 115 22 beräkna
586 352 139 29 utgifterna
744 351 35 22 till
798 351 34 23 70
842 349 27 27 %

114 387 25 21 af
165 387 50 22 den
244 387 39 22 för
309 387 89 28 hvarje
424 387 28 21 år
476 386 165 29 kalkylerade
660 386 207 23 inkomstsiffran.

113 421 48 22 För
181 421 28 22 år
229 421 75 26 1897,
324 421 147 22 hvarunder
490 421 231 29 tariffsänkningen
734 421 54 22 icke
802 421 67 22 ännu

114 455 109 29 antagits
251 457 84 27 stegra
362 455 213 30 trafikmängden,
598 455 47 22 bör
664 455 42 23 det
725 455 63 22 dock
807 461 61 16 vara

114 490 143 29 tillräckligt
276 491 35 21 att
329 490 113 22 beräkna
460 490 109 29 utgiften
588 490 37 22 till
643 490 33 22 65
696 487 35 28 %/.

182 525 86 28 Enligt
295 524 73 23 dessa
396 525 112 28 grunder
535 525 48 21 har
607 524 128 23 Utskottet
758 523 112 29 uppstält

114 559 174 29 efterföljande
324 559 311 29 rentabilitetsberäkning
670 559 39 22 för
744 559 125 28 ifrägava-

113 593 78 22 rande
211 594 34 21 år.
284 593 140 22 Anmärkas
443 593 47 22 bör
509 593 64 22 dock
592 593 63 22 först
674 595 36 20 att
728 593 39 22 för
788 592 82 23 enkel-

113 627 88 23 hetens
221 628 65 22 skull
305 628 75 22 äfven
398 628 32 22 de
448 634 52 22 nya
519 628 88 26 banor,
620 634 53 16 som
691 627 81 22 under
790 627 80 28 perio-

114 662 48 22 den
181 663 98 28 öppnas
297 662 40 22 för
355 663 109 21 trafiken
483 662 150 29 inbegripits
652 663 8 21 i
680 662 48 22 den
747 661 36 23 till
796 661 34 22 70
842 659 28 27 %

113 696 146 23 beräknade
295 697 192 28 =trafikutgiften,
525 697 124 22 ehuruväl
685 697 14 22 å
729 695 141 30 Jyväskylä

113 731 85 22 banan
225 731 77 29 nägot
329 731 140 23 öfverskott
496 732 8 21 i
523 732 91 28 början
633 732 21 28 ej
675 731 39 22 fär
733 730 135 29 päräknas.

114 765 38 22 Dä
177 766 126 28 nämligen
322 766 185 28 trafikutgiften
527 766 7 22 i
553 766 58 22 dess
631 766 83 22 helhet
733 765 137 22 beräknats

114 800 27 22 sä
161 800 76 29 drygt
255 807 52 15 som
327 800 34 22 70
379 798 23 34 "|,
421 800 25 22 af
464 800 237 26 bruttoinkomsten,
722 800 46 22 bör
787 800 83 22 denna

114 834 142 29 beräkning
292 835 21 29 ej
345 835 86 21 kunna
461 835 96 22 rubbas
588 841 91 23 genom
709 834 31 22 de
771 834 100 22 relativt

115 875 164 23 ogynsamma
307 869 84 22 siffror
418 869 31 22 de
477 876 51 22 nya
555 869 115 22 banorna
697 869 8 21 i
724 869 68 22 detta
811 868 59 22 hän-

116 903 91 23 seende
226 903 36 22 till
281 910 30 15 en
330 904 90 28 början
440 904 72 22 torde
531 904 119 28 uppvisa:

187 1501 161 18 Statsutskottets
361 1501 119 18 betänkande
494 1502 38 18 N:o
545 1502 12 17 9
568 1503 24 16 A.
