1028 1659
196 127 13 20 2

166 192 65 18 större
239 192 138 22 vattensystem
386 190 69 20 saknar
463 190 55 20 äfven
524 196 79 14 numera
609 191 69 19 endast
683 190 115 20 Uleåträsks
806 189 120 21 vidsträckta

167 219 147 19 vattenområde
336 219 118 19 förbindelse
474 220 43 19 med
537 219 64 24 öfriga
620 220 57 18 delar
696 218 21 20 af
737 219 66 19 landet
825 219 37 19 och
882 219 44 19 med

167 247 74 24 hafvet,
257 251 21 20 ty
294 247 97 20 båtfarten
406 248 53 19 utför
473 248 80 19 Uleåelf
567 248 38 19 kan
620 248 44 19 icke
680 247 142 20 tillfredsställa
838 248 24 19 de
877 250 49 17 mest

166 276 139 24 anspråkslösa
320 275 111 25 fordringar
445 276 26 25 på
487 277 104 23 tidsenliga
607 276 166 20 samfärdsmedel.
800 275 30 20 En
844 276 82 23 jernväg

167 304 44 20 från
233 305 100 24 Uleåborg
354 305 31 19 till
400 305 61 19 Vaala
477 305 64 20 skulle
555 306 44 18 med
613 305 142 24 jemförelsevis
771 305 55 23 ringa
840 305 86 19 kostnad

166 333 89 20 medföra
271 339 23 14 en
309 333 74 24 ganska
395 334 183 19 tillfredsställande
591 333 118 24 förbättring
721 334 6 18 i
740 339 25 14 nu
777 333 149 24 ifrågavarande

165 363 89 18 trakters
270 362 318 20 kommunikationsförhällanden.
611 363 69 19 Denna
690 363 82 24 jernväg
783 362 61 19 skulle
854 363 72 23 jemväl

166 391 67 19 kunna
253 391 88 24 päräkna
361 391 44 20 icke
427 391 124 24 obetydande
572 391 66 22 trafik,
655 391 57 20 bland
727 394 60 16 annat
802 396 68 19 genom
885 393 41 17 trä-

166 422 156 23 varutransport,
343 420 24 19 dä
387 421 24 18 de
431 420 58 19 svära
508 419 241 25 flötningsförhällandena
763 420 7 19 i
785 419 78 20 Uleäelf
876 422 50 17 samt

168 449 73 19 bristen
262 449 26 24 pä
307 449 91 24 lämpliga
412 449 75 24 platser
502 449 31 19 för
548 449 174 24 säganläggningar
736 449 32 19 vid
784 448 73 20 elfvens
872 454 54 18 myn-

167 477 46 24 ning
232 478 158 23 nödvändiggöra
406 477 135 24 förläggandet
555 478 21 19 af
587 478 83 23 sågverk
682 478 7 18 i
702 479 169 22 vattensystemets
883 476 43 21 öfre

167 505 62 20 delar.
259 502 63 23 Äfven
338 507 37 18 den
390 506 110 25 betydande
515 507 137 24 tjärindustrin
667 506 70 23 skulle,
752 506 30 19 till
797 508 41 17 stor
854 505 72 20 bätnad

167 534 33 20 för
218 534 144 25 befolkningen,
379 535 76 20 komma
471 538 29 17 att
514 541 69 18 genom
599 535 64 20 denna
676 535 83 24 jernväg
775 535 57 19 vinna
847 537 79 17 väsent-

168 563 39 24 liga
227 563 100 20 förmoner
346 564 37 19 och
402 563 104 20 framdeles
526 570 53 13 mera
599 566 23 17 än
641 564 98 19 härintills
754 564 65 19 kanna
834 563 90 23 tillgodo-

168 594 47 21 göra
229 593 32 18 vid
275 593 157 23 tjärbränningen
445 592 156 25 uppkommande
609 593 53 19 olika
671 593 134 24 biprodukter.
821 592 38 19 Vid
866 591 59 20 Uleä-

166 620 38 20 elfs
224 621 65 19 forsar
308 621 65 20 skulle
391 622 123 19 industriella
530 622 47 19 verk
593 622 99 19 sannolikt
707 622 51 19 inom
773 621 46 19 kort
834 621 91 24 uppstä'.

236 655 73 20 Vidare
331 656 85 24 päpekas
432 656 7 19 i
454 657 115 18 ständernas
584 656 133 23 underdäniga
732 656 83 24 petition
830 658 30 17 att
872 655 52 19 trak-

167 687 57 16 terna
243 683 58 25 kring
322 684 105 20 Uleäträsk
448 688 146 21 vattensystem,
609 685 6 18 i
631 685 49 24 följd
696 685 21 19 af
731 685 34 18 sitt
780 684 88 24 aflägsna
882 684 43 23 läge

167 713 7 18 i
194 712 60 24 högre
274 713 47 24 grad
341 715 24 17 än
385 714 24 18 de
429 713 56 20 flesta
505 714 60 19 andra
580 714 54 19 delar
649 713 21 20 af
684 713 68 20 landet
767 713 37 19 fätt
819 713 106 18 vidkännas

168 741 39 19 alla
227 741 24 20 de
271 742 60 19 bittra
350 742 114 24 pröfningar
483 745 29 17 ett
526 742 62 20 nödär
603 742 81 26 medför,
700 742 38 19 och
753 745 30 16 att
797 744 46 17 utan
858 741 68 20 tvifvel

168 769 45 20 hela
225 770 66 19 landet
304 771 50 19 lider
366 771 67 24 skada,
446 771 7 19 i
468 771 35 19 fall
515 777 23 13 en
552 774 41 16 stor
608 771 32 19 del
650 771 59 19 deraf
720 770 120 20 fortfarande
852 770 73 19 lemnas

168 799 7 18 i
191 798 37 19 den
248 799 113 24 betänkliga
375 800 99 23 ställning,
491 802 29 17 att
535 800 32 19 vid
583 799 61 20 första
659 799 104 20 inträffade
779 799 61 19 nödär
855 799 70 18 allmän

168 827 38 20 och
229 827 76 20 enskild
321 828 127 23 välgörenhet
462 828 95 25 påkallas.
588 828 47 19 Med
650 828 75 20 fästadt
739 827 93 20 afseende
848 827 12 19 å
874 827 52 20 före-

167 856 85 19 nämnda
267 857 81 18 orsaker
363 857 71 24 ansågo
451 857 110 25 ständerna,
578 857 25 24 på
619 859 39 17 sätt
672 857 8 19 i
692 857 37 19 den
748 856 133 23 underdåniga
892 861 34 19 pe-

169 884 82 19 titionen
267 885 118 24 framhälles,
401 886 114 23 visserligen
523 885 31 20 för
562 886 113 23 önskvärdt,
684 888 29 17 att
721 885 147 24 ifrågavarande
876 885 51 19 bana

168 912 143 25 ofördröjligen
333 914 63 19 skulle
419 915 92 23 beläggas
531 915 44 18 med
595 915 74 23 arbete,
690 920 42 13 men
749 914 42 19 dels
807 914 80 19 emedan
902 913 25 19 de

168 942 23 19 år
211 941 56 20 1880
287 943 30 18 för
337 943 63 19 banan
414 944 111 24 uppgjorda
539 943 194 24 kostnadsförslagen
749 943 60 19 redan
824 947 48 14 voro
887 941 40 20 för-

168 970 89 26 åldrade,
277 971 42 19 dels
339 971 60 20 också
417 971 22 20 af
457 972 58 19 orsak
530 975 29 16 att
575 972 113 23 skiljaktiga
703 971 76 20 åsikter
793 971 89 24 uppstått
896 976 31 14 om

169 999 73 19 banans
263 999 97 24 dragande
380 1000 26 24 på
426 1006 59 14 norra
499 1001 48 19 eller
563 1001 57 26 södra
636 1001 55 18 sidan
707 1006 31 13 om
753 999 83 25 Uleåelf,
852 999 75 20 beslöto

168 1028 113 26 ständerna,
293 1029 32 18 vid
337 1029 94 19 sakernas
443 1029 110 20 dåvarande
566 1029 94 22 tillstånd,
672 1031 31 17 att
715 1029 45 23 ingå
772 1029 43 19 med
830 1028 98 23 anhållan,

169 1058 30 17 att
217 1056 56 19 Hans
288 1057 110 24 Kejserliga
412 1058 101 24 Majestät,
529 1058 107 23 behagade,
652 1058 60 19 sedan
728 1057 200 24 Uleåborgs—Vaala

169 1085 63 19 banan
252 1085 50 20 först
317 1086 50 24 ånyo
383 1086 65 19 blifvit
463 1087 147 19 instrumentalt
624 1087 37 19 och
674 1086 125 19 ekonomiskt
814 1085 113 25 undersökt,

168 1113 101 24 förelägga
285 1115 105 19 ständerna
405 1115 58 24 nådig
478 1115 123 24 proposition
616 1121 31 13 om
664 1115 73 19 banans
753 1114 105 25 byggande.

236 1147 69 20 Ehuru
327 1149 151 26 ifrågavarande
500 1149 117 20 bansträcka
636 1155 81 14 numera
738 1149 64 19 blifvit
817 1149 49 19 både
881 1148 47 19 eko-

168 1176 87 20 nomiskt
279 1177 37 20 och
340 1178 144 19 instrumentalt
508 1179 108 18 undersökt
640 1179 37 18 och
700 1178 25 19 de
750 1177 69 20 hinder
840 1177 32 20 för
896 1179 33 17 ba-

168 1210 48 14 nans
236 1205 109 25 byggande,
361 1212 40 13 som
416 1209 52 17 ännu
483 1207 32 19 vid
531 1210 77 16 senaste
623 1207 95 23 landtdag
733 1206 149 23 framkastades,
897 1205 32 19 så-

168 1233 60 20 lunda
243 1236 35 17 äro
293 1235 155 24 undanrödjade,
463 1239 51 16 samt
528 1236 44 19 icke
587 1235 61 20 heller
664 1235 61 20 sedan
742 1235 45 19 dess
799 1235 59 24 något
869 1236 61 17 annat

168 1262 96 24 inträffat,
283 1269 41 13 som
343 1269 47 14 vore
410 1265 73 23 egnadt
497 1267 30 16 att
541 1264 76 19 minska
632 1264 137 20 Vaalabanans
785 1263 107 24 betydelse,
907 1262 23 19 så

168 1291 58 19 torde
246 1292 52 19 dock
317 1292 38 19 den
375 1292 86 24 begärda
480 1293 71 24 nådiga
570 1293 149 24 propositionen
738 1298 31 14 om
789 1292 61 23 sagda
869 1291 59 20 banas

169 1319 103 24 byggande
286 1320 45 20 icke
346 1327 47 14 vara
408 1325 30 16 att
453 1324 74 17 emotse
542 1322 31 19 till
589 1321 132 20 innevarande
737 1321 100 24 landtdag.

237 1354 47 19 Som
306 1355 51 20 dock
380 1356 105 19 ständerna
506 1356 31 19 vid
562 1355 53 20 1891
640 1355 32 20 års
692 1355 93 24 landtdag
806 1355 46 19 stält
866 1354 64 20 denna

169 1382 60 20 banas
251 1382 100 25 byggande
371 1384 8 18 i
399 1384 81 20 främsta
502 1386 89 23 rummet,
610 1384 6 18 i
636 1384 34 19 det
686 1384 99 19 desamma
800 1383 85 25 anhöllo,
900 1385 30 17 att

169 1410 64 20 banan
256 1411 61 20 borde
339 1412 92 25 beläggas
451 1413 45 19 med
518 1413 67 19 arbete
603 1412 26 20 så
643 1413 64 19 snart
722 1410 208 22 kommunikations-

164 1438 101 28 fondens
283 1439 122 29 tillgångar
423 1440 80 22 sådant
521 1440 119 28 medgifva,
660 1441 79 20 hvilken
766 1441 114 19 ständernas
895 1445 35 14 an-
