1034 1659
321 106 27 22 U.
364 105 27 21 B.
407 117 27 4 —
449 105 74 27 Prop.
538 105 42 22 N:o
596 105 36 23 26.
799 105 27 21 39

98 163 38 21 sak
152 163 6 20 i
174 163 66 21 andra
259 163 74 21 länder
352 163 85 21 vunnits
456 165 55 19 samt
527 162 129 26 framhåller,
673 164 33 20 att
720 162 135 27 privatbane-

91 197 116 26 :väsendet,
226 196 35 22 vid
281 197 60 21 sidan
361 196 23 22 af
399 197 76 26 många
490 197 40 21 och
546 197 103 27 ostridiga
664 196 100 26 fördelar,
779 199 24 19 är
817 196 36 22 be-

98 231 84 21 häftadt
201 232 48 20 med
264 232 46 21 icke
326 231 133 27 oväsentliga
474 232 145 26 olägenheter.
649 232 11 20 I
674 231 61 28 fråga
750 238 33 14 om
797 232 57 26 jern-

97 268 77 25 vägars
196 266 129 26 anläggning
347 266 40 21 och
409 266 130 27 förvaltning
558 266 39 21 har
612 272 49 15 man
677 267 7 19 i
700 266 105 21 anseende
821 266 32 20 till

96 300 152 27 jernvägarnes
267 300 175 27 monopolartade
457 302 64 19 natur
536 300 72 21 blifvit
622 302 93 25 tvungen
731 302 32 19 att
777 306 77 21 genom

98 334 92 22 särskild
213 334 134 28 lagstiftning
369 334 119 22 förbehålla
511 334 142 22 statsmakten
676 336 44 20 rätt
742 336 32 20 att
797 335 56 21 inom

98 368 56 22 vissa
169 371 88 25 gränser
273 369 116 21 öfvervaka
404 369 39 21 och
459 369 89 21 inverka
563 370 28 26 på
607 369 37 21 det
653 369 84 27 privata
746 369 107 26 jernvägs-

98 404 109 20 väsendet.
238 404 48 20 Men
309 404 47 20 icke
379 404 60 20 desto
461 404 83 20 mindre
566 404 88 20 kvarstå
676 410 26 14 en
722 403 34 21 del
771 403 82 26 brister,

99 438 72 21 hvilka
186 438 63 27 gifvit
264 438 113 26 anledning
396 438 32 20 till
446 438 177 21 missbelåtenhet
637 438 47 21 från
700 438 153 21 allmänhetens

98 472 52 21 sida.
183 472 74 22 Såsom
279 472 82 21 sådana
383 472 123 22 framhållas
529 472 124 28 isynnerhet
676 472 108 22 bristande
799 478 54 15 sam-

99 506 80 22 verkan
204 506 88 22 emellan
315 506 26 22 de
364 506 69 22 skilda
454 507 282 27 jernvägsförvaltningarne
754 508 55 20 samt
823 506 30 21 af-

98 541 110 21 saknaden
224 541 22 21 af
259 541 79 21 fasthet
358 541 39 21 och
418 541 147 27 likformighet
580 542 6 20 i
602 541 168 21 tariffväsendet.
799 558 4 8 ,
806 540 47 26 Det

98 578 24 18 är
144 576 55 21 dock
222 576 140 26 uppenbart,
386 577 61 25 säger
470 576 174 26 kommissionen,
663 578 47 24 ,,att
728 576 26 20 de
770 575 83 26 olägen-

98 610 60 21 heter
180 610 39 22 hos
234 610 233 28 privatbanesystemet,
483 616 46 16 som
545 611 7 20 i
568 611 36 20 det
619 610 128 27 föregäende
762 609 91 27 antydts,

97 644 135 22 kännbarare
254 645 61 21 träda
339 645 5 21 i
369 645 68 26 dagen
458 645 78 21 endast
557 645 71 21 sävidt
646 645 36 21 det
701 645 66 26 gäller
785 644 68 26 linier,

98 679 72 21 hvilka
192 679 64 21 hafva
277 680 32 20 att
331 679 52 27 fylla
405 685 25 15 en
453 685 59 15 mera
535 679 121 28 betydande
678 679 84 27 uppgift
783 678 6 21 i
809 678 44 21 lan-

97 714 47 20 dets
159 713 293 27 kommunikationsväsende,
469 714 85 21 säledes
564 714 174 21 stambanelinier
749 713 39 21 och
797 713 56 27 jern-

97 750 71 24 vägar,
191 754 45 15 som
259 748 60 27 eljest
338 748 7 20 i
364 747 166 22 trafikafseende
549 748 73 26 intaga
638 749 30 20 ett
683 754 59 15 mera
756 746 97 23 framstä-

97 782 55 21 ende
176 789 53 14 rum.
259 782 102 22 Deremot
383 782 64 22 hafva
469 783 26 21 de
517 789 26 15 en
566 783 63 26 högst
648 783 62 26 ringa
724 781 129 28 betydelse
839 777 16 37 i

98 816 60 28 fräga
180 823 34 15 om
234 817 45 21 smä
298 817 70 21 lokala
387 817 143 27 förgrenings-
546 818 52 21 eller
613 817 95 22 bibanor.
738 816 34 22 Dä
786 815 67 23 andra

96 852 183 26 omständigheter
301 852 96 21 deremot
416 852 44 21 tala
475 852 33 21 för
524 852 72 22 dessas
613 851 190 23 ästadkommande
817 856 35 21 ge-

97 892 47 15 nom
168 886 70 27 privat
260 886 175 27 företagsamhet,
457 887 40 21 har
519 893 49 15 man
587 889 76 19 nästan
678 886 97 25 öfveralt,
791 884 61 22 äfven

96 922 38 20 der
149 921 190 28 statsbanesystem
349 921 34 21 för
393 921 177 21 hufvudbanorna
580 922 132 26 konsegvent
722 919 130 28 genomförts

97 955 52 21 eller
165 955 154 25 eftersträfvas,
335 955 50 21 sökt
399 956 28 26 pä
441 956 38 20 allt
495 958 44 19 sätt
550 958 128 25 uppmuntra
688 955 131 21 tillkomsten
831 953 22 21 af

97 990 83 26 privata
204 990 110 21 bibanor'*
331 1002 26 3 —
374 1002 26 3 —
416 1002 27 3 —
460 1006 5 10 ,
468 990 52 26 Och
544 990 68 21 ehuru
635 990 165 21 kommissionen
819 988 33 22 sä-

97 1024 65 20 lunda
178 1030 62 15 anser
256 1024 35 21 det
306 1024 47 21 icke
368 1030 51 15 vara
435 1024 95 27 önskligt
544 1026 33 20 att
592 1031 60 15 mera
667 1024 120 28 betydande
797 1023 54 27 jern-

96 1058 114 28 vägslinjer
225 1059 7 21 i
247 1059 72 21 landet
343 1059 68 21 skulle
434 1059 23 21 af
477 1060 85 26 privata
584 1060 65 27 bolag
667 1059 184 25 omhändertagas,

96 1093 39 21 har
157 1092 164 22 kommissionen
345 1094 87 20 dermed
451 1094 47 21 icke
517 1094 57 21 velat
588 1094 65 21 hafva
668 1094 68 26 sagdt,
752 1094 32 20 att
799 1097 53 21 upp-

96 1127 97 21 komsten
210 1128 23 20 af
254 1128 78 21 sädana
354 1128 137 26 privatbanor
514 1128 139 27 ovilkorligen
676 1128 67 22 borde
764 1126 88 22 hindras

96 1162 40 21 och
151 1162 126 21 koncession
293 1162 13 21 &
321 1163 109 21 desamma
451 1165 83 25 vägras.
564 1163 130 27 Visserligen
718 1162 38 22 bör
772 1161 22 21 ät
809 1162 43 26 sty-

95 1196 70 21 relsen
188 1196 82 22 lemnas
292 1197 66 21 sädan
378 1197 154 27 pröfningsrätt
548 1198 7 20 i
570 1197 60 27 fräga
647 1204 33 15 om
696 1196 119 27 beviljande
831 1194 23 22 af

95 1230 133 27 koncession,
244 1233 31 19 att
294 1231 38 21 der
351 1238 26 14 en
393 1231 56 27 linje,
466 1232 13 20 å
494 1232 87 21 hvilken
596 1232 67 21 sådan
680 1232 94 25 ansökts,
789 1235 62 16 anses

95 1270 51 16 vara
161 1264 23 22 af
198 1265 41 21 den
254 1266 51 27 vigt,
324 1267 32 19 att
375 1266 123 21 densamma
514 1266 68 21 hellre
596 1266 68 22 borde
679 1272 45 15 som
740 1265 112 21 statsbana

96 1298 87 27 utföras,
208 1299 126 22 koncession
354 1300 12 21 &
385 1300 124 22 densamma
527 1300 71 22 kunde
613 1302 75 25 vägras
704 1300 40 22 och
760 1301 69 20 staten
844 1299 7 21 i

95 1333 73 21 stället
184 1334 50 26 sjelf
248 1334 166 27 omhändertaga
430 1335 47 21 dess
493 1335 119 27 byggande.
638 1335 49 21 Men
704 1334 36 22 der
756 1340 25 15 en
793 1334 58 27 dylik

95 1367 155 29 förutsättning
272 1368 18 27 ej
313 1368 122 28 föreligger,
458 1375 64 21 synes
544 1370 132 21 tillkomsten
700 1369 22 21 af
740 1375 28 15 en
781 1368 71 27 privat

91 1402 89 27 jernväg
196 1403 18 26 ej
231 1403 52 21 böra
298 1402 129 28 förhindras,
441 1404 45 21 lika
501 1404 48 21 litet
564 1410 46 15 som
626 1404 58 21 detta
700 1403 66 22 borde
777 1403 38 21 ske
825 1408 27 15 ur

162 1454 181 23 Jernväysutskottets
355 1454 112 18 betänkande
479 1454 38 18 N:o
529 1455 15 17 1.
