1031 1661
222 105 27 21 84
416 105 27 23 U.
459 106 27 22 B.
503 118 25 3 —
545 106 74 27 Prop.
635 106 43 22 N:o
695 107 34 21 26.

264 163 73 22 Säsom
360 163 62 22 häraf
443 170 68 21 synes,
530 165 39 20 har
591 164 32 21 .till
643 164 208 27 Uleäborg—Vaala
870 165 80 21 banans

195 197 150 22 trafikomräde
361 198 46 21 icke
423 199 97 21 hänförts
535 199 110 26 Kiiminki,
656 199 110 21 hvarifrän
780 199 103 28 landsväg
894 199 58 22 leder

195 232 70 21 direkt
288 232 32 21 till
343 233 113 28 Uleåborg,
476 233 89 22 likasom
585 234 47 21 icke
651 234 67 21 heller
739 234 103 27 Tyrnävä,
866 234 85 21 hvilken

196 268 33 20 ort
251 269 24 18 är
298 267 89 27 belägen
407 270 97 18 närmare
523 268 32 21 till
574 268 149 27 Ule&borgska
739 268 117 27 jernvägen
875 270 27 19 än
920 269 32 20 till

195 300 126 28 Uleäborg—
334 302 64 21 Vaala
416 302 77 22 banan.
525 296 18 28 Ä
566 303 66 21 andra
650 302 61 22 sidan
732 302 38 21 har
793 302 31 21 till
844 302 107 22 Jisalmi—

195 336 84 27 Kuopio
299 336 78 22 banans
397 336 151 22 trafikomräde
567 337 48 21 icka
634 337 88 21 räknats
738 336 114 27 Pielavesi,
868 337 85 21 hvarest

194 370 150 28 folkmängden
360 372 23 20 är
398 373 33 19 tre
445 371 80 28 gänger
541 374 68 19 större
621 374 26 18 än
662 372 7 20 i
685 371 103 21 Kiiminki
804 372 40 20 och
855 372 97 26 Tyrnävä

195 404 144 27 tillsammans,
356 412 46 15 men
419 406 92 21 derifrän
528 406 65 21 likväl
609 406 68 28 någon
695 406 134 27 betydligare
841 406 111 27 tillökning

195 439 6 21 i
218 439 90 22 trafiken
324 440 27 27 pä
365 435 104 37 Iisalmi—
475 435 86 37 Kuopio
576 441 70 21 banan
662 441 47 21 icke
725 441 61 21 torde
802 447 50 15 vara
868 443 32 19 att
910 441 42 22 för-

195 476 69 24 vänta,
285 475 87 21 emedan
391 476 92 21 socknen
503 478 24 19 är
546 476 89 27 belägen
655 476 26 27 pä
701 475 67 22 andra
790 475 61 22 sidan
871 477 81 20 vatten-

195 509 81 27 draget.
300 509 43 21 För
358 509 65 28 öfrigt
437 510 40 21 har
493 511 36 20 det
544 511 47 21 icke
607 511 66 20 heller
688 511 121 26 förutsatts,
822 512 32 19 att
869 510 83 27 Kuopio

195 543 186 29 landsförsamling
403 545 7 20 i
433 545 72 21 alitför
525 545 84 27 mycket
627 545 66 27 högre
713 545 52 25 grad
788 546 26 19 än
834 545 118 27 Uleäborgs

194 578 187 27 landsförsamling
405 578 68 22 skulle
497 579 88 26 bidraga
604 579 32 21 till
657 578 91 22 trafiken
768 578 27 27 pä
814 585 26 15 en
857 579 95 27 jernväg,

195 619 44 15 som
255 612 56 22 föres
326 613 19 21 in
363 613 22 21 ät
400 613 73 21 landet
489 614 38 21 och
544 614 18 26 ej
581 615 44 20 mot
640 614 80 26 hafvet,
738 613 102 21 ehuruväl
856 613 32 21 för
904 614 48 21 full-

195 647 160 27 ständighetens
371 648 56 21 skull
443 648 61 21 äfven
521 648 62 22 dessa
598 648 67 28 begge
680 648 138 22 kommuners
830 648 122 26 folkmängd

195 682 30 21 uti
251 682 134 21 förestående
411 682 102 22 öfversikt
538 683 117 27 upptagits.
690 682 45 22 Och
759 683 111 21 enahanda
892 683 60 21 torde

197 716 65 21 blifva
278 716 142 22 förhållandet
435 718 47 20 med
499 718 67 21 Kaavi
583 718 38 21 och
638 718 123 21 Tuusniemi
773 718 96 26 socknar,
880 718 72 21 hvilka

195 752 36 20 äro
252 751 89 27 belägna
359 753 76 20 nästan
455 752 28 26 på
502 758 81 15 samma
598 752 122 27 breddgrad
736 758 44 15 som
797 752 84 27 Kuopio
898 752 54 26 stad,

194 785 67 21 ehuru
281 786 123 28 visserligen
420 786 122 22 Tuusniemi
560 786 61 22 täflat
636 787 46 21 med
703 786 69 27 öfriga
790 786 32 21 till
842 786 106 22 Tisalmi—

195 820 84 27 Kuopio
300 820 80 21 banans
396 821 86 21 område
498 821 94 21 hörande
612 821 127 21 kommuner
754 821 31 20 uti
802 820 147 27 offervillighet

193 854 33 21 för
241 854 128 21 densamma.
394 855 60 21 Huru
470 861 28 15 nu
511 855 299 27 folkmängdsförhållandena
823 855 13 21 å
848 855 105 21 hvardera

194 889 61 20 sidan
271 891 26 18 än
313 889 34 21 må
367 889 111 26 beräknas,
494 890 42 21 kan
557 890 155 21 slutresultatet
731 889 47 22 icke
797 889 67 21 blifva
882 891 70 24 annat,

194 925 26 19 än
245 925 33 19 att
293 924 26 26 på
335 924 194 27 Iisalmi—Kuopio
543 925 89 27 jernväg
647 924 63 21 faller
726 930 26 16 en
767 924 47 28 fyra
831 924 79 27 gånger
929 924 24 21 sä

194 960 45 19 stor
254 958 123 28 folkmängd
393 965 44 15 som
454 959 28 27 på
497 959 205 27 Uleåborg—Vaala
718 959 76 21 banan.

264 993 83 27 Mycket
355 993 88 21 klander
450 994 39 21 har
497 994 57 21 inom
561 994 105 21 utskottet
673 993 91 22 uttalats
771 995 57 19 emot
836 994 35 20 det
878 993 72 21 betän-

194 1027 76 27 kande,
292 1028 87 26 hvilket,
400 1028 94 28 afgifvits
511 1028 164 22 kommissionen
696 1028 34 21 för
748 1028 117 21 utredande
881 1027 22 21 af
914 1028 39 20 den

194 1062 6 20 i
216 1062 125 21 ekonomisk
357 1062 120 22 hänseende
491 1063 134 27 lämpligaste
636 1063 140 25 sträkningen
789 1062 32 21 för
833 1069 25 14 en
867 1062 87 27 jernväg

196 1096 47 20 från
261 1096 173 21 Savolaksbanan
451 1097 58 21 öfver
525 1097 80 21 Iisalmi
621 1098 33 20 till
670 1097 90 26 Kajana.
784 1097 66 20 Detta
865 1096 89 21 klander

194 1130 61 21 torde
271 1130 64 21 likväl
352 1131 46 21 icke
418 1131 21 21 få
458 1137 62 15 anses
535 1131 7 21 i
558 1131 42 21 alla
615 1131 116 21 afseenden
748 1131 136 26 berättigadt.
914 1130 40 21 Be-

194 1164 117 22 tänkandet
330 1165 118 21 innehäller
463 1166 122 26 visserligen
607 1166 66 26 nägra
688 1165 84 21 mindre
788 1171 128 21 noggranna,
930 1165 23 26 ja

194 1199 32 20 till
243 1199 40 20 och
299 1199 47 21 med
362 1199 103 28 felaktiga
481 1200 114 26 uppgifter.
619 1200 48 21 Men
684 1206 34 15 om
735 1199 65 22 ocksä
811 1199 143 21 betänkandet

193 1233 48 21 icke
261 1233 41 21 kan
325 1233 126 27 obetingadt
478 1233 100 26 lofordas,
599 1234 99 27 erbjuder
718 1234 118 21 detsamma
854 1233 5 20 i
882 1233 73 26 hvarje

194 1267 103 21 händelse
313 1274 26 14 en
357 1268 135 26 temmeligen
507 1268 48 21 klar
571 1268 117 21 öfverblick
705 1267 59 22 öfver
780 1268 26 21 de
818 1267 138 22 ekonomiska

194 1301 160 22 förhållandena
377 1302 6 21 i
403 1302 40 21 den
464 1303 96 20 landsdel
583 1302 196 27 Kuopio—lisalmi
799 1302 68 21 banan
886 1301 70 22 skulle

196 1337 133 26 genomlöpa.

264 1370 74 21 Säsom
358 1370 23 21 af
398 1371 36 20 det
454 1371 127 26 föregäende
600 1371 100 27 framgär,
718 1371 94 20 ansluter
825 1371 37 26 jag
878 1370 41 26 mig
934 1369 23 21 af

194 1404 86 22 fullaste
300 1404 140 28 öfvertygelse
460 1405 33 21 till
512 1405 48 21 näd.
580 1405 173 27 propositionens
772 1404 80 28 förslag
867 1411 33 15 om
919 1404 37 21 Sa-

263 1455 179 24 Jernvägsutskottets
454 1456 111 18 betänkande
578 1455 37 18 N:o
628 1457 14 16 1.
