<?xml version="1.0" encoding="UTF-8"?>
<alto xmlns="http://www.loc.gov/standards/alto/ns-v3#" xmlns:xlink="http://www.w3.org/1999/xlink" xmlns:xsi="http://www.w3.org/2001/XMLSchema-instance" xsi:schemaLocation="http://www.loc.gov/standards/alto/ns-v3# http://www.loc.gov/alto/v3/alto-3-0.xsd">
	<Description>
		<MeasurementUnit>pixel</MeasurementUnit>
		<sourceImageInformation>
			<fileName>/tmp/tess_ljvcrpsk_input.PNG</fileName>
		</sourceImageInformation>
		<OCRProcessing ID="OCR_0">
			<ocrProcessingStep>
				<processingSoftware>
					<softwareName>tesseract 5.3.4</softwareName>
				</processingSoftware>
			</ocrProcessingStep>
		</OCRProcessing>
	</Description>
	<Layout>
		<Page WIDTH="1039" HEIGHT="1659" PHYSICAL_IMG_NR="0" ID="page_0">
			<PrintSpace HPOS="0" VPOS="0" WIDTH="1039" HEIGHT="1659">
				<ComposedBlock ID="cblock_0" HPOS="180" VPOS="135" WIDTH="532" HEIGHT="28">
					<TextBlock ID="block_0" HPOS="180" VPOS="135" WIDTH="532" HEIGHT="28">
						<TextLine ID="line_0" HPOS="180" VPOS="135" WIDTH="532" HEIGHT="28">
							<String ID="string_0" HPOS="180" VPOS="138" WIDTH="11" HEIGHT="18" WC="0.96" CONTENT="8"/><SP WIDTH="210" VPOS="138" HPOS="191"/>
							<String ID="string_1" HPOS="401" VPOS="135" WIDTH="28" HEIGHT="23" WC="0.89" CONTENT="U."/><SP WIDTH="15" VPOS="135" HPOS="429"/>
							<String ID="string_2" HPOS="444" VPOS="136" WIDTH="27" HEIGHT="22" WC="0.89" CONTENT="B."/><SP WIDTH="18" VPOS="136" HPOS="471"/>
							<String ID="string_3" HPOS="489" VPOS="136" WIDTH="25" HEIGHT="14" WC="0.92" CONTENT="—"/><SP WIDTH="17" VPOS="136" HPOS="514"/>
							<String ID="string_4" HPOS="531" VPOS="135" WIDTH="72" HEIGHT="28" WC="0.86" CONTENT="Prop."/><SP WIDTH="16" VPOS="135" HPOS="603"/>
							<String ID="string_5" HPOS="619" VPOS="135" WIDTH="42" HEIGHT="23" WC="0.96" CONTENT="N:o"/><SP WIDTH="15" VPOS="135" HPOS="661"/>
							<String ID="string_6" HPOS="676" VPOS="135" WIDTH="36" HEIGHT="22" WC="0.96" CONTENT="24."/>
						</TextLine>
					</TextBlock>
				</ComposedBlock>
				<ComposedBlock ID="cblock_1" HPOS="177" VPOS="203" WIDTH="763" HEIGHT="1267">
					<TextBlock ID="block_1" HPOS="179" VPOS="203" WIDTH="761" HEIGHT="927">
						<TextLine ID="line_1" HPOS="248" VPOS="203" WIDTH="690" HEIGHT="28">
							<String ID="string_7" HPOS="248" VPOS="204" WIDTH="65" HEIGHT="21" WC="0.96" CONTENT="Först"/><SP WIDTH="16" VPOS="204" HPOS="313"/>
							<String ID="string_8" HPOS="329" VPOS="204" WIDTH="38" HEIGHT="22" WC="0.96" CONTENT="och"/><SP WIDTH="15" VPOS="204" HPOS="367"/>
							<String ID="string_9" HPOS="382" VPOS="203" WIDTH="76" HEIGHT="23" WC="0.96" CONTENT="främst"/><SP WIDTH="15" VPOS="203" HPOS="458"/>
							<String ID="string_10" HPOS="473" VPOS="204" WIDTH="39" HEIGHT="22" WC="0.96" CONTENT="bör"/><SP WIDTH="15" VPOS="204" HPOS="512"/>
							<String ID="string_11" HPOS="527" VPOS="204" WIDTH="78" HEIGHT="22" WC="0.96" CONTENT="härvid"/><SP WIDTH="15" VPOS="204" HPOS="605"/>
							<String ID="string_12" HPOS="620" VPOS="204" WIDTH="94" HEIGHT="24" WC="0.96" CONTENT="märkas,"/><SP WIDTH="17" VPOS="204" HPOS="714"/>
							<String ID="string_13" HPOS="731" VPOS="205" WIDTH="34" HEIGHT="20" WC="0.96" CONTENT="att"/><SP WIDTH="15" VPOS="205" HPOS="765"/>
							<String ID="string_14" HPOS="780" VPOS="203" WIDTH="158" HEIGHT="28" WC="0.96" CONTENT="författningen"/>
						</TextLine>
						<TextLine ID="line_2" HPOS="180" VPOS="238" WIDTH="760" HEIGHT="28">
							<String ID="string_15" HPOS="180" VPOS="238" WIDTH="39" HEIGHT="21" WC="0.96" CONTENT="alls"/><SP WIDTH="24" VPOS="238" HPOS="219"/>
							<String ID="string_16" HPOS="243" VPOS="238" WIDTH="48" HEIGHT="22" WC="0.96" CONTENT="icke"/><SP WIDTH="22" VPOS="238" HPOS="291"/>
							<String ID="string_17" HPOS="313" VPOS="239" WIDTH="81" HEIGHT="21" WC="0.96" CONTENT="komme"/><SP WIDTH="22" VPOS="239" HPOS="394"/>
							<String ID="string_18" HPOS="416" VPOS="240" WIDTH="34" HEIGHT="20" WC="0.93" CONTENT="att"/><SP WIDTH="15" VPOS="240" HPOS="450"/>
							<String ID="string_19" HPOS="465" VPOS="238" WIDTH="110" HEIGHT="28" WC="0.91" CONTENT="medgifva"/><SP WIDTH="16" VPOS="238" HPOS="575"/>
							<String ID="string_20" HPOS="591" VPOS="238" WIDTH="141" HEIGHT="22" WC="0.96" CONTENT="utfärdandet"/><SP WIDTH="15" VPOS="238" HPOS="732"/>
							<String ID="string_21" HPOS="747" VPOS="238" WIDTH="25" HEIGHT="22" WC="0.96" CONTENT="af"/><SP WIDTH="13" VPOS="238" HPOS="772"/>
							<String ID="string_22" HPOS="785" VPOS="238" WIDTH="71" HEIGHT="28" WC="0.93" CONTENT="några"/><SP WIDTH="15" VPOS="238" HPOS="856"/>
							<String ID="string_23" HPOS="871" VPOS="238" WIDTH="69" HEIGHT="28" WC="0.91" CONTENT="bygg-"/>
						</TextLine>
						<TextLine ID="line_3" HPOS="180" VPOS="272" WIDTH="759" HEIGHT="28">
							<String ID="string_24" HPOS="180" VPOS="272" WIDTH="171" HEIGHT="28" WC="0.89" CONTENT="nadsordningar"/><SP WIDTH="16" VPOS="272" HPOS="351"/>
							<String ID="string_25" HPOS="367" VPOS="275" WIDTH="33" HEIGHT="19" WC="0.96" CONTENT="att"/><SP WIDTH="15" VPOS="275" HPOS="400"/>
							<String ID="string_26" HPOS="415" VPOS="273" WIDTH="59" HEIGHT="27" WC="0.96" CONTENT="gälla"/><SP WIDTH="16" VPOS="273" HPOS="474"/>
							<String ID="string_27" HPOS="490" VPOS="273" WIDTH="34" HEIGHT="21" WC="0.96" CONTENT="för"/><SP WIDTH="16" VPOS="273" HPOS="524"/>
							<String ID="string_28" HPOS="540" VPOS="273" WIDTH="40" HEIGHT="27" WC="0.96" CONTENT="bys"/><SP WIDTH="15" VPOS="273" HPOS="580"/>
							<String ID="string_29" HPOS="595" VPOS="273" WIDTH="34" HEIGHT="21" WC="0.96" CONTENT="till"/><SP WIDTH="16" VPOS="273" HPOS="629"/>
							<String ID="string_30" HPOS="645" VPOS="274" WIDTH="54" HEIGHT="20" WC="0.96" CONTENT="tomt"/><SP WIDTH="16" VPOS="274" HPOS="699"/>
							<String ID="string_31" HPOS="715" VPOS="273" WIDTH="91" HEIGHT="27" WC="0.95" CONTENT="utlagda"/><SP WIDTH="15" VPOS="273" HPOS="806"/>
							<String ID="string_32" HPOS="821" VPOS="273" WIDTH="67" HEIGHT="26" WC="0.93" CONTENT="mark,"/><SP WIDTH="16" VPOS="273" HPOS="888"/>
							<String ID="string_33" HPOS="904" VPOS="273" WIDTH="35" HEIGHT="21" WC="0.90" CONTENT="så-"/>
						</TextLine>
						<TextLine ID="line_4" HPOS="180" VPOS="306" WIDTH="758" HEIGHT="29">
							<String ID="string_34" HPOS="180" VPOS="306" WIDTH="48" HEIGHT="22" WC="0.96" CONTENT="vidt"/><SP WIDTH="15" VPOS="306" HPOS="228"/>
							<String ID="string_35" HPOS="243" VPOS="307" WIDTH="42" HEIGHT="21" WC="0.96" CONTENT="den"/><SP WIDTH="11" VPOS="307" HPOS="285"/>
							<String ID="string_36" HPOS="296" VPOS="307" WIDTH="178" HEIGHT="27" WC="0.93" CONTENT="hufvudsakligen"/><SP WIDTH="11" VPOS="307" HPOS="474"/>
							<String ID="string_37" HPOS="485" VPOS="309" WIDTH="107" HEIGHT="26" WC="0.93" CONTENT="upptages"/><SP WIDTH="11" VPOS="309" HPOS="592"/>
							<String ID="string_38" HPOS="603" VPOS="307" WIDTH="25" HEIGHT="21" WC="0.93" CONTENT="af"/><SP WIDTH="9" VPOS="307" HPOS="628"/>
							<String ID="string_39" HPOS="637" VPOS="307" WIDTH="257" HEIGHT="27" WC="0.90" CONTENT="hemmansåbyggnader,"/><SP WIDTH="12" VPOS="307" HPOS="894"/>
							<String ID="string_40" HPOS="906" VPOS="307" WIDTH="32" HEIGHT="21" WC="0.92" CONTENT="så-"/>
						</TextLine>
						<TextLine ID="line_5" HPOS="180" VPOS="340" WIDTH="759" HEIGHT="28">
							<String ID="string_41" HPOS="180" VPOS="341" WIDTH="58" HEIGHT="21" WC="0.93" CONTENT="ledes"/><SP WIDTH="15" VPOS="341" HPOS="238"/>
							<String ID="string_42" HPOS="253" VPOS="341" WIDTH="49" HEIGHT="22" WC="0.96" CONTENT="icke"/><SP WIDTH="15" VPOS="341" HPOS="302"/>
							<String ID="string_43" HPOS="317" VPOS="344" WIDTH="33" HEIGHT="19" WC="0.96" CONTENT="att"/><SP WIDTH="15" VPOS="344" HPOS="350"/>
							<String ID="string_44" HPOS="365" VPOS="341" WIDTH="102" HEIGHT="22" WC="0.96" CONTENT="förändra"/><SP WIDTH="15" VPOS="341" HPOS="467"/>
							<String ID="string_45" HPOS="482" VPOS="342" WIDTH="42" HEIGHT="22" WC="0.96" CONTENT="den"/><SP WIDTH="16" VPOS="342" HPOS="524"/>
							<String ID="string_46" HPOS="540" VPOS="342" WIDTH="7" HEIGHT="21" WC="0.96" CONTENT="i"/><SP WIDTH="15" VPOS="342" HPOS="547"/>
							<String ID="string_47" HPOS="562" VPOS="342" WIDTH="61" HEIGHT="22" WC="0.96" CONTENT="kraft"/><SP WIDTH="15" VPOS="342" HPOS="623"/>
							<String ID="string_48" HPOS="638" VPOS="342" WIDTH="26" HEIGHT="21" WC="0.96" CONTENT="af"/><SP WIDTH="9" VPOS="342" HPOS="664"/>
							<String ID="string_49" HPOS="673" VPOS="344" WIDTH="11" HEIGHT="19" WC="0.93" CONTENT="2"/><SP WIDTH="13" VPOS="344" HPOS="684"/>
							<String ID="string_50" HPOS="697" VPOS="343" WIDTH="13" HEIGHT="25" WC="0.51" CONTENT="$"/><SP WIDTH="10" VPOS="343" HPOS="710"/>
							<String ID="string_51" HPOS="720" VPOS="342" WIDTH="38" HEIGHT="21" WC="0.87" CONTENT="ik."/><SP WIDTH="10" VPOS="342" HPOS="758"/>
							<String ID="string_52" HPOS="768" VPOS="342" WIDTH="14" HEIGHT="21" WC="0.87" CONTENT="f."/><SP WIDTH="10" VPOS="342" HPOS="782"/>
							<String ID="string_53" HPOS="792" VPOS="342" WIDTH="41" HEIGHT="21" WC="0.96" CONTENT="den"/><SP WIDTH="9" VPOS="342" HPOS="833"/>
							<String ID="string_54" HPOS="842" VPOS="343" WIDTH="25" HEIGHT="19" WC="0.96" CONTENT="21"/><SP WIDTH="10" VPOS="343" HPOS="867"/>
							<String ID="string_55" HPOS="877" VPOS="340" WIDTH="62" HEIGHT="28" WC="0.96" CONTENT="April"/>
						</TextLine>
						<TextLine ID="line_6" HPOS="182" VPOS="376" WIDTH="757" HEIGHT="28">
							<String ID="string_56" HPOS="182" VPOS="377" WIDTH="53" HEIGHT="20" WC="0.96" CONTENT="1789"/><SP WIDTH="24" VPOS="377" HPOS="235"/>
							<String ID="string_57" HPOS="259" VPOS="376" WIDTH="48" HEIGHT="22" WC="0.93" CONTENT="med"/><SP WIDTH="15" VPOS="376" HPOS="307"/>
							<String ID="string_58" HPOS="322" VPOS="376" WIDTH="184" HEIGHT="28" WC="0.91" CONTENT="grundlagshelgd"/><SP WIDTH="15" VPOS="376" HPOS="506"/>
							<String ID="string_59" HPOS="521" VPOS="376" WIDTH="104" HEIGHT="28" WC="0.93" CONTENT="gällande"/><SP WIDTH="16" VPOS="376" HPOS="625"/>
							<String ID="string_60" HPOS="641" VPOS="376" WIDTH="152" HEIGHT="28" WC="0.89" CONTENT="grundsatsen,"/><SP WIDTH="16" VPOS="376" HPOS="793"/>
							<String ID="string_61" HPOS="809" VPOS="378" WIDTH="33" HEIGHT="20" WC="0.93" CONTENT="att"/><SP WIDTH="15" VPOS="378" HPOS="842"/>
							<String ID="string_62" HPOS="857" VPOS="376" WIDTH="82" HEIGHT="21" WC="0.90" CONTENT="skatte-"/>
						</TextLine>
						<TextLine ID="line_7" HPOS="181" VPOS="410" WIDTH="757" HEIGHT="28">
							<String ID="string_63" HPOS="181" VPOS="410" WIDTH="108" HEIGHT="22" WC="0.92" CONTENT="hemmans"/><SP WIDTH="24" VPOS="410" HPOS="289"/>
							<String ID="string_64" HPOS="313" VPOS="417" WIDTH="64" HEIGHT="21" WC="0.92" CONTENT="egare"/><SP WIDTH="23" VPOS="417" HPOS="377"/>
							<String ID="string_65" HPOS="400" VPOS="412" WIDTH="44" HEIGHT="26" WC="0.96" CONTENT="har,"/><SP WIDTH="23" VPOS="412" HPOS="444"/>
							<String ID="string_66" HPOS="467" VPOS="411" WIDTH="77" HEIGHT="21" WC="0.90" CONTENT="liksom"/><SP WIDTH="24" VPOS="411" HPOS="544"/>
							<String ID="string_67" HPOS="568" VPOS="418" WIDTH="66" HEIGHT="20" WC="0.90" CONTENT="egare"/><SP WIDTH="24" VPOS="418" HPOS="634"/>
							<String ID="string_68" HPOS="658" VPOS="411" WIDTH="25" HEIGHT="21" WC="0.93" CONTENT="af"/><SP WIDTH="17" VPOS="411" HPOS="683"/>
							<String ID="string_69" HPOS="700" VPOS="410" WIDTH="121" HEIGHT="28" WC="0.92" CONTENT="frälsejord,"/><SP WIDTH="17" VPOS="410" HPOS="821"/>
							<String ID="string_70" HPOS="838" VPOS="412" WIDTH="44" HEIGHT="20" WC="0.96" CONTENT="rätt"/><SP WIDTH="16" VPOS="412" HPOS="882"/>
							<String ID="string_71" HPOS="898" VPOS="411" WIDTH="40" HEIGHT="25" WC="0.96" CONTENT="att,"/>
						</TextLine>
						<TextLine ID="line_8" HPOS="181" VPOS="445" WIDTH="758" HEIGHT="28">
							<String ID="string_72" HPOS="181" VPOS="446" WIDTH="52" HEIGHT="19" WC="0.96" CONTENT="utan"/><SP WIDTH="23" VPOS="446" HPOS="233"/>
							<String ID="string_73" HPOS="256" VPOS="445" WIDTH="75" HEIGHT="21" WC="0.96" CONTENT="hinder"/><SP WIDTH="18" VPOS="445" HPOS="331"/>
							<String ID="string_74" HPOS="349" VPOS="445" WIDTH="25" HEIGHT="21" WC="0.96" CONTENT="af"/><SP WIDTH="13" VPOS="445" HPOS="374"/>
							<String ID="string_75" HPOS="387" VPOS="446" WIDTH="126" HEIGHT="21" WC="0.96" CONTENT="hithörande"/><SP WIDTH="16" VPOS="446" HPOS="513"/>
							<String ID="string_76" HPOS="529" VPOS="446" WIDTH="163" HEIGHT="27" WC="0.96" CONTENT="bestämningar"/><SP WIDTH="15" VPOS="446" HPOS="692"/>
							<String ID="string_77" HPOS="707" VPOS="446" WIDTH="8" HEIGHT="20" WC="0.95" CONTENT="i"/><SP WIDTH="16" VPOS="446" HPOS="715"/>
							<String ID="string_78" HPOS="731" VPOS="448" WIDTH="11" HEIGHT="18" WC="0.92" CONTENT="1"/><SP WIDTH="17" VPOS="448" HPOS="742"/>
							<String ID="string_79" HPOS="759" VPOS="446" WIDTH="13" HEIGHT="26" WC="0.89" CONTENT="&amp;"/><SP WIDTH="16" VPOS="446" HPOS="772"/>
							<String ID="string_80" HPOS="788" VPOS="448" WIDTH="12" HEIGHT="18" WC="0.97" CONTENT="2"/><SP WIDTH="17" VPOS="448" HPOS="800"/>
							<String ID="string_81" HPOS="817" VPOS="445" WIDTH="50" HEIGHT="27" WC="0.96" CONTENT="kap."/><SP WIDTH="15" VPOS="445" HPOS="867"/>
							<String ID="string_82" HPOS="882" VPOS="446" WIDTH="57" HEIGHT="20" WC="0.96" CONTENT="samt"/>
						</TextLine>
						<TextLine ID="line_9" HPOS="183" VPOS="478" WIDTH="756" HEIGHT="30">
							<String ID="string_83" HPOS="183" VPOS="480" WIDTH="53" HEIGHT="20" WC="0.89" CONTENT="1—3"/><SP WIDTH="24" VPOS="480" HPOS="236"/>
							<String ID="string_84" HPOS="260" VPOS="480" WIDTH="25" HEIGHT="27" WC="0.66" CONTENT="$$"/><SP WIDTH="23" VPOS="480" HPOS="285"/>
							<String ID="string_85" HPOS="308" VPOS="481" WIDTH="26" HEIGHT="19" WC="0.96" CONTENT="27"/><SP WIDTH="16" VPOS="481" HPOS="334"/>
							<String ID="string_86" HPOS="350" VPOS="480" WIDTH="49" HEIGHT="27" WC="0.93" CONTENT="kap."/><SP WIDTH="17" VPOS="480" HPOS="399"/>
							<String ID="string_87" HPOS="416" VPOS="480" WIDTH="24" HEIGHT="21" WC="0.93" CONTENT="B."/><SP WIDTH="16" VPOS="480" HPOS="440"/>
							<String ID="string_88" HPOS="456" VPOS="481" WIDTH="32" HEIGHT="26" WC="0.92" CONTENT="B.,"/><SP WIDTH="17" VPOS="481" HPOS="488"/>
							<String ID="string_89" HPOS="505" VPOS="481" WIDTH="13" HEIGHT="21" WC="0.92" CONTENT="&amp;"/><SP WIDTH="16" VPOS="481" HPOS="518"/>
							<String ID="string_90" HPOS="534" VPOS="480" WIDTH="41" HEIGHT="22" WC="0.96" CONTENT="den"/><SP WIDTH="15" VPOS="480" HPOS="575"/>
							<String ID="string_91" HPOS="590" VPOS="480" WIDTH="130" HEIGHT="28" WC="0.96" CONTENT="lägenheten"/><SP WIDTH="15" VPOS="480" HPOS="720"/>
							<String ID="string_92" HPOS="735" VPOS="480" WIDTH="34" HEIGHT="22" WC="0.96" CONTENT="till"/><SP WIDTH="16" VPOS="480" HPOS="769"/>
							<String ID="string_93" HPOS="785" VPOS="481" WIDTH="53" HEIGHT="20" WC="0.92" CONTENT="tomt"/><SP WIDTH="15" VPOS="481" HPOS="838"/>
							<String ID="string_94" HPOS="853" VPOS="478" WIDTH="86" HEIGHT="22" WC="0.92" CONTENT="tillskif-"/>
						</TextLine>
						<TextLine ID="line_10" HPOS="180" VPOS="513" WIDTH="759" HEIGHT="29">
							<String ID="string_95" HPOS="180" VPOS="513" WIDTH="51" HEIGHT="21" WC="0.92" CONTENT="tade"/><SP WIDTH="24" VPOS="513" HPOS="231"/>
							<String ID="string_96" HPOS="255" VPOS="514" WIDTH="87" HEIGHT="21" WC="0.96" CONTENT="marken"/><SP WIDTH="19" VPOS="514" HPOS="342"/>
							<String ID="string_97" HPOS="361" VPOS="514" WIDTH="91" HEIGHT="28" WC="0.93" CONTENT="uppföra"/><SP WIDTH="16" VPOS="514" HPOS="452"/>
							<String ID="string_98" HPOS="468" VPOS="515" WIDTH="177" HEIGHT="27" WC="0.92" CONTENT="åbyggnaderna,"/><SP WIDTH="17" VPOS="515" HPOS="645"/>
							<String ID="string_99" HPOS="662" VPOS="516" WIDTH="71" HEIGHT="20" WC="0.96" CONTENT="såsom"/><SP WIDTH="15" VPOS="516" HPOS="733"/>
							<String ID="string_100" HPOS="748" VPOS="515" WIDTH="42" HEIGHT="21" WC="0.96" CONTENT="han"/><SP WIDTH="16" VPOS="515" HPOS="790"/>
							<String ID="string_101" HPOS="806" VPOS="514" WIDTH="51" HEIGHT="28" WC="0.96" CONTENT="sjelf"/><SP WIDTH="13" VPOS="514" HPOS="857"/>
							<String ID="string_102" HPOS="870" VPOS="514" WIDTH="69" HEIGHT="21" WC="0.96" CONTENT="finner"/>
						</TextLine>
						<TextLine ID="line_11" HPOS="180" VPOS="547" WIDTH="759" HEIGHT="29">
							<String ID="string_103" HPOS="180" VPOS="547" WIDTH="34" HEIGHT="22" WC="0.96" CONTENT="för"/><SP WIDTH="22" VPOS="547" HPOS="214"/>
							<String ID="string_104" HPOS="236" VPOS="548" WIDTH="60" HEIGHT="27" WC="0.92" CONTENT="godt."/><SP WIDTH="29" VPOS="548" HPOS="296"/>
							<String ID="string_105" HPOS="325" VPOS="548" WIDTH="44" HEIGHT="22" WC="0.96" CONTENT="För"/><SP WIDTH="22" VPOS="548" HPOS="369"/>
							<String ID="string_106" HPOS="391" VPOS="549" WIDTH="40" HEIGHT="22" WC="0.96" CONTENT="den"/><SP WIDTH="23" VPOS="549" HPOS="431"/>
							<String ID="string_107" HPOS="454" VPOS="550" WIDTH="102" HEIGHT="21" WC="0.96" CONTENT="händelse"/><SP WIDTH="25" VPOS="550" HPOS="556"/>
							<String ID="string_108" HPOS="581" VPOS="552" WIDTH="34" HEIGHT="19" WC="0.96" CONTENT="att"/><SP WIDTH="15" VPOS="552" HPOS="615"/>
							<String ID="string_109" HPOS="630" VPOS="551" WIDTH="84" HEIGHT="25" WC="0.96" CONTENT="tomter,"/><SP WIDTH="17" VPOS="551" HPOS="714"/>
							<String ID="string_110" HPOS="731" VPOS="549" WIDTH="74" HEIGHT="22" WC="0.96" CONTENT="hvilka"/><SP WIDTH="15" VPOS="549" HPOS="805"/>
							<String ID="string_111" HPOS="820" VPOS="549" WIDTH="36" HEIGHT="21" WC="0.96" CONTENT="vid"/><SP WIDTH="16" VPOS="549" HPOS="856"/>
							<String ID="string_112" HPOS="872" VPOS="547" WIDTH="67" HEIGHT="23" WC="0.96" CONTENT="skifte"/>
						</TextLine>
						<TextLine ID="line_12" HPOS="180" VPOS="582" WIDTH="759" HEIGHT="30">
							<String ID="string_113" HPOS="180" VPOS="582" WIDTH="105" HEIGHT="22" WC="0.96" CONTENT="tilldelats"/><SP WIDTH="22" VPOS="582" HPOS="285"/>
							<String ID="string_114" HPOS="307" VPOS="583" WIDTH="125" HEIGHT="27" WC="0.96" CONTENT="lägenheter"/><SP WIDTH="21" VPOS="583" HPOS="432"/>
							<String ID="string_115" HPOS="453" VPOS="584" WIDTH="8" HEIGHT="22" WC="0.96" CONTENT="i"/><SP WIDTH="22" VPOS="584" HPOS="461"/>
							<String ID="string_116" HPOS="483" VPOS="584" WIDTH="35" HEIGHT="28" WC="0.93" CONTENT="by,"/><SP WIDTH="24" VPOS="584" HPOS="518"/>
							<String ID="string_117" HPOS="542" VPOS="584" WIDTH="104" HEIGHT="22" WC="0.91" CONTENT="befunnes"/><SP WIDTH="24" VPOS="584" HPOS="646"/>
							<String ID="string_118" HPOS="670" VPOS="584" WIDTH="34" HEIGHT="22" WC="0.95" CONTENT="för"/><SP WIDTH="22" VPOS="584" HPOS="704"/>
							<String ID="string_119" HPOS="726" VPOS="585" WIDTH="86" HEIGHT="26" WC="0.93" CONTENT="trånga,"/><SP WIDTH="16" VPOS="585" HPOS="812"/>
							<String ID="string_120" HPOS="828" VPOS="582" WIDTH="111" HEIGHT="23" WC="0.90" CONTENT="innebålla"/>
						</TextLine>
						<TextLine ID="line_13" HPOS="180" VPOS="617" WIDTH="757" HEIGHT="29">
							<String ID="string_121" HPOS="180" VPOS="617" WIDTH="63" HEIGHT="21" WC="0.90" CONTENT="neml."/><SP WIDTH="24" VPOS="617" HPOS="243"/>
							<String ID="string_122" HPOS="267" VPOS="618" WIDTH="24" HEIGHT="27" WC="0.94" CONTENT="$$"/><SP WIDTH="24" VPOS="618" HPOS="291"/>
							<String ID="string_123" HPOS="315" VPOS="620" WIDTH="26" HEIGHT="19" WC="0.96" CONTENT="48"/><SP WIDTH="24" VPOS="620" HPOS="341"/>
							<String ID="string_124" HPOS="365" VPOS="619" WIDTH="36" HEIGHT="21" WC="0.96" CONTENT="och"/><SP WIDTH="25" VPOS="619" HPOS="401"/>
							<String ID="string_125" HPOS="426" VPOS="621" WIDTH="26" HEIGHT="19" WC="0.95" CONTENT="52"/><SP WIDTH="20" VPOS="621" HPOS="452"/>
							<String ID="string_126" HPOS="472" VPOS="619" WIDTH="7" HEIGHT="21" WC="0.92" CONTENT="i"/><SP WIDTH="19" VPOS="619" HPOS="479"/>
							<String ID="string_127" HPOS="498" VPOS="619" WIDTH="295" HEIGHT="27" WC="0.91" CONTENT="Landtmäterireglementet"/><SP WIDTH="23" VPOS="619" HPOS="793"/>
							<String ID="string_128" HPOS="816" VPOS="618" WIDTH="24" HEIGHT="21" WC="0.96" CONTENT="af"/><SP WIDTH="14" VPOS="618" HPOS="840"/>
							<String ID="string_129" HPOS="854" VPOS="618" WIDTH="40" HEIGHT="21" WC="0.96" CONTENT="den"/><SP WIDTH="18" VPOS="618" HPOS="894"/>
							<String ID="string_130" HPOS="912" VPOS="618" WIDTH="25" HEIGHT="20" WC="0.96" CONTENT="15"/>
						</TextLine>
						<TextLine ID="line_14" HPOS="180" VPOS="651" WIDTH="758" HEIGHT="30">
							<String ID="string_131" HPOS="180" VPOS="651" WIDTH="45" HEIGHT="27" WC="0.96" CONTENT="Maj"/><SP WIDTH="20" VPOS="651" HPOS="225"/>
							<String ID="string_132" HPOS="245" VPOS="654" WIDTH="54" HEIGHT="20" WC="0.96" CONTENT="1848"/><SP WIDTH="16" VPOS="654" HPOS="299"/>
							<String ID="string_133" HPOS="315" VPOS="652" WIDTH="170" HEIGHT="29" WC="0.96" CONTENT="bestämningar;"/><SP WIDTH="25" VPOS="652" HPOS="485"/>
							<String ID="string_134" HPOS="510" VPOS="654" WIDTH="39" HEIGHT="21" WC="0.96" CONTENT="och"/><SP WIDTH="15" VPOS="654" HPOS="549"/>
							<String ID="string_135" HPOS="564" VPOS="660" WIDTH="44" HEIGHT="15" WC="0.95" CONTENT="som"/><SP WIDTH="15" VPOS="660" HPOS="608"/>
							<String ID="string_136" HPOS="623" VPOS="654" WIDTH="80" HEIGHT="27" WC="0.95" CONTENT="frågan"/><SP WIDTH="16" VPOS="654" HPOS="703"/>
							<String ID="string_137" HPOS="719" VPOS="660" WIDTH="32" HEIGHT="15" WC="0.93" CONTENT="om"/><SP WIDTH="17" VPOS="660" HPOS="751"/>
							<String ID="string_138" HPOS="768" VPOS="653" WIDTH="170" HEIGHT="21" WC="0.92" CONTENT="åstadkomman-"/>
						</TextLine>
						<TextLine ID="line_15" HPOS="181" VPOS="685" WIDTH="757" HEIGHT="30">
							<String ID="string_139" HPOS="181" VPOS="686" WIDTH="36" HEIGHT="21" WC="0.96" CONTENT="det"/><SP WIDTH="18" VPOS="686" HPOS="217"/>
							<String ID="string_140" HPOS="235" VPOS="686" WIDTH="26" HEIGHT="21" WC="0.93" CONTENT="af"/><SP WIDTH="16" VPOS="686" HPOS="261"/>
							<String ID="string_141" HPOS="277" VPOS="686" WIDTH="212" HEIGHT="29" WC="0.91" CONTENT="skiftesregleringar"/><SP WIDTH="15" VPOS="686" HPOS="489"/>
							<String ID="string_142" HPOS="504" VPOS="689" WIDTH="39" HEIGHT="21" WC="0.93" CONTENT="och"/><SP WIDTH="13" VPOS="689" HPOS="543"/>
							<String ID="string_143" HPOS="556" VPOS="688" WIDTH="139" HEIGHT="27" WC="0.92" CONTENT="jemkningar"/><SP WIDTH="15" VPOS="688" HPOS="695"/>
							<String ID="string_144" HPOS="710" VPOS="688" WIDTH="8" HEIGHT="21" WC="0.96" CONTENT="i"/><SP WIDTH="14" VPOS="688" HPOS="718"/>
							<String ID="string_145" HPOS="732" VPOS="687" WIDTH="56" HEIGHT="22" WC="0.95" CONTENT="strid"/><SP WIDTH="14" VPOS="687" HPOS="788"/>
							<String ID="string_146" HPOS="802" VPOS="689" WIDTH="44" HEIGHT="19" WC="0.96" CONTENT="mot"/><SP WIDTH="15" VPOS="689" HPOS="846"/>
							<String ID="string_147" HPOS="861" VPOS="693" WIDTH="27" HEIGHT="15" WC="0.96" CONTENT="en"/><SP WIDTH="15" VPOS="693" HPOS="888"/>
							<String ID="string_148" HPOS="903" VPOS="685" WIDTH="35" HEIGHT="22" WC="0.96" CONTENT="del"/>
						</TextLine>
						<TextLine ID="line_16" HPOS="181" VPOS="720" WIDTH="757" HEIGHT="30">
							<String ID="string_149" HPOS="181" VPOS="720" WIDTH="112" HEIGHT="28" WC="0.91" CONTENT="delegares"/><SP WIDTH="22" VPOS="720" HPOS="293"/>
							<String ID="string_150" HPOS="315" VPOS="722" WIDTH="53" HEIGHT="27" WC="0.96" CONTENT="vilja"/><SP WIDTH="21" VPOS="722" HPOS="368"/>
							<String ID="string_151" HPOS="389" VPOS="722" WIDTH="72" HEIGHT="22" WC="0.95" CONTENT="blifvit"/><SP WIDTH="22" VPOS="722" HPOS="461"/>
							<String ID="string_152" HPOS="483" VPOS="722" WIDTH="91" HEIGHT="22" WC="0.96" CONTENT="föremål"/><SP WIDTH="15" VPOS="722" HPOS="574"/>
							<String ID="string_153" HPOS="589" VPOS="722" WIDTH="34" HEIGHT="22" WC="0.93" CONTENT="för"/><SP WIDTH="15" VPOS="722" HPOS="623"/>
							<String ID="string_154" HPOS="638" VPOS="722" WIDTH="102" HEIGHT="28" WC="0.93" CONTENT="pröfning"/><SP WIDTH="15" VPOS="722" HPOS="740"/>
							<String ID="string_155" HPOS="755" VPOS="721" WIDTH="25" HEIGHT="22" WC="0.97" CONTENT="af"/><SP WIDTH="14" VPOS="721" HPOS="780"/>
							<String ID="string_156" HPOS="794" VPOS="728" WIDTH="26" HEIGHT="16" WC="0.96" CONTENT="en"/><SP WIDTH="15" VPOS="728" HPOS="820"/>
							<String ID="string_157" HPOS="835" VPOS="721" WIDTH="35" HEIGHT="22" WC="0.93" CONTENT="för"/><SP WIDTH="14" VPOS="721" HPOS="870"/>
							<String ID="string_158" HPOS="884" VPOS="721" WIDTH="54" HEIGHT="22" WC="0.93" CONTENT="revi-"/>
						</TextLine>
						<TextLine ID="line_17" HPOS="180" VPOS="754" WIDTH="758" HEIGHT="30">
							<String ID="string_159" HPOS="180" VPOS="755" WIDTH="46" HEIGHT="21" WC="0.93" CONTENT="sion"/><SP WIDTH="23" VPOS="755" HPOS="226"/>
							<String ID="string_160" HPOS="249" VPOS="754" WIDTH="25" HEIGHT="22" WC="0.93" CONTENT="af"/><SP WIDTH="21" VPOS="754" HPOS="274"/>
							<String ID="string_161" HPOS="295" VPOS="756" WIDTH="279" HEIGHT="28" WC="0.92" CONTENT="landtmäterireglementet"/><SP WIDTH="24" VPOS="756" HPOS="574"/>
							<String ID="string_162" HPOS="598" VPOS="758" WIDTH="88" HEIGHT="21" WC="0.91" CONTENT="nedsatt"/><SP WIDTH="19" VPOS="758" HPOS="686"/>
							<String ID="string_163" HPOS="705" VPOS="756" WIDTH="87" HEIGHT="27" WC="0.86" CONTENT="komit6,"/><SP WIDTH="16" VPOS="756" HPOS="792"/>
							<String ID="string_164" HPOS="808" VPOS="757" WIDTH="40" HEIGHT="21" WC="0.93" CONTENT="har"/><SP WIDTH="15" VPOS="757" HPOS="848"/>
							<String ID="string_165" HPOS="863" VPOS="756" WIDTH="75" HEIGHT="22" WC="0.93" CONTENT="ofvan-"/>
						</TextLine>
						<TextLine ID="line_18" HPOS="180" VPOS="790" WIDTH="758" HEIGHT="28">
							<String ID="string_166" HPOS="180" VPOS="790" WIDTH="94" HEIGHT="21" WC="0.90" CONTENT="nämnda"/><SP WIDTH="22" VPOS="790" HPOS="274"/>
							<String ID="string_167" HPOS="296" VPOS="790" WIDTH="174" HEIGHT="22" WC="0.43" CONTENT="förstadskomit6"/><SP WIDTH="22" VPOS="790" HPOS="470"/>
							<String ID="string_168" HPOS="492" VPOS="794" WIDTH="72" HEIGHT="19" WC="0.96" CONTENT="ansett"/><SP WIDTH="21" VPOS="794" HPOS="564"/>
							<String ID="string_169" HPOS="585" VPOS="792" WIDTH="42" HEIGHT="21" WC="0.96" CONTENT="den"/><SP WIDTH="15" VPOS="792" HPOS="627"/>
							<String ID="string_170" HPOS="642" VPOS="792" WIDTH="34" HEIGHT="21" WC="0.93" CONTENT="för"/><SP WIDTH="15" VPOS="792" HPOS="676"/>
							<String ID="string_171" HPOS="691" VPOS="791" WIDTH="117" HEIGHT="21" WC="0.95" CONTENT="samhällen"/><SP WIDTH="16" VPOS="791" HPOS="808"/>
							<String ID="string_172" HPOS="824" VPOS="791" WIDTH="28" HEIGHT="27" WC="0.93" CONTENT="pä"/><SP WIDTH="16" VPOS="791" HPOS="852"/>
							<String ID="string_173" HPOS="868" VPOS="790" WIDTH="70" HEIGHT="22" WC="0.92" CONTENT="lands-"/>
						</TextLine>
						<TextLine ID="line_19" HPOS="181" VPOS="824" WIDTH="757" HEIGHT="30">
							<String ID="string_174" HPOS="181" VPOS="824" WIDTH="86" HEIGHT="28" WC="0.96" CONTENT="bygden"/><SP WIDTH="16" VPOS="824" HPOS="267"/>
							<String ID="string_175" HPOS="283" VPOS="825" WIDTH="47" HEIGHT="21" WC="0.92" CONTENT="med"/><SP WIDTH="15" VPOS="825" HPOS="330"/>
							<String ID="string_176" HPOS="345" VPOS="826" WIDTH="176" HEIGHT="28" WC="0.91" CONTENT="sammanträngd"/><SP WIDTH="15" VPOS="826" HPOS="521"/>
							<String ID="string_177" HPOS="536" VPOS="826" WIDTH="127" HEIGHT="28" WC="0.93" CONTENT="befolkning"/><SP WIDTH="16" VPOS="826" HPOS="663"/>
							<String ID="string_178" HPOS="679" VPOS="826" WIDTH="91" HEIGHT="22" WC="0.91" CONTENT="afsedda"/><SP WIDTH="10" VPOS="826" HPOS="770"/>
							<String ID="string_179" HPOS="780" VPOS="825" WIDTH="158" HEIGHT="28" WC="0.95" CONTENT="författningen"/>
						</TextLine>
						<TextLine ID="line_20" HPOS="181" VPOS="858" WIDTH="759" HEIGHT="31">
							<String ID="string_180" HPOS="181" VPOS="858" WIDTH="47" HEIGHT="22" WC="0.96" CONTENT="icke"/><SP WIDTH="23" VPOS="858" HPOS="228"/>
							<String ID="string_181" HPOS="251" VPOS="860" WIDTH="54" HEIGHT="20" WC="0.96" CONTENT="böra"/><SP WIDTH="22" VPOS="860" HPOS="305"/>
							<String ID="string_182" HPOS="327" VPOS="860" WIDTH="76" HEIGHT="22" WC="0.93" CONTENT="beröra"/><SP WIDTH="15" VPOS="860" HPOS="403"/>
							<String ID="string_183" HPOS="418" VPOS="862" WIDTH="148" HEIGHT="26" WC="0.66" CONTENT="nyssantyddä"/><SP WIDTH="15" VPOS="862" HPOS="566"/>
							<String ID="string_184" HPOS="581" VPOS="861" WIDTH="70" HEIGHT="28" WC="0.94" CONTENT="fråga."/><SP WIDTH="31" VPOS="861" HPOS="651"/>
							<String ID="string_185" HPOS="682" VPOS="861" WIDTH="74" HEIGHT="22" WC="0.93" CONTENT="Under"/><SP WIDTH="16" VPOS="861" HPOS="756"/>
							<String ID="string_186" HPOS="772" VPOS="860" WIDTH="127" HEIGHT="28" WC="0.96" CONTENT="påpekande"/><SP WIDTH="17" VPOS="860" HPOS="899"/>
							<String ID="string_187" HPOS="916" VPOS="860" WIDTH="24" HEIGHT="21" WC="0.97" CONTENT="af"/>
						</TextLine>
						<TextLine ID="line_21" HPOS="180" VPOS="894" WIDTH="758" HEIGHT="29">
							<String ID="string_188" HPOS="180" VPOS="896" WIDTH="34" HEIGHT="19" WC="0.93" CONTENT="att"/><SP WIDTH="20" VPOS="896" HPOS="214"/>
							<String ID="string_189" HPOS="234" VPOS="894" WIDTH="132" HEIGHT="22" WC="0.91" CONTENT="Ständernas"/><SP WIDTH="19" VPOS="894" HPOS="366"/>
							<String ID="string_190" HPOS="385" VPOS="896" WIDTH="131" HEIGHT="21" WC="0.96" CONTENT="medverkan"/><SP WIDTH="15" VPOS="896" HPOS="516"/>
							<String ID="string_191" HPOS="531" VPOS="898" WIDTH="25" HEIGHT="19" WC="0.96" CONTENT="är"/><SP WIDTH="15" VPOS="898" HPOS="556"/>
							<String ID="string_192" HPOS="571" VPOS="896" WIDTH="128" HEIGHT="27" WC="0.96" CONTENT="erforderlig"/><SP WIDTH="16" VPOS="896" HPOS="699"/>
							<String ID="string_193" HPOS="715" VPOS="895" WIDTH="34" HEIGHT="22" WC="0.96" CONTENT="för"/><SP WIDTH="15" VPOS="895" HPOS="749"/>
							<String ID="string_194" HPOS="764" VPOS="895" WIDTH="93" HEIGHT="27" WC="0.96" CONTENT="ändring"/><SP WIDTH="15" VPOS="895" HPOS="857"/>
							<String ID="string_195" HPOS="872" VPOS="894" WIDTH="25" HEIGHT="22" WC="0.96" CONTENT="af"/><SP WIDTH="15" VPOS="894" HPOS="897"/>
							<String ID="string_196" HPOS="912" VPOS="894" WIDTH="26" HEIGHT="22" WC="0.95" CONTENT="de"/>
						</TextLine>
						<TextLine ID="line_22" HPOS="180" VPOS="928" WIDTH="758" HEIGHT="29">
							<String ID="string_197" HPOS="180" VPOS="928" WIDTH="129" HEIGHT="22" WC="0.96" CONTENT="hithörande"/><SP WIDTH="15" VPOS="928" HPOS="309"/>
							<String ID="string_198" HPOS="324" VPOS="929" WIDTH="136" HEIGHT="27" WC="0.96" CONTENT="stadganden"/><SP WIDTH="15" VPOS="929" HPOS="460"/>
							<String ID="string_199" HPOS="475" VPOS="930" WIDTH="7" HEIGHT="21" WC="0.92" CONTENT="i"/><SP WIDTH="15" VPOS="930" HPOS="482"/>
							<String ID="string_200" HPOS="497" VPOS="930" WIDTH="141" HEIGHT="22" WC="0.92" CONTENT="landtmäteri"/><SP WIDTH="16" VPOS="930" HPOS="638"/>
							<String ID="string_201" HPOS="654" VPOS="930" WIDTH="148" HEIGHT="27" WC="0.96" CONTENT="reglementet,"/><SP WIDTH="16" VPOS="930" HPOS="802"/>
							<String ID="string_202" HPOS="818" VPOS="929" WIDTH="74" HEIGHT="22" WC="0.92" CONTENT="hvilka"/><SP WIDTH="16" VPOS="929" HPOS="892"/>
							<String ID="string_203" HPOS="908" VPOS="928" WIDTH="30" HEIGHT="22" WC="0.92" CONTENT="ef-"/>
						</TextLine>
						<TextLine ID="line_23" HPOS="180" VPOS="963" WIDTH="758" HEIGHT="29">
							<String ID="string_204" HPOS="180" VPOS="964" WIDTH="33" HEIGHT="20" WC="0.92" CONTENT="ter"/><SP WIDTH="16" VPOS="964" HPOS="213"/>
							<String ID="string_205" HPOS="229" VPOS="963" WIDTH="238" HEIGHT="28" WC="0.89" CONTENT="storskifftsprincipens"/><SP WIDTH="16" VPOS="963" HPOS="467"/>
							<String ID="string_206" HPOS="483" VPOS="966" WIDTH="114" HEIGHT="26" WC="0.96" CONTENT="uppkomst"/><SP WIDTH="16" VPOS="966" HPOS="597"/>
							<String ID="string_207" HPOS="613" VPOS="966" WIDTH="69" HEIGHT="20" WC="0.93" CONTENT="ersatt"/><SP WIDTH="15" VPOS="966" HPOS="682"/>
							<String ID="string_208" HPOS="697" VPOS="964" WIDTH="151" HEIGHT="28" WC="0.92" CONTENT="stadgandena"/><SP WIDTH="12" VPOS="964" HPOS="848"/>
							<String ID="string_209" HPOS="860" VPOS="964" WIDTH="6" HEIGHT="21" WC="0.94" CONTENT="i"/><SP WIDTH="13" VPOS="964" HPOS="866"/>
							<String ID="string_210" HPOS="879" VPOS="966" WIDTH="10" HEIGHT="18" WC="0.93" CONTENT="1"/><SP WIDTH="10" VPOS="966" HPOS="889"/>
							<String ID="string_211" HPOS="899" VPOS="964" WIDTH="39" HEIGHT="21" WC="0.93" CONTENT="och"/>
						</TextLine>
						<TextLine ID="line_24" HPOS="181" VPOS="997" WIDTH="757" HEIGHT="27">
							<String ID="string_212" HPOS="181" VPOS="999" WIDTH="12" HEIGHT="19" WC="0.96" CONTENT="2"/><SP WIDTH="16" VPOS="999" HPOS="193"/>
							<String ID="string_213" HPOS="209" VPOS="997" WIDTH="65" HEIGHT="27" WC="0.93" CONTENT="kapp."/><SP WIDTH="16" VPOS="997" HPOS="274"/>
							<String ID="string_214" HPOS="290" VPOS="998" WIDTH="24" HEIGHT="21" WC="0.92" CONTENT="B."/><SP WIDTH="16" VPOS="998" HPOS="314"/>
							<String ID="string_215" HPOS="330" VPOS="998" WIDTH="32" HEIGHT="26" WC="0.92" CONTENT="B.,"/><SP WIDTH="17" VPOS="998" HPOS="362"/>
							<String ID="string_216" HPOS="379" VPOS="998" WIDTH="35" HEIGHT="22" WC="0.96" CONTENT="får"/><SP WIDTH="14" VPOS="998" HPOS="414"/>
							<String ID="string_217" HPOS="428" VPOS="999" WIDTH="114" HEIGHT="21" WC="0.96" CONTENT="Utskottet"/><SP WIDTH="16" VPOS="999" HPOS="542"/>
							<String ID="string_218" HPOS="558" VPOS="999" WIDTH="64" HEIGHT="21" WC="0.91" CONTENT="alltså"/><SP WIDTH="16" VPOS="999" HPOS="622"/>
							<String ID="string_219" HPOS="638" VPOS="1006" WIDTH="29" HEIGHT="14" WC="0.95" CONTENT="nu"/><SP WIDTH="16" VPOS="1006" HPOS="667"/>
							<String ID="string_220" HPOS="683" VPOS="999" WIDTH="77" HEIGHT="21" WC="0.95" CONTENT="endast"/><SP WIDTH="12" VPOS="999" HPOS="760"/>
							<String ID="string_221" HPOS="772" VPOS="998" WIDTH="120" HEIGHT="26" WC="0.96" CONTENT="framhålla,"/><SP WIDTH="12" VPOS="998" HPOS="892"/>
							<String ID="string_222" HPOS="904" VPOS="1000" WIDTH="34" HEIGHT="19" WC="0.96" CONTENT="att"/>
						</TextLine>
						<TextLine ID="line_25" HPOS="180" VPOS="1033" WIDTH="759" HEIGHT="28">
							<String ID="string_223" HPOS="180" VPOS="1037" WIDTH="76" HEIGHT="16" WC="0.96" CONTENT="senare"/><SP WIDTH="23" VPOS="1037" HPOS="256"/>
							<String ID="string_224" HPOS="279" VPOS="1034" WIDTH="115" HEIGHT="20" WC="0.95" CONTENT="momentet"/><SP WIDTH="22" VPOS="1034" HPOS="394"/>
							<String ID="string_225" HPOS="416" VPOS="1033" WIDTH="24" HEIGHT="21" WC="0.96" CONTENT="af"/><SP WIDTH="18" VPOS="1033" HPOS="440"/>
							<String ID="string_226" HPOS="458" VPOS="1036" WIDTH="10" HEIGHT="18" WC="0.95" CONTENT="1"/><SP WIDTH="17" VPOS="1036" HPOS="468"/>
							<String ID="string_227" HPOS="485" VPOS="1035" WIDTH="12" HEIGHT="26" WC="0.79" CONTENT="&amp;"/><SP WIDTH="15" VPOS="1035" HPOS="497"/>
							<String ID="string_228" HPOS="512" VPOS="1033" WIDTH="8" HEIGHT="22" WC="0.96" CONTENT="i"/><SP WIDTH="16" VPOS="1033" HPOS="520"/>
							<String ID="string_229" HPOS="536" VPOS="1034" WIDTH="41" HEIGHT="21" WC="0.96" CONTENT="den"/><SP WIDTH="15" VPOS="1034" HPOS="577"/>
							<String ID="string_230" HPOS="592" VPOS="1034" WIDTH="50" HEIGHT="20" WC="0.95" CONTENT="nåd."/><SP WIDTH="17" VPOS="1034" HPOS="642"/>
							<String ID="string_231" HPOS="659" VPOS="1033" WIDTH="159" HEIGHT="27" WC="0.96" CONTENT="propositionen"/><SP WIDTH="16" VPOS="1033" HPOS="818"/>
							<String ID="string_232" HPOS="834" VPOS="1033" WIDTH="105" HEIGHT="21" WC="0.96" CONTENT="utesluter"/>
						</TextLine>
						<TextLine ID="line_26" HPOS="179" VPOS="1064" WIDTH="759" HEIGHT="31">
							<String ID="string_233" HPOS="179" VPOS="1064" WIDTH="170" HEIGHT="30" WC="0.96" CONTENT="författningens"/><SP WIDTH="23" VPOS="1064" HPOS="349"/>
							<String ID="string_234" HPOS="372" VPOS="1067" WIDTH="136" HEIGHT="28" WC="0.95" CONTENT="tillämpning"/><SP WIDTH="20" VPOS="1067" HPOS="508"/>
							<String ID="string_235" HPOS="528" VPOS="1068" WIDTH="29" HEIGHT="27" WC="0.92" CONTENT="på"/><SP WIDTH="23" VPOS="1068" HPOS="557"/>
							<String ID="string_236" HPOS="580" VPOS="1068" WIDTH="136" HEIGHT="22" WC="0.92" CONTENT="hemmanens"/><SP WIDTH="22" VPOS="1068" HPOS="716"/>
							<String ID="string_237" HPOS="738" VPOS="1068" WIDTH="137" HEIGHT="26" WC="0.90" CONTENT="tomtplatser"/><SP WIDTH="15" VPOS="1068" HPOS="875"/>
							<String ID="string_238" HPOS="890" VPOS="1067" WIDTH="48" HEIGHT="22" WC="0.96" CONTENT="med"/>
						</TextLine>
						<TextLine ID="line_27" HPOS="180" VPOS="1100" WIDTH="440" HEIGHT="30">
							<String ID="string_239" HPOS="180" VPOS="1100" WIDTH="62" HEIGHT="22" WC="0.93" CONTENT="deras"/><SP WIDTH="17" VPOS="1100" HPOS="242"/>
							<String ID="string_240" HPOS="259" VPOS="1101" WIDTH="13" HEIGHT="21" WC="0.92" CONTENT="å"/><SP WIDTH="17" VPOS="1101" HPOS="272"/>
							<String ID="string_241" HPOS="289" VPOS="1101" WIDTH="46" HEIGHT="21" WC="0.96" CONTENT="dem"/><SP WIDTH="16" VPOS="1101" HPOS="335"/>
							<String ID="string_242" HPOS="351" VPOS="1102" WIDTH="106" HEIGHT="27" WC="0.93" CONTENT="uppförda"/><SP WIDTH="15" VPOS="1102" HPOS="457"/>
							<String ID="string_243" HPOS="472" VPOS="1102" WIDTH="148" HEIGHT="28" WC="0.90" CONTENT="åbyggnader."/>
						</TextLine>
					</TextBlock>
					<TextBlock ID="block_2" HPOS="177" VPOS="1135" WIDTH="762" HEIGHT="304">
						<TextLine ID="line_28" HPOS="249" VPOS="1135" WIDTH="689" HEIGHT="29">
							<String ID="string_244" HPOS="249" VPOS="1135" WIDTH="80" HEIGHT="21" WC="0.96" CONTENT="Vidare"/><SP WIDTH="23" VPOS="1135" HPOS="329"/>
							<String ID="string_245" HPOS="352" VPOS="1138" WIDTH="25" HEIGHT="19" WC="0.96" CONTENT="är"/><SP WIDTH="17" VPOS="1138" HPOS="377"/>
							<String ID="string_246" HPOS="394" VPOS="1139" WIDTH="35" HEIGHT="19" WC="0.96" CONTENT="att"/><SP WIDTH="15" VPOS="1139" HPOS="429"/>
							<String ID="string_247" HPOS="444" VPOS="1137" WIDTH="74" HEIGHT="21" WC="0.96" CONTENT="märka"/><SP WIDTH="16" VPOS="1137" HPOS="518"/>
							<String ID="string_248" HPOS="534" VPOS="1139" WIDTH="34" HEIGHT="19" WC="0.93" CONTENT="att"/><SP WIDTH="14" VPOS="1139" HPOS="568"/>
							<String ID="string_249" HPOS="582" VPOS="1136" WIDTH="249" HEIGHT="28" WC="0.92" CONTENT="författningsförslaget"/><SP WIDTH="15" VPOS="1136" HPOS="831"/>
							<String ID="string_250" HPOS="846" VPOS="1136" WIDTH="92" HEIGHT="21" WC="0.95" CONTENT="handlar"/>
						</TextLine>
						<TextLine ID="line_29" HPOS="179" VPOS="1169" WIDTH="759" HEIGHT="29">
							<String ID="string_251" HPOS="179" VPOS="1169" WIDTH="56" HEIGHT="21" WC="0.96" CONTENT="blott"/><SP WIDTH="15" VPOS="1169" HPOS="235"/>
							<String ID="string_252" HPOS="250" VPOS="1176" WIDTH="32" HEIGHT="15" WC="0.96" CONTENT="om"/><SP WIDTH="17" VPOS="1176" HPOS="282"/>
							<String ID="string_253" HPOS="299" VPOS="1170" WIDTH="139" HEIGHT="22" WC="0.95" CONTENT="utfärdandet"/><SP WIDTH="16" VPOS="1170" HPOS="438"/>
							<String ID="string_254" HPOS="454" VPOS="1171" WIDTH="24" HEIGHT="21" WC="0.95" CONTENT="af"/><SP WIDTH="13" VPOS="1171" HPOS="478"/>
							<String ID="string_255" HPOS="491" VPOS="1171" WIDTH="26" HEIGHT="21" WC="0.96" CONTENT="de"/><SP WIDTH="15" VPOS="1171" HPOS="517"/>
							<String ID="string_256" HPOS="532" VPOS="1172" WIDTH="60" HEIGHT="26" WC="0.96" CONTENT="slags"/><SP WIDTH="15" VPOS="1172" HPOS="592"/>
							<String ID="string_257" HPOS="607" VPOS="1170" WIDTH="145" HEIGHT="27" WC="0.96" CONTENT="föreskrifter,"/><SP WIDTH="16" VPOS="1170" HPOS="752"/>
							<String ID="string_258" HPOS="768" VPOS="1177" WIDTH="44" HEIGHT="15" WC="0.96" CONTENT="som"/><SP WIDTH="11" VPOS="1177" HPOS="812"/>
							<String ID="string_259" HPOS="823" VPOS="1170" WIDTH="67" HEIGHT="22" WC="0.93" CONTENT="hafva"/><SP WIDTH="10" VPOS="1170" HPOS="890"/>
							<String ID="string_260" HPOS="900" VPOS="1170" WIDTH="38" HEIGHT="22" WC="0.92" CONTENT="ka-"/>
						</TextLine>
						<TextLine ID="line_30" HPOS="178" VPOS="1204" WIDTH="761" HEIGHT="29">
							<String ID="string_261" HPOS="178" VPOS="1204" WIDTH="103" HEIGHT="22" WC="0.91" CONTENT="rakteren"/><SP WIDTH="23" VPOS="1204" HPOS="281"/>
							<String ID="string_262" HPOS="304" VPOS="1204" WIDTH="25" HEIGHT="22" WC="0.92" CONTENT="af"/><SP WIDTH="19" VPOS="1204" HPOS="329"/>
							<String ID="string_263" HPOS="348" VPOS="1205" WIDTH="204" HEIGHT="28" WC="0.89" CONTENT="politistadganden,"/><SP WIDTH="24" VPOS="1205" HPOS="552"/>
							<String ID="string_264" HPOS="576" VPOS="1208" WIDTH="58" HEIGHT="19" WC="0.96" CONTENT="samt"/><SP WIDTH="22" VPOS="1208" HPOS="634"/>
							<String ID="string_265" HPOS="656" VPOS="1208" WIDTH="35" HEIGHT="19" WC="0.96" CONTENT="att"/><SP WIDTH="15" VPOS="1208" HPOS="691"/>
							<String ID="string_266" HPOS="706" VPOS="1205" WIDTH="134" HEIGHT="27" WC="0.96" CONTENT="rättigheten"/><SP WIDTH="16" VPOS="1205" HPOS="840"/>
							<String ID="string_267" HPOS="856" VPOS="1207" WIDTH="34" HEIGHT="19" WC="0.93" CONTENT="att"/><SP WIDTH="15" VPOS="1207" HPOS="890"/>
							<String ID="string_268" HPOS="905" VPOS="1207" WIDTH="34" HEIGHT="19" WC="0.93" CONTENT="ut-"/>
						</TextLine>
						<TextLine ID="line_31" HPOS="178" VPOS="1237" WIDTH="761" HEIGHT="25">
							<String ID="string_269" HPOS="178" VPOS="1237" WIDTH="63" HEIGHT="22" WC="0.92" CONTENT="färda"/><SP WIDTH="16" VPOS="1237" HPOS="241"/>
							<String ID="string_270" HPOS="257" VPOS="1238" WIDTH="52" HEIGHT="22" WC="0.95" CONTENT="eller"/><SP WIDTH="15" VPOS="1238" HPOS="309"/>
							<String ID="string_271" HPOS="324" VPOS="1238" WIDTH="109" HEIGHT="23" WC="0.96" CONTENT="fastställa"/><SP WIDTH="14" VPOS="1238" HPOS="433"/>
							<String ID="string_272" HPOS="447" VPOS="1240" WIDTH="83" HEIGHT="22" WC="0.96" CONTENT="sådana"/><SP WIDTH="15" VPOS="1240" HPOS="530"/>
							<String ID="string_273" HPOS="545" VPOS="1240" WIDTH="47" HEIGHT="22" WC="0.96" CONTENT="icke"/><SP WIDTH="16" VPOS="1240" HPOS="592"/>
							<String ID="string_274" HPOS="608" VPOS="1240" WIDTH="122" HEIGHT="22" WC="0.96" CONTENT="innefattar"/><SP WIDTH="14" VPOS="1240" HPOS="730"/>
							<String ID="string_275" HPOS="744" VPOS="1241" WIDTH="46" HEIGHT="20" WC="0.96" CONTENT="rätt"/><SP WIDTH="15" VPOS="1241" HPOS="790"/>
							<String ID="string_276" HPOS="805" VPOS="1241" WIDTH="33" HEIGHT="20" WC="0.96" CONTENT="att"/><SP WIDTH="12" VPOS="1241" HPOS="838"/>
							<String ID="string_277" HPOS="850" VPOS="1238" WIDTH="89" HEIGHT="23" WC="0.96" CONTENT="utfärda"/>
						</TextLine>
						<TextLine ID="line_32" HPOS="178" VPOS="1272" WIDTH="760" HEIGHT="30">
							<String ID="string_278" HPOS="178" VPOS="1272" WIDTH="143" HEIGHT="28" WC="0.96" CONTENT="stadganden,"/><SP WIDTH="23" VPOS="1272" HPOS="321"/>
							<String ID="string_279" HPOS="344" VPOS="1280" WIDTH="43" HEIGHT="14" WC="0.96" CONTENT="som"/><SP WIDTH="25" VPOS="1280" HPOS="387"/>
							<String ID="string_280" HPOS="412" VPOS="1274" WIDTH="68" HEIGHT="22" WC="0.94" CONTENT="ändra"/><SP WIDTH="22" VPOS="1274" HPOS="480"/>
							<String ID="string_281" HPOS="502" VPOS="1275" WIDTH="52" HEIGHT="21" WC="0.93" CONTENT="eller"/><SP WIDTH="24" VPOS="1275" HPOS="554"/>
							<String ID="string_282" HPOS="578" VPOS="1274" WIDTH="111" HEIGHT="28" WC="0.90" CONTENT="upphäfva"/><SP WIDTH="15" VPOS="1274" HPOS="689"/>
							<String ID="string_283" HPOS="704" VPOS="1274" WIDTH="140" HEIGHT="22" WC="0.91" CONTENT="förvärfvade"/><SP WIDTH="14" VPOS="1274" HPOS="844"/>
							<String ID="string_284" HPOS="858" VPOS="1274" WIDTH="80" HEIGHT="27" WC="0.91" CONTENT="rättig-"/>
						</TextLine>
						<TextLine ID="line_33" HPOS="179" VPOS="1306" WIDTH="759" HEIGHT="30">
							<String ID="string_285" HPOS="179" VPOS="1306" WIDTH="67" HEIGHT="22" WC="0.91" CONTENT="heter."/><SP WIDTH="31" VPOS="1306" HPOS="246"/>
							<String ID="string_286" HPOS="277" VPOS="1306" WIDTH="78" HEIGHT="23" WC="0.79" CONTENT="Såvidt"/><SP WIDTH="21" VPOS="1306" HPOS="355"/>
							<String ID="string_287" HPOS="376" VPOS="1308" WIDTH="85" HEIGHT="22" WC="0.96" CONTENT="således"/><SP WIDTH="18" VPOS="1308" HPOS="461"/>
							<String ID="string_288" HPOS="479" VPOS="1309" WIDTH="110" HEIGHT="27" WC="0.96" CONTENT="reglering"/><SP WIDTH="17" VPOS="1309" HPOS="589"/>
							<String ID="string_289" HPOS="606" VPOS="1309" WIDTH="25" HEIGHT="21" WC="0.93" CONTENT="af"/><SP WIDTH="13" VPOS="1309" HPOS="631"/>
							<String ID="string_290" HPOS="644" VPOS="1308" WIDTH="132" HEIGHT="28" WC="0.91" CONTENT="byggnads-,"/><SP WIDTH="16" VPOS="1308" HPOS="776"/>
							<String ID="string_291" HPOS="792" VPOS="1308" WIDTH="79" HEIGHT="22" WC="0.92" CONTENT="brand-"/><SP WIDTH="15" VPOS="1308" HPOS="871"/>
							<String ID="string_292" HPOS="886" VPOS="1308" WIDTH="52" HEIGHT="22" WC="0.96" CONTENT="eller"/>
						</TextLine>
						<TextLine ID="line_34" HPOS="178" VPOS="1341" WIDTH="761" HEIGHT="29">
							<String ID="string_293" HPOS="178" VPOS="1341" WIDTH="209" HEIGHT="23" WC="0.92" CONTENT="sundhetsväsendet"/><SP WIDTH="22" VPOS="1341" HPOS="387"/>
							<String ID="string_294" HPOS="409" VPOS="1342" WIDTH="56" HEIGHT="22" WC="0.96" CONTENT="inom"/><SP WIDTH="22" VPOS="1342" HPOS="465"/>
							<String ID="string_295" HPOS="487" VPOS="1345" WIDTH="33" HEIGHT="20" WC="0.96" CONTENT="ett"/><SP WIDTH="18" VPOS="1345" HPOS="520"/>
							<String ID="string_296" HPOS="538" VPOS="1343" WIDTH="105" HEIGHT="22" WC="0.93" CONTENT="samhälle"/><SP WIDTH="15" VPOS="1343" HPOS="643"/>
							<String ID="string_297" HPOS="658" VPOS="1342" WIDTH="85" HEIGHT="27" WC="0.92" CONTENT="kräfde,"/><SP WIDTH="16" VPOS="1342" HPOS="743"/>
							<String ID="string_298" HPOS="759" VPOS="1344" WIDTH="34" HEIGHT="20" WC="0.93" CONTENT="att"/><SP WIDTH="15" VPOS="1344" HPOS="793"/>
							<String ID="string_299" HPOS="808" VPOS="1342" WIDTH="131" HEIGHT="28" WC="0.91" CONTENT="eganderätt"/>
						</TextLine>
						<TextLine ID="line_35" HPOS="179" VPOS="1375" WIDTH="760" HEIGHT="30">
							<String ID="string_300" HPOS="179" VPOS="1375" WIDTH="51" HEIGHT="21" WC="0.95" CONTENT="eller"/><SP WIDTH="18" VPOS="1375" HPOS="230"/>
							<String ID="string_301" HPOS="248" VPOS="1382" WIDTH="72" HEIGHT="15" WC="0.93" CONTENT="annan"/><SP WIDTH="15" VPOS="1382" HPOS="320"/>
							<String ID="string_302" HPOS="335" VPOS="1377" WIDTH="85" HEIGHT="21" WC="0.92" CONTENT="sakrätt"/><SP WIDTH="14" VPOS="1377" HPOS="420"/>
							<String ID="string_303" HPOS="434" VPOS="1378" WIDTH="8" HEIGHT="20" WC="0.96" CONTENT="i"/><SP WIDTH="13" VPOS="1378" HPOS="442"/>
							<String ID="string_304" HPOS="455" VPOS="1378" WIDTH="50" HEIGHT="27" WC="0.93" CONTENT="jord"/><SP WIDTH="15" VPOS="1378" HPOS="505"/>
							<String ID="string_305" HPOS="520" VPOS="1378" WIDTH="105" HEIGHT="22" WC="0.92" CONTENT="afhändes"/><SP WIDTH="16" VPOS="1378" HPOS="625"/>
							<String ID="string_306" HPOS="641" VPOS="1378" WIDTH="49" HEIGHT="21" WC="0.93" CONTENT="dess"/><SP WIDTH="16" VPOS="1378" HPOS="690"/>
							<String ID="string_307" HPOS="706" VPOS="1377" WIDTH="147" HEIGHT="26" WC="0.92" CONTENT="innehafvare,"/><SP WIDTH="17" VPOS="1377" HPOS="853"/>
							<String ID="string_308" HPOS="870" VPOS="1376" WIDTH="69" HEIGHT="22" WC="0.96" CONTENT="skulle"/>
						</TextLine>
						<TextLine ID="line_36" HPOS="177" VPOS="1410" WIDTH="762" HEIGHT="29">
							<String ID="string_309" HPOS="177" VPOS="1410" WIDTH="80" HEIGHT="21" WC="0.89" CONTENT="sädant"/><SP WIDTH="23" VPOS="1410" HPOS="257"/>
							<String ID="string_310" HPOS="280" VPOS="1410" WIDTH="19" HEIGHT="28" WC="0.90" CONTENT="ej"/><SP WIDTH="24" VPOS="1410" HPOS="299"/>
							<String ID="string_311" HPOS="323" VPOS="1411" WIDTH="73" HEIGHT="21" WC="0.93" CONTENT="kunna"/><SP WIDTH="21" VPOS="1411" HPOS="396"/>
							<String ID="string_312" HPOS="417" VPOS="1412" WIDTH="39" HEIGHT="22" WC="0.93" CONTENT="ske"/><SP WIDTH="22" VPOS="1412" HPOS="456"/>
							<String ID="string_313" HPOS="478" VPOS="1414" WIDTH="54" HEIGHT="20" WC="0.96" CONTENT="utan"/><SP WIDTH="23" VPOS="1414" HPOS="532"/>
							<String ID="string_314" HPOS="555" VPOS="1412" WIDTH="39" HEIGHT="22" WC="0.96" CONTENT="full"/><SP WIDTH="20" VPOS="1412" HPOS="594"/>
							<String ID="string_315" HPOS="614" VPOS="1411" WIDTH="123" HEIGHT="28" WC="0.96" CONTENT="ersättning"/><SP WIDTH="15" VPOS="1411" HPOS="737"/>
							<String ID="string_316" HPOS="752" VPOS="1411" WIDTH="70" HEIGHT="27" WC="0.96" CONTENT="enligt"/><SP WIDTH="14" VPOS="1411" HPOS="822"/>
							<String ID="string_317" HPOS="836" VPOS="1411" WIDTH="103" HEIGHT="27" WC="0.96" CONTENT="gällande"/>
						</TextLine>
					</TextBlock>
					<TextBlock ID="block_3" HPOS="247" VPOS="1450" WIDTH="408" HEIGHT="20">
						<TextLine ID="line_37" HPOS="247" VPOS="1450" WIDTH="408" HEIGHT="20">
							<String ID="string_318" HPOS="247" VPOS="1450" WIDTH="207" HEIGHT="19" WC="0.91" CONTENT="Kommunalutskottets"/><SP WIDTH="12" VPOS="1450" HPOS="454"/>
							<String ID="string_319" HPOS="466" VPOS="1452" WIDTH="112" HEIGHT="18" WC="0.96" CONTENT="betänkande"/><SP WIDTH="12" VPOS="1452" HPOS="578"/>
							<String ID="string_320" HPOS="590" VPOS="1451" WIDTH="34" HEIGHT="19" WC="0.96" CONTENT="N:o"/><SP WIDTH="15" VPOS="1451" HPOS="624"/>
							<String ID="string_321" HPOS="639" VPOS="1452" WIDTH="16" HEIGHT="17" WC="0.96" CONTENT="6."/>
						</TextLine>
					</TextBlock>
				</ComposedBlock>
			</PrintSpace>
		</Page>
	</Layout>
</alto>
