1045 1656
349 131 24 23 U.
389 132 22 22 B.
427 145 30 3 —
472 132 60 29 Prop.
549 132 37 22 N:o
601 131 36 23 23.
855 133 13 21 9

117 207 98 25 gränsen
239 203 36 22 för
299 203 110 22 Senatens
431 203 133 29 kompetens
587 204 35 21 uti
645 210 32 15 nu
695 202 174 30 ifrägavarande

118 239 106 22 afseende
246 239 20 29 ej
283 246 54 15 vara
353 240 25 20 sä
402 239 86 29 tydligt
512 239 109 29 angifven
641 241 35 19 att
692 239 38 21 det
745 239 8 21 i
768 239 100 29 tillämp-

117 276 86 28 ningen
227 275 67 21 alltid
317 277 57 19 utan
398 275 118 29 svärighet
539 275 77 22 kunde
635 275 97 29 afgöras,
755 274 114 22 huruvida

118 311 38 21 det
178 312 131 20 ankommer
329 312 12 20 ä
357 311 66 21 Hans
438 311 108 29 Majestät
562 311 55 22 eller
633 311 99 22 Senaten
751 313 35 19 att
808 310 60 22 med-

119 346 50 22 dela
192 346 106 22 tillstånd
321 346 37 22 till
382 347 177 29 expropriation.
591 347 52 21 Med
670 346 94 29 hänsigt
789 346 79 22 härtill

119 382 41 22 och
184 382 30 22 då
238 382 111 22 Senatens
371 382 286 30 Ekonomiedepartement
683 382 73 29 enligt
781 384 14 20 2
821 384 13 26 8
859 382 9 22 i

119 418 162 28 förordningen
305 418 26 21 af
353 418 44 21 den
420 419 28 21 23
470 418 44 27 juli
538 419 58 22 1896
612 419 9 21 i
637 418 168 22 administrativ
823 421 46 26 väg

119 453 93 22 erhällit
234 456 47 19 rätt
304 457 35 18 att
361 457 57 18 utan
441 453 137 30 föregäende
601 454 145 29 underdänig
762 454 107 22 hemstäl-

118 490 37 21 lan
178 489 108 22 förordna
308 490 37 21 till
368 491 170 28 expropriation
562 490 26 22 af
608 490 65 22 mark
691 490 35 22 för
741 489 126 23 statsända-

120 525 51 28 mål,
188 525 29 22 dä
232 527 243 28 ersättoingssumman
491 526 50 22 icke
557 526 136 29 öfverstiger
709 527 79 27 25,000
797 526 71 27 mark,

120 562 58 21 dock
204 561 20 29 ej
252 561 35 22 för
311 562 99 21 militära
442 562 111 27 ändamål,
584 563 85 22 tillåter
695 562 36 29 sig
750 562 119 22 Utskottet

120 597 84 22 föreslå
220 599 36 20 att
271 599 13 20 3
307 599 6 26 $
329 598 6 21 i
353 598 84 29 nådiga
453 599 170 28 propositionen
639 599 72 20 måtte
725 597 142 23 omformule-

120 641 36 14 ras
172 633 8 22 i
197 633 39 22 det
252 634 61 28 syfte
329 636 35 19 att
379 633 159 22 meddelandet
549 634 26 22 af
583 634 104 21 tillstånd
695 634 37 21 till
740 633 128 30 expropria-

119 669 49 22 tion
188 669 76 22 blefve
281 669 24 22 af
318 669 66 22 Hans
399 669 131 29 Kejserliga
545 670 108 29 Majestät
668 669 117 28 beroende,
793 669 76 22 såvida

119 705 50 22 icke
196 705 66 22 Hans
285 705 108 29 Majestät
416 705 125 30 uppdragit
564 706 36 21 sin
623 708 47 19 rätt
693 705 137 22 härutinnan
846 706 23 21 åt

119 741 99 22 Senaten
235 741 53 22 eller
299 741 35 22 uti
349 743 15 20 4
379 743 13 26 &
409 741 142 22 annorlunda
566 741 97 30 stadgas.

189 777 63 21 Enär
275 777 158 29 ordalydelsen
456 778 35 21 uti
515 777 57 22 sista
595 778 121 29 meningen
735 777 25 22 af
774 779 11 20 1
803 784 65 15 mom.

119 813 7 20 i
143 813 13 22 3
173 815 13 25 &
203 813 77 22 kunde
296 813 66 28 gifva
378 813 124 29 anledning
518 813 37 22 till
571 813 70 22 sådan
655 813 111 29 tolkning,
777 815 34 20 att
822 813 45 22 till-

119 849 67 21 stånd
207 849 37 21 till
260 849 143 29 anläggning
419 849 26 22 af
456 849 98 29 jernväg
570 849 55 22 eller
641 849 66 22 kanal
723 849 68 22 äfven
806 849 62 22 med-

118 884 64 22 förde
197 887 47 19 rätt
260 885 37 21 till
312 885 143 29 anläggning
464 885 26 22 af
504 885 28 22 de
547 885 37 22 för
599 885 114 29 företaget
728 885 85 29 nödiga
829 888 38 19 vä-

118 928 42 21 gar
175 920 43 22 och
234 920 67 22 diken
317 925 58 17 samt
390 921 37 21 till
437 920 132 22 erhållande
585 921 26 22 af
624 921 186 29 fyllningsärne,
818 923 50 19 sten

117 956 42 22 och
175 964 61 21 grus,
253 958 55 20 utan
325 958 34 20 att
367 956 38 22 det
413 956 35 22 för
457 957 142 21 sistnämnda
607 957 106 22 ändamål
721 956 147 30 erforderliga

117 992 103 22 området
234 992 97 22 behöfde
346 992 9 22 i
369 992 54 29 laga
438 992 99 30 ordning
547 993 162 29 exproprieras,
720 993 42 21 har
773 992 94 22 Utskot-

117 1030 34 19 tet
165 1028 35 21 uti
216 1028 95 22 berörda
327 1030 100 20 moment
437 1028 102 30 vidtagit
549 1036 28 14 en
589 1029 88 21 mindre
688 1029 103 28 ändring,
802 1028 65 22 hvar-

117 1064 91 28 igenom
224 1072 28 14 en
268 1064 65 28 dylik
349 1065 8 21 i
373 1065 43 21 den
432 1064 86 30 nådiga
534 1065 169 29 propositionen
719 1064 148 29 synbarligen

117 1100 48 21 icke
181 1100 93 28 åsyftad
289 1100 150 29 uppfattning
454 1100 143 30 förebygges.

187 1136 75 22 Sedan
281 1137 8 21 i
309 1138 10 20 1
338 1138 13 26 &
367 1139 72 19 såsom
455 1136 83 23 allmän
554 1136 63 29 regel
633 1137 114 28 uppstälts
762 1135 103 29 skyldig-

116 1172 40 21 het
171 1172 37 21 för
222 1180 68 21 egare
305 1172 55 22 eller
376 1172 149 22 innehafvare
542 1173 26 21 af
582 1172 46 22 fast
644 1173 111 29 egendom
772 1173 39 26 att,
827 1172 40 22 der

117 1207 96 22 allmänt
229 1208 71 22 behof
313 1208 40 22 det
367 1208 98 28 kräfver,
482 1208 60 22 afstä
557 1208 140 29 egendomen
713 1208 55 22 eller
778 1207 47 23 täla
833 1208 33 22 in-

116 1244 144 29 skränkning
278 1244 8 22 i
307 1246 34 20 sin
357 1247 47 19 rätt
419 1247 35 19 att
469 1245 106 28 begagna
590 1244 136 28 densamma,
742 1243 125 23 innehäller

115 1280 15 21 4
148 1281 14 25 8
183 1280 141 22 beträffande
340 1280 172 29 expropriation
528 1280 36 22 för
580 1280 143 29 anläggning
738 1280 26 22 af
777 1287 32 21 ny
825 1279 41 22 all-

115 1318 52 18 män
184 1319 46 25 väg
245 1316 42 21 och
309 1316 36 22 för
371 1316 131 22 erhällande
528 1316 26 21 af
577 1316 220 29 väglagningsämne
823 1314 42 22 den

115 1351 153 29 bestämning,
285 1354 34 19 att
335 1352 199 29 expropriationen
550 1352 36 21 för
601 1352 66 22 dessa
682 1350 105 24 ändamål
802 1352 8 21 i
825 1350 41 22 all-

115 1386 93 21 mänhet
232 1387 71 21 borde
325 1387 48 22 afse
397 1388 80 21 endast
500 1388 169 28 inskränkning
688 1388 8 21 i
712 1387 153 28 fastighetens

115 1421 155 29 begagnande.
300 1422 154 22 Erkännande
474 1422 143 29 riktigheten
633 1423 26 22 af
672 1423 60 22 hvad
747 1422 117 29 lagbered-

181 1470 142 22 Lagutskottets
336 1471 116 18 betänkande
465 1470 37 19 N:o
516 1471 16 18 7.

896 1137 12 25 8
924 1136 20 21 4.
