1028 1659
175 123 15 22 8
399 124 28 23 U.
443 125 27 23 B.
486 139 30 3 —
531 125 75 29 Prop.
622 126 44 22 N:o
681 125 38 23 32.

175 198 74 20 såsom
265 196 70 23 ofvan
350 197 69 22 redan
435 198 100 28 antydts,
553 200 35 19 att
603 197 162 29 saköreslängd
781 197 57 22 skall
854 197 8 22 i
873 197 55 22 fort-

174 231 98 30 löpande
293 232 98 30 ordning
408 235 103 27 upptaga
531 233 46 21 alla
591 233 73 21 under
679 234 49 20 året
743 233 98 22 ådömda
856 233 70 28 böter,

174 267 127 30 hvarjemte
320 272 102 18 närmare
441 269 172 29 bestämningar
631 269 114 21 meddelas
761 269 117 29 angående
894 269 34 22 öf-

174 303 51 29 riga
240 304 170 30 anteckningar,
427 305 80 22 hvilka
523 305 64 22 skola
603 304 9 22 i
627 305 162 29 saköreslängd
804 305 61 29 ingå.
887 304 41 23 Uti

174 341 28 26 88
223 340 20 28 2,
267 340 20 28 3,
307 341 15 21 4
337 340 43 22 och
396 341 13 21 6
425 341 115 21 meddelas
556 341 141 29 stadganden
714 341 117 29 angående
852 341 75 21 termi-

173 382 76 21 nerna,
267 376 62 22 inom
343 376 80 22 hvilka
437 377 86 29 utdrag
537 384 28 14 ur
575 376 162 30 saköreslängd
747 376 59 22 skall
817 376 111 23 aflemuas

174 411 35 21 till
232 412 183 29 verkställighet;
439 412 42 22 och
505 416 25 18 är
553 412 74 22 denna
650 412 81 22 termin
751 412 176 23 vidkommande

174 447 91 22 domare
284 450 29 27 på
333 448 78 22 landet
430 448 103 22 bestämd
552 448 37 22 för
607 448 112 22 ordinarie
738 448 51 29 ting
804 448 36 22 till
855 448 71 22 sextio

174 482 69 28 dagar
258 484 58 21 efter
331 484 85 29 tingets
432 484 45 22 slut
496 486 59 20 samt
571 484 141 22 beträffande
727 484 84 22 urtima
826 484 51 30 ting
892 487 35 20 så-

175 518 76 29 lunda,
275 522 34 19 att
323 520 85 29 utdrag
423 528 26 14 ur
468 520 162 29 saköreslängd
649 520 59 22 skall
723 520 62 22 inom
801 528 27 14 en
844 521 83 21 månad

173 555 58 22 efter
250 555 68 22 hvart
335 556 122 28 fjerdedels
473 558 36 20 års
524 556 91 29 förlopp
631 556 107 22 aflemnas
753 556 37 22 för
805 556 45 22 alla
865 556 62 22 inom

173 591 72 29 sagda
260 591 35 22 tid
310 592 119 22 förefallna
443 592 85 22 urtima
538 592 57 29 ting.
627 592 147 22 Sistnämnda
784 592 142 22 tidsbestäm-

173 627 56 29 ning
249 628 72 28 gäller
341 628 69 22 äfven
425 628 36 22 för
480 628 143 22 hofrätterna
638 628 43 22 och
696 627 111 23 Senatens
822 628 104 22 Justitie-

174 663 161 29 departement,
352 664 119 22 hvaremot
486 664 174 21 underrätterna
675 664 8 21 i
698 663 52 22 stad
766 666 38 19 äro
820 664 106 30 skyldiga

174 701 34 20 att
223 699 37 22 för
275 699 80 29 hvarje
370 700 83 21 månad
469 699 36 22 till
521 699 169 22 vederbörande
706 699 111 22 exekutor
831 699 96 23 aflemna

173 735 85 29 utdrag
277 743 26 14 ur
322 736 197 28 saköreslängden,
535 735 119 22 äfvensom
670 735 74 29 öfriga
760 736 166 28 myndigheter,

173 771 80 22 hvilka
276 779 42 21 ega
342 771 81 22 ådöma
441 772 72 27 böter,
533 771 38 22 för
592 770 79 30 hvarje
692 771 61 21 halft
775 773 25 20 år
818 771 62 22 inom
898 780 28 14 en

174 807 84 22 månad
274 810 57 19 etter
347 807 109 22 halfårets
471 807 97 30 förlopp.

247 844 74 22 Sedan
341 844 84 29 utdrag
445 852 27 14 ur
491 844 162 29 saköreslängd
672 844 125 27 aflemnats,
815 844 64 28 skall,
897 847 29 27 på

174 880 75 29 grund
272 879 26 22 af
314 879 171 23 föreskrifterna
508 880 35 22 uti
564 881 13 26 8
593 880 21 28 8,
631 879 171 22 vederbörande
818 880 109 22 exekutor

175 913 164 31 ofördröjligen
357 916 49 28 och,
423 916 40 21 der
478 916 20 28 ej
515 916 53 29 laga
583 916 81 21 hinder
678 917 80 26 möter,
775 918 76 20 senast
866 916 60 22 inom

175 959 40 15 sex
232 952 85 21 veckor
334 951 106 22 befordra
459 952 128 21 detsamma
605 951 35 22 till
655 951 175 29 verkställighet
845 959 82 21 genom

174 987 107 22 böternas
302 988 126 21 utsökande
452 988 61 27 eller,
537 987 40 22 vid
593 986 116 22 bristande
725 986 103 30 tillgång,
844 995 82 21 genom

176 1024 44 21 den
227 1023 114 22 sakfäldes
349 1023 139 22 insändande
497 1026 34 20 att
539 1023 91 22 försona
639 1023 116 21 desamma
759 1023 51 21 med
819 1023 107 29 fängelse.

175 1059 88 22 Dervid
278 1066 53 22 eger
347 1059 109 21 exekutor
471 1059 73 29 enligt
560 1060 13 26 $
589 1059 14 21 9
620 1058 70 22 anlita
706 1058 168 22 vederbörande
886 1066 41 22 gu-

175 1097 94 19 vernörs
286 1094 179 30 handräckning,
481 1094 9 22 i
505 1094 108 22 händelse
632 1094 43 22 den
693 1094 104 22 bötfälde
812 1096 25 20 är
852 1094 76 22 bosatt

175 1133 64 19 utom
258 1130 95 22 häradet
371 1130 54 22 eller
444 1130 85 28 staden,
550 1130 61 28 eller,
627 1130 71 22 ehuru
714 1130 87 21 boende
817 1130 61 22 inom
894 1130 33 22 di-

176 1166 98 28 striktet,
295 1166 100 29 begifvit
412 1166 36 29 sig
467 1166 106 28 derifrån,
593 1168 56 19 utan
668 1168 35 19 att
721 1165 76 22 lemna
815 1166 58 21 efter
892 1166 36 28 sig

175 1202 106 29 tillgång,
297 1209 49 15 som
361 1209 78 15 svarar
457 1204 48 20 mot
523 1202 101 21 böterna.
655 1201 81 29 Enligt
751 1202 14 26 $
782 1201 28 21 14
824 1203 104 27 gvarstär

175 1237 153 29 kronofogdes
352 1238 43 21 och
416 1237 132 29 magistrats
566 1237 139 29 befogenhet
725 1238 35 20 att
778 1237 72 21 under
867 1237 61 21 vissa

175 1273 76 22 vilkor
273 1272 48 23 låta
344 1273 124 22 verkställa
491 1272 140 23 bötesbeslut
654 1280 83 22 genom
760 1272 167 22 vederbörande

175 1309 104 21 länsman
297 1308 55 22 eller
371 1309 139 29 stadsfogde.
547 1308 135 22 Kontrollen
702 1308 65 22 öfver
784 1308 143 29 verkställig-

175 1344 69 22 heten
261 1344 88 30 åligger
363 1344 74 30 enligt
453 1346 12 26 $
483 1345 28 21 16
527 1346 148 28 guvernören.

248 1382 174 27 Redovisningen
449 1380 36 22 för
507 1380 204 29 verkställigheten
735 1380 26 22 af
780 1380 146 28 bötesbeslut,

175 1416 101 28 hvilken,
298 1418 75 20 såsom
396 1416 98 29 tidigare
517 1418 98 26 nämnts,
631 1416 36 22 för
690 1413 142 25 närvarande
848 1416 51 21 sker
919 1416 8 21 i

247 1464 138 23 Lagutskottets
398 1464 117 19 betänkande
527 1464 38 18 N:o
577 1464 28 18 12.
