1036 1656
289 141 83 22 Ständ.
391 141 38 22 Sv.
445 153 26 3 —
488 141 74 28 Prop.
579 141 43 22 N:o
638 140 38 23 25.
845 142 11 19 9

102 213 55 22 med
180 212 97 27 30,000
298 212 72 22 mark
393 219 40 15 om
457 211 54 23 året
534 212 46 22 och
603 212 47 22 har
669 212 68 22 detta
756 212 99 28 belopp,

102 247 32 28 på
162 247 49 22 sätt
233 247 4 21 i
256 247 49 22 den
330 247 94 28 nådiga
449 247 190 28 propositionen
664 247 127 28 upplyses,
811 246 46 22 till-

102 281 60 22 fullo
190 281 75 29 tagits
286 281 8 22 i
317 281 117 28 anspråk,
457 281 175 22 hvarförutom
655 282 34 21 ett
706 282 64 21 stort
789 280 68 23 antal

103 315 172 29 ansökningar
301 321 40 16 om
368 315 91 29 bidrag
487 322 30 15 ur
544 315 74 22 dessa
646 315 80 22 medel
744 315 62 22 bero
824 315 32 28 på

103 350 146 29 afgörande.
286 350 12 21 I
319 349 79 23 likhet
419 349 56 22 med
500 349 143 23 Ständerna
662 350 42 21 vid
726 349 66 23 1894
816 349 41 22 års

102 384 123 29 landtdag
244 391 60 15 anse
320 384 149 29 visserligen
483 384 74 22 äfven
571 391 35 15 nu
618 384 152 22 församlade
785 383 71 23 Stän-

103 419 51 26 der,
179 420 36 21 att
239 419 82 22 såsom
344 419 69 28 regel
434 418 47 23 bör
503 419 140 28 uppställas
662 419 195 21 kommunernas

105 453 144 29 skyldighet
285 454 36 21 att
350 453 109 28 uppföra
487 453 181 22 folkskolehus.
715 453 43 22 Ett
786 453 72 28 långt

103 487 92 23 drifvet
222 487 216 29 tillmötesgående
463 487 25 22 af
512 487 150 22 förberörda
686 487 172 29 ansökningar

103 522 79 22 skulle
201 522 128 29 nämligen
346 522 57 22 leda
422 522 36 22 till
477 522 48 22 den
544 522 130 26 orättvisa,
695 523 35 21 att
746 522 31 22 de
790 522 68 21 kom-

103 563 94 20 muner,
218 563 53 16 som
290 556 97 23 sentida
401 556 131 29 tillgodose
545 556 311 29 folkbildningsbehofvet,

103 591 94 22 erhålla
225 597 31 16 en
283 591 105 26 lättnad,
416 591 102 22 hvilken
543 591 54 22 icke
618 591 104 22 kommit
743 591 56 22 dem
821 590 37 22 till

103 625 47 27 del,
171 632 53 15 som
243 625 36 22 till
298 625 63 22 först
379 625 98 29 påtagit
495 625 38 29 sig
552 625 104 29 utgifter
675 625 93 22 härför.
797 624 61 23 Ifrä-

103 660 146 28 gavarande
270 660 101 28 anslags
391 660 117 22 ändamål
527 660 45 22 bör
588 660 86 22 därför
688 660 97 28 strängt
798 659 60 22 fixe-

103 701 41 15 ras
163 694 46 22 och
228 694 92 29 bidrag
339 694 77 22 därur
434 694 61 29 utgå
515 694 89 22 endast
622 694 8 22 i
649 694 31 22 de
698 694 50 26 fall,
770 694 35 22 att
824 694 34 21 ett

105 728 110 30 verkligt
233 729 46 21 och
297 729 148 22 därförutan
465 729 127 29 svårligen
608 728 162 23 realiserbart
782 728 77 22 behof

105 763 24 22 af
147 763 71 22 skola
237 763 143 29 föreligger.
418 763 110 22 Beaktas
547 763 47 22 bör
613 763 82 26 äfven,
716 764 36 21 att
764 763 39 21 för
816 763 42 21 än-

104 798 109 21 damålet
225 797 42 22 lån
280 798 86 22 kunna
386 798 107 21 erhållas
507 804 29 16 ur
550 799 95 21 statens
659 796 197 30 utlåningsfond,

105 832 174 22 hvarförutom
293 832 26 22 åt
331 832 135 22 medellösa
484 832 148 22 kommuner
644 832 71 22 virke
728 831 131 23 kostnads-

105 866 53 22 fritt
185 866 86 29 gifvits
298 866 46 22 och
372 866 75 22 äfven
475 866 133 22 framdeles
633 866 71 22 torde
727 866 83 29 gifvas
829 872 31 15 ur

106 900 111 22 kronans
236 900 101 29 skogar.
375 901 56 22 Men
451 901 75 22 äfven
544 907 40 16 om
603 901 47 21 här
670 900 111 29 antydda
794 900 66 28 prin-

106 935 67 28 ciper
194 934 75 29 följas
292 935 43 22 vid
359 935 184 22 understödens
561 935 157 29 utgifvande,
738 934 72 22 torde
828 940 32 16 en

107 969 112 29 stegring
239 969 25 22 af
282 969 221 29 anslagsbeloppet
523 969 79 23 blifva
624 969 155 29 nödvändig,
799 969 61 21 enär

106 1004 91 28 många
218 1004 25 21 af
261 1004 31 22 de
320 1004 155 26 kommuner,
504 1010 53 16 som
584 1004 123 22 härintills
726 1004 54 21 icke
798 1009 62 22 upp-

105 1038 76 22 rättat
199 1038 133 26 folkskola,
351 1038 52 28 just
422 1038 25 22 af
465 1038 133 29 fattigdom
614 1038 113 22 härifrån
741 1037 117 23 afhållits.

106 1072 38 22 Då
163 1072 84 22 härtill
271 1072 112 22 kommer
403 1074 42 25 att,
465 1073 32 28 på
517 1074 49 21 sätt
584 1073 8 21 i
610 1072 190 29 propositionen
820 1078 40 15 an-

106 1106 80 28 tydes,
210 1113 31 15 ur
264 1107 79 28 sagda
365 1107 81 22 medel
471 1108 89 28 anslag
578 1107 95 29 jämväl
691 1113 61 16 vore
772 1107 36 21 att
825 1107 35 20 ut-

106 1141 83 29 gifvas
217 1141 36 22 till
280 1141 145 22 beredande
445 1141 25 22 af
487 1142 120 28 lämpliga
636 1140 162 30 slöjdlokaler
816 1140 44 22 vid

106 1175 180 27 folkskolorna,
307 1177 34 21 ett
358 1176 125 27 ändamål,
497 1182 53 16 som
564 1176 54 22 icke
632 1176 77 22 heller
721 1176 51 21 kan
786 1174 75 22 förbi-

106 1216 47 20 ses,
181 1210 78 22 hafva
289 1210 142 23 Ständerna
459 1211 22 28 ej
501 1211 67 22 velat
586 1211 118 22 motsätta
726 1210 39 29 sig
784 1209 50 22 den
852 1209 8 21 i

106 1244 93 29 nådiga
235 1245 188 28 propositionen
454 1245 144 29 föreslagna
629 1244 178 29 förhöjningen
836 1243 26 22 af

106 1279 197 28 ifrågavarande
323 1279 96 28 anslag.

175 1312 143 23 Ständerna
337 1313 25 22 få
381 1313 107 22 sålunda
507 1313 184 28 underdånigst
710 1312 109 22 anmäla:

380 1381 32 19 alt
435 1379 125 21 Ständerna
583 1379 36 27 för
641 1378 53 21 åren
708 1378 154 21 1898—1900

310 1413 53 21 stält
385 1413 36 21 till
442 1413 148 28 Regeringens
614 1413 130 27 förfogande
759 1412 103 26 150,000

310 1447 68 27 mark,
400 1447 36 27 för
453 1449 34 19 att
507 1447 54 28 efter
573 1447 109 28 pröfning
697 1447 9 20 i
720 1446 76 27 hvarje
811 1447 49 19 sär-
