1023 1659
175 147 28 21 14
361 146 86 24 Ständ.
462 147 38 23 Sv.
518 160 28 3 —
561 147 76 29 Prop.
653 147 42 23 N:o
711 146 39 23 29.

524 217 29 21 34
568 216 17 28 &.

243 256 62 21 Efter
320 256 93 21 slutförd
428 256 132 27 utskrifning
574 257 50 20 med
639 258 32 19 ett
685 256 199 27 lottningsområde,
899 256 35 21 må

173 289 257 28 utskrifningsnämnden,
453 291 27 21 då
502 291 116 27 anledning
639 290 149 27 förekommer,
808 290 23 21 af
847 290 26 21 de
888 290 46 21 icke

174 324 107 22 utskrifna
296 325 101 21 hästarna
411 325 110 21 kvarhålla
536 325 24 22 så
575 325 83 27 många,
671 331 47 15 som
731 325 86 27 pröfvas
828 324 105 22 erforder-

174 358 43 27 liga
238 358 33 22 för
286 358 92 28 fyllande
394 359 22 21 af
429 359 59 26 brist,
504 366 48 15 som
567 359 142 28 tillätventyrs
725 359 41 21 kan
782 359 79 27 uppstå
875 359 57 20 inom

174 395 65 19 annat
249 393 198 28 lottningsområde.
473 394 80 21 Kunna
563 394 27 21 de
601 394 90 21 sålunda
701 393 123 22 kvarhållna
832 393 102 21 hästarna

174 427 46 22 icke
243 427 151 22 hemförlofvas
416 429 58 20 inom
497 428 110 27 tjugufyra
625 429 85 20 timmar
727 427 53 22 efter
796 428 36 21 det
846 427 86 22 utskrif-

174 462 79 27 ningen
269 463 49 20 med
333 463 202 26 lottningsområdet
550 462 106 26 afslutats,
672 469 51 14 vare
739 462 113 27 hästegare
864 462 68 21 berät-

174 496 58 27 tigad
256 496 31 21 till
308 497 120 27 ersättning
447 497 67 27 enligt
536 499 49 19 taxa
603 497 34 21 för
660 497 108 27 tidspillan
791 496 39 21 och
845 496 87 21 hästens

174 530 111 27 utfodring
300 531 68 21 under
383 531 73 27 hvarje
470 531 95 27 följande
581 531 63 27 dygn,
657 531 90 21 hvarvid
760 530 172 27 öfverskjutande

175 564 34 22 del
224 564 23 21 af
261 565 56 26 dygn
333 565 104 22 beräknas
454 566 70 21 såsom
540 565 45 22 helt
600 566 62 27 dygn.

244 604 69 22 Blifva
336 605 71 22 hästar
430 606 7 21 i
456 606 68 21 andra
544 605 37 22 fall
596 607 27 20 än
639 606 36 21 det
690 606 32 21 uti
738 606 11 20 1
765 611 64 15 mom.
844 604 88 22 anförda

174 639 124 21 kvarhållna
321 639 12 21 å
355 639 205 28 utskrifningsställe
582 640 74 27 längre
677 640 31 21 tid
723 641 27 20 än
766 641 33 19 tre
814 639 62 27 dygn,
892 638 40 21 till-

174 673 97 22 kommer
294 673 112 28 hästegare
429 675 110 20 enahanda
560 675 137 26 godtgörelse
718 673 33 22 för
773 673 73 28 hvarje
864 673 68 22 öfver-

175 707 114 28 skjutande
305 708 55 27 dygn
377 708 51 21 eller
443 709 34 20 del
493 708 23 21 af
529 709 64 26 dygn.

524 789 28 20 35
567 789 18 27 &.

244 828 69 21 Innan
334 828 71 22 beslut
427 835 34 15 om
484 828 131 27 utskrifning
637 828 51 21 eller
711 828 113 27 kassering
845 827 23 22 af
883 828 49 21 häst

175 861 69 27 fattas,
268 863 53 21 skall
343 863 17 27 ej
377 863 83 21 mindre
475 863 41 21 den
532 863 165 27 militärperson,
712 863 85 21 hvilken
814 864 117 25 emottager

175 896 107 26 hästarna,
305 899 26 18 än
354 897 144 21 ordföranden
516 897 7 21 i
541 897 243 27 besiktningsnämnden
800 897 38 21 och
854 902 77 21 egaren

175 931 31 20 till
224 931 81 26 hästen,
325 931 82 22 lemnas
422 931 81 22 tillfälle
518 933 32 20 att
564 932 7 20 i
586 931 101 22 afseende
702 931 13 21 &
730 931 124 22 densamma
868 931 63 21 fram-

175 965 62 21 ställa
260 965 26 21 de
307 966 171 27 anmärkningar,
502 966 31 21 till
551 966 72 21 hvilka
637 966 27 21 de
679 972 52 15 anse
747 965 45 22 skäl
807 965 124 26 förefinnas;

175 999 39 21 och
239 1005 50 21 eger
315 1000 250 27 utskrifninesnämnden
590 1000 35 21 vid
651 1000 92 21 berörda
767 999 164 27 anmärkningar

174 1032 56 22 fästa
244 1033 113 28 tillbörligt
371 1034 106 21 afseende.

243 1073 46 22 Har
304 1073 196 28 hästemottagaren
517 1074 17 27 ej
551 1074 13 21 å
579 1075 68 20 utsatt
659 1074 31 21 tid
705 1074 87 21 anländt
804 1074 31 21 till
845 1073 86 22 utskrif-

173 1107 143 27 ningsstället,
339 1110 76 25 utgöre
435 1109 59 20 detta
509 1108 18 27 ej
544 1108 76 21 hinder
636 1108 33 21 för
684 1108 170 27 förrättningens
870 1108 61 27 gång.

474 1234 51 21 VII
555 1234 80 21 KAP.

293 1285 36 22 Om
345 1285 106 22 lättnader
465 1285 5 22 i
487 1285 102 22 afseende
604 1283 13 24 å
633 1284 181 28 hästutskrifning.

524 1337 27 21 36
567 1337 17 28 8.

243 1382 54 26 Den,
322 1383 64 21 hvars
412 1383 48 21 häst
483 1384 51 20 utan
556 1382 97 28 frivilligt
673 1382 73 22 anbud
765 1381 122 27 utskrifves,
908 1384 24 19 är

174 1416 119 27 berättigad
316 1418 37 24 att,
377 1416 53 22 efter
445 1417 74 21 därom
542 1416 39 22 hos
603 1416 251 28 utskrifningsnämnden
870 1416 62 28 gjord

173 1450 105 27 anmälan,
291 1451 75 27 utbyta
379 1451 123 21 densamma
513 1453 45 19 mot
568 1458 70 14 annan
651 1451 100 27 godkänd
761 1451 49 21 häst
820 1450 22 22 af
851 1457 81 15 samma
