1023 1656
315 128 22 22 U.
355 128 22 22 B.
394 140 28 2 —
437 128 65 27 Prop.
520 127 36 23 N:o
572 128 38 22 29.
780 127 26 21 13

156 187 20 27 Å
197 200 80 14 samma
299 193 30 21 tid
350 192 51 22 böra
420 193 99 27 samtliga
535 193 110 27 hästegare
661 193 59 21 inom
737 192 101 26 området,

86 230 52 20 efter
160 229 92 27 kallelse,
273 229 32 20 till
324 228 186 29 samlingsplatsen
531 228 100 22 befordra
647 228 42 21 alla
705 228 48 21 dem
768 228 69 20 tillhö-

86 265 46 27 riga
152 265 76 27 hästar,
247 264 73 21 hvilka
341 264 45 21 före
409 264 41 22 den
468 265 10 20 1
496 264 92 22 Januari
605 271 80 14 samma
702 264 23 21 år
740 264 40 27 fylt
795 264 43 21 fem

86 300 29 28 år,
135 301 49 21 med
199 300 110 28 undantag
329 300 21 20 af
371 300 26 21 de
417 300 7 21 i
441 301 12 27 $
469 302 13 19 2
500 300 130 22 omnämnda
647 300 109 21 äfvensom
772 301 66 26 ögon-

86 336 110 28 skenligen
211 336 96 28 drägtiga
322 337 49 20 ston
387 336 40 21 och
443 338 49 19 ston
508 336 51 22 med
575 336 56 21 diföl.

157 372 83 28 Hästar,
256 378 46 15 som
317 372 48 21 icke
381 372 70 21 blifvit
466 372 101 22 hemtade
583 372 32 21 till
631 372 184 28 samlingsplatsen
830 371 8 21 i

86 407 87 29 behörig
189 408 36 27 tid,
256 409 51 20 utan
323 409 30 20 att
369 408 70 21 förfall
455 408 90 21 anmälts
562 408 40 21 och
618 408 111 28 godkänts,
744 407 94 22 inställas

86 450 77 21 genom
180 445 71 20 ortens
267 443 170 28 polisbetjening.

426 510 12 26 s
455 510 34 20 26.

158 551 16 21 I
186 551 42 28 fall
242 551 176 28 mobiliseringen
434 551 83 28 träffar
534 551 52 22 blott
596 559 27 14 en
633 552 34 21 del
677 551 28 28 af
713 553 125 26 trupperna,

86 588 48 21 sker
156 587 136 28 utskrifning
315 587 29 28 af
362 587 76 22 hästar
457 588 77 21 endast
549 588 62 21 inom
627 588 24 21 de
667 588 109 26 områden,
791 594 47 15 som

87 623 36 28 för
138 623 81 22 enhvar
235 623 28 28 af
275 623 61 22 dessa
352 625 90 26 trupper
459 623 74 28 blifvit
549 623 116 22 bestämda.

435 689 12 26 8
463 689 35 20 27.

159 729 63 27 Häst,
238 737 46 14 som
299 729 38 22 vid
352 729 111 29 pågående
479 729 132 30 utskrifning
626 730 71 21 finnes
708 731 58 20 inom
772 729 66 22 främ-

88 765 77 22 mande
187 765 196 29 lottningsomräde,
405 765 38 22 bör
470 765 23 22 af
518 766 154 22 innehafvaren
698 765 139 22 framskaffas

86 801 33 22 till
134 801 60 22 detta
209 800 98 22 omrädes
323 801 159 28 samlingsplats
500 801 41 22 och
557 803 24 20 är
595 801 39 22 der
651 801 144 22 underkastad
805 804 33 19 ut-

86 837 112 28 skrifning,
214 836 70 22 säsom
300 844 35 14 om
350 836 50 22 dess
417 844 62 21 egare
497 845 52 14 vore
565 838 58 21 inom
639 837 96 22 omrädet
750 837 78 22 bosatt.

428 903 13 27 8
458 904 34 20 28.

157 945 12 20 I
194 944 41 22 den
262 944 90 28 ordning
367 944 101 21 hästarna
486 945 34 21 till
536 945 187 28 samlingsplatsen
739 944 99 26 anlända,

86 980 126 23 verkställes
231 980 49 22 med
295 979 49 22 dem
360 979 123 30 besigtning
498 980 42 22 och
556 980 82 22 indelas
654 980 27 22 de
696 981 78 27 hästar,
792 987 46 15 som

85 1016 112 29 godkänts,
213 1017 7 20 i
236 1016 87 27 klasser,
339 1016 112 22 hvaremot
466 1016 28 22 de
510 1016 102 29 odugliga
628 1016 132 23 omedelbart
775 1016 58 22 hem-

85 1052 112 22 förlofvas.

157 1087 32 22 Af
213 1087 27 22 de
262 1087 115 30 godkända
392 1087 101 22 hästarna
508 1090 85 27 uttagas
610 1087 92 22 klassvis
718 1088 48 21 icke
782 1087 51 22 alle-

85 1126 49 19 nast
150 1123 23 22 så
189 1123 81 30 många,
286 1131 46 14 som
347 1124 68 29 enligt
429 1123 152 29 fördelningen
593 1124 61 21 skola
664 1123 48 22 från
722 1123 114 29 lottnings-

86 1159 96 22 området
200 1159 57 28 utgå,
278 1161 50 20 utan
345 1159 65 22 äfven
426 1159 38 22 det
479 1160 66 28 antal,
561 1160 55 28 från
632 1161 62 26 tjugu
708 1159 35 22 till
761 1159 76 28 femtio

82 1197 96 26 procent,
202 1203 46 14 som
271 1195 125 22 derutöfver
413 1195 105 22 bestämts
535 1196 33 21 till
584 1195 121 22 ersättande
721 1195 24 21 af
759 1195 79 27 hästar,

86 1231 73 21 hvilka
180 1231 72 22 kunna
274 1231 69 22 blifva
365 1231 23 22 af
408 1231 237 29 utskrifningsnämden
662 1230 120 27 kasserade,
797 1230 41 22 och

86 1266 52 22 böra
158 1267 77 22 härvid
257 1268 8 20 i
284 1267 90 22 främsta
395 1271 91 18 rummet
505 1270 62 26 tagas
583 1267 79 26 hästar,
679 1274 46 14 som
739 1266 100 29 frivilligt

86 1302 105 29 erbjudas,
213 1306 56 19 samt
292 1303 23 21 af
337 1303 28 22 de
381 1303 78 29 öfriga,
476 1303 56 22 efter
547 1303 50 22 dem
613 1303 90 22 emellan
718 1301 121 29 försiggån-

86 1345 42 22 gen
148 1339 98 29 lottning,
272 1338 23 22 så
317 1338 78 29 många
411 1347 46 14 som
473 1339 108 22 erfordras
597 1339 35 21 för
648 1341 31 19 att
694 1338 54 29 fylla
763 1337 76 22 ofvan-

86 1374 92 22 nämnda
193 1375 63 21 antal.
276 1374 63 27 Häst,
355 1374 88 22 hvilken
460 1375 38 22 vid
514 1374 173 29 lottdragningen
702 1374 60 28 lägre
777 1380 61 14 num-

86 1417 46 14 mer
146 1410 93 27 tillfallit,
251 1413 84 26 uttages
351 1410 91 22 framför
457 1410 49 26 den,
523 1418 46 14 som
585 1410 84 22 erhållit
683 1409 72 29 högre.

158 1451 207 20 Ekonomiutskottets
379 1452 128 19 betänkande
521 1451 40 19 N:o
574 1452 25 18 15
612 1457 19 14 a.
