1031 1659
193 130 27 20 36
498 130 40 21 N:o
555 131 33 20 29.

164 197 23 22 af
200 198 114 27 veterinär,
330 198 92 22 fältskär
437 198 51 22 eller
504 198 60 22 smed
574 199 144 21 underkastas
730 198 120 28 märkning,
862 198 63 22 hvar-

164 232 35 22 vid
214 232 118 28 iakttages:

234 268 22 25 a)
280 267 84 21 märket
382 267 116 21 inbrännes
515 268 13 20 å
542 268 87 21 venstra
646 267 62 22 sidan
724 267 23 21 af
760 267 74 21 halsen
849 268 29 26 på
894 268 31 20 ett

165 300 87 22 afstånd
276 301 22 22 af
319 302 57 21 ända
391 302 32 21 till
439 303 26 20 22
482 302 125 21 centimeter
622 302 48 20 från
685 302 89 26 nacken,
791 303 61 19 utom
866 302 8 20 i
890 301 36 21 det

164 335 37 21 fall
226 337 33 20 att
281 336 49 22 häst
353 336 23 21 af
396 336 238 28 utskrifningsnämden
657 336 108 28 godkänts
780 336 8 21 i
803 336 55 21 strid
881 337 44 20 mot

164 370 211 28 hästemottagarens
392 371 62 27 åsigt,
471 371 27 21 då
514 371 141 27 märkningen
671 371 50 21 sker
736 371 29 27 på
780 370 68 27 högra
863 370 62 22 sidan

165 404 23 22 af
200 404 84 28 halsen;

233 439 21 28 0)
279 440 27 20 då
328 440 84 21 märket
434 440 123 26 inbrännes,
574 440 39 20 bör
632 440 82 26 hästen,
736 440 24 21 så
776 440 45 21 vidt
836 440 88 27 möjligt,

164 474 47 21 icke
226 474 135 27 kullstjelpas
377 476 53 20 utan
446 474 69 21 hållas
530 474 35 21 vid
581 474 100 27 tyglarna
697 474 51 22 eller
762 474 86 27 betslet,
862 474 63 22 hvar-

164 508 35 21 vid
215 510 52 26 ögat
282 509 72 21 täckes
372 510 12 20 å
400 509 40 21 den
456 509 52 26 sida,
526 509 38 21 der
579 509 84 21 märket
679 509 123 27 anbringas.

514 601 11 27 s
542 602 32 20 38.

232 647 33 21 De
288 647 34 22 vid
346 647 159 27 utskrifningen
527 647 47 21 från
599 649 32 20 ett
646 648 195 26 lottningsområde
857 647 67 22 öfver-

164 681 66 21 blifna
245 681 105 21 hästarna
365 688 49 20 eger
430 681 236 28 utskrifningsnämden
682 681 111 27 qvarhålla
810 682 10 20 &
829 681 96 27 utskrif-

164 716 138 27 ningsstället
316 716 8 21 i
338 716 111 27 tjugufyra
471 716 87 21 timmar
578 716 54 21 efter
651 716 36 21 det
703 715 157 28 utskrifningen
876 716 49 21 med

163 749 166 28 ifrågavarande
344 750 88 22 område
448 750 105 26 slutförts,
569 750 34 22 för
619 752 33 20 att
667 750 49 21 med
732 750 47 21 dem
795 752 83 20 ersätta
889 750 36 21 det

164 784 60 21 antal
247 784 81 26 hästar,
352 790 46 15 som
420 784 48 21 från
491 786 67 20 annat
572 784 195 27 lottningsområde
783 784 141 27 tilläfventyrs

163 820 47 20 icke
226 820 43 20 kan
285 820 64 26 utfås,
366 820 29 26 på
410 821 45 21 sätt
471 820 70 21 nedan
558 821 67 25 säges.

232 854 47 22 Har
302 854 143 22 ordföranden
461 855 7 20 i
483 854 228 27 besigtningsnämden
734 853 33 21 för
790 854 66 26 något
874 853 50 21 lott-

164 889 152 27 ningsområde
335 890 82 20 anmält
436 890 33 20 att
484 889 6 21 i
505 888 52 28 följd
574 888 22 21 af
610 888 104 22 utbruten
730 888 194 27 boskapssjukdom

164 924 51 21 eller
231 930 73 15 annan
320 924 92 27 tillfällig
428 924 64 21 orsak
508 924 36 20 det
559 922 130 22 föreskrifna
700 922 83 22 antalet
793 922 75 21 hästar
878 922 46 21 icke

163 958 43 22 kan
230 958 94 22 derifrån
347 960 95 26 uttagas,
465 958 35 21 må
516 958 26 21 de
557 958 47 20 icke
619 957 108 22 utskrifna
742 957 105 21 hästarna
862 962 62 21 qvar-

163 992 69 22 hållas
249 993 61 21 äfven
326 993 85 21 utöfver
426 992 63 22 ofvan
506 992 66 27 sagda
589 992 37 21 tid.

512 1084 12 28 $
541 1085 33 20 39.

231 1131 12 21 I
258 1130 103 22 händelse
377 1130 36 22 det
429 1130 32 21 till
477 1129 131 27 utskrifning
623 1128 113 22 bestämda
752 1128 82 21 antalet
850 1127 74 21 hästar

159 1165 27 21 af
207 1166 72 26 någon
302 1165 58 21 klass
378 1165 7 21 i
403 1164 52 28 följd
479 1164 23 21 af
522 1164 136 26 kasseringar
679 1163 13 21 å
707 1161 217 27 utskrifningsstället

160 1200 48 20 icke
224 1200 44 20 kan
284 1199 66 21 bland
366 1200 26 20 de
402 1199 48 21 från
462 1200 32 20 ett
504 1198 195 27 lottningsområde
709 1196 101 22 hemtade
820 1196 104 21 hästarna

164 1234 99 26 erhållas,
283 1240 47 15 men
347 1234 37 20 det
398 1233 112 21 bristande
526 1232 82 22 antalet
624 1232 69 21 under
708 1231 112 27 pågående
835 1230 89 21 utskrif-

164 1268 51 27 ning
230 1268 77 21 hinner
323 1268 32 21 till
371 1266 216 28 utskrifningsstället
597 1266 105 26 inställas,
714 1271 50 21 eger
780 1264 144 22 ordföranden

162 1302 7 21 i
192 1302 234 28 besigtningsnämden,
454 1302 28 27 på
506 1301 106 21 anmodan
637 1300 21 22 af
679 1299 244 27 utskrifningsnämden,

162 1337 24 21 åt
201 1337 163 21 vederbörande
379 1336 179 28 polismyndighet
573 1336 71 21 lemna
658 1334 86 28 uppgift
760 1340 34 15 om
806 1334 26 21 de
842 1334 82 26 hästar,

162 1371 73 21 hvilka
259 1371 65 27 enligt
347 1371 133 21 lottlistorna
495 1370 51 28 följa
562 1371 97 20 närmast
674 1369 7 21 i
697 1369 127 26 ordningen,
840 1368 34 20 för
890 1369 33 20 att

162 1412 78 20 genom
256 1406 135 21 sistnämnda
406 1405 135 27 myndighets
557 1405 85 26 försorg
657 1403 152 27 ofördröjligen
826 1402 99 21 inställas

160 1440 35 21 till
211 1440 223 27 utskrifningsstället.
