1036 1656
175 133 27 21 26
392 133 28 22 U.
434 133 27 22 B.
476 146 27 3 —
519 133 72 29 Prop.
606 133 43 23 N:o
664 132 37 23 27.

175 198 130 23 hållandet
331 199 56 22 med
412 205 35 16 nu
468 199 197 30 ifrågavarande
684 198 104 30 utgifter
806 197 44 23 vid
868 197 62 22 våra

174 233 146 29 jernvägar.
356 233 60 23 Dels
444 234 44 22 äro
506 234 31 22 de
560 234 9 22 i
590 234 39 29 sig
650 233 90 30 sjelfva
768 232 161 29 produktiva,

175 268 24 22 d.
220 268 22 21 ä.
262 267 106 30 bidraga
391 269 35 22 att
449 268 49 22 öka
517 268 227 26 trafikinkomsten,
764 267 54 23 dels
838 267 43 22 äro
900 266 30 22 de

175 309 31 15 en
224 302 148 29 nödvändig
390 302 64 29 följd
473 303 25 22 af
516 303 128 22 banornas
662 302 148 29 tilltagande
822 301 108 29 produk-

175 337 89 22 tivitet.
301 337 81 22 Också
410 337 46 22 har
480 344 59 15 man
564 337 84 22 städse
667 337 8 22 i
693 337 135 22 boksluten
847 335 83 22 obser-

174 372 74 21 verat
270 371 30 22 de
325 371 39 22 för
382 371 75 23 dessa
476 371 117 23 ändamål
612 371 98 30 utgifna
729 371 99 22 medlen
847 370 82 22 såsom

174 405 98 30 ökning
290 406 25 22 af
332 406 184 29 jernvägarnes
534 406 184 29 kapitalvärde.
750 405 47 23 Om
816 411 59 16 man
887 411 43 15 un-

174 440 46 22 der
244 447 32 15 en
298 440 61 29 följd
379 441 25 22 af
423 441 28 22 år
469 441 80 22 skulle
568 447 91 23 genom
677 440 42 23 lån
738 439 113 23 bestrida
869 445 61 16 mer-

174 474 111 23 berörda
307 475 111 29 utgifter,
441 475 28 22 så
490 475 84 22 blefve
597 475 96 29 följden
712 474 74 23 häraf
804 474 22 29 ej
847 474 81 25 värre,

175 509 33 22 än
230 510 36 21 att
291 515 30 16 en
342 509 74 30 ringa
437 509 41 23 del
500 510 25 22 af
543 509 191 23 trafikvinstens
752 509 115 22 normala
885 507 44 23 till-

174 544 62 21 växt
264 543 79 23 skulle
372 544 59 29 ätgä
459 544 36 22 till
523 544 175 23 annuiteterna
725 543 33 29 pä
786 543 75 22 dessa
878 542 50 23 län.

174 577 50 23 För
251 579 247 29 statsjernvägarnas
519 578 217 29 kapitalställning
758 578 46 22 och
822 577 107 22 rentabi-

174 612 54 23 litet
251 613 29 22 är
304 613 41 22 det
362 613 126 29 likgiltigt,
509 620 39 15 om
568 613 42 22 det
629 612 143 29 disponibla
790 611 138 23 öfverskot-

174 648 35 21 tet
234 647 4 22 i
259 647 324 23 kommunikationsfonden
606 648 102 22 anvisas
727 647 36 23 till
782 647 103 22 arbeten
905 645 25 23 af

174 682 78 22 ofvan
271 682 164 23 omförmälda
455 683 55 29 slag
528 683 46 22 och
592 682 140 22 länemedel
750 682 36 22 till
802 688 50 22 nya
865 681 63 29 jern-

174 716 260 30 vägsanläggningar,
454 717 59 22 eller
532 718 116 21 tvärtom.
679 716 194 28 Hufvudvigten
885 715 43 29 lig-

174 756 45 23 ger
243 750 65 23 blott
325 751 79 29 därpä
424 752 36 22 att
478 752 49 22 den
545 751 83 29 utgift,
649 758 53 15 som
720 751 83 29 göres,
824 751 28 21 är
869 756 59 22 gag-

173 785 68 29 nelig
264 785 45 22 och
329 786 206 29 ändamälsenlig.

242 819 90 23 Ehuru
358 820 43 22 det
427 820 99 28 belopp,
555 826 54 16 som
635 820 81 22 under
734 820 74 21 nästa
825 818 105 29 budget-

170 854 91 28 period
289 854 127 22 erfordras
436 855 36 22 till
491 854 278 30 nybyggnadsarbeten
788 853 46 23 och
853 852 77 29 rörlig

170 888 122 27 material,
321 889 27 21 är
376 889 163 29 synnerligen
567 889 84 29 drygt,
671 889 51 21 kan
740 888 42 22 det
801 887 72 26 dock,
893 886 36 23 sä-

170 929 53 15 som
260 930 60 21 nyss
357 923 104 27 anförts,
497 923 119 23 betäckas
647 930 30 15 ur
713 922 215 25 Äärsöfverskottet,

169 956 94 23 hvaraf
290 958 127 22 dessutom
445 958 92 22 äterstä
563 958 115 26 990,000
696 957 72 22 mark
787 955 142 29 disponibla

169 991 37 22 till
225 992 166 22 annuiteteter
410 992 14 22 å
442 992 50 22 län.

239 1026 49 22 Det
323 1026 83 23 tillhör
441 1027 21 28 ej
496 1026 191 23 Statsutskottet
717 1027 35 21 att
782 1025 79 23 uttala
891 1024 39 29 sig

171 1060 132 29 angående
339 1061 31 22 de
406 1068 50 21 nya
485 1061 89 27 banor,
595 1068 53 15 som
675 1061 113 21 närmast
814 1060 79 22 borde
922 1059 7 22 i

169 1094 75 30 fråga
271 1095 107 26 komma,
407 1096 46 21 och
481 1095 97 23 således
597 1096 21 28 ej
639 1095 80 22 häller
738 1096 36 21 att
792 1094 47 22 här
857 1094 72 22 fram-

172 1129 73 22 ställa
270 1131 35 21 ett
329 1129 126 23 bestämdt
473 1130 97 29 förslag
588 1129 160 23 beträffande
768 1129 31 22 de
819 1128 110 29 anslags-

169 1162 95 30 belopp
288 1170 53 16 som
365 1164 80 22 borde
467 1164 37 22 till
521 1164 228 29 jernvägsarbeten
767 1163 116 28 beviljas,
903 1164 26 27 ty

170 1197 44 23 vid
241 1198 186 23 fastställandet
448 1198 24 23 af
492 1199 74 22 dessa
585 1198 93 29 belopp
696 1198 80 23 måste
794 1199 62 21 utan
874 1197 55 22 tvif-

170 1232 41 22 vel
239 1233 72 28 tagas
335 1233 8 22 i
369 1233 168 22 betraktande
556 1233 66 22 huru
641 1234 63 21 stort
723 1232 89 29 anslag
830 1232 39 22 för
888 1231 41 23 det

171 1272 47 16 ena
243 1267 47 22 och
309 1267 41 22 det
369 1267 80 22 andra
468 1267 132 30 företaget,
619 1267 57 22 med
695 1267 103 29 hänsigt
817 1266 37 22 till
871 1265 57 24 dess

169 1300 178 24 beskaffenhet
366 1302 46 22 och
431 1302 111 29 omfång,
562 1303 28 21 är
609 1302 26 22 af
653 1301 84 23 nöden
755 1301 40 22 för
812 1302 36 21 att
860 1300 69 23 arbe-

170 1336 59 21 tena
250 1336 41 22 må
309 1336 87 23 kunna
416 1335 163 30 fördelaktigt
597 1337 47 22 och
663 1335 159 24 ekonomiskt
841 1335 88 22 anord-

170 1375 46 16 nas
244 1370 47 23 och
310 1371 104 22 utföras.
454 1371 56 22 Men
529 1371 44 22 vid
591 1371 74 22 sidan
685 1370 25 23 af
728 1370 75 22 dessa
822 1369 107 23 omstän-

171 1403 123 29 digheter,
323 1411 53 16 som
404 1406 79 22 verka
510 1405 33 29 på
571 1411 66 22 resp.
667 1404 196 29 anslagsbelopp
891 1403 38 22 för

171 1437 82 24 skilda
280 1439 88 27 banor,
388 1440 72 23 torde
478 1440 43 23 det
539 1440 76 22 äfven
633 1439 117 23 befinnas
769 1437 160 30 erforderligt

242 1488 162 19 Statsutskottets
418 1489 118 18 betänkande
549 1489 38 18 N:o
601 1488 11 17 9
624 1488 23 17 A.
