1023 1656
194 127 33 19 32:
393 126 20 23 U.
431 126 20 22 B.
469 139 27 2 —
514 127 60 27 Prop.
591 127 41 21 N:o
648 127 37 21 29.

234 191 229 29 Besigtningsnämden
485 192 33 21 till
539 191 84 23 biträde
643 191 113 22 förordnar
771 191 140 22 Guvernören

163 235 26 13 en
205 227 120 28 djurläkare
341 228 52 21 eller
408 235 68 14 annan
493 228 121 29 sakkunnig
630 235 83 22 person.

511 309 10 23 s
540 307 33 20 10.

234 353 83 22 Valbar
331 353 33 22 till
378 353 93 22 ledamot
486 353 40 22 och
538 354 114 28 suppleant
662 355 7 20 i
681 353 197 29 besigtningsnämd
888 355 24 20 är

161 389 81 22 enhvar
257 390 57 20 inom
330 389 195 29 uppbädsomrädet
541 389 72 22 bosatt
623 389 166 28 röstberättigad
799 397 55 14 man.
884 389 26 29 Ej

161 425 35 21 mä
215 425 92 22 embets-
326 425 53 21 eller
397 426 134 28 tjensteman,
547 426 18 28 ej
581 425 68 22 heller
667 425 75 29 nägon,
759 433 45 14 som
820 425 26 22 de
863 427 48 20 näst

160 460 130 29 föregående
306 464 32 19 tre
354 461 50 22 åren
420 461 65 22 sådan
502 461 121 29 befattning
639 461 98 24 innehaft
751 461 51 22 eller
821 461 90 29 uppnått

161 497 68 21 sextio
251 497 33 21 års
307 497 59 22 ålder
386 497 51 22 eller
457 498 54 21 lider
527 497 23 22 af
565 497 86 22 svårare
668 497 121 29 sjuklighet,
805 501 57 18 emot
878 498 32 20 sin

161 533 51 28 vilja
227 532 86 29 åläggas
329 536 32 19 att
377 533 70 22 såsom
457 533 95 22 ledamot
563 534 52 21 eller
626 534 113 28 suppleant
750 534 7 21 i
768 533 142 29 besigtnings-

161 569 63 21 nämd
239 569 89 22 inträda.

503 621 12 25 S
534 620 32 20 11.

231 665 32 22 På
283 666 141 22 Guvernören
444 668 8 20 i
467 666 74 30 hvarje
557 667 35 21 län
608 666 124 22 ankommer
747 669 32 19 att
794 666 62 26 tillse,
872 666 36 21 det

159 701 35 22 val
210 702 23 21 af
249 702 83 22 valmän
349 702 34 22 för
398 703 103 21 utseende
517 703 23 21 af
555 702 94 22 ledamot
664 704 7 20 i
684 702 223 29 besigtningsnämden

158 738 8 20 i
181 738 48 28 laga
249 738 90 29 ordning
359 746 50 21 eger
428 747 52 13 rum.
511 738 130 22 Underlåter
661 739 102 21 kommun
782 742 32 18 att
832 738 76 22 sådant

159 774 35 21 val
209 774 58 21 inom
288 777 67 19 utsatt
370 774 31 22 til
419 774 122 27 verkställa,
557 782 50 21 eger
623 774 142 23 Guvernören
780 774 32 22 till
823 775 84 21 valman

158 809 57 21 kalla
231 809 41 22 den
288 810 92 22 medlem
396 811 23 21 af
434 811 134 26 kommunen,
584 811 41 21 han
642 811 71 21 finner
728 810 72 22 dertill
815 810 92 29 lämplig.

500 896 10 15 $
531 896 31 20 12.

499 906 10 16 3

231 940 37 22 Uti
293 941 198 29 besigtningsnämd
515 942 134 26 tillkommer,
671 942 74 28 hvarje
765 941 93 21 ledamot
880 949 26 14 en

156 977 55 25 röst;
227 976 41 22 och
277 977 59 34 gälla
349 977 37 22 vid
401 978 72 28 yppad
489 977 245 29 meningsskiljaktighet
750 977 26 21 de
792 977 65 21 flesta
872 979 33 19 rö-

156 1014 77 20 sterna.
265 1007 70 27 Öfver
355 1013 113 21 förefallna
484 1014 156 28 omröstningar
655 1014 58 20 föres
730 1013 48 21 kort
793 1013 112 29 protokoll.

496 1093 12 25 s
528 1092 31 20 13.

226 1138 125 22 Uteblifver
372 1138 94 22 ledamot
486 1140 7 20 i
513 1138 199 30 besigtningsnämd
733 1138 51 22 eller
799 1138 106 22 tillkallad

154 1174 116 28 suppleant
289 1174 34 22 för
339 1175 217 21 kommunalledamot
571 1174 48 22 frän
635 1175 135 28 förrättning,
786 1182 46 14 som
847 1174 57 22 afser

153 1209 123 30 besigtning
291 1211 52 21 eller
359 1211 83 21 hästars
460 1211 109 21 aflätande
585 1211 32 21 till
632 1213 128 26 truppernas
772 1210 132 27 utskickade,

153 1252 51 21 eger
218 1246 92 21 nämden
328 1246 81 22 inkalla
428 1248 7 19 i
456 1248 12 26 $
485 1249 12 19 9
517 1246 127 22 omförmäld
664 1246 121 28 djurläkare
801 1246 51 22 eller
867 1254 37 13 au-

153 1289 42 13 nan
221 1281 121 30 sakkunnig
366 1290 77 21 person
468 1285 32 19 att
525 1283 8 20 i
555 1283 41 21 den
618 1281 152 23 frånvarandes
792 1281 60 22 ställe
873 1283 31 20 uti

153 1317 104 22 nämdens
273 1317 87 22 arbeten
376 1318 90 29 deltaga.

224 1353 105 22 Inträffar
350 1353 68 22 under
438 1353 109 30 pågående
568 1353 129 28 förrättning
717 1353 73 21 förfall
806 1353 34 21 för
856 1353 47 21 ord-

152 1387 112 28 föranden,
279 1397 50 20 eger
345 1389 141 22 Guvernören
502 1389 28 29 på
545 1389 73 22 derom
630 1389 93 21 skeende
737 1389 96 20 anmälan
846 1389 57 20 oför-

152 1423 87 23 töfvadt
259 1425 31 20 till
307 1424 129 22 ordförande
451 1425 102 21 förordna
569 1432 69 13 annan
655 1424 70 21 dertill
742 1424 92 29 skicklig
849 1431 54 15 man.

224 1465 184 18 Ekonomiutskottets
421 1467 110 17 betänkande
543 1466 35 18 N:o
591 1467 26 17 15.
