1025 1659
248 202 65 19 Sedan
329 203 45 18 dess
388 203 37 18 har
439 204 85 18 emellan
536 204 105 24 Ryssland
653 204 37 18 och
703 206 77 17 tvänne
793 206 69 20 stater,
875 203 58 24 Tysk

178 231 48 18 land
245 232 37 18 och
300 232 103 24 Portugal,
423 232 95 18 afslutats
537 239 41 17 nya
591 232 94 19 handels-
699 233 37 18 och
748 232 190 24 sjöfartstraktater,

178 260 23 17 är
214 260 44 18 1894
270 261 46 18 med
329 261 104 24 Tyskland
445 262 38 17 och
496 260 22 19 år
530 262 45 17 1895
588 262 45 17 med
646 262 104 23 Portugal,
763 262 38 17 och
813 262 47 17 med
872 260 67 19 anled-

178 288 51 24 ning
248 289 23 18 af
288 289 45 18 dem
352 290 100 18 hvardera
470 290 37 18 har
523 290 98 18 Finlands
635 290 134 24 särställning
781 290 62 19 äfven
854 289 85 18 kommit

178 317 32 18 till
224 317 120 20 beaktande.

248 347 11 17 I
278 353 25 12 en
322 347 87 18 särskild
423 349 38 17 not
479 347 23 18 af
513 347 39 19 den
566 348 22 17 10
600 347 90 19 februari
703 348 50 23 1894,
766 347 85 19 hvilken
863 353 76 12 samma

180 374 22 18 år
220 375 7 17 i
243 375 47 24 juni
302 376 137 23 publicerades
453 377 7 17 i
472 377 99 18 Finlands
584 376 230 24 författningssamling,
828 377 37 17 har
877 376 62 23 Ryss-

179 403 59 18 lands
255 405 131 18 ambassadör
398 405 7 18 i
416 405 70 18 Berlin
499 405 101 18 meddelat
610 405 60 24 tyska
682 405 127 24 regeringen,
822 407 31 16 att
865 404 74 24 kejser-

178 432 42 23 liga
238 433 125 24 regeringen,
383 439 54 18 ,som
449 434 84 19 beslutit
546 434 73 24 bringa
632 435 197 18 Storfurstendömet
841 433 98 18 Finlands

178 461 97 18 tulltariff
290 461 8 19 i
310 463 175 23 samstämmighet
498 463 45 18 med
555 463 164 23 Kejsaredömets
732 463 100 23 tulltariff,
845 464 51 17 trott
909 462 31 23 sig

178 489 71 19 kunna
258 491 90 18 förklara
358 491 45 18 dess
413 491 62 19 afsikt
485 498 49 12 vara
543 494 30 16 att
580 492 72 18 endast
659 492 83 23 gradvis
749 491 70 19 skrida
826 492 32 18 till
864 491 76 24 förhöj-

178 519 51 23 ning
238 519 23 18 af
270 519 141 20 förstnämnda
420 520 61 23 tariff,
495 521 3 17 i
508 521 101 18 anseende
619 521 74 22 därtill,
703 523 30 16 att
740 521 39 18 den
785 521 68 18 finska
859 520 81 18 tariffen

179 547 44 19 icke
236 548 44 19 före
293 549 44 18 1905
351 549 31 18 års
396 549 77 24 utgång
481 550 80 17 komme
572 552 30 16 att
612 549 103 19 definitivt
725 549 84 24 bringas
818 549 7 18 i
835 551 104 16 samstäm-

178 576 79 24 mighet
264 577 46 18 med
317 578 39 18 den
363 579 61 23 ryska
431 578 97 19 tariffen."
540 579 40 18 För
587 578 235 24 undanrödjandetafall
829 578 110 19 osäkerhet,

178 605 84 18 hvilken
280 606 68 19 kunde
366 613 49 12 vara
433 607 76 24 menlig
527 607 33 18 för
572 607 180 18 utrikeshandelns
765 607 122 24 utveckling,
901 607 39 18 till-

178 634 116 24 kännagafs
312 635 99 24 därjämte
430 636 88 23 officielt,
533 638 31 16 att
576 636 38 18 den
627 636 68 18 finska
707 636 81 18 tariffen
801 636 52 18 först
867 636 37 18 den
917 636 21 17 31

180 663 104 18 december
303 664 44 18 1898
365 665 68 18 kunde
447 665 91 23 förhöjas
551 665 109 23 med'50?/,
674 664 23 19 af
708 665 39 18 den
760 665 86 23 skilnad,
859 671 44 12 som
916 663 24 19 dä

179 691 65 19 skulle
257 693 111 18 förefinnas
382 693 86 18 emellan
480 694 49 23 rysk
542 694 37 18 och
592 693 54 18 finsk
658 694 93 23 tullsats;
763 693 46 18 från
823 694 39 18 den
876 694 21 17 31
908 693 32 18 de-

179 721 79 18 cember
271 722 43 17 1901
328 722 67 18 kunde
408 722 120 24 förhöjning
540 722 44 19 åter
596 723 36 18 ske
643 723 46 18 med
701 723 52 22 25%,
766 722 23 18 af
795 723 88 18 nämnda
893 722 47 18 skil-

179 749 45 24 nad,
244 750 38 18 och
300 749 47 20 från
365 751 38 18 den
422 751 21 18 31
463 751 104 18 december
586 751 23 18 år
627 751 45 18 1903
690 751 68 18 kunde
777 751 96 23 slutligen
886 751 54 18 Stor-

178 778 162 19 furstendömets
353 779 96 18 tulltariff
459 783 59 20 göras
531 779 105 25 likformig
648 780 47 18 med
702 780 169 23 Kejsaredömets.
890 780 50 17 Där-

177 807 64 23 jämte
254 807 111 19 förbehölls
377 808 63 19 likväl
453 808 20 19 ät
486 809 152 18 vederbörande
648 809 130 18 ämbetsvärk
787 809 8 17 i
803 809 88 18 Finland
899 810 42 16 rätt

180 838 31 16 att
228 836 8 17 i
254 837 74 17 nämda
345 837 56 18 tariff
412 840 49 20 göra
474 837 24 18 de
510 837 94 24 partiella
616 837 150 24 förändringar,
779 837 83 19 hvartill
875 837 66 18 lokala

180 865 82 24 hänsyn
280 865 7 18 i
305 865 138 19 kommercielt
461 866 37 18 och
510 866 119 19 industrielt
642 867 96 18 afseende
750 867 68 17 kunde
830 866 109 18 föranleda.

180 893 81 18 Samma
279 894 152 19 bestämmelser
450 898 34 15 äro
503 895 117 18 meddelade
637 895 121 24 regeringen
776 895 7 18 i
800 895 97 23 Portugal
910 894 31 18 uti

178 922 114 24 skrifvelse,
305 923 84 18 hvilken
401 923 113 24 Rysslands
525 924 127 18 därvarande
659 923 181 24 befullmäktigade
849 923 92 18 minister

181 951 65 18 aflätit
260 952 38 17 den
310 952 11 17 9
332 951 39 24 juli
384 952 49 18 1895.

250 979 80 24 Frågan
343 987 32 12 om
388 981 39 18 den
439 981 67 18 finska
518 981 132 18 tulltariffens
663 981 120 22 förändring
796 984 22 15 är
827 984 55 15 ännu
892 980 49 19 fort-

180 1009 85 18 farande
283 1009 44 18 icke
346 1009 86 24 afgjord,
448 1016 47 12 men
507 1010 7 17 i
526 1012 103 16 närmaste
642 1010 85 18 framtid
739 1010 58 18 torde
809 1010 39 17 den
861 1009 81 18 likvisst

179 1038 82 17 komma
280 1040 30 16 att
328 1037 144 25 äterupptagas
491 1039 37 18 och
546 1039 161 18 slutbehandlas.
737 1039 69 18 Jämte
827 1039 34 18 det
878 1038 63 18 rikets

180 1066 103 19 intressen
299 1066 25 19 dä
342 1069 57 21 tagas
413 1067 7 18 i
432 1067 137 24 vederbörligt
580 1067 115 18 beaktande
707 1067 64 18 mäste
783 1066 12 19 ä
807 1067 64 18 andra
883 1067 58 18 sidan

180 1095 47 18 frän
245 1095 98 18 Finlands
357 1095 54 18 folks
424 1096 105 23 synpunkt
541 1095 118 19 framhällas
672 1096 56 18 hvad
741 1095 109 24 hänsynen
862 1095 32 18 för
907 1095 35 19 vär

180 1123 75 19 handel
274 1124 38 18 och
332 1123 49 19 vära
399 1124 129 19 industriella
544 1124 102 19 intressen
658 1124 89 19 kräfver.
771 1124 99 18 Finlands
883 1124 58 18 Stän-

182 1152 46 18 ders
241 1153 52 23 plikt
306 1156 22 14 är
340 1155 31 16 att
383 1153 7 18 i
399 1153 56 18 detta
464 1153 95 19 afseende
568 1154 52 17 vaka
629 1153 59 18 öfver
697 1153 74 18 folkets
781 1155 41 16 rätt
833 1153 36 18 och
878 1153 63 18 bästa.

249 1181 61 18 Först
328 1181 38 18 bör
383 1182 90 22 beaktas,
495 1184 30 16 att
546 1182 172 23 tullumgälderna
739 1182 64 23 enligt
824 1182 118 18 nuvarande

180 1210 63 23 ryska
259 1210 88 18 tulltaxa
360 1213 33 16 äro
407 1211 100 23 betydligt
519 1211 64 23 högre
596 1214 25 15 än
634 1211 145 18 motsvarande
791 1211 105 18 tullsatser
908 1217 33 12 en-

179 1239 39 23 ligt
236 1239 54 18 finsk
308 1239 100 18 tulltaritf.
433 1239 78 18 Genom
529 1239 120 24 förhöjning
666 1239 23 18 af
707 1239 39 19 den
761 1239 68 18 finska
841 1240 100 17 tulltaxan

179 1267 33 18 till
230 1267 107 19 enahanda
355 1267 49 24 höjä
423 1274 44 12 som
483 1269 39 17 den
534 1268 7 18 i
553 1268 154 23 Kejsaredömet
719 1268 99 23 gällande,
831 1268 67 18 blefve
911 1267 30 19 sä-

179 1296 63 18 lunda
256 1302 24 12 en
292 1296 81 24 mycket
385 1296 94 18 kännbar
490 1297 92 23 stegring
595 1297 23 17 af
629 1297 23 18 de
662 1297 93 18 enskilda
763 1297 132 18 tullsatserna
904 1297 37 18 hos

180 1330 33 12 oss
232 1325 127 23 oundviklig,
377 1331 26 12 en
421 1325 97 24 stegring,
536 1325 84 18 hvilken
639 1325 32 18 för
689 1325 55 19 visso
757 1325 66 18 skulle
835 1325 107 18 ätervärka

179 1353 91 24 skadligt
282 1353 26 24 pä
320 1354 25 18 de
356 1353 60 19 flesta
429 1354 23 18 af
462 1354 46 19 värt
520 1355 59 18 lands
592 1355 103 23 näringar.

249 1382 51 19 Värt
318 1382 59 18 lands
396 1382 160 24 hufvudnäring,
572 1382 127 24 jordbruket,
718 1383 38 17 har
774 1382 7 18 i
799 1382 23 18 sä
838 1382 41 24 hög
891 1382 50 24 grad

178 1411 81 18 kunnat
277 1411 103 18 förkofras
399 1411 72 18 endast
490 1411 122 23 därigenom,
631 1414 30 16 att
677 1411 215 24 jordbruksmaskiner
904 1412 37 17 och

179 1440 87 24 redskap
286 1439 91 19 erhällits
391 1440 32 18 för
435 1440 67 23 billigt
513 1440 48 24 pris,
574 1446 46 12 men
633 1440 58 18 detta
704 1440 83 18 oaktadt
800 1443 23 15 är
835 1440 39 18 den
886 1440 55 18 vinst

176 1468 122 24 jordbruket
319 1468 6 18 i
346 1468 89 18 Finland
453 1469 87 17 skänker
558 1469 132 23 synnerligen
709 1468 109 24 obetydlig,
837 1468 68 19 tidtals
919 1468 22 18 sä
