1034 1661
228 105 28 21 32
423 104 27 22 U.
466 104 27 22 B.
510 117 29 2 —
555 104 73 27 Prop.
644 104 42 23 N:o
702 104 35 21 26.

198 162 121 21 detsamma
341 162 83 21 komme
447 161 41 22 den
508 162 118 27 ingalunda
644 163 32 21 att
691 161 100 22 inkräkta
805 161 28 27 pä
849 161 108 27 banbygg-

199 196 67 21 nader
280 197 8 20 i
303 196 82 21 mindre
401 196 144 22 framstående
560 197 84 21 trakter
662 198 26 19 än
708 196 6 21 i
730 195 161 27 frägavarande,
907 197 49 20 utan

198 233 34 19 att
248 232 93 20 tvärtom
357 231 7 20 i
379 231 32 21 sin
426 231 49 21 män
491 231 91 27 bidraga
597 231 33 22 till
648 231 62 22 äfven
730 230 80 21 sädana
825 232 69 19 orters
909 236 48 15 sna-

199 271 49 15 rare
263 265 112 21 förseende
389 265 48 21 med
451 265 120 27 jernvägar.

269 298 75 22 Säsom
367 298 62 22 ofvan
453 299 101 22 anfördes
576 299 64 22 hafva
666 299 42 21 alla
730 300 32 19 tre
787 298 168 27 ifrägakommna

198 333 116 21 alternativ
333 334 33 21 för
384 340 25 15 en
425 334 89 28 jernväg
537 334 48 21 frän
604 333 135 28 Helsingfors
758 332 33 22 till
807 332 74 28 Hangö
897 333 57 21 inom

199 368 112 21 Utskottet
319 368 64 28 tagits
394 368 5 21 i
406 368 93 26 försvar;
513 368 41 22 och
564 368 40 22 har
614 368 71 22 säsom
697 368 160 26 hufvudsakligt
867 367 46 22 skäl
924 367 33 22 för

199 402 64 22 Karis
279 403 136 22 alternativet
431 402 89 28 anförts,
532 405 32 20 att
576 403 36 22 det
623 403 33 21 för
668 402 41 22 den
721 402 159 27 genomgående
892 402 65 21 rörel-

200 443 38 15 sen
255 437 28 26 pä
297 437 75 27 Hangö
388 437 39 22 och
445 432 48 27 Äbo
512 444 46 15 mer
576 440 28 19 än
620 437 69 27 öfriga
705 437 62 21 linier
782 436 125 22 förkortade
922 438 35 19 vä-

198 478 41 20 gen
263 472 39 21 och
328 472 109 21 minskade
460 478 55 15 rese-
539 472 40 21 och
598 471 181 26 fraktkostnader,
799 471 107 21 äfvensom
925 473 32 19 att

202 506 69 21 banan
287 506 7 21 i
310 506 60 21 detta
385 506 37 21 fall
438 513 70 14 vunne
524 507 70 21 direkt
610 506 122 26 anslutning
750 506 33 21 till
799 505 48 22 dess
862 505 95 22 fortsätt-

200 540 51 27 ning
263 543 70 19 vester
345 547 33 15 om
392 541 74 26 Hangö
479 541 77 21 banan.
579 541 129 27 Härigenom
722 540 67 21 skulle
801 540 41 21 ock
854 539 103 27 aflägsnas

201 574 74 28 hvarje
293 574 46 22 fara
358 574 34 22 för
410 577 32 19 att
457 575 40 21 den
513 575 70 21 under
599 576 55 20 vissa
670 574 92 22 årstider
777 576 43 20 rätt
835 573 64 28 lifliga
914 576 42 19 tra-

199 609 56 21 fiken
271 609 28 27 pä
315 610 76 27 Hangö
406 610 71 21 banan
496 610 72 20 kunde
588 610 86 21 komma
693 610 7 20 i
720 609 99 21 kollision
835 609 47 21 med
897 608 59 21 kust-

199 644 82 21 banans
303 644 63 21 trafik
385 644 27 27 pä
431 644 99 22 sträckan
550 644 200 21 Karis-Gerknäs.
779 644 57 20 Vore
853 643 101 27 farhägan

198 678 99 28 befogad,
317 679 70 21 blefve
405 679 37 21 det
460 679 107 26 nämligen
587 679 6 21 i
612 685 26 15 en
658 684 50 15 snar
723 678 87 21 framtid
826 678 127 26 nödvändigt

198 715 34 19 att
254 713 12 21 å
289 713 68 21 denna
380 713 129 22 bansträcka
528 713 88 27 utlägga
636 712 90 22 dubbelt
744 712 56 28 spår,
818 712 136 27 hvarigenom

199 748 83 21 vinsten
298 750 31 18 att
344 747 64 21 hafva
423 748 44 21 valt
485 747 41 21 den
542 748 65 26 något
623 748 86 20 kortare
725 747 63 21 linien
807 746 33 22 till
858 746 97 22 Gerknäs

199 782 71 21 skulle
286 782 112 21 reduceras
413 782 33 21 till
462 788 25 15 en
503 782 153 28 obetydlighet.
684 777 69 26 Äfven
769 782 39 20 har
823 782 36 20 det
874 782 80 20 ansetts

200 816 82 21 mindre
301 816 176 27 ändamålsenligt
495 818 32 19 att
546 816 90 27 anlägga
655 816 36 21 två
707 819 58 18 stora
779 815 176 27 förgreningssta-

198 850 71 21 tioner
285 850 23 21 så
322 852 51 19 nära
392 850 120 21 hvarandra
532 857 44 14 som
593 850 97 21 Gerknäs
709 850 40 21 och
764 850 71 21 Karis.
851 849 102 27 Slutligen

198 884 70 21 skulle
288 885 35 20 vid
345 885 57 20 valet
424 885 22 21 af
470 885 64 21 Karis
556 885 138 21 alternativet
717 884 97 27 Degerby
838 884 40 21 och
902 884 53 27 Ingå

198 919 137 21 kommuners
361 918 130 22 trafikbehof
516 920 49 21 vida
590 920 71 20 bättre
684 919 123 27 tillgodoses
830 921 27 19 än
879 925 74 20 genom

197 952 99 22 Gerknäs
311 954 76 20 banan.

267 987 110 22 Utskottet
399 988 38 21 har
460 988 124 27 visserligen
602 988 70 21 funnit
695 988 62 21 dessa
778 988 46 21 skäl
841 988 46 21 icke
903 994 50 14 vara

197 1024 52 18 utan
273 1022 29 21 all
324 1022 116 26 betydelse,
459 1028 47 16 men
526 1023 12 21 å
556 1022 68 22 andra
643 1022 61 22 sidan
723 1022 68 22 blefve
806 1022 147 28 anläggnings-

196 1055 120 22 kostnaden
331 1056 34 21 för
380 1056 63 22 Karis
458 1056 150 27 sträckningen
625 1057 40 21 den
682 1057 78 27 högstx
774 1057 38 21 och
825 1057 40 21 den
876 1056 23 22 af
909 1059 43 18 sta-

196 1090 41 20 den
255 1090 132 27 Helsingfors
403 1091 102 26 erbjudna
521 1092 161 26 räntegarantin
698 1091 6 20 i
722 1091 75 21 sådant
804 1091 37 21 fall
853 1091 99 27 möjligen

195 1124 136 27 otillräcklig.
363 1124 45 22 Och
423 1125 28 21 då
469 1125 100 26 slutligen
584 1125 64 21 Karis
668 1125 70 21 banan
755 1125 84 21 komme
853 1127 33 19 att
902 1125 49 26 löpa

196 1158 24 21 så
235 1158 60 28 långt
310 1159 93 26 söderut,
419 1161 32 19 att
467 1165 24 16 en
513 1161 45 20 stor
578 1159 34 21 del
632 1159 23 21 af
668 1159 92 21 trafiken
775 1159 35 22 vid
825 1159 74 27 Hangö
915 1159 36 21 ba-

194 1198 43 15 nan
253 1199 84 15 norrom
349 1193 64 21 Karis
426 1193 65 22 funne
503 1193 32 22 sin
547 1193 69 22 fördel
628 1195 33 20 att
673 1194 69 21 vända
756 1194 32 27 sig
799 1195 45 20 mot
855 1193 96 28 Hyvinge

196 1229 57 18 samt
267 1227 70 26 någon
353 1227 150 22 motsvarande
519 1227 64 22 trafik
602 1228 87 27 tillföljd
708 1228 22 21 af
743 1228 84 21 hafvets
841 1228 76 21 närhet
932 1228 19 27 ej

190 1266 55 16 -vore
261 1263 32 19 att
307 1261 118 22 söderifrån
441 1261 103 28 påräkna,
559 1262 39 21 har
616 1262 114 22 Utskottet
748 1264 75 25 ansett,
842 1264 32 19 att
889 1262 62 21 Karis

193 1295 150 28 sträckningen
359 1296 48 21 icke
422 1296 67 22 borde.
504 1296 161 27 ifrågakomma.

262 1330 43 21 För
320 1330 114 22 Nummela
449 1331 65 22 linien
530 1331 46 21 åter
594 1331 65 23 hafva
677 1331 80 22 anförts
772 1312 177 50 hufvudsakligen

192 1363 97 27 följande
303 1365 58 21 skäl:
378 1366 33 20 att
425 1365 41 21 den
481 1371 52 15 vore
550 1365 96 27 billigare
661 1367 27 20 än
703 1365 67 28 något
783 1367 66 22 annat
858 1365 92 22 alterna-

190 1398 42 26 tiv;
250 1400 32 20 att
297 1399 41 20 den
353 1398 28 27 på
396 1398 95 23 kortaste
507 1401 41 25 väg
563 1399 69 23 skulle
646 1399 100 23 förbinda
758 1399 132 28 Helsingfors
901 1399 48 22 med

261 1449 183 23 Jernvägsutskottets
457 1451 74 18 betände
543 1451 38 17 N:o
593 1451 15 17 1.
