<?xml version="1.0" encoding="UTF-8"?>
<alto xmlns="http://www.loc.gov/standards/alto/ns-v3#" xmlns:xlink="http://www.w3.org/1999/xlink" xmlns:xsi="http://www.w3.org/2001/XMLSchema-instance" xsi:schemaLocation="http://www.loc.gov/standards/alto/ns-v3# http://www.loc.gov/alto/v3/alto-3-0.xsd">
	<Description>
		<MeasurementUnit>pixel</MeasurementUnit>
		<sourceImageInformation>
			<fileName>/tmp/tess_fxs89p5k_input.PNG</fileName>
		</sourceImageInformation>
		<OCRProcessing ID="OCR_0">
			<ocrProcessingStep>
				<processingSoftware>
					<softwareName>tesseract 5.3.4</softwareName>
				</processingSoftware>
			</ocrProcessingStep>
		</OCRProcessing>
	</Description>
	<Layout>
		<Page WIDTH="1034" HEIGHT="1656" PHYSICAL_IMG_NR="0" ID="page_0">
			<PrintSpace HPOS="0" VPOS="0" WIDTH="1034" HEIGHT="1656">
				<ComposedBlock ID="cblock_0" HPOS="426" VPOS="120" WIDTH="396" HEIGHT="27">
					<TextBlock ID="block_0" HPOS="426" VPOS="120" WIDTH="396" HEIGHT="27">
						<TextLine ID="line_0" HPOS="426" VPOS="120" WIDTH="396" HEIGHT="27">
							<String ID="string_0" HPOS="426" VPOS="125" WIDTH="43" HEIGHT="22" WC="0.96" CONTENT="N:o"/><SP WIDTH="17" VPOS="125" HPOS="469"/>
							<String ID="string_1" HPOS="486" VPOS="127" WIDTH="33" HEIGHT="20" WC="0.95" CONTENT="33."/><SP WIDTH="290" VPOS="127" HPOS="519"/>
							<String ID="string_2" HPOS="809" VPOS="120" WIDTH="13" HEIGHT="25" WC="0.87" CONTENT="T"/>
						</TextLine>
					</TextBlock>
				</ComposedBlock>
				<ComposedBlock ID="cblock_1" HPOS="94" VPOS="192" WIDTH="760" HEIGHT="305">
					<TextBlock ID="block_1" HPOS="94" VPOS="192" WIDTH="760" HEIGHT="305">
						<TextLine ID="line_1" HPOS="94" VPOS="192" WIDTH="757" HEIGHT="31">
							<String ID="string_3" HPOS="94" VPOS="193" WIDTH="71" HEIGHT="30" WC="0.92" CONTENT="klaga"/><SP WIDTH="19" VPOS="193" HPOS="165"/>
							<String ID="string_4" HPOS="184" VPOS="194" WIDTH="41" HEIGHT="21" WC="0.96" CONTENT="vid"/><SP WIDTH="19" VPOS="194" HPOS="225"/>
							<String ID="string_5" HPOS="244" VPOS="194" WIDTH="45" HEIGHT="21" WC="0.93" CONTENT="den"/><SP WIDTH="19" VPOS="194" HPOS="289"/>
							<String ID="string_6" HPOS="308" VPOS="194" WIDTH="96" HEIGHT="27" WC="0.92" CONTENT="hofrätt,"/><SP WIDTH="17" VPOS="194" HPOS="404"/>
							<String ID="string_7" HPOS="421" VPOS="193" WIDTH="74" HEIGHT="22" WC="0.93" CONTENT="under"/><SP WIDTH="15" VPOS="193" HPOS="495"/>
							<String ID="string_8" HPOS="510" VPOS="193" WIDTH="97" HEIGHT="21" WC="0.93" CONTENT="hvilken"/><SP WIDTH="16" VPOS="193" HPOS="607"/>
							<String ID="string_9" HPOS="623" VPOS="193" WIDTH="140" HEIGHT="28" WC="0.92" CONTENT="föreningen"/><SP WIDTH="15" VPOS="193" HPOS="763"/>
							<String ID="string_10" HPOS="778" VPOS="192" WIDTH="73" HEIGHT="28" WC="0.93" CONTENT="lyder."/>
						</TextLine>
						<TextLine ID="line_2" HPOS="94" VPOS="226" WIDTH="757" HEIGHT="30">
							<String ID="string_11" HPOS="94" VPOS="228" WIDTH="90" HEIGHT="22" WC="0.91" CONTENT="Finner"/><SP WIDTH="19" VPOS="228" HPOS="184"/>
							<String ID="string_12" HPOS="203" VPOS="228" WIDTH="222" HEIGHT="28" WC="0.92" CONTENT="föreningsmedlem"/><SP WIDTH="20" VPOS="228" HPOS="425"/>
							<String ID="string_13" HPOS="445" VPOS="228" WIDTH="67" HEIGHT="28" WC="0.91" CONTENT="eljest"/><SP WIDTH="20" VPOS="228" HPOS="512"/>
							<String ID="string_14" HPOS="532" VPOS="228" WIDTH="26" HEIGHT="21" WC="0.92" CONTENT="af"/><SP WIDTH="14" VPOS="228" HPOS="558"/>
							<String ID="string_15" HPOS="572" VPOS="227" WIDTH="141" HEIGHT="28" WC="0.92" CONTENT="föreningen"/><SP WIDTH="15" VPOS="227" HPOS="713"/>
							<String ID="string_16" HPOS="728" VPOS="226" WIDTH="57" HEIGHT="22" WC="0.97" CONTENT="eller"/><SP WIDTH="15" VPOS="226" HPOS="785"/>
							<String ID="string_17" HPOS="800" VPOS="226" WIDTH="51" HEIGHT="22" WC="0.96" CONTENT="dess"/>
						</TextLine>
						<TextLine ID="line_3" HPOS="96" VPOS="260" WIDTH="757" HEIGHT="30">
							<String ID="string_18" HPOS="96" VPOS="262" WIDTH="98" HEIGHT="28" WC="0.91" CONTENT="styrelse"/><SP WIDTH="19" VPOS="262" HPOS="194"/>
							<String ID="string_19" HPOS="213" VPOS="262" WIDTH="89" HEIGHT="22" WC="0.93" CONTENT="fattadt"/><SP WIDTH="14" VPOS="262" HPOS="302"/>
							<String ID="string_20" HPOS="316" VPOS="262" WIDTH="78" HEIGHT="21" WC="0.93" CONTENT="beslut"/><SP WIDTH="16" VPOS="262" HPOS="394"/>
							<String ID="string_21" HPOS="410" VPOS="262" WIDTH="74" HEIGHT="22" WC="0.93" CONTENT="strida"/><SP WIDTH="14" VPOS="262" HPOS="484"/>
							<String ID="string_22" HPOS="498" VPOS="264" WIDTH="63" HEIGHT="19" WC="0.93" CONTENT="emot"/><SP WIDTH="15" VPOS="264" HPOS="561"/>
							<String ID="string_23" HPOS="576" VPOS="262" WIDTH="152" HEIGHT="28" WC="0.92" CONTENT="föreningens"/><SP WIDTH="16" VPOS="262" HPOS="728"/>
							<String ID="string_24" HPOS="744" VPOS="260" WIDTH="109" HEIGHT="22" WC="0.89" CONTENT="ändamäl"/>
						</TextLine>
						<TextLine ID="line_4" HPOS="96" VPOS="294" WIDTH="757" HEIGHT="29">
							<String ID="string_25" HPOS="96" VPOS="296" WIDTH="57" HEIGHT="22" WC="0.89" CONTENT="eller"/><SP WIDTH="25" VPOS="296" HPOS="153"/>
							<String ID="string_26" HPOS="178" VPOS="296" WIDTH="118" HEIGHT="22" WC="0.95" CONTENT="innefatta"/><SP WIDTH="24" VPOS="296" HPOS="296"/>
							<String ID="string_27" HPOS="320" VPOS="298" WIDTH="35" HEIGHT="20" WC="0.93" CONTENT="ett"/><SP WIDTH="23" VPOS="298" HPOS="355"/>
							<String ID="string_28" HPOS="378" VPOS="296" WIDTH="193" HEIGHT="22" WC="0.90" CONTENT="öfverskridande"/><SP WIDTH="24" VPOS="296" HPOS="571"/>
							<String ID="string_29" HPOS="595" VPOS="296" WIDTH="26" HEIGHT="22" WC="0.96" CONTENT="af"/><SP WIDTH="21" VPOS="296" HPOS="621"/>
							<String ID="string_30" HPOS="642" VPOS="295" WIDTH="46" HEIGHT="22" WC="0.93" CONTENT="den"/><SP WIDTH="21" VPOS="295" HPOS="688"/>
							<String ID="string_31" HPOS="709" VPOS="294" WIDTH="144" HEIGHT="29" WC="0.96" CONTENT="befogenhet"/>
						</TextLine>
						<TextLine ID="line_5" HPOS="95" VPOS="329" WIDTH="758" HEIGHT="31">
							<String ID="string_32" HPOS="95" VPOS="330" WIDTH="142" HEIGHT="30" WC="0.92" CONTENT="föreningen"/><SP WIDTH="15" VPOS="330" HPOS="237"/>
							<String ID="string_33" HPOS="252" VPOS="330" WIDTH="57" HEIGHT="22" WC="0.93" CONTENT="eller"/><SP WIDTH="15" VPOS="330" HPOS="309"/>
							<String ID="string_34" HPOS="324" VPOS="330" WIDTH="116" HEIGHT="29" WC="0.93" CONTENT="styrelsen"/><SP WIDTH="14" VPOS="330" HPOS="440"/>
							<String ID="string_35" HPOS="454" VPOS="331" WIDTH="149" HEIGHT="27" WC="0.91" CONTENT="tillkommer,"/><SP WIDTH="16" VPOS="331" HPOS="603"/>
							<String ID="string_36" HPOS="619" VPOS="330" WIDTH="58" HEIGHT="22" WC="0.96" CONTENT="eller"/><SP WIDTH="15" VPOS="330" HPOS="677"/>
							<String ID="string_37" HPOS="692" VPOS="334" WIDTH="25" HEIGHT="18" WC="0.97" CONTENT="är"/><SP WIDTH="15" VPOS="334" HPOS="717"/>
							<String ID="string_38" HPOS="732" VPOS="330" WIDTH="45" HEIGHT="22" WC="0.93" CONTENT="den"/><SP WIDTH="11" VPOS="330" HPOS="777"/>
							<String ID="string_39" HPOS="788" VPOS="329" WIDTH="65" HEIGHT="22" WC="0.93" CONTENT="miss-"/>
						</TextLine>
						<TextLine ID="line_6" HPOS="96" VPOS="363" WIDTH="757" HEIGHT="31">
							<String ID="string_40" HPOS="96" VPOS="365" WIDTH="63" HEIGHT="29" WC="0.85" CONTENT="nöjd,"/><SP WIDTH="24" VPOS="365" HPOS="159"/>
							<String ID="string_41" HPOS="183" VPOS="372" WIDTH="49" HEIGHT="15" WC="0.93" CONTENT="som"/><SP WIDTH="24" VPOS="372" HPOS="232"/>
							<String ID="string_42" HPOS="256" VPOS="365" WIDTH="133" HEIGHT="28" WC="0.92" CONTENT="förvägrats"/><SP WIDTH="19" VPOS="365" HPOS="389"/>
							<String ID="string_43" HPOS="408" VPOS="365" WIDTH="93" HEIGHT="22" WC="0.92" CONTENT="inträde"/><SP WIDTH="18" VPOS="365" HPOS="501"/>
							<String ID="string_44" HPOS="519" VPOS="365" WIDTH="9" HEIGHT="21" WC="0.93" CONTENT="i"/><SP WIDTH="19" VPOS="365" HPOS="528"/>
							<String ID="string_45" HPOS="547" VPOS="364" WIDTH="147" HEIGHT="29" WC="0.92" CONTENT="föreningen,"/><SP WIDTH="19" VPOS="364" HPOS="694"/>
							<String ID="string_46" HPOS="713" VPOS="364" WIDTH="38" HEIGHT="22" WC="0.93" CONTENT="mä"/><SP WIDTH="15" VPOS="364" HPOS="751"/>
							<String ID="string_47" HPOS="766" VPOS="363" WIDTH="87" HEIGHT="29" WC="0.92" CONTENT="klagan"/>
						</TextLine>
						<TextLine ID="line_7" HPOS="95" VPOS="398" WIDTH="758" HEIGHT="31">
							<String ID="string_48" HPOS="95" VPOS="400" WIDTH="90" HEIGHT="29" WC="0.91" CONTENT="jemväl"/><SP WIDTH="18" VPOS="400" HPOS="185"/>
							<String ID="string_49" HPOS="203" VPOS="400" WIDTH="111" HEIGHT="22" WC="0.92" CONTENT="häröfver"/><SP WIDTH="17" VPOS="400" HPOS="314"/>
							<String ID="string_50" HPOS="331" VPOS="400" WIDTH="64" HEIGHT="22" WC="0.93" CONTENT="föras"/><SP WIDTH="18" VPOS="400" HPOS="395"/>
							<String ID="string_51" HPOS="413" VPOS="400" WIDTH="42" HEIGHT="22" WC="0.97" CONTENT="hos"/><SP WIDTH="16" VPOS="400" HPOS="455"/>
							<String ID="string_52" HPOS="471" VPOS="400" WIDTH="46" HEIGHT="22" WC="0.96" CONTENT="den"/><SP WIDTH="16" VPOS="400" HPOS="517"/>
							<String ID="string_53" HPOS="533" VPOS="402" WIDTH="54" HEIGHT="26" WC="0.93" CONTENT="rätt,"/><SP WIDTH="16" VPOS="402" HPOS="587"/>
							<String ID="string_54" HPOS="603" VPOS="399" WIDTH="134" HEIGHT="22" WC="0.92" CONTENT="hvarunder"/><SP WIDTH="14" VPOS="399" HPOS="737"/>
							<String ID="string_55" HPOS="751" VPOS="398" WIDTH="102" HEIGHT="22" WC="0.92" CONTENT="förenin-"/>
						</TextLine>
						<TextLine ID="line_8" HPOS="96" VPOS="433" WIDTH="758" HEIGHT="30">
							<String ID="string_56" HPOS="96" VPOS="441" WIDTH="48" HEIGHT="22" WC="0.93" CONTENT="gen"/><SP WIDTH="14" VPOS="441" HPOS="144"/>
							<String ID="string_57" HPOS="158" VPOS="434" WIDTH="76" HEIGHT="29" WC="0.91" CONTENT="lyder;"/><SP WIDTH="16" VPOS="434" HPOS="234"/>
							<String ID="string_58" HPOS="250" VPOS="434" WIDTH="44" HEIGHT="22" WC="0.93" CONTENT="och"/><SP WIDTH="16" VPOS="434" HPOS="294"/>
							<String ID="string_59" HPOS="310" VPOS="434" WIDTH="132" HEIGHT="22" WC="0.92" CONTENT="domstolen"/><SP WIDTH="14" VPOS="434" HPOS="442"/>
							<String ID="string_60" HPOS="456" VPOS="436" WIDTH="68" HEIGHT="26" WC="0.92" CONTENT="rätte,"/><SP WIDTH="17" VPOS="436" HPOS="524"/>
							<String ID="string_61" HPOS="541" VPOS="441" WIDTH="37" HEIGHT="15" WC="0.91" CONTENT="om"/><SP WIDTH="15" VPOS="441" HPOS="578"/>
							<String ID="string_62" HPOS="593" VPOS="434" WIDTH="88" HEIGHT="29" WC="0.91" CONTENT="klagan"/><SP WIDTH="15" VPOS="434" HPOS="681"/>
							<String ID="string_63" HPOS="696" VPOS="433" WIDTH="75" HEIGHT="22" WC="0.92" CONTENT="finnes"/><SP WIDTH="13" VPOS="433" HPOS="771"/>
							<String ID="string_64" HPOS="784" VPOS="440" WIDTH="70" HEIGHT="22" WC="0.92" CONTENT="grun-"/>
						</TextLine>
						<TextLine ID="line_9" HPOS="97" VPOS="468" WIDTH="318" HEIGHT="29">
							<String ID="string_65" HPOS="97" VPOS="468" WIDTH="53" HEIGHT="28" WC="0.92" CONTENT="dad,"/><SP WIDTH="19" VPOS="468" HPOS="150"/>
							<String ID="string_66" HPOS="169" VPOS="468" WIDTH="63" HEIGHT="22" WC="0.92" CONTENT="hvad"/><SP WIDTH="20" VPOS="468" HPOS="232"/>
							<String ID="string_67" HPOS="252" VPOS="468" WIDTH="112" HEIGHT="29" WC="0.92" CONTENT="felaktigt"/><SP WIDTH="20" VPOS="468" HPOS="364"/>
							<String ID="string_68" HPOS="384" VPOS="473" WIDTH="31" HEIGHT="17" WC="0.95" CONTENT="är."/>
						</TextLine>
					</TextBlock>
				</ComposedBlock>
				<ComposedBlock ID="cblock_2" HPOS="168" VPOS="539" WIDTH="687" HEIGHT="72">
					<TextBlock ID="block_2" HPOS="168" VPOS="539" WIDTH="687" HEIGHT="72">
						<TextLine ID="line_10" HPOS="448" VPOS="539" WIDTH="60" HEIGHT="26">
							<String ID="string_69" HPOS="448" VPOS="539" WIDTH="24" HEIGHT="20" WC="0.94" CONTENT="12"/><SP WIDTH="17" VPOS="539" HPOS="472"/>
							<String ID="string_70" HPOS="489" VPOS="539" WIDTH="19" HEIGHT="26" WC="0.66" CONTENT="8."/>
						</TextLine>
						<TextLine ID="line_11" HPOS="168" VPOS="582" WIDTH="687" HEIGHT="29">
							<String ID="string_71" HPOS="168" VPOS="583" WIDTH="112" HEIGHT="22" WC="0.94" CONTENT="Närmare"/><SP WIDTH="28" VPOS="583" HPOS="280"/>
							<String ID="string_72" HPOS="308" VPOS="583" WIDTH="150" HEIGHT="22" WC="0.94" CONTENT="föreskrifter"/><SP WIDTH="28" VPOS="583" HPOS="458"/>
							<String ID="string_73" HPOS="486" VPOS="590" WIDTH="37" HEIGHT="15" WC="0.84" CONTENT="om"/><SP WIDTH="32" VPOS="590" HPOS="523"/>
							<String ID="string_74" HPOS="555" VPOS="582" WIDTH="300" HEIGHT="29" WC="0.84" CONTENT="sakförareföreningarnas"/>
						</TextLine>
					</TextBlock>
				</ComposedBlock>
				<ComposedBlock ID="cblock_3" HPOS="98" VPOS="616" WIDTH="757" HEIGHT="64">
					<TextBlock ID="block_3" HPOS="98" VPOS="616" WIDTH="757" HEIGHT="64">
						<TextLine ID="line_12" HPOS="100" VPOS="616" WIDTH="755" HEIGHT="29">
							<String ID="string_75" HPOS="100" VPOS="617" WIDTH="162" HEIGHT="28" WC="0.96" CONTENT="organisation"/><SP WIDTH="23" VPOS="617" HPOS="262"/>
							<String ID="string_76" HPOS="285" VPOS="617" WIDTH="43" HEIGHT="22" WC="0.96" CONTENT="och"/><SP WIDTH="19" VPOS="617" HPOS="328"/>
							<String ID="string_77" HPOS="347" VPOS="617" WIDTH="149" HEIGHT="22" WC="0.96" CONTENT="verksamhet"/><SP WIDTH="23" VPOS="617" HPOS="496"/>
							<String ID="string_78" HPOS="519" VPOS="620" WIDTH="60" HEIGHT="19" WC="0.92" CONTENT="samt"/><SP WIDTH="23" VPOS="620" HPOS="579"/>
							<String ID="string_79" HPOS="602" VPOS="620" WIDTH="55" HEIGHT="19" WC="0.92" CONTENT="taxa"/><SP WIDTH="22" VPOS="620" HPOS="657"/>
							<String ID="string_80" HPOS="679" VPOS="617" WIDTH="38" HEIGHT="22" WC="0.93" CONTENT="för"/><SP WIDTH="18" VPOS="617" HPOS="717"/>
							<String ID="string_81" HPOS="735" VPOS="616" WIDTH="120" HEIGHT="22" WC="0.92" CONTENT="sakförare"/>
						</TextLine>
						<TextLine ID="line_13" HPOS="98" VPOS="651" WIDTH="486" HEIGHT="29">
							<String ID="string_82" HPOS="98" VPOS="651" WIDTH="108" HEIGHT="22" WC="0.89" CONTENT="utfärdas"/><SP WIDTH="16" VPOS="651" HPOS="206"/>
							<String ID="string_83" HPOS="222" VPOS="659" WIDTH="84" HEIGHT="21" WC="0.96" CONTENT="genom"/><SP WIDTH="16" VPOS="659" HPOS="306"/>
							<String ID="string_84" HPOS="322" VPOS="651" WIDTH="101" HEIGHT="22" WC="0.93" CONTENT="särskild"/><SP WIDTH="15" VPOS="651" HPOS="423"/>
							<String ID="string_85" HPOS="438" VPOS="651" WIDTH="146" HEIGHT="29" WC="0.91" CONTENT="kungörelse."/>
						</TextLine>
					</TextBlock>
				</ComposedBlock>
				<ComposedBlock ID="cblock_4" HPOS="101" VPOS="719" WIDTH="755" HEIGHT="98">
					<TextBlock ID="block_4" HPOS="101" VPOS="719" WIDTH="755" HEIGHT="98">
						<TextLine ID="line_14" HPOS="169" VPOS="719" WIDTH="581" HEIGHT="29">
							<String ID="string_86" HPOS="169" VPOS="720" WIDTH="84" HEIGHT="22" WC="0.91" CONTENT="Denna"/><SP WIDTH="15" VPOS="720" HPOS="253"/>
							<String ID="string_87" HPOS="268" VPOS="720" WIDTH="139" HEIGHT="28" WC="0.89" CONTENT="förordning"/><SP WIDTH="16" VPOS="720" HPOS="407"/>
							<String ID="string_88" HPOS="423" VPOS="720" WIDTH="79" HEIGHT="22" WC="0.89" CONTENT="träder"/><SP WIDTH="14" VPOS="720" HPOS="502"/>
							<String ID="string_89" HPOS="516" VPOS="720" WIDTH="9" HEIGHT="22" WC="0.96" CONTENT="i"/><SP WIDTH="15" VPOS="720" HPOS="525"/>
							<String ID="string_90" HPOS="540" VPOS="720" WIDTH="150" HEIGHT="22" WC="0.96" CONTENT="verksamhet"/><SP WIDTH="15" VPOS="720" HPOS="690"/>
							<String ID="string_91" HPOS="705" VPOS="719" WIDTH="45" HEIGHT="22" WC="0.96" CONTENT="den"/>
						</TextLine>
						<TextLine ID="line_15" HPOS="307" VPOS="754" WIDTH="549" HEIGHT="29">
							<String ID="string_92" HPOS="307" VPOS="755" WIDTH="67" HEIGHT="22" WC="0.93" CONTENT="Dock"/><SP WIDTH="24" VPOS="755" HPOS="374"/>
							<String ID="string_93" HPOS="398" VPOS="755" WIDTH="55" HEIGHT="22" WC="0.89" CONTENT="böra"/><SP WIDTH="23" VPOS="755" HPOS="453"/>
							<String ID="string_94" HPOS="476" VPOS="755" WIDTH="28" HEIGHT="21" WC="0.93" CONTENT="de"/><SP WIDTH="24" VPOS="755" HPOS="504"/>
							<String ID="string_95" HPOS="528" VPOS="755" WIDTH="115" HEIGHT="28" WC="0.92" CONTENT="ätgärder,"/><SP WIDTH="24" VPOS="755" HPOS="643"/>
							<String ID="string_96" HPOS="667" VPOS="762" WIDTH="50" HEIGHT="15" WC="0.92" CONTENT="som"/><SP WIDTH="22" VPOS="762" HPOS="717"/>
							<String ID="string_97" HPOS="739" VPOS="754" WIDTH="117" HEIGHT="22" WC="0.92" CONTENT="erfordras"/>
						</TextLine>
						<TextLine ID="line_16" HPOS="101" VPOS="788" WIDTH="755" HEIGHT="29">
							<String ID="string_98" HPOS="101" VPOS="789" WIDTH="38" HEIGHT="22" WC="0.93" CONTENT="för"/><SP WIDTH="10" VPOS="789" HPOS="139"/>
							<String ID="string_99" HPOS="149" VPOS="789" WIDTH="111" HEIGHT="22" WC="0.92" CONTENT="bildande"/><SP WIDTH="11" VPOS="789" HPOS="260"/>
							<String ID="string_100" HPOS="271" VPOS="789" WIDTH="27" HEIGHT="22" WC="0.93" CONTENT="af"/><SP WIDTH="6" VPOS="789" HPOS="298"/>
							<String ID="string_101" HPOS="304" VPOS="789" WIDTH="265" HEIGHT="28" WC="0.92" CONTENT="sakförareföreningar,"/><SP WIDTH="12" VPOS="789" HPOS="569"/>
							<String ID="string_102" HPOS="581" VPOS="789" WIDTH="153" HEIGHT="22" WC="0.92" CONTENT="derförinnan"/><SP WIDTH="7" VPOS="789" HPOS="734"/>
							<String ID="string_103" HPOS="741" VPOS="788" WIDTH="115" HEIGHT="29" WC="0.92" CONTENT="vidtagas."/>
						</TextLine>
					</TextBlock>
				</ComposedBlock>
				<ComposedBlock ID="cblock_5" HPOS="241" VPOS="1035" WIDTH="618" HEIGHT="63">
					<TextBlock ID="block_5" HPOS="241" VPOS="1035" WIDTH="618" HEIGHT="63">
						<TextLine ID="line_17" HPOS="309" VPOS="1035" WIDTH="550" HEIGHT="29">
							<String ID="string_104" HPOS="309" VPOS="1037" WIDTH="108" HEIGHT="26" WC="0.88" CONTENT="Förslag"/><SP WIDTH="12" VPOS="1037" HPOS="417"/>
							<String ID="string_105" HPOS="429" VPOS="1036" WIDTH="28" HEIGHT="22" WC="0.93" CONTENT="till"/><SP WIDTH="11" VPOS="1036" HPOS="457"/>
							<String ID="string_106" HPOS="468" VPOS="1037" WIDTH="129" HEIGHT="27" WC="0.92" CONTENT="kungörelse,"/><SP WIDTH="12" VPOS="1037" HPOS="597"/>
							<String ID="string_107" HPOS="609" VPOS="1037" WIDTH="139" HEIGHT="21" WC="0.92" CONTENT="innefattande"/><SP WIDTH="9" VPOS="1037" HPOS="748"/>
							<String ID="string_108" HPOS="757" VPOS="1035" WIDTH="102" HEIGHT="23" WC="0.96" CONTENT="särskilda"/>
						</TextLine>
						<TextLine ID="line_18" HPOS="241" VPOS="1071" WIDTH="478" HEIGHT="27">
							<String ID="string_109" HPOS="241" VPOS="1071" WIDTH="127" HEIGHT="22" WC="0.95" CONTENT="föreskrifter"/><SP WIDTH="16" VPOS="1071" HPOS="368"/>
							<String ID="string_110" HPOS="384" VPOS="1071" WIDTH="87" HEIGHT="22" WC="0.93" CONTENT="rörande"/><SP WIDTH="16" VPOS="1071" HPOS="471"/>
							<String ID="string_111" HPOS="487" VPOS="1071" WIDTH="232" HEIGHT="27" WC="0.92" CONTENT="sakförareföreningar."/>
						</TextLine>
					</TextBlock>
				</ComposedBlock>
				<ComposedBlock ID="cblock_6" HPOS="102" VPOS="1144" WIDTH="758" HEIGHT="92">
					<TextBlock ID="block_6" HPOS="102" VPOS="1144" WIDTH="758" HEIGHT="92">
						<TextLine ID="line_19" HPOS="171" VPOS="1144" WIDTH="689" HEIGHT="30">
							<String ID="string_112" HPOS="171" VPOS="1145" WIDTH="47" HEIGHT="22" WC="0.93" CONTENT="För"/><SP WIDTH="21" VPOS="1145" HPOS="218"/>
							<String ID="string_113" HPOS="239" VPOS="1145" WIDTH="264" HEIGHT="29" WC="0.92" CONTENT="sakförareföreningar,"/><SP WIDTH="20" VPOS="1145" HPOS="503"/>
							<String ID="string_114" HPOS="523" VPOS="1153" WIDTH="49" HEIGHT="14" WC="0.96" CONTENT="som"/><SP WIDTH="19" VPOS="1153" HPOS="572"/>
							<String ID="string_115" HPOS="591" VPOS="1149" WIDTH="97" HEIGHT="18" WC="0.96" CONTENT="nämnas"/><SP WIDTH="16" VPOS="1149" HPOS="688"/>
							<String ID="string_116" HPOS="704" VPOS="1145" WIDTH="9" HEIGHT="22" WC="0.92" CONTENT="i"/><SP WIDTH="14" VPOS="1145" HPOS="713"/>
							<String ID="string_117" HPOS="727" VPOS="1144" WIDTH="133" HEIGHT="23" WC="0.92" CONTENT="förordnin-"/>
						</TextLine>
						<TextLine ID="line_20" HPOS="102" VPOS="1179" WIDTH="758" HEIGHT="28">
							<String ID="string_118" HPOS="102" VPOS="1186" WIDTH="46" HEIGHT="21" WC="0.96" CONTENT="gen"/><SP WIDTH="16" VPOS="1186" HPOS="148"/>
							<String ID="string_119" HPOS="164" VPOS="1179" WIDTH="26" HEIGHT="22" WC="0.96" CONTENT="af"/><SP WIDTH="14" VPOS="1179" HPOS="190"/>
							<String ID="string_120" HPOS="204" VPOS="1179" WIDTH="45" HEIGHT="22" WC="0.96" CONTENT="den"/><SP WIDTH="402" VPOS="1179" HPOS="249"/>
							<String ID="string_121" HPOS="651" VPOS="1197" WIDTH="4" HEIGHT="10" WC="0.90" CONTENT=","/><SP WIDTH="18" VPOS="1197" HPOS="655"/>
							<String ID="string_122" HPOS="673" VPOS="1179" WIDTH="66" HEIGHT="22" WC="0.96" CONTENT="skola"/><SP WIDTH="15" VPOS="1179" HPOS="739"/>
							<String ID="string_123" HPOS="754" VPOS="1179" WIDTH="106" HEIGHT="28" WC="0.95" CONTENT="följande"/>
						</TextLine>
						<TextLine ID="line_21" HPOS="103" VPOS="1213" WIDTH="471" HEIGHT="23">
							<String ID="string_124" HPOS="103" VPOS="1213" WIDTH="150" HEIGHT="22" WC="0.93" CONTENT="föreskrifter"/><SP WIDTH="15" VPOS="1213" HPOS="253"/>
							<String ID="string_125" HPOS="268" VPOS="1213" WIDTH="70" HEIGHT="23" WC="0.92" CONTENT="lända"/><SP WIDTH="16" VPOS="1213" HPOS="338"/>
							<String ID="string_126" HPOS="354" VPOS="1214" WIDTH="37" HEIGHT="21" WC="0.93" CONTENT="till"/><SP WIDTH="17" VPOS="1214" HPOS="391"/>
							<String ID="string_127" HPOS="408" VPOS="1214" WIDTH="166" HEIGHT="22" WC="0.91" CONTENT="efterrättelse:"/>
						</TextLine>
					</TextBlock>
				</ComposedBlock>
				<ComposedBlock ID="cblock_7" HPOS="174" VPOS="1284" WIDTH="688" HEIGHT="73">
					<TextBlock ID="block_7" HPOS="174" VPOS="1284" WIDTH="688" HEIGHT="73">
						<TextLine ID="line_22" HPOS="459" VPOS="1284" WIDTH="46" HEIGHT="25">
							<String ID="string_128" HPOS="459" VPOS="1284" WIDTH="46" HEIGHT="25" WC="0.78" CONTENT="18"/>
						</TextLine>
						<TextLine ID="line_23" HPOS="174" VPOS="1327" WIDTH="688" HEIGHT="30">
							<String ID="string_129" HPOS="174" VPOS="1327" WIDTH="250" HEIGHT="29" WC="0.91" CONTENT="Sakförareförenings"/><SP WIDTH="23" VPOS="1327" HPOS="424"/>
							<String ID="string_130" HPOS="447" VPOS="1328" WIDTH="198" HEIGHT="29" WC="0.95" CONTENT="angelägenheter"/><SP WIDTH="18" VPOS="1328" HPOS="645"/>
							<String ID="string_131" HPOS="663" VPOS="1329" WIDTH="79" HEIGHT="21" WC="0.96" CONTENT="skötas"/><SP WIDTH="17" VPOS="1329" HPOS="742"/>
							<String ID="string_132" HPOS="759" VPOS="1328" WIDTH="48" HEIGHT="21" WC="0.93" CONTENT="dels"/><SP WIDTH="16" VPOS="1328" HPOS="807"/>
							<String ID="string_133" HPOS="823" VPOS="1335" WIDTH="39" HEIGHT="21" WC="0.91" CONTENT="ge-"/>
						</TextLine>
					</TextBlock>
				</ComposedBlock>
				<ComposedBlock ID="cblock_8" HPOS="105" VPOS="1363" WIDTH="756" HEIGHT="56">
					<TextBlock ID="block_8" HPOS="105" VPOS="1363" WIDTH="756" HEIGHT="56">
						<TextLine ID="line_24" HPOS="105" VPOS="1363" WIDTH="756" HEIGHT="28">
							<String ID="string_134" HPOS="105" VPOS="1364" WIDTH="115" HEIGHT="20" WC="0.92" CONTENT="mensamt"/><SP WIDTH="20" VPOS="1364" HPOS="220"/>
							<String ID="string_135" HPOS="240" VPOS="1363" WIDTH="26" HEIGHT="21" WC="0.95" CONTENT="af"/><SP WIDTH="18" VPOS="1363" HPOS="266"/>
							<String ID="string_136" HPOS="284" VPOS="1363" WIDTH="151" HEIGHT="28" WC="0.96" CONTENT="föreningens"/><SP WIDTH="19" VPOS="1363" HPOS="435"/>
							<String ID="string_137" HPOS="454" VPOS="1363" WIDTH="153" HEIGHT="22" WC="0.96" CONTENT="medlemmar"/><SP WIDTH="17" VPOS="1363" HPOS="607"/>
							<String ID="string_138" HPOS="624" VPOS="1363" WIDTH="40" HEIGHT="22" WC="0.96" CONTENT="vid"/><SP WIDTH="16" VPOS="1363" HPOS="664"/>
							<String ID="string_139" HPOS="680" VPOS="1363" WIDTH="97" HEIGHT="21" WC="0.96" CONTENT="allmänt"/><SP WIDTH="15" VPOS="1363" HPOS="777"/>
							<String ID="string_140" HPOS="792" VPOS="1364" WIDTH="69" HEIGHT="26" WC="0.96" CONTENT="möte,"/>
						</TextLine>
						<TextLine ID="line_25" HPOS="105" VPOS="1395" WIDTH="343" HEIGHT="24">
							<String ID="string_141" HPOS="105" VPOS="1395" WIDTH="49" HEIGHT="22" WC="0.96" CONTENT="dels"/><SP WIDTH="16" VPOS="1395" HPOS="154"/>
							<String ID="string_142" HPOS="170" VPOS="1397" WIDTH="27" HEIGHT="20" WC="0.96" CONTENT="af"/><SP WIDTH="14" VPOS="1397" HPOS="197"/>
							<String ID="string_143" HPOS="211" VPOS="1396" WIDTH="51" HEIGHT="22" WC="0.93" CONTENT="dess"/><SP WIDTH="16" VPOS="1396" HPOS="262"/>
							<String ID="string_144" HPOS="278" VPOS="1397" WIDTH="170" HEIGHT="22" WC="0.92" CONTENT="sakförareråd."/>
						</TextLine>
					</TextBlock>
				</ComposedBlock>
			</PrintSpace>
		</Page>
	</Layout>
</alto>
