1039 1656
283 148 85 22 Ständ.
384 148 39 23 Sv.
441 161 25 3 —
482 148 75 28 Prop.
573 148 45 22 N:o
634 148 37 22 23.
847 148 25 20 41

461 217 12 27 8
496 218 31 20 12.

185 262 144 28 Anläggning
353 263 25 21 af
394 263 96 27 jernväg
514 263 58 21 skall
595 263 92 26 vidtaga
707 262 44 22 och
767 262 107 21 slutföras

117 300 59 18 samt
197 297 124 27 jernvägen
343 297 35 21 till.
401 304 92 20 person-
511 298 44 20 och
571 297 181 27 godsbefordran
767 296 107 28 upplåtas

116 332 64 20 inom
203 331 45 21 den
268 331 39 27 tid,
333 338 50 14 som
405 331 39 21 vid
467 331 162 21 meddelandet
644 332 25 20 af
682 330 193 28 anläggningstill-

116 366 91 21 ståndet
230 366 116 20 bestämts.
378 366 151 20 Försummas
552 366 44 26 det,
612 372 53 15 vare
681 365 194 27 anläggningsrät-

116 402 37 19 ten
180 400 45 21 och
251 400 43 21 den
321 400 35 21 för
375 400 258 27 jernvägsbyggnadens
657 400 120 21 utförande
801 399 73 21 stälda

117 434 136 21 säkerheten
269 434 139 21 förverkade.
440 434 66 21 Dock
522 434 45 27 må,
580 441 39 14 om
630 434 67 20 mark
707 434 35 21 för
749 434 124 27 jernvägen

115 468 72 21 redan
205 470 25 19 är
245 468 76 27 inlöst,
337 468 226 27 anläggningsrätten
574 468 70 28 jemte
655 468 95 21 marken
762 468 44 22 och
819 468 55 21 derå

117 503 118 27 befintliga
249 502 132 28 byggnader
396 503 44 21 och
455 502 153 28 inrättningar
623 505 60 19 samt
698 503 35 21 för
743 502 132 22 ändamålet

117 537 135 21 anskaffade
272 537 191 27 jernvägsfordon
487 538 45 20 och
551 537 72 27 öfriga
638 537 107 21 tillbehör
761 537 25 21 af
798 537 77 26 anläg-

116 576 69 22 garen
209 572 54 20 eller
285 571 34 21 för
341 572 59 20 hans
423 572 99 26 räkning
540 571 105 27 försäljas
662 571 73 21 under
749 571 28 21 de
792 571 82 26 vilkor,

116 606 99 21 Senaten
237 606 34 20 till
294 606 124 27 tryggande
438 606 26 21 af
477 606 119 27 företagets
613 606 120 21 utförande
749 606 46 20 kan
811 606 64 20 finna

116 640 80 27 nödigt
219 640 116 21 fastställa.
367 640 110 21 Kommer
499 640 135 28 försäljning
657 640 18 28 ej
697 640 32 21 till
746 640 74 26 stånd,
836 645 38 21 ege

117 674 98 21 Senaten
232 674 99 21 förklara
347 674 108 27 företaget
470 674 114 27 nedlagdt.

187 737 111 21 Finlands
314 737 96 21 Ständer
425 737 134 21 framhärda
575 740 40 18 etc.

187 800 148 27 Helsingfors,
351 800 44 22 den
411 801 28 20 28
455 800 45 28 maj
519 801 61 21 1897.

258 1455 109 23 Helsingfors
380 1455 49 18 1897.
454 1455 111 24 Helsingfors
578 1456 151 23 Centraltryckeri.
