1048 1659
471 134 40 20 N:o
527 134 34 21 23.
854 131 13 21 5

208 201 81 22 Sådant
305 202 96 21 tillstånd
416 201 111 22 meddelas
543 202 47 21 icke
605 202 33 21 att
648 201 58 27 gälla
716 200 96 22 bestämd
823 200 73 26 fastig-

138 236 37 21 het
191 236 51 21 eller
262 236 34 21 del
312 236 23 21 af
348 236 112 27 fastighet,
475 236 65 21 innan
556 235 160 22 vederbörande
729 234 112 28 jordegare
858 234 38 21 och

139 270 140 22 innehafvare
294 271 91 21 lemnats
401 270 87 21 tillfälle
503 272 34 19 att
552 270 7 21 i
575 270 91 21 ärendet
681 272 58 25 yttra
754 270 38 26 sig.

492 328 12 27 8
520 329 20 20 6.

208 367 60 22 Skall
283 367 161 28 expropriation
459 368 38 21 ske
512 368 35 21 för
562 367 134 28 anläggande
713 367 23 22 af
747 367 93 27 jernväg,
857 366 39 22 bör

136 401 129 27 jernvägens
280 402 125 27 sträckning
420 408 52 15 vara
487 401 101 23 faststäld
603 402 65 21 innan
685 402 95 21 ansökan
796 401 7 21 i
814 401 40 21 den
865 401 30 21 uti

139 437 12 20 3
164 436 48 27 kap.
227 436 103 27 stadgade
341 436 93 27 ordning
443 438 63 25 göres
518 443 34 15 om
563 437 199 26 expropriationens
774 435 121 26 utförande;

138 470 55 21 dock
209 471 34 20 må
258 471 81 21 mindre
350 471 118 26 väsentliga
480 471 60 21 delar
551 471 23 21 af
583 471 151 27 sträckningen
745 471 73 20 kunna
828 469 68 22 öfver-

138 505 83 21 lemnas
243 505 32 21 till
299 505 160 22 bestämmande
482 505 35 22 vid
537 505 75 28 sjelfva
635 505 131 22 utförandet.
795 505 101 21 Rörande

138 539 149 27 sträckningen
309 539 54 22 böra
383 540 141 27 jordegarene
544 540 40 21 och
603 540 166 21 innehafvarene
787 539 107 21 äfvensom

138 573 159 22 vederbörande
319 574 127 21 kommuner
469 575 82 21 lemnas
573 575 85 21 tillfälle
681 577 33 19 att
732 576 57 25 yttra
808 574 32 27 sig
861 573 35 22 vid

139 608 116 27 kungjordt
270 609 158 21 sammanträde
445 609 5 20 i
467 609 74 27 hvarje
556 609 111 26 kommun;
683 609 38 21 och
737 608 63 21 skola
814 609 81 26 yttran-

140 641 53 22 dena
213 644 106 25 upptagas
334 643 7 21 i
357 643 114 27 protokoll,
492 650 47 15 som
558 644 39 21 bör
615 643 103 22 insändas
733 643 34 22 till
782 643 92 21 Senaten
889 643 6 20 i

138 676 101 22 afseende
255 678 12 20 å
283 677 100 28 pröfning
401 677 24 22 af
444 678 109 22 desamma
571 679 35 20 vid
624 678 162 27 sträckningens
800 677 95 22 faststäl-

139 711 69 22 lande.

207 746 10 21 I
233 746 61 27 fråga
314 753 33 15 om
368 749 70 19 större
456 747 197 27 kanalanläggning
669 747 53 22 eller
738 749 66 19 annat
819 746 77 22 sådant

138 781 69 20 större
222 780 84 27 företag
321 781 40 21 bör
375 781 113 22 enahanda
504 781 122 22 förfarande
642 782 115 27 tillämpas.

492 839 12 26 $
521 839 19 20 7.

207 877 44 22 När
273 878 114 26 menighet,
411 878 64 27 bolag
494 879 54 21 eller
567 879 82 21 enskild
669 885 76 20 person
764 879 74 22 vinner
853 880 43 19 rätt

137 911 34 21 till
189 912 165 27 expropriation,
373 913 41 20 bör
432 913 44 21 viss
492 913 32 21 tid
539 915 102 25 utsättas,
658 913 57 22 inom
731 913 87 22 hvilken
834 915 61 19 ansö-

138 946 43 21 kan
204 952 33 15 om
261 947 200 26 expropriationens
484 947 114 22 utförande
621 948 55 21 skall
694 950 76 25 göras;
791 947 39 22 och
846 953 50 16 vare

138 981 131 26 rättigheten
285 981 121 26 förverkad,
423 982 38 21 der
477 983 41 20 den
534 982 32 21 tid
582 982 46 21 icke
643 983 113 26 iakttages.

443 1080 22 16 2
484 1081 105 20 kap.

235 1135 34 22 Om
287 1136 115 27 grunderna
417 1137 32 21 för
464 1137 155 27 ersättningens
636 1137 162 22 bestämmande.

491 1194 49 27 88.

206 1232 43 21 För
264 1233 43 21 fast
325 1233 111 27 egendom,
452 1240 46 15 som
515 1234 33 21 för
563 1234 90 21 allmänt
669 1234 66 22 behof
749 1234 76 27 afstäs,
841 1234 55 21 skall

139 1273 88 20 egarens
243 1268 121 27 ersättning
379 1268 131 21 bestämmas
526 1268 54 21 efter
591 1268 141 28 fastighetens
744 1269 77 26 högsta
832 1268 64 27 gäng-

137 1301 52 21 bara
204 1301 52 27 pris,
272 1302 55 21 dock
345 1304 34 19 att
393 1302 68 22 sädan
476 1303 107 27 sänkning
598 1303 7 21 i
620 1303 215 27 prisförhällandena,
851 1309 45 15 som

137 1336 168 27 uppenbarligen
321 1338 24 19 är
361 1336 149 27 öfvergäende,
527 1337 48 21 icke
590 1339 35 20 mä
641 1337 12 21 &
666 1337 231 28 ersättningsbeloppet

137 1370 95 21 inverka.
262 1371 41 20 Vid
319 1371 184 27 uppskattningen
520 1372 55 20 skall
591 1374 61 24 tagas
668 1372 82 27 hänsyn
765 1372 34 21 till
810 1372 86 27 olägen-

137 1403 89 22 heterna
249 1404 52 22 eller
324 1405 123 21 fördelarna
470 1405 23 21 af
515 1406 81 21 sådana
616 1406 13 21 &
648 1406 128 27 fastigheten
794 1406 103 27 upplätna

137 1438 132 27 rättigheter,
285 1445 46 15 som
346 1440 7 20 i
371 1440 23 20 11
413 1440 11 27 $
440 1442 96 20 nämnas.
