1023 1659
270 138 85 23 Ständ.
373 138 39 23 Sv.
429 151 27 3 —
471 138 76 29 Prop.
564 138 45 23 N:o
622 138 41 26 29.
819 139 26 20 11

88 206 131 28 utskrifning
241 207 65 27 enligt
328 207 15 21 4
366 206 11 28 &
396 207 112 21 bestämda
523 207 80 21 antalet
617 207 73 21 hästar
705 207 29 27 pä
749 206 99 28 samtliga

88 242 35 21 län
139 241 39 21 och
193 241 208 27 uppbädsomräden.

157 276 157 26 Fördelningen
337 275 24 21 af
382 276 26 21 de
429 275 47 21 frän
492 277 32 20 ett
538 276 188 27 uppbädsomräde
742 275 105 27 utgäende

88 310 73 21 hästar
176 310 28 27 pä
218 310 160 21 vederbörande
393 310 209 27 lottningsomräden
618 310 126 21 verkställes
759 309 23 21 af
793 315 54 21 upp-

88 344 167 22 bädsnämnden.

439 384 27 22 23
481 384 17 28 8.

157 425 11 21 I
184 424 153 27 sammanhang
352 424 49 22 med
417 424 148 27 fördelningen
581 424 23 21 af
615 424 35 21 det
660 424 139 26 erforderliga
810 429 36 15 an-

89 458 51 22 talet
154 458 73 22 hästar
242 458 28 28 pä
284 458 63 22 länen
359 458 39 22 och
410 458 216 28 uppbädsomrädena
635 458 130 22 bestämmes
776 457 70 22 äfven:

159 493 41 27 1:0)
219 492 46 22 frän
283 493 80 21 hvilket
382 493 51 21 eller
452 493 72 21 hvilka
539 492 219 28 utskrifningsställen
773 492 73 26 hvarje

89 529 65 25 trupp
172 533 50 21 eger
241 526 93 22 afhemta
353 527 26 21 de
395 528 125 20 densamma
534 527 161 21 tillkommande
711 526 81 26 hästar;
808 526 39 22 och

157 562 43 26 2:0)
221 562 28 26 pä
271 561 84 22 hvilken
372 562 51 21 eller
438 562 72 20 hvilka
525 562 72 26 dagar,
612 561 91 21 räknadt
717 560 47 22 frän
779 560 69 22 första

89 596 234 27 mobiliseringsdagen,
348 595 144 22 aflemnandet
518 595 23 22 af
563 596 73 21 hästar
662 595 53 22 skall
739 595 13 21 &
773 594 73 28 hvarje

90 630 61 21 ställe
165 630 100 27 försiggä.

438 670 28 21 24
482 670 17 28 &.

158 710 203 27 Hästfördelningen
383 710 57 21 afser
458 710 103 28 fyllandet
579 709 22 22 af
615 710 98 26 samtliga
728 709 31 22 till
774 709 73 21 hästar

90 744 131 27 berättigade
236 746 101 25 truppers
353 744 70 22 behof.

395 824 34 22 VI
460 824 80 22 KAP.

227 870 36 23 Om
279 870 87 22 hästars
382 871 114 27 uttagande
511 871 41 22 och
568 870 137 23 aflemnande.

437 916 28 22 25
480 916 18 28 8.

156 956 34 21 Dä
212 956 115 28 befallning
350 963 36 15 om
409 956 85 22 hästars
507 956 132 28 utskrifning
653 957 123 25 meddelats,
792 955 53 22 skall

88 990 240 27 besiktningsnämnden
351 991 13 21 ä
386 992 69 20 utsatt
476 991 32 21 tid
526 992 159 20 sammanträda
705 991 12 21 å
732 990 113 27 lottnings-

88 1025 108 21 omrädets
212 1025 166 27 samlingsplats.

157 1053 19 27 Ä
199 1066 81 14 samma
302 1060 31 21 tid
355 1060 54 20 böra
427 1060 100 26 samtliga
541 1059 113 27 hästegare
669 1060 58 21 inom
743 1058 102 26 omrädet,

90 1092 54 22 efter
158 1093 93 27 kallelse,
267 1094 31 21 till
313 1094 189 27 samlingsplatsen
516 1093 101 22 befordra
629 1094 40 21 alla
680 1094 47 21 dem
738 1093 107 27 tillhöriga

88 1128 77 25 hästar,
191 1127 71 21 hvilka
283 1127 46 21 före
353 1128 41 21 den
419 1128 10 20 1
453 1128 90 21 Januari
565 1134 82 15 samma
666 1128 23 21 är
705 1128 38 27 fylt
758 1127 42 21 fem
816 1127 29 25 är,

88 1162 49 21 med
152 1162 110 27 undantag
275 1162 24 21 af
313 1162 26 21 de
351 1162 7 21 i
370 1162 14 21 2
401 1162 4 28 $
416 1162 130 21 omnämnda
556 1162 110 21 äfvensom
677 1162 168 27 ögonskenligen

88 1196 97 27 dräktiga
201 1198 48 19 ston
265 1196 39 22 och
320 1199 49 19 ston
381 1196 50 21 med
446 1196 57 22 diföl.

157 1231 85 26 Hästar,
261 1237 46 15 som
325 1231 46 21 icke
389 1230 69 22 blifvit
475 1230 100 22 hemtade
589 1231 32 21 till
637 1230 187 28 samlingsplatsen
838 1230 8 20 i

88 1264 89 28 behörig
198 1265 37 26 tid,
259 1267 51 19 utan
328 1267 32 19 att
374 1264 71 22 förfall
460 1265 92 21 anmälts
567 1265 40 21 och
623 1265 112 27 godkänts,
750 1264 95 22 inställas

88 1304 77 22 genom
180 1301 73 19 ortens
270 1299 171 27 polisbetjening.

437 1351 27 21 26
480 1350 18 28 8.

157 1390 10 21 I
190 1389 36 22 fall
245 1390 174 27 mobiliseringen
435 1390 73 21 träffar
523 1390 56 22 blott
595 1396 26 16 en
637 1390 34 22 del
686 1390 22 21 af
721 1392 125 25 trupperna,

88 1424 50 21 sker
160 1424 130 27 utskrifning
311 1424 23 22 af
353 1424 73 22 hästar
450 1424 77 22 endast
549 1425 58 21 inom
627 1425 26 21 de
672 1425 107 26 områden,
798 1430 48 15 som

87 1457 33 23 för
136 1458 79 22 enhvar
231 1458 22 22 af
266 1458 63 22 dessa
345 1460 90 26 trupper
450 1458 71 22 blifvit
536 1459 117 21 bestämda.
