1039 1659
290 150 84 22 Ständ.
390 150 40 22 Sv.
446 163 26 3 —
489 150 75 29 Prop.
580 150 43 22 N:o
639 149 39 23 23.
848 148 13 20 9

174 220 36 20 11
228 226 70 14 mom.
315 220 25 20 af
349 219 77 21 denna
436 219 109 27 paragraf
554 218 145 22 föreskrifves
711 220 32 19 att
753 217 108 27 afsägelse

105 254 25 21 af
143 254 105 27 uppdrag
264 256 31 18 att
310 260 54 14 vara
380 254 139 20 ordförande
534 254 55 21 eller
602 253 101 21 ledamot
715 252 7 21 i
733 251 129 28 expropria-

105 288 151 21 tionsnämnd
279 288 49 20 icke
344 288 34 20 fär
394 288 40 20 ske
450 290 65 19 utom
530 288 7 20 i
554 288 28 20 de
598 287 33 21 uti
647 286 97 22 berörda
759 288 103 19 moment

105 322 103 21 nämnda
230 322 46 21 fall.
307 322 45 21 För
375 322 35 21 sin
434 322 36 20 del
493 322 81 20 kunna
594 321 128 21 Ständerna
737 320 60 22 dock
812 320 50 21 icke

105 357 124 27 godkänna
244 356 76 22 denna
335 356 146 27 bestämning
496 356 36 22 för
547 356 76 21 sävidt
637 355 96 21 därmed
744 355 77 21 afsetts
831 356 32 18 att

106 391 66 21 äfven
195 391 26 21 af
238 391 107 27 sakegare
360 390 34 21 till
410 390 102 22 ledamot
526 391 7 20 i
549 390 118 21 nämnden
684 389 82 21 utsedd
779 394 84 22 person

106 432 53 14 vore
182 428 101 24 tvungen
306 427 32 19 att
360 425 66 27 ätaga
450 424 33 28 sig
506 425 61 21 detta
582 424 111 28 uppdrag.
725 424 53 20 Skäl
795 429 68 21 synes

106 459 115 27 nämligen
238 459 18 27 ej
274 459 123 22 förefinnas
410 462 32 18 att
452 459 139 21 tillerkänna
602 459 38 21 det
649 459 26 21 af
683 458 108 27 sakegare
802 456 61 28 gifna

107 494 126 27 uppdraget
249 500 28 14 en
293 500 77 14 annan
386 494 116 27 betydelse
518 495 30 19 än
564 493 106 22 enskilda
686 492 105 28 uppdrag
801 492 63 21 öfver

107 528 96 27 hufvud,
226 528 60 21 helst
300 528 59 21 valet
374 528 25 21 af
412 528 102 22 ledamot
528 528 51 21 frän
595 528 138 26 sakegarens
749 527 49 21 sida
814 526 50 21 icke

107 562 70 21 heller
203 564 26 19 är
251 562 164 27 obligatoriskt.
454 562 176 28 Ifrägavarande
653 561 146 26 bestämning
822 560 43 20 har

107 596 77 22 därför
199 597 140 21 modifierats
355 596 97 27 därhän,
468 600 32 18 att
512 597 45 21 den
568 597 93 21 komme
673 599 32 18 att
715 596 59 27 gälla
785 595 80 21 endast

108 631 137 21 ordförande
261 631 7 21 i
284 631 115 21 nämnden
417 634 60 18 samt
492 631 28 21 de
531 631 133 25 ledamöter,
675 631 79 20 hvilka
765 630 37 20 det
813 629 52 27 älig-

107 670 38 22 ger
155 665 171 21 vederbörande
336 665 184 27 häradshöfding
530 666 54 20 eller
595 665 165 21 rädstufvurätt
769 666 32 19 att
808 666 56 18 utse.

177 699 80 21 Ehuru
280 700 37 20 det
339 700 52 21 med
414 700 95 21 hänsikt
531 700 34 20 till
581 700 156 26 stadgandena
752 699 7 20 i
775 699 27 20 26
817 699 13 25 $
845 698 19 27 ej

108 734 64 21 torde
181 734 79 21 kunna
269 734 83 28 uppstä
360 734 78 21 tvifvel
446 734 89 27 därom,
544 737 32 18 att
584 734 138 22 ordförande
730 734 35 20 för
773 732 93 22 härads-

108 769 44 19 rätt
175 768 55 21 eller
252 768 164 22 rädstufvurätt
439 769 18 27 ej
482 769 35 21 fär
532 771 62 19 utses
609 769 34 20 till
659 767 138 23 ordförande
812 767 55 21 eller

109 802 101 22 ledamot
224 803 8 21 i
247 803 125 28 nämnden,
393 804 43 20 har
458 803 71 21 likväl
552 810 28 14 en
597 803 98 27 ändring
709 803 8 20 i
733 802 60 21 detta
809 801 57 27 syfte

109 837 35 21 för
167 838 213 27 fullständighetens
403 839 62 21 skull
488 838 107 27 vidtagits
614 838 6 21 i
646 839 3 20 2
672 845 70 14 mom.
766 837 25 21 af
804 837 27 20 29
847 836 18 26 $.

111 872 84 21 Likasä
211 872 42 21 har
268 872 37 21 det
320 875 86 19 ansetts
422 872 79 28 nödigt
517 875 32 19 att
565 873 76 21 säsom
656 870 211 29 kompetensvilkor

110 906 35 20 för
160 906 146 22 ordförande-
322 908 44 20 och
382 907 160 28 ledamotskap
559 907 6 21 i
581 907 118 21 nämnden
712 905 115 29 uppställa
839 911 28 15 en

110 940 63 21 älder
188 941 26 21 af
226 941 110 27 tjugufem
352 942 31 20 är.

178 976 97 20 Jämlikt
285 976 25 20 31
323 976 13 26 &
346 976 42 21 bör
398 978 151 25 guvernören,
560 976 95 21 såframt
666 974 138 22 ordförande
815 974 53 20 eller

110 1009 101 22 ledamot
226 1010 7 20 i
248 1010 303 28 expropriationsnämnden
564 1012 56 19 utan
632 1008 183 28 tillkännagifvet
826 1008 42 20 för-

110 1044 40 20 fall
165 1044 121 21 uteblifver
301 1045 50 21 frän
367 1044 131 22 nämndens
509 1044 179 27 sammanträde,
699 1044 114 26 förelägga
823 1042 45 20 den

110 1078 133 27 försumlige
258 1079 51 21 vite.
340 1079 53 21 Men
409 1079 30 21 dä
454 1080 54 20 med
523 1079 106 21 afseende
646 1079 13 21 &
674 1077 194 23 vidsträcktheten

111 1112 25 21 af
151 1112 167 22 ordförandens
334 1114 162 26 befogenheter
510 1114 45 20 den
571 1113 119 27 möjlighet
705 1112 117 26 föreligger
837 1112 31 19 att

110 1147 47 20 han
171 1147 87 27 jämväl
275 1148 6 20 i
297 1148 73 21 andra
385 1148 39 20 fall
440 1149 30 19 än
486 1148 38 21 det
537 1155 56 20 nyss
603 1148 120 20 förutsatta
734 1145 135 22 äsidosätter

111 1180 50 22 sina
184 1181 143 28 äligganden,
343 1189 67 21 synes
427 1182 136 27 stadgandet
578 1182 7 20 i
601 1182 76 21 denna
692 1179 108 30 paragraf
812 1179 57 21 böra

110 1215 72 27 gifvas
206 1221 27 15 en
256 1222 62 15 mera
340 1217 88 26 generel
449 1216 145 27 omfattning,
609 1216 94 21 hvarför
724 1217 31 19 ett
769 1213 100 27 tillägg
859 1209 14 40 i

111 1249 82 21 sädant
209 1250 57 27 syfte
282 1250 6 21 i
304 1251 135 27 paragrafen
455 1251 89 21 införts.

180 1284 63 21 Enär
264 1285 135 27 stadgandet
422 1285 4 21 i
449 1286 13 20 3
478 1292 70 14 mom.
565 1286 28 20 33
608 1286 13 26 &
637 1284 117 27 angäende
771 1282 98 28 skyldig-

110 1318 39 20 het
168 1318 36 20 för
223 1319 117 21 nämnden
356 1322 38 24 att,
411 1319 7 21 i
434 1319 111 21 händelse
561 1319 44 21 den
621 1326 67 14 anser
703 1317 167 29 uppskattning

110 1352 25 21 af
149 1353 154 27 ersättningen
318 1354 50 20 icke
385 1354 124 27 lämpligen
526 1354 80 20 kunna
623 1354 39 20 ske
678 1354 71 20 innan
766 1351 105 22 omrädet

111 1387 105 27 slutligen
232 1387 116 27 faststälts,
364 1387 82 22 därom
463 1388 94 20 anmäla
573 1388 43 21 hos
632 1389 149 25 guvernören,
797 1385 74 27 möjli-

110 1426 43 22 gen
169 1421 85 27 kunde,
270 1422 52 21 med
339 1422 106 21 afseende
461 1422 14 20 ä
486 1422 169 26 hänvisningen
667 1422 33 20 till
718 1422 5 20 3
732 1427 71 15 mom.
813 1420 27 20 39
851 1420 19 26 8,

111 1456 118 20 föranleda
252 1456 84 21 tvekan
358 1456 117 21 huruvida
491 1458 156 25 guvernörens
663 1456 74 26 utslag
752 1454 119 27 angäende

883 216 27 20 29
925 216 22 26 8.

889 972 25 21 31
932 972 21 26 8.

891 1281 28 21 39
935 1281 20 26 8.
