1039 1656
429 123 40 22 N:o
486 124 34 21 25.
802 123 24 20 15

113 243 70 23 Bidrag
195 243 29 18 till
237 243 67 18 fonden
317 244 28 17 för
357 249 43 16 pen-

99 279 2 23 |
122 270 9 36 —
138 278 92 22 sionering
260 277 20 18 af
304 278 96 17 städernas
414 274 1 3 |
634 299 1 5 |
744 268 1 24 |

138 312 226 23 folkskollärarepersonal
396 326 4 3 .
414 306 2 26 i
460 313 62 21 24,300
568 313 68 21 —25,600
658 302 13 37 =
679 306 67 27 26,900;
765 302 12 37 =
789 311 62 20 76,800

99 353 2 14 i
115 347 35 23 Till
158 343 155 26 Öfverstyrelsens
318 347 30 17 för
353 347 47 18 skol-

99 368 2 25 i
137 381 88 18 väsendet
244 381 108 22 förfogande
372 381 44 23 till
407 377 12 32 :

138 415 100 18 understöd
251 415 19 18 åt
279 416 54 22 sjuka
341 416 60 17 lärare
415 433 1 3 |
745 435 1 15 |

138 450 33 18 och
184 450 103 17 lärarinnor
311 464 4 3 .
339 464 3 4 .
368 464 4 4 .
461 447 65 29 15,000
571 447 65 29 15,000
681 446 67 29 15,000;
790 448 62 21 45,000]

115 484 68 23 Bidrag
202 484 28 17 till
250 484 113 23 uppförande
383 464 19 38 af
416 494 1 17 |
525 497 1 6 |
635 473 2 17 |
745 501 2 5 !

139 519 125 18 folkskolehus
283 532 3 4 .
312 532 3 3 .
340 532 3 5 .
368 533 4 4 .
416 518 1 5 .|
439 508 10 38 =
460 512 67 30 50,000!
570 520 64 21 =50,000/
663 508 11 38 =
681 519 62 20 50,000|
780 518 72 21 150,000

116 553 35 17 Till
165 553 106 18 inrättande
284 553 20 18 af
312 532 90 39 bibliotek
416 549 1 10 |
525 547 1 31 |

139 587 30 18 för
181 587 143 18 folkskollärare
333 587 34 18 och
376 587 26 18 lä-
636 584 2 27 |

139 622 85 17 TAarinnok
256 635 4 4 oc
285 635 3 3 os
313 635 31 4 Ko
370 636 3 3 6
462 607 66 42 17,000]
572 609 66 42 17,000|
682 618 64 30 17,000
791 609 66 38 51,000|

117 656 35 18 Till
165 656 196 23 fortsättningskurser
372 656 30 18 vid
636 649 3 36 |

101 681 2 29 |
140 690 119 18 folkskolan.
284 704 4 4 .
312 704 4 4 .
341 704 3 4 .
417 704 1 8 |
462 692 62 21 19,000]
572 686 66 27 —21,000
656 676 15 43 —
681 692 67 23 23,00
767 676 16 43 —
791 690 62 21 63,000

101 714 2 13 |
120 725 32 17 Til
173 724 96 19 aflönande
288 725 21 18 af
325 700 74 52 handar-
411 704 8 43 |
637 731 1 5 |
746 716 2 34 |

141 759 145 18 betslärarinnor
305 759 30 18 vid
356 758 63 29 folk-
408 754 13 37 |

141 794 62 17 skolor
214 794 25 22 pä
251 794 62 18 landet
417 788 2 33 |
462 796 66 26 30,500|
549 787 13 39 —
572 791 67 25 33,000|
662 787 11 39 —
682 795 63 21 25,500|
770 787 13 39 —
791 794 66 23 99,000

117 828 35 17 Till
165 828 96 18 aflönande
268 828 20 18 af
295 828 108 23 slöjälärare
418 824 1 17 |
856 835 2 4 |

101 858 2 27 |
141 862 151 18 och-lärarinnor
300 852 98 37 vidsamma
410 856 9 25 |
857 856 1 11 |

102 895 1 17 |
128 891 9 33 o
141 897 62 17 skolor
227 911 4 4 .
263 910 1 4 0
314 911 59 4 0.0.0.
399 882 20 32 J]
474 893 55 32 8,000]
574 897 65 30 12,000.—
683 899 62 20 16,000|
769 893 14 38 —
792 898 62 21 36,000

102 931 1 4 |
117 931 36 18 Till
167 931 101 23 stipendier
274 932 20 18 åt
302 932 59 18 lärare
370 932 34 17 och

102 959 1 21 |
141 966 104 18 lärarinnor
260 966 30 18 vid
303 966 101 18 folkskolor

141 1000 23 22 pä
176 1000 85 18 landet
257 996 12 30 .
286 1014 3 4 .
314 1014 3 4 .
342 1014 4 4 «
370 1013 4 5 «
400 1014 4 4 «
474 998 52 29 3,600
584 999 55 29 3,600j
694 998 54 29 3,600]
793 1000 66 25 10,800;

332 1041 72 19 Summa.
418 1032 2 32 |
434 1032 96 32 2,031,400!
544 1043 92 21 2,181,200]
653 1043 92 21 2,332,000|
763 1033 96 31 6,544,600|

170 1133 60 21 Hans
246 1134 119 27 Kejserliga
381 1134 102 27 Majestät
499 1134 37 22 vill
551 1134 130 22 härmedelst
696 1134 32 22 till
739 1133 122 22 Ständerna

101 1167 129 22 öfverlemna
249 1169 34 20 att
302 1168 84 22 besluta
404 1168 112 28 angående
532 1168 62 22 detta
609 1168 172 28 anslagsbelopp,
798 1169 63 26 utgö-

101 1203 67 20 rande
191 1203 114 26 6,544,600
327 1204 61 21 mark
412 1203 33 22 för
460 1203 232 28 bevillningsperioden
710 1203 150 26 1898—1900;

101 1236 40 21 och
163 1237 96 22 kommer
282 1237 6 21 i
313 1243 71 16 annan
406 1238 136 27 proposition
557 1237 81 28 förslag
653 1239 34 20 att
703 1237 108 22 meddelas
827 1239 34 19 rö-

101 1271 68 21 rande
184 1273 68 20 sättet
267 1271 33 22 för
320 1273 141 21 anskaffande
477 1272 23 22 af
515 1272 69 22 medel
600 1272 32 21 till
647 1272 165 28 ifrägavarande
827 1273 35 20 ut-

101 1304 50 28 gifts
167 1305 139 22 betäckande.

376 1347 11 21 I
402 1347 72 22 Näder
493 1347 102 28 godkänd
609 1347 7 22 i
632 1347 101 27 Zarskoje
752 1346 49 22 Selo
821 1346 40 21 den

308 1382 25 20 31
350 1381 92 22 Januari
458 1383 61 20 1897.

273 1444 293 22 Ministerstatssekreterare
581 1445 27 21 W.
624 1450 37 16 von
701 1444 92 22 DAEHN.
