1039 1656
314 142 30 23 U.
359 142 29 22 B.
404 154 27 3 —
447 142 75 28 Prop.
538 142 44 22 N:o
597 142 40 23 25.
845 143 13 20 9

169 211 113 21 Utskottet
297 211 35 21 får
347 211 77 21 därför
439 211 119 21 vördsamt
574 211 83 21 föreslå

375 281 31 18 att
432 279 124 21 Ständerna
578 279 37 28 för
638 280 52 20 åren
716 279 142 20 1898—1900

306 314 48 20 ville
375 314 63 20 anslå
458 313 76 21 inalles
554 314 94 24 433,000
669 314 64 20 mark
752 313 32 21 till
799 313 57 21 löne-

306 348 156 27 förhöjningar
484 349 23 20 åt
528 349 71 20 lärare
621 348 39 21 och
681 347 126 22 lärarinnor
823 347 36 20 vid

306 383 150 27 folkskolorna
470 383 31 26 på
518 383 78 20 landet.

168 543 77 27 Enligt
268 543 57 28 Kejs.
350 543 163 27 förordningen
538 543 26 21 af
584 543 44 21 den
650 545 13 19 5
685 543 90 27 augusti
795 544 61 25 1886,

100 578 116 27 angående
238 578 88 21 ändrad
348 578 86 27 lydelse
456 578 24 20 af
493 579 13 26 8
523 579 39 20 135
579 578 7 20 i
603 577 254 22 Folkskoleförordnin-

99 618 42 21 gen
164 613 25 20 af
205 612 44 21 den
267 613 23 20 11
308 612 44 27 maj
379 613 60 25 1866,
459 614 66 25 utgör
540 613 37 20 hel
592 612 99 27 pension,
707 613 54 20 efter
776 613 27 20 30
819 612 37 21 års

100 647 113 27 oförvitlig
228 647 75 27 tjänst,
319 647 35 21 för
369 647 175 21 folkskollärare
560 647 29 27 på
605 647 78 21 landet
698 647 41 21 800
755 647 40 21 mk
813 647 43 21 och

99 682 35 21 för
156 682 116 20 lärarinna
295 682 41 20 600
359 682 45 20 mk.
436 681 45 21 Om
502 682 72 20 lärare
591 682 54 20 eller
659 682 116 20 lärarinna
791 682 66 20 drab-

99 717 42 21 bas
163 716 25 21 af
209 716 85 26 obotiig
316 716 108 27 sjukdom
440 716 54 20 eller
510 718 55 18 utan
581 718 49 24 eget
645 716 141 21 förvällande
803 716 53 27 eljes

99 751 81 21 blifver
195 751 133 27 oförmögen
344 752 31 19 att
391 750 35 21 sin
441 750 71 27 tjänst
527 751 78 26 längre
621 750 72 27 sköta,
709 751 89 26 hugnas
811 750 45 21 den

99 785 134 21 afträdande
251 785 52 21 med
319 788 30 18 ett
364 785 66 26 ärligt
445 784 124 22 understöd
586 785 35 20 för
636 785 106 26 lifstiden,
759 787 98 19 motsva-

99 820 70 20 rande
185 820 35 20 för
235 820 50 25 den,
302 827 49 13 som
369 820 71 26 tjänat
455 820 27 20 20
499 820 31 26 är,
542 820 181 26 ofvanuppgifna
735 820 55 20 fulla
803 826 53 20 pen-

99 854 155 27 sionsbelopp,
277 861 53 14 men
352 854 34 21 för
404 854 51 26 den,
475 861 50 13 som
541 853 73 27 tjänat
629 854 6 20 i
653 854 25 20 15
695 854 30 26 är,
743 853 113 27 trefjärde-

98 888 69 26 delar,
190 888 35 21 för
246 888 50 26 den,
313 895 49 14 som
384 888 72 27 tjänat
476 888 7 20 i
500 889 26 20 10
544 888 32 26 är,
593 888 86 20 hälften
695 888 44 21 och
755 888 34 20 för
804 888 51 26 den,

99 929 49 14 som
167 922 72 27 tjänat
258 924 12 19 5
291 923 31 24 är,
338 930 28 14 en
382 922 109 28 fjärdedel
507 922 25 21 af
545 929 90 14 samma
651 922 90 28 belopp.
772 922 83 20 Lärare

98 957 53 21 eller
172 957 123 25 lärarinna,
311 957 25 21 af
355 964 77 14 annan
452 956 124 27 anledning
592 956 135 27 entledigad,
743 958 26 19 är
783 956 19 27 ej
819 956 36 20 be-

97 991 96 27 rättigad
220 991 33 21 till
283 991 96 27 pension
404 992 54 20 eller
484 990 131 22 understöd.
645 986 15 36 1
682 991 173 20 öfverensstäm-

98 1026 69 20 melse
186 1025 52 21 med
254 1025 66 21 dessa
336 1025 140 21 föreskrifter
492 1025 44 21 och
552 1025 70 26 enligt
637 1025 127 27 beräkning
780 1024 25 21 af
818 1024 37 21 det

98 1059 121 21 sannolika
241 1060 62 20 antal
324 1059 202 28 pensionsbelopp,
544 1066 50 14 som
611 1059 73 21 under
699 1059 155 21 instundande

97 1094 156 27 finansperiod
276 1094 63 21 torde
363 1094 94 20 komma
480 1096 32 18 att
532 1096 63 24 tagas
611 1094 6 20 i
633 1094 108 27 anspräk,
763 1094 68 20 äskas
847 1093 7 20 i

97 1128 43 20 den
163 1128 84 26 nädiga
270 1128 172 27 propositionen
462 1128 34 20 för
512 1128 173 26 ifrägavarande
701 1128 108 20 ändamäl
826 1134 27 14 en

97 1162 184 26 anslagssumma
296 1162 25 21 af
336 1163 90 25 123,000
441 1162 47 20 mk.

166 1196 36 21 Uti
224 1198 90 25 tvänne,
339 1197 61 20 detta
421 1196 145 22 betänkande
585 1196 113 27 bifogade,
713 1197 34 20 till
764 1196 90 21 Utskot-

96 1233 41 18 tets
160 1231 141 26 behandling
323 1231 145 21 remitterade
491 1231 230 27 petitionsmemorial
740 1231 112 26 (Prestest.

96 1265 43 21 N:o
161 1266 26 19 57
212 1265 44 21 och
274 1265 106 21 Bondest.
398 1265 42 21 N:o
457 1266 27 26 7),
500 1267 40 19 äro
557 1265 84 27 förslag
656 1266 82 20 väckta
754 1272 38 14 om
809 1266 45 19 sär-

96 1299 74 20 skilda
186 1299 124 27 ändringar
325 1300 33 20 uti
374 1299 168 22 ofvananförda
557 1300 74 26 grund
647 1300 35 20 för
696 1299 156 27 beräkningen

95 1333 26 20 af
140 1333 172 26 ifrägavarande
335 1334 150 27 anslagspost.
516 1335 54 20 Dels
593 1334 104 21 förordas
713 1334 71 21 sädan
800 1341 54 20 pen-

95 1367 196 28 sionsförhöjning
302 1368 23 21 ät
335 1369 73 20 lärare
420 1369 44 20 och
476 1369 123 26 lärarinna,
611 1375 50 14 som
671 1369 54 20 efter
731 1369 122 26 fullgjorda

95 1401 27 20 30
146 1401 108 27 tjänsteär
274 1402 50 20 från
349 1402 35 21 sin
405 1402 127 27 befattning
554 1403 7 20 i
583 1403 131 20 folkskolan
735 1403 70 26 afgär,
821 1405 32 18 att

95 1435 127 27 pensionen
245 1436 73 21 skulle
338 1436 92 21 tillfullo
446 1439 116 18 motsvara
578 1437 81 20 lönens
675 1437 37 21 vid
728 1437 125 21 afskedsta-

166 1480 139 18 Siatsutskottets
318 1481 110 17 betänkande
441 1481 37 18 N:o
493 1481 17 17 6.
