1039 1659
316 142 29 23 U.
361 143 27 21 B.
406 156 27 2 —
449 142 74 28 Prop,
539 142 43 23 N:o
598 142 38 22 25.
829 142 24 20 11

97 211 94 21 skolans
208 214 49 24 eget
277 212 94 20 intresse
388 212 61 20 hälst
465 212 70 20 borde
551 212 58 26 afgä,
626 214 58 18 mest
699 212 59 20 skall
774 211 81 21 frästas

97 248 33 18 att
145 246 93 21 kvarstä
249 246 35 20 för
295 248 31 18 att
337 246 89 27 skydda
438 246 35 20 sin
485 252 79 14 vunna
577 246 153 21 ekonomiska
741 245 113 27 ställning.

167 280 78 21 Under
267 280 37 21 det
328 280 113 21 Utskottet
463 280 99 21 sälunda
589 280 101 21 skänker
719 280 136 28 petitionens

97 314 119 21 allmänna
239 314 56 28 syfte
319 314 38 21 sitt
379 314 131 26 understöd,
534 314 43 21 har
599 314 114 21 Utskottet
731 314 60 21 dock
806 314 49 20 icke

97 348 90 21 kunnat
208 348 91 21 förorda
315 348 27 21 de
358 349 25 20 af
395 348 178 28 petitionärerna
595 349 128 26 föreslagna
739 348 117 27 pensions-

99 382 122 28 beloppen,
236 383 54 21 eller
305 383 144 27 grundlönen
462 383 71 27 jämte
549 383 135 26 undfängna
700 382 156 28 förhöjningar

99 417 29 27 pä
145 416 74 27 grund
235 417 25 20 af
274 417 115 27 tjänsteär,
405 417 21 21 d.
443 424 20 14 v.
480 424 16 14 s.
513 417 35 21 för
564 418 72 20 lärare
654 418 61 25 1,200
731 416 66 21 mark
813 416 43 21 och

98 450 35 21 för
148 451 116 21 lärarinna
279 452 42 20 900
337 452 71 20 mark.
433 451 37 21 Ett
485 451 126 27 stadgande
627 452 82 20 härom
724 450 78 22 kunde
818 451 39 20 lät-

98 485 82 27 teligen
197 485 50 21 leda
263 485 82 27 därtill,
361 488 32 18 att
408 485 78 27 hvarje
502 486 73 20 lärare
591 486 54 20 eller
655 485 123 26 lärarinna,
790 485 66 21 äfven

98 526 39 14 om
153 520 46 20 han
215 520 54 20 eller
284 520 48 21 hon
347 520 38 20 vid
402 520 174 27 pensionsäider
591 526 54 15 vore
661 520 38 20 vid
715 520 40 20 full
773 519 84 21 arbets-

98 553 60 21 kraft
180 554 44 20 och
244 554 34 20 till
295 554 135 21 ttöfvandet
445 554 25 21 af
483 554 37 21 sitt
536 554 46 21 kall
598 554 193 26 fortsättningsvis
807 553 50 21 fullt

98 585 101 31 lämplig,
217 588 72 21 skulle
302 588 79 28 utbyta
393 588 34 21 sin
440 588 70 28 tjänst
521 591 62 18 emot
593 588 263 28 pensionsförmänerna.

99 623 98 21 Beaktas
213 623 42 20 bör
270 622 116 27 nämligen
401 625 32 18 att
449 625 30 18 ett
495 625 56 19 stort
567 623 69 26 antal],
653 622 117 21 mähända
786 622 72 20 flerta-

100 657 30 21 let
149 657 26 21 af
195 657 319 27 folkskollärarepersonalen,
539 657 26 21 sä
588 657 64 26 tidigt
671 657 82 21 vinner
768 656 36 21 sin
820 662 37 14 an-

99 692 114 26 ställning,
237 694 32 18 att
292 691 133 27 rättigheten
448 691 33 21 till
503 691 98 27 pension
618 691 100 21 inträder
733 690 70 21 redan
819 690 38 21 vid

99 732 28 14 en
143 726 64 21 älder
221 726 25 20 af
259 726 70 26 nägra
345 726 44 20 och
405 726 78 20 femtio
499 726 31 26 är,
547 732 28 14 en
591 725 70 26 älder,
677 725 38 21 vid
724 725 94 21 hvilken
829 731 28 14 en

99 760 58 21 frisk
179 767 96 20 persons
291 760 262 26 verksamhetsförmäga
569 760 142 26 gemenligen
727 761 64 19 ännu
806 759 50 21 icke

98 796 27 19 är
139 794 89 21 bruten.
258 794 103 21 Afsikten
383 794 53 21 med
451 801 28 13 en
496 794 162 27 pensionering
674 794 42 20 bör
731 794 60 20 dock
807 793 49 21 icke

99 836 62 20 vara,
185 831 32 19 att
239 829 67 21 locka
328 828 44 22 den
395 830 64 20 ännu
485 828 94 27 kraftige
598 828 51 21 frän
665 828 37 22 sitt
718 827 138 22 arbetsfält
844 823 16 37 i

100 863 181 27 samhällslifvet,
305 866 55 18 utan
383 863 81 21 endast
485 865 31 19 att
537 865 78 25 trygga
631 863 91 21 älderns
737 863 71 26 dagar
824 862 34 21 för

99 898 52 26 den,
172 904 51 14 som
238 898 50 20 icke
304 898 77 20 vidare
397 904 36 14 ser
449 898 32 26 sig
497 898 81 20 kunna
593 898 163 20 tillfredsställa
772 897 28 21 de
816 897 42 21 for-

100 932 93 26 dringar
209 932 59 20 hans
284 932 47 20 kall
347 932 29 27 pä
392 932 87 20 honom
496 932 82 20 ställer.

170 966 52 21 Med
244 966 91 27 hänsyn
358 966 77 20 härtill
451 966 42 20 har
510 966 113 20 Utskottet
638 966 59 20 velat
713 965 98 26 förorda,
828 967 31 18 att

101 1008 32 13 nu
149 1000 105 27 gällande
270 1000 194 28 pensionsbelopp
481 1000 34 21 för
531 1000 72 21 lärare
619 1000 44 21 och
679 1000 129 20 lärarinnor
821 999 38 21 vid

100 1035 160 21 folkskolorna
275 1035 69 21 måtte
360 1035 57 20 ökas
433 1034 52 21 med
497 1036 28 20 50
533 1035 28 26 */,
577 1035 24 20 af
610 1035 27 20 de
649 1034 211 27 löneförhöjningar

101 1070 28 20 de
144 1070 47 20 före
207 1069 199 27 afskedstagandet
418 1069 90 21 erhällit
519 1069 30 27 pä
562 1069 74 27 grund
647 1069 26 21 af
680 1069 115 27 tjänsteär,
806 1068 54 21 eller

101 1106 32 18 att
156 1104 87 20 säledes
266 1104 126 26 pensionen
412 1104 55 20 efter
482 1104 27 20 30
524 1103 110 27 tjänsteär
648 1104 73 20 blefve
737 1103 35 21 för
788 1103 72 20 lärare

103 1139 61 25 1,000
187 1138 66 20 mark
276 1138 44 22 och
343 1138 35 20 för
400 1138 117 20 lärarinna
535 1139 42 19 750
592 1138 73 26 mark,
681 1138 79 20 hvilka
776 1137 84 27 belopp

101 1179 70 20 synas
187 1174 116 19 motsvara
318 1172 139 27 berättigade
473 1172 102 27 anspräk
589 1172 44 20 och
646 1172 73 20 tillika
729 1171 64 21 torde
806 1177 55 14 vara

101 1206 141 26 tillräckliga.

171 1240 35 21 Då
230 1240 69 27 enligt
319 1240 105 27 gällande
446 1240 159 26 författningar
626 1240 43 21 den
691 1240 103 27 pension,
811 1246 51 14 som

101 1274 141 21 tillkommer
261 1275 72 20 lärare
349 1275 44 20 och
409 1274 123 26 lärarinna,
549 1274 79 22 hvilka
644 1274 7 20 i
667 1274 56 27 följd
738 1274 25 20 af
776 1273 86 27 obotlig

102 1308 108 28 sjukdom
232 1309 78 20 lämna
331 1308 35 22 sin
391 1308 76 28 tjänst,
493 1308 66 27 utgår
584 1308 52 21 med
661 1308 47 21 viss
731 1308 36 21 del
783 1308 25 20 af
821 1307 41 21 full

102 1342 104 28 pension,
229 1343 106 21 kommer
357 1343 76 21 denna
456 1342 132 28 förhöjning
611 1342 142 22 omedelbart
775 1342 88 27 jämväl

101 1377 68 21 dessa
184 1377 34 20 till
233 1377 66 26 godo.

176 1410 81 22 Såsom
280 1411 113 27 själffallet
409 1411 42 21 har
467 1411 114 21 Utskottet
595 1413 80 24 ansett,
691 1413 32 19 att
738 1411 67 20 dessa
821 1410 43 20 för-

102 1444 81 21 måner
205 1444 81 21 endast
308 1444 95 22 komma
427 1445 27 20 de
478 1445 72 20 lärare
567 1445 44 21 och
627 1445 128 21 lärarinnor
770 1444 34 21 till
820 1444 43 26 del,

176 1489 141 17 Statsutskottets
330 1489 111 18 betänkande
454 1489 35 17 N:o
503 1490 16 17 6.
