1031 1659
224 108 12 19 8
386 108 80 22 Ständ.
482 108 37 23 Sv.
536 122 24 2 —
578 110 72 28 Prop.
666 109 42 23 N:o
724 109 35 21 26.

195 172 79 22 utförd
296 174 52 21 med
370 174 66 28 långa
458 174 127 29 stigningar
604 175 23 21 af
642 175 58 21 ända
714 175 35 21 till
764 177 113 23 20:1000,
891 175 60 29 järn-

194 210 75 26 vägen
284 208 132 28 isynnerhet
430 209 108 21 vintertid
554 210 58 21 hade
628 212 24 19 så
666 210 55 21 liten
731 210 177 28 trafikförmåga,
919 212 32 19 att

196 242 44 22 den
255 242 20 28 ej
290 243 77 21 kunde
383 245 73 20 såsom
471 244 150 22 hufvudbana
636 244 90 28 betjena
738 252 28 14 en
778 247 72 19 större
860 252 90 21 genom-

194 277 88 27 gående
298 277 90 22 rörelse.
410 278 109 21 Däremot
533 279 70 21 hafva
620 279 127 20 Ständerna
762 279 76 21 funnit
849 287 28 14 en
888 287 63 20 opar-

194 311 46 21 tisk
264 312 42 21 och
329 313 112 28 grundlig,
460 321 32 13 nu
510 313 98 22 berörda
626 316 59 19 orter
701 313 43 22 och
760 313 60 22 olika
833 313 118 29 järnvägs-

194 345 87 30 förslag
304 347 137 22 omfattande
464 348 134 21 ekonomisk
617 349 43 20 och
676 348 72 22 delvis
763 349 91 21 teknisk
870 349 80 21 under-

194 381 99 28 sökning
304 389 54 14 vara
368 383 51 21 med
430 383 37 21 det
477 383 71 21 första
558 383 77 28 nödig,
644 383 97 22 hvarvid
752 383 68 22 äfven
828 383 123 28 utredning

193 415 71 22 borde
288 417 74 21 såvidt
384 417 88 29 möjligt
494 418 145 21 införskaffas
662 425 36 14 om
721 418 44 21 den
788 418 162 21 transitotrafik

193 451 83 21 mellan
296 451 94 28 Sverige
412 453 42 20 och
472 452 76 29 Norge
565 454 13 19 å
593 460 42 14 ena
650 453 66 21 sidan
732 455 57 19 samt
804 453 117 28 Ryssland
937 455 13 18 å

194 485 44 21 den
260 486 77 26 andra,
362 494 47 14 som
431 487 72 22 under
528 487 164 29 förutsättning
716 488 24 21 af
761 488 27 21 de
811 488 74 21 finska
908 488 41 21 och

194 521 98 21 svenska
312 521 189 29 järnvägsnätens
524 522 106 29 förening
651 522 52 22 med
725 523 129 21 hvarandra
872 523 76 20 kunde

193 556 119 27 påräknas.

263 590 99 22 Oaktadt
377 592 80 21 sakens
474 591 162 29 ofullständiga
650 591 124 29 utredning
785 592 40 21 har
836 592 38 21 det
885 591 64 22 emel-

192 625 67 21 lertid
282 628 65 25 synts
374 626 125 21 Ständerna
525 627 175 28 otvifvelaktigt,
724 629 32 18 att
779 627 59 20 huru
860 629 29 18 än
912 626 37 21 det

192 659 105 29 nordliga
320 660 170 29 järnvägsnätet
512 661 7 21 i
543 661 35 22 sin
600 661 76 22 helhet
700 663 36 19 må
758 661 138 28 planläggas,
920 668 29 13 en

190 693 99 30 järnväg
311 695 206 28 Kuopio—lisalmi
535 696 7 21 i
561 696 43 21 och
624 696 35 21 för
675 695 35 28 sig
726 696 42 21 och
784 695 126 22 oberoende
926 695 25 21 af

193 729 42 20 alla
254 729 71 22 andra
347 730 225 21 bankombinationer
595 733 23 18 är
634 730 51 21 fullt
700 730 128 28 berättigad
844 733 56 18 samt
916 732 32 19 att

193 763 129 22 densamma
340 764 42 21 bör
403 765 90 20 komma
514 765 35 20 till
567 765 121 21 utförande
707 765 70 20 redan
792 765 52 20 med
858 765 90 28 hänsyn

192 797 34 22 till
244 798 44 21 den
312 799 144 28 omgifvande
475 799 94 28 nejdens
588 799 98 28 odlings-
703 799 43 21 och
760 799 188 28 bosättningsför-

192 832 127 21 hållanden.
350 833 32 21 På
405 834 27 21 de
455 834 7 21 i
485 834 44 21 den
551 834 83 28 nådiga
657 833 171 29 propositionen
848 833 100 29 antydda

192 867 48 21 skäl
266 867 70 22 hafva
365 868 127 21 Ständerna
521 869 86 21 således
636 868 102 29 godkänt
767 868 181 29 propositionens

192 901 86 29 förslag
297 902 139 22 beträffande
459 903 43 21 den
521 906 99 19 närmast
636 903 33 21 till
685 903 120 21 utförande
820 903 128 28 föreslagna

191 936 112 21 bandelen
324 937 212 28 Kuopio—lisalmi,
556 938 117 21 äfvensom
688 937 89 22 anvisat
793 937 37 22 det
845 937 8 21 i
868 937 80 22 sådant

192 970 60 29 syfte
274 971 36 20 för
334 971 182 29 finansperioden
541 974 141 19 1898—1900
702 972 82 21 äskade
803 972 83 28 belopp
906 972 41 21 och

191 1004 63 29 förty
269 1005 102 22 beslutit:

466 1077 32 20 att
513 1083 27 15 en
551 1076 96 28 järnväg
656 1076 54 28 från
722 1075 87 28 Kuopio
820 1075 32 22 till
862 1075 85 22 Tisalmi

398 1110 68 28 enligt
486 1117 82 15 samma
591 1110 97 22 tekniska
703 1117 103 21 program
822 1116 44 15 som
882 1110 65 22 Savo-

398 1144 46 22 laks
466 1145 74 22 banan
562 1145 38 21 och
622 1145 47 21 med
687 1151 26 16 en
732 1145 109 21 beräknad
857 1144 89 28 anlägg-

398 1179 158 28 ningskostnad
578 1179 26 28 af
622 1179 126 28 6,224,000
765 1179 62 22 mark
845 1179 54 22 skall
914 1180 34 21 ut-

398 1213 59 28 föras
479 1215 56 20 samt
556 1214 47 21 med
622 1214 69 21 arbete
706 1213 98 28 beläggas
820 1213 126 22 omedelbart

398 1248 52 27 efter
466 1249 34 20 det
514 1249 66 27 ledigt
594 1248 124 28 arbetsbefäl
733 1248 44 22 kan
792 1247 104 27 erhällas;

190 1316 42 21 och
248 1316 23 21 fä
287 1316 128 23 Ständerna
430 1317 7 21 i
453 1317 181 28 underdänighet
649 1317 97 21 anmäla:

466 1387 31 20 att
520 1386 36 28 för
581 1386 57 21 detta
668 1385 103 22 ändamål
795 1392 32 14 nu
852 1384 96 22 anvisats

397 1420 135 27 4,000,000
546 1420 68 21 mark.
