1039 1656
440 134 44 21 N:o
502 136 33 20 26.
814 136 24 19 11

111 203 84 28 draget
217 203 13 21 å
253 203 45 21 den
319 203 78 28 jemna
420 203 72 28 mark,
514 210 48 14 som
578 203 43 21 här
637 203 104 21 sträcker
756 202 36 29 sig
809 201 60 22 ända

111 237 61 21 fram
195 237 37 21 till
255 237 94 22 Iisalmi.
381 237 81 21 Såsom
488 239 73 19 annat
584 237 127 21 alternativ
733 236 137 22 framhåller

112 271 191 22 kommissionen:
327 273 36 19 att
384 271 57 28 utgä
464 271 54 22 frän
540 272 80 28 nägon
639 271 68 21 söder
723 278 36 14 om
775 270 94 29 Kuopio

112 305 101 29 belägen
231 305 94 28 station,
341 305 147 28 Kurkimäki,
506 305 102 22 derefter
624 305 82 21 beröra
721 304 149 22 Keihäslahti

111 339 42 22 vik
169 340 26 21 af
209 340 137 28 Kuttajärvi
361 339 41 29 sjö,
422 347 50 14 som
488 341 48 20 stär
551 340 9 21 i
575 339 111 28 förening
701 340 53 21 med
770 339 45 21 den
831 339 39 20 ka-

113 374 131 21 naliserade
255 374 67 21 delen
333 374 26 21 af
368 374 106 21 Iisvesi—
480 369 115 38 Pielavesi
606 374 173 28 vattendraget,
790 373 80 22 vidare

113 415 84 21 genom
216 409 91 20 Panka-
323 409 43 20 och
381 408 177 22 Tuovilanlahti
572 409 66 27 byar,
654 409 37 20 till
706 409 97 21 hvilken
819 408 52 21 sist-

113 443 102 21 nämnda
238 450 29 13 en
289 443 41 20 vik
349 443 26 20 af
392 443 124 21 Kallavesi
533 443 123 28 inskjuter,
673 443 53 21 leda
741 443 78 21 banan
834 441 37 22 till

114 477 137 21 Peltosalmi
266 477 59 21 sund
340 477 44 21 och
394 477 41 21 der
446 477 98 28 öfvergä
556 477 72 28 sagda
638 477 147 28 vattendrag.
812 477 59 21 Här-

114 511 63 22 ifrån
193 511 76 22 skulle
285 511 166 28 sträckningen
467 511 164 22 sammanfalla
645 511 53 21 med
708 510 163 23 förstnämnda

117 546 131 21 alternativ.
274 546 47 21 För
334 546 94 28 Kuopio
444 547 77 20 såsom
536 546 181 28 utgångspunkt
728 546 69 21 anför
807 545 65 21 kom-

115 580 127 21 missionen
257 580 104 29 följande
377 580 59 21 skäl:
454 582 35 19 att
505 580 45 21 den
566 580 146 28 folkmängd,
729 587 49 14 som
794 579 78 22 banan

116 615 29 21 då
161 615 92 20 komme
273 617 34 19 att
322 615 101 28 betjena,
439 617 77 26 utgör,
533 615 75 28 enligt
623 614 161 22 förhållandet
799 613 45 22 den
862 616 7 18 1

115 649 100 22 Januari
239 651 60 26 1895,
322 651 88 27 145,353
430 657 118 21 personer,
564 651 62 19 emot
644 652 89 25 116,869
750 649 30 28 på
794 650 78 19 vestra

117 684 67 21 sidan
210 691 37 14 om
271 684 130 27 Kallavesi;
428 686 36 19 att
489 684 79 21 banan
591 684 99 21 emellan
712 683 94 28 Kuopio
830 682 43 22 och

116 718 90 21 Tisalmi
228 718 91 21 komme
342 720 35 19 att
398 718 8 21 i
422 718 54 21 hela
498 718 52 22 dess
574 718 137 28 sträckning
733 717 140 29 genomlöpa

116 754 47 19 tätt
185 752 125 22 befolkade
332 752 95 28 trakter,
450 752 86 22 medan
558 752 130 28 jernvägen
711 752 54 21 från
787 751 87 21 Kurki-

116 786 63 22 mäki
195 787 37 21 till
248 787 93 28 Iisalmi,
358 787 96 21 hvilken
470 787 93 21 komme
579 789 35 19 att
628 786 78 22 lemna
715 786 95 28 Kuopio
821 785 53 21 stad

117 820 50 22 helt
183 821 43 21 och
241 821 74 22 hället
329 822 30 28 pä
375 821 66 22 sidan
457 829 38 14 om
506 822 46 20 den
562 823 63 19 stora
636 821 128 22 strätleden
775 820 99 22 emellan

116 855 118 21 mellersta
257 856 94 21 delarna
375 856 26 21 af
421 863 70 14 norra
514 856 44 21 och
577 856 75 22 Södra
667 855 108 28 Finland,
792 854 83 22 endast

117 890 63 21 inom
196 898 29 13 en
241 890 37 21 del
294 891 26 20 af
333 890 112 22 Karttula
461 890 44 22 och
519 891 29 28 pä
560 890 44 22 den
616 890 38 22 del
665 890 25 21 af
700 889 174 28 sträckningen,

118 931 49 14 som
183 928 26 17 är
219 932 132 20 gemensam
363 926 37 20 för
410 925 77 28 bägge
499 925 162 27 alternativen,
674 924 74 22 skulle
759 924 116 28 genomgä

118 966 29 13 en
166 960 46 20 tätt
229 959 109 21 befolkad
353 959 73 28 trakt;
444 961 36 19 att
495 959 103 21 handeln
614 959 44 21 och
674 958 100 22 trafiken
789 957 86 22 mellan

117 992 94 29 Kuopio
237 994 53 21 stad
315 994 43 21 och
381 994 27 21 de
432 994 112 21 ofvanom
568 994 77 21 denna
668 993 53 21 stad
743 1000 65 14 norr-
832 992 44 21 och

119 1030 101 18 österom
241 1028 122 21 Kallavesi
385 1028 141 28 vattendrag
546 1028 112 28 liggande
677 1028 120 20 trakterna
813 1026 8 21 i
837 1034 39 13 an-

118 1061 76 29 senlig
214 1063 55 21 män
284 1066 39 18 äro
339 1065 74 19 större
429 1066 30 18 än
474 1062 88 22 mellan
577 1062 73 28 sagda
666 1062 52 21 stad
734 1061 44 22 och
794 1060 29 22 de
839 1060 37 21 till

121 1100 77 17 vester
219 1104 36 14 om
271 1097 164 28 vattendraget
452 1096 100 29 belägna
569 1097 132 26 trakterna;
718 1098 35 20 att
766 1095 110 29 jordbru-

118 1130 47 28 ket,
182 1131 53 21 med
251 1132 108 20 afseende
375 1132 13 21 å
400 1132 148 28 gvantiteten
559 1132 89 27 utsäde,
661 1135 25 17 är
696 1131 73 27 högre
780 1128 96 23 stående

119 1166 60 19 samt
209 1165 88 21 antalet
325 1165 152 22 vinterfödda
506 1165 101 28 kreatur,
636 1165 150 29 mejeriernas
812 1163 65 21 antal

119 1198 44 22 och
191 1200 235 28 smörproduktionen
452 1202 76 19 större
551 1200 13 21 å
588 1200 44 21 den
656 1202 62 19 östra
747 1198 74 22 linien
848 1201 29 18 än

119 1233 46 21 den
187 1236 87 26 vestra;
299 1236 34 19 att
351 1235 78 21 banan
448 1235 54 20 med
518 1234 179 29 utgångspunkt
712 1234 8 21 i
736 1232 142 23 Kurkimäki

119 1268 108 27 påkallar
243 1277 28 14 en
286 1269 89 29 ganska
391 1269 87 28 dyrbar
494 1269 144 28 utvidgning
654 1269 26 21 af
695 1269 77 21 denna
782 1267 95 28 station,

120 1302 46 21 blir
188 1304 102 27 ungefär
309 1305 26 21 25
355 1304 45 21 km.
420 1304 82 28 längre
518 1304 44 21 och
578 1304 150 28 genomlöper
744 1310 29 14 en
788 1301 89 29 ganska

120 1337 105 28 kuperad
248 1339 71 28 mark,
343 1339 91 21 hvilket
454 1339 140 28 öfverväger
612 1339 28 21 de
659 1337 128 22 kostnader
802 1337 77 21 öfver-

119 1373 96 28 gången
237 1373 41 22 vid
300 1373 103 29 Toivala,
426 1373 122 22 beräknad
571 1373 37 22 till
629 1375 111 26 1,560,000
759 1371 121 22 eventuelt

122 1408 112 27 1,557,000
254 1408 71 27 mark,
345 1407 105 29 kräfver;
472 1410 35 19 att
523 1408 117 28 sistsagda
656 1408 132 27 öfvergång
804 1405 75 22 skulle

120 1442 106 28 afhjelpa
252 1442 27 21 de
305 1443 145 27 svårigheter
476 1443 44 21 och
544 1443 163 21 allvarsamma
730 1441 119 27 störingar
872 1440 8 21 i
