1028 1656
165 203 39 19 Till
222 203 76 20 förmån
315 203 32 20 för
361 203 152 24 ifrågavarande
529 204 74 19 ärende
619 204 51 19 talar
690 203 61 20 också
767 203 33 20 det
815 203 40 24 vig-

98 233 41 23 tiga
162 231 83 26 faktum,
266 234 29 18 att
313 233 35 18 det
363 232 70 21 endast
449 237 71 19 genom
533 233 83 23 jernväg
631 232 40 20 blir
686 232 77 24 möjligt
778 234 30 17 att
822 232 33 19 be-

98 266 48 14 vara
166 261 58 18 dessa
243 261 118 23 gränsboers
376 261 127 20 nationalitet
518 261 37 20 och
571 261 103 20 förhindra
689 261 46 20 dem
750 263 30 17 att
795 260 61 20 blifva

98 289 121 20 främmande
234 288 31 21 för
281 292 44 21 eget
340 289 49 20 folk.

97 339 4 4 N
166 317 58 20 Hvad
243 317 44 20 äter
304 318 94 19 beträffar
414 318 38 20 den
469 319 57 19 sidan
542 318 21 20 af
578 318 68 23 saken,
662 320 30 17 att
707 317 99 20 Karelska
820 317 34 20 ba-

98 352 50 14 nans
163 346 128 24 fortsättning
309 347 31 18 till
356 347 78 24 Kajana
449 347 64 20 skulle
529 347 63 19 blifva
607 347 69 24 längre
691 347 37 19 och
744 347 71 24 dyrare
831 349 24 16 än

99 375 97 21 Savolaks
218 375 75 20 banans
315 375 32 20 till
370 381 73 14 samma
466 376 51 25 stad,
541 376 22 19 sä
585 376 39 19 kan
648 376 18 23 ej
688 375 62 20 nekas
774 376 29 18 att
818 375 37 19 den

98 405 55 19 förra
175 403 65 20 blefve
263 404 60 23 något
344 405 73 24 längre,
441 410 44 14 men
507 404 100 25 knappast
626 404 79 26 dyrare,
721 404 82 19 emedan
819 404 36 19 den

99 433 122 19 sistnämnda
243 432 75 20 banans
342 433 101 24 dragande
466 433 56 20 öfver
545 433 103 20 Kallavesi
663 433 30 24 sjö
709 433 68 19 säkert
792 432 64 20 skulle

98 461 7 20 i
123 461 108 20 nämnvärd
253 461 48 24 grad
324 461 81 25 fördyra
423 462 120 19 densamma.
574 462 35 19 Om
625 461 114 25 synnerliga
754 463 102 22 ansträng-

98 490 71 24 ningar
191 489 65 20 blifvit
277 490 70 24 gjorda
369 490 32 19 för
420 490 96 21 Savolaks
534 491 76 19 banans
633 491 136 24 fortsättning,
784 490 72 19 saknas

99 519 45 19 icke
166 519 63 19 heller
251 519 85 20 intresse
358 519 31 20 för
414 519 99 20 Karelska
535 519 75 20 banans
625 519 132 24 förlängning.
788 518 68 20 Större

99 547 59 20 delen
180 547 22 20 af
218 547 78 24 Kajana
318 548 69 23 härad,
410 548 98 24 nämligen
528 547 96 26 Paltamo,
638 548 111 23 Pualanka,
765 547 91 20 Suomus-

99 576 57 19 salmi
179 576 37 20 och
239 576 136 20 Kuhmoniemi
403 577 115 20 kommuner
543 579 50 17 samt
617 577 46 19 hela
686 579 56 17 stora
770 576 86 19 Karelen

99 605 77 25 hoppas
199 605 37 20 och
257 605 84 20 ästunda
362 605 63 29 hellre
448 606 39 19 den
507 605 100 20 Karelska
621 607 25 18 än
662 606 38 19 den
716 605 141 20 Savolaksiska

97 635 120 23 jernvägens
233 633 132 25 fortsättning,
392 634 108 25 Åtskilliga
515 635 148 19 Nordkarelens
674 635 115 19 kommuner
799 633 57 20 hafva

99 663 85 19 utlofvat
206 663 99 19 materielt
323 663 71 24 bidrag
416 664 30 18 till
469 664 66 19 banan
549 664 7 18 i
571 663 137 20 kostnadsfria
723 663 88 24 sleepers
826 662 30 20 till

100 694 52 17 stort
174 691 73 25 belopp
271 692 36 19 och
331 692 61 24 gratis
415 692 62 20 mark.
508 692 79 25 Egaren
613 692 21 20 af
653 691 130 21 Pankakoski
802 694 54 16 stora

98 720 104 24 jernbruk,
217 720 47 20 herr
279 720 18 20 J.
314 720 21 20 C.
351 720 123 21 Burmeister
489 721 36 20 har
539 721 58 19 äfven
608 721 84 19 utlofvat
705 721 72 19 sädant
785 720 71 19 under-

100 749 46 19 stöd
168 749 6 19 i
197 750 52 18 stort
269 749 49 19 mätt
337 750 38 19 och
397 749 58 20 äfven
479 750 102 20 förbundit
597 750 29 24 sig
641 750 31 19 till
686 748 170 26 penningebidrag

100 778 31 18 till
146 777 77 20 förmån
238 777 31 20 för
285 777 100 20 Karelska
400 778 75 20 banans
491 778 134 24 fortsättning.

169 806 64 20 Dessa
248 806 37 20 och
301 807 63 19 andra
380 807 130 25 synpunkter,
527 813 40 14 som
584 808 63 19 vittna
663 812 30 14 om
709 806 146 24 behöfligheten

100 834 22 20 af
135 836 39 18 den
196 834 99 20 Karelska
315 836 119 23 jernvägens
450 836 132 24 förlängning,
597 836 86 24 förtjena
698 836 119 18 åtminstone
833 840 24 14 en

100 869 102 19 noggrann
228 864 156 24 undersökning,
405 864 67 20 förrän
496 866 92 22 slutligen
611 865 93 25 beslutes,
727 869 33 15 om
781 864 77 24 Kajana

100 892 64 20 härad
185 892 50 20 skall
257 892 75 20 erhålla
345 894 82 23 jernväg
442 894 75 19 medels
529 894 128 23 fortsättning
672 893 21 20 af
707 893 37 19 den
760 892 98 20 Karelska

100 921 49 19 eller
164 921 141 20 Savolaksiska
320 922 72 19 banan.
524 919 2 2 |

168 949 29 21 På
212 950 83 20 anförda
310 951 86 23 grunder
412 951 59 24 vågar
485 951 34 24 jag
534 952 100 18 vördsamt
648 951 104 19 hemställa
770 952 30 18 att
809 950 48 24 hög-

101 979 82 24 vördiga
197 978 150 21 Presteståndet
362 980 46 18 ville
423 980 36 19 hos
474 980 55 20 Hans
540 980 112 24 Kejserliga
664 980 94 24 Majestät
768 980 6 18 i
785 979 71 19 under-

101 1007 94 25 dånighet
209 1008 89 20 anhålla:

307 1068 27 17 att
359 1066 138 20 instrumental
519 1066 34 20 och
576 1066 111 20 ekonomisk
713 1064 145 26 undersökning

238 1094 107 20 verkställes
361 1094 33 26 för
409 1094 94 20 Karelska
517 1095 75 19 banans
606 1094 127 26 fortsättning
747 1093 48 26 från
802 1093 56 19 Joen-

238 1129 39 13 suu
288 1124 49 18 öster
348 1130 33 13 om
392 1123 113 26 Pielisjärvi
515 1124 31 25 sjö
555 1129 69 19 genom
632 1123 86 19 Nurmes
734 1122 29 20 till
771 1121 86 26 Kajana,

237 1151 70 25 förrän
325 1152 60 19 beslut
399 1152 60 25 fattas
473 1158 33 14 om
523 1152 92 20 Savolaks
624 1152 93 26 jernvägs
731 1150 127 26 förlängning

239 1180 30 19 till
285 1180 78 20 Tisalmi
379 1180 34 20 och
435 1180 91 27 Kajana;
548 1183 52 17 samt
621 1182 34 23 att,
678 1180 59 20 sedan
751 1179 62 20 linien
827 1179 32 25 för

238 1209 94 19 Karelska
354 1209 75 20 banans
449 1209 128 26 fortsättning
597 1209 63 26 blifvit
673 1209 111 23 undersökt,
799 1207 60 26 nådig

234 1238 124 24 proposition
378 1238 62 25 gifves
459 1238 30 19 till
505 1238 110 20 Ständerna
629 1244 33 13 om
676 1237 96 26 byggande
787 1236 25 25 af
823 1236 36 19 den

237 1266 48 25 utaf
303 1266 55 19 dessa
379 1267 201 25 fortsättningslinier,
601 1273 42 13 som
658 1266 85 25 befinnes
757 1271 47 14 vara
818 1265 41 24 för-

238 1294 108 26 mänligare
361 1295 34 19 och
409 1301 56 14 mera
480 1295 27 25 af
518 1295 83 26 behofvet
611 1295 98 25 påkallad.

170 1351 124 24 Helsingfors
310 1352 38 19 den
367 1352 12 19 4
394 1351 98 20 Februari
508 1351 62 21 1897.

646 1396 20 23 H.
682 1396 106 29 Piipponen.

234 1477 111 22 Helsingfors
359 1477 52 18 1897.
434 1477 111 23 Helsingfors
559 1476 162 22 Central-tryckeri.
