1031 1659
216 138 25 19 12
377 136 82 23 Ständ.
475 136 38 23 Sv.
529 148 25 3 —
571 136 74 27 Prop.
661 136 43 22 N:o
719 135 35 22 26.

186 202 49 21 dast
257 202 60 21 lokal
339 202 172 28 angelägenhet,
533 205 56 18 utan
611 202 42 21 bör
676 202 112 21 erkännas
803 209 54 13 vara
870 200 72 29 jämn-

185 236 82 28 bördig
289 236 51 22 med
362 236 92 22 hvilken
478 244 49 14 som
549 236 59 22 helst
630 236 25 21 af
676 236 27 21 de
722 236 73 28 linjer,
815 243 48 14 som
882 238 60 18 ännu

185 271 78 21 kunna
282 270 7 21 i
307 272 50 20 vårt
375 271 53 21 land
446 270 148 29 projekteras.
625 270 83 22 Därför
724 278 68 21 synes
808 270 50 22 icke
873 270 69 21 heller

186 305 99 28 önskligt
300 308 33 18 att
348 313 28 13 en
392 307 24 19 så
431 306 74 28 viktig
521 306 42 20 och
579 306 57 21 efter
655 305 29 21 all
699 305 143 21 sannolikhet
858 305 84 21 inbrin-

185 339 74 22 kande
281 340 53 21 länk
357 340 5 20 i
382 340 87 22 landets
488 340 150 28 järnvägsnät
653 340 56 21 skall
724 340 90 21 komma
830 339 8 21 i
853 339 89 22 enskild

184 374 67 26 hand,
275 382 29 14 en
325 374 118 29 möjlighet
466 382 48 14 som
537 375 92 28 antydts
652 374 7 21 i
682 377 31 18 ett
730 374 24 21 af
772 374 27 21 de
814 374 127 21 inlemnade

185 409 230 29 petitionsförslagen,
439 409 97 22 särdeles
556 410 28 20 dä
599 409 8 21 i
623 409 79 21 sädant
718 408 39 22 fall
773 408 19 28 ej
810 408 132 29 obetydliga

185 444 140 28 svärigheter
347 444 76 22 kunde
443 447 60 18 möta
518 444 39 21 vid
573 444 86 21 banans
674 443 133 29 trafikering
823 443 42 21 och
880 443 60 28 isyn-

184 479 79 21 nerhet
285 479 40 21 vid
340 479 158 21 anordnandet
513 479 25 21 af
551 474 170 46 genomgäende
737 480 45 26 täg.
814 478 127 21 Ständerna

184 512 69 34 hafva
269 513 85 21 säledes
370 513 76 21 funnit
461 513 81 28 nödigt
557 516 32 18 att
605 513 7 21 i
628 512 109 22 samband
748 512 51 22 med
808 512 133 28 byggandet

184 547 23 21 af
229 540 148 29 Åbo—Karis
399 548 76 21 banan
497 548 51 21 dess
571 547 147 28 fortsättning
739 547 34 21 till
795 547 144 28 Helsingfors

184 581 92 22 utföres.

251 616 53 22 Med
323 616 91 21 hänsikt
427 616 34 21 till
477 616 44 21 den
531 616 173 29 ifrägavarande
715 616 82 28 linjens
808 616 132 28 sträckning

183 650 40 21 har
239 650 59 22 dock
313 650 191 29 meningsolikhet
519 654 72 25 yppat
607 651 40 28 sig,
664 654 53 18 enär
728 651 28 21 de
767 654 33 18 tre
812 650 126 25 alternativ,

183 685 77 21 hvilka
275 685 70 21 redan
360 685 39 22 vid
415 690 88 17 senaste
519 686 110 28 landtdag
638 693 78 14 vunno
728 685 131 25 understöd,
871 685 68 21 äfven

183 727 31 13 nu
229 720 94 20 kommit
338 720 8 20 i
361 720 154 21 betraktande.
538 720 45 22 Det
598 721 41 20 har
655 720 95 21 sälunda
765 720 35 21 för
812 720 127 21 Ständerna

182 754 46 27 gält
244 757 33 18 att
291 754 68 21 träffa
374 754 59 22 valet
449 755 94 21 emellan
558 755 69 21 Karis
643 756 42 20 och
700 754 120 22 Nummela
831 754 107 22 stationer

182 791 57 18 samt
255 788 103 22 Gerknäs
373 789 122 28 haltpunkt
510 791 13 19 ä
538 790 82 27 Hangö
636 789 80 25 banan,
733 789 29 21 dä
772 789 44 21 den
826 796 31 14 nu
868 788 70 28 nödig

182 822 101 22 befunna
297 823 123 22 bandelens
436 824 119 28 ändpunkt
571 824 72 22 skolat
657 824 142 22 bestämmas.

251 857 46 21 För
314 858 142 22 bedömande
479 858 24 21 af
524 858 66 22 dessa
608 858 131 22 alternativs
758 858 106 22 inbördes
880 858 57 21 före-

182 892 63 20 träde
264 895 23 17 är
311 892 38 20 det
371 892 79 21 främst
468 892 80 28 nödigt
567 895 32 19 att
614 895 52 26 taga
681 893 34 21 till
730 892 93 28 ledning
839 893 27 20 de
882 900 55 20 upp-

182 926 67 27 gifter
266 934 36 13 om
317 927 128 28 respektive
461 927 76 28 linjers
553 927 70 28 längd
638 928 42 20 och
695 927 242 29 anläggningskostna-

182 960 45 25 der,
250 960 79 22 hvilka
351 961 35 21 för
409 962 140 20 närvarande
572 962 73 21 finnas
668 964 32 19 att
723 962 69 28 tillgå.
823 962 11 20 I
857 962 81 20 sådant

182 994 105 22 afseende
309 995 95 25 märkes,
428 998 32 19 att
483 996 144 28 banlängden
650 996 43 21 och
712 996 116 21 sannolika
847 996 90 21 kostna-

181 1028 69 22 derna
265 1032 91 25 utgöra:

180 1098 36 20 för
231 1097 242 29 Helsingfors—Karis
527 1099 70 29 linjen
627 1102 27 18 82
669 1100 38 20 km
738 1102 112 23 6,224,500
866 1100 69 20 mark.

196 1148 10 10 3
299 1129 13 33 55
379 1133 130 22 —Gerknäs
557 1151 10 9 »
628 1136 27 19 64
681 1151 10 9 ,
738 1136 113 24 5,494,500
896 1151 10 9 ,

198 1183 10 9 5
304 1183 10 9 3
380 1180 17 2 —
407 1167 118 22 Nummela
557 1185 10 9 ,,
627 1170 27 19 48
681 1185 9 9 ,
737 1170 113 23 4,200,000
896 1184 10 9 ,,

249 1234 83 22 Därest
347 1236 120 21 afständen
477 1236 94 21 emellan
582 1237 174 28 ändpunkterna
767 1237 35 21 för
813 1237 49 21 hela
875 1236 60 22 kust-

181 1268 72 21 banan
275 1263 226 35 Helsingfors--Äbo
524 1271 108 21 uträknas
650 1271 52 21 med
720 1271 126 21 beaktande
862 1270 23 22 af
898 1278 38 14 an-

178 1303 61 20 vänd
263 1304 88 20 sträcka
374 1304 25 21 at
419 1305 81 28 Hangö
523 1305 80 26 banan,
622 1306 88 21 komme
730 1306 36 21 för
786 1306 43 22 den
845 1314 90 20 genom-

178 1337 87 33 gående
288 1338 96 21 trafiken
407 1342 73 25 vägen
503 1340 50 20 från
576 1340 144 28 Helsingfors
739 1340 33 21 till
790 1341 83 27 Hangö
892 1341 43 21 och

178 1371 50 21 Abo
248 1374 33 19 att
303 1372 65 22 öfver
387 1373 67 21 Karis
473 1373 71 22 blifva
560 1376 11 18 5
588 1374 117 22 kilometer
720 1375 90 21 kortare
826 1378 29 18 än
871 1375 64 21 öfver

178 1405 109 27 Gerknäs,
311 1410 58 18 samt
392 1408 65 21 öfver
479 1408 103 22 Gerknäs
607 1411 25 19 10
655 1409 117 21 kilometer
795 1410 91 20 kortare
906 1412 28 18 än

178 1440 63 21 öfver
257 1441 125 21 Nummela.
