1039 1659
322 147 29 22 U.
367 147 28 22 B.
413 159 25 3 —
455 146 74 28 Prop.
545 146 44 23 N:o
606 147 38 22 25.
834 146 24 20 17

105 216 65 20 skola
193 216 123 26 föreligger.
348 216 97 20 Beaktas
467 216 43 21 bör
533 216 66 20 äfven
623 218 31 18 att
678 216 33 20 för
730 215 131 21 ändamålet

105 250 37 20 lån
160 250 79 20 kunna
255 250 98 20 erhållas
369 257 28 13 ur
412 252 85 19 statens
510 250 180 26 utlåningsfond,
702 250 157 21 hvarförutom

105 284 22 21 åt
138 284 125 21 medellösa
273 284 138 21 kommuner
420 284 62 21 virke
491 284 158 22 kostnadsfritt
658 284 75 27 gifvits
743 285 43 20 och
795 284 66 20 äfven
880 279 6 22 4

105 319 121 20 framdeles
249 318 63 21 torde
334 319 71 26 gifvas
428 326 27 13 ur
470 319 101 21 kronans
588 319 89 27 skogar.
694 332 27 2 —
738 319 8 20 I
763 318 44 21 den
824 318 38 20 nå-

105 353 52 27 diga
180 353 172 27 propositionen
376 353 132 21 framhålles
532 353 132 26 emellertid,
686 356 38 24 att,
741 353 66 21 äfven
824 359 37 13 om

105 388 43 20 här
163 387 101 28 antydda
279 388 115 27 principer
409 388 66 27 följas
491 388 38 20 vid
545 388 167 20 understödens
723 386 138 28 utgifvande,

105 429 28 13 en
160 422 97 26 stegring
282 422 25 20 af
330 422 198 27 anslagsbeloppet
551 422 58 20 skall
633 422 70 21 blifva
723 421 138 26 nödvändig.

106 456 113 21 Utskottet
235 456 45 20 kan
296 456 50 21 icke
362 456 73 21 häller
450 456 95 21 förneka
561 456 176 21 sannolikheten
749 456 72 26 häraf,
834 455 29 20 då

107 490 82 26 många
213 490 25 20 af
257 490 27 21 de
307 490 146 27 kommuner,
477 498 49 13 som
551 490 114 21 härintills
682 490 49 21 icke
748 491 116 26 upprättat

106 524 122 27 folkskola,
241 524 48 28 just
304 525 25 20 af
343 525 118 26 fattigdom
478 524 101 21 härifrån
595 524 109 21 afhållits.
734 524 88 20 Endast
835 524 29 26 på

106 558 66 22 dessa
193 559 99 26 grunder
307 559 64 21 torde
387 559 59 21 dock
463 566 27 14 en
507 558 97 27 stegring
620 559 25 20 af
658 559 141 26 årsanslaget
814 558 49 20 från

107 594 77 26 30,000
203 593 40 21 mk
258 593 33 21 till
307 594 78 25 50,000
400 594 40 20 mk
456 593 50 21 icke
522 593 79 21 kunna
618 593 109 21 förordas.
760 593 52 20 Men
828 592 36 24 dä,

107 628 30 26 på
153 629 44 19 sätt
212 627 6 21 i
235 627 171 27 propositionen
431 628 102 27 antydes,
557 634 27 14 ur
602 627 173 27 ifrågavarande
792 626 73 21 medel

107 662 80 26 anslag
207 662 87 26 jämväl
313 668 53 15 vore
382 664 31 18 att
429 662 98 26 utgifvas
542 662 33 20 till
599 662 129 20 beredande
751 662 25 20 af
794 662 71 26 lämp-

107 696 44 27 liga
177 696 147 27 slöjdlokaler
351 696 38 21 vid
418 696 164 26 folkskolorna,
606 696 44 20 och
674 696 60 21 detta
757 695 108 21 ändamål

107 730 50 21 icke
180 730 46 21 kan
243 730 102 26 förbises,
365 731 98 21 likasom
479 730 38 21 det
532 730 43 21 ock
591 730 106 21 kommer
711 732 32 19 att
759 729 107 28 påfordra

107 764 50 22 icke
181 764 144 28 obetydande
348 765 91 27 belopp,
462 765 43 21 har
521 765 113 21 Utskottet
649 764 18 28 ej
685 765 59 21 velat
760 765 106 19 motsätta

108 799 34 26 sig
165 799 172 26 ifrågavarande
362 799 138 27 förhöjning,
521 799 92 21 hvilken
640 800 36 20 väl
702 799 123 21 motiveras
845 798 25 20 af

109 833 127 21 sistnämda
267 833 115 21 ändamål.
423 834 114 21 Utskottet
566 834 34 20 får
625 834 65 21 äfven
719 834 91 26 betona,
837 834 31 19 att

109 868 52 21 med
184 868 105 21 afseende
311 868 14 20 å
341 868 75 21 denna
432 869 144 27 anslagspost
592 868 137 21 förändrade
745 868 123 20 förhållan-

109 902 44 21 den
176 902 63 21 torde
261 902 96 26 inträda,
379 909 38 14 om
439 902 45 21 den
500 902 126 27 framlagda
642 902 175 28 propositionen
833 901 36 21 be-

108 936 112 21 träffande
237 936 103 27 åtgärder
354 936 35 21 till
407 937 128 27 främjande
551 937 24 20 af
589 937 138 21 folkskolors
743 936 126 28 uppkomst

109 971 81 21 varder
206 972 41 26 lag.
279 971 34 21 Då
329 971 47 21 lära
395 971 116 27 nämligen
527 971 50 21 icke
593 971 80 21 endast
689 971 87 21 sådana
793 970 76 26 fattiga

110 1005 145 27 kommuner,
278 1006 35 20 för
335 1005 79 21 hvilka
437 1005 167 21 ofvanberörda
627 1005 124 21 understöd
768 1005 50 21 från
834 1004 36 20 be-

110 1040 182 26 villningsmedel
308 1040 58 20 varit
381 1040 101 26 afsedda,
494 1042 55 18 utan
565 1040 66 21 äfven
643 1040 72 20 andra
725 1040 145 25 kommuner,

111 1080 50 14 som
184 1074 87 26 nödgas
293 1074 65 21 inom
382 1074 51 21 kort
455 1074 32 20 tid
511 1074 97 28 uppföra
627 1074 52 21 flere
705 1074 165 25 folkskolehus,

110 1108 57 20 böra
182 1108 95 20 beredas
293 1108 75 26 någon
384 1108 88 21 lättnad
488 1108 7 20 i
511 1108 65 21 dessa
593 1108 69 28 dryga
679 1108 95 26 utgifter.
806 1108 64 20 Detta

111 1142 46 21 kan
181 1142 129 28 lämpligast
330 1142 174 21 åstadkommas
520 1142 97 22 sålunda
633 1145 32 18 att
680 1142 137 26 förmånliga
833 1142 37 20 lån

111 1184 28 13 ur
154 1176 201 27 utlåningsfonden
373 1177 73 21 skulle
459 1177 33 21 till
506 1177 139 21 kommuner
657 1177 98 27 utgifvas
768 1177 36 20 för
816 1182 56 21 upp-

111 1210 95 21 förande
229 1211 24 20 af
267 1210 165 27 folkskolehus,
449 1212 43 20 och
509 1218 67 20 synes
593 1211 121 21 enahanda
730 1211 76 21 vilkor
822 1217 49 14 som

112 1245 59 26 gälla
192 1245 35 21 för
247 1245 38 21 lån
300 1245 33 21 till
350 1245 144 27 uppförande
510 1246 25 20 af
548 1246 145 26 fattiggårdar
710 1246 78 20 härför
804 1244 68 21 ända-

113 1279 142 27 mälsenliga,
271 1279 20 21 d.
308 1286 19 14 v.
346 1286 16 14 s.
379 1280 50 26 59/,
442 1280 109 26 annuitet,
564 1280 83 20 hvaraf
659 1281 13 19 3
682 1280 27 27 ?/,
721 1281 73 19 ränta.

183 1313 113 21 Utskottet
312 1314 34 20 fär
362 1313 98 21 sälunda
475 1314 120 21 vördsamt
611 1314 82 20 föreslä

391 1378 31 19 att
433 1376 124 21 Ständerna
569 1376 48 21 ville
626 1376 36 28 för
670 1377 51 20 ären
733 1376 143 20 1898—1900

321 1411 63 20 ställa
409 1410 32 21 till
461 1410 144 28 Regeringens
631 1410 131 28 förfogande
785 1410 91 24 150,000

322 1445 71 24 mark,
415 1444 36 28 för
471 1446 33 19 att
524 1444 51 28 efter
592 1444 107 28 pröfning
716 1445 7 20 i
738 1444 76 27 hvarje
829 1445 46 19 sär-

185 1489 142 18 Statsutskottets
340 1489 111 18 betänkande
463 1489 36 18 N:o
513 1490 16 16 6.
