1048 1659
200 140 27 20 28
505 140 41 20 N:o
562 140 34 20 23.

527 208 11 27 8
554 209 20 20 7.

241 248 53 27 Den,
318 254 46 15 som
384 248 86 22 erhållit
489 248 99 22 tillstånd
603 248 33 22 till
652 248 134 27 anläggande
802 248 23 22 af
836 248 96 28 jernväg,

171 289 51 15 vare
245 282 123 27 berättigad
390 285 33 19 att
442 283 68 21 inlösa
530 283 40 21 den
590 282 33 22 för
644 282 122 22 ändamålet
781 283 79 27 nödiga
874 282 58 22 fasta

172 317 103 27 egendom
292 317 6 21 i
315 317 94 27 enlighet
428 317 47 21 med
495 317 57 22 hvad
572 324 33 15 om
622 317 161 27 expropriation
798 317 24 21 af
834 318 50 26 jord
899 317 33 21 för

172 352 91 22 allmänt
279 351 66 22 behof
359 354 24 19 är
399 352 108 27 stadgadt.

529 415 47 28 88

242 455 25 27 Ej
283 455 36 21 mä
334 456 77 26 ätgärd
427 456 33 21 till
473 456 61 27 jords
550 455 112 22 inlösande
680 455 32 22 för
725 455 90 28 jernväg
828 456 103 26 vidtagas,

172 489 65 21 innan
263 490 129 27 anläggaren
414 490 7 22 i
440 490 120 28 penningar
582 490 53 22 eller
658 490 23 21 af
702 490 94 22 Senaten
818 490 120 28 godkända'

171 524 148 27 värdepapper
342 524 87 22 nedsatt
447 524 100 22 säkerhet
565 524 34 22 för
615 524 26 22 de
657 524 24 22 af
694 524 237 27 expropriationsförfa-

171 558 78 21 randet
264 558 127 22 föranledda
405 559 116 21 kostnader
532 559 40 21 och
583 558 33 22 för
627 559 27 21 de
664 558 94 28 anspräk
768 558 28 27 pä
807 558 124 27 ersättning,

172 598 46 16 som
235 599 64 21 egare
315 593 40 21 och
371 593 139 21 innehafvare
526 593 24 21 af
560 592 66 22 sådan
635 593 51 27 jord
696 593 72 21 kunna
778 592 73 27 väcka,
862 592 7 21 i
879 592 53 21 hän-

172 627 59 21 delse
255 628 130 26 anläggaren
409 634 76 21 genom
508 627 162 23 uraktlätenhet
690 629 32 20 att
737 627 92 27 fullfölja
845 626 87 22 ärendet

172 662 39 26 gär
227 662 246 26 expropriationsrätten
485 662 106 28 förlustig.
615 662 228 22 Säkerhetssummans
854 661 77 27 belopp

172 696 132 22 bestämmes
320 696 35 22 vid
371 696 275 28 anläggningstillständets
662 696 146 22 meddelande.

521 760 12 27 8
551 760 32 21 10.

241 799 42 21 Till
303 799 189 28 jernvägsomräde
515 800 35 22 mä
570 800 18 27 ej
609 800 99 27 utläggas
732 806 71 15 annan
822 799 66 26 mark,
904 801 27 19 än

172 833 47 26 den,
244 840 45 15 som
306 834 6 21 i
329 834 50 27 laga
403 834 91 27 ordning
513 834 73 22 dertill
605 834 111 26 bestämts,
735 834 19 27 ej
773 834 68 21 heller
856 839 76 16 annor-

171 868 59 21 ledes
245 870 27 19 än
287 875 76 21 genom
379 869 167 27 expropriation.

240 902 63 22 Hvad
319 903 40 21 här
375 905 24 19 är
415 903 101 27 stadgadt
531 903 54 21 skall
602 903 108 27 iakttagas
726 902 62 22 äfven
803 902 7 21 i
825 902 61 27 fräga
896 908 34 15 om

171 936 133 28 anläggaren
321 938 50 26 sjelf
384 937 97 27 tillhörig
496 938 68 26 mark,
580 938 6 21 i
602 938 100 21 afseende
718 937 12 21 &
746 937 48 21 dess
805 936 127 28 afskiljande

172 971 39 22 och
226 971 123 27 frigörande
365 972 49 21 frän
430 972 122 28 inteckning
568 972 40 22 och
623 978 71 16 annan
710 972 52 21 derä
770 971 99 21 hvilande
880 973 51 19 rätt.

240 1006 58 22 Utan
314 1006 99 22 tillständ
429 1007 23 21 af
466 1007 92 22 Senaten
572 1008 36 20 mä
618 1006 32 22 till
658 1006 189 28 jernvägsomräde
857 1005 75 27 utlagd

171 1040 62 21 mark
249 1040 19 27 ej
286 1040 94 22 derifrän
396 1041 80 27 skiljas.

521 1105 12 27 8
552 1106 31 20 11.

241 1144 40 21 Om
302 1144 177 28 jernvägsegares
502 1145 121 27 skyldighet
646 1146 32 20 att
698 1144 82 21 inrätta
799 1144 40 21 och
854 1143 78 22 under-

171 1177 59 21 hålla
253 1178 183 28 vägöfvergängar
460 1179 52 21 eller
531 1179 69 21 andra
619 1179 74 27 dylika
708 1178 104 22 anstalter
828 1178 33 21 för
877 1184 54 15 sam-

171 1211 81 22 färdsel
276 1212 59 22 öfver
354 1212 200 28 jernvägsomrädet
572 1213 24 21 sä
614 1213 40 21 ock
670 1213 85 27 hägnad
771 1212 99 27 omkring
886 1212 45 21 det-

171 1252 84 16 samma
278 1247 40 21 och
341 1247 147 27 afloppsdiken
507 1248 89 26 stadgas
611 1248 7 21 i
633 1248 63 26 lagen
716 1253 34 15 om
770 1246 161 28 expropriation

170 1280 24 22 af
205 1280 50 28 jord
271 1280 33 22 för
319 1282 91 21 allmänt
426 1282 71 22 behof.

519 1345 13 27 8
550 1346 32 20 12.

239 1384 138 28 Anläggning
393 1384 24 22 af
428 1385 90 27 jernväg
534 1385 55 21 skall
605 1385 87 27 vidtaga
708 1384 38 21 och
762 1383 104 22 slutföras
876 1385 56 19 samt

168 1418 118 27 jernvägen
301 1418 34 22 till
351 1425 90 21 person-
460 1420 39 20 och
514 1418 171 28 godsbefordran
702 1418 100 28 upplätas
817 1418 58 21 inom
892 1417 40 22 den

170 1452 38 28 tid,
225 1459 46 15 som
288 1453 34 21 vid
338 1454 153 21 meddelandet
506 1454 24 21 af
543 1452 263 28 anläggningstillständet
822 1452 108 22 bestämts.
