1045 1656
327 126 29 22 U.
372 126 28 22 B.
416 139 29 3 —
462 126 74 28 Prop.
552 126 44 22 N:o
612 126 38 22 23.
839 126 28 21 25

115 198 53 22 med
183 198 225 29 sammanhängande
424 198 77 28 frågor
517 198 26 22 så
559 200 63 20 snart
637 204 48 15 som
701 197 90 29 möjligt
803 197 64 21 ernås

115 236 60 20 samt
190 235 35 21 att
240 234 71 22 saken
327 234 152 22 förekommer
495 233 40 22 vid
551 234 98 22 domstol
666 234 24 20 så
707 233 70 29 tidigt
791 234 34 20 att
835 239 33 21 ny

116 270 123 28 värdering
254 270 38 21 må
306 270 79 21 kunna
400 269 40 22 ske
456 269 43 21 och
515 276 76 15 annan
607 268 125 30 utredning
745 267 123 23 införskaf-

116 306 42 27 fas,
177 305 83 22 medan
275 305 153 29 fastighetens
444 305 105 22 tillstånd
565 305 41 23 vid
621 304 64 22 tiden
701 304 35 22 för
751 303 117 23 afträdan-

117 342 39 22 det
170 341 110 29 möjligen
297 344 61 19 ännu
373 341 46 21 kan
434 343 102 25 utrönas,
553 341 42 21 har
610 341 8 21 i
633 340 161 29 lagförslagets
809 340 30 22 42
855 341 12 25 8

116 379 84 20 utsatts
216 384 28 14 en
260 376 35 22 tid
311 376 25 22 af
349 378 34 20 ett
399 377 25 21 år
440 376 36 22 för
493 376 100 22 sökande
609 376 27 22 af
649 376 99 28 ändring
763 377 8 19 i
787 382 81 22 guver-

117 416 80 19 nörens
218 412 78 29 utslag
317 412 40 22 vid
376 412 103 22 domstol.
512 412 77 29 Sagda
603 412 35 22 tid
654 412 42 22 har
712 412 57 22 dock
785 411 27 22 af
825 410 43 23 Ut-

119 449 87 22 skottet
228 449 30 28 på
274 448 152 29 nyssanförda
442 448 49 22 skäl
508 451 87 19 ansetts
611 448 79 22 kunna
704 450 57 20 utan
777 447 91 30 olägen-

117 484 39 22 het
171 484 114 22 förkortas
300 484 35 21 till
351 491 38 14 sex
405 484 113 21 månader.

189 520 42 22 Uti
255 521 28 21 37
307 520 42 21 och
373 521 29 21 43
423 521 26 26 SS
469 523 25 18 är
515 519 35 22 för
569 519 39 22 det
626 519 47 27 fall,
690 521 34 20 att
740 519 129 22 afträdaren

119 556 82 22 önskar
222 555 40 22 vid
283 556 97 21 domstol
397 555 98 22 anställa
511 556 62 21 talan
590 563 36 14 om
642 555 127 30 ersättning
785 555 36 22 för
836 556 33 21 så-

119 591 59 22 dana
198 591 26 22 af
241 591 142 29 anläggning
398 592 14 21 å
427 591 173 29 exproprieradt
620 591 91 22 område
732 591 138 22 härrörande

119 627 82 22 skador
217 627 43 22 och
276 627 151 29 olägenheter,
444 635 47 14 som
507 627 8 22 i
531 627 71 29 sagda
612 629 28 26 8&
650 631 101 24 nämnas,
761 627 109 28 stadgadt

119 665 35 19 att
174 663 230 28 preskriptionstiden
420 663 40 21 bör
475 663 84 22 räknas
575 663 51 21 från
644 663 64 22 tiden
724 663 35 22 för
775 663 94 29 anlägg-

118 699 99 28 ningens
240 699 138 21 fullbordan.
410 699 135 22 Beaktande
570 699 27 22 de
620 699 149 29 synpunkter,
790 699 79 22 hvilka

119 734 78 22 kunna
218 734 91 22 anföras
327 735 74 21 såsom
417 734 49 22 skäl
482 735 36 21 för
533 735 120 22 införande
670 735 26 22 af
709 742 27 15 en
752 734 67 29 dylik
834 735 36 22 be-

120 770 123 29 stämning,
266 769 73 23 finner
360 770 119 22 Utskottet
494 770 73 22 likväl
583 778 28 14 en
627 770 204 29 preskriptionstid
847 771 25 21 af

120 807 34 20 tre
178 806 26 21 år
227 813 55 14 vara
302 806 35 21 för
354 806 52 21 kort
429 806 143 22 beträffande
587 806 71 22 skada
674 806 54 21 eller
743 805 127 30 olägenhet,

120 848 48 15 som
187 841 19 29 ej
224 841 88 22 kunnat
327 841 41 22 vid
383 842 203 29 expropriationen
601 841 103 29 förutses,
720 849 51 14 men
788 841 83 22 efteråt

120 878 111 28 uppstått.
262 877 45 22 Det
330 877 45 22 kan
398 877 118 29 nämligen
536 877 123 30 lätteligen
679 877 92 22 inträffa
792 880 35 19 att
843 885 27 14 en

121 913 75 26 skada,
213 913 8 21 i
237 913 57 27 följd
310 913 26 22 af
348 913 228 22 naturförhållanden
592 913 42 22 och
649 913 71 22 andra
730 913 141 29 omständig-

123 948 70 28 heter,
209 949 45 22 blir
270 949 117 29 uppenbar
404 949 57 22 först
476 949 67 29 långt
558 957 87 19 senare;
662 949 42 22 och
720 949 8 22 i
738 949 81 22 sådant
829 949 42 22 fall

121 984 111 23 innebure
248 985 39 22 det
302 993 27 14 en
341 985 122 29 obillighet
473 987 118 27 gentemot
601 985 130 22 afträdaren
743 987 34 20 att
787 985 84 29 betaga

121 1020 84 22 honom
221 1021 149 29 möjligheten
386 1023 35 20 att
436 1024 57 26 göra
508 1021 50 22 sina
573 1021 99 28 anspråk
687 1021 112 28 gällande.
818 1022 53 21 Der-

121 1058 61 19 emot
202 1057 65 21 torde
288 1065 27 13 en
331 1057 35 21 tid
381 1057 27 21 af
421 1057 33 22 tio
471 1058 24 20 år
511 1064 55 14 vara
581 1056 128 29 tillräcklig
724 1057 35 21 för
775 1058 35 20 att
826 1057 46 21 olä-

121 1091 139 30 genheterna
275 1092 26 22 af
313 1092 202 29 expropriationen
530 1092 77 22 blefve
622 1092 55 22 fullt
693 1092 178 29 öfverskådliga;

121 1127 43 22 och
182 1128 85 21 tillåter
282 1129 36 28 sig
333 1128 120 22 Utskottet
468 1128 64 29 förty
548 1128 83 22 föreslå
646 1130 35 19 att
696 1128 175 29 ifrågavarande

121 1163 201 29 preskriptionstid
337 1165 71 21 måtte
424 1164 8 21 i
448 1164 103 29 enlighet
567 1164 92 22 härmed
675 1164 122 29 förlängas.

192 1199 104 22 Emedan
319 1200 120 28 afträdare,
463 1207 48 15 som
531 1201 28 28 på
577 1200 77 29 grund
674 1200 27 22 af
714 1199 161 30 stadgandet
863 1195 15 39 i

121 1236 14 21 2
149 1242 67 16 mom.
232 1237 28 21 37
277 1237 13 26 $&
307 1236 38 21 vid
361 1236 98 21 domstol
475 1236 36 21 för
527 1236 63 21 talan
600 1243 37 14 om
647 1235 80 22 vidare
738 1236 134 29 ersättning,

121 1271 41 21 bör
182 1271 59 21 efter
257 1271 109 29 pröfning
381 1271 79 22 kunna
476 1271 110 29 tilläggas
602 1271 144 29 godtgörelse
761 1271 37 22 för
813 1271 59 22 kost-

121 1306 75 22 naden
212 1307 40 21 vid
268 1307 152 28 underrätten,
436 1314 37 15 om
489 1307 43 22 ock
543 1307 71 22 sädan
624 1307 130 28 ersättning
764 1307 51 22 icke
826 1307 46 22 till-

121 1342 77 22 dömes
220 1342 90 29 honom,
326 1343 42 21 och
384 1343 75 21 denna
475 1343 152 28 uppfattning
642 1346 102 19 närmast
758 1342 114 23 öfverens-

121 1380 109 19 stämmer
252 1379 53 21 med
325 1378 43 22 den
388 1378 9 21 i
419 1379 11 21 1
447 1385 66 15 mom.
530 1379 29 22 46
578 1380 13 25 &
612 1378 110 29 stadgade
744 1378 129 29 grundsats,

121 1413 42 22 har
179 1413 119 22 föreskrift
313 1413 78 22 härom
407 1414 119 29 upptagits
542 1414 8 21 i
565 1413 153 22 nästnämnda
733 1415 18 26 $.

192 1461 137 23 Lagutskottets
342 1462 116 17 betänkande
471 1461 38 19 N:o
522 1462 17 17 7.

898 1205 12 26 g
927 1204 35 21 46.
