<?xml version="1.0" encoding="UTF-8"?>
<alto xmlns="http://www.loc.gov/standards/alto/ns-v3#" xmlns:xlink="http://www.w3.org/1999/xlink" xmlns:xsi="http://www.w3.org/2001/XMLSchema-instance" xsi:schemaLocation="http://www.loc.gov/standards/alto/ns-v3# http://www.loc.gov/alto/v3/alto-3-0.xsd">
	<Description>
		<MeasurementUnit>pixel</MeasurementUnit>
		<sourceImageInformation>
			<fileName>/tmp/tess_ig88d3_9_input.PNG</fileName>
		</sourceImageInformation>
		<OCRProcessing ID="OCR_0">
			<ocrProcessingStep>
				<processingSoftware>
					<softwareName>tesseract 5.3.4</softwareName>
				</processingSoftware>
			</ocrProcessingStep>
		</OCRProcessing>
	</Description>
	<Layout>
		<Page WIDTH="1050" HEIGHT="1659" PHYSICAL_IMG_NR="0" ID="page_0">
			<PrintSpace HPOS="0" VPOS="0" WIDTH="1050" HEIGHT="1659">
				<ComposedBlock ID="cblock_0" HPOS="446" VPOS="123" WIDTH="123" HEIGHT="23">
					<TextBlock ID="block_0" HPOS="446" VPOS="123" WIDTH="123" HEIGHT="23">
						<TextLine ID="line_0" HPOS="446" VPOS="123" WIDTH="123" HEIGHT="23">
							<String ID="string_0" HPOS="446" VPOS="123" WIDTH="54" HEIGHT="23" WC="0.96" CONTENT="N:o"/><SP WIDTH="17" VPOS="123" HPOS="500"/>
							<String ID="string_1" HPOS="517" VPOS="123" WIDTH="52" HEIGHT="23" WC="0.54" CONTENT="283."/>
						</TextLine>
					</TextBlock>
				</ComposedBlock>
				<ComposedBlock ID="cblock_1" HPOS="266" VPOS="511" WIDTH="622" HEIGHT="126">
					<TextBlock ID="block_1" HPOS="266" VPOS="511" WIDTH="622" HEIGHT="126">
						<TextLine ID="line_1" HPOS="334" VPOS="511" WIDTH="554" HEIGHT="33">
							<String ID="string_2" HPOS="334" VPOS="512" WIDTH="73" HEIGHT="25" WC="0.93" CONTENT="Hans"/><SP WIDTH="19" VPOS="512" HPOS="407"/>
							<String ID="string_3" HPOS="426" VPOS="512" WIDTH="181" HEIGHT="32" WC="0.92" CONTENT="Kejserliga"/><SP WIDTH="18" VPOS="512" HPOS="607"/>
							<String ID="string_4" HPOS="625" VPOS="511" WIDTH="163" HEIGHT="33" WC="0.92" CONTENT="Majestäts"/><SP WIDTH="19" VPOS="511" HPOS="788"/>
							<String ID="string_5" HPOS="807" VPOS="511" WIDTH="81" HEIGHT="32" WC="0.92" CONTENT="nädiga"/>
						</TextLine>
						<TextLine ID="line_2" HPOS="267" VPOS="557" WIDTH="620" HEIGHT="34">
							<String ID="string_6" HPOS="267" VPOS="559" WIDTH="138" HEIGHT="32" WC="0.96" CONTENT="proposition"/><SP WIDTH="22" VPOS="559" HPOS="405"/>
							<String ID="string_7" HPOS="427" VPOS="558" WIDTH="35" HEIGHT="25" WC="0.92" CONTENT="till"/><SP WIDTH="18" VPOS="558" HPOS="462"/>
							<String ID="string_8" HPOS="480" VPOS="558" WIDTH="104" HEIGHT="25" WC="0.93" CONTENT="Finlands"/><SP WIDTH="18" VPOS="558" HPOS="584"/>
							<String ID="string_9" HPOS="602" VPOS="558" WIDTH="95" HEIGHT="25" WC="0.92" CONTENT="Ständer"/><SP WIDTH="18" VPOS="558" HPOS="697"/>
							<String ID="string_10" HPOS="715" VPOS="557" WIDTH="115" HEIGHT="32" WC="0.92" CONTENT="angäende"/><SP WIDTH="18" VPOS="557" HPOS="830"/>
							<String ID="string_11" HPOS="848" VPOS="565" WIDTH="39" HEIGHT="17" WC="0.93" CONTENT="ex-"/>
						</TextLine>
						<TextLine ID="line_3" HPOS="266" VPOS="603" WIDTH="622" HEIGHT="34">
							<String ID="string_12" HPOS="266" VPOS="604" WIDTH="140" HEIGHT="33" WC="0.91" CONTENT="propriation"/><SP WIDTH="19" VPOS="604" HPOS="406"/>
							<String ID="string_13" HPOS="425" VPOS="604" WIDTH="28" HEIGHT="25" WC="0.97" CONTENT="af"/><SP WIDTH="16" VPOS="604" HPOS="453"/>
							<String ID="string_14" HPOS="469" VPOS="605" WIDTH="47" HEIGHT="24" WC="0.96" CONTENT="fast"/><SP WIDTH="18" VPOS="605" HPOS="516"/>
							<String ID="string_15" HPOS="534" VPOS="604" WIDTH="106" HEIGHT="32" WC="0.96" CONTENT="egendom"/><SP WIDTH="18" VPOS="604" HPOS="640"/>
							<String ID="string_16" HPOS="658" VPOS="604" WIDTH="39" HEIGHT="25" WC="0.96" CONTENT="för"/><SP WIDTH="13" VPOS="604" HPOS="697"/>
							<String ID="string_17" HPOS="710" VPOS="604" WIDTH="90" HEIGHT="25" WC="0.93" CONTENT="allmänt"/><SP WIDTH="12" VPOS="604" HPOS="800"/>
							<String ID="string_18" HPOS="812" VPOS="603" WIDTH="76" HEIGHT="26" WC="0.82" CONTENT="behof."/>
						</TextLine>
					</TextBlock>
				</ComposedBlock>
				<ComposedBlock ID="cblock_2" HPOS="129" VPOS="671" WIDTH="765" HEIGHT="787">
					<TextBlock ID="block_2" HPOS="129" VPOS="671" WIDTH="761" HEIGHT="580">
						<TextLine ID="line_4" HPOS="198" VPOS="671" WIDTH="690" HEIGHT="28">
							<String ID="string_19" HPOS="198" VPOS="672" WIDTH="70" HEIGHT="22" WC="0.96" CONTENT="Sedan"/><SP WIDTH="18" VPOS="672" HPOS="268"/>
							<String ID="string_20" HPOS="286" VPOS="679" WIDTH="27" HEIGHT="14" WC="0.96" CONTENT="en"/><SP WIDTH="14" VPOS="679" HPOS="313"/>
							<String ID="string_21" HPOS="327" VPOS="672" WIDTH="28" HEIGHT="27" WC="0.92" CONTENT="pä"/><SP WIDTH="19" VPOS="672" HPOS="355"/>
							<String ID="string_22" HPOS="374" VPOS="672" WIDTH="133" HEIGHT="27" WC="0.92" CONTENT="underdänig"/><SP WIDTH="19" VPOS="672" HPOS="507"/>
							<String ID="string_23" HPOS="526" VPOS="671" WIDTH="157" HEIGHT="28" WC="0.96" CONTENT="framställning"/><SP WIDTH="15" VPOS="671" HPOS="683"/>
							<String ID="string_24" HPOS="698" VPOS="672" WIDTH="24" HEIGHT="21" WC="0.96" CONTENT="af"/><SP WIDTH="13" VPOS="672" HPOS="722"/>
							<String ID="string_25" HPOS="735" VPOS="671" WIDTH="103" HEIGHT="22" WC="0.97" CONTENT="Finlands"/><SP WIDTH="15" VPOS="671" HPOS="838"/>
							<String ID="string_26" HPOS="853" VPOS="671" WIDTH="35" HEIGHT="22" WC="0.96" CONTENT="vid"/>
						</TextLine>
						<TextLine ID="line_5" HPOS="131" VPOS="706" WIDTH="755" HEIGHT="28">
							<String ID="string_27" HPOS="131" VPOS="708" WIDTH="52" HEIGHT="21" WC="0.93" CONTENT="1891"/><SP WIDTH="17" VPOS="708" HPOS="183"/>
							<String ID="string_28" HPOS="200" VPOS="709" WIDTH="36" HEIGHT="20" WC="0.89" CONTENT="ärs"/><SP WIDTH="14" VPOS="709" HPOS="236"/>
							<String ID="string_29" HPOS="250" VPOS="707" WIDTH="103" HEIGHT="27" WC="0.92" CONTENT="landtdag"/><SP WIDTH="16" VPOS="707" HPOS="353"/>
							<String ID="string_30" HPOS="369" VPOS="707" WIDTH="130" HEIGHT="22" WC="0.92" CONTENT="församlade"/><SP WIDTH="15" VPOS="707" HPOS="499"/>
							<String ID="string_31" HPOS="514" VPOS="707" WIDTH="93" HEIGHT="22" WC="0.92" CONTENT="Ständer"/><SP WIDTH="14" VPOS="707" HPOS="607"/>
							<String ID="string_32" HPOS="621" VPOS="707" WIDTH="87" HEIGHT="22" WC="0.91" CONTENT="nedsatt"/><SP WIDTH="18" VPOS="707" HPOS="708"/>
							<String ID="string_33" HPOS="726" VPOS="707" WIDTH="139" HEIGHT="21" WC="0.91" CONTENT="kommission"/><SP WIDTH="15" VPOS="707" HPOS="865"/>
							<String ID="string_34" HPOS="880" VPOS="706" WIDTH="6" HEIGHT="21" WC="0.96" CONTENT="i"/>
						</TextLine>
						<TextLine ID="line_6" HPOS="129" VPOS="741" WIDTH="756" HEIGHT="28">
							<String ID="string_35" HPOS="129" VPOS="741" WIDTH="54" HEIGHT="28" WC="0.96" CONTENT="syfte"/><SP WIDTH="16" VPOS="741" HPOS="183"/>
							<String ID="string_36" HPOS="199" VPOS="743" WIDTH="32" HEIGHT="20" WC="0.96" CONTENT="att"/><SP WIDTH="15" VPOS="743" HPOS="231"/>
							<String ID="string_37" HPOS="246" VPOS="741" WIDTH="65" HEIGHT="22" WC="0.96" CONTENT="bland"/><SP WIDTH="15" VPOS="741" HPOS="311"/>
							<String ID="string_38" HPOS="326" VPOS="743" WIDTH="67" HEIGHT="20" WC="0.93" CONTENT="annat"/><SP WIDTH="15" VPOS="743" HPOS="393"/>
							<String ID="string_39" HPOS="408" VPOS="741" WIDTH="80" HEIGHT="22" WC="0.91" CONTENT="föreslä"/><SP WIDTH="16" VPOS="741" HPOS="488"/>
							<String ID="string_40" HPOS="504" VPOS="741" WIDTH="107" HEIGHT="28" WC="0.91" CONTENT="ätgärder,"/><SP WIDTH="14" VPOS="741" HPOS="611"/>
							<String ID="string_41" HPOS="625" VPOS="741" WIDTH="73" HEIGHT="22" WC="0.93" CONTENT="hvilka"/><SP WIDTH="12" VPOS="741" HPOS="698"/>
							<String ID="string_42" HPOS="710" VPOS="741" WIDTH="66" HEIGHT="22" WC="0.93" CONTENT="borde"/><SP WIDTH="11" VPOS="741" HPOS="776"/>
							<String ID="string_43" HPOS="787" VPOS="741" WIDTH="98" HEIGHT="27" WC="0.91" CONTENT="vidtagas"/>
						</TextLine>
						<TextLine ID="line_7" HPOS="129" VPOS="775" WIDTH="757" HEIGHT="28">
							<String ID="string_44" HPOS="129" VPOS="776" WIDTH="33" HEIGHT="21" WC="0.96" CONTENT="för"/><SP WIDTH="15" VPOS="776" HPOS="162"/>
							<String ID="string_45" HPOS="177" VPOS="777" WIDTH="32" HEIGHT="20" WC="0.93" CONTENT="att"/><SP WIDTH="18" VPOS="777" HPOS="209"/>
							<String ID="string_46" HPOS="227" VPOS="775" WIDTH="103" HEIGHT="28" WC="0.92" CONTENT="befrämja"/><SP WIDTH="19" VPOS="775" HPOS="330"/>
							<String ID="string_47" HPOS="349" VPOS="775" WIDTH="141" HEIGHT="28" WC="0.92" CONTENT="uppkomsten"/><SP WIDTH="16" VPOS="775" HPOS="490"/>
							<String ID="string_48" HPOS="506" VPOS="775" WIDTH="24" HEIGHT="22" WC="0.97" CONTENT="af"/><SP WIDTH="13" VPOS="775" HPOS="530"/>
							<String ID="string_49" HPOS="543" VPOS="775" WIDTH="98" HEIGHT="22" WC="0.93" CONTENT="enskilda"/><SP WIDTH="13" VPOS="775" HPOS="641"/>
							<String ID="string_50" HPOS="654" VPOS="776" WIDTH="116" HEIGHT="27" WC="0.92" CONTENT="jernvägar"/><SP WIDTH="14" VPOS="776" HPOS="770"/>
							<String ID="string_51" HPOS="784" VPOS="776" WIDTH="7" HEIGHT="21" WC="0.96" CONTENT="i"/><SP WIDTH="15" VPOS="776" HPOS="791"/>
							<String ID="string_52" HPOS="806" VPOS="775" WIDTH="80" HEIGHT="28" WC="0.96" CONTENT="landet,"/>
						</TextLine>
						<TextLine ID="line_8" HPOS="129" VPOS="809" WIDTH="759" HEIGHT="28">
							<String ID="string_53" HPOS="129" VPOS="811" WIDTH="32" HEIGHT="21" WC="0.96" CONTENT="uti"/><SP WIDTH="15" VPOS="811" HPOS="161"/>
							<String ID="string_54" HPOS="176" VPOS="809" WIDTH="141" HEIGHT="28" WC="0.96" CONTENT="underdånigt"/><SP WIDTH="19" VPOS="809" HPOS="317"/>
							<String ID="string_55" HPOS="336" VPOS="810" WIDTH="137" HEIGHT="22" WC="0.96" CONTENT="betänkande"/><SP WIDTH="20" VPOS="810" HPOS="473"/>
							<String ID="string_56" HPOS="493" VPOS="810" WIDTH="123" HEIGHT="27" WC="0.94" CONTENT="framhållit,"/><SP WIDTH="16" VPOS="810" HPOS="616"/>
							<String ID="string_57" HPOS="632" VPOS="811" WIDTH="31" HEIGHT="20" WC="0.96" CONTENT="att"/><SP WIDTH="15" VPOS="811" HPOS="663"/>
							<String ID="string_58" HPOS="678" VPOS="809" WIDTH="154" HEIGHT="28" WC="0.96" CONTENT="förordningen"/><SP WIDTH="16" VPOS="809" HPOS="832"/>
							<String ID="string_59" HPOS="848" VPOS="810" WIDTH="40" HEIGHT="21" WC="0.96" CONTENT="den"/>
						</TextLine>
						<TextLine ID="line_9" HPOS="131" VPOS="844" WIDTH="755" HEIGHT="28">
							<String ID="string_60" HPOS="131" VPOS="847" WIDTH="25" HEIGHT="19" WC="0.96" CONTENT="12"/><SP WIDTH="16" VPOS="847" HPOS="156"/>
							<String ID="string_61" HPOS="172" VPOS="845" WIDTH="116" HEIGHT="21" WC="0.96" CONTENT="December"/><SP WIDTH="21" VPOS="845" HPOS="288"/>
							<String ID="string_62" HPOS="309" VPOS="845" WIDTH="60" HEIGHT="26" WC="0.95" CONTENT="1864,"/><SP WIDTH="22" VPOS="845" HPOS="369"/>
							<String ID="string_63" HPOS="391" VPOS="844" WIDTH="110" HEIGHT="27" WC="0.92" CONTENT="angående"/><SP WIDTH="14" VPOS="844" HPOS="501"/>
							<String ID="string_64" HPOS="515" VPOS="845" WIDTH="124" HEIGHT="27" WC="0.90" CONTENT="jordegares"/><SP WIDTH="16" VPOS="845" HPOS="639"/>
							<String ID="string_65" HPOS="655" VPOS="845" WIDTH="123" HEIGHT="27" WC="0.96" CONTENT="skyldighet"/><SP WIDTH="15" VPOS="845" HPOS="778"/>
							<String ID="string_66" HPOS="793" VPOS="846" WIDTH="33" HEIGHT="20" WC="0.96" CONTENT="att"/><SP WIDTH="15" VPOS="846" HPOS="826"/>
							<String ID="string_67" HPOS="841" VPOS="847" WIDTH="45" HEIGHT="18" WC="0.96" CONTENT="mot"/>
						</TextLine>
						<TextLine ID="line_10" HPOS="130" VPOS="878" WIDTH="758" HEIGHT="28">
							<String ID="string_68" HPOS="130" VPOS="879" WIDTH="118" HEIGHT="27" WC="0.96" CONTENT="ersättning"/><SP WIDTH="18" VPOS="879" HPOS="248"/>
							<String ID="string_69" HPOS="266" VPOS="879" WIDTH="89" HEIGHT="27" WC="0.96" CONTENT="upplåta"/><SP WIDTH="20" VPOS="879" HPOS="355"/>
							<String ID="string_70" HPOS="375" VPOS="879" WIDTH="62" HEIGHT="21" WC="0.96" CONTENT="mark"/><SP WIDTH="19" VPOS="879" HPOS="437"/>
							<String ID="string_71" HPOS="456" VPOS="879" WIDTH="33" HEIGHT="21" WC="0.96" CONTENT="för"/><SP WIDTH="19" VPOS="879" HPOS="489"/>
							<String ID="string_72" HPOS="508" VPOS="879" WIDTH="90" HEIGHT="22" WC="0.93" CONTENT="allmänt"/><SP WIDTH="18" VPOS="879" HPOS="598"/>
							<String ID="string_73" HPOS="616" VPOS="879" WIDTH="69" HEIGHT="27" WC="0.91" CONTENT="behof,"/><SP WIDTH="20" VPOS="879" HPOS="685"/>
							<String ID="string_74" HPOS="705" VPOS="879" WIDTH="7" HEIGHT="21" WC="0.96" CONTENT="i"/><SP WIDTH="16" VPOS="879" HPOS="712"/>
							<String ID="string_75" HPOS="728" VPOS="879" WIDTH="108" HEIGHT="26" WC="0.93" CONTENT="åtskilliga"/><SP WIDTH="20" VPOS="879" HPOS="836"/>
							<String ID="string_76" HPOS="856" VPOS="878" WIDTH="32" HEIGHT="21" WC="0.91" CONTENT="af-"/>
						</TextLine>
						<TextLine ID="line_11" HPOS="129" VPOS="913" WIDTH="760" HEIGHT="28">
							<String ID="string_77" HPOS="129" VPOS="913" WIDTH="91" HEIGHT="22" WC="0.91" CONTENT="seenden"/><SP WIDTH="15" VPOS="913" HPOS="220"/>
							<String ID="string_78" HPOS="235" VPOS="919" WIDTH="50" HEIGHT="16" WC="0.93" CONTENT="vore"/><SP WIDTH="16" VPOS="919" HPOS="285"/>
							<String ID="string_79" HPOS="301" VPOS="913" WIDTH="70" HEIGHT="27" WC="0.92" CONTENT="egnad"/><SP WIDTH="14" VPOS="913" HPOS="371"/>
							<String ID="string_80" HPOS="385" VPOS="915" WIDTH="33" HEIGHT="20" WC="0.96" CONTENT="att"/><SP WIDTH="15" VPOS="915" HPOS="418"/>
							<String ID="string_81" HPOS="433" VPOS="913" WIDTH="97" HEIGHT="22" WC="0.93" CONTENT="försvåra"/><SP WIDTH="11" VPOS="913" HPOS="530"/>
							<String ID="string_82" HPOS="541" VPOS="913" WIDTH="151" HEIGHT="27" WC="0.90" CONTENT="privatbanors"/><SP WIDTH="12" VPOS="913" HPOS="692"/>
							<String ID="string_83" HPOS="704" VPOS="913" WIDTH="134" HEIGHT="28" WC="0.96" CONTENT="anläggning,"/><SP WIDTH="10" VPOS="913" HPOS="838"/>
							<String ID="string_84" HPOS="848" VPOS="913" WIDTH="41" HEIGHT="21" WC="0.96" CONTENT="har"/>
						</TextLine>
						<TextLine ID="line_12" HPOS="130" VPOS="947" WIDTH="760" HEIGHT="28">
							<String ID="string_85" HPOS="130" VPOS="948" WIDTH="179" HEIGHT="27" WC="0.96" CONTENT="lagberedningen"/><SP WIDTH="11" VPOS="948" HPOS="309"/>
							<String ID="string_86" HPOS="320" VPOS="947" WIDTH="87" HEIGHT="22" WC="0.96" CONTENT="erhållit"/><SP WIDTH="10" VPOS="947" HPOS="407"/>
							<String ID="string_87" HPOS="417" VPOS="948" WIDTH="6" HEIGHT="21" WC="0.96" CONTENT="i"/><SP WIDTH="12" VPOS="948" HPOS="423"/>
							<String ID="string_88" HPOS="435" VPOS="949" WIDTH="99" HEIGHT="26" WC="0.96" CONTENT="uppdrag"/><SP WIDTH="10" VPOS="949" HPOS="534"/>
							<String ID="string_89" HPOS="544" VPOS="950" WIDTH="33" HEIGHT="19" WC="0.96" CONTENT="att"/><SP WIDTH="10" VPOS="950" HPOS="577"/>
							<String ID="string_90" HPOS="587" VPOS="948" WIDTH="101" HEIGHT="21" WC="0.96" CONTENT="utarbeta"/><SP WIDTH="9" VPOS="948" HPOS="688"/>
							<String ID="string_91" HPOS="697" VPOS="948" WIDTH="81" HEIGHT="27" WC="0.96" CONTENT="förslag"/><SP WIDTH="8" VPOS="948" HPOS="778"/>
							<String ID="string_92" HPOS="786" VPOS="948" WIDTH="33" HEIGHT="21" WC="0.96" CONTENT="till"/><SP WIDTH="8" VPOS="948" HPOS="819"/>
							<String ID="string_93" HPOS="827" VPOS="947" WIDTH="63" HEIGHT="22" WC="0.95" CONTENT="häraf"/>
						</TextLine>
						<TextLine ID="line_13" HPOS="130" VPOS="982" WIDTH="758" HEIGHT="28">
							<String ID="string_94" HPOS="130" VPOS="982" WIDTH="102" HEIGHT="28" WC="0.93" CONTENT="påkallad"/><SP WIDTH="17" VPOS="982" HPOS="232"/>
							<String ID="string_95" HPOS="249" VPOS="982" WIDTH="231" HEIGHT="27" WC="0.91" CONTENT="lagstiftningsåtgärd."/><SP WIDTH="26" VPOS="982" HPOS="480"/>
							<String ID="string_96" HPOS="506" VPOS="983" WIDTH="59" HEIGHT="20" WC="0.86" CONTENT="Enär"/><SP WIDTH="11" VPOS="983" HPOS="565"/>
							<String ID="string_97" HPOS="576" VPOS="982" WIDTH="66" HEIGHT="22" WC="0.96" CONTENT="likväl"/><SP WIDTH="11" VPOS="982" HPOS="642"/>
							<String ID="string_98" HPOS="653" VPOS="983" WIDTH="26" HEIGHT="21" WC="0.96" CONTENT="de"/><SP WIDTH="11" VPOS="983" HPOS="679"/>
							<String ID="string_99" HPOS="690" VPOS="983" WIDTH="24" HEIGHT="20" WC="0.96" CONTENT="af"/><SP WIDTH="10" VPOS="983" HPOS="714"/>
							<String ID="string_100" HPOS="724" VPOS="982" WIDTH="164" HEIGHT="22" WC="0.96" CONTENT="kommissionen"/>
						</TextLine>
						<TextLine ID="line_14" HPOS="130" VPOS="1016" WIDTH="758" HEIGHT="29">
							<String ID="string_101" HPOS="130" VPOS="1019" WIDTH="58" HEIGHT="20" WC="0.96" CONTENT="emot"/><SP WIDTH="14" VPOS="1019" HPOS="188"/>
							<String ID="string_102" HPOS="202" VPOS="1017" WIDTH="92" HEIGHT="21" WC="0.96" CONTENT="nämnda"/><SP WIDTH="15" VPOS="1017" HPOS="294"/>
							<String ID="string_103" HPOS="309" VPOS="1016" WIDTH="122" HEIGHT="28" WC="0.93" CONTENT="förordning"/><SP WIDTH="16" VPOS="1016" HPOS="431"/>
							<String ID="string_104" HPOS="447" VPOS="1017" WIDTH="128" HEIGHT="22" WC="0.92" CONTENT="framstälda"/><SP WIDTH="16" VPOS="1017" HPOS="575"/>
							<String ID="string_105" HPOS="591" VPOS="1017" WIDTH="165" HEIGHT="28" WC="0.96" CONTENT="anmärkningar"/><SP WIDTH="16" VPOS="1017" HPOS="756"/>
							<String ID="string_106" HPOS="772" VPOS="1017" WIDTH="18" HEIGHT="27" WC="0.96" CONTENT="ej"/><SP WIDTH="15" VPOS="1017" HPOS="790"/>
							<String ID="string_107" HPOS="805" VPOS="1017" WIDTH="83" HEIGHT="21" WC="0.96" CONTENT="kunnat"/>
						</TextLine>
						<TextLine ID="line_15" HPOS="129" VPOS="1051" WIDTH="759" HEIGHT="28">
							<String ID="string_108" HPOS="129" VPOS="1051" WIDTH="117" HEIGHT="27" WC="0.89" CONTENT="behörigen"/><SP WIDTH="12" VPOS="1051" HPOS="246"/>
							<String ID="string_109" HPOS="258" VPOS="1051" WIDTH="88" HEIGHT="22" WC="0.96" CONTENT="beaktas"/><SP WIDTH="12" VPOS="1051" HPOS="346"/>
							<String ID="string_110" HPOS="358" VPOS="1051" WIDTH="47" HEIGHT="22" WC="0.96" CONTENT="med"/><SP WIDTH="12" VPOS="1051" HPOS="405"/>
							<String ID="string_111" HPOS="417" VPOS="1051" WIDTH="82" HEIGHT="22" WC="0.96" CONTENT="mindre"/><SP WIDTH="11" VPOS="1051" HPOS="499"/>
							<String ID="string_112" HPOS="510" VPOS="1051" WIDTH="153" HEIGHT="28" WC="0.95" CONTENT="förordningen"/><SP WIDTH="8" VPOS="1051" HPOS="663"/>
							<String ID="string_113" HPOS="671" VPOS="1052" WIDTH="7" HEIGHT="21" WC="0.95" CONTENT="i"/><SP WIDTH="9" VPOS="1052" HPOS="678"/>
							<String ID="string_114" HPOS="687" VPOS="1052" WIDTH="33" HEIGHT="21" WC="0.96" CONTENT="sin"/><SP WIDTH="9" VPOS="1052" HPOS="720"/>
							<String ID="string_115" HPOS="729" VPOS="1051" WIDTH="73" HEIGHT="22" WC="0.93" CONTENT="helhet"/><SP WIDTH="8" VPOS="1051" HPOS="802"/>
							<String ID="string_116" HPOS="810" VPOS="1051" WIDTH="78" HEIGHT="21" WC="0.91" CONTENT="under-"/>
						</TextLine>
						<TextLine ID="line_16" HPOS="130" VPOS="1085" WIDTH="757" HEIGHT="28">
							<String ID="string_117" HPOS="130" VPOS="1086" WIDTH="102" HEIGHT="21" WC="0.96" CONTENT="kastades"/><SP WIDTH="16" VPOS="1086" HPOS="232"/>
							<String ID="string_118" HPOS="248" VPOS="1092" WIDTH="26" HEIGHT="15" WC="0.96" CONTENT="en"/><SP WIDTH="15" VPOS="1092" HPOS="274"/>
							<String ID="string_119" HPOS="289" VPOS="1085" WIDTH="62" HEIGHT="22" WC="0.96" CONTENT="äfven"/><SP WIDTH="16" VPOS="1085" HPOS="351"/>
							<String ID="string_120" HPOS="367" VPOS="1086" WIDTH="62" HEIGHT="27" WC="0.93" CONTENT="eljest"/><SP WIDTH="14" VPOS="1086" HPOS="429"/>
							<String ID="string_121" HPOS="443" VPOS="1086" WIDTH="92" HEIGHT="27" WC="0.92" CONTENT="behöflig"/><SP WIDTH="13" VPOS="1086" HPOS="535"/>
							<String ID="string_122" HPOS="548" VPOS="1086" WIDTH="99" HEIGHT="27" WC="0.96" CONTENT="revision,"/><SP WIDTH="11" VPOS="1086" HPOS="647"/>
							<String ID="string_123" HPOS="658" VPOS="1086" WIDTH="39" HEIGHT="21" WC="0.96" CONTENT="har"/><SP WIDTH="11" VPOS="1086" HPOS="697"/>
							<String ID="string_124" HPOS="708" VPOS="1085" WIDTH="179" HEIGHT="28" WC="0.96" CONTENT="lagberedningen"/>
						</TextLine>
						<TextLine ID="line_17" HPOS="130" VPOS="1119" WIDTH="760" HEIGHT="29">
							<String ID="string_125" HPOS="130" VPOS="1120" WIDTH="108" HEIGHT="21" WC="0.96" CONTENT="utarbetat"/><SP WIDTH="16" VPOS="1120" HPOS="238"/>
							<String ID="string_126" HPOS="254" VPOS="1120" WIDTH="79" HEIGHT="27" WC="0.96" CONTENT="förslag"/><SP WIDTH="19" VPOS="1120" HPOS="333"/>
							<String ID="string_127" HPOS="352" VPOS="1120" WIDTH="32" HEIGHT="21" WC="0.96" CONTENT="till"/><SP WIDTH="16" VPOS="1120" HPOS="384"/>
							<String ID="string_128" HPOS="400" VPOS="1127" WIDTH="27" HEIGHT="20" WC="0.93" CONTENT="ny"/><SP WIDTH="16" VPOS="1127" HPOS="427"/>
							<String ID="string_129" HPOS="443" VPOS="1121" WIDTH="213" HEIGHT="27" WC="0.91" CONTENT="expropriationslag,"/><SP WIDTH="18" VPOS="1121" HPOS="656"/>
							<String ID="string_130" HPOS="674" VPOS="1121" WIDTH="60" HEIGHT="21" WC="0.96" CONTENT="öfver"/><SP WIDTH="16" VPOS="1121" HPOS="734"/>
							<String ID="string_131" HPOS="750" VPOS="1120" WIDTH="82" HEIGHT="22" WC="0.93" CONTENT="hvilket"/><SP WIDTH="15" VPOS="1120" HPOS="832"/>
							<String ID="string_132" HPOS="847" VPOS="1119" WIDTH="43" HEIGHT="22" WC="0.92" CONTENT="för-"/>
						</TextLine>
						<TextLine ID="line_18" HPOS="130" VPOS="1154" WIDTH="755" HEIGHT="28">
							<String ID="string_133" HPOS="130" VPOS="1155" WIDTH="47" HEIGHT="26" WC="0.93" CONTENT="slag"/><SP WIDTH="15" VPOS="1155" HPOS="177"/>
							<String ID="string_134" HPOS="192" VPOS="1154" WIDTH="144" HEIGHT="27" WC="0.90" CONTENT="underdåniga"/><SP WIDTH="15" VPOS="1154" HPOS="336"/>
							<String ID="string_135" HPOS="351" VPOS="1155" WIDTH="115" HEIGHT="26" WC="0.96" CONTENT="yttranden"/><SP WIDTH="10" VPOS="1155" HPOS="466"/>
							<String ID="string_136" HPOS="476" VPOS="1155" WIDTH="95" HEIGHT="22" WC="0.91" CONTENT="derefter"/><SP WIDTH="12" VPOS="1155" HPOS="571"/>
							<String ID="string_137" HPOS="583" VPOS="1155" WIDTH="94" HEIGHT="27" WC="0.91" CONTENT="afgifvits"/><SP WIDTH="12" VPOS="1155" HPOS="677"/>
							<String ID="string_138" HPOS="689" VPOS="1155" WIDTH="23" HEIGHT="21" WC="0.93" CONTENT="af"/><SP WIDTH="10" VPOS="1155" HPOS="712"/>
							<String ID="string_139" HPOS="722" VPOS="1155" WIDTH="163" HEIGHT="26" WC="0.90" CONTENT="öfverstyrelsen"/>
						</TextLine>
						<TextLine ID="line_19" HPOS="130" VPOS="1189" WIDTH="759" HEIGHT="28">
							<String ID="string_140" HPOS="130" VPOS="1189" WIDTH="34" HEIGHT="21" WC="0.93" CONTENT="för"/><SP WIDTH="15" VPOS="1189" HPOS="164"/>
							<String ID="string_141" HPOS="179" VPOS="1191" WIDTH="49" HEIGHT="24" WC="0.92" CONTENT="väg-"/><SP WIDTH="16" VPOS="1191" HPOS="228"/>
							<String ID="string_142" HPOS="244" VPOS="1189" WIDTH="40" HEIGHT="22" WC="0.92" CONTENT="och"/><SP WIDTH="15" VPOS="1189" HPOS="284"/>
							<String ID="string_143" HPOS="299" VPOS="1190" WIDTH="226" HEIGHT="27" WC="0.90" CONTENT="vattenbyggnaderna"/><SP WIDTH="11" VPOS="1190" HPOS="525"/>
							<String ID="string_144" HPOS="536" VPOS="1192" WIDTH="55" HEIGHT="19" WC="0.96" CONTENT="samt"/><SP WIDTH="13" VPOS="1192" HPOS="591"/>
							<String ID="string_145" HPOS="604" VPOS="1190" WIDTH="23" HEIGHT="21" WC="0.96" CONTENT="af"/><SP WIDTH="9" VPOS="1190" HPOS="627"/>
							<String ID="string_146" HPOS="636" VPOS="1190" WIDTH="86" HEIGHT="21" WC="0.93" CONTENT="landets"/><SP WIDTH="11" VPOS="1190" HPOS="722"/>
							<String ID="string_147" HPOS="733" VPOS="1189" WIDTH="107" HEIGHT="22" WC="0.91" CONTENT="hofrätter"/><SP WIDTH="10" VPOS="1189" HPOS="840"/>
							<String ID="string_148" HPOS="850" VPOS="1189" WIDTH="39" HEIGHT="22" WC="0.96" CONTENT="och"/>
						</TextLine>
						<TextLine ID="line_20" HPOS="130" VPOS="1225" WIDTH="138" HEIGHT="26">
							<String ID="string_149" HPOS="130" VPOS="1225" WIDTH="138" HEIGHT="26" WC="0.95" CONTENT="guvernörer."/>
						</TextLine>
					</TextBlock>
					<TextBlock ID="block_3" HPOS="130" VPOS="1257" WIDTH="764" HEIGHT="201">
						<TextLine ID="line_21" HPOS="199" VPOS="1257" WIDTH="688" HEIGHT="28">
							<String ID="string_150" HPOS="199" VPOS="1258" WIDTH="10" HEIGHT="21" WC="0.93" CONTENT="I"/><SP WIDTH="15" VPOS="1258" HPOS="209"/>
							<String ID="string_151" HPOS="224" VPOS="1257" WIDTH="150" HEIGHT="28" WC="0.92" CONTENT="hufvudsaklig"/><SP WIDTH="19" VPOS="1257" HPOS="374"/>
							<String ID="string_152" HPOS="393" VPOS="1259" WIDTH="222" HEIGHT="22" WC="0.92" CONTENT="öfverensstämmelse"/><SP WIDTH="22" VPOS="1259" HPOS="615"/>
							<String ID="string_153" HPOS="637" VPOS="1259" WIDTH="48" HEIGHT="21" WC="0.95" CONTENT="med"/><SP WIDTH="19" VPOS="1259" HPOS="685"/>
							<String ID="string_154" HPOS="704" VPOS="1259" WIDTH="56" HEIGHT="21" WC="0.93" CONTENT="hvad"/><SP WIDTH="16" VPOS="1259" HPOS="760"/>
							<String ID="string_155" HPOS="776" VPOS="1258" WIDTH="111" HEIGHT="27" WC="0.93" CONTENT="lagbered-"/>
						</TextLine>
						<TextLine ID="line_22" HPOS="130" VPOS="1293" WIDTH="760" HEIGHT="28">
							<String ID="string_156" HPOS="130" VPOS="1293" WIDTH="79" HEIGHT="26" WC="0.96" CONTENT="ningen"/><SP WIDTH="19" VPOS="1293" HPOS="209"/>
							<String ID="string_157" HPOS="228" VPOS="1293" WIDTH="110" HEIGHT="27" WC="0.96" CONTENT="föreslagit"/><SP WIDTH="20" VPOS="1293" HPOS="338"/>
							<String ID="string_158" HPOS="358" VPOS="1293" WIDTH="39" HEIGHT="22" WC="0.96" CONTENT="har"/><SP WIDTH="15" VPOS="1293" HPOS="397"/>
							<String ID="string_159" HPOS="412" VPOS="1293" WIDTH="61" HEIGHT="22" WC="0.96" CONTENT="Hans"/><SP WIDTH="20" VPOS="1293" HPOS="473"/>
							<String ID="string_160" HPOS="493" VPOS="1293" WIDTH="120" HEIGHT="28" WC="0.96" CONTENT="Kejserliga"/><SP WIDTH="18" VPOS="1293" HPOS="613"/>
							<String ID="string_161" HPOS="631" VPOS="1293" WIDTH="102" HEIGHT="27" WC="0.96" CONTENT="Majestät"/><SP WIDTH="16" VPOS="1293" HPOS="733"/>
							<String ID="string_162" HPOS="749" VPOS="1293" WIDTH="49" HEIGHT="21" WC="0.93" CONTENT="låtit"/><SP WIDTH="15" VPOS="1293" HPOS="798"/>
							<String ID="string_163" HPOS="813" VPOS="1293" WIDTH="77" HEIGHT="21" WC="0.90" CONTENT="affatta"/>
						</TextLine>
						<TextLine ID="line_23" HPOS="130" VPOS="1327" WIDTH="758" HEIGHT="28">
							<String ID="string_164" HPOS="130" VPOS="1327" WIDTH="158" HEIGHT="27" WC="0.91" CONTENT="nedanintagna"/><SP WIDTH="18" VPOS="1327" HPOS="288"/>
							<String ID="string_165" HPOS="306" VPOS="1327" WIDTH="81" HEIGHT="28" WC="0.96" CONTENT="förslag"/><SP WIDTH="18" VPOS="1327" HPOS="387"/>
							<String ID="string_166" HPOS="405" VPOS="1328" WIDTH="32" HEIGHT="21" WC="0.96" CONTENT="till"/><SP WIDTH="17" VPOS="1328" HPOS="437"/>
							<String ID="string_167" HPOS="454" VPOS="1328" WIDTH="35" HEIGHT="27" WC="0.96" CONTENT="lag"/><SP WIDTH="16" VPOS="1328" HPOS="489"/>
							<String ID="string_168" HPOS="505" VPOS="1334" WIDTH="34" HEIGHT="15" WC="0.95" CONTENT="om"/><SP WIDTH="16" VPOS="1334" HPOS="539"/>
							<String ID="string_169" HPOS="555" VPOS="1327" WIDTH="160" HEIGHT="28" WC="0.95" CONTENT="expropriation"/><SP WIDTH="15" VPOS="1327" HPOS="715"/>
							<String ID="string_170" HPOS="730" VPOS="1327" WIDTH="24" HEIGHT="22" WC="0.96" CONTENT="af"/><SP WIDTH="14" VPOS="1327" HPOS="754"/>
							<String ID="string_171" HPOS="768" VPOS="1327" WIDTH="43" HEIGHT="21" WC="0.93" CONTENT="fast"/><SP WIDTH="15" VPOS="1327" HPOS="811"/>
							<String ID="string_172" HPOS="826" VPOS="1333" WIDTH="62" HEIGHT="21" WC="0.91" CONTENT="egen-"/>
						</TextLine>
						<TextLine ID="line_24" HPOS="131" VPOS="1361" WIDTH="763" HEIGHT="28">
							<String ID="string_173" HPOS="131" VPOS="1361" WIDTH="49" HEIGHT="21" WC="0.96" CONTENT="dom"/><SP WIDTH="19" VPOS="1361" HPOS="180"/>
							<String ID="string_174" HPOS="199" VPOS="1361" WIDTH="37" HEIGHT="26" WC="0.96" CONTENT="för,"/><SP WIDTH="15" VPOS="1361" HPOS="236"/>
							<String ID="string_175" HPOS="251" VPOS="1362" WIDTH="89" HEIGHT="21" WC="0.93" CONTENT="allmänt"/><SP WIDTH="18" VPOS="1362" HPOS="340"/>
							<String ID="string_176" HPOS="358" VPOS="1362" WIDTH="65" HEIGHT="21" WC="0.93" CONTENT="behof"/><SP WIDTH="14" VPOS="1362" HPOS="423"/>
							<String ID="string_177" HPOS="437" VPOS="1365" WIDTH="56" HEIGHT="18" WC="0.96" CONTENT="samt"/><SP WIDTH="16" VPOS="1365" HPOS="493"/>
							<String ID="string_178" HPOS="509" VPOS="1363" WIDTH="32" HEIGHT="21" WC="0.96" CONTENT="till"/><SP WIDTH="15" VPOS="1363" HPOS="541"/>
							<String ID="string_179" HPOS="556" VPOS="1362" WIDTH="133" HEIGHT="27" WC="0.96" CONTENT="förordning,"/><SP WIDTH="17" VPOS="1362" HPOS="689"/>
							<String ID="string_180" HPOS="706" VPOS="1361" WIDTH="148" HEIGHT="22" WC="0.96" CONTENT="innefattande"/><SP WIDTH="15" VPOS="1361" HPOS="854"/>
							<String ID="string_181" HPOS="869" VPOS="1361" WIDTH="25" HEIGHT="21" WC="0.96" CONTENT="af"/>
						</TextLine>
						<TextLine ID="line_25" HPOS="130" VPOS="1395" WIDTH="762" HEIGHT="29">
							<String ID="string_182" HPOS="130" VPOS="1395" WIDTH="150" HEIGHT="22" WC="0.92" CONTENT="förstnämnda"/><SP WIDTH="22" VPOS="1395" HPOS="280"/>
							<String ID="string_183" HPOS="302" VPOS="1396" WIDTH="221" HEIGHT="28" WC="0.91" CONTENT="författningsförslag"/><SP WIDTH="18" VPOS="1396" HPOS="523"/>
							<String ID="string_184" HPOS="541" VPOS="1396" WIDTH="115" HEIGHT="28" WC="0.96" CONTENT="påkallade"/><SP WIDTH="15" VPOS="1396" HPOS="656"/>
							<String ID="string_185" HPOS="671" VPOS="1396" WIDTH="119" HEIGHT="27" WC="0.96" CONTENT="ändringar"/><SP WIDTH="18" VPOS="1396" HPOS="790"/>
							<String ID="string_186" HPOS="808" VPOS="1396" WIDTH="6" HEIGHT="20" WC="0.96" CONTENT="i"/><SP WIDTH="16" VPOS="1396" HPOS="814"/>
							<String ID="string_187" HPOS="830" VPOS="1396" WIDTH="25" HEIGHT="27" WC="0.59" CONTENT="$$"/><SP WIDTH="17" VPOS="1396" HPOS="855"/>
							<String ID="string_188" HPOS="872" VPOS="1396" WIDTH="20" HEIGHT="26" WC="0.96" CONTENT="7,"/>
						</TextLine>
						<TextLine ID="line_26" HPOS="131" VPOS="1429" WIDTH="762" HEIGHT="29">
							<String ID="string_189" HPOS="131" VPOS="1432" WIDTH="20" HEIGHT="24" WC="0.96" CONTENT="8,"/><SP WIDTH="19" VPOS="1432" HPOS="151"/>
							<String ID="string_190" HPOS="170" VPOS="1430" WIDTH="31" HEIGHT="26" WC="0.96" CONTENT="10,"/><SP WIDTH="19" VPOS="1430" HPOS="201"/>
							<String ID="string_191" HPOS="220" VPOS="1431" WIDTH="22" HEIGHT="20" WC="0.96" CONTENT="11"/><SP WIDTH="18" VPOS="1431" HPOS="242"/>
							<String ID="string_192" HPOS="260" VPOS="1430" WIDTH="40" HEIGHT="21" WC="0.96" CONTENT="och"/><SP WIDTH="18" VPOS="1430" HPOS="300"/>
							<String ID="string_193" HPOS="318" VPOS="1432" WIDTH="25" HEIGHT="20" WC="0.96" CONTENT="12"/><SP WIDTH="12" VPOS="1432" HPOS="343"/>
							<String ID="string_194" HPOS="355" VPOS="1430" WIDTH="23" HEIGHT="22" WC="0.95" CONTENT="af"/><SP WIDTH="9" VPOS="1430" HPOS="378"/>
							<String ID="string_195" HPOS="387" VPOS="1430" WIDTH="153" HEIGHT="28" WC="0.96" CONTENT="förordningen"/><SP WIDTH="11" VPOS="1430" HPOS="540"/>
							<String ID="string_196" HPOS="551" VPOS="1431" WIDTH="40" HEIGHT="21" WC="0.96" CONTENT="den"/><SP WIDTH="13" VPOS="1431" HPOS="591"/>
							<String ID="string_197" HPOS="604" VPOS="1432" WIDTH="25" HEIGHT="20" WC="0.96" CONTENT="15"/><SP WIDTH="11" VPOS="1432" HPOS="629"/>
							<String ID="string_198" HPOS="640" VPOS="1431" WIDTH="61" HEIGHT="27" WC="0.95" CONTENT="April"/><SP WIDTH="13" VPOS="1431" HPOS="701"/>
							<String ID="string_199" HPOS="714" VPOS="1431" WIDTH="56" HEIGHT="21" WC="0.93" CONTENT="1889"/><SP WIDTH="11" VPOS="1431" HPOS="770"/>
							<String ID="string_200" HPOS="781" VPOS="1429" WIDTH="112" HEIGHT="28" WC="0.91" CONTENT="angäende"/>
						</TextLine>
					</TextBlock>
				</ComposedBlock>
			</PrintSpace>
		</Page>
	</Layout>
</alto>
