1025 1659
335 144 21 23 U.
375 144 22 22 B.
415 157 27 2 —
461 144 62 28 Prop.
540 144 36 22 N:o
592 144 37 22 29.
799 144 27 20 13

104 215 72 27 lunda,
188 217 26 19 än
232 218 33 18 att
280 215 41 21 han
338 215 40 21 bör
392 214 44 22 låta
451 215 86 21 inställa
553 214 124 22 densamma
692 215 33 21 till
740 214 116 29 besigtnin-

106 259 43 21 gar,
164 251 74 22 hvilka
255 254 82 18 ansetts
354 250 163 29 oundgängliga,
533 258 63 21 synes
609 250 153 22 kommunerna
773 250 84 22 komma

105 290 32 18 att
151 288 8 20 i
175 287 38 22 och
231 287 34 21 för
282 287 81 21 aftalen
379 286 82 28 nödgas
476 286 73 22 ikläda
562 287 33 28 sig
604 286 48 22 icke
665 286 123 29 obetydliga
798 286 59 22 kost-

104 323 71 27 nader,
191 322 75 22 hvilka
282 322 64 27 dock,
362 322 72 22 derest
449 322 256 29 entreprenad-systemet
714 322 72 26 inslås,
796 322 60 22 torde

104 359 72 21 kunna
191 359 7 21 i
215 358 70 28 någon
301 366 51 14 mon
368 358 134 29 nedbringas.

176 394 178 22 Vidkommande
371 394 67 21 sedan
453 394 75 29 frågan
544 402 35 14 om
594 394 64 22 hvem
669 394 63 22 dessa
742 393 115 22 kostnader

106 431 8 21 i
130 431 51 21 sista
197 430 58 22 hand
270 430 39 21 bör
324 430 88 24 drabba,
428 430 66 21 hafva
510 430 57 22 olika
582 431 110 27 meningar
706 430 58 21 inom
774 429 83 22 utskot-

106 469 32 19 tet
152 467 55 28 gjort
225 466 34 28 sig
275 466 105 28 gällande.
406 466 45 21 Det
466 466 42 21 kan
524 466 35 22 väl
575 466 13 21 å
601 474 39 14 ena
651 466 62 21 sidan
727 466 47 21 icke
784 466 73 26 nekas,

108 505 32 19 att
156 502 26 22 de
199 502 62 26 offer,
277 509 46 14 som
339 509 78 21 genom
433 501 41 22 den
487 502 48 21 nåd.
546 502 161 28 propositionen
718 502 93 26 kräfvas,
822 503 35 20 äro

106 545 26 14 en
154 538 139 28 konseqvent
312 537 126 29 utveckling
458 538 24 20 af
501 538 42 21 den
562 538 8 21 i
588 538 202 28 Värnepligtslagen
805 538 52 21 fast-

106 574 74 28 slagna
195 574 112 28 principen
323 581 36 13 om
374 573 38 21 det
427 573 73 21 finska
515 573 80 22 folkets
611 574 123 28 skyldighet
750 576 30 19 att
790 574 8 21 i
808 581 49 13 mon

106 610 23 21 af
144 610 46 21 sina
206 609 85 21 krafter
305 609 91 28 bidraga
411 609 32 21 till
458 612 87 18 tronens
561 610 42 21 och
617 609 185 22 fäderneslandets
814 609 43 21 för-

107 653 55 14 svar.
192 646 53 20 Men
262 645 61 21 häraf
339 652 64 22 synes
420 645 48 21 icke
484 645 72 21 kunna
571 645 76 29 dragas
663 645 42 22 den
721 646 93 25 slutsats,
826 648 32 18 att

106 681 157 22 kommunerna
279 681 71 21 såsom
366 680 81 22 sådana
462 680 67 22 borde
544 681 92 22 drabbas
653 682 22 20 af
691 681 65 29 sagda
771 681 87 21 kostna-

107 716 43 22 der.
176 717 98 21 Emedan
289 716 152 30 fördelningen
457 717 23 21 af
495 717 37 21 det
548 717 138 29 erforderliga
697 718 80 20 antalet
786 717 73 21 hästar

107 752 29 29 på
158 752 27 22 de
208 752 71 22 skilda
301 752 155 22 kommunerna
476 753 49 21 sker
546 753 55 21 efter
620 753 42 21 den
682 760 66 20 norm,
764 760 45 14 som
825 760 33 14 an-

108 788 71 29 gifves
195 788 23 22 af
232 788 151 22 häststockens
400 788 80 22 storlek
496 790 58 20 inom
569 788 74 29 hvarje
656 789 108 27 kommun,
773 789 85 21 komma

109 824 27 22 de
151 824 134 27 kommuner,
296 825 58 21 inom
364 824 76 22 hvilka
450 825 81 22 antalet
541 824 78 28 hästar,
629 824 101 30 jemfördt
740 825 50 22 med
800 826 58 20 inne-

107 860 160 22 vånareantalet
289 862 23 20 är
333 861 54 26 litet,
406 862 131 28 exempelvis
554 861 105 27 städerna,
675 861 38 22 vid
728 861 130 22 kostnadens

109 896 121 29 fördelning
250 896 67 28 enligt
335 896 111 22 skattören
462 900 32 18 att
509 898 7 20 i
532 897 114 29 lindrigare
661 898 53 28 grad
729 897 92 22 drabbas
836 897 23 21 af

108 932 41 21 den
168 932 150 29 ifrågakomna
336 932 122 22 kostnaden
474 934 27 20 än
516 932 33 28 de,
565 933 87 22 hvarest
667 936 31 19 ett
713 936 88 18 motsatt
816 932 43 22 för-

110 968 97 21 hållande
229 975 49 21 eger
297 976 53 13 rum.
382 968 49 22 Och
452 968 28 22 då
499 968 71 22 härtill
591 969 71 29 lägges
683 972 33 19 att
735 969 124 21 kommuner

108 1004 33 21 till
157 1003 48 22 icke
221 1003 120 29 obetydligt
357 1004 58 21 antal
431 1006 37 19 äro
484 1004 89 22 afsedda
589 1008 32 18 att
636 1005 45 21 helt
694 1005 40 21 och
746 1004 66 22 hållet
822 1004 37 22 fri-

111 1039 67 21 kallas
198 1039 49 21 från
267 1040 28 21 all
315 1040 133 28 delaktighet
460 1040 8 21 i
484 1048 29 13 nu
528 1040 163 28 ifrågavarande
706 1044 72 25 tunga,
793 1040 67 22 håller

112 1075 105 21 utskottet
233 1075 52 27 före,
293 1078 31 19 att
340 1076 116 21 omordade
472 1076 116 22 kostnader
603 1076 128 22 åtminstone
744 1077 33 21 till
788 1084 27 14 en
825 1076 35 22 del

110 1112 133 28 rättvisligen
266 1111 51 21 böra
337 1112 8 20 i
367 1112 53 20 sista
439 1112 58 21 hand
515 1112 82 22 drabba
612 1112 94 22 landet
699 1107 13 38 i
723 1112 49 22 dess
788 1112 72 21 helhet

109 1154 76 22 genom
201 1150 32 18 att
249 1147 132 22 statsverket
396 1147 67 22 håller
478 1148 153 21 kommunerna
647 1151 79 19 ersatta
740 1148 50 22 med
800 1148 59 28 tjugu

108 1182 60 22 mark
191 1182 82 29 årligen
297 1183 34 21 för
346 1183 75 28 hvarje
439 1184 34 20 till
488 1184 157 28 krigsmaktens
661 1184 127 29 förfogande
804 1184 55 21 stäld

111 1218 54 22 häst.
195 1218 50 22 Och
265 1222 32 18 att
317 1219 60 21 detta
396 1219 79 29 belopp
491 1220 48 21 icke
555 1220 42 21 kan
613 1228 62 14 anses
690 1228 52 14 vara
759 1220 35 21 för
808 1219 52 28 högt

110 1254 97 29 tilltaget,
229 1254 73 22 derför
323 1255 61 26 talar,
408 1255 66 29 enligt
496 1256 117 21 utskottets
635 1256 145 26 förmenande,
800 1255 60 21 såväl

110 1290 41 22 den
175 1290 186 28 omständigheten
386 1294 31 18 att
439 1298 26 14 en
488 1291 55 27 häst,
558 1292 88 21 hvilken
666 1292 61 21 stälts
743 1292 33 21 till
792 1291 68 29 krigs-

108 1326 97 21 maktens
229 1326 138 28 förfogande,
391 1326 68 22 måste
482 1327 22 21 af
525 1334 77 22 egaren
623 1327 77 22 vårdas
722 1327 49 21 med
792 1328 68 20 större

110 1369 85 21 omsorg
213 1362 41 21 och
270 1362 118 22 behandlas
404 1363 49 21 med
469 1370 58 14 mera
543 1363 122 21 varsamhet
680 1365 27 19 än
722 1362 58 23 hvad
795 1362 65 22 bland

110 1398 104 28 allmogen
234 1398 8 21 i
262 1397 117 22 allmänhet
398 1398 97 22 kommer
514 1398 75 22 hästen
605 1399 33 21 till
654 1398 41 28 del,
711 1406 46 14 som
772 1398 41 22 ock
829 1401 32 19 att

111 1432 27 22 de
154 1433 108 27 kontrakt,
277 1433 75 22 hvilka
367 1434 50 21 med
434 1434 139 29 hästegarene
589 1434 85 22 komma
690 1437 31 19 att
742 1434 6 22 å
764 1434 96 21 kommu-

180 1474 210 20 Ekonomiutskottets
405 1476 127 18 betänkande
545 1476 37 18 N:o
595 1476 29 18 15.
