1034 1659
431 125 40 21 N:o
487 126 34 21 29.
815 126 13 20 9

447 194 11 27 8
476 196 32 20 16.

168 233 38 21 Uti
229 233 59 21 såväl
310 233 144 27 besigtnings-
476 240 46 15 som
541 234 210 28 utskrifningsnämd
766 234 92 21 tillkom-

100 274 45 15 mer
167 267 74 28 hvarje
263 268 91 21 medlem
377 274 25 15 en
418 269 53 26 röst,
488 268 39 22 och
542 268 57 28 gälla
615 268 35 22 vid
665 269 73 27 yppad
753 268 105 28 menings-

101 302 80 21 olikhet
204 302 26 22 de
252 301 62 23 flesta
336 304 106 20 rösterna.
478 298 65 27 Öfver
565 303 113 22 förefallna
700 303 159 27 omröstningar

101 336 56 22 föres
173 337 50 21 kort
238 337 115 27 protokoll.

448 412 11 28 8
479 414 31 20 17.

168 451 119 22 Uteblifver
309 452 91 22 medlem
418 452 7 22 i
445 452 211 28 utskrifningsnämd
679 453 51 21 eller
752 452 106 22 tillkallad

102 486 117 28 suppleant
240 486 33 22 för
295 487 219 22 kommunalledamot
532 488 48 21 från
597 487 212 28 utskrifningsställe,
825 488 35 20 må

102 521 79 21 sådant
196 520 47 22 icke
257 522 79 26 utgöra
350 521 76 22 hinder
441 521 33 21 för
489 521 171 28 förrättningens
675 522 64 28 gång.

169 555 104 25 Inträffar
294 556 70 22 under
388 556 113 27 pågående
523 556 277 28 utskrifningsförrättning
817 556 43 22 för-

102 590 37 22 fall
154 590 33 22 för
203 590 246 28 utskrifningsnämdens
466 590 136 28 ordförande,
619 591 115 22 förordnar
750 590 110 22 Guvernö-

102 631 38 15 ren
162 626 30 26 på
215 625 72 22 derom
309 625 93 22 skeende
421 626 100 21 anmälan
538 626 132 22 oförtöfvadt
686 632 71 15 annan
772 625 88 27 lämplig

103 665 79 21 person
199 660 33 20 att
246 659 54 22 hans
314 659 122 28 befattning
452 660 70 22 under
537 660 60 22 tiden
612 660 88 22 förestå.

450 740 12 27 8
481 741 31 21 18.

171 780 41 21 Vid
236 780 26 22 de
284 780 153 28 myndigheter,
461 787 46 15 som
529 780 124 22 handhafva
672 780 188 27 hästutskrifning,

102 814 109 28 begagnas
234 814 131 28 ostämpladt
387 821 84 22 papper
495 815 39 22 och
556 822 50 21 eger
629 815 60 22 lösen
704 814 34 23 för
753 814 109 29 utgående

103 849 146 27 expeditioner
265 850 18 26 ej
299 856 54 15 rum.

415 953 75 21 KAP.
514 953 35 21 IV.

383 1017 36 20 Om
434 1016 149 28 hästräkning.

452 1073 11 27 8
482 1075 32 20 19.

171 1113 40 21 Till
226 1114 123 21 utrönande
365 1113 22 22 af
400 1114 84 21 antalet
499 1113 34 22 för
547 1113 125 27 krigsbehof
686 1113 86 27 dugliga
787 1112 76 22 hästar

104 1147 126 22 verkställes
253 1148 63 21 hvart
338 1148 64 27 sjette
422 1148 24 21 år
462 1148 52 22 eller
530 1148 75 26 oftare,
623 1148 37 21 der
675 1148 25 21 så
714 1147 95 22 befinnes
825 1148 39 20 nö-

105 1182 51 27 digt,
179 1182 139 27 uppräkning
341 1182 39 22 och
402 1182 122 28 mönstring
545 1182 22 22 af
581 1182 26 22 de
622 1182 7 21 i
644 1182 75 22 landet
733 1181 131 27 förefintliga

104 1216 81 22 hästar.

451 1258 11 27 s
479 1258 33 20 20.

172 1297 34 21 Då
225 1297 143 27 hästräkning
388 1296 113 28 anbefalts,
517 1298 109 26 uppgöres
642 1297 58 21 inom
715 1296 74 28 hvarje
804 1296 60 21 kom-

105 1338 57 20 mun,
185 1332 30 26 på
237 1332 74 21 landet
333 1332 23 21 af
377 1331 217 22 kommunalnämden
619 1330 38 22 och
672 1331 8 21 i
695 1331 50 21 stad
763 1330 23 22 af
799 1330 65 27 polis-

105 1367 131 26 kammaren,
257 1366 37 22 der
313 1366 68 22 sådan
396 1366 68 22 finnes
480 1366 105 26 inrättad,
601 1372 49 15 men
666 1372 80 15 annars
762 1365 22 21 af
798 1364 66 27 magi-

105 1402 56 20 strat
176 1400 52 22 eller
244 1400 154 28 ordningsrätt,
415 1407 25 15 en
456 1400 137 27 förteckning
609 1399 59 23 öfver
678 1399 101 27 samtliga
789 1399 76 21 hästar

104 1435 32 21 uti
152 1436 136 20 kommunen.
