1039 1661
87 498 26 20 12
128 498 19 26 8.

52 1357 26 20 15
102 1356 45 21 och

67 1390 26 20 16
105 1390 33 26 88.

171 154 14 20 4
357 155 84 23 Ständ.
457 155 39 23 Sv.
512 169 27 2 —
555 156 75 28 Prop.
645 155 47 24 N:o
706 155 39 23 23.

171 224 44 21 och
231 224 80 21 broars
327 225 118 27 byggande
460 225 45 21 och
521 225 129 27 underhåll,
666 225 61 22 utfår
742 225 36 21 sin
789 225 140 27 godtgörelse

171 258 19 27 ej
214 259 25 20 af
260 259 221 27 vägbyggnadslaget
503 261 56 19 utan
581 259 26 21 af
628 259 96 21 kronan.
756 259 51 21 Med
823 259 106 21 afseende

171 292 57 21 härå
244 293 43 20 har
302 299 29 15 en
346 293 89 21 mindre
445 293 191 27 omformulering
646 294 26 20 af
680 295 125 19 momentet
815 293 113 27 vidtagits.

241 327 8 20 I
267 334 79 15 senare
361 334 70 14 mom.
447 328 25 20 af
487 328 24 20 11
528 328 20 26 &,
559 328 92 21 hvarest
661 328 182 21 vidkommande
854 328 75 26 rättig-

170 361 39 21 het
224 363 32 19 att
271 362 106 27 uppbära
392 362 104 21 bestämd
512 362 103 21 afkomst
630 362 7 21 i
653 362 128 28 penningar
796 362 54 21 eller
861 368 68 15 varor

169 395 111 22 hänvisas
295 396 34 21 till
344 398 28 20 50
387 398 19 26 &,
422 397 48 26 har,
486 398 56 20 enär
557 403 28 15 en
602 397 73 21 sådan
691 396 140 27 hänvisning
842 398 85 20 ansetts

169 430 71 26 nödig
263 430 67 21 äfven
353 431 140 21 beträffande
516 432 107 26 panträtt,
644 434 30 18 ett
689 431 78 27 tillägg
783 431 32 21 uti
830 430 97 22 berörda

169 464 58 26 syfte
243 464 87 22 införts.

240 499 36 21 Uti
299 500 26 20 12
343 500 12 26 &
371 500 129 21 förutsättes
516 500 38 21 det
570 500 46 26 fall,
632 500 30 21 dä
677 500 180 26 fordringsegare
873 500 54 20 eller

169 533 188 27 sytningstagare,
379 535 29 26 pä
423 534 74 27 grund
513 535 25 20 af
551 534 134 27 inteckning
700 534 54 21 eller
770 534 156 26 stadgandena

168 574 39 14 om
229 567 99 28 ogulden
351 569 164 27 köpeskillings
539 570 50 25 rätt,
611 569 35 20 för
662 569 38 20 sitt
714 568 211 27 tillgodohafvande

167 601 44 21 har
225 603 102 26 panträtt
342 603 6 20 i
364 609 28 14 en
408 603 170 28 expropriation
595 602 157 21 underkastad
765 602 105 27 fastighet
880 602 44 21 och

167 635 112 28 därjämte
295 637 146 21 förmänsrätt
457 637 95 22 framför
567 637 149 21 innehafvare
728 637 25 20 af
763 637 162 28 nyttjanderätt

167 670 54 21 eller
237 677 78 14 annan
331 671 94 21 därmed
440 671 94 22 likstäld
547 671 113 28 rättighet,
673 671 95 22 hvilken
779 673 25 19 är
815 671 109 28 uppläten

167 704 14 21 ä
203 705 135 26 fastigheten
362 706 72 21 under
456 706 81 27 vilkor,
561 713 50 14 som
632 706 38 21 vid
690 705 196 28 uppskattningen
902 705 25 21 af

167 738 148 27 fastighetens
337 740 69 21 värde
429 741 81 20 verkar
531 740 134 27 minskning
688 740 25 21 af
725 740 135 21 detsamma.
892 739 31 21 På

166 772 38 21 det
217 775 32 19 att
262 774 166 27 panthafvaren
441 781 82 20 genom
534 774 102 28 antydda
647 774 135 27 minskning
793 774 49 21 icke
853 774 69 21 måtte

166 807 130 22 förnärmas
312 808 7 21 i
335 808 35 21 sin
386 810 49 25 rätt,
451 809 87 21 hvilket
553 809 74 21 blefve
643 809 127 21 händelsen
784 815 37 14 om
834 808 28 21 de
875 815 47 14 om-

166 841 161 27 ständigheter,
341 849 50 15 som
404 843 61 21 vålla
477 843 171 27 minskningen,
658 843 39 21 vid
708 842 148 27 fastighetens
867 849 56 20 upp-

166 875 117 28 skattning
301 879 64 24 tagas
381 878 7 20 i
403 878 149 20 betraktande
568 880 115 24 gentemot
698 878 96 25 honom,
810 876 113 22 föreskrif-

165 916 39 14 ves
220 910 7 20 i
245 911 25 20 12
286 912 13 25 $
315 914 32 18 att
361 918 29 14 en
402 912 85 21 dubbel
500 912 167 28 uppskattning
679 912 26 20 af
715 911 135 27 fastigheten
864 911 58 21 skall

165 950 41 20 ega
221 952 59 19 rum,
296 945 21 21 d.
333 952 20 14 v.
371 953 16 14 s.
404 948 31 19 att
450 946 135 27 fastigheten
601 946 56 21 först
669 946 43 21 bör
724 946 108 20 värderas
845 945 77 21 säsom

165 985 38 14 om
219 979 193 28 nyttjanderätten
428 980 49 22 icke
493 981 89 26 funnes,
599 980 87 21 hvilket
698 980 70 21 värde
781 980 70 26 gäller
863 982 60 24 gent-

164 1015 62 19 emot
248 1014 174 27 panthafvaren,
445 1015 44 21 och
508 1015 98 21 därefter
626 1015 86 21 äsättas
728 1014 38 21 det
780 1014 76 26 värde,
872 1020 50 14 som

164 1047 136 28 fastigheten
316 1054 51 21 eger
381 1049 30 21 dä
426 1050 176 26 olägenheterna
618 1050 52 21 utaf
682 1049 45 21 den
740 1049 112 27 upplätna
865 1051 57 24 nytt-

161 1081 145 27 janderätten
329 1083 101 22 beaktas.
462 1080 138 30 OÖfverstiger
624 1084 180 27 panthafvarens
819 1083 103 26 tillgodo-

163 1116 116 22 hafvande
302 1117 61 21 detta
383 1124 79 15 senare
478 1118 76 27 värde,
570 1120 25 18 är
610 1117 289 29 nyttjanderättshafvaren
915 1117 7 20 i

163 1150 56 28 följd
243 1152 26 20 af
287 1152 35 20 sin
339 1153 75 20 sämre
429 1154 44 19 rätt
488 1155 100 24 tvungen
604 1155 32 18 att
652 1153 46 20 täla
715 1159 28 14 en
760 1151 161 22 motsvarande

163 1184 135 28 minskning
314 1186 7 20 i
334 1186 38 21 det
387 1187 87 21 honom
490 1187 137 21 tillbörande
639 1186 231 28 ersättningsbelopp.
887 1186 34 21 Dä

162 1218 38 22 det
222 1226 33 14 nu
278 1221 97 20 anförda
398 1221 50 21 icke
470 1228 68 20 synes
554 1222 51 20 med
622 1222 70 26 nödig
707 1221 112 27 tydlighet
834 1221 88 26 framgä

162 1260 28 13 ur
212 1254 161 27 ordalydelsen
389 1255 7 20 i
411 1255 97 21 berörda
531 1256 111 27 paragraf,
658 1256 45 20 har
718 1256 56 20 sista
788 1254 67 22 delen
870 1254 25 21 af
910 1256 10 19 1

162 1294 71 14 mom.
254 1288 186 22 omformulerats
455 1290 123 21 hvarutom
594 1297 28 14 en
638 1290 91 21 mindre
745 1289 97 27 ändring
859 1289 63 21 verk-

162 1322 65 21 stälts
243 1322 6 20 i
266 1323 81 27 början
364 1324 25 20 af
402 1327 130 18 momentet.

232 1356 9 21 I
263 1358 24 20 15
307 1358 14 26 &
340 1358 118 22 meddelas
480 1358 172 27 bestämningar
674 1358 37 22 för
729 1358 38 21 det
782 1358 46 26 fall,
845 1358 30 20 dä
890 1358 32 20 af-

159 1391 98 26 trädare,
281 1391 6 20 i
311 1391 121 28 uppenbar
453 1392 69 21 afsikt
540 1395 32 18 att
587 1393 70 20 vinna
672 1393 72 26 högre
760 1391 131 27 ersättning,
908 1392 13 21 ä

160 1425 37 20 sin
213 1425 106 27 fastighet
334 1426 92 27 nedlagt
442 1427 105 26 kostnad,
563 1427 84 21 medan
665 1427 25 20 16
698 1421 13 37 $
733 1426 145 21 föreskrifver
889 1428 32 19 att

160 1466 78 15 annan
262 1460 113 21 afträdare
398 1461 54 20 efter
475 1461 81 21 därom
572 1461 73 29 gjordt
660 1461 114 22 förbehäll
790 1462 26 19 är
831 1460 90 22 berätti-
