1025 1656
427 394 245 36 Reservation

524 477 52 21 111.

246 529 164 22 Godkännande
427 529 117 22 utskottets
560 529 80 29 förslag
656 529 80 26 derom,
751 531 32 19 att
798 528 37 22 det
850 528 28 29 pä
889 536 35 14 ve-

173 564 133 23 derbörande
330 565 125 22 kommuner
480 565 111 22 fördelade
615 565 131 28 utskrifning
767 564 156 22 underkastade

174 601 81 21 antalet
276 601 72 21 hästar
370 601 63 22 hvart
454 602 64 28 sjette
540 601 24 22 är
585 601 52 22 eller
655 601 76 25 oftare,
747 608 34 14 om
797 600 76 22 sädant
887 600 37 22 be-

174 637 71 21 finnes
267 636 80 29 nödigt,
369 637 96 22 inställes
484 637 13 21 å
513 637 90 22 anvisad
619 640 33 19 ort
667 637 35 21 för
718 639 32 19 att
764 636 115 29 besigtigas
896 649 27 2 —

173 673 104 28 gifvetvis
299 673 50 21 med
364 673 65 28 nödig
444 681 74 14 reserv
533 673 35 21 för
583 673 110 22 eventuelt
709 673 114 21 kasserade
839 686 27 2 ——
883 673 41 20 kan

174 709 36 28 jag
226 708 96 22 deremot
336 709 49 21 icke
401 709 74 21 förena
491 710 43 27 mig
547 717 35 14 om
592 709 154 28 värderingens
757 708 167 29 framskjutande

174 745 33 20 till
224 744 42 22 den
282 744 108 29 tidpunkt,
406 744 27 22 dä
449 745 27 21 de
493 745 34 21 för
542 745 109 21 aflätande
664 745 33 21 till
710 747 115 26 trupperna
836 744 89 21 afsedda

174 779 102 22 hästarna
291 780 60 21 skola
368 781 109 21 aflemnas.
507 781 42 28 Jag
564 789 63 13 anser
642 784 31 18 att
684 780 140 29 värderingen
835 780 40 21 bör
887 780 38 21 ske

175 816 111 29 samtidigt
301 816 49 22 med
366 816 37 21 det
418 817 76 21 hästen
511 816 117 29 besigtigas
644 817 40 21 och
700 816 131 29 godkännes.
861 816 64 21 Häri-

174 859 79 21 genom
269 859 88 20 vunnes,
373 853 66 28 enligt
455 853 49 21 mitt
520 852 144 27 förmenande,
681 854 68 19 större
765 852 105 22 snabbhet
885 852 40 21 och

175 888 108 28 precision
299 887 37 22 vid
352 888 112 21 hästarnas
481 889 143 28 afleverering
639 888 41 22 och
696 888 155 28 emottagande,
866 889 8 20 i
889 887 37 22 det

175 922 161 22 vederbörande
353 923 38 22 vid
406 924 61 21 detta
483 924 86 22 tillfälle
586 924 76 21 endast
672 923 56 22 hade
739 926 32 19 att
780 924 34 20 för
825 923 100 29 godkänd

175 958 49 22 häst
246 959 94 21 utlemna
362 959 41 22 den
425 960 8 20 i
450 960 12 27 $
480 961 26 20 31
524 960 128 21 omnämnda
667 960 148 28 anvisningen,
830 959 97 22 hvarför-

175 997 60 18 utom
251 995 152 21 militieverket
419 995 96 29 ständigt
530 995 56 22 hade
602 996 56 21 klart
673 996 35 20 för
724 996 38 28 sig,
780 995 73 22 hvilka
868 996 59 21 kost-

174 1030 68 22 nader
265 1030 69 22 denna
358 1030 35 22 del
416 1031 23 21 af
461 1039 25 13 en
509 1031 147 29 mobilisering
673 1031 118 21 medförde.
822 1031 105 22 Vidkom-

175 1065 78 22 mande
269 1066 45 21 åter
329 1074 56 21 resp.
400 1066 125 30 bästegares
540 1068 106 20 intressen
662 1074 63 14 anser
740 1068 35 27 jag
790 1066 48 22 dem
855 1068 18 27 ej
884 1067 43 21 för-

176 1101 90 22 bisedda
281 1109 77 21 genom
374 1110 26 14 en
417 1102 158 29 uppskattning
590 1103 23 21 af
622 1103 87 28 djurens
721 1102 66 22 värde
797 1102 38 22 vid
849 1102 79 29 besigt-

175 1138 164 28 ningstillfället,
360 1146 34 14 om
411 1146 49 14 man
477 1139 107 28 nemligen
599 1139 90 21 beaktar
705 1142 32 18 att
751 1139 70 21 denne
837 1138 92 29 ätnjuter

176 1180 26 14 en
218 1173 54 29 ärlig
286 1174 143 28 godtgörelse,
445 1174 34 22 för
495 1174 88 22 hvilken
598 1174 54 22 hans
665 1174 162 29 motprestanda
838 1175 8 20 i
856 1175 71 28 regeln

175 1208 118 22 inskränka
316 1210 33 28 sig
370 1210 33 21 till
426 1213 32 19 att
480 1210 63 22 hvart
564 1211 63 28 sjette
645 1210 24 22 år
684 1210 84 22 infinna
783 1211 33 28 sig
831 1210 49 22 med
895 1211 33 20 sin

175 1244 49 22 häst
240 1245 13 21 &
268 1245 91 22 anvisad
374 1246 168 28 besigtningsort
558 1249 56 19 samt
628 1246 169 22 eventualiteten
812 1248 32 19 att
858 1246 9 21 i
876 1246 52 21 hän-

176 1280 59 21 delse
258 1280 22 22 af
302 1281 47 29 krig
371 1282 81 28 nödgas
477 1282 57 21 afstä
555 1282 70 22 denna
640 1285 45 18 mot
701 1289 27 14 en
744 1282 123 28 ersättning,
883 1289 45 14 som

175 1316 36 21 väl
227 1316 68 22 oftast
310 1316 76 22 utfölle
402 1317 67 29 högre
485 1319 28 19 än
528 1318 58 22 hvad
601 1318 42 21 han
660 1318 80 21 erhölle
756 1325 35 13 om
804 1317 125 29 försäljning

175 1351 33 21 till
225 1352 84 21 enskild
325 1352 54 29 egde
395 1361 53 13 rum.
471 1354 66 21 Emot
552 1354 116 21 utskottets
685 1353 82 29 förslag
782 1353 72 21 kunde
869 1353 60 21 dess-

176 1390 60 18 utom
258 1388 41 21 den
321 1388 160 29 invändningen
505 1391 69 27 göras,
593 1392 32 18 att
639 1389 72 29 nägon
726 1389 83 28 garanti
824 1389 48 21 icke
887 1389 42 20 fin-

176 1429 38 14 nes
236 1423 35 21 för
292 1426 32 19 att
345 1425 73 27 prisen
441 1425 19 28 ej
479 1425 38 21 vid
533 1428 31 18 ett
579 1424 243 29 mobiliseringstillfälle
838 1424 91 29 oskäligt

248 1464 209 21 Ekonomiutskottets
472 1466 127 19 betänkande
612 1466 38 19 N:o
662 1467 31 18 15.
