1028 1659
300 130 316 29 Petitionsmemorial.

157 195 105 36 Borg.st.
680 200 43 22 N:o
739 198 39 23 49.

608 396 152 26 (Öfversättning).

242 470 50 19 Till
309 470 147 24 Vällofliga
471 470 231 24 Borgareståndet.

163 532 89 20 Emedan
274 534 107 18 ständerna
397 536 52 17 änru
464 533 45 20 icke
525 533 93 24 förelagts
634 533 124 25 proposition
771 538 31 14 om
815 538 37 18 nya

92 562 242 25 jernvägsanläggningar,
345 562 20 19 få
376 562 25 24 vi,
411 562 45 19 med
467 562 46 19 stöd
523 562 22 19 af
553 562 51 19 hvad
615 562 11 19 ä
634 562 119 24 föregående
763 561 89 19 ständer-

95 592 66 18 möten
177 591 61 19 redan
250 591 6 18 i
266 590 69 24 frågan
351 590 65 20 blifvit
431 590 120 24 framstäldt,
562 591 29 19 till
603 591 118 19 ständernas
736 590 117 20 beslutande

95 620 101 19 vördsamt
210 620 114 18 hemställa
317 616 12 32 :

302 678 31 18 att
348 682 26 14 en
397 676 164 26 normalspårig
577 676 93 27 jernväg
690 676 64 20 måtte
775 674 79 28 byggas

228 704 58 27 från
306 703 105 29 Uleåborg
420 711 76 21 genom
509 704 63 20 Kemi
582 704 50 21 stad
642 704 35 21 till
690 704 87 21 Torneå
787 703 67 27 enligt

232 732 119 28 uppgjordt
362 732 192 28 kostnadsförslag
565 732 38 21 och
615 733 7 20 i
628 733 130 27 föreslagen
770 732 84 20 sträck-

230 768 63 20 ning;

302 792 31 19 att
361 790 48 21 med
431 790 58 21 detta
505 790 71 21 arbete
591 790 64 20 måtte
670 790 99 27 vidtagas
786 789 70 21 under

233 818 72 28 loppet
321 819 31 28 af
364 821 63 19 nästa
443 820 37 25 år;
499 821 56 19 samt

302 850 32 19 alt
341 848 43 28 för
399 848 72 21 denna
477 848 207 28 jernvägsbyggnad
694 848 83 26 nödiga
787 846 69 22 medel

234 876 64 22 måtte
324 876 135 22 utanordnas
485 877 35 21 till
545 877 142 27 användning
705 876 69 21 under
791 877 64 19 nästa

228 905 160 27 finansperiod.

164 969 125 24 Helsingfors
305 970 37 19 den
359 970 12 19 8
386 970 97 19 Februari
500 968 61 21 1897.

165 1036 47 24 Otto
228 1036 107 24 Stenroth.
591 1037 13 22 I.
620 1037 38 22 Ax.
675 1036 110 23 Levonius.

164 1076 15 23 J.
196 1078 21 21 L.
234 1077 89 23 Pentzin.
599 1077 60 22 Konr.
676 1076 109 23 Relander.

164 1117 21 22 V.
203 1116 95 29 Löfgren.
616 1117 15 22 J.
649 1117 19 22 F.
685 1116 101 23 Kerttula.

233 1430 115 40 Helsingfors
354 1434 66 28 1897.
435 1430 112 41 Helsingfors
555 1434 165 32 ”Central-tryckeri.
