1034 1659
307 105 28 23 U.
351 105 28 22 B.
395 118 27 2 —
437 105 73 27 Prop.
527 104 42 23 N:o
585 105 35 22 26.
788 105 26 21 51

347 303 238 29 Reservationer

456 369 17 21 1.

155 438 33 21 Dä
205 438 21 21 vi
246 438 19 27 ej
285 438 83 21 kunnat
388 438 90 22 omfatta
498 438 146 27 majoritetens
659 438 7 21 i
681 438 106 21 utskottet
802 438 42 20 för-

84 472 52 27 slag,
153 472 70 22 sävidt
237 473 36 21 det
285 474 35 20 rör
330 472 70 22 beslut
410 479 33 15 om
456 473 112 27 byggande
579 472 23 22 af
612 479 25 15 en
656 472 96 27 Kuopio—
758 468 86 36 Iisalmi

82 507 95 27 jernväg,
194 507 22 21 fä
231 508 20 20 vi
265 507 88 21 härmed
364 507 114 21 framhälla
488 508 39 20 vär
539 508 5 20 i
556 508 89 20 ärendet
656 506 113 22 afvikande
782 507 61 26 äsigt.

152 541 74 22 Säsom
243 542 23 21 af
279 542 117 20 utskottets
411 542 138 21 betänkande
565 542 48 20 med
629 541 38 21 full
684 542 84 20 klarhet
783 541 61 21 torde

84 575 88 27 framgå,
189 582 51 20 eger
257 576 68 21 starkt
340 576 104 21 samband
457 582 47 15 rum
517 576 91 21 emellan
619 576 84 26 Kajana
713 576 77 21 härads
804 576 39 20 och

83 616 64 15 norra
166 610 74 22 delens
259 610 23 21 af
299 610 84 27 Kuopio
403 610 35 21 län
458 610 115 22 förseende
588 610 49 22 med
650 610 121 27 jernvägar.
802 610 40 21 Till

84 645 91 21 nämnda
201 644 68 22 härad
291 644 41 22 kan
355 645 108 27 nämligen
484 645 91 27 jernväg
598 645 59 21 ledas
680 645 81 21 medels
784 644 59 21 såväl

83 678 105 22 Karelska
211 685 46 15 som
277 679 103 21 Savolaks
403 679 81 21 banans
508 679 137 27 förlängning
668 681 44 19 mot
732 685 50 15 norr
804 679 39 21 och

83 713 102 21 nordvest
199 713 33 21 till
247 713 98 27 förening
359 714 47 21 med
418 713 122 27 Uleåborgs
551 714 96 26 jernväg.
669 714 83 21 Härvid
763 713 79 27 kunna,

84 747 69 21 såsom
172 748 7 20 i
195 747 144 22 betänkandet
354 748 75 27 riktigt
444 747 133 28 framhålles,
593 748 51 21 flere
659 748 183 21 bankombinatio-

83 788 38 14 ner
135 781 86 22 komma
237 782 8 21 i
263 782 67 26 fråga.
361 782 43 22 För
423 789 25 15 en
468 782 153 28 planläggning
639 782 23 22 af
678 782 63 22 dessa
757 783 85 25 jernvä-

82 822 39 21 gar
135 816 115 28 föreligger
265 816 120 22 emellertid
400 818 57 20 ännu
473 817 48 22 icke
537 817 139 22 närmelsevis
690 818 41 20 den
745 816 98 22 fullstän-

84 851 49 26 diga
152 851 113 27 utredning
288 852 6 20 i
317 852 135 21 ekonomiskt
474 852 40 22 och
536 852 95 21 tekniskt
651 852 127 26 hänseende,
797 858 45 15 som

84 885 77 21 sakens
180 886 45 26 vigt
243 886 82 22 kräfde.
356 886 40 22 Vid
412 886 77 22 sådant
504 886 135 22 förhållande
654 893 62 21 synes
732 893 35 15 oss
783 886 60 21 klok-

84 919 61 21 heten
163 920 64 27 bjuda
243 922 31 20 att
289 921 67 27 några
368 920 124 22 förhastade
504 921 70 21 beslut
588 928 29 14 nu
628 921 47 21 icke
687 921 72 26 fattas,
772 920 71 22 hvilka

82 954 99 27 möjligen
203 954 114 22 framdeles
342 962 45 15 mer
409 956 52 21 eller
481 956 83 21 mindre
583 955 137 22 förhindrade
737 956 105 20 banornas

83 988 134 27 lämpligaste
232 990 125 26 anordning.

151 1023 10 21 I
183 1023 68 22 likhet
273 1024 48 21 med
343 1024 69 27 öfriga
436 1025 139 21 medlemmar
598 1025 7 21 i
627 1025 105 21 utskottet
754 1036 30 3 —
803 1024 39 21 och

83 1063 45 16 som
151 1058 21 20 vi
193 1058 98 22 förmoda
311 1059 64 21 också
398 1059 123 21 Ständerna
539 1071 26 3 —
586 1061 53 25 göra
659 1059 20 21 vi
698 1065 35 15 oss
752 1059 47 21 icke
819 1059 24 21 så

82 1092 61 26 ringa
165 1092 167 28 förhoppningar
354 1093 27 27 på
403 1093 41 21 den
464 1100 28 14 nu
512 1094 33 21 till
564 1094 113 20 utförande
695 1093 147 27 föreliggande

83 1125 222 28 Uleåborg—Torneå
321 1128 75 26 banan,
412 1128 69 21 under
496 1128 154 27 förutsättning
664 1130 32 19 att
712 1128 41 21 den
769 1128 74 21 vinner

83 1160 131 28 anknytning
235 1161 35 21 vid
289 1162 36 20 det
345 1162 90 22 svenska
451 1162 170 27 jernvägsnätet.
651 1162 42 21 För
712 1162 41 22 den
772 1161 70 27 trafik,

83 1201 45 15 som
147 1195 46 21 från
214 1196 109 22 mellersta
342 1197 39 21 och
400 1203 64 15 norra
483 1197 92 21 Finland
595 1197 58 21 öfver
672 1197 84 21 landets
771 1199 72 19 vestra

83 1231 64 25 gräns
163 1230 56 21 skall
234 1231 52 21 söka
301 1231 32 27 sig
349 1233 30 24 ut,
395 1231 66 21 borde
477 1232 27 20 de
520 1231 47 21 från
583 1232 63 21 söder
662 1233 43 19 mot
720 1238 49 14 norr
780 1231 64 21 sträf-

83 1264 68 21 vande
172 1264 109 22 mellersta
301 1266 38 20 och
355 1267 59 20 östra
429 1266 152 21 stambanorna
596 1266 7 21 i
619 1266 73 21 landet
709 1278 28 3 —
752 1266 90 21 likasom

83 1298 64 21 också
163 1298 41 21 den
218 1302 78 24 vestra,
307 1299 199 27 Uleåborgsbanan,
520 1302 39 24 gör
571 1300 36 21 det
619 1312 26 3 —
656 1300 86 21 komma
753 1300 7 21 i
773 1300 70 21 direk-

82 1334 44 19 tast
139 1332 88 27 möjliga
239 1333 135 27 förbindning
386 1334 47 21 med
446 1334 224 27 Uleäborg—Torneä
680 1334 97 27 jernväg.
792 1334 51 21 Men

82 1368 27 19 än
126 1372 50 20 mer,
190 1373 26 15 en
229 1367 19 27 ej
261 1368 24 20 sä
296 1368 89 22 alldeles
398 1368 110 28 obetydlig
519 1368 156 22 transitotrafik
687 1369 79 21 mellan
778 1368 66 27 Ryss-

82 1400 51 22 land
149 1400 12 22 &
177 1407 40 15 ena
233 1402 60 21 sidan
309 1404 56 19 samt
375 1402 71 28 Norge
458 1402 40 22 och
511 1402 88 27 Sverige
610 1402 13 22 ä
635 1403 39 21 den
687 1404 67 20 andra
766 1408 76 21 genom

152 1450 181 24 Jernvägsutskottets
346 1453 110 18 betänkande
468 1453 39 18 N:o
519 1454 15 17 1.
