1036 1656
179 149 12 20 2
398 149 29 23 U.
440 149 27 23 B.
483 163 27 3 —
525 150 75 28 Prop.
616 149 46 24 N:o
677 149 35 22 27.

378 490 29 22 A.
444 489 292 30 Passageraretrafiken.

249 558 50 23 För
321 559 139 23 utredande
480 559 25 22 af
523 559 49 22 den
590 559 53 22 risk
661 559 160 22 beträffande
840 559 94 22 inkom-

181 595 85 20 sterna
290 593 39 22 för
346 593 277 30 passageraretrafiken
642 593 43 23 vid
703 593 83 22 finska
805 593 128 29 statsjern-

181 628 121 28 vägarne,
322 634 53 16 som
393 628 143 22 införandet
555 628 26 22 af
599 628 42 22 det
657 635 51 22 nya
721 628 213 29 trafikreglemen-

181 664 35 20 tet
240 662 26 22 af
290 662 48 22 den
357 663 31 21 21
408 663 100 29 januari
529 663 66 22 1897
615 663 114 25 innebär,
749 662 47 22 har
813 663 65 29 lagts
897 662 37 22 till

181 696 83 29 grund
282 696 259 30 järnvägsstyrelsens
561 699 100 20 senaste
680 697 183 26 ärsberättelse,
881 703 53 15 som

182 732 27 20 är
233 731 40 22 för
298 731 27 22 är
348 732 75 22 1895.
461 732 33 22 Af
512 732 83 22 denna
614 732 134 22 berättelse
767 731 112 29 framgär
898 732 35 21 att

182 765 94 22 antalet
300 772 173 22 passagerare,
494 773 52 15 som
566 766 28 22 är
618 766 66 22 1895
703 766 129 29 begagnat
850 766 39 28 sig
909 765 25 22 af

180 800 172 29 jernvägarna
379 800 7 22 i
414 800 106 22 Finland
549 800 83 22 säsom
651 800 281 29 fortskaffningsmedel,

181 834 66 22 varit
267 834 148 27 3,022,209,
440 835 91 22 hvaraf
548 835 8 21 i
575 835 12 21 I
605 835 69 22 klass
689 834 103 27 19,282,
806 834 8 22 i
827 834 25 22 II
865 834 69 22 klass

181 868 123 27 389,098,
329 869 7 21 i
355 869 39 22 III
412 869 68 22 klass
500 869 148 27 2,568,192,
663 871 104 26 trupper
780 868 95 27 39,936
889 868 45 22 och

181 902 92 29 fängar
292 903 85 27 5,701,
397 904 86 22 hvilka
501 904 76 28 jämte
597 904 48 22 den
664 904 82 28 öfriga
758 909 176 23 passagerare-

181 937 117 27 trafiken,
318 938 83 22 säsom
419 938 236 29 bagageöfvervigt,
675 939 71 21 extra
764 938 44 28 täg
826 937 45 22 och
890 937 44 22 lik-

181 973 164 27 transporter,
364 972 94 22 lemnat
482 979 31 15 en
531 972 110 22 inkomst
660 972 25 22 af
703 972 140 26 6,069,759
863 972 71 21 mark

182 1006 32 22 27
234 1006 84 28 penni.
355 1006 38 22 Dä
418 1007 35 21 uti
478 1007 82 22 denna
579 1007 110 21 inkomst
706 1006 74 29 ingär
798 1006 137 22 lokaltrafi-

181 1040 50 22 ken
256 1041 67 22 inom
352 1040 37 22 S:t
416 1041 201 29 Petersburgska
641 1042 215 28 guvernementet,
879 1046 57 16 men

181 1075 86 28 nägon
286 1075 161 29 nedsättning
460 1076 7 21 i
480 1076 304 28 passagerareafgifterna
800 1075 40 22 för
852 1074 83 22 denna

181 1109 77 22 trafik
276 1110 54 21 icke
348 1110 195 28 ifrägakommer
562 1110 44 22 vid
624 1110 144 22 införandet
787 1109 25 22 af
830 1109 42 22 det
884 1115 51 22 nya

181 1144 171 28 reglementet,
371 1144 47 22 har
437 1144 82 22 denna
538 1144 77 22 trafik
633 1144 36 22 till
688 1144 62 22 först
769 1143 165 23 bortelimine-

181 1179 59 27 rats,
259 1178 141 29 utgörande
419 1178 88 29 (enligt
525 1178 126 22 särskilda
669 1177 177 30 uträkningar)
858 1177 77 26 8,638

180 1219 168 22 passagerare
376 1213 45 22 och
450 1213 76 26 9,572
554 1213 72 22 mark
651 1213 33 22 36
706 1213 77 28 penni
801 1213 8 21 i
828 1213 11 21 I
858 1212 76 25 klass,

183 1247 113 26 131,410
320 1253 166 23 passagerare
511 1247 45 22 och
584 1247 110 26 121,132
718 1247 71 22 mark
808 1247 33 22 97
860 1245 76 29 penni

180 1281 9 22 i
213 1281 26 22 II
264 1281 68 22 klass
358 1283 64 20 samt
440 1281 113 27 978,104
571 1288 167 23 passagerare
758 1281 45 22 och
822 1280 113 26 527,802

181 1315 72 22 mark
272 1315 33 22 58
324 1316 76 27 penni
419 1316 8 21 i
446 1316 38 22 TII
503 1316 76 22 klass.
613 1315 148 23 Sedermera
779 1315 47 22 har
845 1314 91 23 beträf-

181 1349 77 22 fande
282 1350 277 29 passageraretrafiken
583 1350 67 22 inom
671 1349 107 23 Finland
796 1349 140 22 utarbetats

181 1384 113 28 följande
318 1384 76 27 tablä,
420 1385 46 22 där
491 1385 93 22 antalet
602 1390 167 23 passagerare
787 1383 57 23 med
863 1383 74 22 enkla

182 1419 64 21 samt
265 1420 49 20 tur-
329 1419 46 22 och
388 1419 179 28 returbiljetter
580 1420 152 27 grupperats
745 1419 8 21 i
766 1425 83 19 zoner,
864 1417 73 22 hvar-

182 1452 63 23 efter
269 1453 274 29 passagerareafgiften
566 1453 40 22 för
624 1453 74 22 dessa
716 1458 167 24 passagerare
901 1452 36 21 ut-
