1025 1659
306 134 29 23 U.
350 134 29 22 B.
396 146 26 3 —
438 133 75 28 Prop.
551 138 23 17 N:o
590 132 35 22 31.
840 134 12 22 7

60 192 828 12 N
480 173 185 35 re
721 173 171 35 nn

279 260 5 6 E
622 235 51 34 1897.
747 238 114 19 1898—1900

574 313 4 23 |
609 309 45 18 Fmk
695 308 23 23 |pi|
765 307 45 19 Fmk
856 306 23 23 |pi

468 374 95 23 Transport

105 405 39 18 stad
162 405 6 17 i
185 404 33 18 och
235 404 28 18 för
274 404 127 17 hamnarbeten
413 404 29 17 vid
454 403 109 23 Mäntyluoto

106 434 68 22 nädigst
191 433 112 17 tillförsäkrat
321 438 21 12 ur
357 432 88 18 allmänna
463 432 59 18 medel
539 433 26 17 ett

107 463 60 22 bidrag
178 462 38 18 af
211 458 13 31 .
241 476 4 3 .
271 476 3 3 .

84 503 34 18 För
137 503 90 23 byggande
240 502 19 18 af
271 508 21 12 en
306 502 62 18 bibana
380 502 27 17 till
418 502 89 17 Ruskeala
521 507 44 12 mar-

107 532 86 18 morbrott
205 531 6 17 i
222 530 88 18 Ruskeala
319 531 64 17 socken
390 531 29 17 är
411 526 8 31 i
426 530 55 18 nåder
487 530 80 22 anslaget

84 572 33 18 Till
128 572 118 18 förbättrande
259 572 18 18 af
289 572 34 18 den
332 572 93 18 obesuttna
434 572 133 23 befolkningens

110 602 111 17 ekonomiska
239 602 34 17 och
291 601 64 18 sociala
370 601 87 23 ställning,
471 601 54 23 enligt
537 601 30 17 nå-

109 630 40 23 diga
161 630 116 22 kungörelsen
289 630 33 18 den
335 630 23 18 26
370 630 35 23 Maj
420 630 44 18 18v6
478 643 4 4 .

86 670 59 23 Enligt
154 670 86 23 uppgjord
247 670 108 24 förteckning
365 671 59 22 uppgå
432 670 96 23 utgifterna
536 676 33 12 un-

111 700 31 16 der
148 699 41 17 åren
198 699 113 18 1897—1900
318 700 27 16 för
351 700 65 17 sådana
423 699 146 23 allmännabygg-

112 728 58 23 nader,
176 728 27 18 för
209 728 60 17 hvilka
275 728 116 18 kostnaderna
398 728 42 22 utgå
446 728 44 18 eller
495 728 75 22 förskju-

112 758 27 16 tas
151 756 19 18 af
178 756 114 22 statsfonden,
299 756 26 18 till
333 756 129 24 sammanlagdt
470 757 101 22 förslagsvis

113 785 91 24 7,757,968
215 785 30 17 mk
258 786 22 17 60
288 791 22 17 p,;
317 786 32 17 och
356 790 38 13 som
401 786 5 17 i
413 786 158 22 budgetberäknin-

113 820 55 16 garna
186 814 102 18 observeras
305 814 28 18 för
351 814 48 18 detta
416 815 82 17 ändamål
510 815 62 17 endast

116 843 89 23 1,000,000
217 843 30 17 mk
259 843 71 23 årligen,
339 844 86 22 upptages
434 843 91 18 skilnaden
531 844 41 16 med

92 877 34 18 För
138 877 111 17 anskaffande
258 878 18 16 af
285 878 25 17 ett
319 878 55 17 andra
384 878 189 22 isbrytare-ångfartyg

596 838 92 24 1,057,968

614 872 75 24 400,000

104 920 6 8 »
192 920 7 7 >
257 920 8 8 >
288 920 7 8 »
319 912 89 22 fyrfartyg
425 912 27 18 till
464 912 110 18 Storbrotten

344 941 6 17 i
363 941 51 17 södra
426 941 82 21 Qvarken

106 983 6 8 ,
193 983 6 8 >
258 983 7 8 »
277 976 26 17 tre
315 976 42 17 lots-
370 976 32 17 och
415 976 161 22 räddningskuttrar

105 1017 7 8 »
136 1010 97 17 inrättande
243 1010 18 17 af
267 1010 53 22 högre
326 1010 96 18 folkskolor
428 1010 32 18 och
467 1010 109 23 uppförande

117 1039 18 17 af
153 1044 44 17 egna
215 1039 100 22 byggnader
332 1039 28 17 för
375 1039 91 17 desamma
478 1039 6 17 i
496 1040 21 16 de
529 1039 47 17 fatti-

117 1068 49 22 gaste
181 1067 32 18 och
225 1067 66 23 glesast
302 1068 92 18 befolkade
406 1068 72 18 delarna
490 1068 18 18 af
519 1068 59 18 landet

128 1177 30 22 Af
166 1177 20 17 de
198 1177 101 17 beräknade
311 1176 125 23 tillgångarne
448 1176 32 18 bör
492 1176 62 18 vidare

279 1223 101 11 reserveras
386 1224 6 10 :

97 1270 35 18 Det
158 1270 89 18 oanvända
273 1270 81 22 beloppet
380 1270 18 16 af
418 1269 86 22 beviljadt
522 1268 60 22 anslag

121 1299 74 23 120,000
207 1299 30 17 mk
248 1299 28 17 för
287 1298 103 23 utgifvande
403 1298 19 17 af
434 1298 29 17 lån
476 1298 18 17 åt
506 1297 76 18 enskilda

121 1333 83 17 personer
213 1327 44 18 eller
264 1327 51 23 bolag
323 1328 28 16 för
359 1327 110 22 uppförande
476 1326 18 18 af
500 1326 82 22 bonings-

122 1356 32 18 och
169 1356 55 18 uthus
237 1356 43 18 eller
293 1356 79 22 magasin
383 1356 5 16 i
401 1355 78 17 Nurmes
492 1355 63 22 köping

99 1386 34 17 För
144 1385 94 17 utförande
251 1384 18 18 af
281 1390 22 12 en
315 1384 169 22 lokomotivjernväg
496 1384 40 17 från
542 1383 42 17 Koi-

123 1414 44 17 visto
186 1413 148 23 jernvägsstation
352 1413 10 17 &
380 1407 204 23 Åbo—Tammerfors
575 1403 13 37 —

492 1458 94 22 Transport
609 1458 92 23 |3,425,199

153 1488 140 18 Statsutskottets
305 1487 113 17 betänkande
427 1489 37 15 N:o
472 1488 28 16 15.

750 375 91 25 4,876,500

768 456 75 24 560,000
851 452 9 34 I
861 465 22 3 —

759 836 91 24 2,700,000
860 824 8 41 |
868 845 22 3 —

708 881 21 2 —|
776 870 114 24 —900,000|—

779 934 73 24 120,000
862 921 8 42 |
870 943 23 3 —

792 1060 63 24 30,000
863 1048 11 41 |
874 1069 21 3 —

720 1458 22 17 53]
771 1456 92 24 9,186,500
873 1443 8 42 |
882 1465 20 3 —
