1034 1661
211 115 28 22 70
418 115 26 22 U.
460 115 28 22 B.
504 127 28 4 —
548 115 71 28 Prop.
635 115 41 22 N:o
692 115 36 21 26.

182 173 33 22 till
237 173 77 26 Hangö
337 173 69 21 banan
428 173 36 22 vid
486 173 73 27 Karis,
581 173 47 22 icke
650 173 35 21 vid
709 172 108 22 Gerknäs.
848 173 28 21 Vi
895 179 50 15 anse

181 209 34 20 att
239 208 38 21 det
301 207 143 28 hufvudsyfte,
468 208 73 21 hvilka
563 208 68 27 enligt
652 207 122 22 utskottets
796 207 57 21 äsikt
878 207 67 22 borde

181 241 98 28 betjenas
307 241 23 22 af
358 242 41 21 den
427 243 123 26 föreslagna
575 241 268 28 Helsingfors—Gerknäs
868 242 76 26 banan,

181 276 108 26 nämligen
305 276 40 22 den
360 277 161 26 genomgående
536 276 91 22 trafiken
643 276 47 21 från
704 275 138 27 Helsingfors
853 276 33 21 till
898 271 47 26 Åbo

182 310 40 22 och
237 310 83 27 Hangö,
336 310 70 22 bättre
422 311 69 21 skulle
506 311 126 27 tillgodoses
648 316 78 21 genom
738 316 26 15 en
776 310 56 22 bana
842 310 100 27 Helsing-

182 344 70 22 fors—
261 340 70 37 Karis.

251 379 11 21 I
281 379 61 21 detta
360 379 101 22 afseende
481 380 104 21 behöfver
600 380 55 20 blott
670 381 98 24 nämnas,
784 380 33 20 att
832 379 64 21 Karis
911 379 33 21 sä-

182 419 46 15 som
239 413 111 27 ändpunkt
361 413 88 22 framom
460 413 100 22 Gerknäs
571 413 69 22 skulle
651 413 71 22 lemna
734 413 42 22 den
784 413 159 27 genomgäende

183 447 98 27 trafiken,
297 448 68 27 enligt
379 449 41 20 den
436 448 125 27 beräkning,
573 454 46 15 som
630 448 23 21 af
662 448 107 21 utskottet
779 447 60 27 följts
850 447 35 22 vid
896 448 47 21 dess

179 482 126 27 jämförelse
319 483 79 21 mellan
408 483 113 22 Nummela
532 483 39 21 och
583 482 103 27 Gerknäs,
698 489 28 14 en
738 482 84 21 lättnad
834 482 24 21 af
868 483 76 25 15,000

181 517 61 21 mark
258 523 34 14 om
307 516 54 22 äret.
383 517 65 22 Detta
462 517 34 22 för
511 517 40 22 den
567 517 71 26 trafik,
654 523 46 15 som
716 523 29 14 nu
756 516 114 22 beräknas.
895 517 48 21 Men

181 550 227 22 trafikförhällandena
431 552 5 20 i
456 551 135 27 Helsingfors
611 553 37 19 äro
668 551 79 21 stadda
766 551 6 20 i
792 556 26 16 en
837 551 24 21 sä
877 550 66 22 snabb

181 585 130 27 utveckling,
329 587 32 19 att
380 592 25 14 en
424 586 121 27 betydande
565 585 79 27 ökning
662 585 67 22 redan
749 585 6 21 i
775 585 42 21 den
835 587 107 19 närmaste

181 618 115 22 framtiden
318 619 69 21 mäste
405 622 99 19 emotses.
536 620 43 21 Det
597 622 24 19 är
640 620 73 21 därför
734 620 39 21 allt
792 620 46 21 skäl
858 622 32 19 att
907 620 35 21 vid

182 653 160 27 handläggning
365 654 23 21 af
405 654 163 27 ifrägavarande
588 654 186 27 järnvägsärende
793 654 150 26 hufvudsaklig

181 687 83 27 hänsyn
282 690 62 25 tages
362 688 32 22 till
414 689 41 21 den
475 691 60 19 stora
549 688 40 22 och
603 688 162 28 genomgäende
780 688 99 26 trafiken,
895 695 48 15 men

181 722 46 21 icke
242 722 33 21 till
291 722 55 22 hvad
361 723 41 21 den
418 723 69 21 lokala
502 722 91 22 trafiken
609 724 38 21 och
663 723 119 22 tillförseln
798 723 23 21 af
835 723 108 21 lifsförnö-

181 756 104 22 denheter
301 757 41 21 kan
361 757 80 22 kräfva.

250 791 10 21 I
279 792 133 21 sistnämnda
431 792 100 22 afseende
550 792 46 22 åter
611 792 39 22 har
666 799 26 15 en
709 792 57 21 bana
780 792 48 21 från
843 792 100 27 Helsing-

181 824 45 22 fors
241 826 33 21 till
289 826 113 21 Nummela
417 826 38 21 sitt
470 827 149 26 berättigande
636 827 38 21 och
691 827 33 20 sin
740 827 84 26 uppgift
840 829 32 19 att
883 826 57 28 fylla,

181 865 48 16 men
245 860 70 21 denna
329 860 56 21 bana
396 861 41 20 kan
452 861 68 26 enligt
534 861 38 21 vår
587 861 56 21 åsikt
658 861 72 26 aldrig
746 861 110 21 betraktas
872 861 69 21 såsom

181 899 26 16 en
222 893 139 28 fortsättning
380 895 22 21 af
419 889 142 28 Åbo—Karis
577 895 75 26 banan,
672 901 34 16 om
723 895 87 22 hvilken
826 895 66 22 banas
907 899 33 18 ut-

181 928 110 27 dragande
303 929 32 21 till
347 929 135 28 Helsingfors
495 937 28 14 nu
535 932 24 19 är
571 930 66 27 fråga.
661 927 281 30 Helsingfors—Nummela

181 963 70 21 banan
267 965 24 19 är
307 963 88 22 fastmer
410 970 27 15 en
452 964 51 21 länk
518 965 6 20 i
537 971 25 14 en
574 965 44 21 helt
629 970 69 15 annan
709 964 234 27 jernvägssträckning,

181 996 95 27 hvilken,
287 997 107 27 utgående
402 998 47 21 från
458 999 143 26 Helsingfors,
610 999 54 21 skall
672 1001 105 24 utmynna
785 999 36 20 vid
831 998 113 27 Loimijoki

181 1031 54 22 eller
250 1032 70 26 någon
336 1038 70 16 annan
422 1033 68 26 punkt
502 1033 13 21 å
530 1027 47 27 Åbo
589 1033 69 21 banan
669 1033 41 21 och
722 1033 113 21 fortsättas
846 1033 95 21 därifrån

180 1065 33 22 till
229 1066 139 27 Björneborg.
392 1067 74 27 Enligt
481 1067 38 22 vår
534 1067 57 22 åsikt
606 1067 79 28 bygges
702 1067 72 22 denna
789 1067 56 21 bana
860 1067 83 27 lämpli-

183 1102 48 24 gast
250 1100 70 21 såsom
341 1101 133 27 smalspårig.
504 1103 39 20 Att
562 1108 26 15 en
608 1102 66 20 sådan
693 1101 116 21 Nummela
828 1101 55 21 bana
899 1101 46 21 icke

181 1134 55 21 skall
252 1134 44 22 låta
311 1134 63 28 länge
389 1137 63 20 vänta
468 1136 27 27 på
511 1136 39 26 sig,
561 1142 34 15 om
607 1136 122 21 kustbanan
741 1135 78 27 drages
830 1135 33 21 till
874 1135 70 26 Karis,

181 1170 25 19 är
221 1168 166 28 otvifvelaktigt,
402 1176 48 15 men
467 1176 34 16 om
517 1170 42 22 den
575 1170 77 27 drages
667 1170 33 21 till
718 1169 107 27 Gerknäs,
840 1170 104 26 föreligga

181 1202 19 27 ej
220 1203 73 21 vidare
313 1209 80 16 samma
408 1204 185 27 förutsättningar,
610 1205 27 21 då
652 1204 100 22 Gerknäs
770 1204 70 21 banan
858 1204 65 21 redan
939 1204 5 21 i

180 1236 70 28 någon
266 1237 49 21 mån
331 1238 125 27 tillgodoser
472 1239 115 22 Nummela
601 1239 129 21 intressena.

249 1271 127 22 Emellertid
391 1272 43 22 kan
449 1279 49 15 man
514 1273 47 21 icke
578 1272 71 22 frånse
660 1273 42 21 den
715 1272 24 22 af
749 1272 136 27 Helsingfors
897 1272 48 22 stad

180 1304 34 22 för
232 1312 26 14 en
278 1306 55 21 bana
347 1306 33 22 till
396 1306 99 22 Gerknäs
510 1307 106 27 beviljade
631 1307 171 27 räntegarantin,
818 1307 40 21 och
874 1310 33 18 tro
923 1307 21 21 vi

180 1345 36 15 oss
235 1339 48 22 icke
301 1340 73 22 kunna
392 1341 108 27 tillstyrka
519 1342 81 21 banans
619 1342 111 26 dragande
746 1341 34 21 till
796 1342 64 20 Karis
876 1341 68 21 under

180 1380 69 15 annan
267 1374 160 29 förutsättning,
446 1378 28 19 än
493 1377 32 20 att
543 1376 136 26 Helsingfors
698 1376 51 21 stad
765 1375 64 22 äfven
845 1376 6 20 i
868 1376 76 21 sådant

180 1408 37 21 fall
237 1408 70 23 skulle
325 1409 73 22 ikläda
416 1410 33 27 sig
468 1410 112 21 enahanda
599 1410 92 27 garanti.
724 1409 47 22 Och
786 1409 28 22 då
830 1409 114 27 utredning

248 1459 181 23 Jernvägsutskottets
441 1461 112 18 betänkande
565 1461 38 18 N:o
616 1461 14 17 1.
