1034 1656
320 108 23 23 U.
360 109 21 21 B.
398 122 28 3 —
443 109 60 28 Prop.
520 109 36 22 N:o
572 109 36 22 33.
827 111 12 19 5

88 181 118 27 dighetens
223 181 73 27 utslag
312 181 7 22 i
336 181 65 22 dessa
420 180 40 23 fall
477 181 23 21 fä
516 181 90 22 anföras
622 181 106 28 antingen
744 181 39 21 hos
799 181 41 21 den

88 217 100 27 domstol,
206 216 35 22 för
256 217 40 21 och
311 217 68 21 bland
395 217 66 22 hvars
478 216 116 23 sakförare
611 217 194 26 disciplinärrädet
815 219 26 19 är

88 252 106 28 anstäldt,
214 252 56 22 eller
291 253 40 22 hos
347 253 111 22 områdets
477 253 247 26 appellationsdomstol.
755 253 11 21 I
782 253 60 21 vissa

88 288 79 22 länder
189 288 87 22 utöfvas
295 288 42 22 den
354 289 144 26 disciplinära
513 289 159 27 myndigheten
689 288 63 23 öfver
768 287 73 23 sakfö-

88 330 80 16 rarene
187 323 25 22 af
231 324 42 22 den
292 324 99 28 domstol,
411 325 38 21 vid
465 325 92 21 hvilken
574 325 27 22 de
617 324 67 23 hafva
700 324 141 27 anställning.

160 360 172 27 Verkningarna
353 360 25 21 af
397 361 58 22 hvad
474 361 92 21 sälunda
588 361 8 21 i
618 361 70 21 andra
704 360 77 22 länder
796 360 44 21 till-

89 396 69 27 gjorts
179 395 35 22 för
236 395 235 23 sakförareväsendets
491 397 112 21 ordnande
622 396 68 23 hafva
710 397 58 22 visat
784 396 57 27 sig
829 391 15 36 i

89 432 38 21 det
142 432 108 27 ostridiga
266 432 195 25 sakförhällandet,
477 434 34 20 att
527 433 187 21 advokatständet
727 432 114 22 betraktas

89 468 72 21 säsom
183 474 27 15 en
232 468 122 27 oumbärlig
375 468 74 22 faktor
470 468 7 21 i
499 468 39 22 det
558 469 105 27 rättsliga
682 468 71 27 lifvet,
770 468 71 22 säsom

89 511 27 14 en
137 504 35 21 för
193 504 116 22 samhället
328 504 117 28 högeligen
465 504 119 27 förmånlig
600 505 132 27 institution,
750 504 38 22 och
805 505 36 20 be-

89 540 55 22 kant
166 542 25 20 är
212 540 38 22 det
271 541 111 20 allmänna
402 540 111 22 anseende
534 541 40 20 och
596 540 42 22 den
660 540 80 22 aktade
762 540 80 21 sociala

90 576 108 27 ställning
226 576 186 22 advokatståndet
435 583 60 20 eger,
513 577 109 21 särskildt
644 577 8 21 i
676 576 102 27 England
801 576 40 21 och

89 612 133 22 Frankrike.

160 649 12 21 I
193 651 91 20 motsats
304 649 78 21 härtill
401 649 88 27 intager
509 648 225 22 sakförareväsendet
750 648 39 22 hos
805 654 36 16 oss

90 691 26 15 en
132 684 52 28 föga
200 685 208 21 tillfredsställande
428 685 143 27 ståndpunkt.
605 685 43 21 Vid
671 685 170 21 underrätterna

89 720 88 23 utöfvas
194 720 258 23 sakförareverksamhet
468 721 25 21 så
512 721 53 27 godt
584 727 45 15 som
645 720 142 22 uteslutande
802 720 40 22 och

89 756 37 22 vid
143 756 164 22 öfverrätterna
328 757 7 21 i
355 760 46 18 stor
419 757 157 27 utsträckning
596 756 24 22 af
636 763 113 21 personer,
766 756 76 22 hvilka

90 792 70 22 sakna
172 792 111 28 juridiska
299 792 94 28 insigter
404 793 39 21 och
461 792 102 22 stundom
576 793 84 27 jemväl
671 794 38 20 äro
720 792 25 22 af
753 791 88 23 tvifvel-

89 828 63 28 aktig
167 828 106 22 moralisk
289 828 112 22 karaktär.
433 828 40 22 Om
489 828 68 22 också
573 828 61 22 detta
650 828 129 27 betänkliga
798 827 43 21 för-

89 864 103 22 hållande
212 864 36 22 till
271 870 26 16 en
321 864 46 22 viss
391 864 54 28 grad
470 866 26 20 är
519 864 110 22 beroende
651 864 25 21 af
695 864 147 21 domstolarna

90 900 85 28 gjelfva,
193 906 45 16 som
254 900 109 22 måhända
378 900 49 22 icke
444 900 59 28 gjort
518 906 44 22 nog
577 899 95 28 kraftigt
689 900 57 21 bruk
762 898 25 22 af
800 899 42 21 den

89 936 62 21 makt
168 936 67 27 lagen
251 936 82 22 lemnat
348 936 8 21 i
372 936 115 22 domarens
507 936 59 21 hand
582 938 33 20 att
631 936 51 21 från
698 936 63 27 dylik
776 935 65 22 verk-

90 971 84 22 samhet
190 971 85 22 afhålla
299 972 55 26 dem,
371 978 46 15 som
439 972 175 26 uppenbarligen
637 972 71 21 sakna
730 971 28 22 de
777 971 8 21 i
806 971 37 26 lag

89 1007 136 22 föreskrifna
254 1008 167 26 egenskaperna
447 1010 34 19 att
504 1014 54 14 vara
583 1007 156 29 ,oberyktade,
764 1006 77 27 ärlige,

88 1043 86 27 redlige
194 1043 39 21 och
253 1043 138 27 förståndige
410 1044 71 25 män",
498 1043 64 21 torde
578 1043 43 21 den
645 1042 123 22 förnämsta
783 1048 59 16 orsa-

89 1079 44 21 ken
149 1079 79 21 härtill
244 1079 54 21 dock
315 1085 53 16 vara
384 1081 33 19 att
433 1079 66 21 sökas
516 1079 32 21 uti
565 1079 43 21 den
624 1079 7 21 i
648 1081 12 19 2
678 1078 12 29 &
710 1080 24 20 15
752 1078 49 27 kap.
817 1078 25 21 R.

89 1114 24 22 B.
130 1117 51 25 part
200 1115 111 27 medgifna
330 1115 109 27 rättighet
458 1117 33 19 att
513 1115 72 21 såsom
606 1114 79 22 ombud
705 1114 69 22 anlita
793 1114 48 26 den,

89 1150 35 22 för
138 1150 92 22 hvilken
242 1151 42 21 han
295 1151 68 27 hyser
373 1150 136 28 förtroende,
526 1152 24 26 ty
566 1156 78 22 genom
661 1150 72 22 denna
748 1150 95 22 bestäm-

89 1186 54 27 ning
166 1187 40 21 har
228 1186 145 23 föreskriften
398 1189 33 20 att
454 1186 79 22 ombud
556 1186 57 22 skall
636 1186 120 22 innehafva
779 1191 64 22 nyss-

89 1223 95 21 nämnda
208 1223 139 27 egenskaper
369 1223 35 21 till
426 1225 46 19 stor
497 1223 35 21 del
553 1222 93 22 förlorat
666 1223 34 21 sin
722 1221 121 28 betydelse.

90 1258 102 22 Orsaken
208 1259 35 21 må
259 1259 124 22 emellertid
400 1265 53 16 vara
467 1259 92 21 hvilken
579 1265 46 15 som
641 1258 65 27 helst,
724 1258 24 21 så
765 1259 25 20 är
806 1257 38 22 det

89 1294 71 22 likväl
181 1296 33 20 ett
234 1294 85 22 faktum
340 1296 33 20 att
395 1294 98 22 friheten
514 1297 32 19 att
563 1294 59 27 välja
638 1293 115 22 sakförare
769 1293 75 22 blifvit

89 1330 6 21 i
109 1330 127 21 vidsträckt
251 1330 49 21 mån
312 1330 145 22 missbrukad.
485 1330 35 21 De
535 1330 96 27 menliga
647 1329 109 28 följderna
772 1328 71 27 häraf,

89 1365 8 21 i
120 1365 94 22 främsta
237 1368 93 19 rummet
356 1366 35 21 för
413 1368 105 25 parterne
542 1365 80 28 sjelfve
645 1365 40 22 och
709 1365 77 22 vidare
809 1363 35 22 för

90 1401 160 22 domstolarnes
273 1402 83 27 arbete,
381 1402 60 27 ligga
464 1402 8 21 i
496 1404 72 25 öppen
590 1401 48 28 dag,
664 1401 122 28 hvarjemte
808 1406 36 15 an-

163 1449 136 23 Lagutskottets
312 1449 117 19 betänkande
441 1449 38 19 N:o
491 1450 28 17 11.
