1034 1656
430 145 40 22 N:o
486 146 34 20 29.
802 143 25 21 19

96 215 49 22 dela
164 215 36 21 det
215 215 107 21 inkallade
338 213 150 23 underbefälet
504 213 39 22 och
558 213 129 27 manskapet
702 213 29 28 på
746 213 26 22 de
787 212 70 23 skilda

96 249 236 28 utskrifningsställena
354 249 8 22 i
383 248 136 22 förhållande
536 248 33 22 till
585 248 36 21 det
637 248 60 22 antal
712 247 81 27 hästar,
810 253 46 16 som

96 284 30 27 på
140 283 74 28 hvarje
230 283 205 28 utskrifningsställe
451 283 55 22 skall
521 284 129 26 emottagas.

448 381 12 27 8
480 382 32 20 10.

168 421 146 27 Depotchefen
330 421 129 27 underlyder
476 421 85 22 direkte
570 420 164 23 Befälhafvaren
745 420 34 22 för
788 420 70 22 finska

99 455 115 22 militären.
244 455 85 22 Honom
344 455 130 22 tillkommer
491 455 124 27 disciplinär
630 455 125 27 myndighet
769 455 7 21 i
791 455 67 21 likhet

99 489 49 22 med
170 489 140 22 kommendör
331 485 34 26 för
380 489 46 22 icke
442 489 68 22 afdelt
525 489 103 28 bataljon,
644 496 49 15 men
708 489 7 22 i
731 489 100 22 afseende
846 489 13 22 å

100 524 41 21 den
167 524 173 21 administrativa
362 524 39 21 och
425 524 140 21 ekonomiska
587 523 158 28 förvaltningen
768 523 91 22 innehar

100 558 43 22 han
163 558 114 21 enahanda
295 558 128 27 rättigheter
442 558 40 22 och
497 558 146 28 skyldigheter
658 565 46 15 som
719 558 140 22 kommendör

100 592 34 22 för
156 592 67 22 afdelt
245 592 103 28 bataljon,
363 593 7 21 i
386 592 222 23 öfverensstämmelse
627 593 49 22 med
692 593 26 22 de
733 593 34 21 för
781 592 78 22 militä-

100 633 39 17 ren
155 627 99 28 gällande
270 627 108 22 allmänna
393 627 162 28 författningar.

447 724 11 28 8
477 726 32 20 11.

171 764 131 22 Underbefäl
324 764 39 22 och
386 765 105 27 manskap
507 764 36 22 vid
559 764 93 28 depoten
667 764 68 23 förses
751 764 48 22 med
814 764 46 22 klä-

103 800 39 22 der
164 799 39 21 och
225 799 239 27 utredningspersedlar
488 798 55 22 efter
565 799 114 22 enahanda
701 799 95 27 grunder
815 805 45 15 som

103 834 118 22 obeväradt
232 834 104 27 manskap
347 834 36 21 vid
394 834 26 21 de
430 833 70 22 finska
511 834 350 28 armöskarpskyttebataljonerna

104 869 39 21 och
158 869 66 27 enligt
240 868 97 28 bifogade
352 868 72 22 tabell.

449 955 11 27 8
478 956 32 20 12.

173 989 146 27 Depotchefen
335 989 147 27 utregvirerar
497 988 49 22 frän
562 989 248 27 Krigskommissariatet
821 988 42 22 alla

104 1023 34 22 för
161 1024 92 26 depoten
278 1024 104 27 anslagna
405 1023 68 22 medel
497 1023 40 21 och
554 1023 173 27 förnödenheter,
743 1023 33 21 för
791 1022 72 22 hvilka

105 1058 137 27 redovisning
258 1057 54 22 skall
328 1057 22 22 af
363 1057 79 21 honom
457 1057 7 21 i
479 1057 90 27 behörig
585 1058 91 27 ordning
691 1057 32 22 till
738 1058 125 27 Krigskom-

105 1092 132 22 missariatet
253 1091 94 28 afgifvas.

456 1173 11 27 &
486 1173 33 21 13.

176 1213 42 21 För
233 1213 139 22 bestridande
386 1213 24 22 af
418 1213 26 21 de
455 1213 90 27 utgifter
555 1213 34 21 för
600 1213 104 27 depotens
714 1213 151 27 uppsättning,

106 1253 46 16 som
170 1247 98 22 förefalla
286 1247 66 22 innan
368 1247 68 22 medel
451 1247 81 27 härtill,
548 1248 71 21 säsom
634 1247 7 22 i
657 1247 12 28 $
686 1249 25 20 12
727 1249 68 26 säges,
811 1247 55 21 hun-

107 1283 33 21 nit.
156 1282 22 22 af
191 1282 247 28 Krigskommissariatet
454 1282 32 21 till
502 1281 140 28 depotchefen
654 1282 137 28 öfverstyras,
801 1281 65 28 utgif-

108 1323 42 20 ves,
173 1317 29 27 pä
224 1317 132 26 regvisition,
375 1317 48 21 frän
439 1318 111 20 närmaste
564 1317 146 22 landtränteri
725 1318 32 21 ett
772 1316 95 22 förskott

108 1351 22 21 af
144 1351 57 21 ända
217 1351 32 21 till
266 1352 75 25 10,000
356 1351 67 21 mark.

177 1385 83 22 Sädant
275 1385 93 22 förskott
384 1385 62 28 skall,
462 1385 24 22 sä
502 1386 62 20 snart
575 1385 248 27 Krigskommissariatet
833 1385 34 21 ut-

108 1420 108 21 anordnat
240 1419 39 22 och
302 1419 124 22 öfversändt
449 1419 80 28 nödiga
551 1419 75 27 medel,
643 1419 23 22 af
679 1419 140 28 depotchefen
836 1418 32 22 till

108 1454 168 21 landtränteriet
292 1453 128 28 ätergäldas.
