1059 2339
338 430 22 22 U.
378 430 22 22 B.
416 442 29 2 —
462 429 61 28 Prop.
541 429 36 23 N:o
593 430 38 22 29.
803 430 25 20 17

107 502 47 14 rera
176 494 39 22 det
237 494 57 22 antal
316 494 79 26 hästar,
414 502 45 14 som
476 493 97 22 området
588 494 40 22 bör
644 494 113 28 uppställa,
773 494 87 21 anmäle

108 531 72 21 derom
193 537 78 21 genom
290 530 142 22 Guvernören
447 530 38 22 hos
503 530 100 27 Senaten,
621 537 48 14 som
683 530 10 21 i
707 530 92 21 samråd
813 529 48 21 med

111 566 227 27 Generalguvernören
352 566 99 28 pröfvar,
461 566 112 21 huruvida
583 565 128 28 ätagandets
721 565 138 28 fullgörande

108 602 43 21 kan
166 609 63 14 anses
244 609 54 14 vara
314 602 113 27 behörigen
443 601 134 22 säkerstäldt.

179 637 153 28 Ersättningen
349 637 36 22 för
400 637 91 22 sälunda
505 637 125 22 levererade
645 637 74 21 hästar
734 636 62 29 utgär
811 635 50 22 med

108 671 42 24 den
165 673 8 21 i
189 674 12 27 8
218 674 26 20 37
262 672 103 29 stadgade
380 673 124 28 förhöjning
520 673 23 21 af
559 673 31 21 tio
607 675 98 26 procent.

400 774 80 22 KAP.
496 774 68 23 VII

324 839 43 22 Om
382 839 79 23 besvär
476 839 41 22 och
533 839 114 29 klagomäl.

451 900 13 27 s
481 900 35 21 39.

169 942 32 26 Är
216 947 102 29 sakegare
333 947 104 29 missnöjd
452 947 50 22 med
518 946 81 30 åtgärd,
616 955 46 14 som
678 947 23 22 af
716 947 143 29 besigtnings-

109 983 92 22 nämden
223 983 110 29 vidtagits,
355 983 83 21 anmäle
457 983 74 21 derom
546 986 77 26 genast
639 983 39 21 hos
695 991 80 14 samma
790 983 70 27 nämd,

110 1019 41 21 och
166 1018 93 29 fullfölje
274 1020 47 20 sina
336 1018 78 22 besvär
429 1019 119 29 muntligen
565 1019 52 21 eller
633 1019 122 29 skriftligen
771 1019 38 21 hos
830 1021 31 19 ut

110 1054 210 29 skrifningsnämden
342 1055 66 21 innan
431 1055 101 22 hästarna
553 1054 48 22 frän
629 1054 203 30 lottningsomrädet
854 1055 8 21 i

110 1090 60 30 fräga
185 1090 101 29 slutligen
301 1090 130 22 utskrifvits.

179 1126 84 22 Besvär
272 1126 62 22 öfver
344 1126 246 28 utskrifningsnämdens
599 1126 100 29 ätgärder
707 1134 38 21 ega
753 1126 48 22 icke
809 1134 53 14 rum.

456 1192 12 27 8
484 1192 35 21 40.

170 1238 115 30 Klagomäl
300 1242 45 19 mot
361 1239 92 21 medlem
468 1240 8 20 i
491 1239 146 29 besigtnings-
648 1239 52 22 eller
710 1239 153 29 utskrifnings-

111 1275 64 21 nämd
189 1274 35 22 för
239 1275 30 21 fel
285 1275 51 21 eller
350 1274 151 22 försummelse
515 1276 8 20 i
539 1276 95 27 tjensten
649 1275 96 21 anmäles
760 1275 39 21 hos
816 1274 48 23 Gu-

111 1312 110 25 vernören,
237 1317 52 20 som,
303 1311 9 20 i
327 1310 39 22 fall
381 1310 23 22 af
419 1310 44 29 fog,
478 1310 114 22 förordnar
608 1317 35 15 om
658 1310 55 22 ätals
729 1310 133 22 anställande

111 1346 39 22 vid
164 1347 78 21 allmän
258 1345 98 28 domstol,
372 1346 76 22 sävida
463 1346 137 29 angifvelsen
615 1346 68 29 gäller
699 1347 51 22 civil
765 1346 100 27 ledamot,

111 1389 49 14 men
175 1389 35 14 om
225 1381 124 22 densamma
363 1382 66 29 angär
444 1382 181 27 militärledamot,
640 1382 74 22 derom
729 1382 134 22 underrättar

112 1417 160 23 vederbörande
294 1417 148 23 befälhafvare
465 1419 7 20 i
497 1417 102 22 afseende
623 1417 14 22 å
661 1418 78 21 sakens
763 1418 48 29 laga
825 1417 38 23 be-

112 1453 107 30 handling.

420 1531 75 22 KAP
514 1531 43 22 IX.

113 1579 43 21 Om
175 1586 78 15 ansvar
271 1578 34 22 för
320 1578 155 23 öfverträdelse
496 1579 23 21 af
534 1578 167 22 föreskrifterna
715 1579 8 21 i
739 1578 70 22 denna
824 1578 40 29 lag.

455 1628 12 26 8
483 1628 36 20 41.

184 1674 50 22 Har
255 1674 74 28 nägon
351 1676 57 20 utan
428 1675 49 27 laga
491 1675 49 21 skäl
554 1674 135 28 försummat
703 1676 33 20 att
752 1674 34 22 till
800 1680 65 15 man-

115 1710 108 28 talslängd
243 1710 96 22 meddela
361 1710 96 28 uppgift,
481 1710 91 22 hvarom
594 1710 10 21 i
619 1710 16 28 $
654 1711 32 20 20
700 1710 93 28 stadgas,
815 1709 51 21 eller

184 1750 207 19 Ekonomiutskottets
405 1750 127 20 betånkande
545 1751 38 19 N:o
596 1751 25 18 15
633 1756 19 14 a.
