1039 1659
282 144 86 24 Ständ.
383 145 40 23 Sv.
439 158 29 4 —
482 146 75 29 Prop.
573 146 46 24 N:o
634 146 40 24 23.
834 148 26 20 13

101 214 30 20 än
147 213 180 22 vidkommande
343 215 11 19 7
371 215 44 21 och
432 216 24 19 11
474 216 33 26 $$,
524 216 7 20 i
544 216 80 20 hvilka
635 216 90 21 mindre
736 215 124 27 ändringar

101 247 113 27 vidtagits,
229 247 28 21 de
273 248 41 20 där
329 248 61 21 dock
400 248 19 28 ej
430 249 65 21 torde
506 250 93 27 päkalla
610 250 100 20 särskild
718 250 142 26 motivering.

170 287 33 21 På
217 288 74 26 grund
307 288 25 21 af
345 288 62 21 hvad
423 289 69 21 ofvan
508 290 139 20 framhållits
663 290 23 20 få
705 289 128 21 Ständerna
853 290 7 20 i

101 320 184 28 underdånighet
301 323 100 26 anmäla,

376 376 32 19 att
427 375 26 21 de
470 375 7 21 i
495 376 146 27 förevarande
661 376 82 27 nådiga
761 374 99 29 proposi-

307 408 44 22 tion
365 409 33 21 till
407 408 124 23 Ständerna
540 410 161 28 öfverlemnade
707 409 153 29 författnings-

305 443 84 27 förslag
411 444 70 27 blifvit
497 444 28 28 af
536 444 125 21 Ständerna
676 444 120 28 godkända
811 443 50 21 med

306 477 109 21 särskilda
437 478 130 28 ändringar,
589 478 8 21 i
611 478 56 28 följd
681 478 85 28 hvaraf
777 478 83 28 ifråga-

307 512 97 20 varande
428 512 160 28 författningar
613 513 88 21 komme
723 514 31 20 att
775 512 85 21 erhålla

305 546 97 28 följande
418 547 87 27 lydelse:

376 626 41 28 Lag
433 632 34 17 om
483 627 157 28 expropriation
657 627 26 22 af
695 626 46 23 fast
756 626 100 28 egendom

305 660 36 22 för
355 660 87 23 allmänt
457 660 70 24 behof.

170 712 52 21 Med
238 712 163 28 upphäfvande
417 713 25 21 af
455 713 163 27 förordningen
635 713 44 21 den
697 714 25 20 12
734 712 125 22 December

103 746 60 27 1864,
179 746 118 27 angående
318 747 129 27 skyldighet
470 748 36 20 för
521 754 64 20 egare
601 748 54 20 eller
671 747 149 21 innehafvare
835 746 26 21 af

97 780 53 27 jord
166 783 32 19 att
213 783 61 19 emot
289 781 124 27 ersättning
429 782 96 27 upplåta
541 782 66 20 mark
623 782 35 21 för
673 782 96 20 allmänt
780 780 77 27 behof,

100 816 82 21 varder
197 816 95 20 härmed
309 816 104 26 stadgadt
425 823 51 14 som
493 816 75 28 följer:

435 909 9 16 1
461 903 60 28 kap.

320 956 35 22 Om
371 956 44 22 rätt
426 956 31 22 till
474 955 165 29 expropriation.

457 1008 47 26 18.

172 1054 71 26 Egare
259 1054 54 21 eller
327 1054 148 20 innehafvare
492 1054 25 20 af
530 1054 44 20 fast
589 1053 112 27 egendom
716 1058 53 16 vare
779 1051 81 28 pliktig

102 1090 39 24 att,
165 1088 30 20 dä
217 1088 96 21 allmänt
335 1088 72 21 behof
427 1088 38 20 det
488 1088 97 26 kräfver,
607 1090 48 18 mot
678 1087 41 21 full
735 1085 125 26 ersättning

102 1122 59 21 afstä
183 1122 142 26 egendomen
347 1122 54 21 eller
421 1122 47 21 täla
490 1122 169 26 inskränkning
679 1121 7 21 i
708 1121 35 21 sin
765 1120 44 20 rätt
829 1121 32 19 att

102 1156 102 27 begagna
220 1157 142 21 densamma.

171 1190 68 22 Hvad
254 1191 8 21 i
277 1192 76 20 denna
368 1192 37 26 lag
419 1191 93 27 stadgas
529 1198 38 14 om
581 1190 116 22 afstäende
709 1190 24 21 af
742 1190 44 21 fast
797 1194 64 21 egen-

102 1225 55 21 dom
181 1225 58 21 skall
263 1226 44 21 ock
327 1226 116 27 tillämpas
460 1226 7 20 i
483 1226 64 26 fräga
563 1232 38 14 om
617 1224 169 26 inskränkning
802 1223 7 21 i
825 1223 36 21 be-

102 1259 129 27 gagnandet
246 1260 25 21 af
285 1260 71 21 sädan
367 1260 119 27 egendom,
497 1260 43 21 där
550 1260 18 27 ej
580 1260 7 20 i
599 1260 55 21 visst
665 1260 38 20 fall
714 1257 148 23 annorlunda

103 1294 151 22 föreskrifves.

458 1341 13 20 2
487 1341 20 25 8.

173 1386 160 27 Begagnandet
351 1386 25 21 af
388 1386 44 21 fast
447 1386 113 26 egendom
576 1386 39 21 mä
629 1386 35 21 för
679 1386 97 20 allmänt
792 1384 73 21 behof

103 1420 152 21 underkastas
278 1420 168 27 inskränkning
466 1420 89 27 jämväl
578 1420 73 21 under
673 1420 46 22 viss
742 1418 41 27 tid,
802 1418 60 21 dock

103 1456 38 25 att,
163 1457 62 19 emot
245 1460 94 21 egarens
360 1454 55 21 eller
437 1454 178 22 innehafvarens
631 1454 61 27 vilja,
708 1454 63 21 tiden
787 1452 19 28 ej
824 1452 38 21 mä
