1045 1656
176 147 25 21 12
358 147 84 23 Ständ.
458 148 38 23 Sv.
513 161 27 3 —
556 148 73 29 Prop.
646 148 45 23 N:o
706 148 37 23 27.

243 216 104 29 Samtliga
369 217 72 28 anslag
458 218 33 21 till
512 217 226 29 nybyggnadsarbeten
753 217 37 22 vid
806 217 26 22 de
847 217 83 28 färdiga

174 251 139 28 järnvägarna
327 253 35 19 äro
378 252 164 21 sammanstälda
554 253 8 20 i
577 252 85 28 bilagda
675 252 141 28 förteckning,
826 253 7 20 i
843 251 86 22 hvilken

174 284 68 21 säsom
263 285 70 28 slutlig
353 289 49 25 post
418 287 108 28 upptagits
542 286 37 22 det
594 287 6 20 i
615 286 218 29 Järnvägsstyrelsens
848 285 83 22 merbe-

174 319 63 21 rörda
259 319 80 29 förslag
353 320 102 28 ingäende
471 321 73 28 anslag
559 321 32 20 till
608 320 117 22 »särskilda
739 320 81 21 mindre
836 320 94 29 nybygg-

174 353 140 22 nadsarbeten
338 357 33 18 att
395 355 135 28 specificeras
557 355 37 21 vid
619 355 147 28 uppgörandet
786 355 23 21 af
828 355 27 20 de
875 362 54 21 resp.

174 387 160 29 årsförslagen»,
349 389 89 21 hvarvid
450 389 101 28 beloppet
565 389 38 21 här
617 389 73 22 blifvit
704 389 60 28 höjdt
779 389 47 21 från
839 389 90 26 750,000

173 422 33 21 till
228 423 90 26 772,500
340 423 66 26 mark,
428 423 33 21 för
482 427 33 18 att
535 423 87 22 sälunda
641 423 89 22 afrunda
751 423 137 22 slutsumman
906 423 23 21 af

174 456 62 21 dessa
248 457 154 28 anslagsposter
416 458 33 21 till
465 459 110 25 6,500,000
591 458 65 21 mark.

244 525 49 22 Den
318 527 83 27 rörliga
426 527 139 21 materielens
588 527 87 28 ökning.
711 526 218 29 Järnvägsstyrelsens

175 559 79 29 förslag
276 563 104 26 upptager
400 561 34 21 för
453 561 60 22 detta
533 561 97 22 ändamål
651 562 109 25 1,200.000
775 561 60 21 mark
850 560 78 29 årligen

175 594 50 21 eller
248 597 32 18 ett
301 595 77 28 belopp
401 595 22 22 af
444 596 110 26 3,600,000
570 595 59 22 mark
645 595 34 21 för
693 595 49 21 hela
756 595 173 28 treärsperioden.

174 628 32 21 Af
221 628 41 22 den
277 629 76 28 nädiga
367 631 157 27 propositionen
539 630 42 21 kan
596 631 17 27 ej
627 630 110 26 inhemtas,
749 629 104 21 huruvida
865 629 64 28 nägra

174 665 96 19 närmare
291 664 140 28 beräkningar
453 664 22 22 af
495 664 102 22 behofvet
611 665 58 27 legat
683 664 32 22 till
731 664 67 28 grund
813 664 33 20 för
861 664 69 20 denna

175 697 176 29 förslagssumma.

243 766 45 22 Det
308 769 24 19 är
351 768 7 20 i
381 768 76 28 själfva
478 768 75 21 verket
575 768 17 28 ej
616 767 23 21 sä
660 768 39 20 lätt
714 770 32 18 att
760 767 60 21 finna
834 766 95 22 hållbara

174 801 93 27 grunder
281 802 33 20 för
328 801 143 22 bedömandet
485 802 23 21 af
523 802 41 21 den
579 802 132 28 omfattning,
726 802 60 20 hvari
799 801 40 21 den
851 801 78 28 rörliga

174 835 123 21 materielen
317 836 39 21 bör
371 836 51 21 ökas
438 836 33 21 för
486 840 32 18 att
533 836 34 21 väl
583 839 105 18 motsvara
703 836 41 20 den
759 835 95 21 växande
869 834 60 22 trafi-

174 869 52 21 kens
251 869 71 21 behof.
360 870 49 21 Den
435 870 77 28 rörliga
537 870 132 21 materielens
693 869 147 22 förstärkande
863 869 38 21 har
922 870 8 20 i

174 903 116 21 allmänhet
310 904 49 21 icke
382 904 56 22 skett
458 904 50 22 med
528 905 69 27 jämna
618 908 51 24 steg.
699 904 74 21 Såsom
788 904 60 21 bevis
863 903 66 29 härpå

175 937 34 21 må
224 938 94 28 följande
333 938 73 21 siffror
420 939 90 21 anföras.
539 939 43 21 Till
597 939 26 21 de
639 939 83 27 färdiga
736 938 92 22 banorna
844 938 85 21 anskaf-

175 971 68 21 fades:

220 1041 30 17 År.
281 1040 107 18 Lokomotiv.
412 1042 137 22 Personvagnar.
575 1042 116 22 Godsvagnar.
723 1041 47 17 S:ma
782 1040 125 18 värde
847 1036 13 33 i
871 1040 36 18 Fmk

210 1070 54 20 1891
284 1058 12 43 —
310 1070 12 21 0
338 1073 25 18 st.
444 1072 25 20 36
486 1074 25 18 st.
591 1072 39 20 150
646 1074 25 18 st.
752 1070 95 24 636,060:
863 1070 33 20 03.

210 1105 54 20 1892
310 1106 12 19 5
345 1114 8 10 »
457 1106 12 20 3
492 1114 8 10 »
590 1106 41 20 292
655 1114 8 10 >
696 1092 22 44 =
732 1105 115 25 1,278,306:
863 1104 33 21 04.

210 1139 55 20 1893
290 1126 12 44 —
310 1139 12 20 6
345 1148 8 10 >
443 1140 26 20 20
492 1148 9 11 >
590 1140 41 20 210
654 1148 9 10 »
696 1126 19 44 =
732 1139 115 25 1,279365:
863 1138 33 20 21.

210 1172 56 21 1894
310 1173 12 21 —0
344 1182 8 10 >
457 1174 12 20 0
491 1182 9 10 >
619 1174 10 20 1
653 1182 9 10 »
767 1173 81 25 10,388:
864 1173 33 19 84.

211 1207 54 20 1895
297 1207 25 21 10
345 1216 8 10 >
445 1209 24 19 12
494 1217 5 10 >
589 1208 41 21 200
653 1217 8 10 >
733 1207 115 26 1,129,739:
864 1207 33 20 06.

210 1241 55 20 1896
309 1242 14 19 4
344 1250 9 11 »
444 1243 26 20 25
496 1251 6 10 »
591 1242 41 21 550
655 1251 8 10 »
697 1229 22 44 =
732 1241 116 26 1,916,962:
864 1241 33 20 98.

244 1315 98 22 Oaktadt
366 1316 42 21 den
432 1317 79 28 ganska
536 1316 108 29 betydliga
666 1316 105 27 ökningen
794 1315 66 21 under
882 1314 49 21 åren

176 1350 55 20 1892
251 1350 41 21 och
311 1351 61 25 1893,
388 1351 99 20 särskildt
503 1351 22 20 af
539 1350 206 29 godsvagnsparken,
760 1349 72 21 visade
848 1349 36 20 det
899 1349 32 27 sig

174 1387 33 18 att
229 1384 104 21 afbrottet
353 1384 47 21 häri
415 1385 23 20 är
454 1386 55 20 1894
524 1385 123 21 försvårade
661 1383 177 29 tillgodoseendet
852 1383 22 21 af
889 1386 42 17 tra-

175 1417 70 22 fikens
264 1418 70 21 behof.
364 1419 101 21 Rörelsen
481 1419 96 21 tillväxte
593 1418 22 21 &r
631 1419 62 26 1895,
708 1418 23 21 sä
746 1421 32 18 att
792 1417 80 22 antalet
886 1419 46 18 ton-

175 1451 112 22 kilometer
307 1453 7 20 i
334 1453 101 21 medeltal
451 1453 26 28 pä
492 1453 73 28 hvarje
580 1453 108 28 godsvagn
703 1452 28 21 dä
746 1451 94 28 utgjorde
856 1451 75 26 34,268
