1023 1659
270 135 86 25 Ständ.
374 136 39 23 Sv.
430 148 23 5 —
471 136 75 29 Prop.
564 137 46 23 N:o
625 137 39 23 29.
832 138 11 21 7

88 204 168 28 Lappmarkens,
275 206 63 21 Kemi
352 206 39 22 och
407 206 84 28 Kajana
505 206 97 26 härader,
617 207 132 27 Pudasjärvi,
764 206 82 22 Taival-

89 238 63 22 koski
175 239 39 21 och
234 240 111 22 Kuusamo
366 240 129 22 kommuner
517 240 23 22 af
559 241 55 21 Uleä
628 241 67 21 härad
710 243 56 19 samt
780 240 66 22 Karlö

89 272 103 23 kommun
208 273 23 22 af
244 274 49 21 Salo
308 274 66 22 härad
389 275 39 21 och
444 275 121 27 Uleäborgs
582 275 40 26 län,
638 276 79 26 Replot
726 275 39 21 och
776 275 70 27 Bergö

90 307 128 21 kommuner
233 308 23 21 af
270 308 127 22 Korsholms
413 309 66 21 härad
495 309 59 21 inom
566 310 66 20 Wasa
646 310 42 25 län,
703 309 47 21 hela
764 304 82 26 Älands

89 341 73 27 härad,
186 342 88 22 Gustafs
296 343 122 27 (Kivimaa),
441 344 48 20 Iniö
512 344 40 21 och
574 344 84 21 Velkua
679 344 126 21 kommuner
825 342 23 22 af

89 376 84 22 Vehmo
196 376 72 27 härad,
290 377 69 27 Nagu,
382 378 75 27 Korpo
481 378 39 22 och
543 378 123 22 Houtskärs
684 378 127 22 kommuner
826 377 22 21 af

89 410 75 22 Virmo
187 412 66 20 härad
276 414 56 19 samt
354 412 65 22 Hiitis
441 412 104 22 kommun
563 412 23 22 af
599 413 93 21 Halikko
707 412 66 22 härad
788 412 58 21 inom

89 439 49 27 Åbo
162 446 39 21 och
223 446 145 27 Björneborgs
391 446 42 26 län,
451 446 112 22 äfvensom
582 447 89 22 Valamo
687 447 39 21 och
741 446 104 22 Konevitz

88 481 39 20 dar
149 480 7 21 i
175 480 86 27 Ladoga
276 480 40 22 och
330 481 107 27 Hogland,
453 482 123 27 Tytärsaari
591 488 28 15 m.
634 481 20 22 fl.
669 483 61 20 utöar
746 482 7 20 i
768 480 79 22 Finska

89 514 64 22 viken
168 514 58 22 inom
242 515 119 27 Kymmene
376 515 39 21 och
432 516 93 21 Stranda
539 516 91 21 härader
645 516 23 21 af
680 516 93 27 Viborgs
788 515 41 21 län.

400 602 31 21 II
461 602 79 21 KAP.

139 646 36 24 Om
192 646 82 23 landets
290 646 101 29 indelning
408 648 47 22 med
471 647 103 23 afseende
590 646 13 24 å
618 646 180 28 hästutskrifning.

447 699 46 27 88

159 738 47 21 Den
229 738 109 28 indelning
361 738 22 22 af
403 739 73 21 landet
493 739 8 21 i
519 738 183 28 uppbådskretsar
722 740 55 20 samt
792 744 53 21 upp-

89 772 63 22 båds-
176 772 39 22 och
238 773 213 27 lottningsområden,
470 780 47 14 som
535 772 33 22 för
587 773 87 27 uppbåd
691 772 23 22 af
727 772 119 27 värneplik-

90 807 41 28 tigt
153 807 104 28 manskap
276 809 24 19 är
316 808 102 27 gällande,
434 808 107 27 tillämpas
553 808 81 27 jämväl
649 808 7 20 i
670 806 100 22 afseende
785 806 13 22 å
812 808 33 20 ut-

89 842 107 27 skrifning
210 842 23 21 af
245 842 79 22 hästar.

446 900 47 27 98.

158 939 62 22 Inom
244 940 74 27 hvarje
341 940 192 26 lottningsomräde
554 941 60 20 utser
635 940 140 27 guvernören,
794 938 52 22 efter

89 974 162 21 vederbörande
269 974 138 22 kommuners
427 974 100 26 hörande,
544 980 26 15 en
586 974 166 27 samlingsplats,
767 973 13 21 &
794 972 52 22 hvil-

90 1008 41 21 ken
148 1008 108 22 omrädets
272 1008 72 22 hästar
360 1008 86 28 pröfvas
463 1008 40 22 och
517 1008 121 27 lottningen
654 1008 132 21 verkställes.

158 1042 32 21 Pä
208 1042 81 28 förslag
304 1042 23 22 af
340 1044 160 26 guvernörerne
515 1043 130 21 bestämmer
662 1042 92 22 Senaten
769 1042 7 21 i
792 1047 55 15 sam-

89 1076 39 22 räd
140 1077 50 21 med
206 1077 228 27 Generalguvernören
449 1077 41 21 och
502 1076 54 22 efter
568 1076 218 22 öfverenskommelse
799 1076 48 21 med

90 1111 179 27 Krigsministern
292 1111 33 22 för
347 1112 74 26 hvarje
443 1111 188 27 uppbädsomräde
650 1113 31 19 ett
696 1110 150 27 utskrifnings-

89 1145 68 26 ställe,
173 1145 38 21 där
226 1145 101 22 hästarna
342 1145 117 22 utskrifvas
475 1146 39 21 och
530 1145 142 21 öfverlemnas
684 1145 22 21 ät
718 1146 128 26 truppernas

89 1178 131 32 utskickade.

397 1237 35 21 II
462 1236 81 22 KAP.

150 1282 37 23 Om
203 1282 25 22 de
244 1282 152 28 myndigheter,
411 1288 75 22 genom
502 1282 70 22 hvilka
587 1280 201 28 hästutskrifningen

401 1316 136 23 verkställes.

438 1363 27 21 10
481 1362 18 28 &.

160 1402 34 22 De
215 1402 154 28 myndigheter,
387 1402 72 22 hvilka
478 1403 97 20 närmast
589 1401 63 22 hafva
667 1403 31 20 att
713 1400 93 27 fullgöra
820 1400 26 21 de

88 1437 49 21 med
165 1436 207 28 hästutskrifningen
399 1436 102 22 förenade
528 1436 132 27 åligganden,
687 1437 44 25 äro,
752 1434 94 22 förutom
