1034 1661
312 117 28 22 U.
355 117 28 22 B.
399 129 29 3 —
443 116 73 28 Prop.
531 116 42 23 N:o
589 117 35 22 26.
796 116 28 22 69

91 174 208 22 —Riihimäki—
263 166 38 40 S:t
321 170 139 31 Petersburg,
480 174 57 21 helst
559 175 27 20 de
608 174 120 28 betydande
747 173 106 22 afständs-

92 209 125 21 rabatterna
235 209 133 27 väsentligen
388 209 86 20 minska
493 205 173 25 fraktskilnaden
685 209 34 21 för
733 208 74 27 längre
822 207 31 21 af-

92 243 69 21 stånd.
191 243 43 21 För
253 249 64 16 varor
335 244 7 20 i
360 243 30 21 kl.
406 243 11 21 I
433 243 23 21 af
470 243 42 22 den
527 249 42 21 nya
572 238 95 37 tariffen
680 243 73 22 skulle
768 242 84 21 frakten

91 277 48 21 från
157 277 84 21 Torneå
260 277 32 21 till
313 277 32 22 S:t
364 277 134 27 Petersburg
517 277 35 21 via
571 277 144 22 Tammerfors
734 276 71 27 uppgå
819 275 34 21 till

92 311 89 27 ungefär
204 312 10 20 1
238 312 60 20 mark
321 312 29 21 20
369 312 71 27 penni,
459 312 35 20 för
512 318 64 15 varor
596 312 7 20 i
622 312 29 21 kl.
670 312 30 20 IV
719 310 90 27 ungefär
824 310 29 21 50

92 346 63 26 penni
171 346 65 26 högre
251 346 34 21 för
301 346 42 22 100
357 346 115 27 kilogram,
483 348 27 19 än
526 346 28 27 pä
569 352 27 15 en
607 346 108 21 direktare
726 347 40 25 väg
776 350 76 21 genom

92 380 85 27 Kuopio
193 380 52 22 eller
261 380 102 22 Joensuu.

161 421 62 21 Hvad
243 421 102 26 slutligen
363 421 103 21 beträffar
486 421 137 28 spårvidden,
639 421 23 21 sä
682 422 24 19 är
720 421 32 20 ett
766 419 50 28 spår
832 418 22 21 af

93 455 27 22 75
138 455 124 22 centimeter
281 455 47 22 icke
347 455 56 22 blott
421 455 108 27 billigare,
546 457 26 19 än:
592 455 146 26 meterspäret,
753 456 52 19 utan
820 459 33 16 er-

92 489 77 28 bjuder
184 489 62 22 äfven
263 490 53 27 eljes
336 490 95 21 fördelar
446 490 93 21 framom
555 492 31 19 ett
601 490 90 21 bredare
707 489 49 28 spär
770 489 7 21 i
793 488 61 27 fräga

94 531 33 15 om
150 525 129 26 anläggning
303 525 22 21 af
347 524 205 28 anslutningsbanor
574 524 33 21 till
626 523 134 22 industriella
778 523 76 21 inrätt-

92 559 76 27 ningar
184 565 27 15 m.
227 565 26 15 m.

161 599 51 21 Med
227 598 101 22 afseende
347 598 52 22 härä
420 598 33 22 fär
471 598 37 27 jag
527 598 109 22 vördsamt
651 598 80 37 föreslå
746 599 32 19 att
793 596 61 22 Stän-

94 633 65 21 derna
175 633 66 21 måtte
257 633 94 21 besluta:

299 698 33 20 att
351 703 28 15 en
392 696 100 28 jernväg
510 696 50 22 med
582 698 29 19 75
631 696 137 22 centimeters
786 694 66 28 spår-

231 731 53 21 vidd
299 731 70 27 blefve
388 731 74 21 under
477 731 154 21 instundande
645 730 156 28 finansperiod
814 730 38 20 ut-

230 765 52 27 förd
299 765 56 28 från
380 765 122 28 Uleåborgs
525 765 50 21 stad
594 765 35 21 till
648 765 71 21 Vaala
733 764 68 21 hamn
816 763 39 21 vid

236 799 55 22 Uleå
307 800 68 21 träsk.

162 862 43 21 För
221 862 40 21 den
279 862 103 22 händelse
401 862 62 22 detta.
482 863 49 21 mitt
550 863 81 26 förslag
645 858 133 31 godkännes,
793 861 62 21 torde

94 896 61 21 deraf
169 896 62 28 följa:

301 951 32 19 att
349 948 148 22 betänkandet
512 949 174 21 återremitteras
697 949 35 21 till
748 948 108 22 Utskottet

231 983 37 28 för
283 983 131 31 afgifvande
430 983 30 28 af
473 984 86 27 förslag
570 983 136 28 beträffande
720 983 36 21 det
769 982 85 32 anslag,

233 1024 48 15 som
296 1017 37 28 för
347 1017 131 21 ändamålet
494 1017 119 28 erfordras.

523 1080 73 25 Emil
613 1080 172 27 Schybergson.

468 1247 27 21 V.

261 1303 320 28 Helsingfors-—Gerknäs
599 1304 89 21 banan.

163 1349 44 21 För
222 1340 38 30 vär
275 1348 34 22 del
325 1349 64 22 hafva
404 1349 21 22 vi
442 1350 60 21 inom
512 1350 105 21 utskottet
627 1349 103 22 förfäktat
740 1349 42 22 den
793 1344 63 30 åsikt,

94 1381 41 23 att
147 1383 166 27 fortsättningen
332 1383 23 21 af
372 1378 144 28 Äbo—Karis
531 1383 70 22 banan
617 1384 32 21 till
665 1379 141 31 Helsingfors,
822 1388 32 15 om

94 1417 87 22 hvilken
197 1417 43 21 alla
255 1417 56 22 inom
327 1417 107 22 utskottet
444 1419 58 21 varit
514 1422 57 23 ense,
582 1419 66 20 borde
655 1418 23 21 få
689 1418 33 21 sin
732 1417 124 26 anslutning

162 1461 183 23 Jernvägsutskottets
357 1462 114 19 betänkande
483 1463 38 17 N:o
533 1463 15 18 1.
