1039 1659
182 145 26 20 12
362 144 83 23 Ständ.
463 145 39 22 Sv.
518 158 28 2 —
561 145 74 28 Prop.
652 145 43 22 N:o
711 144 37 23 25.

181 216 87 22 hvilka
287 216 149 22 biträdande
455 216 143 22 lärarinnor
617 216 56 22 med
691 216 151 29 lönebidrag
854 223 30 15 ur
898 216 40 22 all-

181 251 92 21 männa
292 250 81 22 medel
391 251 53 22 icke
463 251 84 21 finnas
561 251 123 26 anstälda,
704 250 78 22 hafva
798 250 140 23 Ständerna

180 285 63 21 intet
262 286 35 20 att
317 285 120 22 anmärka
457 285 45 22 och
521 285 78 22 hafva
612 285 67 28 förty
694 286 82 21 ansett
790 285 42 22 det
844 285 94 22 äskade

182 319 116 28 anslaget
316 319 62 22 böra
397 319 115 29 beviljas.

250 353 12 22 I
290 353 62 29 följd
381 353 24 22 af
434 353 156 23 Ständernas
620 353 43 22 vid
691 355 101 20 senaste
816 353 123 29 landtdag

181 387 92 29 gjorda
300 388 129 22 uttalande
448 388 8 21 i
475 388 80 22 saken
579 388 74 29 ingår
671 388 8 22 i
698 388 49 22 den
770 388 94 29 nådiga
883 394 55 22 pro-

181 422 141 27 positionen
341 423 95 28 jämväl
454 423 96 28 förslag
569 429 40 15 om
627 423 102 28 anslags
743 422 144 29 beviljande
900 422 39 22 för

182 456 165 23 anordnande
384 457 25 22 af
441 457 252 28 slöjdundervisning
724 457 43 22 vid
800 457 138 22 folkskolor

181 491 32 28 på
232 491 93 26 landet,
349 497 53 16 som
421 491 106 22 förestås
548 491 25 22 af
590 491 137 26 lärarinna,
748 491 46 22 och
812 491 126 22 beräknas

182 525 49 22 den
250 525 39 22 för
309 525 79 22 sådan
407 526 184 29 undervisning
611 525 166 29 erforderliga
794 525 144 29 aflöningen

181 559 36 22 till
247 559 50 23 150
324 560 71 22 mark
423 560 39 22 för
483 560 90 29 hvarje
595 560 79 26 skola,
697 560 93 22 hvaraf
812 560 34 22 50
868 560 70 21 mark

182 594 81 22 skulle
281 594 61 29 utgå
362 595 82 22 såsom
458 595 91 28 bidrag
564 595 25 22 af
601 594 261 29 bevillningsmedlen.
891 594 48 22 Det

181 635 76 22 synes
268 629 136 22 emellertid
414 629 178 29 tvifvelaktigt,
604 629 127 22 huruvida
741 629 104 28 lämplig
856 629 82 22 lärare

181 663 50 22 kan
260 663 108 22 erhållas
395 666 52 19 mot
474 663 83 23 denna
585 663 146 29 ersättning.
768 663 170 22 Kommunens

181 697 76 29 utgift
276 697 39 22 för
334 697 146 30 aflöningen
499 698 98 22 komme
614 698 57 22 med
685 698 32 21 all
731 697 160 22 sannolikhet
904 699 35 20 att

180 731 80 22 blifva
287 732 184 29 jämförelsevis
493 734 60 24 stor,
577 732 86 22 därest
684 732 55 22 icke
759 732 180 29 statsbidraget

181 766 70 22 ökas.
290 766 38 22 Då
348 767 127 22 dessutom
495 767 49 22 den
563 767 114 22 ordnade
697 766 241 29 slöjdundervisnin-

181 807 56 21 gen,
268 801 75 22 äfven
362 807 40 16 om
421 801 155 29 statsbidrag
599 801 96 22 lemnas
715 801 36 22 till
771 801 167 22 anskaffande

183 835 25 21 af
227 835 171 29 slöjdlokaler,
418 836 97 22 medför
531 835 146 29 betydande
692 835 104 29 utgifter
808 835 39 22 för
859 835 81 22 inred-

182 869 61 28 ning
264 869 25 22 af
307 869 74 22 dessa
399 870 96 22 lokaler
515 872 64 20 samt
592 870 35 22 till
644 870 110 28 verktyg
767 876 31 15 m.
812 876 41 19 m.,
867 869 73 22 fram-

182 903 46 29 går
256 903 73 22 häraf
357 905 36 21 att
421 904 175 22 anordnandet
619 904 26 22 af
663 904 70 29 dylik
757 903 183 29 undervisning

182 938 51 21 kan
270 938 103 22 åsamka
407 939 192 22 vederbörande
629 939 149 22 kommuner
808 937 132 23 kännbara

181 972 146 22 kostnader.
370 973 57 22 Med
455 973 118 22 afseende
601 973 62 22 härä
691 973 78 22 hafva
798 972 142 23 Ständerna

184 1008 90 25 ansett,
295 1008 34 21 att
348 1007 197 28 ifrågavarande
569 1007 162 29 anslagspost
750 1007 46 22 bör
814 1007 126 21 beräknas

182 1041 63 22 efter
273 1042 34 21 ett
334 1041 92 29 bidrag
455 1041 24 22 af
507 1042 66 21 ända
595 1042 36 21 till
651 1042 32 21 75
703 1041 72 22 mark
794 1041 39 22 för
851 1041 89 28 hvarje

182 1075 80 26 skola,
283 1075 63 22 dock
365 1076 57 21 med
441 1076 49 22 den
509 1076 182 29 begränsning,
713 1077 35 20 att
761 1075 180 28 statsbidraget

181 1109 54 22 icke
259 1109 152 29 öfverstiger
432 1110 165 22 kommunens
621 1110 134 28 årsbidrag
778 1109 36 22 till
832 1109 107 22 läraren.

182 1143 81 29 Utgår
282 1150 58 15 man
359 1144 57 22 från
435 1145 50 21 de
475 1139 13 39 i
501 1145 48 22 den
562 1145 94 28 nådiga
672 1144 190 29 propositionen
876 1143 65 22 med-

181 1178 90 22 delade
299 1178 246 29 förutsättningarna
573 1179 160 22 beträffande
754 1178 94 22 antalet
866 1178 75 22 erfor-

181 1212 98 29 derliga
294 1213 88 28 anslag
397 1213 45 22 och
456 1213 145 29 stegringen
614 1213 8 22 i
635 1213 83 25 dessa,
733 1212 79 23 borde
826 1212 114 26 sålunda,

181 1253 41 15 om
254 1247 106 22 arvodet
387 1247 124 22 förblefve
541 1247 50 22 150
616 1247 80 26 mark,
725 1247 42 22 det
787 1246 94 23 äskade
900 1253 42 16 an-

181 1280 82 29 slaget
283 1281 96 26 36,000
398 1282 71 21 mark
489 1282 62 21 ökas
567 1282 57 21 med
638 1281 34 22 50
683 1279 27 32 %j,
724 1281 59 22 eller
797 1281 35 22 till
846 1281 96 26 54,000

182 1315 80 26 mark,
283 1321 52 16 som
355 1315 81 22 skulle
456 1316 95 22 fördela
571 1316 39 28 sig
629 1317 14 20 a
665 1315 103 26 12,000,
788 1315 94 26 18,000
896 1315 45 22 och

181 1349 98 26 24,000
297 1349 72 22 mark
388 1349 33 28 pä
440 1350 31 22 de
491 1350 80 22 skilda
591 1350 68 22 ären.

251 1383 12 22 I
283 1383 48 22 den
359 1384 95 29 nådiga
481 1384 190 28 propositionen
699 1383 129 23 meddelas
850 1382 92 30 grund-

181 1417 98 29 dragen
299 1417 25 22 af
342 1418 49 22 den
419 1418 152 29 kungörelse
590 1418 7 22 i
617 1419 91 25 ämnet,
735 1424 53 16 som
808 1417 79 22 skulle
906 1418 36 20 ut-

180 1451 96 27 färdas,
289 1452 8 21 i
310 1451 122 23 händelse
451 1452 142 23 Ständerna
607 1452 128 29 beviljade
749 1452 91 22 äskadt
854 1451 88 28 anslag
