1034 1659
295 107 28 22 U.
339 107 27 21 B.
382 119 27 3 —
424 106 73 28 Prop.
513 106 41 23 N:o
570 106 36 22 26.
774 107 27 21 43

141 164 116 27 Angående
273 164 36 21 det
324 164 78 26 belopp
417 164 6 20 i
439 164 135 22 förhållande
588 164 32 21 till
633 170 25 15 en
670 164 66 21 banas
747 164 84 26 anlägg-

73 199 159 27 ningskostnad,
252 198 82 22 hvilket
354 198 66 22 borde
435 198 71 22 såsom
522 198 131 27 statsbidrag
668 198 88 26 lemnas,
771 204 60 15 anser

72 234 164 21 kommissionen
250 234 31 20 att
293 233 70 27 någon
371 233 93 27 generell
472 240 60 14 norm
542 233 47 21 icke
597 233 43 21 kan
648 232 124 28 uppställas,
780 234 51 20 utan

72 268 67 21 finner
162 268 36 21 det
222 268 207 26 ändamålsenligast,
448 269 33 19 att
499 268 126 27 regeringen
645 268 33 20 för
696 267 73 27 hvarje
788 269 43 19 sär-

72 302 66 22 skildt
152 302 45 26 fall,
212 302 55 21 efter
277 302 98 26 pröfning
387 301 22 21 af
418 302 214 21 förhandenvarande
644 302 186 26 omständigheter,

74 337 60 26 afgör
149 336 110 28 huruvida,
279 337 3 20 i
299 336 54 21 hvad
371 336 54 21 form
442 336 39 21 och
497 336 33 21 till
545 337 57 21 hvad
618 336 76 27 belopp
710 337 69 20 staten
792 336 39 20 bör

74 372 70 21 lemna
159 370 117 22 understöd
289 370 33 21 till
337 372 32 20 ett
383 371 111 27 planlagdt
507 370 192 28 jernvägsföretag.

141 406 41 20 Vid
203 406 54 21 1894
276 405 35 21 års
329 405 102 27 landtdag
453 405 49 21 kom
518 405 75 27 frågan
610 412 34 14 om
660 405 122 21 subvention
798 404 33 22 för

72 440 83 27 privata
171 440 113 27 jernvägar
303 440 67 20 under
389 439 129 27 behandling
538 440 7 20 i
562 439 206 27 jernvägsutskottet
783 439 47 21 med

72 474 115 27 anledning
203 474 22 20 af
239 480 26 14 en
277 474 33 20 till
322 473 168 27 Borgarståndet
500 474 109 21 inlemnad
620 474 113 27 petitition,
744 474 86 20 hvilken

74 508 24 22 af
112 509 85 21 ståndet
207 508 150 21 remitterades
372 508 33 21 till
423 509 169 21 statsutskottet.
622 508 10 21 I
648 508 60 21 detta
723 508 107 22 memorial

73 545 62 25 säges
150 543 29 21 bl.
196 549 28 15 a.:
244 543 60 27 ,Med
320 543 109 27 undantag
444 543 23 21 af
481 543 63 27 högst
558 543 22 21 få
596 543 90 21 bibanor
701 543 73 21 består
784 543 47 21 vårt

72 578 138 27 jernvägsnät
221 578 117 20 tillsvidare
349 578 75 20 endast
435 577 23 21 af
467 578 71 20 nakna
549 580 108 19 stammar.
676 577 29 21 Af
714 577 117 21 detsamma

72 612 43 21 kan
130 612 84 21 derföre
232 612 106 26 påräknas
354 612 95 20 hvarken
465 612 28 21 all
509 612 41 21 den
566 614 60 25 nytta
642 612 32 20 för
690 612 82 20 landets
787 612 42 21 för-

72 646 76 22 kofran
172 647 5 20 i
202 646 134 21 ekonomiskt
355 646 122 21 hänseende
497 646 53 21 eller
568 646 41 21 den
628 646 84 21 direkta
730 646 99 26 inkomst,

72 687 46 15 som
136 688 51 14 vore
206 682 32 20 att
256 682 81 20 emotse
355 680 45 22 ifall
420 681 62 21 dessa
501 682 103 20 stammar
620 681 52 26 egde
687 682 45 20 täta
747 687 82 21 grenar.

73 716 32 21 En
129 716 101 26 jernvägs
256 715 95 27 förmåga
377 717 32 19 att
436 715 114 21 framkalla
572 716 39 21 och
634 716 112 26 uppsamla
768 715 62 21 trafik

73 750 97 21 sträcker
189 750 38 26 sig,
243 750 68 20 såsom
327 749 73 27 kändt,
416 750 48 20 icke
479 750 60 27 långt
554 750 22 22 åt
592 750 86 21 sidorna
694 750 39 21 och
748 750 83 27 aftager

74 785 6 21 i
96 784 48 21 vida
159 784 107 26 hastigare
286 784 124 27 proportion
426 786 26 19 än
469 784 135 22 distanserna
619 784 93 21 tillväxa.
742 784 89 26 Härige-

74 825 49 16 nom
142 818 73 22 kunna
232 818 81 22 sådana
332 818 36 22 fall
388 818 91 27 inträffa,
496 821 33 19 att
544 825 25 15 en
584 819 88 27 jernväg
687 818 33 22 för
735 824 25 16 en
775 818 54 22 ifrån

74 854 122 22 densamma
219 854 27 26 på
265 855 31 19 ett
314 854 53 20 visst
385 854 84 21 afstånd
489 854 89 26 belägen
599 856 33 19 ort
648 854 40 20 kan
704 853 66 21 blifva
785 854 46 21 icke

73 888 91 22 allenast
182 888 130 26 fullkomligt
331 888 83 27 onyttig
429 891 52 18 utan
497 888 33 21 till
547 888 39 21 och
603 888 47 21 med
666 888 88 26 skadlig.
787 888 43 20 Den

74 924 40 24 ort,
127 922 115 28 jernvägen
265 924 95 19 närmast
382 922 69 26 berör,
475 922 92 22 erhåller
587 923 45 21 deri
652 924 30 19 ett
701 922 23 21 så
742 922 89 27 kraftigt

74 956 127 28 hjelpmedel
223 956 33 22 för
273 957 46 21 sina
339 957 101 21 existens-
460 957 40 21 och
519 957 216 27 produktionsvilkor,
756 959 31 19 att
806 962 25 15 en

74 997 69 15 annan
162 991 7 21 i
188 991 80 21 saknad
287 991 64 21 häraf
370 991 96 27 befintlig
485 993 32 19 ort
537 991 47 21 icke
599 991 73 21 vidare
687 991 42 21 kan
745 992 7 20 i
767 990 64 22 täflan

73 1025 97 26 uthärda,
190 1027 51 19 utan
260 1026 85 26 bringas
365 1026 32 20 till
416 1026 144 26 borttynande
579 1026 39 21 och
636 1026 112 21 utdöende.
768 1026 64 20 Detta

75 1060 132 21 förhållande
225 1062 38 24 gör
283 1060 31 26 sig
333 1060 124 27 isynnerhet
472 1060 111 21 märkbart
598 1060 90 21 emellan
704 1060 129 26 närbelägna

76 1096 70 19 större
162 1094 39 21 och
216 1094 81 21 mindre
313 1094 145 26 trafikcentra,
474 1094 7 21 i
497 1094 36 21 det
548 1096 33 19 att
596 1094 27 21 de
634 1097 57 18 stora
701 1094 131 27 småningom

74 1128 85 22 komma
182 1130 32 19 att
236 1128 78 22 förinta
337 1128 26 21 de
385 1128 52 22 små.
467 1128 42 21 Vid
524 1128 64 28 ytligt
603 1128 140 22 betraktande
762 1128 71 22 kunde

75 1169 48 15 man
146 1163 63 27 tycka
228 1164 32 20 att
279 1162 81 22 skadan
379 1162 66 22 häraf
460 1162 33 22 för
512 1162 74 22 landet
604 1163 7 21 i
630 1162 48 22 dess
696 1163 72 21 helhet
783 1169 50 15 vore

74 1197 61 27 ringa
150 1198 52 20 eller
216 1197 69 27 ingen.
309 1198 37 20 Ett
362 1197 76 21 sådant
453 1197 175 21 betraktelsesätt
638 1197 66 21 måste
716 1197 117 21 emellertid

76 1237 52 15 vara
143 1233 63 25 orätt,
222 1232 27 20 då
264 1234 31 18 ett
310 1232 51 20 land
377 1231 60 21 äfven
453 1232 7 20 i
476 1232 136 20 ekonomiskt
627 1231 121 21 hänseende
764 1231 69 21 bildar

75 1272 26 15 en
124 1266 100 27 organisk
248 1266 78 26 helhet,
345 1266 32 20 uti
398 1266 86 21 hvilken
503 1266 101 26 samtliga
622 1266 58 21 delar
699 1268 36 19 äro
756 1266 77 21 solida-

75 1300 76 21 riska.*

143 1334 237 22 Petitionsmemorialet
393 1334 124 22 föranledde
528 1335 124 26 visserligen
662 1335 46 21 icke
719 1334 33 22 till
763 1334 71 21 direkt

74 1368 76 27 ätgärd
169 1368 45 22 frän
235 1368 130 22 Ständernas
383 1369 53 25 sida,
457 1369 89 21 emedan
566 1369 159 21 statsutskottet
740 1369 18 26 ej
774 1368 59 22 med-

75 1402 57 22 hann
148 1403 48 21 dess
211 1402 144 27 behandling;
365 1409 48 15 men
427 1403 214 27 jernvägsutskottet,
658 1404 32 20 till
706 1403 80 21 hvilket
798 1403 36 21 det

142 1454 180 23 Jernvägsutskottets
335 1454 112 18 betdnkande
459 1454 37 18 N:o
509 1455 14 17 1.
