1039 1656
311 141 29 23 U.
355 142 27 22 B.
399 154 26 3 —
441 141 73 28 Prop.
531 142 43 22 N:o
590 142 36 22 24.
821 142 26 20 13

90 210 114 23 afhändas.
226 210 45 22 För
286 212 34 20 att
334 210 119 22 emellertid
468 210 81 28 tydligt
564 210 116 22 framhålla
691 210 39 22 den
741 209 108 22 enskildes

89 247 52 25 rätt,
158 245 38 21 och
212 244 34 22 till
256 244 163 28 förebyggande
430 244 24 22 af
460 247 34 19 att
502 245 147 21 kostnaderna
656 244 35 23 för
697 244 153 28 förändringar

90 280 8 22 i
113 280 118 22 bestående
246 279 151 22 förhållanden
412 280 69 22 varda
491 280 61 22 öfver
563 279 80 23 höfvan
654 279 144 28 betungande,
810 279 40 21 har

91 314 113 22 Utskottet
220 314 71 22 funnit
306 314 33 27 sig
354 314 120 22 föranlåtet
488 316 35 20 att
537 314 7 21 i
556 316 116 20 momentet
682 314 92 27 tillägga
784 313 66 22 orden

93 349 52 27 »och
168 355 58 15 mera
249 348 123 28 betydande
394 348 313 28 expropriationskostnader”.
722 360 27 4 —
764 348 45 21 För
823 354 27 15 en

92 389 71 15 annan
179 383 92 27 ändring
286 383 7 21 i
309 385 12 19 5
336 382 12 29 &
364 383 38 21 ber
417 383 114 21 Utskottet
546 384 33 20 att
595 383 23 21 få
633 383 106 27 redogöra
753 382 38 22 vid
805 382 12 28 $
829 384 20 19 9.

161 418 65 21 Emot
242 420 12 19 8
270 419 11 26 &
297 418 39 20 har
350 418 56 21 inom
422 418 114 21 Utskottet
551 418 112 21 anmärkts
678 418 70 21 såsom
758 423 27 15 en
795 416 55 22 orik-

93 452 72 27 tighet
180 454 34 19 att
230 452 41 21 den
286 452 137 27 berättigade
438 452 139 28 Regeringen
589 454 34 20 att
632 451 56 22 efter
698 450 153 29 godtfinnande

93 486 49 22 från
165 493 27 15 en
214 487 100 21 kommun
333 487 28 27 på
381 493 26 15 en
423 493 72 15 annan
511 486 124 28 öfverflytta
652 492 27 16 en
694 488 74 25 tunga,
784 492 44 15 som
844 484 7 22 i

93 520 78 28 sjelfva
186 521 78 22 verket
278 523 25 19 är
318 521 41 22 den
374 520 77 28 förras,
468 521 89 22 emedan
573 521 42 21 den
631 523 24 19 är
664 520 130 28 förknippad
804 519 48 22 med

94 556 37 21 det
146 555 94 27 område,
256 562 44 15 som
316 558 24 19 är
354 556 70 27 sagda
439 556 117 21 kommuns.
572 569 28 3 —
610 555 114 22 Utskottet
735 554 60 22 delar
804 554 47 22 icke

94 590 71 22 denna
179 590 148 28 uppfattning.

163 624 167 28 Fattigvården,
346 631 44 15 som
406 626 26 20 är
448 624 40 22 den
504 624 167 28 angelägenhet,
680 624 87 21 hvilken
778 623 7 21 i
795 622 57 22 före-

94 659 96 21 varande
213 660 11 26 8
248 659 76 22 främst
340 659 91 27 åsyftas,
448 661 24 19 är
487 659 69 27 något
570 665 45 15 som
631 660 72 20 staten
719 658 61 27 ålagt
795 657 57 21 kom-

95 699 103 16 munerna
213 694 8 20 i
235 694 80 27 landet,
331 693 91 23 hvarvid
438 694 42 21 den
495 693 95 22 fördelat
605 695 84 25 tungan
705 692 46 22 dem
763 691 90 22 emellan

95 728 31 27 så,
143 730 34 19 att
192 728 54 22 hvar
260 728 99 22 kommun
374 728 69 27 enligt
458 728 74 27 regeln
548 727 57 22 skall
621 727 58 27 sörja
694 726 34 22 för
743 726 53 26 dem,
807 732 45 15 som

95 764 38 19 äro
155 763 138 21 kommunens
311 769 56 21 egna
382 763 144 21 medlemmar.
556 762 51 22 Men
623 761 88 22 emedan
727 762 32 20 ett
773 760 80 22 undan-

95 796 94 28 tagslöst
211 797 138 21 vidhållande
372 797 25 21 af
413 797 71 21 denna
503 797 59 27 regel
578 796 69 22 skulle
662 796 50 21 leda
727 795 33 21 till
775 801 27 15 en
818 794 37 22 all-

97 831 58 21 deles
174 831 93 22 orättvis
282 831 123 27 fördelning
421 831 24 21 af
459 831 170 27 ifrågavarande
645 832 74 26 tunga,
735 830 40 21 har
790 829 64 27 lagen

96 865 99 28 nödgats,
220 866 48 21 med
290 866 117 21 afvikande
430 866 49 21 från
502 866 69 27 sagda
593 865 67 27 regel,
683 864 34 22 för
734 864 59 22 vissa
816 863 39 21 fall

96 900 99 21 meddela
218 900 161 28 bestämningar
401 900 153 27 innebärande,
572 902 33 19 att
620 906 27 15 en
662 900 99 20 kommun
776 898 79 22 varder

96 934 88 28 skyldig
207 936 33 20 att
262 935 90 21 bekosta
375 934 122 28 fattigvård
520 934 65 22 äfven
608 934 34 21 för
657 940 107 21 personer,
780 932 75 22 hvilka

97 969 69 27 enligt
188 969 38 27 lag
248 971 37 20 äro
308 969 135 22 medlemmar
458 969 25 21 af
496 976 72 14 annan
583 969 100 21 kommun
699 969 31 26 (se
745 968 21 21 k.
782 967 15 21 f.
814 967 41 22 den

99 1005 26 19 17
141 1004 59 21 Mars
217 1006 55 19 1879
289 1010 49 21 ang.
354 1004 109 21 allmänna
479 1003 151 27 fattigvården
646 1004 25 26 $$
687 1002 100 28 20—23).
811 1002 44 22 Och

99 1037 36 22 det
157 1038 69 21 måste
242 1038 7 21 i
264 1038 97 27 enlighet
376 1039 88 21 härmed
480 1045 63 15 anses
559 1044 54 16 vara
628 1037 49 22 fullt
693 1037 163 22 öfverensstäm-

97 1072 78 22 mande
198 1073 47 21 med
268 1073 81 27 riktiga
364 1073 114 27 principer,
499 1079 33 15 om
548 1073 36 27 lag
601 1072 64 22 äfven
681 1072 6 21 i
704 1072 69 21 andra
787 1070 45 27 fall,
848 1071 7 21 i

97 1107 76 20 hvilka
188 1107 42 21 den
245 1107 107 21 allmänna
367 1107 85 28 regelns
468 1107 140 27 tillämpande
623 1107 70 21 skulle
707 1105 112 23 föranleda
831 1111 26 16 en

98 1141 89 21 alldeles
203 1141 70 28 ojemn
288 1142 39 21 och
342 1142 76 27 obillig
428 1141 124 28 fördelning
562 1141 25 22 af
596 1142 41 21 den
647 1141 210 28 fattigvårdstunga,

98 1177 73 19 staten
186 1176 62 27 ålagt
262 1177 159 24 kommunerna,
437 1176 110 21 meddelar
562 1176 163 27 bestämningar
739 1182 34 15 om
783 1176 32 20 ett
825 1176 32 20 ut-

96 1209 116 28 jemnande
235 1210 25 21 af
278 1211 26 21 de
319 1211 145 27 olägenheter,
480 1217 45 15 som
541 1213 37 19 äro
594 1210 143 27 förknippade
753 1209 48 22 med
817 1209 40 22 den

99 1243 24 22 af
144 1243 37 28 lag
203 1244 116 22 faststälda
338 1245 108 22 allmänna
463 1245 157 27 grundsatsens
636 1245 145 26 användning.
812 1243 46 22 Och

99 1280 35 19 att
156 1278 39 21 här
215 1279 47 27 just
284 1279 107 28 föreligga
414 1279 82 22 sådana
520 1279 38 22 fall
574 1279 62 22 torde
651 1279 7 22 i
675 1279 36 22 det
726 1278 133 28 föregående

99 1318 54 16 vara
175 1313 136 27 ådagalagdt
334 1315 32 25 (se
388 1314 40 21 sid.
452 1316 12 19 5
488 1313 14 22 f.
520 1314 39 21 här
574 1313 81 28 ofvan).
686 1314 113 21 Utskottet
822 1319 36 15 an-

99 1353 35 15 ser
156 1347 35 27 sig
214 1347 72 22 derför
309 1348 52 21 böra
383 1348 111 27 tillstyrka
517 1348 159 27 godkännande
696 1347 24 22 af
737 1349 12 25 8
769 1350 19 23 8,
805 1347 54 21 dock

99 1381 49 21 med
171 1387 25 15 en
213 1381 82 22 mindre
310 1382 92 28 ändring
418 1383 154 26 innebärande,
589 1385 34 19 att
638 1389 33 15 om
687 1383 26 21 de
728 1383 130 25 kommuner,

99 1415 76 22 hvilka
189 1416 68 21 saken
272 1419 96 19 närmast
383 1419 66 25 rörer,
466 1417 79 27 sjelfva
560 1418 74 21 kunna
644 1417 95 28 lagligen
750 1416 108 22 öfverens-

169 1455 207 19 Kommunalutskottets
388 1457 112 18 betänkande
511 1457 35 18 N:o
560 1458 16 17 6.
