1039 1659
317 151 30 23 U.
362 152 28 22 B.
406 164 27 3 —
448 151 75 29 Prop.
539 151 43 23 N:o
598 151 37 23 25.
830 152 25 20 15

98 220 74 26 grund
195 220 68 21 häraf
284 220 50 21 skäl
350 220 104 27 förelåge,
473 223 32 18 att
521 220 52 22 med
589 220 107 22 afseende
712 220 13 21 å
741 220 118 28 pensione-

97 254 51 27 ring
169 254 25 21 af
213 254 118 22 städernas
353 255 284 27 folkskollärarepersonal
660 254 77 21 afvika
756 254 50 21 från
822 254 37 21 det

97 288 80 28 gjorda
185 288 107 27 förslaget
302 296 38 14 om
349 289 249 27 pensionsförhöjning,
607 290 54 20 eller
672 291 32 19 att
714 289 34 21 för
759 288 100 27 bidrags-

99 322 158 28 skyldigheten
280 322 91 27 vidtaga
390 323 124 27 ändringar
529 323 7 21 i
552 330 32 14 nu
600 323 104 27 gällande
721 322 138 22 föreskrifter

98 356 7 21 i
121 358 83 20 ämnet.

167 391 144 21 Beträffande
326 391 204 27 budgettillskottet
545 392 35 20 för
599 391 156 21 instundande
774 391 85 21 finans-

99 425 79 27 period
195 426 72 20 mäste
283 426 167 26 förhöjningen,
462 426 29 20 dä
502 426 174 27 anslagsposten
688 426 77 20 säsom
779 424 81 22 nämdt

97 459 50 21 icke
171 459 114 22 beräknas
300 460 7 20 i
323 460 143 21 förhällande
490 460 34 21 till
540 460 190 27 pensionärernes
747 460 61 20 antal
824 459 35 21 för

98 494 70 26 tiden,
184 494 97 21 influera
297 494 52 20 med
365 494 63 26 25%
444 494 30 27 pä
489 494 52 21 hela
557 494 173 28 anslagsposten
748 494 44 21 och
807 493 50 21 icke

99 528 81 21 endast
195 528 30 27 pä
241 528 175 26 ärstillskotten
416 524 9 36 ;
432 529 45 21 och
492 529 98 21 erhälles
606 528 70 27 enligt
691 528 72 21 sädan
778 528 79 20 beräk-

99 562 149 27 ningsgrund,
271 563 7 20 i
294 563 73 21 stället
387 563 34 21 för
436 562 45 22 den
496 563 7 20 i
519 563 45 21 den
580 563 83 26 nädiga
684 562 175 28 propositionen

99 599 117 25 upptagna
230 597 173 27 anslagsposten
415 597 77 26 76,800
503 597 40 21 mk
556 604 28 14 en
596 598 138 20 slutsumma
746 596 25 21 af
779 596 78 26 96,000

101 630 48 27 mk,
165 631 55 21 eller
235 638 57 20 resp.
309 632 83 25 30,375,
409 632 77 25 32,000
502 632 44 20 och
556 632 77 23 33,725
646 631 39 21 mk
696 631 36 21 för
742 631 27 20 de
781 630 75 21 skilda

100 664 61 22 ären.

169 698 8 21 I
195 699 50 21 stöd
261 699 25 21 af
298 700 61 20 hvad
382 700 113 20 Utskottet
510 699 99 21 sålunda
625 699 81 26 anfört,
723 699 44 21 och
783 699 30 21 dä
828 701 30 18 ett

99 733 169 26 godkännande
291 734 25 20 af
336 734 124 21 Utskottets
484 734 83 26 förslag
586 734 174 26 nödvändiggör
775 740 28 14 en
820 734 38 20 än-

71 772 4 2 *
99 766 66 28 dring
181 767 24 21 af
218 767 28 21 de
261 768 177 26 bestämningar,
455 774 50 15 som
521 775 32 13 nu
569 768 60 26 gälla
644 767 141 21 beträffande
802 767 56 21 folk-

99 801 274 28 skollärarepersonalens
389 802 169 27 pensionering,
569 802 35 20 fär
617 802 113 20 Utskottet
741 802 118 20 vördsamt

99 835 83 22 föreslä

374 872 32 19 att
424 871 123 21 Ständerna
571 871 48 20 ville
640 871 40 20 hos
698 871 65 20 Hans
777 870 81 28 Kejser-

306 905 43 27 liga
365 906 99 26 Majestät
480 905 6 21 i
502 905 175 27 underdänighet
688 905 93 21 anhälla
794 906 32 19 att
834 905 26 20 de

305 939 8 21 i
327 940 54 27 Kejs.
396 940 158 27 förordningen
571 940 28 27 af
610 940 40 20 den
668 940 12 20 5
696 939 88 27 augusti
797 940 62 23 1886,

305 974 113 26 angäende
428 974 306 27 folkskollärarepersonalens
742 973 8 21 i
757 973 102 21 städerna

305 1008 40 20 och
366 1009 31 26 pä
421 1008 73 20 landet
512 1008 162 28 pensionering,
693 1008 167 27 folkskollärare

305 1042 40 20 och
372 1042 126 20 lärarinnor
526 1042 160 28 tillförsäkrade
710 1041 149 28 pensionsför-

304 1077 78 20 mäner
404 1077 66 20 måtte
492 1077 51 27 utgå
567 1076 51 27 efter
640 1083 26 13 en
690 1076 122 26 beräkning
836 1075 27 27 af

306 1110 63 25 1,000
377 1110 65 21 mark
454 1110 36 27 för
501 1111 71 20 lärare
582 1110 40 21 och
633 1111 41 20 750
682 1111 65 20 mark
756 1110 37 27 för
804 1110 56 20 lära-

304 1144 67 21 rinna
389 1145 74 20 säsom
472 1144 43 28 full
525 1144 99 28 pension,
638 1145 112 27 äfvensom
764 1145 32 19 att
806 1144 53 20 här-

304 1178 28 28 af
341 1178 102 28 betingad
454 1179 97 27 ändring
563 1180 66 20 måtte
640 1178 7 21 i
658 1179 92 27 lydelsen
760 1178 27 28 af
791 1177 69 28 sagda

303 1212 131 28 förordning
450 1213 109 27 vidtagas;
574 1215 60 19 samt

373 1248 32 19 att
416 1247 124 21 Ständerna
552 1247 36 27 för
598 1248 52 20 ären
663 1247 53 20 1898
729 1241 59 38 —1900
812 1245 48 21 ville

305 1281 63 20 anslä
392 1281 32 21 till
441 1282 155 26 pensionering
616 1281 28 27 af
661 1282 71 20 lärare
744 1281 40 20 och
801 1280 59 20 lära-

304 1315 78 21 rinnor
407 1315 37 21 vid
466 1315 120 28 folkskolor
610 1316 32 26 pä
670 1316 73 20 landet
769 1314 92 25 130,800

306 1350 65 20 mark
386 1350 40 20 och
438 1350 36 26 för
484 1349 155 28 pensionering
652 1349 27 27 af
689 1350 71 20 lärare
774 1348 40 21 och
828 1349 32 19 lä-

303 1383 105 21 rarinnor
425 1383 37 21 vid
475 1384 151 26 folkskolorna
643 1383 7 21 i
664 1384 102 20 städerna
782 1382 79 25 96,000

304 1417 71 21 mark.

165 1500 140 19 Statsutskottets
318 1501 111 19 betänkande
441 1502 36 18 N:o
492 1502 16 18 6.
