1028 1656
402 147 54 22 N:o
473 146 53 23 8?.

291 457 75 25 Hans
386 457 180 32 Kejserliga
583 457 160 32 Majestäts
761 456 81 32 nådiga

223 503 138 32 proposition
397 503 33 25 till
463 503 103 26 Finlands
596 503 101 31 Ständer,
727 502 115 33 angående

223 549 95 32 ändring
341 549 27 25 af
390 549 14 24 2
426 549 53 33 kap.
503 549 15 25 6
540 549 40 25 och
600 549 13 25 8
633 549 30 33 $$
682 552 54 22 samt
755 549 14 25 6
789 549 53 32 kap.

224 595 14 24 4
258 594 14 33 $
290 594 224 33 rättegångsbalken.

155 663 32 22 De
209 663 139 27 stadganden,
373 669 45 15 som
438 663 12 21 2
470 663 49 26 kap.
539 663 13 20 8
572 663 11 27 &
602 663 204 27 rättegångsbalken
820 662 24 21 af

89 699 53 20 1734
166 697 34 22 års
222 698 36 27 lag
273 698 40 21 och
328 697 79 27 nådiga
422 697 83 22 brefvet
524 697 23 22 af
565 697 39 22 den
620 698 13 21 5
652 697 115 21 november
787 697 54 22 1849

87 733 106 21 innehålla
207 732 109 28 angående
331 732 164 27 verkställighet
511 732 23 21 af
548 732 55 27 dom,
619 738 45 16 som
680 732 59 27 lyder
750 732 13 21 å
774 732 67 26 böter,

87 768 108 27 tillämpas
218 768 32 21 för
273 768 134 21 närvarande
430 768 90 21 sålunda
542 770 32 19 att
597 768 178 26 saköreslängder
796 766 46 22 från

87 802 83 22 landets
185 802 186 22 underdomstolar
387 802 76 22 endast
478 802 36 21 två
529 803 79 26 gånger
623 808 35 16 om
673 802 46 21 året
735 802 105 21 aflemnas

87 837 33 22 till
138 837 168 27 verkställighet,
323 837 39 21 och
379 837 111 21 enahanda
506 837 89 27 ordning
610 837 106 27 iakttages
731 837 6 21 i
753 836 89 22 allmän-

87 872 37 21 het
139 871 62 22 äfven
216 871 133 22 beträffande
366 871 27 21 de
409 871 6 21 i
430 871 68 27 högre
514 873 44 20 rätt
568 871 39 31 och
617 871 39 21 hos
667 878 69 14 annan
747 871 95 27 myndig-

87 906 37 22 het
139 906 91 21 ådömda
245 906 67 26 böter,
328 912 45 16 som
391 906 79 21 införas
485 907 7 20 i
507 906 158 26 saköreslängd.
691 906 7 21 I
712 906 53 27 följd
781 905 64 22 häraf

87 941 40 21 har
142 940 40 22 den
197 940 67 28 enligt
284 940 122 27 åberopade
426 941 82 26 lagrum
525 941 7 21 i
547 940 203 28 rättegångsbalken
766 940 78 21 krono-

88 975 62 27 fogde
173 974 112 28 åliggande
308 975 149 27 skyldigheten
477 977 32 19 att
524 975 46 22 före
587 978 62 18 nästa
664 976 46 26 ting
726 975 77 21 utsöka
819 975 25 21 de

88 1009 34 21 vid
137 1009 125 21 häradsrätt
277 1009 91 21 ädömda
384 1009 61 22 böter
461 1010 7 20 i
484 1010 25 20 de
523 1009 62 21 flesta
596 1009 36 21 fali
647 1009 46 22 icke
704 1010 82 20 kunnat
797 1009 47 21 full-

88 1046 70 25 göras,
174 1044 81 21 hvilket
270 1056 28 3 —
314 1044 6 21 i
336 1044 97 27 förening
448 1044 48 21 med
512 1044 137 21 föreskriften
666 1046 32 19 att
713 1044 33 21 för
757 1043 88 22 influtna

90 1078 129 22 bötesmedel
242 1078 55 21 skall
313 1078 39 21 hos
368 1080 132 25 guvernören
523 1078 108 22 redovisas
648 1078 27 27 på
690 1084 81 16 samma
789 1078 57 27 gång

89 1118 45 16 som
157 1112 32 22 för
212 1112 39 22 den
278 1113 107 21 allmänna
408 1112 192 28 kronouppbörden
619 1125 22 3 —
660 1113 44 21 ledt
723 1113 72 21 dertill
814 1114 32 20 att

89 1148 215 27 saköreslängdernas
321 1148 164 26 verkställighet
500 1148 82 26 ganska
597 1148 90 21 allmänt
702 1148 92 21 lemnats
809 1147 37 21 be-

89 1182 80 21 roende
187 1182 32 21 till
240 1182 50 21 dess
309 1182 59 22 tiden
385 1182 33 22 för
434 1182 40 22 den
490 1182 68 27 ärliga
573 1182 270 28 uppbördsredovisningen

89 1218 85 20 närmar
197 1216 42 27 sig;
260 1216 38 22 och
314 1218 51 20 enär
381 1216 89 22 sälunda
487 1223 25 15 en
529 1218 45 20 stor
597 1217 33 21 del
649 1216 24 22 af
690 1217 25 21 de
735 1222 109 21 personer,

89 1256 45 16 som
157 1251 67 21 sakna
246 1250 90 28 tillgäng
360 1253 33 19 att
416 1251 65 27 gälda
496 1251 48 21 dem
564 1251 90 21 ädömda
670 1251 67 26 böter,
753 1250 90 27 ungefär

89 1284 110 28 samtidigt
213 1285 46 21 frän
271 1285 48 21 hela
329 1286 76 21 landet
422 1285 132 27 införpassas
570 1286 32 21 till
618 1285 134 27 fängelserna
767 1285 34 21 för
812 1287 33 19 att

90 1319 86 21 försona
191 1319 95 27 böterna,
302 1320 40 20 har
357 1320 125 26 härigenom
499 1326 26 14 en
540 1320 117 26 periodiskt
668 1319 176 22 äterkommande

90 1353 182 28 Ofverbefolkning
290 1354 22 21 af
326 1354 85 21 landets
434 1354 106 27 fängelser
558 1353 134 22 framkallats
707 1354 66 21 under
789 1353 57 22 vissa

90 1389 55 20 tider
161 1387 23 22 af
198 1387 46 23 året
260 1389 48 20 med
324 1388 62 21 deraf
399 1388 137 27 härflytande
552 1388 131 27 svårigheter
699 1388 33 21 för
742 1388 104 27 fängelse-

90 1422 154 27 förvaltningen
269 1422 39 21 och
331 1422 66 21 vädor
422 1423 6 20 i
451 1423 91 21 sanitärt
564 1422 127 22 hänseende.
728 1422 10 21 I
761 1422 85 21 betrak-

90 1457 65 21 tande
177 1457 63 21 häraf
264 1457 38 22 och
330 1457 27 21 dä
381 1457 39 22 den
444 1457 123 22 nuvarande
590 1457 115 27 ordningen
727 1457 36 21 vid
786 1457 60 21 verk-
