1025 1656
311 129 20 23 U.
349 129 22 22 B.
388 141 27 3 —
432 128 63 28 Prop.
513 128 37 23 N:o
567 129 38 22 29.
775 129 27 20 37

82 193 103 21 nämdens
201 193 128 22 ordförande
346 201 49 21 eger
410 193 109 22 utskrifva
535 194 40 21 och
591 194 33 20 till
639 194 127 28 hästegaren
782 192 52 22 eller

82 229 54 21 hans
157 229 78 22 ombud
255 229 133 22 öfverlemna
408 236 26 14 en
450 229 13 21 å
478 230 102 20 ränteriet
595 230 8 20 i
619 228 130 29 länetästäld
765 229 69 21 anvis-

83 266 57 27 ning,
156 265 86 22 hvilken
261 264 39 23 bör
315 268 95 26 upptaga
425 265 116 21 aflåtarens
558 273 64 13 namn
638 265 41 21 och
696 265 138 28 ersättnings-

83 300 107 29 beloppet.

154 336 43 22 För
219 337 151 28 anvisningens
392 337 85 21 inlösen
501 344 49 22 eger
574 336 160 22 vederbörande
756 336 78 21 krono-

83 372 96 22 länsman
195 372 27 29 på
237 372 98 22 anmälan
351 372 98 22 meddela
466 372 117 29 skyndsam
599 372 168 28 handräckning.

427 445 12 27 s
456 445 34 20 32.

156 492 12 20 I
182 492 39 21 fall
236 492 173 29 mobiliseringen
424 492 78 22 träffar
517 491 56 22 blott
589 498 26 14 en
631 491 36 22 del
680 491 22 21 af
713 494 121 26 trupperna,

84 528 50 21 sker
153 528 108 21 aflåtande
281 528 23 21 af
319 528 73 22 hästar
407 528 77 22 endast
498 528 58 21 inom
572 527 27 22 de
616 526 108 27 områden,
739 534 46 14 som
800 526 35 22 för

84 563 82 22 enhvar
180 564 23 21 af
218 564 63 22 dessa
296 567 88 25 trupper
400 563 74 23 blifvit
490 563 117 22 bestämda.

402 666 57 17 KAP.
472 666 43 17 VIL

313 712 36 24 Om
364 712 77 24 besvär
457 712 39 24 och
511 712 88 30 klagan.

429 773 11 27 8
458 773 34 20 33.

155 818 82 22 Besvär
247 819 62 22 öfver
316 819 239 29 besigtningsnämdens
563 819 100 29 åtgärder
674 826 39 21 ega
723 818 48 22 icke
782 826 52 14 rum.

426 874 12 26 g
455 874 34 20 34.

155 920 85 29 Klagan
263 923 46 19 mot
327 920 93 22 medlem
440 921 8 21 i
470 920 197 29 besigtningsnämd
689 920 85 22 anföres
794 919 40 21 hos

83 955 146 27 Guvernören,
245 963 46 14 som
306 956 8 21 i
329 956 39 22 fall
384 956 22 22 af
419 956 39 28 fog
469 956 112 22 förordnar
592 956 33 21 till
635 956 44 21 åtal
690 956 57 21 inför
756 955 78 22 allmän

82 991 99 27 domstol,
201 999 34 14 om
251 992 77 28 klagan
348 992 66 28 angår
430 992 153 26 civilledamot,
597 1000 48 13 men
661 999 35 14 om
712 991 124 22 densamma

82 1027 65 28 angår
168 1027 172 22 militärledamot
356 1028 136 21 underrättar
508 1028 161 21 vederbörande
686 1026 148 23 befälhafvare

81 1063 9 21 i
100 1062 101 23 afseende
215 1063 12 21 å
238 1063 41 22 den
290 1063 81 29 åtgärd,
381 1063 88 22 hvartill
482 1063 77 22 sakens
574 1063 154 22 beskaffenhet
738 1063 41 21 kan
790 1061 45 22 för-

82 1098 82 22 anleda.

396 1166 56 17 KAP.
466 1166 52 17 VIII.

89 1211 37 23 Om
141 1217 80 18 ansvar
235 1210 34 25 för
284 1210 152 25 öfverträdelse
452 1211 24 24 af
492 1211 169 30 föreskrifterna
676 1211 9 24 i
700 1211 70 24 denna
785 1212 43 28 lag.

423 1267 12 26 g
452 1267 34 20 35.

152 1313 47 21 Har
214 1313 69 29 någon
298 1316 52 19 utan
365 1313 48 29 laga
429 1313 47 22 skäl
493 1313 128 21 försummat
637 1315 32 19 att
683 1313 34 21 till
733 1311 102 22 mantals-

80 1348 65 29 längd
164 1349 99 22 meddela
282 1349 92 28 uppgift,
394 1349 91 21 hvarom
505 1349 8 21 i
529 1350 12 27 8
559 1350 26 20 16
602 1348 94 29 stadgas,
712 1348 52 21 eller
778 1354 56 21 upp-

80 1384 90 29 såtligen
185 1384 103 22 aflemnat
303 1384 149 22 vilseledande
470 1384 93 29 uppgift,
579 1384 50 22 böte
647 1384 63 29 högst
720 1381 116 24 etthundra

80 1420 67 21 mark.

151 1461 207 18 Ekonomiutskottets
372 1461 127 18 betänkande
512 1461 38 18 N:o
564 1461 30 18 15.
