<?xml version="1.0" encoding="UTF-8"?>
<alto xmlns="http://www.loc.gov/standards/alto/ns-v3#" xmlns:xlink="http://www.w3.org/1999/xlink" xmlns:xsi="http://www.w3.org/2001/XMLSchema-instance" xsi:schemaLocation="http://www.loc.gov/standards/alto/ns-v3# http://www.loc.gov/alto/v3/alto-3-0.xsd">
	<Description>
		<MeasurementUnit>pixel</MeasurementUnit>
		<sourceImageInformation>
			<fileName>/tmp/tess_dk7_f3u9_input.PNG</fileName>
		</sourceImageInformation>
		<OCRProcessing ID="OCR_0">
			<ocrProcessingStep>
				<processingSoftware>
					<softwareName>tesseract 5.3.4</softwareName>
				</processingSoftware>
			</ocrProcessingStep>
		</OCRProcessing>
	</Description>
	<Layout>
		<Page WIDTH="1042" HEIGHT="1656" PHYSICAL_IMG_NR="0" ID="page_0">
			<PrintSpace HPOS="0" VPOS="0" WIDTH="1042" HEIGHT="1656">
				<ComposedBlock ID="cblock_0" HPOS="291" VPOS="143" WIDTH="569" HEIGHT="29">
					<TextBlock ID="block_0" HPOS="291" VPOS="143" WIDTH="569" HEIGHT="29">
						<TextLine ID="line_0" HPOS="291" VPOS="143" WIDTH="569" HEIGHT="29">
							<String ID="string_0" HPOS="291" VPOS="144" WIDTH="85" HEIGHT="22" WC="0.90" CONTENT="Ständ."/><SP WIDTH="17" VPOS="144" HPOS="376"/>
							<String ID="string_1" HPOS="393" VPOS="143" WIDTH="37" HEIGHT="23" WC="0.93" CONTENT="Sv."/><SP WIDTH="18" VPOS="143" HPOS="430"/>
							<String ID="string_2" HPOS="448" VPOS="157" WIDTH="27" HEIGHT="2" WC="0.91" CONTENT="—"/><SP WIDTH="16" VPOS="157" HPOS="475"/>
							<String ID="string_3" HPOS="491" VPOS="144" WIDTH="75" HEIGHT="28" WC="0.94" CONTENT="Prop."/><SP WIDTH="16" VPOS="144" HPOS="566"/>
							<String ID="string_4" HPOS="582" VPOS="144" WIDTH="43" HEIGHT="22" WC="0.95" CONTENT="N:o"/><SP WIDTH="16" VPOS="144" HPOS="625"/>
							<String ID="string_5" HPOS="641" VPOS="144" WIDTH="37" HEIGHT="22" WC="0.95" CONTENT="27."/><SP WIDTH="156" VPOS="144" HPOS="678"/>
							<String ID="string_6" HPOS="834" VPOS="144" WIDTH="26" HEIGHT="20" WC="0.95" CONTENT="25"/>
						</TextLine>
					</TextBlock>
				</ComposedBlock>
				<ComposedBlock ID="cblock_1" HPOS="106" VPOS="212" WIDTH="759" HEIGHT="268">
					<TextBlock ID="block_1" HPOS="106" VPOS="212" WIDTH="758" HEIGHT="164">
						<TextLine ID="line_1" HPOS="174" VPOS="212" WIDTH="687" HEIGHT="28">
							<String ID="string_7" HPOS="174" VPOS="212" WIDTH="119" HEIGHT="21" WC="0.92" CONTENT="Ständerna"/><SP WIDTH="15" VPOS="212" HPOS="293"/>
							<String ID="string_8" HPOS="308" VPOS="212" WIDTH="86" HEIGHT="28" WC="0.91" CONTENT="utbedja"/><SP WIDTH="14" VPOS="212" HPOS="394"/>
							<String ID="string_9" HPOS="408" VPOS="213" WIDTH="33" HEIGHT="27" WC="0.96" CONTENT="sig"/><SP WIDTH="15" VPOS="213" HPOS="441"/>
							<String ID="string_10" HPOS="456" VPOS="212" WIDTH="98" HEIGHT="28" WC="0.95" CONTENT="slutligen"/><SP WIDTH="15" VPOS="212" HPOS="554"/>
							<String ID="string_11" HPOS="569" VPOS="215" WIDTH="32" HEIGHT="18" WC="0.96" CONTENT="att"/><SP WIDTH="15" VPOS="215" HPOS="601"/>
							<String ID="string_12" HPOS="616" VPOS="212" WIDTH="35" HEIGHT="21" WC="0.93" CONTENT="för"/><SP WIDTH="11" VPOS="212" HPOS="651"/>
							<String ID="string_13" HPOS="662" VPOS="212" WIDTH="69" HEIGHT="21" WC="0.91" CONTENT="Eders"/><SP WIDTH="10" VPOS="212" HPOS="731"/>
							<String ID="string_14" HPOS="741" VPOS="212" WIDTH="120" HEIGHT="28" WC="0.96" CONTENT="Kejserliga"/>
						</TextLine>
						<TextLine ID="line_2" HPOS="106" VPOS="246" WIDTH="757" HEIGHT="29">
							<String ID="string_15" HPOS="106" VPOS="246" WIDTH="102" HEIGHT="28" WC="0.95" CONTENT="Majestät"/><SP WIDTH="22" VPOS="246" HPOS="208"/>
							<String ID="string_16" HPOS="230" VPOS="246" WIDTH="45" HEIGHT="21" WC="0.95" CONTENT="få"/><SP WIDTH="-7" VPOS="246" HPOS="275"/>
							<String ID="string_17" HPOS="268" VPOS="242" WIDTH="15" HEIGHT="37" WC="0.93" CONTENT="i"/><SP WIDTH="13" VPOS="242" HPOS="283"/>
							<String ID="string_18" HPOS="296" VPOS="246" WIDTH="168" HEIGHT="29" WC="0.92" CONTENT="underdånighet"/><SP WIDTH="22" VPOS="246" HPOS="464"/>
							<String ID="string_19" HPOS="486" VPOS="246" WIDTH="118" HEIGHT="28" WC="0.96" CONTENT="framlägga"/><SP WIDTH="21" VPOS="246" HPOS="604"/>
							<String ID="string_20" HPOS="625" VPOS="247" WIDTH="45" HEIGHT="21" WC="0.96" CONTENT="sina"/><SP WIDTH="13" VPOS="247" HPOS="670"/>
							<String ID="string_21" HPOS="683" VPOS="246" WIDTH="78" HEIGHT="21" WC="0.96" CONTENT="åsikter"/><SP WIDTH="15" VPOS="246" HPOS="761"/>
							<String ID="string_22" HPOS="776" VPOS="246" WIDTH="87" HEIGHT="21" WC="0.94" CONTENT="rörande"/>
						</TextLine>
						<TextLine ID="line_3" HPOS="106" VPOS="280" WIDTH="758" HEIGHT="28">
							<String ID="string_23" HPOS="106" VPOS="284" WIDTH="77" HEIGHT="18" WC="0.93" CONTENT="tvenne"/><SP WIDTH="23" VPOS="284" HPOS="183"/>
							<String ID="string_24" HPOS="206" VPOS="280" WIDTH="76" HEIGHT="28" WC="0.93" CONTENT="frågor,"/><SP WIDTH="22" VPOS="280" HPOS="282"/>
							<String ID="string_25" HPOS="304" VPOS="280" WIDTH="73" HEIGHT="22" WC="0.96" CONTENT="hvilka"/><SP WIDTH="15" VPOS="280" HPOS="377"/>
							<String ID="string_26" HPOS="392" VPOS="280" WIDTH="37" HEIGHT="22" WC="0.96" CONTENT="vid"/><SP WIDTH="15" VPOS="280" HPOS="429"/>
							<String ID="string_27" HPOS="444" VPOS="280" WIDTH="184" HEIGHT="28" WC="0.96" CONTENT="handläggningen"/><SP WIDTH="15" VPOS="280" HPOS="628"/>
							<String ID="string_28" HPOS="643" VPOS="280" WIDTH="23" HEIGHT="21" WC="0.96" CONTENT="af"/><SP WIDTH="15" VPOS="280" HPOS="666"/>
							<String ID="string_29" HPOS="681" VPOS="280" WIDTH="26" HEIGHT="21" WC="0.96" CONTENT="de"/><SP WIDTH="15" VPOS="280" HPOS="707"/>
							<String ID="string_30" HPOS="722" VPOS="280" WIDTH="32" HEIGHT="21" WC="0.93" CONTENT="till"/><SP WIDTH="16" VPOS="280" HPOS="754"/>
							<String ID="string_31" HPOS="770" VPOS="280" WIDTH="94" HEIGHT="21" WC="0.91" CONTENT="kommu-"/>
						</TextLine>
						<TextLine ID="line_4" HPOS="106" VPOS="314" WIDTH="758" HEIGHT="29">
							<String ID="string_32" HPOS="106" VPOS="314" WIDTH="196" HEIGHT="22" WC="0.90" CONTENT="nikationsfondens"/><SP WIDTH="22" VPOS="314" HPOS="302"/>
							<String ID="string_33" HPOS="324" VPOS="314" WIDTH="81" HEIGHT="29" WC="0.96" CONTENT="budget"/><SP WIDTH="17" VPOS="314" HPOS="405"/>
							<String ID="string_34" HPOS="422" VPOS="314" WIDTH="94" HEIGHT="22" WC="0.96" CONTENT="hörande"/><SP WIDTH="15" VPOS="314" HPOS="516"/>
							<String ID="string_35" HPOS="531" VPOS="314" WIDTH="176" HEIGHT="29" WC="0.96" CONTENT="angelägenheter"/><SP WIDTH="15" VPOS="314" HPOS="707"/>
							<String ID="string_36" HPOS="722" VPOS="314" WIDTH="72" HEIGHT="22" WC="0.93" CONTENT="blifvit"/><SP WIDTH="15" VPOS="314" HPOS="794"/>
							<String ID="string_37" HPOS="809" VPOS="314" WIDTH="55" HEIGHT="21" WC="0.92" CONTENT="före-"/>
						</TextLine>
						<TextLine ID="line_5" HPOS="107" VPOS="348" WIDTH="413" HEIGHT="28">
							<String ID="string_38" HPOS="107" VPOS="348" WIDTH="42" HEIGHT="22" WC="0.95" CONTENT="mål"/><SP WIDTH="15" VPOS="348" HPOS="149"/>
							<String ID="string_39" HPOS="164" VPOS="348" WIDTH="34" HEIGHT="21" WC="0.93" CONTENT="för"/><SP WIDTH="16" VPOS="348" HPOS="198"/>
							<String ID="string_40" HPOS="214" VPOS="348" WIDTH="128" HEIGHT="22" WC="0.92" CONTENT="Ständernas"/><SP WIDTH="16" VPOS="348" HPOS="342"/>
							<String ID="string_41" HPOS="358" VPOS="348" WIDTH="162" HEIGHT="28" WC="0.90" CONTENT="öfvervägande."/>
						</TextLine>
					</TextBlock>
					<TextBlock ID="block_2" HPOS="108" VPOS="382" WIDTH="757" HEIGHT="98">
						<TextLine ID="line_6" HPOS="176" VPOS="382" WIDTH="687" HEIGHT="29">
							<String ID="string_42" HPOS="176" VPOS="382" WIDTH="13" HEIGHT="22" WC="0.96" CONTENT="I"/><SP WIDTH="15" VPOS="382" HPOS="189"/>
							<String ID="string_43" HPOS="204" VPOS="383" WIDTH="41" HEIGHT="21" WC="0.96" CONTENT="den"/><SP WIDTH="15" VPOS="383" HPOS="245"/>
							<String ID="string_44" HPOS="260" VPOS="382" WIDTH="78" HEIGHT="29" WC="0.96" CONTENT="nådiga"/><SP WIDTH="14" VPOS="382" HPOS="338"/>
							<String ID="string_45" HPOS="352" VPOS="384" WIDTH="157" HEIGHT="27" WC="0.96" CONTENT="propositionen"/><SP WIDTH="15" VPOS="384" HPOS="509"/>
							<String ID="string_46" HPOS="524" VPOS="385" WIDTH="24" HEIGHT="19" WC="0.93" CONTENT="är"/><SP WIDTH="15" VPOS="385" HPOS="548"/>
							<String ID="string_47" HPOS="563" VPOS="383" WIDTH="81" HEIGHT="28" WC="0.92" CONTENT="antydt,"/><SP WIDTH="13" VPOS="383" HPOS="644"/>
							<String ID="string_48" HPOS="657" VPOS="386" WIDTH="32" HEIGHT="18" WC="0.96" CONTENT="att"/><SP WIDTH="10" VPOS="386" HPOS="689"/>
							<String ID="string_49" HPOS="699" VPOS="383" WIDTH="68" HEIGHT="21" WC="0.96" CONTENT="under"/><SP WIDTH="10" VPOS="383" HPOS="767"/>
							<String ID="string_50" HPOS="777" VPOS="382" WIDTH="22" HEIGHT="22" WC="0.96" CONTENT="år"/><SP WIDTH="12" VPOS="382" HPOS="799"/>
							<String ID="string_51" HPOS="811" VPOS="383" WIDTH="52" HEIGHT="21" WC="0.96" CONTENT="1897"/>
						</TextLine>
						<TextLine ID="line_7" HPOS="108" VPOS="417" WIDTH="757" HEIGHT="29">
							<String ID="string_52" HPOS="108" VPOS="424" WIDTH="26" HEIGHT="14" WC="0.96" CONTENT="en"/><SP WIDTH="19" VPOS="424" HPOS="134"/>
							<String ID="string_53" HPOS="153" VPOS="425" WIDTH="28" HEIGHT="20" WC="0.93" CONTENT="ny"/><SP WIDTH="15" VPOS="425" HPOS="181"/>
							<String ID="string_54" HPOS="196" VPOS="417" WIDTH="148" HEIGHT="28" WC="0.92" CONTENT="aflöningsstat"/><SP WIDTH="15" VPOS="417" HPOS="344"/>
							<String ID="string_55" HPOS="359" VPOS="418" WIDTH="99" HEIGHT="28" WC="0.96" CONTENT="möjligen"/><SP WIDTH="16" VPOS="418" HPOS="458"/>
							<String ID="string_56" HPOS="474" VPOS="417" WIDTH="53" HEIGHT="21" WC="0.95" CONTENT="skall"/><SP WIDTH="16" VPOS="417" HPOS="527"/>
							<String ID="string_57" HPOS="543" VPOS="417" WIDTH="68" HEIGHT="21" WC="0.96" CONTENT="blifva"/><SP WIDTH="15" VPOS="417" HPOS="611"/>
							<String ID="string_58" HPOS="626" VPOS="417" WIDTH="35" HEIGHT="21" WC="0.93" CONTENT="för"/><SP WIDTH="14" VPOS="417" HPOS="661"/>
							<String ID="string_59" HPOS="675" VPOS="418" WIDTH="190" HEIGHT="27" WC="0.91" CONTENT="statsjärnvägarna"/>
						</TextLine>
						<TextLine ID="line_8" HPOS="108" VPOS="451" WIDTH="102" HEIGHT="29">
							<String ID="string_60" HPOS="108" VPOS="451" WIDTH="102" HEIGHT="29" WC="0.96" CONTENT="gällande."/>
						</TextLine>
					</TextBlock>
				</ComposedBlock>
				<ComposedBlock ID="cblock_2" HPOS="108" VPOS="490" WIDTH="765" HEIGHT="985">
					<TextBlock ID="block_3" HPOS="108" VPOS="490" WIDTH="759" HEIGHT="235">
						<TextLine ID="line_9" HPOS="176" VPOS="490" WIDTH="690" HEIGHT="30">
							<String ID="string_61" HPOS="176" VPOS="490" WIDTH="36" HEIGHT="22" WC="0.96" CONTENT="Då"/><SP WIDTH="22" VPOS="490" HPOS="212"/>
							<String ID="string_62" HPOS="234" VPOS="491" WIDTH="69" HEIGHT="21" WC="0.96" CONTENT="denna"/><SP WIDTH="22" VPOS="491" HPOS="303"/>
							<String ID="string_63" HPOS="325" VPOS="491" WIDTH="61" HEIGHT="29" WC="0.96" CONTENT="fråga"/><SP WIDTH="22" VPOS="491" HPOS="386"/>
							<String ID="string_64" HPOS="408" VPOS="494" WIDTH="22" HEIGHT="18" WC="0.93" CONTENT="är"/><SP WIDTH="22" VPOS="494" HPOS="430"/>
							<String ID="string_65" HPOS="452" VPOS="491" WIDTH="97" HEIGHT="29" WC="0.90" CONTENT="oafgjord"/><SP WIDTH="23" VPOS="491" HPOS="549"/>
							<String ID="string_66" HPOS="572" VPOS="491" WIDTH="39" HEIGHT="21" WC="0.95" CONTENT="och"/><SP WIDTH="22" VPOS="491" HPOS="611"/>
							<String ID="string_67" HPOS="633" VPOS="491" WIDTH="82" HEIGHT="21" WC="0.95" CONTENT="således"/><SP WIDTH="15" VPOS="491" HPOS="715"/>
							<String ID="string_68" HPOS="730" VPOS="492" WIDTH="37" HEIGHT="20" WC="0.96" CONTENT="det"/><SP WIDTH="14" VPOS="492" HPOS="767"/>
							<String ID="string_69" HPOS="781" VPOS="491" WIDTH="85" HEIGHT="28" WC="0.96" CONTENT="belopp,"/>
						</TextLine>
						<TextLine ID="line_10" HPOS="108" VPOS="525" WIDTH="758" HEIGHT="29">
							<String ID="string_70" HPOS="108" VPOS="525" WIDTH="102" HEIGHT="22" WC="0.90" CONTENT="hvarmed"/><SP WIDTH="24" VPOS="525" HPOS="210"/>
							<String ID="string_71" HPOS="234" VPOS="526" WIDTH="174" HEIGHT="28" WC="0.82" CONTENT="aflöningsstaten"/><SP WIDTH="23" VPOS="526" HPOS="408"/>
							<String ID="string_72" HPOS="431" VPOS="526" WIDTH="41" HEIGHT="20" WC="0.93" CONTENT="kan"/><SP WIDTH="22" VPOS="526" HPOS="472"/>
							<String ID="string_73" HPOS="494" VPOS="526" WIDTH="67" HEIGHT="21" WC="0.92" CONTENT="varda"/><SP WIDTH="22" VPOS="526" HPOS="561"/>
							<String ID="string_74" HPOS="583" VPOS="526" WIDTH="92" HEIGHT="28" WC="0.96" CONTENT="förhöjd,"/><SP WIDTH="22" VPOS="526" HPOS="675"/>
							<String ID="string_75" HPOS="697" VPOS="528" WIDTH="54" HEIGHT="18" WC="0.96" CONTENT="ännu"/><SP WIDTH="21" VPOS="528" HPOS="751"/>
							<String ID="string_76" HPOS="772" VPOS="526" WIDTH="48" HEIGHT="21" WC="0.95" CONTENT="icke"/><SP WIDTH="23" VPOS="526" HPOS="820"/>
							<String ID="string_77" HPOS="843" VPOS="527" WIDTH="23" HEIGHT="19" WC="0.96" CONTENT="är"/>
						</TextLine>
						<TextLine ID="line_11" HPOS="109" VPOS="560" WIDTH="755" HEIGHT="28">
							<String ID="string_78" HPOS="109" VPOS="560" WIDTH="113" HEIGHT="26" WC="0.96" CONTENT="bestämdt,"/><SP WIDTH="15" VPOS="560" HPOS="222"/>
							<String ID="string_79" HPOS="237" VPOS="560" WIDTH="65" HEIGHT="21" WC="0.93" CONTENT="hafva"/><SP WIDTH="12" VPOS="560" HPOS="302"/>
							<String ID="string_80" HPOS="314" VPOS="560" WIDTH="119" HEIGHT="21" WC="0.92" CONTENT="Ständerna"/><SP WIDTH="12" VPOS="560" HPOS="433"/>
							<String ID="string_81" HPOS="445" VPOS="561" WIDTH="7" HEIGHT="20" WC="0.96" CONTENT="i"/><SP WIDTH="15" VPOS="561" HPOS="452"/>
							<String ID="string_82" HPOS="467" VPOS="560" WIDTH="45" HEIGHT="21" WC="0.96" CONTENT="sina"/><SP WIDTH="12" VPOS="560" HPOS="512"/>
							<String ID="string_83" HPOS="524" VPOS="560" WIDTH="141" HEIGHT="28" WC="0.96" CONTENT="beräkningar"/><SP WIDTH="11" VPOS="560" HPOS="665"/>
							<String ID="string_84" HPOS="676" VPOS="561" WIDTH="17" HEIGHT="27" WC="0.96" CONTENT="ej"/><SP WIDTH="13" VPOS="561" HPOS="693"/>
							<String ID="string_85" HPOS="706" VPOS="560" WIDTH="79" HEIGHT="21" WC="0.96" CONTENT="kunnat"/><SP WIDTH="10" VPOS="560" HPOS="785"/>
							<String ID="string_86" HPOS="795" VPOS="560" WIDTH="69" HEIGHT="21" WC="0.96" CONTENT="såsom"/>
						</TextLine>
						<TextLine ID="line_12" HPOS="110" VPOS="594" WIDTH="754" HEIGHT="28">
							<String ID="string_87" HPOS="110" VPOS="602" WIDTH="24" HEIGHT="13" WC="0.96" CONTENT="en"/><SP WIDTH="18" VPOS="602" HPOS="134"/>
							<String ID="string_88" HPOS="152" VPOS="594" WIDTH="91" HEIGHT="21" WC="0.96" CONTENT="särskild"/><SP WIDTH="15" VPOS="594" HPOS="243"/>
							<String ID="string_89" HPOS="258" VPOS="594" WIDTH="71" HEIGHT="21" WC="0.93" CONTENT="faktor"/><SP WIDTH="15" VPOS="594" HPOS="329"/>
							<String ID="string_90" HPOS="344" VPOS="598" WIDTH="93" HEIGHT="24" WC="0.92" CONTENT="upptaga"/><SP WIDTH="15" VPOS="598" HPOS="437"/>
							<String ID="string_91" HPOS="452" VPOS="594" WIDTH="91" HEIGHT="22" WC="0.96" CONTENT="berörda"/><SP WIDTH="16" VPOS="594" HPOS="543"/>
							<String ID="string_92" HPOS="559" VPOS="594" WIDTH="118" HEIGHT="22" WC="0.93" CONTENT="eventuella"/><SP WIDTH="14" VPOS="594" HPOS="677"/>
							<String ID="string_93" HPOS="691" VPOS="594" WIDTH="173" HEIGHT="28" WC="0.91" CONTENT="utgiftsstegring."/>
						</TextLine>
						<TextLine ID="line_13" HPOS="108" VPOS="628" WIDTH="758" HEIGHT="22">
							<String ID="string_94" HPOS="108" VPOS="628" WIDTH="63" HEIGHT="21" WC="0.96" CONTENT="Dock"/><SP WIDTH="23" VPOS="628" HPOS="171"/>
							<String ID="string_95" HPOS="194" VPOS="628" WIDTH="38" HEIGHT="21" WC="0.96" CONTENT="har"/><SP WIDTH="22" VPOS="628" HPOS="232"/>
							<String ID="string_96" HPOS="254" VPOS="628" WIDTH="122" HEIGHT="22" WC="0.91" CONTENT="densamma"/><SP WIDTH="20" VPOS="628" HPOS="376"/>
							<String ID="string_97" HPOS="396" VPOS="628" WIDTH="58" HEIGHT="22" WC="0.91" CONTENT="hafts"/><SP WIDTH="22" VPOS="628" HPOS="454"/>
							<String ID="string_98" HPOS="476" VPOS="630" WIDTH="7" HEIGHT="20" WC="0.96" CONTENT="i"/><SP WIDTH="22" VPOS="630" HPOS="483"/>
							<String ID="string_99" HPOS="505" VPOS="628" WIDTH="55" HEIGHT="22" WC="0.96" CONTENT="sikte"/><SP WIDTH="23" VPOS="628" HPOS="560"/>
							<String ID="string_100" HPOS="583" VPOS="628" WIDTH="68" HEIGHT="22" WC="0.96" CONTENT="såsom"/><SP WIDTH="19" VPOS="628" HPOS="651"/>
							<String ID="string_101" HPOS="670" VPOS="636" WIDTH="25" HEIGHT="13" WC="0.96" CONTENT="en"/><SP WIDTH="16" VPOS="636" HPOS="695"/>
							<String ID="string_102" HPOS="711" VPOS="628" WIDTH="155" HEIGHT="21" WC="0.95" CONTENT="medverkande"/>
						</TextLine>
						<TextLine ID="line_14" HPOS="111" VPOS="662" WIDTH="756" HEIGHT="29">
							<String ID="string_103" HPOS="111" VPOS="662" WIDTH="62" HEIGHT="22" WC="0.96" CONTENT="orsak"/><SP WIDTH="21" VPOS="662" HPOS="173"/>
							<String ID="string_104" HPOS="194" VPOS="662" WIDTH="72" HEIGHT="22" WC="0.95" CONTENT="därtill"/><SP WIDTH="20" VPOS="662" HPOS="266"/>
							<String ID="string_105" HPOS="286" VPOS="666" WIDTH="31" HEIGHT="18" WC="0.93" CONTENT="att"/><SP WIDTH="14" VPOS="666" HPOS="317"/>
							<String ID="string_106" HPOS="331" VPOS="662" WIDTH="183" HEIGHT="29" WC="0.90" CONTENT="trafikutgifterna"/><SP WIDTH="15" VPOS="662" HPOS="514"/>
							<String ID="string_107" HPOS="529" VPOS="663" WIDTH="34" HEIGHT="20" WC="0.96" CONTENT="för"/><SP WIDTH="15" VPOS="663" HPOS="563"/>
							<String ID="string_108" HPOS="578" VPOS="663" WIDTH="40" HEIGHT="21" WC="0.96" CONTENT="den"/><SP WIDTH="16" VPOS="663" HPOS="618"/>
							<String ID="string_109" HPOS="634" VPOS="663" WIDTH="118" HEIGHT="21" WC="0.96" CONTENT="stundande"/><SP WIDTH="15" VPOS="663" HPOS="752"/>
							<String ID="string_110" HPOS="767" VPOS="662" WIDTH="100" HEIGHT="29" WC="0.96" CONTENT="perioden"/>
						</TextLine>
						<TextLine ID="line_15" HPOS="110" VPOS="697" WIDTH="724" HEIGHT="28">
							<String ID="string_111" HPOS="110" VPOS="697" WIDTH="65" HEIGHT="21" WC="0.96" CONTENT="borde"/><SP WIDTH="15" VPOS="697" HPOS="175"/>
							<String ID="string_112" HPOS="190" VPOS="697" WIDTH="104" HEIGHT="21" WC="0.96" CONTENT="beräknas"/><SP WIDTH="15" VPOS="697" HPOS="294"/>
							<String ID="string_113" HPOS="309" VPOS="697" WIDTH="24" HEIGHT="21" WC="0.96" CONTENT="så"/><SP WIDTH="14" VPOS="697" HPOS="333"/>
							<String ID="string_114" HPOS="347" VPOS="698" WIDTH="52" HEIGHT="27" WC="0.96" CONTENT="högt"/><SP WIDTH="15" VPOS="698" HPOS="399"/>
							<String ID="string_115" HPOS="414" VPOS="705" WIDTH="44" HEIGHT="13" WC="0.96" CONTENT="som"/><SP WIDTH="15" VPOS="705" HPOS="458"/>
							<String ID="string_116" HPOS="473" VPOS="698" WIDTH="32" HEIGHT="20" WC="0.95" CONTENT="till"/><SP WIDTH="17" VPOS="698" HPOS="505"/>
							<String ID="string_117" HPOS="522" VPOS="698" WIDTH="27" HEIGHT="21" WC="0.93" CONTENT="70"/><SP WIDTH="8" VPOS="698" HPOS="549"/>
							<String ID="string_118" HPOS="557" VPOS="698" WIDTH="28" HEIGHT="26" WC="0.86" CONTENT="9/,"/><SP WIDTH="16" VPOS="698" HPOS="585"/>
							<String ID="string_119" HPOS="601" VPOS="697" WIDTH="22" HEIGHT="21" WC="0.93" CONTENT="af"/><SP WIDTH="15" VPOS="697" HPOS="623"/>
							<String ID="string_120" HPOS="638" VPOS="697" WIDTH="196" HEIGHT="21" WC="0.92" CONTENT="bruttoinkomsten."/>
						</TextLine>
					</TextBlock>
					<TextBlock ID="block_4" HPOS="110" VPOS="730" WIDTH="759" HEIGHT="370">
						<TextLine ID="line_16" HPOS="178" VPOS="730" WIDTH="690" HEIGHT="30">
							<String ID="string_121" HPOS="178" VPOS="731" WIDTH="84" HEIGHT="28" WC="0.92" CONTENT="Frägan"/><SP WIDTH="30" VPOS="731" HPOS="262"/>
							<String ID="string_122" HPOS="292" VPOS="739" WIDTH="34" HEIGHT="13" WC="0.92" CONTENT="om"/><SP WIDTH="25" VPOS="739" HPOS="326"/>
							<String ID="string_123" HPOS="351" VPOS="731" WIDTH="176" HEIGHT="29" WC="0.91" CONTENT="aflöningsstaten"/><SP WIDTH="25" VPOS="731" HPOS="527"/>
							<String ID="string_124" HPOS="552" VPOS="731" WIDTH="173" HEIGHT="28" WC="0.91" CONTENT="sammanhänger"/><SP WIDTH="25" VPOS="731" HPOS="725"/>
							<String ID="string_125" HPOS="750" VPOS="730" WIDTH="118" HEIGHT="22" WC="0.87" CONTENT="emellertid"/>
						</TextLine>
						<TextLine ID="line_17" HPOS="110" VPOS="765" WIDTH="758" HEIGHT="29">
							<String ID="string_126" HPOS="110" VPOS="765" WIDTH="50" HEIGHT="21" WC="0.96" CONTENT="med"/><SP WIDTH="22" VPOS="765" HPOS="160"/>
							<String ID="string_127" HPOS="182" VPOS="765" WIDTH="37" HEIGHT="21" WC="0.96" CONTENT="det"/><SP WIDTH="21" VPOS="765" HPOS="219"/>
							<String ID="string_128" HPOS="240" VPOS="765" WIDTH="64" HEIGHT="21" WC="0.96" CONTENT="redan"/><SP WIDTH="24" VPOS="765" HPOS="304"/>
							<String ID="string_129" HPOS="328" VPOS="765" WIDTH="33" HEIGHT="21" WC="0.93" CONTENT="för"/><SP WIDTH="21" VPOS="765" HPOS="361"/>
							<String ID="string_130" HPOS="382" VPOS="766" WIDTH="65" HEIGHT="28" WC="0.96" CONTENT="några"/><SP WIDTH="23" VPOS="766" HPOS="447"/>
							<String ID="string_131" HPOS="470" VPOS="765" WIDTH="23" HEIGHT="21" WC="0.96" CONTENT="är"/><SP WIDTH="22" VPOS="765" HPOS="493"/>
							<String ID="string_132" HPOS="515" VPOS="765" WIDTH="90" HEIGHT="21" WC="0.93" CONTENT="tillbaka"/><SP WIDTH="21" VPOS="765" HPOS="605"/>
							<String ID="string_133" HPOS="626" VPOS="765" WIDTH="77" HEIGHT="22" WC="0.96" CONTENT="väckta"/><SP WIDTH="15" VPOS="765" HPOS="703"/>
							<String ID="string_134" HPOS="718" VPOS="765" WIDTH="101" HEIGHT="29" WC="0.96" CONTENT="förslaget"/><SP WIDTH="15" VPOS="765" HPOS="819"/>
							<String ID="string_135" HPOS="834" VPOS="772" WIDTH="34" HEIGHT="14" WC="0.96" CONTENT="om"/>
						</TextLine>
						<TextLine ID="line_18" HPOS="115" VPOS="798" WIDTH="754" HEIGHT="30">
							<String ID="string_136" HPOS="115" VPOS="802" WIDTH="47" HEIGHT="26" WC="0.93" CONTENT="nytt"/><SP WIDTH="15" VPOS="802" HPOS="162"/>
							<String ID="string_137" HPOS="177" VPOS="799" WIDTH="127" HEIGHT="28" WC="0.91" CONTENT="reglemente"/><SP WIDTH="16" VPOS="799" HPOS="304"/>
							<String ID="string_138" HPOS="320" VPOS="799" WIDTH="40" HEIGHT="21" WC="0.96" CONTENT="och"/><SP WIDTH="14" VPOS="799" HPOS="360"/>
							<String ID="string_139" HPOS="374" VPOS="808" WIDTH="28" HEIGHT="20" WC="0.93" CONTENT="ny"/><SP WIDTH="15" VPOS="808" HPOS="402"/>
							<String ID="string_140" HPOS="417" VPOS="800" WIDTH="127" HEIGHT="21" WC="0.93" CONTENT="instruktion"/><SP WIDTH="15" VPOS="800" HPOS="544"/>
							<String ID="string_141" HPOS="559" VPOS="800" WIDTH="34" HEIGHT="20" WC="0.93" CONTENT="för"/><SP WIDTH="14" VPOS="800" HPOS="593"/>
							<String ID="string_142" HPOS="607" VPOS="799" WIDTH="207" HEIGHT="29" WC="0.92" CONTENT="Järnvägsstyrelsen"/><SP WIDTH="15" VPOS="799" HPOS="814"/>
							<String ID="string_143" HPOS="829" VPOS="798" WIDTH="40" HEIGHT="21" WC="0.96" CONTENT="och"/>
						</TextLine>
						<TextLine ID="line_19" HPOS="110" VPOS="833" WIDTH="758" HEIGHT="29">
							<String ID="string_144" HPOS="110" VPOS="834" WIDTH="148" HEIGHT="27" WC="0.92" CONTENT="järnvägarnas"/><SP WIDTH="16" VPOS="834" HPOS="258"/>
							<String ID="string_145" HPOS="274" VPOS="834" WIDTH="134" HEIGHT="28" WC="0.91" CONTENT="förvaltning."/><SP WIDTH="29" VPOS="834" HPOS="408"/>
							<String ID="string_146" HPOS="437" VPOS="834" WIDTH="58" HEIGHT="20" WC="0.90" CONTENT="Enär"/><SP WIDTH="12" VPOS="834" HPOS="495"/>
							<String ID="string_147" HPOS="507" VPOS="834" WIDTH="57" HEIGHT="21" WC="0.93" CONTENT="olika"/><SP WIDTH="12" VPOS="834" HPOS="564"/>
							<String ID="string_148" HPOS="576" VPOS="834" WIDTH="80" HEIGHT="21" WC="0.92" CONTENT="äsikter"/><SP WIDTH="11" VPOS="834" HPOS="656"/>
							<String ID="string_149" HPOS="667" VPOS="833" WIDTH="134" HEIGHT="22" WC="0.93" CONTENT="beträffande"/><SP WIDTH="10" VPOS="833" HPOS="801"/>
							<String ID="string_150" HPOS="811" VPOS="833" WIDTH="57" HEIGHT="28" WC="0.92" CONTENT="prin-"/>
						</TextLine>
						<TextLine ID="line_20" HPOS="111" VPOS="867" WIDTH="757" HEIGHT="29">
							<String ID="string_151" HPOS="111" VPOS="868" WIDTH="86" HEIGHT="28" WC="0.87" CONTENT="ciperna"/><SP WIDTH="24" VPOS="868" HPOS="197"/>
							<String ID="string_152" HPOS="221" VPOS="867" WIDTH="34" HEIGHT="21" WC="0.92" CONTENT="för"/><SP WIDTH="26" VPOS="867" HPOS="255"/>
							<String ID="string_153" HPOS="281" VPOS="867" WIDTH="217" HEIGHT="29" WC="0.92" CONTENT="Järnvägsstyrelsens"/><SP WIDTH="27" VPOS="867" HPOS="498"/>
							<String ID="string_154" HPOS="525" VPOS="868" WIDTH="141" HEIGHT="28" WC="0.93" CONTENT="organisation"/><SP WIDTH="25" VPOS="868" HPOS="666"/>
							<String ID="string_155" HPOS="691" VPOS="868" WIDTH="48" HEIGHT="20" WC="0.93" CONTENT="sökt"/><SP WIDTH="22" VPOS="868" HPOS="739"/>
							<String ID="string_156" HPOS="761" VPOS="869" WIDTH="51" HEIGHT="26" WC="0.96" CONTENT="göra"/><SP WIDTH="25" VPOS="869" HPOS="812"/>
							<String ID="string_157" HPOS="837" VPOS="867" WIDTH="31" HEIGHT="27" WC="0.96" CONTENT="sig"/>
						</TextLine>
						<TextLine ID="line_21" HPOS="111" VPOS="900" WIDTH="758" HEIGHT="30">
							<String ID="string_158" HPOS="111" VPOS="902" WIDTH="97" HEIGHT="28" WC="0.96" CONTENT="gällande"/><SP WIDTH="25" VPOS="902" HPOS="208"/>
							<String ID="string_159" HPOS="233" VPOS="902" WIDTH="67" HEIGHT="20" WC="0.92" CONTENT="under"/><SP WIDTH="24" VPOS="902" HPOS="300"/>
							<String ID="string_160" HPOS="324" VPOS="902" WIDTH="74" HEIGHT="28" WC="0.95" CONTENT="loppet"/><SP WIDTH="22" VPOS="902" HPOS="398"/>
							<String ID="string_161" HPOS="420" VPOS="902" WIDTH="22" HEIGHT="21" WC="0.96" CONTENT="af"/><SP WIDTH="24" VPOS="902" HPOS="442"/>
							<String ID="string_162" HPOS="466" VPOS="902" WIDTH="61" HEIGHT="21" WC="0.93" CONTENT="detta"/><SP WIDTH="22" VPOS="902" HPOS="527"/>
							<String ID="string_163" HPOS="549" VPOS="902" WIDTH="87" HEIGHT="21" WC="0.91" CONTENT="ärendes"/><SP WIDTH="23" VPOS="902" HPOS="636"/>
							<String ID="string_164" HPOS="659" VPOS="902" WIDTH="122" HEIGHT="27" WC="0.96" CONTENT="beredning,"/><SP WIDTH="22" VPOS="902" HPOS="781"/>
							<String ID="string_165" HPOS="803" VPOS="900" WIDTH="66" HEIGHT="22" WC="0.96" CONTENT="hafva"/>
						</TextLine>
						<TextLine ID="line_22" HPOS="112" VPOS="935" WIDTH="756" HEIGHT="29">
							<String ID="string_166" HPOS="112" VPOS="935" WIDTH="120" HEIGHT="21" WC="0.89" CONTENT="Ständerna"/><SP WIDTH="22" VPOS="935" HPOS="232"/>
							<String ID="string_167" HPOS="254" VPOS="939" WIDTH="69" HEIGHT="18" WC="0.89" CONTENT="ansett"/><SP WIDTH="22" VPOS="939" HPOS="323"/>
							<String ID="string_168" HPOS="345" VPOS="937" WIDTH="32" HEIGHT="27" WC="0.93" CONTENT="sig"/><SP WIDTH="20" VPOS="937" HPOS="377"/>
							<String ID="string_169" HPOS="397" VPOS="936" WIDTH="52" HEIGHT="21" WC="0.92" CONTENT="böra"/><SP WIDTH="21" VPOS="936" HPOS="449"/>
							<String ID="string_170" HPOS="470" VPOS="936" WIDTH="62" HEIGHT="22" WC="0.92" CONTENT="äfven"/><SP WIDTH="20" VPOS="936" HPOS="532"/>
							<String ID="string_171" HPOS="552" VPOS="936" WIDTH="35" HEIGHT="21" WC="0.96" CONTENT="för"/><SP WIDTH="17" VPOS="936" HPOS="587"/>
							<String ID="string_172" HPOS="604" VPOS="937" WIDTH="32" HEIGHT="20" WC="0.96" CONTENT="sin"/><SP WIDTH="19" VPOS="937" HPOS="636"/>
							<String ID="string_173" HPOS="655" VPOS="936" WIDTH="35" HEIGHT="21" WC="0.93" CONTENT="del"/><SP WIDTH="15" VPOS="936" HPOS="690"/>
							<String ID="string_174" HPOS="705" VPOS="936" WIDTH="66" HEIGHT="21" WC="0.92" CONTENT="uttala"/><SP WIDTH="17" VPOS="936" HPOS="771"/>
							<String ID="string_175" HPOS="788" VPOS="936" WIDTH="32" HEIGHT="27" WC="0.96" CONTENT="sig"/><SP WIDTH="15" VPOS="936" HPOS="820"/>
							<String ID="string_176" HPOS="835" VPOS="942" WIDTH="33" HEIGHT="14" WC="0.96" CONTENT="om"/>
						</TextLine>
						<TextLine ID="line_23" HPOS="112" VPOS="968" WIDTH="757" HEIGHT="30">
							<String ID="string_177" HPOS="112" VPOS="970" WIDTH="68" HEIGHT="21" WC="0.87" CONTENT="denna"/><SP WIDTH="23" VPOS="970" HPOS="180"/>
							<String ID="string_178" HPOS="203" VPOS="970" WIDTH="158" HEIGHT="28" WC="0.93" CONTENT="angelägenhet,"/><SP WIDTH="21" VPOS="970" HPOS="361"/>
							<String ID="string_179" HPOS="382" VPOS="978" WIDTH="45" HEIGHT="13" WC="0.96" CONTENT="som"/><SP WIDTH="23" VPOS="978" HPOS="427"/>
							<String ID="string_180" HPOS="450" VPOS="972" WIDTH="23" HEIGHT="19" WC="0.95" CONTENT="är"/><SP WIDTH="22" VPOS="972" HPOS="473"/>
							<String ID="string_181" HPOS="495" VPOS="970" WIDTH="23" HEIGHT="21" WC="0.96" CONTENT="af"/><SP WIDTH="21" VPOS="970" HPOS="518"/>
							<String ID="string_182" HPOS="539" VPOS="970" WIDTH="23" HEIGHT="21" WC="0.93" CONTENT="sä"/><SP WIDTH="15" VPOS="970" HPOS="562"/>
							<String ID="string_183" HPOS="577" VPOS="970" WIDTH="104" HEIGHT="28" WC="0.96" CONTENT="väsentlig"/><SP WIDTH="14" VPOS="970" HPOS="681"/>
							<String ID="string_184" HPOS="695" VPOS="970" WIDTH="110" HEIGHT="28" WC="0.96" CONTENT="betydelse"/><SP WIDTH="15" VPOS="970" HPOS="805"/>
							<String ID="string_185" HPOS="820" VPOS="968" WIDTH="49" HEIGHT="22" WC="0.97" CONTENT="med"/>
						</TextLine>
						<TextLine ID="line_24" HPOS="112" VPOS="1003" WIDTH="757" HEIGHT="29">
							<String ID="string_186" HPOS="112" VPOS="1003" WIDTH="85" HEIGHT="22" WC="0.87" CONTENT="hänsikt"/><SP WIDTH="25" VPOS="1003" HPOS="197"/>
							<String ID="string_187" HPOS="222" VPOS="1004" WIDTH="57" HEIGHT="21" WC="0.94" CONTENT="såväl"/><SP WIDTH="25" VPOS="1004" HPOS="279"/>
							<String ID="string_188" HPOS="304" VPOS="1004" WIDTH="32" HEIGHT="21" WC="0.93" CONTENT="till"/><SP WIDTH="26" VPOS="1004" HPOS="336"/>
							<String ID="string_189" HPOS="362" VPOS="1004" WIDTH="156" HEIGHT="22" WC="0.92" CONTENT="statsbanornas"/><SP WIDTH="23" VPOS="1004" HPOS="518"/>
							<String ID="string_190" HPOS="541" VPOS="1004" WIDTH="131" HEIGHT="28" WC="0.96" CONTENT="mångsidiga"/><SP WIDTH="22" VPOS="1004" HPOS="672"/>
							<String ID="string_191" HPOS="694" VPOS="1004" WIDTH="85" HEIGHT="28" WC="0.96" CONTENT="uppgift"/><SP WIDTH="22" VPOS="1004" HPOS="779"/>
							<String ID="string_192" HPOS="801" VPOS="1003" WIDTH="68" HEIGHT="21" WC="0.96" CONTENT="såsom"/>
						</TextLine>
						<TextLine ID="line_25" HPOS="112" VPOS="1037" WIDTH="757" HEIGHT="28">
							<String ID="string_193" HPOS="112" VPOS="1037" WIDTH="83" HEIGHT="22" WC="0.96" CONTENT="landets"/><SP WIDTH="22" VPOS="1037" HPOS="195"/>
							<String ID="string_194" HPOS="217" VPOS="1038" WIDTH="89" HEIGHT="21" WC="0.93" CONTENT="främsta"/><SP WIDTH="22" VPOS="1038" HPOS="306"/>
							<String ID="string_195" HPOS="328" VPOS="1038" WIDTH="277" HEIGHT="26" WC="0.91" CONTENT="kommunikationsanstalt,"/><SP WIDTH="22" VPOS="1038" HPOS="605"/>
							<String ID="string_196" HPOS="627" VPOS="1045" WIDTH="45" HEIGHT="14" WC="0.96" CONTENT="som"/><SP WIDTH="15" VPOS="1045" HPOS="672"/>
							<String ID="string_197" HPOS="687" VPOS="1038" WIDTH="40" HEIGHT="21" WC="0.95" CONTENT="ock"/><SP WIDTH="15" VPOS="1038" HPOS="727"/>
							<String ID="string_198" HPOS="742" VPOS="1038" WIDTH="58" HEIGHT="21" WC="0.91" CONTENT="hvad"/><SP WIDTH="14" VPOS="1038" HPOS="800"/>
							<String ID="string_199" HPOS="814" VPOS="1037" WIDTH="55" HEIGHT="28" WC="0.91" CONTENT="järn-"/>
						</TextLine>
						<TextLine ID="line_26" HPOS="112" VPOS="1072" WIDTH="493" HEIGHT="28">
							<String ID="string_200" HPOS="112" VPOS="1074" WIDTH="103" HEIGHT="26" WC="0.96" CONTENT="vägarnas"/><SP WIDTH="15" VPOS="1074" HPOS="215"/>
							<String ID="string_201" HPOS="230" VPOS="1072" WIDTH="120" HEIGHT="21" WC="0.96" CONTENT="finansiella"/><SP WIDTH="14" VPOS="1072" HPOS="350"/>
							<String ID="string_202" HPOS="364" VPOS="1073" WIDTH="88" HEIGHT="20" WC="0.93" CONTENT="resultat"/><SP WIDTH="15" VPOS="1073" HPOS="452"/>
							<String ID="string_203" HPOS="467" VPOS="1072" WIDTH="138" HEIGHT="22" WC="0.88" CONTENT="vidkommer."/>
						</TextLine>
					</TextBlock>
					<TextBlock ID="block_5" HPOS="112" VPOS="1106" WIDTH="761" HEIGHT="369">
						<TextLine ID="line_27" HPOS="181" VPOS="1106" WIDTH="689" HEIGHT="29">
							<String ID="string_204" HPOS="181" VPOS="1106" WIDTH="45" HEIGHT="21" WC="0.96" CONTENT="Det"/><SP WIDTH="17" VPOS="1106" HPOS="226"/>
							<String ID="string_205" HPOS="243" VPOS="1107" WIDTH="39" HEIGHT="20" WC="0.96" CONTENT="har"/><SP WIDTH="14" VPOS="1107" HPOS="282"/>
							<String ID="string_206" HPOS="296" VPOS="1106" WIDTH="72" HEIGHT="21" WC="0.93" CONTENT="blifvit"/><SP WIDTH="15" VPOS="1106" HPOS="368"/>
							<String ID="string_207" HPOS="383" VPOS="1106" WIDTH="78" HEIGHT="29" WC="0.92" CONTENT="yrkadt"/><SP WIDTH="15" VPOS="1106" HPOS="461"/>
							<String ID="string_208" HPOS="476" VPOS="1110" WIDTH="32" HEIGHT="17" WC="0.96" CONTENT="att"/><SP WIDTH="15" VPOS="1110" HPOS="508"/>
							<String ID="string_209" HPOS="523" VPOS="1106" WIDTH="194" HEIGHT="21" WC="0.96" CONTENT="beslutanderätten"/><SP WIDTH="15" VPOS="1106" HPOS="717"/>
							<String ID="string_210" HPOS="732" VPOS="1107" WIDTH="7" HEIGHT="20" WC="0.96" CONTENT="i"/><SP WIDTH="15" VPOS="1107" HPOS="739"/>
							<String ID="string_211" HPOS="754" VPOS="1106" WIDTH="42" HEIGHT="21" WC="0.92" CONTENT="alla"/><SP WIDTH="15" VPOS="1106" HPOS="796"/>
							<String ID="string_212" HPOS="811" VPOS="1107" WIDTH="59" HEIGHT="19" WC="0.91" CONTENT="ären-"/>
						</TextLine>
						<TextLine ID="line_28" HPOS="112" VPOS="1139" WIDTH="759" HEIGHT="30">
							<String ID="string_213" HPOS="112" VPOS="1141" WIDTH="42" HEIGHT="20" WC="0.96" CONTENT="den"/><SP WIDTH="14" VPOS="1141" HPOS="154"/>
							<String ID="string_214" HPOS="168" VPOS="1141" WIDTH="66" HEIGHT="21" WC="0.95" CONTENT="borde"/><SP WIDTH="15" VPOS="1141" HPOS="234"/>
							<String ID="string_215" HPOS="249" VPOS="1141" WIDTH="119" HEIGHT="21" WC="0.95" CONTENT="tillkomma"/><SP WIDTH="15" VPOS="1141" HPOS="368"/>
							<String ID="string_216" HPOS="383" VPOS="1141" WIDTH="75" HEIGHT="21" WC="0.95" CONTENT="endast"/><SP WIDTH="14" VPOS="1141" HPOS="458"/>
							<String ID="string_217" HPOS="472" VPOS="1141" WIDTH="167" HEIGHT="28" WC="0.96" CONTENT="förvaltningens"/><SP WIDTH="11" VPOS="1141" HPOS="639"/>
							<String ID="string_218" HPOS="650" VPOS="1140" WIDTH="55" HEIGHT="27" WC="0.92" CONTENT="chef,"/><SP WIDTH="10" VPOS="1140" HPOS="705"/>
							<String ID="string_219" HPOS="715" VPOS="1139" WIDTH="156" HEIGHT="29" WC="0.91" CONTENT="generaldirek-"/>
						</TextLine>
						<TextLine ID="line_29" HPOS="112" VPOS="1173" WIDTH="759" HEIGHT="30">
							<String ID="string_220" HPOS="112" VPOS="1176" WIDTH="66" HEIGHT="19" WC="0.91" CONTENT="tören."/><SP WIDTH="29" VPOS="1176" HPOS="178"/>
							<String ID="string_221" HPOS="207" VPOS="1175" WIDTH="76" HEIGHT="21" WC="0.96" CONTENT="Under"/><SP WIDTH="15" VPOS="1175" HPOS="283"/>
							<String ID="string_222" HPOS="298" VPOS="1175" WIDTH="133" HEIGHT="28" WC="0.96" CONTENT="åberopande"/><SP WIDTH="15" VPOS="1175" HPOS="431"/>
							<String ID="string_223" HPOS="446" VPOS="1175" WIDTH="23" HEIGHT="20" WC="0.93" CONTENT="af"/><SP WIDTH="15" VPOS="1175" HPOS="469"/>
							<String ID="string_224" HPOS="484" VPOS="1175" WIDTH="121" HEIGHT="20" WC="0.91" CONTENT="föredömet"/><SP WIDTH="14" VPOS="1175" HPOS="605"/>
							<String ID="string_225" HPOS="619" VPOS="1174" WIDTH="47" HEIGHT="21" WC="0.96" CONTENT="från"/><SP WIDTH="16" VPOS="1174" HPOS="666"/>
							<String ID="string_226" HPOS="682" VPOS="1174" WIDTH="51" HEIGHT="21" WC="0.96" CONTENT="flere"/><SP WIDTH="16" VPOS="1174" HPOS="733"/>
							<String ID="string_227" HPOS="749" VPOS="1173" WIDTH="66" HEIGHT="22" WC="0.93" CONTENT="andra"/><SP WIDTH="12" VPOS="1173" HPOS="815"/>
							<String ID="string_228" HPOS="827" VPOS="1173" WIDTH="44" HEIGHT="21" WC="0.93" CONTENT="län-"/>
						</TextLine>
						<TextLine ID="line_30" HPOS="115" VPOS="1208" WIDTH="756" HEIGHT="29">
							<String ID="string_229" HPOS="115" VPOS="1208" WIDTH="43" HEIGHT="27" WC="0.96" CONTENT="der,"/><SP WIDTH="25" VPOS="1208" HPOS="158"/>
							<String ID="string_230" HPOS="183" VPOS="1209" WIDTH="39" HEIGHT="20" WC="0.93" CONTENT="där"/><SP WIDTH="23" VPOS="1209" HPOS="222"/>
							<String ID="string_231" HPOS="245" VPOS="1209" WIDTH="213" HEIGHT="28" WC="0.91" CONTENT="järnvägsstyrelsens"/><SP WIDTH="26" VPOS="1209" HPOS="458"/>
							<String ID="string_232" HPOS="484" VPOS="1209" WIDTH="50" HEIGHT="21" WC="0.96" CONTENT="chef"/><SP WIDTH="23" VPOS="1209" HPOS="534"/>
							<String ID="string_233" HPOS="557" VPOS="1216" WIDTH="71" HEIGHT="14" WC="0.95" CONTENT="ensam"/><SP WIDTH="21" VPOS="1216" HPOS="628"/>
							<String ID="string_234" HPOS="649" VPOS="1208" WIDTH="98" HEIGHT="27" WC="0.95" CONTENT="besluter,"/><SP WIDTH="22" VPOS="1208" HPOS="747"/>
							<String ID="string_235" HPOS="769" VPOS="1208" WIDTH="39" HEIGHT="21" WC="0.96" CONTENT="har"/><SP WIDTH="14" VPOS="1208" HPOS="808"/>
							<String ID="string_236" HPOS="822" VPOS="1215" WIDTH="49" HEIGHT="13" WC="0.96" CONTENT="man"/>
						</TextLine>
						<TextLine ID="line_31" HPOS="113" VPOS="1241" WIDTH="758" HEIGHT="30">
							<String ID="string_237" HPOS="113" VPOS="1242" WIDTH="122" HEIGHT="27" WC="0.96" CONTENT="framhållit,"/><SP WIDTH="23" VPOS="1242" HPOS="235"/>
							<String ID="string_238" HPOS="258" VPOS="1246" WIDTH="32" HEIGHT="18" WC="0.96" CONTENT="att"/><SP WIDTH="21" VPOS="1246" HPOS="290"/>
							<String ID="string_239" HPOS="311" VPOS="1243" WIDTH="37" HEIGHT="21" WC="0.96" CONTENT="det"/><SP WIDTH="21" VPOS="1243" HPOS="348"/>
							<String ID="string_240" HPOS="369" VPOS="1243" WIDTH="37" HEIGHT="21" WC="0.95" CONTENT="vid"/><SP WIDTH="20" VPOS="1243" HPOS="406"/>
							<String ID="string_241" HPOS="426" VPOS="1243" WIDTH="41" HEIGHT="22" WC="0.96" CONTENT="den"/><SP WIDTH="16" VPOS="1243" HPOS="467"/>
							<String ID="string_242" HPOS="483" VPOS="1243" WIDTH="71" HEIGHT="21" WC="0.93" CONTENT="finska"/><SP WIDTH="15" VPOS="1243" HPOS="554"/>
							<String ID="string_243" HPOS="569" VPOS="1243" WIDTH="207" HEIGHT="28" WC="0.91" CONTENT="Järnvägsstyrelsen"/><SP WIDTH="15" VPOS="1243" HPOS="776"/>
							<String ID="string_244" HPOS="791" VPOS="1241" WIDTH="34" HEIGHT="21" WC="0.93" CONTENT="för"/><SP WIDTH="15" VPOS="1241" HPOS="825"/>
							<String ID="string_245" HPOS="840" VPOS="1241" WIDTH="31" HEIGHT="21" WC="0.93" CONTENT="åt-"/>
						</TextLine>
						<TextLine ID="line_32" HPOS="114" VPOS="1276" WIDTH="758" HEIGHT="29">
							<String ID="string_246" HPOS="114" VPOS="1277" WIDTH="84" HEIGHT="28" WC="0.93" CONTENT="skilliga"/><SP WIDTH="20" VPOS="1277" HPOS="198"/>
							<String ID="string_247" HPOS="218" VPOS="1277" WIDTH="45" HEIGHT="28" WC="0.96" CONTENT="slag"/><SP WIDTH="21" VPOS="1277" HPOS="263"/>
							<String ID="string_248" HPOS="284" VPOS="1277" WIDTH="22" HEIGHT="21" WC="0.96" CONTENT="af"/><SP WIDTH="20" VPOS="1277" HPOS="306"/>
							<String ID="string_249" HPOS="326" VPOS="1277" WIDTH="91" HEIGHT="22" WC="0.96" CONTENT="ärenden"/><SP WIDTH="15" VPOS="1277" HPOS="417"/>
							<String ID="string_250" HPOS="432" VPOS="1277" WIDTH="98" HEIGHT="28" WC="0.93" CONTENT="gällande"/><SP WIDTH="15" VPOS="1277" HPOS="530"/>
							<String ID="string_251" HPOS="545" VPOS="1277" WIDTH="112" HEIGHT="28" WC="0.91" CONTENT="kollegiala"/><SP WIDTH="15" VPOS="1277" HPOS="657"/>
							<String ID="string_252" HPOS="672" VPOS="1280" WIDTH="101" HEIGHT="25" WC="0.96" CONTENT="systemet"/><SP WIDTH="15" VPOS="1280" HPOS="773"/>
							<String ID="string_253" HPOS="788" VPOS="1276" WIDTH="84" HEIGHT="21" WC="0.96" CONTENT="arbetar"/>
						</TextLine>
						<TextLine ID="line_33" HPOS="113" VPOS="1309" WIDTH="758" HEIGHT="30">
							<String ID="string_254" HPOS="113" VPOS="1311" WIDTH="35" HEIGHT="20" WC="0.96" CONTENT="för"/><SP WIDTH="17" VPOS="1311" HPOS="148"/>
							<String ID="string_255" HPOS="165" VPOS="1314" WIDTH="62" HEIGHT="25" WC="0.96" CONTENT="tungt"/><SP WIDTH="19" VPOS="1314" HPOS="227"/>
							<String ID="string_256" HPOS="246" VPOS="1311" WIDTH="39" HEIGHT="21" WC="0.96" CONTENT="och"/><SP WIDTH="22" VPOS="1311" HPOS="285"/>
							<String ID="string_257" HPOS="307" VPOS="1311" WIDTH="105" HEIGHT="28" WC="0.96" CONTENT="långsamt"/><SP WIDTH="20" VPOS="1311" HPOS="412"/>
							<String ID="string_258" HPOS="432" VPOS="1311" WIDTH="40" HEIGHT="21" WC="0.96" CONTENT="och"/><SP WIDTH="19" VPOS="1311" HPOS="472"/>
							<String ID="string_259" HPOS="491" VPOS="1314" WIDTH="31" HEIGHT="18" WC="0.96" CONTENT="att"/><SP WIDTH="20" VPOS="1314" HPOS="522"/>
							<String ID="string_260" HPOS="542" VPOS="1311" WIDTH="37" HEIGHT="21" WC="0.96" CONTENT="det"/><SP WIDTH="17" VPOS="1311" HPOS="579"/>
							<String ID="string_261" HPOS="596" VPOS="1311" WIDTH="73" HEIGHT="21" WC="0.96" CONTENT="därför"/><SP WIDTH="15" VPOS="1311" HPOS="669"/>
							<String ID="string_262" HPOS="684" VPOS="1312" WIDTH="17" HEIGHT="27" WC="0.96" CONTENT="ej"/><SP WIDTH="17" VPOS="1312" HPOS="701"/>
							<String ID="string_263" HPOS="718" VPOS="1311" WIDTH="72" HEIGHT="21" WC="0.96" CONTENT="vidare"/><SP WIDTH="15" VPOS="1311" HPOS="790"/>
							<String ID="string_264" HPOS="805" VPOS="1309" WIDTH="66" HEIGHT="22" WC="0.96" CONTENT="borde"/>
						</TextLine>
						<TextLine ID="line_34" HPOS="113" VPOS="1345" WIDTH="760" HEIGHT="29">
							<String ID="string_265" HPOS="113" VPOS="1345" WIDTH="106" HEIGHT="28" WC="0.96" CONTENT="tillämpas"/><SP WIDTH="15" VPOS="1345" HPOS="219"/>
							<String ID="string_266" HPOS="234" VPOS="1346" WIDTH="7" HEIGHT="20" WC="0.96" CONTENT="i"/><SP WIDTH="16" VPOS="1346" HPOS="241"/>
							<String ID="string_267" HPOS="257" VPOS="1353" WIDTH="26" HEIGHT="13" WC="0.92" CONTENT="en"/><SP WIDTH="15" VPOS="1353" HPOS="283"/>
							<String ID="string_268" HPOS="298" VPOS="1345" WIDTH="191" HEIGHT="29" WC="0.92" CONTENT="förvaltningsgren"/><SP WIDTH="13" VPOS="1345" HPOS="489"/>
							<String ID="string_269" HPOS="502" VPOS="1345" WIDTH="65" HEIGHT="22" WC="0.96" CONTENT="sådan"/><SP WIDTH="11" VPOS="1345" HPOS="567"/>
							<String ID="string_270" HPOS="578" VPOS="1353" WIDTH="45" HEIGHT="14" WC="0.95" CONTENT="som"/><SP WIDTH="10" VPOS="1353" HPOS="623"/>
							<String ID="string_271" HPOS="633" VPOS="1346" WIDTH="144" HEIGHT="27" WC="0.96" CONTENT="järnvägarna,"/><SP WIDTH="10" VPOS="1346" HPOS="777"/>
							<String ID="string_272" HPOS="787" VPOS="1345" WIDTH="86" HEIGHT="21" WC="0.95" CONTENT="hvarest"/>
						</TextLine>
						<TextLine ID="line_35" HPOS="113" VPOS="1378" WIDTH="759" HEIGHT="29">
							<String ID="string_273" HPOS="113" VPOS="1379" WIDTH="124" HEIGHT="28" WC="0.93" CONTENT="skyndsamt"/><SP WIDTH="15" VPOS="1379" HPOS="237"/>
							<String ID="string_274" HPOS="252" VPOS="1379" WIDTH="115" HEIGHT="28" WC="0.93" CONTENT="afgörande"/><SP WIDTH="15" VPOS="1379" HPOS="367"/>
							<String ID="string_275" HPOS="382" VPOS="1379" WIDTH="24" HEIGHT="22" WC="0.96" CONTENT="så"/><SP WIDTH="15" VPOS="1379" HPOS="406"/>
							<String ID="string_276" HPOS="421" VPOS="1379" WIDTH="45" HEIGHT="22" WC="0.96" CONTENT="ofta"/><SP WIDTH="16" VPOS="1379" HPOS="466"/>
							<String ID="string_277" HPOS="482" VPOS="1381" WIDTH="23" HEIGHT="19" WC="0.96" CONTENT="är"/><SP WIDTH="9" VPOS="1381" HPOS="505"/>
							<String ID="string_278" HPOS="514" VPOS="1379" WIDTH="23" HEIGHT="22" WC="0.96" CONTENT="af"/><SP WIDTH="12" VPOS="1379" HPOS="537"/>
							<String ID="string_279" HPOS="549" VPOS="1379" WIDTH="70" HEIGHT="22" WC="0.96" CONTENT="nöden"/><SP WIDTH="15" VPOS="1379" HPOS="619"/>
							<String ID="string_280" HPOS="634" VPOS="1380" WIDTH="40" HEIGHT="21" WC="0.96" CONTENT="och"/><SP WIDTH="11" VPOS="1380" HPOS="674"/>
							<String ID="string_281" HPOS="685" VPOS="1379" WIDTH="96" HEIGHT="28" WC="0.93" CONTENT="energisk"/><SP WIDTH="12" VPOS="1379" HPOS="781"/>
							<String ID="string_282" HPOS="793" VPOS="1378" WIDTH="79" HEIGHT="22" WC="0.92" CONTENT="beslut-"/>
						</TextLine>
						<TextLine ID="line_36" HPOS="114" VPOS="1412" WIDTH="759" HEIGHT="30">
							<String ID="string_283" HPOS="114" VPOS="1413" WIDTH="82" HEIGHT="21" WC="0.95" CONTENT="samhet"/><SP WIDTH="14" VPOS="1413" HPOS="196"/>
							<String ID="string_284" HPOS="210" VPOS="1421" WIDTH="50" HEIGHT="13" WC="0.96" CONTENT="vore"/><SP WIDTH="16" VPOS="1421" HPOS="260"/>
							<String ID="string_285" HPOS="276" VPOS="1417" WIDTH="32" HEIGHT="17" WC="0.96" CONTENT="ett"/><SP WIDTH="14" VPOS="1417" HPOS="308"/>
							<String ID="string_286" HPOS="322" VPOS="1413" WIDTH="69" HEIGHT="22" WC="0.96" CONTENT="vilkor"/><SP WIDTH="13" VPOS="1413" HPOS="391"/>
							<String ID="string_287" HPOS="404" VPOS="1413" WIDTH="35" HEIGHT="21" WC="0.96" CONTENT="för"/><SP WIDTH="9" VPOS="1413" HPOS="439"/>
							<String ID="string_288" HPOS="448" VPOS="1413" WIDTH="185" HEIGHT="29" WC="0.96" CONTENT="upprätthållande"/><SP WIDTH="16" VPOS="1413" HPOS="633"/>
							<String ID="string_289" HPOS="649" VPOS="1413" WIDTH="23" HEIGHT="22" WC="0.96" CONTENT="af"/><SP WIDTH="15" VPOS="1413" HPOS="672"/>
							<String ID="string_290" HPOS="687" VPOS="1421" WIDTH="25" HEIGHT="14" WC="0.96" CONTENT="en"/><SP WIDTH="15" VPOS="1421" HPOS="712"/>
							<String ID="string_291" HPOS="727" VPOS="1412" WIDTH="146" HEIGHT="27" WC="0.95" CONTENT="affärsmässig"/>
						</TextLine>
						<TextLine ID="line_37" HPOS="114" VPOS="1447" WIDTH="307" HEIGHT="28">
							<String ID="string_292" HPOS="114" VPOS="1447" WIDTH="86" HEIGHT="28" WC="0.96" CONTENT="ledning"/><SP WIDTH="15" VPOS="1447" HPOS="200"/>
							<String ID="string_293" HPOS="215" VPOS="1447" WIDTH="23" HEIGHT="21" WC="0.96" CONTENT="af"/><SP WIDTH="14" VPOS="1447" HPOS="238"/>
							<String ID="string_294" HPOS="252" VPOS="1447" WIDTH="169" HEIGHT="22" WC="0.95" CONTENT="verksamheten."/>
						</TextLine>
					</TextBlock>
				</ComposedBlock>
			</PrintSpace>
		</Page>
	</Layout>
</alto>
