1034 1656
171 145 11 20 2
396 144 26 23 U.
438 145 26 22 B.
480 157 27 4 —
523 145 74 28 Prop.
614 145 43 22 N:o
673 144 36 22 27.

170 209 82 22 stälda
271 209 159 22 beträffande
443 216 51 22 nya
507 209 320 30 jernvägsanläggningar,
842 209 87 22 kunna

170 243 73 23 stöda
269 243 38 29 sig
331 244 33 28 på
388 244 137 29 utredning
543 250 40 16 om
602 243 171 30 tillgångarna
792 243 8 22 i
818 243 111 23 kommu-

170 277 230 28 nikationsfonden,
428 279 48 22 har
504 278 194 23 Statsutskottet
725 279 60 21 trott
808 278 39 29 sig
866 277 62 23 böra

170 312 44 22 vid
241 312 171 29 fullgörandet
439 313 25 22 af
491 313 43 22 sitt
559 313 119 28 uppdrag
696 312 57 23 med
772 313 102 28 hänsigt
893 312 36 22 till

170 347 96 28 nådiga
290 347 189 28 propositionen
497 353 41 16 om
557 347 84 22 denna
659 347 62 22 fond
739 347 114 28 iakttaga
873 353 56 16 ena-

170 381 86 22 handa
278 381 153 27 förfarande,
452 388 52 16 som
526 381 192 23 Statsutskottet
736 381 43 22 vid
801 381 67 22 1894
887 381 42 22 års

170 415 131 30 landtdag.

240 588 12 21 I
278 588 48 21 den
350 588 95 29 nådiga
464 587 190 30 propositionen
674 589 28 21 är
721 587 181 28 behållningen
921 587 8 21 i

170 622 327 23 kommunikationsfonden
516 622 43 22 vid
575 623 129 29 ingången
718 623 25 22 af
756 622 49 23 den
819 622 27 22 år
861 621 66 22 1898

171 657 156 29 vidtagande
351 657 206 29 finansperioden
582 657 132 23 beräknad
733 657 36 22 till
788 656 140 27 8,290,000

171 692 71 21 mark
262 692 46 21 och
327 692 180 22 trafikvinsten
526 692 81 22 under
626 692 61 22 åren
705 691 175 23 1898—1900
893 690 36 22 till

172 726 34 29 2,9
226 723 24 33 %o
278 726 25 22 af
330 726 42 22 det
399 726 97 22 tillökta
525 726 300 29 anläggningskapitalet,
851 725 78 29 enligt

170 760 105 22 hvilken
305 760 240 30 beräkningsgrund
577 761 83 22 denna
688 760 67 22 vinst
783 760 79 22 skulle
889 759 40 22 för

172 794 80 29 sagda
266 796 37 20 tre
316 794 28 22 år
358 795 72 21 ställa
440 796 39 28 sig
490 795 14 22 å
514 802 66 21 resp.
592 794 142 27 5,732,000
744 808 33 3 —
788 794 140 26 6,070,000

172 841 32 3 —
224 829 47 22 och
288 829 140 26 6,475,000
447 830 79 22 mark.

240 863 90 22 Ehuru
358 864 49 22 den
434 864 94 28 nådiga
555 864 190 28 propositionen
773 864 28 21 är
823 862 105 23 daterad

171 897 49 22 den
245 898 31 22 15
300 898 123 22 Februari
444 898 76 26 1897,
539 898 114 29 framgår
671 898 42 22 det
732 898 64 22 dock
815 896 113 30 tydligen

172 932 25 21 af
216 932 58 22 dess
292 932 112 22 innehåll
423 934 35 21 att
476 932 57 22 med
546 932 127 28 uttrycket
687 931 186 23 »innevarande
885 931 40 22 år»

171 966 15 22 ä
205 972 19 16 s.
245 966 15 22 2
280 973 86 15 menas
386 967 28 21 år
435 967 67 22 1896
522 967 46 21 och
587 968 36 20 att
641 966 178 22 utarbetandet
836 966 25 21 af
873 972 55 22 pro-

170 1000 143 28 positionen
333 1001 72 22 alltså
424 1002 42 28 egt
484 1008 56 15 rum
558 1001 81 22 under
659 1001 44 22 sist
721 1000 80 30 sagda
821 1000 35 22 år.
887 999 41 23 Se-

171 1034 50 22 dan
241 1035 58 22 dess
318 1035 78 22 hafva
414 1042 50 22 nya
480 1036 71 22 fakta
564 1035 148 26 tillkommit,
726 1035 7 22 i
747 1035 105 21 främsta
863 1040 66 16 rum-

170 1070 50 21 met
245 1069 32 22 de
301 1076 91 22 genom
415 1070 94 28 nådiga
528 1070 241 28 trafikreglementet
787 1069 39 22 för
844 1068 84 22 finska

171 1104 236 28 statsjernvägarna
427 1104 25 22 af
470 1104 49 22 den
539 1104 31 22 21
591 1104 106 22 Januari
715 1104 67 22 1897
795 1102 133 23 faststälda

170 1144 51 22 nya
246 1138 98 22 tariffer
366 1138 40 22 för
428 1139 71 21 såväl
523 1145 102 21 person-
645 1145 53 15 som
716 1137 211 30 godsbefordran.

170 1171 91 23 Denna
297 1172 97 29 vigtiga
430 1173 157 28 förändring,
625 1179 54 15 som
715 1172 68 22 trädt
818 1172 8 21 i
861 1171 68 22 kraft

170 1206 49 22 den
244 1208 12 21 1
283 1207 49 28 Maj
355 1207 76 27 1897,
451 1207 103 22 beröres
573 1207 8 22 i
600 1207 49 22 den
668 1207 94 29 nädiga
781 1206 148 29 propositio-

170 1247 50 16 nen
243 1241 91 22 endast
360 1241 8 22 i
396 1242 167 29 förbigäende
581 1249 92 21 genom
694 1241 139 22 uttalandet
852 1240 29 29 (s.
902 1240 26 28 2)

171 1275 25 22 af
224 1275 49 22 den
300 1275 182 30 förutsättning
507 1277 51 21 att
579 1277 185 28 jernvägarnas
784 1274 145 23 trafikvinst

170 1309 82 22 under
272 1309 27 22 är
320 1310 76 26 1897,
416 1311 32 22 dä
468 1317 30 16 en
517 1317 35 22 ny
571 1310 70 22 tariff
659 1310 46 22 och
717 1310 120 28 möjligen
850 1315 31 16 en
894 1315 34 22 ny

170 1343 178 30 aflöningsstat
366 1344 80 23 blifva
465 1345 126 29 gällande,
610 1345 54 21 icke
683 1345 112 21 kommer
816 1344 35 21 att
864 1343 65 28 stiga

169 1378 103 22 utöfver
295 1379 69 22 hvad
389 1385 52 16 som
461 1379 160 22 beräknats».
659 1379 124 22 Tariffens
803 1377 126 28 sänkning

170 1412 80 22 mäste
278 1413 138 22 emellertid
443 1413 39 22 för
509 1413 32 22 de
565 1414 127 21 närmaste
711 1413 61 22 ären
791 1411 88 23 utöfva
898 1417 31 16 en

170 1446 118 23 kännbar
306 1447 124 22 inverkan
449 1448 32 28 pä
500 1448 185 28 jernvägarnas
700 1447 153 28 afkastning.
883 1445 46 22 Re-

239 1495 162 18 Statsutskottets
415 1496 120 18 betänkande
548 1496 39 17 N:o
600 1496 11 16 9
624 1497 23 16 A.
