1042 1656
319 131 29 22 U.
364 131 27 22 B.
409 144 26 3 —
452 130 75 29 Prop.
542 130 45 25 N:o
603 130 37 22 23.
837 130 28 20 33

115 210 56 22 gens
187 202 171 22 bestämmande
375 202 27 22 de
418 202 7 22 i
440 203 21 27 8,
478 203 14 21 9
508 203 43 21 och
567 204 29 20 10
611 204 28 26 88
650 202 137 22 föreskrifna
797 209 69 21 grun-

114 238 39 22 der
168 238 121 29 tillämpas.

185 274 121 22 Härunder
324 274 129 29 inbegripes
468 274 50 22 icke
533 274 112 29 rättighet
660 277 35 19 att
710 274 103 29 uppbära
828 273 37 21 be-

114 310 75 22 stämd
214 310 100 22 afkomst
334 310 8 21 i
360 310 128 29 penningar
503 310 54 22 eller
573 317 72 15 varor.
679 311 39 22 Om
734 310 73 22 sädan
822 311 44 21 rät-

115 348 73 26 tighet,
204 346 27 22 sä
247 347 37 21 ock
299 353 35 15 om
351 348 103 26 panträtt
468 346 91 27 stadgas
575 346 7 21 i
598 346 30 22 50
643 348 19 24 8.

460 418 13 26 8
490 417 34 22 12.

186 459 34 27 Är
236 467 13 19 &
265 465 111 28 fastighet
390 465 169 29 nyttjanderätt
574 465 109 29 uppläten
699 464 72 22 under
785 464 80 27 vilkor,

116 507 49 15 som
182 500 38 22 vid
236 500 180 29 uppskattandet
432 501 72 28 enligt
519 501 14 21 S
549 502 13 25 $
579 501 26 21 af
625 500 150 29 fastighetens
797 500 70 22 värde

116 537 72 21 verka
204 536 132 29 minskning
350 537 24 21 at
390 537 131 27 detsamma,
539 537 42 21 och
597 537 138 21 tillkommer
745 538 82 27 nägon,
837 537 30 28 pä

116 573 74 28 grund
206 572 27 22 af
247 572 134 29 inteckning
396 573 54 21 eller
465 573 156 28 stadgandena
637 580 37 14 om
690 572 97 29 ogulden
799 572 68 29 köpe-

116 608 106 29 skillings
245 611 51 24 rätt,
316 607 36 22 för
367 608 92 22 fordran
475 608 54 22 eller
544 608 35 22 för
594 611 47 19 rätt
656 608 35 21 till
707 608 46 22 viss
768 607 100 22 afkomst

117 643 9 22 i
140 643 128 30 penningar
283 643 55 22 eller
353 651 66 14 varor
435 644 147 21 förmänsrätt
597 644 8 21 i
620 644 139 29 fastigheten
774 643 94 22 framför

117 679 164 22 innehafvaren
306 679 27 22 af
356 679 203 29 nyttjanderätten,
586 680 29 21 dä
638 680 69 21 varde
730 679 139 29 fastigheten

116 717 62 20 äsatt
190 715 88 29 jemväl
292 715 39 22 det
346 716 69 21 värde
431 716 44 21 den
491 716 72 21 skulle
579 718 39 27 egt
633 718 56 19 utan
702 715 166 30 nyttjanderät-

117 754 50 25 ten;
194 753 38 21 och
256 753 56 21 skall
328 753 48 26 den,
400 759 48 15 som
464 753 70 21 bättre
549 754 47 20 rätt
611 759 56 20 eger,
684 753 40 21 der
739 754 35 20 det
789 752 79 21 honom

118 789 165 21 tillkommande
306 789 75 26 belopp
404 789 59 26 eljest
486 789 20 26 ej
526 789 69 21 skulle
611 789 32 21 till
655 789 57 26 fullo
727 787 60 28 utgå,
805 788 64 27 njuta

117 825 37 20 sin
170 825 45 20 rätt
231 824 87 27 tillgodo
334 825 64 26 enligt
414 825 141 21 sistnämnda
573 825 67 26 högre
660 825 74 26 värde,
758 825 59 20 samt
839 830 31 15 er-

118 861 127 26 sättningen
283 861 39 26 för
361 861 186 26 nyttjanderätten
585 859 101 28 undergå
715 860 155 22 motsvarande

121 896 135 26 minskning.

192 931 68 21 Hvad
277 938 31 14 nu
324 934 25 18 är
364 931 67 29 sagdt
447 931 117 29 angående
579 930 168 30 nyttjanderätt
757 930 60 30 gälle
828 930 42 22 ock

119 974 75 14 annan
210 966 7 22 i
236 967 25 21 11
280 968 12 26 8
309 966 90 22 dermed
414 966 95 22 likstäld
523 966 118 29 rättighet.

464 1040 12 25 8
495 1038 33 21 18.

192 1086 70 21 Lider
284 1093 66 21 egare
373 1086 55 21 eller
442 1086 149 22 innehafvare
606 1086 27 21 af
645 1086 47 22 fast
707 1085 110 29 egendom
833 1092 38 21 ge-

121 1128 53 14 nom
191 1121 169 29 expropriation
376 1129 75 14 annan
466 1121 71 22 skada
552 1121 54 22 eller
621 1121 121 29 olägenhet
757 1124 29 18 än
802 1120 70 22 ofvan

120 1156 8 22 i
153 1157 63 21 detta
241 1157 86 29 kapitel
350 1157 64 27 afses,
439 1159 75 19 såsom
536 1157 9 21 i
570 1157 57 29 följd
651 1157 26 21 af
697 1156 108 30 flyttning
820 1155 51 23 från

119 1192 147 29 fastigheten,
291 1192 87 22 afbrott
401 1192 8 22 i
432 1192 83 22 rörelse
535 1193 52 21 med
607 1200 67 20 mera,
691 1192 58 22 skall
765 1192 43 21 ock
823 1192 48 21 der-

121 1228 38 22 för
174 1228 43 22 full
233 1228 126 29 ersättning
375 1228 26 22 af
413 1228 142 22 tillträdaren
569 1228 82 29 gifvas.

468 1302 13 26 8
499 1300 34 22 14.

194 1347 53 21 Kan
262 1348 39 21 det
316 1347 96 29 företag,
428 1348 36 21 för
480 1348 68 21 hvars
563 1348 60 21 skull
639 1347 168 30 expropriation
815 1346 57 27 sker,

120 1383 38 21 för
177 1383 44 21 den
244 1383 36 21 till
303 1384 127 28 ersättning
453 1384 142 28 berättigade
619 1384 100 21 medföra
742 1385 72 26 nytta,
839 1382 36 22 får

122 1418 61 21 dock
206 1418 21 29 ej
248 1418 75 22 derför
338 1421 72 26 något
426 1419 81 28 afdrag
521 1419 52 22 från
588 1419 155 28 ersättningen
758 1425 43 22 ega
816 1425 57 14 rum.

194 1467 137 22 Lagutskottets
344 1467 117 18 betänkande
474 1467 37 18 N:o
523 1467 17 18 7.
792 1466 11 17 3
