1034 1661
299 102 29 23 U.
344 103 28 21 B.
387 100 35 21 —
431 101 75 28 Prop.
522 101 42 23 N:o
579 101 36 22 26.
790 101 27 22 65

83 159 65 22 linien
171 165 45 16 som
239 159 41 22 ock
302 160 27 21 de
351 159 126 28 Kyrkslätt-
495 159 41 22 och
556 159 144 27 Sjundeäbör;
717 160 46 20 söm
765 155 10 36 -
783 159 64 22 hafva

83 195 99 20 närmare
197 193 42 22 till
245 193 76 28 Hangö
334 206 14 3 —
356 188 111 37 Nummela
495 188 56 37 Finns
574 195 31 20 än
610 193 34 22 till
654 192 193 23 Finns—Gerknäs

81 228 97 27 jernväg;
192 228 59 21 Man
263 227 43 22 kan
317 228 85 22 således
414 230 54 19 utan
481 227 115 22 öfverdrift
606 227 63 28 påstå
681 230 32 19 att
728 222 37 27 den
777 224 70 25 lokala

86 261 170 29 persontrafiken
271 263 28 26 pä
314 263 65 21 linien
395 255 65 61 [jo
487 261 108 23 Numade
619 259 87 53 Vinen.
705 262 43 40 blir
759 262 89 32 dubbelt

85 296 24 22 sä
124 297 44 21 stor
183 302 46 16 som
245 296 27 27 pä
287 296 64 23 linien
363 296 131 22 :Gerknäs—
497 294 73 24 Finns.
644 311 2 2 :

154 330 136 22 Beträffatide
305 331 41 25 den
363 330 72 22 lokala
445 329 149 29 godstrafiken
604 310 76 48 yttrar.
685 328 32 30 sig
728 330 119 28 Utskottet,

86 366 33 20 att
136 365 54 21 ifrån
212 365 122 21 omkretsen
353 365 24 21 af
395 365 173 22 Gerknäsbanan
588 366 65 21 också
671 368 29 18 hu
720 365 83 21 hämtas
823 365 27 21 de

87 401 68 21 mesta.
173 399 209 22 lifsförnödenheter.
393 399 35 22 till
447 399 141 28 Helsingfors.
605 395 9 36 :
620 400 39 21 Att
678 399 124 22 dessa'icke
817 400 32 21 till

88 434 119 27 obetydligt
229 434 79 27 belopp
331 433 94 22 anlända:
447 434 97 21 härifrån
563 435 63 21 torde
645 433 34 23 väl
698 437 53 19 vara
768 434 81 28 rigtigt,

88 475 49 15 men
154 470 33 20 att:
205 469 37 21 det
259 471 76 18 mesta
345 469 69 21 skulle
432 469 87 22 hämtas
538 469 165 27 derifrän:väga
717 469 20 22 vi
752 469 93 21 betvifla.

88 503 96 28 Mången.
196 503 135 22 sakkännare
342 503 111 22 försäkrar
465 503 127 26 emellertid,
601 505 33 20 att
644 503 59 22 ifrån:
717 499 134 36 ofvannämda

89 537 126 21 kommuner
230 537 35 21 vid
280 537 118 21 Nummela:
408 538 60 21 bana
483 544 87 15 norrom
586 538 76 26 Hangö
671 539 89 26 jernväg
770 538 81 21 inhem-

90 575 33 18 tas
138 571 35 22 till
186 571 136 27 Helsingfors
337 578 60 15 mera
409 572 210 22 lifsförnödenheter
634 574 27 19 än
676 572 55 21 frän-
739 572 112 27 Kyrkslätt

92 606 40 22 och
154 606 101 27 Sjundeå.
285 606 62 22 Hvad
370 607 47 21 åter
439 602 68 36 angår
520 608 144 25 .trävarorna,
681 612 45 16 som
742 606 110 22 Utskottet

90 640 73 28 påstår
183 640 87 22 komma
288 640 48 22 från
354 640 115 28 Kyrkslätt
485 640 41 22 och
541 640 111 22 trakterna
667 640 64 28 kring
745 640 52 28 Lojo
813 640 38 27 sjö,

91 675 24 22 så
133 674 79 22 forslas
231 675 62 22 dessa
312 675 34 21 till
362 677 82 20 största
459 675 64 21 delen
538 675 48 21 från
602 670 124 37 Kyrkslätt,
736 675 64 21 såsom
820 681 33 15 re-

91 710 43 21 dan
158 709 135 27 framhållits,
317 710 99 26 sjöledes,
441 710 42 21 och
502 710 56 21 ifrån
573 710 53 26 Lojo
642 710 80 21 station
737 711 30 25 är,
782 710 71 21 såsom

92 744 61 21 äfven
173 744 66 21 redan
263 744 88 26 anförts,
369 745 27 20 14
410 744 144 22 km--kortare
568 746 36 25 väg
616 744 41 22 till
673 744 134 27 Helsingfors
822 743 31 22 öf-

93 784 37 16 ver
148 778 113 22 Nummela
279 780 26 19 än
321 778 60 22 öfver
397 778 108 22 Gerknäs.
536 778 32 22 En
584 781 45 19 stor
644 779 34 21 del
693 778 22 22 af
729 780 124 20 trävarorna

92 812 48 22 från
156 812 169 27 omgifningarna
343 813 62 26 kring
420 812 55 28 Lojo
491 813 32 27 sjö
531 813 71 21 skulle
610 813 64 21 alltså
682 813 90 21 likasom
780 812 74 27 skogs-

92 847 143 26 produkterna
247 846 62 22 ifrån
326 847 45 21 ofta
386 847 125 27 åberopade
526 847 126 22 kommuner
666 853 87 16 norrom
767 847 87 26 Hangö-

93 881 69 21 banan
173 881 86 21 komma
274 883 32 20 att
320 881 28 28 gå
363 881 59 21 öfver
437 881 115 22 Nummela
567 881 86 22 station.

161 915 64 22 Huru
243 922 49 15 man
310 917 27 20 än
355 921 36 16 ser
411 915 75 27 saken,
501 916 69 22 måste
586 922 48 16 man
649 916 76 27 medge
741 917 32 20 att
788 915 67 21 lokal-

94 949 90 22 trafiken
199 950 28 27 pä
241 950 116 22 Nummela
370 950 71 22 banan
457 950 45 22 blir
515 950 87 28 mycket
617 952 70 20 större
698 952 31 20 än
745 950 27 28 pä
787 949 68 22 Gerk-

94 984 114 26 näsbanan,
228 984 44 22 och
287 984 63 28 följer
368 984 65 22 häraf
449 986 33 20 att
501 985 70 21 banan
592 985 39 21 bör
646 985 81 45 byggas
742 984 39 22 till
789 984 66 45 Sum

94 1018 62 22 mela.

162 1052 233 22 Utskottet
282 1048 8 37 -
299 1052 96 22 tillråder
417 1054 94 21 resande
534 1053 48 21 från
604 1054 114 21 Nummela
737 1032 43 43 sä
800 1052 56 28 Lojo

94 1086 104 22 stationer
213 1088 34 20 att
261 1086 73 22 färdas
350 1087 59 21 öfver
424 1087 102 22 Gerknäs
542 1088 32 21 till
589 1088 140 27 Helsingfors,
739 1088 45 21 och
799 1087 58 21 klar-

94 1121 56 26 ligen
169 1120 37 22 vill
228 1127 49 15 man
299 1121 72 22 hafva.
385 1121 65 22 äfven
474 1122 77 26 godset
568 1122 32 21 att
617 1124 58 25 göra
687 1118 69 25 denna
774 1123 82 28 omväg.

95 1155 69 21 Rådet
178 1157 25 19 är
217 1155 63 27 godt;
296 1158 22 25 ty
333 1155 7 22 i
352 1155 81 22 sådant:
449 1155 40 22 fall
503 1155 73 22 blefve
591 1155 169 30 Gerknäsbanan
771 1162 86 21 synner-

95 1189 57 26 ligen
170 1188 147 28 inbringande.
347 1189 84 22 Mindre
441 1190 162 22 -tillfredstälda
617 1191 61 21 torde
693 1187 126 26 emellertid
825 1190 33 21 re-

96 1223 66 22 sande
184 1224 40 21 och
249 1224 169 22 varuafsändare
441 1225 70 34 blifva
522 1225 58 45 "md
603 1225 69 22 denna
677 1221 10 36 :
695 1226 26 21 14
741 1225 12 22 å
771 1225 28 43 45
821 1225 36 21 km

96 1257 62 28 långa
172 1258 103 27 krokväg.

164 1292 123 22 Utskottets
307 1293 56 27 höga
382 1267 69 59 trumf
469 1299 65 22 synes
556 1300 52 15 vara
629 1271 37 44 det
682 1270 72 52 otin
765 1292 43 23 att:
817 1294 41 21 den

96 1311 159 47 genomgående
270 1326 93 22 trafiken
379 1327 69 22 skulle
464 1327 96 22 belastas
572 1328 50 21 med
630 1329 79 26 30,000
719 1328 60 22 mark
790 1330 69 19 större

96 1360 92 22 kostnad
210 1361 34 21 till.
265 1361 95 27 följd
336 1356 30 38 af
379 1361 42 22 den
442 1362 88 21 10-km
549 1363 73 26 längre
638 1365 67 24 vägen
720 1361 59 23 öfver
793 1361 67 22 Num-

97 1394 55 23 mela
167 1396 27 20 än
209 1394 104 23 Gerknäs.
341 1396 66 21 Detta
422 1402 53 16 vore
492 1396 107 22 måhända
614 1396 61 23 fallet
691 1390 32 38 om
740 1395 48 23 man
799 1394 60 29 finge

164 1445 181 24 Jernvägsutskotteis
358 1443 114 22 betänkande
484 1447 39 18 N:o
535 1447 15 18 1.
