1025 1659
419 124 40 21 N:o
475 125 34 20 29.
791 125 26 19 63

436 193 11 27 $
466 194 31 20 18.

155 232 33 22 De
210 232 32 22 till
264 232 162 22 vederbörande
448 232 167 22 kronolänsmän
638 233 28 27 på
691 232 74 22 landet
787 234 56 20 samt

87 267 156 27 polismästare,
259 266 149 28 borgmästare
431 266 50 22 eller
504 267 152 27 ordningsmän
673 267 7 21 i
696 267 47 21 stad
760 266 85 28 jemlikt

88 301 12 27 8
115 302 27 20 35
157 301 33 21 uti
204 301 161 21 instruktionen
380 300 33 22 för
428 300 371 28 hästutskrifningsmyndigheterna
809 300 35 22 vid

88 335 224 28 utskrifningstillfälle
330 336 146 27 uthändigade
491 336 167 27 anvisningarna
674 336 13 21 &
702 336 140 27 hästegarene

88 370 161 22 tillkommande
268 370 210 28 ersättningsbelopp
495 370 61 22 skola
568 371 68 27 jemte
651 370 59 22 öfver
725 370 48 22 dem
788 377 54 21 upp-

87 405 85 21 rättadt
193 405 152 27 sammandrag
366 406 59 21 inom
447 406 47 21 ätta
512 406 68 27 dagar
596 405 92 22 derefter
703 405 140 22 öfverlemnas

88 440 32 20 till
142 440 161 21 vederbörande
324 440 133 27 kronofogde
479 440 51 22 eller
545 440 121 28 magistrat,
682 446 46 16 som
743 440 39 22 hos
799 440 44 22 Gu-

88 476 104 20 vernören
207 474 7 21 i
229 474 59 22 länet
310 474 121 27 regvirerar
454 474 37 22 det
509 474 79 28 nödiga
603 474 102 28 beloppet
720 476 33 20 att
769 474 22 22 af
805 474 38 22 all-

88 510 79 20 männa
184 508 126 22 statsmedel
328 508 137 22 förskottsvis
484 509 142 26 utanordnas,
642 508 108 22 hvarefter
766 510 79 20 ersätt-

88 542 169 28 ningsbeloppen
272 549 76 21 genom
365 542 157 22 ofvannämnda
537 542 160 28 myndigheters
708 542 84 28 försorg
802 542 43 22 till-

88 577 139 22 handahällas
249 577 142 27 hästegarene
415 578 57 21 emot
495 577 155 22 äterställande
670 577 23 21 af
706 578 25 20 de
746 577 33 21 till
795 577 47 21 dem

88 611 156 22 öfverlemnade
260 611 235 28 utskrifningsbevisen.

198 648 40 24 ort,
262 646 87 22 hvarest
367 646 154 27 ordningsman
536 646 69 21 finnes
620 646 85 26 tillsatt,
722 646 121 27 regvirerar

89 681 69 21 denne
172 681 133 21 omedelbart
320 681 216 27 ersättningsmedlen
551 681 40 21 hos
608 680 146 22 Guvernören.

156 715 145 27 Redovisning
323 715 59 21 öfver
398 715 25 21 de
438 716 113 26 mottagna
566 715 83 21 medlen
662 715 67 27 jemte
743 714 100 22 fullstän-

89 750 49 27 diga
159 749 159 22 verifikationer
341 750 102 21 insändas
460 750 51 21 derä
526 751 54 20 utan
598 750 101 26 dröjsmål
714 749 32 21 till
762 749 81 21 Guver-

89 786 66 20 nören
171 784 7 21 i
193 784 65 21 länet.

435 813 12 27 8
467 814 30 21 19.

156 854 171 21 Kronolänsman
343 854 29 26 pä
386 854 75 21 landet
475 856 56 19 samt
546 854 172 27 poliskammare,
729 854 114 26 magistrat

89 888 50 21 eller
162 888 151 27 ordningsman
329 888 7 21 i
351 888 50 21 stad
424 888 79 27 åligger
526 888 57 22 hålla
606 888 71 27 tillsyn
697 887 97 23 deröfver
810 889 33 20 att

90 922 142 22 ordföranden
248 922 6 21 i
269 922 225 27 besigtningsnämden
518 922 62 22 alltid
603 924 24 20 är
646 922 86 22 försedd
747 922 48 21 med
810 921 33 22 för

89 956 103 22 nämdens
210 956 156 28 förrättningar
385 956 139 28 erforderliga
542 957 123 21 blanketter
685 957 39 21 och
739 957 105 21 hästmätt

90 991 44 26 och,
154 991 38 21 der
207 991 37 21 det
258 990 95 23 befinnes
369 993 34 19 att
418 992 67 26 nägot
499 991 63 22 häraf
575 992 87 25 saknas,
679 998 34 15 om
728 991 115 21 förhällan-

90 1025 36 21 det
141 1025 85 22 anmäla
240 1025 39 22 hos
295 1025 148 22 Guvernören.
