1036 1656
173 153 28 20 40
361 153 82 22 Ständ.
461 153 39 22 Sv.
515 165 27 4 —
558 153 76 28 Prop.
650 153 42 22 N:o
708 153 38 22 23.

529 222 12 27 $
558 223 18 19 7.

243 267 57 26 Den,
325 274 49 14 som
398 267 89 21 erhällit
510 267 103 21 tillständ
629 267 33 21 till
678 267 142 26 anläggande
836 267 24 21 af
870 267 60 28 jern-

173 303 50 25 väg,
239 308 54 14 vare
309 301 123 27 berättigad
448 304 32 18 att
495 301 74 22 inlösa
585 302 45 21 den
646 302 34 21 för
698 301 131 21 ändamälet
846 301 84 27 nödiga

174 336 67 20 mark
264 336 7 20 i
294 336 99 26 enlighet
415 336 51 21 med
486 336 62 21 hvad
563 336 7 20 i
586 337 65 26 lagen
668 343 38 14 om
722 336 169 27 expropriation
907 336 26 20 af

174 370 45 21 fast
234 370 110 27 egendom
361 371 35 20 för
410 371 96 20 allmänt
521 371 73 20 behof
606 372 26 19 är
647 370 109 27 stadgadt.

528 457 11 26 s
550 457 24 26 8.

245 513 26 27 Ej
295 513 38 21 mä
355 513 77 27 åtgärd
455 513 33 21 till
510 513 64 27 jords
591 513 118 21 inlösande
725 513 35 20 för
772 513 95 27 jernväg
883 513 47 20 vid-

174 550 71 24 tagas,
262 547 71 21 innan
349 548 136 26 anläggaren
501 548 7 20 i
523 548 128 27 penningar
664 548 54 21 eller
732 547 26 21 af
769 547 96 21 Senaten
877 547 53 27 god-

175 581 78 21 kända
271 582 157 27 värdepapper
444 582 90 21 nedsatt
549 582 106 21 säkerhet
670 582 34 21 för
720 582 27 21 de
763 582 25 20 af
800 581 130 28 expropria-

174 616 202 21 tionsförfarandet
391 616 133 21 föranledda
540 616 124 21 kostnader
676 617 44 20 och
735 616 35 21 för
785 616 27 21 de
828 616 101 27 anspräk

175 650 30 28 pä
228 651 130 26 ersättning,
382 658 49 14 som
451 656 63 21 egare
530 652 44 20 och
590 651 148 21 innehafvare
754 651 24 20 af
792 650 71 21 sädan
876 650 53 28 jord

175 685 80 21 kunna
271 685 79 26 väcka,
367 685 6 21 i
389 685 108 21 händelse
514 686 136 26 anläggaren
666 691 82 21 genom
761 685 168 21 uraktlätenhet

175 721 32 19 att
233 719 97 27 fullfölja
356 719 93 21 ärendet
473 720 39 26 går
537 720 257 27 expropriationsrätten
819 719 108 26 förlustig.

175 754 244 20 Säkerhetssummans
442 754 83 27 belopp
548 754 140 20 bestämmes
710 754 38 20 vid
772 753 157 27 anläggnings-

176 788 137 20 tillståndets
329 788 154 21 meddelande.

518 852 12 26 8
554 852 31 20 10.

244 902 44 20 Till
309 902 202 27 jernvägsområde
534 902 38 20 må
595 902 18 27 ej
637 903 101 25 utläggas
762 908 78 14 annan
856 902 73 25 mark,

174 937 29 19 än
227 936 51 25 den,
302 943 50 14 som
374 936 7 20 i
404 936 50 27 laga
475 936 97 26 ordning
595 936 75 21 därtill
691 936 117 26 bestämts,
824 935 18 27 ej
859 936 71 20 heller

173 970 138 20 annorledes
327 972 29 18 än
372 976 82 21 genom
469 970 176 28 expropriation.

243 1004 68 20 Hvad
332 1004 42 20 här
395 1006 25 19 är
440 1004 104 27 stadgadt
560 1004 58 21 skall
634 1004 112 26 iakttagas
762 1004 66 20 äfven
844 1003 7 21 i
867 1003 61 27 fråga

173 1044 39 14 om
239 1038 136 27 anläggaren
400 1038 51 27 sjelf
470 1038 100 27 tillhörig
593 1039 73 26 mark,
689 1038 7 20 i
720 1038 105 20 afseende
848 1038 13 20 å
877 1038 51 20 dess

173 1072 138 27 afskiljande
337 1073 43 20 och
406 1073 127 26 frigörande
556 1073 51 20 från
630 1072 133 26 inteckning
784 1072 44 20 och
850 1078 78 14 annan

173 1106 55 21 derå
243 1106 109 21 hvilande
368 1108 48 20 rätt.

243 1141 60 20 Utan
326 1141 102 21 tillstånd
450 1141 25 21 af
495 1141 97 21 Senaten
615 1141 39 20 må
674 1141 33 20 till
726 1140 203 27 jernvägsområde

173 1175 78 26 utlagd
268 1175 66 21 mark
350 1175 18 27 ej
384 1175 99 21 derifrån
500 1175 84 28 skiljas.

518 1266 12 27 8
553 1267 32 20 11.

243 1316 45 21 Om
301 1316 184 27 jernvägsegares
502 1317 129 27 skyldighet
647 1319 32 18 att
693 1317 84 20 inrätta
790 1316 43 21 och
848 1317 81 20 under-

172 1350 63 21 hålla
251 1350 193 27 vägöfvergångar
459 1351 53 20 eller
527 1351 72 20 andra
614 1351 79 27 dylika
704 1351 109 20 anstalter
824 1351 36 20 för
869 1357 59 14 sam-

172 1385 84 20 färdsel
280 1385 63 20 öfver
364 1384 212 27 jernvägsområdet
600 1385 25 21 så
648 1385 43 21 ock
713 1384 94 27 hägnad
822 1385 106 26 omkring

172 1419 130 21 detsamma
325 1419 43 20 och
392 1419 159 27 afloppsdiken
574 1419 91 27 stadgas
689 1419 6 20 i
714 1419 65 26 lagen
796 1425 38 14 om
850 1425 79 21 expro-

172 1453 100 27 priation
288 1453 25 20 af
326 1453 44 20 fast
385 1453 111 26 egendom
512 1453 34 21 för
562 1453 96 21 allmänt
673 1453 75 21 behof.
