<?xml version="1.0" encoding="UTF-8"?>
<alto xmlns="http://www.loc.gov/standards/alto/ns-v3#" xmlns:xlink="http://www.w3.org/1999/xlink" xmlns:xsi="http://www.w3.org/2001/XMLSchema-instance" xsi:schemaLocation="http://www.loc.gov/standards/alto/ns-v3# http://www.loc.gov/alto/v3/alto-3-0.xsd">
	<Description>
		<MeasurementUnit>pixel</MeasurementUnit>
		<sourceImageInformation>
			<fileName>/tmp/tess_6p5cd8qk_input.PNG</fileName>
		</sourceImageInformation>
		<OCRProcessing ID="OCR_0">
			<ocrProcessingStep>
				<processingSoftware>
					<softwareName>tesseract 5.3.4</softwareName>
				</processingSoftware>
			</ocrProcessingStep>
		</OCRProcessing>
	</Description>
	<Layout>
		<Page WIDTH="1028" HEIGHT="1661" PHYSICAL_IMG_NR="0" ID="page_0">
			<PrintSpace HPOS="0" VPOS="0" WIDTH="1028" HEIGHT="1661">
				<ComposedBlock ID="cblock_0" HPOS="178" VPOS="200" WIDTH="757" HEIGHT="573">
					<TextBlock ID="block_0" HPOS="178" VPOS="200" WIDTH="757" HEIGHT="197">
						<TextLine ID="line_0" HPOS="247" VPOS="200" WIDTH="687" HEIGHT="25">
							<String ID="string_0" HPOS="247" VPOS="200" WIDTH="65" HEIGHT="21" WC="0.96" CONTENT="Dessa"/><SP WIDTH="18" VPOS="200" HPOS="312"/>
							<String ID="string_1" HPOS="330" VPOS="201" WIDTH="37" HEIGHT="20" WC="0.96" CONTENT="och"/><SP WIDTH="18" VPOS="201" HPOS="367"/>
							<String ID="string_2" HPOS="385" VPOS="201" WIDTH="69" HEIGHT="24" WC="0.96" CONTENT="många"/><SP WIDTH="18" VPOS="201" HPOS="454"/>
							<String ID="string_3" HPOS="472" VPOS="202" WIDTH="63" HEIGHT="19" WC="0.96" CONTENT="andra"/><SP WIDTH="18" VPOS="202" HPOS="535"/>
							<String ID="string_4" HPOS="553" VPOS="201" WIDTH="75" HEIGHT="24" WC="0.96" CONTENT="viktiga"/><SP WIDTH="18" VPOS="201" HPOS="628"/>
							<String ID="string_5" HPOS="646" VPOS="201" WIDTH="129" HEIGHT="24" WC="0.96" CONTENT="synpunkter,"/><SP WIDTH="16" VPOS="201" HPOS="775"/>
							<String ID="string_6" HPOS="791" VPOS="206" WIDTH="42" HEIGHT="15" WC="0.96" CONTENT="som"/><SP WIDTH="15" VPOS="206" HPOS="833"/>
							<String ID="string_7" HPOS="848" VPOS="201" WIDTH="42" HEIGHT="19" WC="0.96" CONTENT="tala"/><SP WIDTH="14" VPOS="201" HPOS="890"/>
							<String ID="string_8" HPOS="904" VPOS="200" WIDTH="30" HEIGHT="20" WC="0.95" CONTENT="till"/>
						</TextLine>
						<TextLine ID="line_1" HPOS="179" VPOS="229" WIDTH="756" HEIGHT="25">
							<String ID="string_9" HPOS="179" VPOS="229" WIDTH="75" HEIGHT="20" WC="0.96" CONTENT="förmån"/><SP WIDTH="19" VPOS="229" HPOS="254"/>
							<String ID="string_10" HPOS="273" VPOS="229" WIDTH="31" HEIGHT="20" WC="0.96" CONTENT="för"/><SP WIDTH="18" VPOS="229" HPOS="304"/>
							<String ID="string_11" HPOS="322" VPOS="230" WIDTH="37" HEIGHT="19" WC="0.96" CONTENT="den"/><SP WIDTH="19" VPOS="230" HPOS="359"/>
							<String ID="string_12" HPOS="378" VPOS="230" WIDTH="98" HEIGHT="20" WC="0.93" CONTENT="Karelska"/><SP WIDTH="18" VPOS="230" HPOS="476"/>
							<String ID="string_13" HPOS="494" VPOS="230" WIDTH="69" HEIGHT="24" WC="0.91" CONTENT="linien,"/><SP WIDTH="15" VPOS="230" HPOS="563"/>
							<String ID="string_14" HPOS="578" VPOS="231" WIDTH="57" HEIGHT="18" WC="0.95" CONTENT="torde"/><SP WIDTH="16" VPOS="231" HPOS="635"/>
							<String ID="string_15" HPOS="651" VPOS="230" WIDTH="118" HEIGHT="19" WC="0.93" CONTENT="åtminstone"/><SP WIDTH="15" VPOS="230" HPOS="769"/>
							<String ID="string_16" HPOS="784" VPOS="229" WIDTH="86" HEIGHT="25" WC="0.90" CONTENT="förtjena"/><SP WIDTH="15" VPOS="229" HPOS="870"/>
							<String ID="string_17" HPOS="885" VPOS="235" WIDTH="50" HEIGHT="18" WC="0.92" CONTENT="nog-"/>
						</TextLine>
						<TextLine ID="line_2" HPOS="179" VPOS="258" WIDTH="756" HEIGHT="24">
							<String ID="string_18" HPOS="179" VPOS="264" WIDTH="61" HEIGHT="18" WC="0.93" CONTENT="grann"/><SP WIDTH="20" VPOS="264" HPOS="240"/>
							<String ID="string_19" HPOS="260" VPOS="259" WIDTH="155" HEIGHT="23" WC="0.92" CONTENT="undersökring,"/><SP WIDTH="18" VPOS="259" HPOS="415"/>
							<String ID="string_20" HPOS="433" VPOS="259" WIDTH="60" HEIGHT="19" WC="0.96" CONTENT="innan"/><SP WIDTH="19" VPOS="259" HPOS="493"/>
							<String ID="string_21" HPOS="512" VPOS="259" WIDTH="98" HEIGHT="20" WC="0.95" CONTENT="definitivt"/><SP WIDTH="17" VPOS="259" HPOS="610"/>
							<String ID="string_22" HPOS="627" VPOS="259" WIDTH="66" HEIGHT="20" WC="0.96" CONTENT="beslut"/><SP WIDTH="15" VPOS="259" HPOS="693"/>
							<String ID="string_23" HPOS="708" VPOS="259" WIDTH="60" HEIGHT="19" WC="0.96" CONTENT="fattas"/><SP WIDTH="16" VPOS="259" HPOS="768"/>
							<String ID="string_24" HPOS="784" VPOS="264" WIDTH="31" HEIGHT="14" WC="0.96" CONTENT="om"/><SP WIDTH="15" VPOS="264" HPOS="815"/>
							<String ID="string_25" HPOS="830" VPOS="259" WIDTH="38" HEIGHT="19" WC="0.92" CONTENT="den"/><SP WIDTH="16" VPOS="259" HPOS="868"/>
							<String ID="string_26" HPOS="884" VPOS="258" WIDTH="51" HEIGHT="20" WC="0.92" CONTENT="rikt-"/>
						</TextLine>
						<TextLine ID="line_3" HPOS="179" VPOS="286" WIDTH="755" HEIGHT="26">
							<String ID="string_27" HPOS="179" VPOS="287" WIDTH="53" HEIGHT="23" WC="0.96" CONTENT="ning,"/><SP WIDTH="18" VPOS="287" HPOS="232"/>
							<String ID="string_28" HPOS="250" VPOS="286" WIDTH="7" HEIGHT="20" WC="0.96" CONTENT="i"/><SP WIDTH="19" VPOS="286" HPOS="257"/>
							<String ID="string_29" HPOS="276" VPOS="286" WIDTH="79" HEIGHT="20" WC="0.95" CONTENT="hvilken"/><SP WIDTH="23" VPOS="286" HPOS="355"/>
							<String ID="string_30" HPOS="378" VPOS="287" WIDTH="77" HEIGHT="25" WC="0.95" CONTENT="Kajana"/><SP WIDTH="22" VPOS="287" HPOS="455"/>
							<String ID="string_31" HPOS="477" VPOS="287" WIDTH="63" HEIGHT="20" WC="0.95" CONTENT="härad"/><SP WIDTH="18" VPOS="287" HPOS="540"/>
							<String ID="string_32" HPOS="558" VPOS="288" WIDTH="52" HEIGHT="19" WC="0.96" CONTENT="skall"/><SP WIDTH="18" VPOS="288" HPOS="610"/>
							<String ID="string_33" HPOS="628" VPOS="287" WIDTH="20" HEIGHT="20" WC="0.96" CONTENT="få"/><SP WIDTH="19" VPOS="287" HPOS="648"/>
							<String ID="string_34" HPOS="667" VPOS="288" WIDTH="29" HEIGHT="19" WC="0.93" CONTENT="sin"/><SP WIDTH="15" VPOS="288" HPOS="696"/>
							<String ID="string_35" HPOS="711" VPOS="286" WIDTH="223" HEIGHT="26" WC="0.90" CONTENT="jernvägsförbindelse."/>
						</TextLine>
						<TextLine ID="line_4" HPOS="179" VPOS="315" WIDTH="755" HEIGHT="25">
							<String ID="string_36" HPOS="179" VPOS="315" WIDTH="123" HEIGHT="20" WC="0.92" CONTENT="Verkställes"/><SP WIDTH="18" VPOS="315" HPOS="302"/>
							<String ID="string_37" HPOS="320" VPOS="316" WIDTH="18" HEIGHT="24" WC="0.96" CONTENT="ej"/><SP WIDTH="20" VPOS="316" HPOS="338"/>
							<String ID="string_38" HPOS="358" VPOS="322" WIDTH="23" HEIGHT="14" WC="0.96" CONTENT="en"/><SP WIDTH="20" VPOS="322" HPOS="381"/>
							<String ID="string_39" HPOS="401" VPOS="316" WIDTH="59" HEIGHT="20" WC="0.96" CONTENT="sådan"/><SP WIDTH="17" VPOS="316" HPOS="460"/>
							<String ID="string_40" HPOS="477" VPOS="316" WIDTH="148" HEIGHT="24" WC="0.93" CONTENT="undersökning"/><SP WIDTH="16" VPOS="316" HPOS="625"/>
							<String ID="string_41" HPOS="641" VPOS="316" WIDTH="136" HEIGHT="23" WC="0.92" CONTENT="derförinnan,"/><SP WIDTH="16" VPOS="316" HPOS="777"/>
							<String ID="string_42" HPOS="793" VPOS="316" WIDTH="87" HEIGHT="19" WC="0.96" CONTENT="kommer"/><SP WIDTH="16" VPOS="316" HPOS="880"/>
							<String ID="string_43" HPOS="896" VPOS="316" WIDTH="38" HEIGHT="18" WC="0.96" CONTENT="den"/>
						</TextLine>
						<TextLine ID="line_5" HPOS="179" VPOS="344" WIDTH="755" HEIGHT="26">
							<String ID="string_44" HPOS="179" VPOS="344" WIDTH="95" HEIGHT="26" WC="0.96" CONTENT="derefter,"/><SP WIDTH="18" VPOS="344" HPOS="274"/>
							<String ID="string_45" HPOS="292" VPOS="344" WIDTH="77" HEIGHT="20" WC="0.96" CONTENT="hvilket"/><SP WIDTH="18" VPOS="344" HPOS="369"/>
							<String ID="string_46" HPOS="387" VPOS="345" WIDTH="84" HEIGHT="20" WC="0.96" CONTENT="resultat"/><SP WIDTH="20" VPOS="345" HPOS="471"/>
							<String ID="string_47" HPOS="491" VPOS="346" WIDTH="38" HEIGHT="19" WC="0.96" CONTENT="den"/><SP WIDTH="21" VPOS="346" HPOS="529"/>
							<String ID="string_48" HPOS="550" VPOS="346" WIDTH="112" HEIGHT="19" WC="0.96" CONTENT="sedermera"/><SP WIDTH="20" VPOS="346" HPOS="662"/>
							<String ID="string_49" HPOS="682" VPOS="348" WIDTH="24" HEIGHT="17" WC="0.96" CONTENT="än"/><SP WIDTH="19" VPOS="348" HPOS="706"/>
							<String ID="string_50" HPOS="725" VPOS="345" WIDTH="32" HEIGHT="19" WC="0.96" CONTENT="må"/><SP WIDTH="14" VPOS="345" HPOS="757"/>
							<String ID="string_51" HPOS="771" VPOS="345" WIDTH="71" HEIGHT="25" WC="0.93" CONTENT="utvisa,"/><SP WIDTH="16" VPOS="345" HPOS="842"/>
							<String ID="string_52" HPOS="858" VPOS="344" WIDTH="76" HEIGHT="24" WC="0.92" CONTENT="ohjelp-"/>
						</TextLine>
						<TextLine ID="line_6" HPOS="178" VPOS="372" WIDTH="164" HEIGHT="25">
							<String ID="string_53" HPOS="178" VPOS="373" WIDTH="52" HEIGHT="24" WC="0.96" CONTENT="ligen"/><SP WIDTH="15" VPOS="373" HPOS="230"/>
							<String ID="string_54" HPOS="245" VPOS="372" WIDTH="33" HEIGHT="21" WC="0.96" CONTENT="för"/><SP WIDTH="15" VPOS="372" HPOS="278"/>
							<String ID="string_55" HPOS="293" VPOS="376" WIDTH="49" HEIGHT="18" WC="0.96" CONTENT="sent."/>
						</TextLine>
					</TextBlock>
					<TextBlock ID="block_1" HPOS="178" VPOS="402" WIDTH="756" HEIGHT="226">
						<TextLine ID="line_7" HPOS="247" VPOS="402" WIDTH="687" HEIGHT="25">
							<String ID="string_56" HPOS="247" VPOS="402" WIDTH="97" HEIGHT="25" WC="0.96" CONTENT="Slutligen"/><SP WIDTH="21" VPOS="402" HPOS="344"/>
							<String ID="string_57" HPOS="365" VPOS="402" WIDTH="32" HEIGHT="20" WC="0.95" CONTENT="må"/><SP WIDTH="22" VPOS="402" HPOS="397"/>
							<String ID="string_58" HPOS="419" VPOS="402" WIDTH="33" HEIGHT="21" WC="0.92" CONTENT="det"/><SP WIDTH="18" VPOS="402" HPOS="452"/>
							<String ID="string_59" HPOS="470" VPOS="402" WIDTH="75" HEIGHT="21" WC="0.95" CONTENT="tillåtas"/><SP WIDTH="19" VPOS="402" HPOS="545"/>
							<String ID="string_60" HPOS="564" VPOS="403" WIDTH="38" HEIGHT="24" WC="0.96" CONTENT="mig"/><SP WIDTH="20" VPOS="403" HPOS="602"/>
							<String ID="string_61" HPOS="622" VPOS="404" WIDTH="35" HEIGHT="23" WC="0.95" CONTENT="att,"/><SP WIDTH="21" VPOS="404" HPOS="657"/>
							<String ID="string_62" HPOS="678" VPOS="408" WIDTH="31" HEIGHT="15" WC="0.96" CONTENT="om"/><SP WIDTH="16" VPOS="408" HPOS="709"/>
							<String ID="string_63" HPOS="725" VPOS="402" WIDTH="37" HEIGHT="21" WC="0.96" CONTENT="ock"/><SP WIDTH="16" VPOS="402" HPOS="762"/>
							<String ID="string_64" HPOS="778" VPOS="402" WIDTH="71" HEIGHT="20" WC="0.93" CONTENT="endast"/><SP WIDTH="15" VPOS="402" HPOS="849"/>
							<String ID="string_65" HPOS="864" VPOS="402" WIDTH="70" HEIGHT="24" WC="0.92" CONTENT="antyd-"/>
						</TextLine>
						<TextLine ID="line_8" HPOS="178" VPOS="430" WIDTH="755" HEIGHT="27">
							<String ID="string_66" HPOS="178" VPOS="431" WIDTH="96" HEIGHT="25" WC="0.96" CONTENT="ningsvis,"/><SP WIDTH="16" VPOS="431" HPOS="274"/>
							<String ID="string_67" HPOS="290" VPOS="431" WIDTH="79" HEIGHT="25" WC="0.96" CONTENT="påpeka"/><SP WIDTH="15" VPOS="431" HPOS="369"/>
							<String ID="string_68" HPOS="384" VPOS="432" WIDTH="34" HEIGHT="19" WC="0.96" CONTENT="det"/><SP WIDTH="12" VPOS="432" HPOS="418"/>
							<String ID="string_69" HPOS="430" VPOS="432" WIDTH="107" HEIGHT="24" WC="0.96" CONTENT="ingalunda"/><SP WIDTH="14" VPOS="432" HPOS="537"/>
							<String ID="string_70" HPOS="551" VPOS="432" WIDTH="60" HEIGHT="19" WC="0.93" CONTENT="minst"/><SP WIDTH="14" VPOS="432" HPOS="611"/>
							<String ID="string_71" HPOS="625" VPOS="432" WIDTH="74" HEIGHT="25" WC="0.91" CONTENT="vigtiga"/><SP WIDTH="15" VPOS="432" HPOS="699"/>
							<String ID="string_72" HPOS="714" VPOS="431" WIDTH="65" HEIGHT="20" WC="0.96" CONTENT="skälet"/><SP WIDTH="16" VPOS="431" HPOS="779"/>
							<String ID="string_73" HPOS="795" VPOS="431" WIDTH="31" HEIGHT="20" WC="0.96" CONTENT="för"/><SP WIDTH="16" VPOS="431" HPOS="826"/>
							<String ID="string_74" HPOS="842" VPOS="433" WIDTH="30" HEIGHT="18" WC="0.93" CONTENT="att"/><SP WIDTH="14" VPOS="433" HPOS="872"/>
							<String ID="string_75" HPOS="886" VPOS="430" WIDTH="47" HEIGHT="20" WC="0.91" CONTENT="ifrå-"/>
						</TextLine>
						<TextLine ID="line_9" HPOS="179" VPOS="460" WIDTH="755" HEIGHT="25">
							<String ID="string_76" HPOS="179" VPOS="460" WIDTH="112" HEIGHT="24" WC="0.91" CONTENT="gavarande"/><SP WIDTH="13" VPOS="460" HPOS="291"/>
							<String ID="string_77" HPOS="304" VPOS="461" WIDTH="83" HEIGHT="24" WC="0.91" CONTENT="jernväg"/><SP WIDTH="14" VPOS="461" HPOS="387"/>
							<String ID="string_78" HPOS="401" VPOS="460" WIDTH="55" HEIGHT="20" WC="0.91" CONTENT="ledes"/><SP WIDTH="15" VPOS="460" HPOS="456"/>
							<String ID="string_79" HPOS="471" VPOS="466" WIDTH="70" HEIGHT="19" WC="0.95" CONTENT="genom"/><SP WIDTH="13" VPOS="466" HPOS="541"/>
							<String ID="string_80" HPOS="554" VPOS="460" WIDTH="93" HEIGHT="20" WC="0.95" CONTENT="Karelen."/><SP WIDTH="24" VPOS="460" HPOS="647"/>
							<String ID="string_81" HPOS="671" VPOS="461" WIDTH="70" HEIGHT="19" WC="0.96" CONTENT="Redan"/><SP WIDTH="12" VPOS="461" HPOS="741"/>
							<String ID="string_82" HPOS="753" VPOS="461" WIDTH="58" HEIGHT="24" WC="0.96" CONTENT="länge"/><SP WIDTH="12" VPOS="461" HPOS="811"/>
							<String ID="string_83" HPOS="823" VPOS="461" WIDTH="35" HEIGHT="18" WC="0.95" CONTENT="har"/><SP WIDTH="11" VPOS="461" HPOS="858"/>
							<String ID="string_84" HPOS="869" VPOS="460" WIDTH="65" HEIGHT="19" WC="0.95" CONTENT="denna"/>
						</TextLine>
						<TextLine ID="line_10" HPOS="178" VPOS="489" WIDTH="756" HEIGHT="25">
							<String ID="string_85" HPOS="178" VPOS="489" WIDTH="116" HEIGHT="24" WC="0.91" CONTENT="gränsmark"/><SP WIDTH="13" VPOS="489" HPOS="294"/>
							<String ID="string_86" HPOS="307" VPOS="489" WIDTH="51" HEIGHT="20" WC="0.95" CONTENT="varit"/><SP WIDTH="14" VPOS="489" HPOS="358"/>
							<String ID="string_87" HPOS="372" VPOS="491" WIDTH="64" HEIGHT="18" WC="0.96" CONTENT="utsatt"/><SP WIDTH="14" VPOS="491" HPOS="436"/>
							<String ID="string_88" HPOS="450" VPOS="489" WIDTH="32" HEIGHT="20" WC="0.96" CONTENT="för"/><SP WIDTH="15" VPOS="489" HPOS="482"/>
							<String ID="string_89" HPOS="497" VPOS="489" WIDTH="120" HEIGHT="20" WC="0.92" CONTENT="främmande"/><SP WIDTH="16" VPOS="489" HPOS="617"/>
							<String ID="string_90" HPOS="633" VPOS="489" WIDTH="116" HEIGHT="25" WC="0.91" CONTENT="inflytelser,"/><SP WIDTH="16" VPOS="489" HPOS="749"/>
							<String ID="string_91" HPOS="765" VPOS="489" WIDTH="32" HEIGHT="20" WC="0.96" CONTENT="för"/><SP WIDTH="14" VPOS="489" HPOS="797"/>
							<String ID="string_92" HPOS="811" VPOS="489" WIDTH="57" HEIGHT="19" WC="0.96" CONTENT="faran"/><SP WIDTH="15" VPOS="489" HPOS="868"/>
							<String ID="string_93" HPOS="883" VPOS="491" WIDTH="29" HEIGHT="17" WC="0.96" CONTENT="att"/><SP WIDTH="15" VPOS="491" HPOS="912"/>
							<String ID="string_94" HPOS="927" VPOS="489" WIDTH="7" HEIGHT="18" WC="0.96" CONTENT="i"/>
						</TextLine>
						<TextLine ID="line_11" HPOS="179" VPOS="517" WIDTH="755" HEIGHT="26">
							<String ID="string_95" HPOS="179" VPOS="523" WIDTH="41" HEIGHT="14" WC="0.96" CONTENT="mer"/><SP WIDTH="18" VPOS="523" HPOS="220"/>
							<String ID="string_96" HPOS="238" VPOS="517" WIDTH="50" HEIGHT="20" WC="0.96" CONTENT="eller"/><SP WIDTH="18" VPOS="517" HPOS="288"/>
							<String ID="string_97" HPOS="306" VPOS="518" WIDTH="76" HEIGHT="19" WC="0.96" CONTENT="mindre"/><SP WIDTH="17" VPOS="518" HPOS="382"/>
							<String ID="string_98" HPOS="399" VPOS="519" WIDTH="44" HEIGHT="19" WC="0.93" CONTENT="mån"/><SP WIDTH="19" VPOS="519" HPOS="443"/>
							<String ID="string_99" HPOS="462" VPOS="519" WIDTH="130" HEIGHT="24" WC="0.91" CONTENT="expatrieras,"/><SP WIDTH="16" VPOS="519" HPOS="592"/>
							<String ID="string_100" HPOS="608" VPOS="519" WIDTH="37" HEIGHT="19" WC="0.96" CONTENT="och"/><SP WIDTH="16" VPOS="519" HPOS="645"/>
							<String ID="string_101" HPOS="661" VPOS="519" WIDTH="38" HEIGHT="23" WC="0.96" CONTENT="hög"/><SP WIDTH="15" VPOS="519" HPOS="699"/>
							<String ID="string_102" HPOS="714" VPOS="519" WIDTH="29" HEIGHT="19" WC="0.96" CONTENT="tid"/><SP WIDTH="16" VPOS="519" HPOS="743"/>
							<String ID="string_103" HPOS="759" VPOS="520" WIDTH="22" HEIGHT="17" WC="0.96" CONTENT="är"/><SP WIDTH="14" VPOS="520" HPOS="781"/>
							<String ID="string_104" HPOS="795" VPOS="520" WIDTH="30" HEIGHT="17" WC="0.96" CONTENT="att"/><SP WIDTH="15" VPOS="520" HPOS="825"/>
							<String ID="string_105" HPOS="840" VPOS="517" WIDTH="94" HEIGHT="24" WC="0.95" CONTENT="åtgärder"/>
						</TextLine>
						<TextLine ID="line_12" HPOS="179" VPOS="546" WIDTH="754" HEIGHT="25">
							<String ID="string_106" HPOS="179" VPOS="547" WIDTH="89" HEIGHT="23" WC="0.96" CONTENT="vidtagas"/><SP WIDTH="16" VPOS="547" HPOS="268"/>
							<String ID="string_107" HPOS="284" VPOS="546" WIDTH="30" HEIGHT="20" WC="0.96" CONTENT="för"/><SP WIDTH="16" VPOS="546" HPOS="314"/>
							<String ID="string_108" HPOS="330" VPOS="547" WIDTH="106" HEIGHT="19" WC="0.96" CONTENT="stärkande"/><SP WIDTH="18" VPOS="547" HPOS="436"/>
							<String ID="string_109" HPOS="454" VPOS="547" WIDTH="21" HEIGHT="19" WC="0.96" CONTENT="af"/><SP WIDTH="13" VPOS="547" HPOS="475"/>
							<String ID="string_110" HPOS="488" VPOS="547" WIDTH="152" HEIGHT="24" WC="0.96" CONTENT="befolkningens"/><SP WIDTH="16" VPOS="547" HPOS="640"/>
							<String ID="string_111" HPOS="656" VPOS="548" WIDTH="6" HEIGHT="18" WC="0.96" CONTENT="i"/><SP WIDTH="16" VPOS="548" HPOS="662"/>
							<String ID="string_112" HPOS="678" VPOS="548" WIDTH="65" HEIGHT="18" WC="0.92" CONTENT="denna"/><SP WIDTH="15" VPOS="548" HPOS="743"/>
							<String ID="string_113" HPOS="758" VPOS="547" WIDTH="110" HEIGHT="19" WC="0.88" CONTENT="landsända"/><SP WIDTH="15" VPOS="547" HPOS="868"/>
							<String ID="string_114" HPOS="883" VPOS="552" WIDTH="50" HEIGHT="14" WC="0.92" CONTENT="sam-"/>
						</TextLine>
						<TextLine ID="line_13" HPOS="179" VPOS="574" WIDTH="753" HEIGHT="26">
							<String ID="string_115" HPOS="179" VPOS="574" WIDTH="172" HEIGHT="25" WC="0.92" CONTENT="hörighetskänsla"/><SP WIDTH="24" VPOS="574" HPOS="351"/>
							<String ID="string_116" HPOS="375" VPOS="576" WIDTH="44" HEIGHT="19" WC="0.96" CONTENT="med"/><SP WIDTH="26" VPOS="576" HPOS="419"/>
							<String ID="string_117" HPOS="445" VPOS="576" WIDTH="39" HEIGHT="20" WC="0.96" CONTENT="det"/><SP WIDTH="12" VPOS="576" HPOS="484"/>
							<String ID="string_118" HPOS="496" VPOS="576" WIDTH="65" HEIGHT="24" WC="0.95" CONTENT="öfriga"/><SP WIDTH="18" VPOS="576" HPOS="561"/>
							<String ID="string_119" HPOS="579" VPOS="575" WIDTH="138" HEIGHT="25" WC="0.93" CONTENT="fosterlandet,"/><SP WIDTH="18" VPOS="575" HPOS="717"/>
							<String ID="string_120" HPOS="735" VPOS="576" WIDTH="82" HEIGHT="19" WC="0.92" CONTENT="hvartill"/><SP WIDTH="19" VPOS="576" HPOS="817"/>
							<String ID="string_121" HPOS="836" VPOS="581" WIDTH="24" HEIGHT="13" WC="0.93" CONTENT="en"/><SP WIDTH="19" VPOS="581" HPOS="860"/>
							<String ID="string_122" HPOS="879" VPOS="575" WIDTH="53" HEIGHT="24" WC="0.91" CONTENT="jern-"/>
						</TextLine>
						<TextLine ID="line_14" HPOS="179" VPOS="604" WIDTH="450" HEIGHT="24">
							<String ID="string_123" HPOS="179" VPOS="604" WIDTH="170" HEIGHT="24" WC="0.91" CONTENT="vägsförbindelse"/><SP WIDTH="15" VPOS="604" HPOS="349"/>
							<String ID="string_124" HPOS="364" VPOS="604" WIDTH="82" HEIGHT="24" WC="0.96" CONTENT="kraftigt"/><SP WIDTH="16" VPOS="604" HPOS="446"/>
							<String ID="string_125" HPOS="462" VPOS="605" WIDTH="64" HEIGHT="19" WC="0.96" CONTENT="skulle"/><SP WIDTH="15" VPOS="605" HPOS="526"/>
							<String ID="string_126" HPOS="541" VPOS="604" WIDTH="88" HEIGHT="24" WC="0.96" CONTENT="bidraga."/>
						</TextLine>
					</TextBlock>
					<TextBlock ID="block_2" HPOS="178" VPOS="632" WIDTH="756" HEIGHT="141">
						<TextLine ID="line_15" HPOS="246" VPOS="632" WIDTH="688" HEIGHT="27">
							<String ID="string_127" HPOS="246" VPOS="633" WIDTH="40" HEIGHT="24" WC="0.96" CONTENT="Jag"/><SP WIDTH="15" VPOS="633" HPOS="286"/>
							<String ID="string_128" HPOS="301" VPOS="633" WIDTH="59" HEIGHT="25" WC="0.93" CONTENT="vågar"/><SP WIDTH="16" VPOS="633" HPOS="360"/>
							<String ID="string_129" HPOS="376" VPOS="633" WIDTH="78" HEIGHT="20" WC="0.91" CONTENT="derföre"/><SP WIDTH="16" VPOS="633" HPOS="454"/>
							<String ID="string_130" HPOS="470" VPOS="634" WIDTH="54" HEIGHT="19" WC="0.96" CONTENT="hålla"/><SP WIDTH="15" VPOS="634" HPOS="524"/>
							<String ID="string_131" HPOS="539" VPOS="634" WIDTH="50" HEIGHT="25" WC="0.96" CONTENT="före,"/><SP WIDTH="13" VPOS="634" HPOS="589"/>
							<String ID="string_132" HPOS="602" VPOS="636" WIDTH="29" HEIGHT="17" WC="0.96" CONTENT="att"/><SP WIDTH="14" VPOS="636" HPOS="631"/>
							<String ID="string_133" HPOS="645" VPOS="639" WIDTH="24" HEIGHT="14" WC="0.96" CONTENT="en"/><SP WIDTH="13" VPOS="639" HPOS="669"/>
							<String ID="string_134" HPOS="682" VPOS="632" WIDTH="157" HEIGHT="26" WC="0.95" CONTENT="undersökning,"/><SP WIDTH="12" VPOS="632" HPOS="839"/>
							<String ID="string_135" HPOS="851" VPOS="632" WIDTH="83" HEIGHT="24" WC="0.96" CONTENT="ungefär"/>
						</TextLine>
						<TextLine ID="line_16" HPOS="179" VPOS="661" WIDTH="754" HEIGHT="26">
							<String ID="string_136" HPOS="179" VPOS="661" WIDTH="110" HEIGHT="26" WC="0.93" CONTENT="enahanda,"/><SP WIDTH="23" VPOS="661" HPOS="289"/>
							<String ID="string_137" HPOS="312" VPOS="668" WIDTH="41" HEIGHT="13" WC="0.96" CONTENT="som"/><SP WIDTH="23" VPOS="668" HPOS="353"/>
							<String ID="string_138" HPOS="376" VPOS="662" WIDTH="80" HEIGHT="20" WC="0.96" CONTENT="kommit"/><SP WIDTH="22" VPOS="662" HPOS="456"/>
							<String ID="string_139" HPOS="478" VPOS="662" WIDTH="37" HEIGHT="20" WC="0.93" CONTENT="den"/><SP WIDTH="24" VPOS="662" HPOS="515"/>
							<String ID="string_140" HPOS="539" VPOS="662" WIDTH="124" HEIGHT="20" WC="0.91" CONTENT="Savolakska"/><SP WIDTH="22" VPOS="662" HPOS="663"/>
							<String ID="string_141" HPOS="685" VPOS="662" WIDTH="140" HEIGHT="24" WC="0.96" CONTENT="sträckningen"/><SP WIDTH="20" VPOS="662" HPOS="825"/>
							<String ID="string_142" HPOS="845" VPOS="662" WIDTH="30" HEIGHT="19" WC="0.96" CONTENT="till"/><SP WIDTH="20" VPOS="662" HPOS="875"/>
							<String ID="string_143" HPOS="895" VPOS="661" WIDTH="38" HEIGHT="23" WC="0.96" CONTENT="del,"/>
						</TextLine>
						<TextLine ID="line_17" HPOS="179" VPOS="690" WIDTH="754" HEIGHT="25">
							<String ID="string_144" HPOS="179" VPOS="690" WIDTH="59" HEIGHT="20" WC="0.96" CONTENT="måtte"/><SP WIDTH="16" VPOS="690" HPOS="238"/>
							<String ID="string_145" HPOS="254" VPOS="691" WIDTH="90" HEIGHT="24" WC="0.96" CONTENT="vidtagas"/><SP WIDTH="20" VPOS="691" HPOS="344"/>
							<String ID="string_146" HPOS="364" VPOS="691" WIDTH="57" HEIGHT="19" WC="0.93" CONTENT="äfven"/><SP WIDTH="16" VPOS="691" HPOS="421"/>
							<String ID="string_147" HPOS="437" VPOS="691" WIDTH="12" HEIGHT="20" WC="0.89" CONTENT="å"/><SP WIDTH="15" VPOS="691" HPOS="449"/>
							<String ID="string_148" HPOS="464" VPOS="691" WIDTH="37" HEIGHT="19" WC="0.96" CONTENT="den"/><SP WIDTH="16" VPOS="691" HPOS="501"/>
							<String ID="string_149" HPOS="517" VPOS="691" WIDTH="100" HEIGHT="20" WC="0.93" CONTENT="Karelska"/><SP WIDTH="15" VPOS="691" HPOS="617"/>
							<String ID="string_150" HPOS="632" VPOS="692" WIDTH="67" HEIGHT="22" WC="0.90" CONTENT="linien,"/><SP WIDTH="15" VPOS="692" HPOS="699"/>
							<String ID="string_151" HPOS="714" VPOS="691" WIDTH="60" HEIGHT="19" WC="0.96" CONTENT="innan"/><SP WIDTH="18" VPOS="691" HPOS="774"/>
							<String ID="string_152" HPOS="792" VPOS="691" WIDTH="52" HEIGHT="19" WC="0.96" CONTENT="valet"/><SP WIDTH="14" VPOS="691" HPOS="844"/>
							<String ID="string_153" HPOS="858" VPOS="690" WIDTH="75" HEIGHT="23" WC="0.96" CONTENT="träffas,"/>
						</TextLine>
						<TextLine ID="line_18" HPOS="179" VPOS="719" WIDTH="755" HEIGHT="25">
							<String ID="string_154" HPOS="179" VPOS="722" WIDTH="49" HEIGHT="16" WC="0.96" CONTENT="samt"/><SP WIDTH="18" VPOS="722" HPOS="228"/>
							<String ID="string_155" HPOS="246" VPOS="719" WIDTH="32" HEIGHT="20" WC="0.96" CONTENT="får"/><SP WIDTH="18" VPOS="719" HPOS="278"/>
							<String ID="string_156" HPOS="296" VPOS="720" WIDTH="68" HEIGHT="19" WC="0.93" CONTENT="derför"/><SP WIDTH="18" VPOS="720" HPOS="364"/>
							<String ID="string_157" HPOS="382" VPOS="720" WIDTH="100" HEIGHT="20" WC="0.92" CONTENT="vördsamt"/><SP WIDTH="18" VPOS="720" HPOS="482"/>
							<String ID="string_158" HPOS="500" VPOS="720" WIDTH="79" HEIGHT="20" WC="0.95" CONTENT="anhålla"/><SP WIDTH="15" VPOS="720" HPOS="579"/>
							<String ID="string_159" HPOS="594" VPOS="722" WIDTH="29" HEIGHT="18" WC="0.96" CONTENT="att"/><SP WIDTH="16" VPOS="722" HPOS="623"/>
							<String ID="string_160" HPOS="639" VPOS="720" WIDTH="77" HEIGHT="20" WC="0.93" CONTENT="landets"/><SP WIDTH="15" VPOS="720" HPOS="716"/>
							<String ID="string_161" HPOS="731" VPOS="719" WIDTH="107" HEIGHT="25" WC="0.91" CONTENT="höglofliga"/><SP WIDTH="14" VPOS="719" HPOS="838"/>
							<String ID="string_162" HPOS="852" VPOS="719" WIDTH="82" HEIGHT="20" WC="0.96" CONTENT="ständer"/>
						</TextLine>
						<TextLine ID="line_19" HPOS="178" VPOS="748" WIDTH="666" HEIGHT="25">
							<String ID="string_163" HPOS="178" VPOS="748" WIDTH="46" HEIGHT="20" WC="0.95" CONTENT="ville"/><SP WIDTH="16" VPOS="748" HPOS="224"/>
							<String ID="string_164" HPOS="240" VPOS="748" WIDTH="36" HEIGHT="20" WC="0.96" CONTENT="hos"/><SP WIDTH="17" VPOS="748" HPOS="276"/>
							<String ID="string_165" HPOS="293" VPOS="748" WIDTH="53" HEIGHT="20" WC="0.95" CONTENT="Hans"/><SP WIDTH="16" VPOS="748" HPOS="346"/>
							<String ID="string_166" HPOS="362" VPOS="748" WIDTH="112" HEIGHT="25" WC="0.94" CONTENT="Kejserliga"/><SP WIDTH="14" VPOS="748" HPOS="474"/>
							<String ID="string_167" HPOS="488" VPOS="748" WIDTH="95" HEIGHT="25" WC="0.93" CONTENT="Majestät"/><SP WIDTH="16" VPOS="748" HPOS="583"/>
							<String ID="string_168" HPOS="599" VPOS="749" WIDTH="142" HEIGHT="23" WC="0.92" CONTENT="underdånigst"/><SP WIDTH="15" VPOS="749" HPOS="741"/>
							<String ID="string_169" HPOS="756" VPOS="748" WIDTH="88" HEIGHT="20" WC="0.95" CONTENT="anhålla:"/>
						</TextLine>
					</TextBlock>
				</ComposedBlock>
				<ComposedBlock ID="cblock_1" HPOS="317" VPOS="811" WIDTH="618" HEIGHT="84">
					<TextBlock ID="block_3" HPOS="317" VPOS="811" WIDTH="618" HEIGHT="84">
						<TextLine ID="line_20" HPOS="384" VPOS="811" WIDTH="550" HEIGHT="25">
							<String ID="string_170" HPOS="384" VPOS="814" WIDTH="29" HEIGHT="17" WC="0.93" CONTENT="att"/><SP WIDTH="19" VPOS="814" HPOS="413"/>
							<String ID="string_171" HPOS="432" VPOS="818" WIDTH="23" HEIGHT="14" WC="0.95" CONTENT="en"/><SP WIDTH="18" VPOS="818" HPOS="455"/>
							<String ID="string_172" HPOS="473" VPOS="812" WIDTH="74" HEIGHT="20" WC="0.96" CONTENT="teknisk"/><SP WIDTH="17" VPOS="812" HPOS="547"/>
							<String ID="string_173" HPOS="564" VPOS="812" WIDTH="34" HEIGHT="19" WC="0.96" CONTENT="och"/><SP WIDTH="20" VPOS="812" HPOS="598"/>
							<String ID="string_174" HPOS="618" VPOS="812" WIDTH="111" HEIGHT="20" WC="0.95" CONTENT="ekonomisk"/><SP WIDTH="14" VPOS="812" HPOS="729"/>
							<String ID="string_175" HPOS="743" VPOS="811" WIDTH="144" HEIGHT="25" WC="0.96" CONTENT="undersökning"/><SP WIDTH="14" VPOS="811" HPOS="887"/>
							<String ID="string_176" HPOS="901" VPOS="811" WIDTH="33" HEIGHT="24" WC="0.96" CONTENT="för"/>
						</TextLine>
						<TextLine ID="line_21" HPOS="317" VPOS="839" WIDTH="618" HEIGHT="27">
							<String ID="string_177" HPOS="317" VPOS="840" WIDTH="77" HEIGHT="20" WC="0.95" CONTENT="ledande"/><SP WIDTH="14" VPOS="840" HPOS="394"/>
							<String ID="string_178" HPOS="408" VPOS="841" WIDTH="23" HEIGHT="24" WC="0.96" CONTENT="af"/><SP WIDTH="13" VPOS="841" HPOS="431"/>
							<String ID="string_179" HPOS="444" VPOS="847" WIDTH="24" HEIGHT="13" WC="0.93" CONTENT="en"/><SP WIDTH="10" VPOS="847" HPOS="468"/>
							<String ID="string_180" HPOS="478" VPOS="841" WIDTH="83" HEIGHT="25" WC="0.91" CONTENT="jernväg"/><SP WIDTH="14" VPOS="841" HPOS="561"/>
							<String ID="string_181" HPOS="575" VPOS="840" WIDTH="48" HEIGHT="25" WC="0.93" CONTENT="från"/><SP WIDTH="15" VPOS="840" HPOS="623"/>
							<String ID="string_182" HPOS="638" VPOS="840" WIDTH="86" HEIGHT="19" WC="0.96" CONTENT="Joensuu"/><SP WIDTH="15" VPOS="840" HPOS="724"/>
							<String ID="string_183" HPOS="739" VPOS="840" WIDTH="53" HEIGHT="25" WC="0.96" CONTENT="öfver"/><SP WIDTH="15" VPOS="840" HPOS="792"/>
							<String ID="string_184" HPOS="807" VPOS="839" WIDTH="85" HEIGHT="20" WC="0.96" CONTENT="Nurmes"/><SP WIDTH="14" VPOS="839" HPOS="892"/>
							<String ID="string_185" HPOS="906" VPOS="839" WIDTH="29" HEIGHT="20" WC="0.96" CONTENT="till"/>
						</TextLine>
						<TextLine ID="line_22" HPOS="317" VPOS="869" WIDTH="351" HEIGHT="26">
							<String ID="string_186" HPOS="317" VPOS="869" WIDTH="79" HEIGHT="26" WC="0.93" CONTENT="Kajana"/><SP WIDTH="14" VPOS="869" HPOS="396"/>
							<String ID="string_187" HPOS="410" VPOS="869" WIDTH="58" HEIGHT="20" WC="0.92" CONTENT="mätte"/><SP WIDTH="15" VPOS="869" HPOS="468"/>
							<String ID="string_188" HPOS="483" VPOS="869" WIDTH="117" HEIGHT="24" WC="0.91" CONTENT="verkställas,"/><SP WIDTH="16" VPOS="869" HPOS="600"/>
							<String ID="string_189" HPOS="616" VPOS="871" WIDTH="52" HEIGHT="18" WC="0.96" CONTENT="samt"/>
						</TextLine>
					</TextBlock>
				</ComposedBlock>
				<ComposedBlock ID="cblock_2" HPOS="316" VPOS="926" WIDTH="622" HEIGHT="141">
					<TextBlock ID="block_4" HPOS="316" VPOS="926" WIDTH="622" HEIGHT="141">
						<TextLine ID="line_23" HPOS="384" VPOS="926" WIDTH="554" HEIGHT="26">
							<String ID="string_190" HPOS="384" VPOS="928" WIDTH="28" HEIGHT="18" WC="0.95" CONTENT="att"/><SP WIDTH="20" VPOS="928" HPOS="412"/>
							<String ID="string_191" HPOS="432" VPOS="927" WIDTH="103" HEIGHT="19" WC="0.95" CONTENT="emellertid"/><SP WIDTH="18" VPOS="927" HPOS="535"/>
							<String ID="string_192" HPOS="553" VPOS="927" WIDTH="43" HEIGHT="19" WC="0.95" CONTENT="med"/><SP WIDTH="14" VPOS="927" HPOS="596"/>
							<String ID="string_193" HPOS="610" VPOS="927" WIDTH="64" HEIGHT="19" WC="0.92" CONTENT="vidare"/><SP WIDTH="15" VPOS="927" HPOS="674"/>
							<String ID="string_194" HPOS="689" VPOS="926" WIDTH="69" HEIGHT="26" WC="0.96" CONTENT="åtgärd"/><SP WIDTH="14" VPOS="926" HPOS="758"/>
							<String ID="string_195" HPOS="772" VPOS="926" WIDTH="9" HEIGHT="19" WC="0.93" CONTENT="i"/><SP WIDTH="14" VPOS="926" HPOS="781"/>
							<String ID="string_196" HPOS="795" VPOS="926" WIDTH="103" HEIGHT="25" WC="0.95" CONTENT="anledning"/><SP WIDTH="15" VPOS="926" HPOS="898"/>
							<String ID="string_197" HPOS="913" VPOS="926" WIDTH="25" HEIGHT="24" WC="0.96" CONTENT="af"/>
						</TextLine>
						<TextLine ID="line_24" HPOS="316" VPOS="954" WIDTH="618" HEIGHT="27">
							<String ID="string_198" HPOS="316" VPOS="956" WIDTH="52" HEIGHT="19" WC="0.96" CONTENT="väckt"/><SP WIDTH="23" VPOS="956" HPOS="368"/>
							<String ID="string_199" HPOS="391" VPOS="955" WIDTH="57" HEIGHT="26" WC="0.94" CONTENT="fråga"/><SP WIDTH="22" VPOS="955" HPOS="448"/>
							<String ID="string_200" HPOS="470" VPOS="962" WIDTH="33" HEIGHT="13" WC="0.96" CONTENT="om"/><SP WIDTH="15" VPOS="962" HPOS="503"/>
							<String ID="string_201" HPOS="518" VPOS="956" WIDTH="78" HEIGHT="25" WC="0.93" CONTENT="Kajana"/><SP WIDTH="15" VPOS="956" HPOS="596"/>
							<String ID="string_202" HPOS="611" VPOS="955" WIDTH="72" HEIGHT="20" WC="0.93" CONTENT="härads"/><SP WIDTH="14" VPOS="955" HPOS="683"/>
							<String ID="string_203" HPOS="697" VPOS="955" WIDTH="128" HEIGHT="25" WC="0.90" CONTENT="förbindande"/><SP WIDTH="15" VPOS="955" HPOS="825"/>
							<String ID="string_204" HPOS="840" VPOS="954" WIDTH="44" HEIGHT="20" WC="0.93" CONTENT="med"/><SP WIDTH="13" VPOS="954" HPOS="884"/>
							<String ID="string_205" HPOS="897" VPOS="961" WIDTH="37" HEIGHT="13" WC="0.85" CONTENT="nu-"/>
						</TextLine>
						<TextLine ID="line_25" HPOS="316" VPOS="982" WIDTH="617" HEIGHT="28">
							<String ID="string_206" HPOS="316" VPOS="984" WIDTH="83" HEIGHT="20" WC="0.92" CONTENT="varande"/><SP WIDTH="25" VPOS="984" HPOS="399"/>
							<String ID="string_207" HPOS="424" VPOS="984" WIDTH="144" HEIGHT="26" WC="0.83" CONTENT="jernvägsnätet"/><SP WIDTH="30" VPOS="984" HPOS="568"/>
							<String ID="string_208" HPOS="598" VPOS="984" WIDTH="52" HEIGHT="25" WC="0.80" CONTENT="öfver"/><SP WIDTH="22" VPOS="984" HPOS="650"/>
							<String ID="string_209" HPOS="672" VPOS="984" WIDTH="77" HEIGHT="19" WC="0.96" CONTENT="Iisalmi"/><SP WIDTH="29" VPOS="984" HPOS="749"/>
							<String ID="string_210" HPOS="778" VPOS="984" WIDTH="34" HEIGHT="20" WC="0.96" CONTENT="och"/><SP WIDTH="34" VPOS="984" HPOS="812"/>
							<String ID="string_211" HPOS="846" VPOS="982" WIDTH="87" HEIGHT="26" WC="0.93" CONTENT="Kuopio,"/>
						</TextLine>
						<TextLine ID="line_26" HPOS="316" VPOS="1012" WIDTH="619" HEIGHT="26">
							<String ID="string_212" HPOS="316" VPOS="1013" WIDTH="96" HEIGHT="19" WC="0.82" CONTENT="lemnades"/><SP WIDTH="26" VPOS="1013" HPOS="412"/>
							<String ID="string_213" HPOS="438" VPOS="1013" WIDTH="95" HEIGHT="24" WC="0.74" CONTENT="beroende,"/><SP WIDTH="23" VPOS="1013" HPOS="533"/>
							<String ID="string_214" HPOS="556" VPOS="1013" WIDTH="61" HEIGHT="19" WC="0.88" CONTENT="intills"/><SP WIDTH="22" VPOS="1013" HPOS="617"/>
							<String ID="string_215" HPOS="639" VPOS="1012" WIDTH="130" HEIGHT="26" WC="0.87" CONTENT="förenämnda"/><SP WIDTH="21" VPOS="1012" HPOS="769"/>
							<String ID="string_216" HPOS="790" VPOS="1012" WIDTH="145" HEIGHT="25" WC="0.94" CONTENT="undersökning"/>
						</TextLine>
						<TextLine ID="line_27" HPOS="316" VPOS="1041" WIDTH="230" HEIGHT="26">
							<String ID="string_217" HPOS="316" VPOS="1041" WIDTH="109" HEIGHT="26" WC="0.81" CONTENT="försiggätt,"/><SP WIDTH="16" VPOS="1041" HPOS="425"/>
							<String ID="string_218" HPOS="441" VPOS="1042" WIDTH="105" HEIGHT="25" WC="0.96" CONTENT="äfvensom."/>
						</TextLine>
					</TextBlock>
				</ComposedBlock>
				<ComposedBlock ID="cblock_3" HPOS="248" VPOS="1097" WIDTH="687" HEIGHT="234">
					<TextBlock ID="block_5" HPOS="248" VPOS="1097" WIDTH="687" HEIGHT="234">
						<TextLine ID="line_28" HPOS="384" VPOS="1097" WIDTH="551" HEIGHT="27">
							<String ID="string_219" HPOS="384" VPOS="1101" WIDTH="28" HEIGHT="16" WC="0.83" CONTENT="att"/><SP WIDTH="21" VPOS="1101" HPOS="412"/>
							<String ID="string_220" HPOS="433" VPOS="1099" WIDTH="79" HEIGHT="24" WC="0.93" CONTENT="derefter"/><SP WIDTH="20" VPOS="1099" HPOS="512"/>
							<String ID="string_221" HPOS="532" VPOS="1098" WIDTH="61" HEIGHT="26" WC="0.95" CONTENT="nådig"/><SP WIDTH="17" VPOS="1098" HPOS="593"/>
							<String ID="string_222" HPOS="610" VPOS="1098" WIDTH="123" HEIGHT="26" WC="0.93" CONTENT="proposition"/><SP WIDTH="20" VPOS="1098" HPOS="733"/>
							<String ID="string_223" HPOS="753" VPOS="1098" WIDTH="94" HEIGHT="25" WC="0.93" CONTENT="förelades"/><SP WIDTH="15" VPOS="1098" HPOS="847"/>
							<String ID="string_224" HPOS="862" VPOS="1097" WIDTH="73" HEIGHT="20" WC="0.96" CONTENT="landets"/>
						</TextLine>
						<TextLine ID="line_29" HPOS="318" VPOS="1126" WIDTH="616" HEIGHT="27">
							<String ID="string_225" HPOS="318" VPOS="1127" WIDTH="83" HEIGHT="20" WC="0.90" CONTENT="Ständer"/><SP WIDTH="24" VPOS="1127" HPOS="401"/>
							<String ID="string_226" HPOS="425" VPOS="1133" WIDTH="32" HEIGHT="14" WC="0.96" CONTENT="om"/><SP WIDTH="21" VPOS="1133" HPOS="457"/>
							<String ID="string_227" HPOS="478" VPOS="1127" WIDTH="96" HEIGHT="26" WC="0.95" CONTENT="byggande"/><SP WIDTH="22" VPOS="1127" HPOS="574"/>
							<String ID="string_228" HPOS="596" VPOS="1127" WIDTH="25" HEIGHT="25" WC="0.96" CONTENT="af"/><SP WIDTH="16" VPOS="1127" HPOS="621"/>
							<String ID="string_229" HPOS="637" VPOS="1127" WIDTH="35" HEIGHT="19" WC="0.96" CONTENT="den"/><SP WIDTH="15" VPOS="1127" HPOS="672"/>
							<String ID="string_230" HPOS="687" VPOS="1127" WIDTH="26" HEIGHT="25" WC="0.96" CONTENT="af"/><SP WIDTH="10" VPOS="1127" HPOS="713"/>
							<String ID="string_231" HPOS="723" VPOS="1127" WIDTH="56" HEIGHT="19" WC="0.93" CONTENT="dessa"/><SP WIDTH="14" VPOS="1127" HPOS="779"/>
							<String ID="string_232" HPOS="793" VPOS="1126" WIDTH="141" HEIGHT="25" WC="0.96" CONTENT="sträckningar,"/>
						</TextLine>
						<TextLine ID="line_30" HPOS="316" VPOS="1154" WIDTH="618" HEIGHT="27">
							<String ID="string_233" HPOS="316" VPOS="1161" WIDTH="43" HEIGHT="14" WC="0.89" CONTENT="som"/><SP WIDTH="22" VPOS="1161" HPOS="359"/>
							<String ID="string_234" HPOS="381" VPOS="1156" WIDTH="93" HEIGHT="25" WC="0.60" CONTENT="befunnes"/><SP WIDTH="22" VPOS="1156" HPOS="474"/>
							<String ID="string_235" HPOS="496" VPOS="1156" WIDTH="141" HEIGHT="25" WC="0.92" CONTENT="förmänligare"/><SP WIDTH="22" VPOS="1156" HPOS="637"/>
							<String ID="string_236" HPOS="659" VPOS="1155" WIDTH="33" HEIGHT="20" WC="0.95" CONTENT="och"/><SP WIDTH="21" VPOS="1155" HPOS="692"/>
							<String ID="string_237" HPOS="713" VPOS="1155" WIDTH="25" HEIGHT="25" WC="0.95" CONTENT="af"/><SP WIDTH="16" VPOS="1155" HPOS="738"/>
							<String ID="string_238" HPOS="754" VPOS="1157" WIDTH="61" HEIGHT="18" WC="0.93" CONTENT="större"/><SP WIDTH="14" VPOS="1157" HPOS="815"/>
							<String ID="string_239" HPOS="829" VPOS="1155" WIDTH="59" HEIGHT="25" WC="0.92" CONTENT="behof"/><SP WIDTH="6" VPOS="1155" HPOS="888"/>
							<String ID="string_240" HPOS="894" VPOS="1154" WIDTH="40" HEIGHT="26" WC="0.91" CONTENT="pä-"/>
						</TextLine>
						<TextLine ID="line_31" HPOS="316" VPOS="1184" WIDTH="68" HEIGHT="20">
							<String ID="string_241" HPOS="316" VPOS="1184" WIDTH="68" HEIGHT="20" WC="0.85" CONTENT="kallad."/>
						</TextLine>
						<TextLine ID="line_32" HPOS="248" VPOS="1241" WIDTH="395" HEIGHT="25">
							<String ID="string_242" HPOS="248" VPOS="1242" WIDTH="124" HEIGHT="24" WC="0.64" CONTENT="Helsingfors"/><SP WIDTH="16" VPOS="1242" HPOS="372"/>
							<String ID="string_243" HPOS="388" VPOS="1243" WIDTH="37" HEIGHT="18" WC="0.96" CONTENT="den"/><SP WIDTH="16" VPOS="1243" HPOS="425"/>
							<String ID="string_244" HPOS="441" VPOS="1241" WIDTH="13" HEIGHT="20" WC="0.96" CONTENT="3"/><SP WIDTH="16" VPOS="1241" HPOS="454"/>
							<String ID="string_245" HPOS="470" VPOS="1243" WIDTH="96" HEIGHT="18" WC="0.96" CONTENT="Februari"/><SP WIDTH="17" VPOS="1243" HPOS="566"/>
							<String ID="string_246" HPOS="583" VPOS="1241" WIDTH="60" HEIGHT="20" WC="0.96" CONTENT="1897."/>
						</TextLine>
						<TextLine ID="line_33" HPOS="711" VPOS="1302" WIDTH="153" HEIGHT="29">
							<String ID="string_247" HPOS="711" VPOS="1303" WIDTH="36" HEIGHT="22" WC="0.93" CONTENT="W."/><SP WIDTH="16" VPOS="1303" HPOS="747"/>
							<String ID="string_248" HPOS="763" VPOS="1302" WIDTH="101" HEIGHT="29" WC="0.46" CONTENT="Nyst6n."/>
						</TextLine>
					</TextBlock>
				</ComposedBlock>
				<ComposedBlock ID="cblock_4" HPOS="248" VPOS="1366" WIDTH="433" HEIGHT="26">
					<TextBlock ID="block_6" HPOS="248" VPOS="1366" WIDTH="433" HEIGHT="26">
						<TextLine ID="line_34" HPOS="248" VPOS="1366" WIDTH="433" HEIGHT="26">
							<String ID="string_249" HPOS="248" VPOS="1367" WIDTH="33" HEIGHT="20" WC="0.92" CONTENT="Uti"/><SP WIDTH="17" VPOS="1367" HPOS="281"/>
							<String ID="string_250" HPOS="298" VPOS="1366" WIDTH="142" HEIGHT="21" WC="0.90" CONTENT="ofvanstäende"/><SP WIDTH="16" VPOS="1366" HPOS="440"/>
							<String ID="string_251" HPOS="456" VPOS="1369" WIDTH="84" HEIGHT="23" WC="0.92" CONTENT="petition"/><SP WIDTH="18" VPOS="1369" HPOS="540"/>
							<String ID="string_252" HPOS="558" VPOS="1368" WIDTH="69" HEIGHT="19" WC="0.93" CONTENT="förena"/><SP WIDTH="15" VPOS="1368" HPOS="627"/>
							<String ID="string_253" HPOS="642" VPOS="1368" WIDTH="39" HEIGHT="24" WC="0.96" CONTENT="sig:"/>
						</TextLine>
					</TextBlock>
				</ComposedBlock>
				<ComposedBlock ID="cblock_5" HPOS="224" VPOS="1423" WIDTH="663" HEIGHT="20">
					<TextBlock ID="block_7" HPOS="224" VPOS="1423" WIDTH="663" HEIGHT="20">
						<TextLine ID="line_35" HPOS="224" VPOS="1423" WIDTH="663" HEIGHT="20">
							<String ID="string_254" HPOS="224" VPOS="1423" WIDTH="46" HEIGHT="20" WC="0.96" CONTENT="Carl"/><SP WIDTH="11" VPOS="1423" HPOS="270"/>
							<String ID="string_255" HPOS="281" VPOS="1424" WIDTH="101" HEIGHT="18" WC="0.96" CONTENT="Borenius."/><SP WIDTH="131" VPOS="1424" HPOS="382"/>
							<String ID="string_256" HPOS="513" VPOS="1424" WIDTH="22" HEIGHT="18" WC="0.92" CONTENT="F."/><SP WIDTH="12" VPOS="1424" HPOS="535"/>
							<String ID="string_257" HPOS="547" VPOS="1423" WIDTH="75" HEIGHT="20" WC="0.96" CONTENT="Heikel."/><SP WIDTH="116" VPOS="1423" HPOS="622"/>
							<String ID="string_258" HPOS="738" VPOS="1423" WIDTH="57" HEIGHT="18" WC="0.93" CONTENT="Arvid"/><SP WIDTH="13" VPOS="1423" HPOS="795"/>
							<String ID="string_259" HPOS="808" VPOS="1423" WIDTH="79" HEIGHT="20" WC="0.92" CONTENT="Genetz."/>
						</TextLine>
					</TextBlock>
				</ComposedBlock>
				<GraphicalElement ID="cblock_6" HPOS="283" VPOS="1483" WIDTH="547" HEIGHT="2"></GraphicalElement >
				<ComposedBlock ID="cblock_7" HPOS="310" VPOS="1483" WIDTH="490" HEIGHT="33">
					<TextBlock ID="block_8" HPOS="310" VPOS="1483" WIDTH="490" HEIGHT="33">
						<TextLine ID="line_36" HPOS="310" VPOS="1483" WIDTH="490" HEIGHT="33">
							<String ID="string_260" HPOS="310" VPOS="1492" WIDTH="111" HEIGHT="24" WC="0.95" CONTENT="Helsingfors"/><SP WIDTH="13" VPOS="1492" HPOS="421"/>
							<String ID="string_261" HPOS="434" VPOS="1493" WIDTH="50" HEIGHT="18" WC="0.95" CONTENT="1897."/><SP WIDTH="24" VPOS="1493" HPOS="484"/>
							<String ID="string_262" HPOS="508" VPOS="1483" WIDTH="111" HEIGHT="32" WC="0.92" CONTENT="Helsingfors"/><SP WIDTH="12" VPOS="1483" HPOS="619"/>
							<String ID="string_263" HPOS="631" VPOS="1492" WIDTH="169" HEIGHT="23" WC="0.83" CONTENT="Central-Tryckeri."/>
						</TextLine>
					</TextBlock>
				</ComposedBlock>
			</PrintSpace>
		</Page>
	</Layout>
</alto>
