1028 1656
305 118 26 23 U.
347 118 28 22 B.
388 131 31 11 —
436 118 74 29 Prop.
526 118 41 23 N:o
583 118 37 22 32.
833 119 12 22 7

97 192 34 24 tet
145 190 142 28 framhållits,
304 190 108 22 hurusom
428 190 39 22 det
482 190 40 22 vid
537 198 29 14 en
581 190 37 22 del
633 190 191 22 rådstufvurätter
838 190 9 21 i

96 226 79 22 landet
190 226 68 28 öfliga
273 226 146 27 förfarandet,
436 228 35 19 att
483 226 209 22 rådstufvurättens
703 226 99 21 dombok
812 225 35 23 för

97 262 52 22 hela
165 264 53 26 året,
234 269 53 14 men
297 262 20 28 ej
329 262 36 22 för
375 261 80 29 hvarje
466 262 108 22 särskildt
584 262 172 28 sammanträde,
767 262 80 21 under-

98 297 97 25 skrifves
207 298 26 21 af
239 300 87 19 rättens
336 298 130 26 ledamöter,
477 297 50 22 icke
539 304 52 15 vore
602 297 245 23 öfverensstämmande

98 334 51 21 med
172 341 28 14 en
224 333 71 29 riktig
320 333 107 29 tolkning
453 333 27 21 af
499 333 154 29 nyssnämnda
675 333 170 29 lagstadgande,

98 372 54 19 enär
171 369 139 21 dombokens
333 368 211 28 underskrifvande,
564 370 74 20 såsom
656 368 133 30 grundande
808 368 39 22 do-

98 412 89 15 marens
209 404 146 29 ansvarighet
378 404 36 22 för
436 405 50 21 dess
508 404 107 28 innehåll,
637 404 27 29 ju
684 404 69 22 borde
769 404 78 29 föregå

98 441 147 21 utfärdandet
269 441 26 21 af
321 440 211 30 protokollsutdrag
552 440 43 22 och
615 440 123 28 afskrifter,
759 440 88 22 hvilket

98 477 51 21 icke
169 477 76 21 blefvo
265 477 70 28 fallet,
357 476 8 22 i
384 476 108 22 händelse
512 476 128 22 domboken
661 476 58 22 först
734 476 38 23 vid
788 478 59 20 årets

99 513 46 21 slut
159 512 169 23 underskrifves
343 512 36 22 för
395 512 106 29 samtliga
516 512 72 22 under
601 514 49 20 året
660 512 120 22 förefallna
790 519 57 15 sam-

99 548 138 28 manträden,
257 551 34 19 ett
309 548 129 22 förfarande
454 556 48 14 som
518 548 114 22 dessutom
648 555 54 15 vore
718 548 105 29 ogörligt,
840 548 8 20 i

99 584 107 22 händelse
223 584 244 30 ledamotspersonalen
483 584 72 22 under
565 586 49 20 året
624 584 84 22 vexlat.
732 584 66 22 Dock
806 583 42 22 har

99 620 124 28 Utskottet,
240 620 7 22 i
263 620 150 22 betraktande
432 620 26 22 af
474 622 35 20 att
524 620 102 28 antydda
641 620 169 28 omständighet
825 619 26 21 af

100 656 43 22 den
162 656 85 29 nådiga
266 656 169 29 propositionen
451 656 50 22 icke
518 656 75 22 direkt
607 656 95 27 beröres,
720 658 74 19 ansett
809 657 39 20 nå-

99 695 43 26 got
160 692 116 22 uttalande
299 692 8 22 i
330 692 81 29 frågan
438 692 51 22 från
514 692 131 22 Utskottets
665 692 49 22 sida
736 692 50 21 icke
809 693 40 27 på-

100 728 92 22 kalladt.

172 866 78 21 Ehuru
268 866 147 21 förenämnda
436 866 180 22 administrativa
634 866 159 28 förordningar
811 873 38 14 an-

101 896 88 34 gående
204 901 173 29 verkställighet
393 901 25 22 af
431 902 140 21 bötesbeslut
587 904 58 19 samt
658 901 147 29 redovisning
814 901 36 22 för

100 937 202 29 verkställigheten
317 937 43 22 och
375 938 36 21 för
420 937 98 22 influtna
528 937 65 22 böter
603 937 125 22 tillsvidare
738 936 112 30 föreligga

101 972 83 22 blott
177 968 13 39 i
202 973 58 21 form
283 973 26 21 af
326 973 205 29 lagberedningens
556 973 90 29 förslag,
670 973 41 21 har
732 973 119 21 Utskottet

101 1008 65 28 dock,
183 1009 8 21 i
205 1008 148 22 betraktande
370 1008 69 28 deraf,
456 1011 35 19 att
506 1009 8 21 i
529 1009 115 28 ingressen
660 1009 35 21 till
712 1009 44 21 den
766 1008 85 29 nådiga

101 1044 168 29 propositionen
290 1044 105 22 hänvisas
418 1044 35 21 till
474 1045 65 21 dessa
559 1044 91 29 förslag,
672 1044 80 22 hvilka
764 1044 87 29 jemväl

101 1079 78 23 blifvit
194 1080 35 21 till
244 1080 128 22 Ständerna
387 1080 113 28 utdelade,
517 1082 74 20 ansett
605 1080 38 21 det
653 1080 50 21 icke
713 1080 64 29 ligga
787 1082 64 19 utom

101 1115 130 22 Utskottets
249 1116 94 29 uppgift
363 1118 34 19 att
414 1116 56 29 ingå
485 1116 9 21 i
509 1123 28 14 en
555 1116 141 29 granskning
714 1115 27 22 af
753 1115 98 22 nämnda

101 1151 92 30 förslag.
213 1152 66 21 Dock
303 1159 48 14 som
368 1152 115 21 desamma
498 1152 26 21 af
540 1151 62 22 förut
620 1151 91 22 anfördt
726 1151 50 22 skäl
791 1154 60 19 ännu

101 1187 50 22 icke
177 1187 133 22 behandlats
337 1187 27 22 af
383 1187 140 29 regeringen,
554 1187 41 22 har
622 1187 171 29 granskningen
818 1187 33 21 in-

102 1216 106 28 skränkts
230 1223 35 21 till
286 1223 142 29 stadganden
449 1223 27 22 af
492 1223 138 22 allmännare
652 1223 123 28 betydelse.
806 1222 46 22 För

101 1258 123 29 belysande
245 1259 26 21 af
288 1259 264 29 författningförslagens
566 1258 101 22 innehåll
682 1259 36 21 får
732 1258 120 22 Utskottet

102 1293 38 22 till
155 1301 28 14 en
198 1294 79 29 början
293 1294 80 22 anföra
388 1294 110 29 följande:

175 1330 67 21 Hvad
265 1330 58 21 först
345 1330 109 21 beträffar
475 1329 110 30 förslaget
607 1329 36 22 till
666 1329 134 29 förordning
815 1336 37 14 om

102 1366 160 27 verkställighet
283 1365 26 22 af
326 1365 147 29 bötesbeslut,
495 1365 114 22 meddelas
628 1365 36 24 uti
680 1367 11 20 1
708 1367 14 25 8
737 1364 115 22 föreskrif-

102 1403 36 18 ter
158 1401 59 22 huru
239 1400 163 33 saköreslängd
421 1401 59 22 skall
500 1401 67 28 föras,
591 1401 43 21 och
654 1401 92 28 stadgas
766 1399 85 28 dervid,

175 1449 138 23 Lagutskottets
327 1449 117 18 betänkande
456 1449 39 18 N:o
507 1450 28 17 12.
554 1476 2 2 ;
