1045 1659
61 280 27 26 $$
106 279 27 21 15

149 142 28 22 12
396 141 28 23 U.
440 141 27 23 B.
484 155 28 3 —
528 142 74 28 Prop.
617 142 46 22 N:o
679 142 37 22 23.

148 207 65 22 delen
228 207 24 22 af
269 209 12 21 1
298 215 65 14 mom.
379 207 120 23 hvarutom
515 216 29 14 en
560 208 88 22 mindre
664 208 98 29 ändring
778 208 123 22 verkstälts

149 243 9 21 i
174 243 78 29 början
269 243 26 22 af
307 246 129 20 momentet.

220 279 13 22 I
249 281 28 21 15
298 282 13 26 $
332 280 114 22 meddelas
466 280 171 29 bestämningar
653 280 36 22 för
705 280 38 22 det
758 280 48 28 fall,
822 280 29 22 då
866 280 34 22 af-

47 314 43 22 och
108 315 33 21 16.
149 315 96 27 trädare,
261 316 8 21 i
285 316 119 29 uppenbar
426 316 72 29 afsigt
513 319 36 19 att
563 316 72 22 vinna
650 316 71 29 högre
737 316 135 29 ersättning,
888 317 13 21 &

63 817 13 26 $
95 817 33 21 17.

150 351 35 21 sin
201 351 111 29 fastighet
328 352 93 29 nedlagt
431 352 106 27 kostnad,
550 352 81 22 medan
643 354 28 20 16
683 354 12 26 $
707 352 149 22 föreskrifver
866 354 35 20 att

150 394 75 15 annan
241 388 116 21 afträdare
373 388 59 22 efter
447 388 76 22 derom
540 388 78 29 gjordt
634 388 113 22 förbehåll
765 392 25 18 är
806 388 93 22 berätti-

150 423 45 29 gad
211 426 35 19 att
261 424 61 22 inom
339 424 46 22 viss
400 424 35 21 tid
451 423 52 23 från
519 424 138 28 fastigheten
673 424 109 28 borttaga
798 423 102 23 växande

150 460 71 28 gröda
237 460 42 21 och
297 460 53 22 derå
364 460 119 29 befintliga
498 460 141 29 byggnader.
670 460 51 21 Den
731 459 170 30 omständighet

151 498 34 19 att
203 495 115 22 afträdare
337 496 75 29 enligt
431 497 27 22 15
474 498 13 26 &
504 496 35 22 får
555 496 68 22 äfven
640 498 56 20 utan
711 495 113 22 förbehåll
840 496 61 21 inom

150 532 47 21 viss
220 531 36 21 tid
279 532 51 21 från
351 532 140 29 fastigheten
510 533 106 27 borttaga
635 532 54 21 derå
705 532 8 21 i
729 532 86 28 sviklig
830 530 71 30 afsigt

150 567 115 29 uppförda
283 568 148 29 ,byggnader
441 568 42 22 och
495 568 72 22 andra
577 568 168 28 inrättningar"
756 575 68 21 synes
835 567 66 22 emel-

151 604 68 21 lertid
235 604 67 22 ställa
317 604 83 22 honom
416 604 8 22 i
440 607 33 19 ett
488 611 161 22 gynsammare
664 604 111 28 rättsläge
791 606 29 19 än
831 603 70 22 afträ-

152 639 53 22 dare
227 640 30 28 pä
277 640 75 29 grund
373 640 26 22 af
419 641 27 21 16
466 642 13 26 &
501 648 58 21 eger.
589 640 83 28 Enligt
687 639 132 23 Utskottets
835 638 67 23 tanke

152 682 53 15 vore
220 675 175 29 ifrågavarande
411 676 126 28 stadgande
553 676 8 21 i
578 676 27 22 16
621 677 13 26 &
650 676 56 21 fullt
716 674 107 30 lämpligt
833 674 69 22 äfven

151 711 37 21 för
203 711 39 22 det
257 712 9 21 i
283 713 27 21 15
326 713 13 26 &
354 712 149 22 omförmälda
518 712 47 28 fall,
581 712 43 21 och
639 711 42 22 har
697 711 119 22 Utskottet
827 710 76 22 derför

152 755 27 14 ur
201 749 140 20 sistnämnda
357 750 13 25 $
386 748 105 22 uteslutit
506 748 57 21 sista
579 748 127 28 meningen,
722 747 89 21 hvilket
826 746 77 30 päkal-

152 783 34 22 lat
201 791 28 14 en
245 784 88 22 mindre
349 784 98 29 ändring
463 784 7 21 i
488 785 27 21 16
531 786 19 25 8.

225 820 97 22 Jemlikt
339 821 12 21 1
368 827 65 15 mom.
449 820 26 22 af
490 821 27 22 17
534 822 13 26 $
563 819 63 30 skall,
643 820 8 22 i
667 819 109 23 händelse
792 818 38 23 det
845 818 57 22 före-

152 858 46 27 tag,
217 856 36 22 för
271 856 89 22 hvilket
380 856 170 29 expropriation
570 864 53 22 eger
638 864 58 20 rum,
713 856 93 22 bereder
822 855 81 21 hinder

152 892 40 21 vid
209 892 132 22 samfärdsel
357 894 13 20 &
386 892 63 22 förut
463 892 118 29 befintliga
597 895 70 26 vägar
683 892 42 22 och
742 892 104 29 farleder,
856 891 46 21 till-

152 928 106 22 trädaren
277 928 97 28 ,inrätta
390 928 42 22 och
447 928 134 22 underhålla
597 928 71 22 sådan
679 928 180 28 vägöfvergäng,
870 934 32 21 ny

152 967 46 25 väg
213 964 56 22 eller
285 972 75 14 annan
376 964 90 28 anstalt,
483 966 34 20 att
533 964 151 22 samfärdseln
695 962 152 23 obehindradt
857 963 45 22 kan

152 1000 97 29 fortgå".
280 1000 13 21 I
316 1000 121 22 Utskottet
459 1000 43 22 har
524 1000 96 22 uttalats
637 1002 34 19 att
690 999 64 21 detta
775 998 126 28 stadgande

151 1036 110 28 möjligen
277 1036 77 22 kunde
369 1036 65 29 gifva
445 1036 126 29 anledning
581 1036 36 21 till
629 1034 147 26 tvifvelsmäl,
789 1034 113 22 huruvida

152 1079 66 21 egare
234 1072 27 21 af
274 1072 90 21 enskild
380 1075 52 25 väg,
447 1079 48 14 som
511 1071 20 29 ej
543 1071 80 22 blifvit
633 1071 52 21 med
696 1070 58 22 hans
764 1068 137 30 begifvande

151 1107 74 28 inlöst,
246 1111 26 18 är
292 1108 132 29 berättigad
445 1110 34 19 att
495 1107 72 22 undfä
582 1106 147 30 godtgörelse
745 1106 36 22 för
797 1106 43 21 den
856 1105 45 22 olä-

150 1144 91 28 genhet,
265 1151 49 14 som
336 1151 83 21 genom
442 1150 28 14 en
489 1143 155 29 väsentligare
667 1142 136 28 förändring
826 1141 26 21 af
865 1144 37 18 vä-

150 1186 57 22 gens
222 1180 106 28 riktning
343 1179 46 22 kan
404 1179 36 22 för
455 1179 83 22 honom
554 1180 91 28 uppstä.
675 1178 42 22 Ett
733 1176 169 30 förtydligande

151 1215 26 21 af
193 1215 151 29 lagförslaget
358 1216 9 21 i
383 1215 64 22 detta
462 1215 106 22 afseende
584 1215 41 21 har
636 1214 121 22 Utskottet
767 1213 74 22 likväl
854 1213 48 21 icke

150 1253 76 19 ansett
241 1252 87 28 nödigt,
344 1254 56 19 enär
414 1254 140 26 vägegarens
569 1253 50 19 rätt
636 1250 37 22 till
689 1250 128 28 ersättning
834 1249 68 21 fram-

150 1288 42 28 gär
209 1295 28 13 ur
258 1287 28 22 de
306 1287 98 29 tidigare
424 1288 9 21 i
451 1288 64 21 detta
531 1286 86 30 kapitel
633 1284 185 24 förekommande
832 1287 69 19 rätts-

150 1326 77 18 satser.
257 1318 34 27 Är
306 1324 118 28 nämligen
434 1326 114 26 vägegare
557 1322 88 30 jemväl
655 1329 68 21 egare
734 1321 26 22 af
768 1321 44 21 den
823 1320 79 28 fastig-

150 1358 45 26 het,
211 1366 48 15 som
275 1362 25 18 är
316 1359 95 21 föremäl
426 1359 36 22 för
477 1358 176 30 expropriation,
670 1358 25 21 sä
710 1357 41 22 bör
767 1356 84 22 honom
864 1364 38 13 en-

149 1394 45 29 ligt
214 1396 13 21 9
248 1396 13 26 &
283 1395 109 28 tilläggas
413 1395 128 29 ersättning
559 1394 37 22 för
610 1393 71 22 ökadt
696 1400 52 14 men
764 1392 41 22 vid
819 1392 83 28 begag-

149 1430 87 22 nandet
255 1431 26 21 af
294 1431 43 31 den
354 1430 141 22 äterstäende
511 1430 149 29 fastigheten;
676 1428 43 22 och
733 1431 25 18 är
769 1429 49 20 äter
828 1430 74 26 vägen

221 1478 139 24 Lagutskottets
373 1478 116 19 betänkande
501 1478 38 19 N:o
552 1478 16 18 7.
