1045 1659
183 143 14 21 6
398 142 29 23 U.
443 143 27 22 B.
486 156 28 4 —
530 143 75 29 Prop.
620 142 45 23 N:o
681 142 38 23 23.

183 214 117 29 betydligt
315 214 123 29 utvidgats.
453 214 121 23 Nämnden
590 215 89 29 äligger
691 214 74 29 enligt
776 214 158 29 författnings-

182 249 111 30 förslaget
309 252 34 20 att
363 250 57 22 efter
435 258 44 22 syn
504 252 14 20 &
540 251 141 29 fastigheten
703 250 90 30 afgifva
815 250 119 23 utlåtande

182 286 63 22 såväl
269 286 51 22 med
343 286 125 29 anledning
491 286 26 22 af
530 286 62 22 hvad
607 289 48 20 mot
671 287 38 21 det
725 287 8 21 i
749 286 99 29 anspråk:
863 289 71 26 tagna

181 322 114 21 omrädets
310 322 85 22 storlek
410 322 43 22 och
468 326 94 25 gränser
578 322 45 22 kan
635 322 70 22 hafva
721 322 51 22 frän
791 322 142 22 afträdarens

182 357 49 22 sida
247 358 116 21 anmärkts
384 364 49 16 som
448 358 68 22 också
541 358 142 22 beträffande
708 358 158 28 ersättningen
891 358 42 21 och

182 393 91 22 dermed
297 394 223 28 sammanhängande
544 394 82 29 frägor.
657 394 36 22 Dä
709 394 74 22 denna
797 393 86 22 nämnd
898 394 34 21 sä-

181 428 72 22 lunda
276 429 40 22 har
338 432 35 19 att
396 430 130 28 handlägga
550 430 79 28 hvarje
645 429 288 29 expropriationsärende
921 424 17 39 i

181 464 52 22 hela
250 465 50 21 dess
316 466 62 28 vidd,
394 466 125 22 oberoende
542 466 27 22 af
590 466 37 22 det
651 466 112 27 ändamäl,
786 465 36 22 för
844 465 89 21 hvilket

181 501 172 29 expropriation
368 509 54 21 eger
437 510 56 20 rum,
510 505 24 19 är
551 502 39 22 det
604 502 117 29 pätagligt
736 504 35 19 att
785 501 94 22 berörda
894 508 38 15 an-

181 536 99 30 ordning
302 537 42 22 har
368 537 113 23 företräde
504 538 97 22 framför
622 538 27 22 de
665 537 75 23 delvis
755 537 106 29 otydliga
875 537 57 21 före-

181 572 125 22 skrifterna
320 573 9 21 i
344 574 107 28 gällande
466 574 222 29 expropriationslag
703 573 117 29 angäende
836 573 39 21 der
885 580 46 14 om-

181 608 113 22 förmälda
301 610 115 26 nämnder,
424 610 91 23 hvilkas
524 609 208 29 sammansättning
742 609 42 22 och
796 608 136 30 befogenhet

181 646 38 20 äro
242 644 62 22 olika
324 645 32 21 alt
372 645 59 22 efter
446 653 48 15 som
509 646 27 21 de
552 646 109 21 tillsättas
677 645 8 21 i
701 644 108 23 atseende
824 646 14 20 &
853 652 77 21 expro-

180 680 99 29 priation
295 681 35 21 för
346 683 67 20 stats-
423 681 55 22 eller
488 681 36 22 för
534 681 147 22 kommunala
690 680 111 22 ändamål.
813 694 28 3 —
851 680 81 30 Enligt

180 715 151 30 lagförslaget
356 716 75 22 bildas
454 716 296 30 expropriationsnämnden
773 716 101 27 sålunda,
897 719 35 19 att

180 751 153 22 ordföranden
348 754 62 20 utses
426 752 26 22 af
465 756 148 26 guvernören,
628 754 41 20 två
684 752 125 22 ledamöter
825 752 26 22 af
857 752 74 22 doma-

181 794 40 14 ren
237 788 14 22 å
266 790 63 19 orten
345 788 43 22 och
403 796 29 14 en
448 788 98 22 ledamot
562 788 26 22 af
601 788 113 22 hvardera
725 788 130 28 sakegaren,
865 788 66 22 hvar-

179 824 70 25 utom,
265 823 8 21 i
289 823 41 22 fall
341 823 57 22 tvist
412 823 150 23 förekommer
578 824 118 30 angående
713 823 114 23 områdets
847 823 84 22 storlek

181 858 56 22 eller
253 863 99 25 gränser,
362 860 112 22 särskilda
482 860 144 29 sakkunnige
633 860 126 22 ledamöter
772 854 58 40 kunna
844 859 88 22 tillför-

179 894 90 22 ordnas.
300 894 88 23 Genom
404 895 74 23 denna
493 896 207 28 sammansättning
711 895 26 22 af
745 895 113 21 nämnden
868 895 62 22 torde

179 932 72 20 större
267 931 115 29 garantier
400 932 82 22 vinnas
507 932 35 22 för
568 934 35 20 att
627 932 72 28 nödig
725 931 142 29 opartiskhet
891 931 39 21 vid

179 966 127 22 nämndens
314 966 174 30 förhandlingar
498 968 121 28 iakttages,
636 971 29 18 än
681 967 63 22 hvad
759 966 171 30 stadgandena
916 962 18 39 i

181 1002 58 22 1864
254 1003 37 21 års
306 1002 136 30 förordning
457 1003 8 21 i
480 1003 107 22 afseende
602 1004 13 20 å
631 1002 172 30 expropriation
819 1002 36 22 för
864 1005 66 19 stats-

179 1037 106 23 ändamål
313 1038 102 29 erbjuda.
449 1039 63 21 Enär
542 1039 117 29 nämligen
690 1038 74 29 enligt
789 1038 141 22 sistnämnda

179 1073 144 29 stadganden
345 1075 71 28 något
437 1077 59 19 emot
511 1077 106 26 parterne
633 1074 54 22 fullt
704 1074 114 28 objektivt
834 1074 96 22 element

177 1108 51 22 icke
244 1109 8 21 i
269 1109 114 22 nämnden
399 1110 67 29 ingår
475 1113 56 19 utan
542 1110 233 29 värderingsmännen
783 1112 62 19 utses
855 1110 27 21 af
888 1118 42 21 gu-

178 1148 111 19 vernören
305 1146 13 21 å
334 1145 99 23 kronans
449 1150 87 25 vägnar
552 1146 42 22 och
609 1146 26 22 af
644 1146 131 22 afträdaren
791 1146 37 21 till
843 1145 87 22 hälften

178 1180 119 29 hvardera,
306 1181 71 22 hafva
385 1182 125 22 nämndens
520 1182 145 22 medlemmar
673 1182 52 21 icke
734 1182 72 21 sällan
814 1181 116 22 betraktat

178 1216 37 28 sig
237 1216 195 30 hufvudsakligen
455 1218 73 21 såsom
552 1218 87 28 ombud,
663 1218 28 21 de
716 1217 39 22 der
771 1217 81 21 främst
872 1217 58 22 hade

178 1254 35 20 att
236 1252 88 22 bevaka
344 1253 50 21 sina
416 1253 156 23 hufvudmäns
594 1254 119 22 intressen.
733 1266 28 3 —
785 1253 145 22 Beträffande

179 1287 28 22 de
229 1288 84 29 frågor,
335 1296 49 14 som
405 1290 62 22 varit
482 1290 94 22 föremål
591 1290 36 22 för
641 1290 128 21 nämndens
784 1289 145 29 behandling,

177 1323 60 22 skall
260 1328 143 25 guvernören
428 1325 89 29 afgifva
532 1326 83 28 utslag,
631 1326 59 21 dock
706 1325 52 22 med
781 1325 148 29 iakttagande

178 1361 40 25 att,
241 1360 8 21 i
273 1360 109 23 händelse
405 1362 113 22 områdets
541 1365 93 25 gränser
653 1365 40 18 äro
709 1361 104 29 stridiga,
828 1361 101 29 utslaget

177 1402 37 14 om
229 1396 103 22 området
349 1396 47 28 bör,
405 1398 73 21 såsom
486 1398 109 28 liggande
605 1397 36 21 till
652 1397 77 29 grund
738 1396 35 22 för
781 1397 147 29 ersättnings-

176 1430 114 29 frågorna,
305 1432 59 22 först
379 1432 77 29 gifvas
472 1433 42 21 och
529 1433 52 21 med
597 1433 136 29 afgörandet
749 1432 26 22 af
788 1433 141 21 sistnämnda

249 1479 130 23 Lagutskottets
392 1480 108 19 betänkande
512 1480 35 19 N:o
560 1482 18 17 7.
