1039 1659
318 155 28 22 U.
363 156 28 21 B.
407 168 27 2 —
450 155 75 28 Prop.
541 155 43 22 N:o
601 155 37 23 35.
845 156 26 19 25

113 224 83 27 Bidrag
206 224 33 21 till
249 225 142 27 uppförande
408 225 25 21 af
447 224 158 22 folkskolehus
621 225 45 20 och

278 259 164 27 slöjdlokaler
434 255 15 35 .
475 276 3 4 .
707 268 8 10 »
782 259 90 26 150,000

113 293 85 27 Anslag
208 293 33 21 till
250 293 111 21 bibliotek
380 294 34 20 för
429 276 176 38 folkskollärare
619 276 45 38 och

278 328 129 21 lärarinnor
428 328 6 20 i
451 327 208 21 landskommuner
673 323 13 35 —
706 336 8 10 »
793 328 77 25 51,000

153 370 8 10 »
225 370 8 10 »
251 362 238 27 fortsättningskurser
509 362 38 21 vid
564 362 102 21 folksko-

279 396 34 22 lor
331 414 4 4 .
367 414 3 3 .
705 405 9 10 »
793 396 77 26 63,000

152 439 8 10 »
224 439 8 10 »
250 430 32 21 till
298 409 122 54 aflönande
432 414 25 38 af
465 409 198 54 handarbetslära-

278 465 79 21 rinnor
372 465 38 21 vid
427 465 128 21 folkskolor
570 466 30 27 på
616 466 47 20 lan-

278 500 57 20 det.
367 516 4 4 .
403 516 40 5 sv
705 508 8 10 »
793 500 77 26 99,000

153 542 8 10 »
225 543 8 10 »
251 534 34 21 för
306 534 127 21 ordnandet
449 517 29 38 af
487 517 178 57 slöjäundervis-

278 568 55 27 ning
348 568 38 21 vid
399 568 128 22 folkskolor
540 568 29 28 pä
582 568 78 21 landet
679 564 12 36 —
707 576 8 11 »
792 568 78 26 54,000

154 611 8 10 »
225 611 8 10 »
251 602 123 28 stipendier
389 603 7 20 i
412 602 150 28 pedagogiskt
572 603 57 27 syfte
641 603 23 20 ät

277 637 175 21 folkskollärare
468 638 44 20 och
528 637 129 21 lärarinnor
703 646 8 10 =»
793 637 75 25 10,800

595 678 61 20 S:ma
673 678 59 20 Fmk
748 678 118 26 6,862,600.

181 735 122 26 Angäende
321 736 72 25 sättet,
408 735 88 27 hvarpä
514 735 173 26 ifrägavarande
706 734 162 28 utgiftsbelopp

113 769 25 21 af
148 770 113 26 6,862,600
276 770 66 20 mark
357 770 42 20 bör
414 769 115 27 betäckas,
546 770 59 20 skall
617 770 112 20 Utskottet
742 772 58 24 yttra
814 769 33 26 sig
863 768 6 20 i

113 803 38 21 det
168 804 145 20 betänkande
329 804 113 20 Utskottet
458 804 105 20 kommer
578 806 32 18 att
626 804 83 26 afgifva
725 803 52 21 med
793 803 77 20 anled-

113 838 55 26 ning
183 838 26 21 af
222 838 63 20 Hans
303 838 121 27 Kejserliga
441 837 116 27 Majestäts
573 838 83 26 nädiga
670 838 143 27 proposition
827 838 41 20 N:o

113 872 34 26 31,
170 872 117 27 angäende
309 872 27 21 de
355 872 39 21 vid
415 872 139 27 landtdagen
576 872 25 21 är
619 873 52 20 1897
688 872 85 24 äskade
790 872 79 26 anslag

113 906 44 21 och
173 908 125 25 utvägarna
314 906 33 21 till
363 906 131 21 desammas
510 906 151 22 bestridande.

183 1016 8 20 I
215 1016 169 26 behandlingen
407 1016 25 20 af
452 1016 60 21 detta
528 1016 84 21 ärende
627 1016 69 21 hafva
712 1016 92 27 deltagit
820 1016 50 21 ord-

113 1050 111 21 föranden
246 1050 23 21 L.
294 1050 119 27 Mechelin,
436 1050 156 22 ledamöterna
616 1051 24 21 A.
665 1051 106 27 Ramsay,
797 1050 23 22 C.
845 1051 24 21 G.

113 1084 188 28 Standertskjöld,
325 1085 24 21 K.
373 1085 80 26 Antell,
473 1085 117 27 Kihlman,
614 1086 100 26 Donner,
738 1085 131 26 Nordstöm,

113 1119 129 27 Bonsdorff,
259 1120 114 26 Hallberg,
392 1120 87 26 Heikel,
496 1120 118 26 Borenius,
629 1116 100 31 Öhman,
742 1120 128 26 Meurman,

114 1153 93 28 Kiipula
222 1154 44 21 och
274 1154 159 26 Tuomikoski,
445 1154 119 21 äfvensom
576 1155 176 27 suppleanterna
765 1154 23 21 G.
801 1154 69 21 Gran-

113 1188 45 27 felt,
173 1188 60 22 Arvo
249 1188 44 21 och
309 1188 108 27 Neiglick.

183 1246 148 26 Helsingfors,
347 1246 44 20 den
406 1246 28 20 29
449 1246 59 27 april
525 1246 60 21 1897.

183 1506 141 18 Statsutskottets
337 1507 110 19 betänkande
460 1508 37 17 N:o
511 1507 17 19 6.
