1025 1661
175 139 26 18 10
399 135 28 23 U.
443 136 24 22 B.
495 149 17 3 —
529 136 74 29 Prop.
619 136 45 23 N:o
680 136 38 23 30.

171 208 141 21 främmande
338 209 63 26 lagar
426 209 48 21 icke
501 210 105 20 använda
637 211 69 24 något
732 215 62 16 mera
819 210 111 21 bestämdt

172 245 89 25 uttryck
277 245 7 20 i
299 245 61 20 detta
378 245 39 20 fall
432 246 42 19 och
490 246 38 20 det
543 245 25 21 af
581 246 205 20 Justitieministern
802 246 127 26 föreslagna

172 281 113 25 uttrycket
300 280 78 21 endast
401 286 53 15 vore
478 281 83 26 egnadt
580 283 32 18 att
628 282 55 25 göra
697 281 171 26 ifrågavarande
883 283 46 25 lag-

171 316 125 26 stadgande
319 317 61 19 ännu
402 318 123 25 strängare,
550 318 41 19 har
613 318 111 20 Utskottet
740 320 74 18 ansett
830 318 35 26 sig
880 318 49 20 icke

171 352 56 20 böra
241 352 82 21 föreslä
343 354 75 24 nägon
434 353 96 26 ändring
545 353 24 20 af
583 354 43 20 den
643 354 81 25 nädiga
740 354 167 25 propositionen
922 354 7 19 i

173 388 61 21 detta
250 389 112 20 afseende.

244 425 78 20 Säsom
346 425 24 20 af
387 426 37 19 det
439 425 162 21 ofvananförda
617 425 105 26 framgär,
739 427 38 18 äro
794 426 27 20 de
838 426 90 20 ändrin-

173 467 46 20 gar,
243 467 49 14 som
311 461 110 20 Utskottet
444 462 93 25 vidtagit
560 462 7 19 i
585 461 150 26 lagförslaget,
752 462 48 20 icke
817 462 25 20 af
854 464 75 24 nägon

173 499 46 18 stor
241 497 141 26 omfattning,
407 503 51 15 men
482 498 27 20 de
531 499 38 18 äro
589 498 56 20 dock
661 497 86 26 egnade
771 500 33 18 att
824 499 7 18 i
854 500 76 24 nägon

173 535 53 18 män
242 533 79 20 mildra
337 533 50 21 dess
402 535 118 24 stränghet
529 534 8 19 i
547 535 85 19 sädana
642 534 45 23 fall,
704 534 40 20 der
759 534 74 21 denna
844 535 86 25 sträng-

173 569 39 20 het
232 570 64 24 eljest
316 575 54 15 vore
386 570 143 25 synnerligen
545 570 82 26 obillig,
644 570 42 20 och
702 575 48 15 som
772 570 27 20 de
815 570 114 20 allaredan

172 605 134 21 omfattades
329 605 25 20 af
375 605 124 21 Ständerna
523 606 36 19 vid
580 608 89 18 senaste
692 605 107 26 landtdag
823 607 53 19 utan
898 607 32 18 att

173 643 71 24 nägra
259 642 175 25 anmärkningar
448 641 50 20 frän
514 642 216 20 Justitieministerns
743 642 7 19 i
761 642 169 24 Kejsaredömet

173 677 48 21 sida
235 679 61 18 emot
313 677 51 21 dem
380 677 71 20 blifvit
466 678 84 25 gjorda,
567 678 62 19 torde
646 679 61 18 emot
722 677 64 20 dessa
802 677 126 26 ändringar,

173 713 46 20 ifall
236 713 27 21 de
280 713 25 20 af
318 713 124 21 Ständerna
458 714 136 25 godkännas,
611 715 70 24 några
692 713 178 25 betänkligheter
880 713 49 20 från

173 749 160 21 riksintressets
349 750 114 25 synpunkt
478 750 48 20 icke
542 749 96 20 behöfva
653 748 93 21 befaras.

245 785 32 20 På
293 790 30 15 nu
339 784 95 22 anförda
449 785 97 25 grunder
562 784 34 20 får
611 785 111 20 Utskottet
738 784 114 20 vördsamt
868 785 61 19 hem-

173 821 66 20 ställa

462 881 32 20 att
525 879 128 22 Ständerna
679 880 49 21 ville
753 880 9 21 i
787 878 142 28 underdänig

390 915 180 27 svarsskrifvelse
592 915 33 22 till
640 915 67 22 Hans
723 915 124 27 Kejserliga
863 915 66 27 Maje-

390 954 44 19 stät
457 952 92 21 anmäla
573 953 32 20 att
625 951 128 22 Ständerna
774 952 97 26 godkänt
887 951 42 21 den

390 987 84 27 nädiga
487 988 168 26 propositionen
670 988 51 21 med
744 986 74 28 nägra
841 987 89 21 mindre

390 1024 134 26 ändringar,
548 1024 9 20 i
577 1023 58 27 följd
677 1023 68 27 hvaraf
767 1023 162 27 förordningen

390 1060 85 21 komme
490 1061 33 19 att
539 1058 85 22 erhälla
637 1059 100 27 följande
752 1059 92 27 lydelse:

461 1130 138 33 Förordning
630 1130 118 33 angående
783 1137 83 17 ansvar
893 1129 36 24 för

390 1172 173 33 uppenbarande
581 1171 28 25 af
624 1171 212 33 statshemligheter.

462 1237 46 20 Med
529 1237 145 25 upphäfvande
692 1237 26 25 af
734 1238 11 18 1
765 1237 13 22 $
791 1237 27 19 42
832 1237 47 24 kap.
894 1236 36 19 och

390 1270 92 25 ändring
496 1271 25 24 af
533 1271 11 19 ?
558 1272 13 21 $
586 1271 26 19 12
626 1270 47 25 kap.
686 1270 7 19 i
703 1270 121 25 strafflagen
832 1269 35 25 för
877 1269 52 19 Stor-

388 1304 149 25 furstendömet
565 1303 91 20 Finland
677 1304 26 24 af
720 1303 40 20 den
781 1303 26 19 19
828 1302 103 20 december

391 1335 59 26 1889,
465 1335 83 21 sådana
561 1336 60 21 dessa
635 1336 85 25 lagrum
734 1335 50 25 lyda
798 1335 8 19 i
812 1335 117 25 förordnin-

390 1373 39 20 gen
442 1369 27 25 af
479 1369 40 19 den
531 1369 26 19 21
568 1369 55 25 april
634 1369 58 23 1894,
703 1367 106 25 angående
826 1367 105 20 särskilda

391 1401 119 26 ändringar
523 1402 8 19 i
540 1402 62 25 sagde
612 1400 101 26 strafflag,
724 1400 74 21 varder
808 1400 121 25 härigenom

388 1435 125 24 förordnadt
525 1439 45 15 som
581 1434 70 25 följer
643 1430 11 34 :

247 1483 118 18 Lagutskottets
374 1483 99 14 betänkande
484 1483 28 14 N:o
521 1483 13 14 9.
