1028 1659
807 142 12 20 3

299 214 32 18 att
348 211 64 21 Hans
427 211 125 28 Kejserliga
568 211 104 27 Majestät
687 212 9 20 i
710 210 69 22 nåder
794 210 55 26 ville,

231 239 55 28 efter
305 241 109 27 pröfning
436 240 8 20 i
459 240 75 27 hvarje
549 240 106 21 särskildt
666 240 55 28 fall,
738 240 30 28 af
779 238 70 28 öfver-

231 269 191 21 skottsstatsmedel
443 269 113 21 subsidera
576 268 90 28 privata
685 268 163 28 jernvägsföre-

233 300 36 26 tag
285 298 8 20 i
308 298 80 21 landet.

163 356 46 20 Men
225 356 32 20 för
272 356 38 20 den
325 356 95 20 händelse
435 356 55 20 Hans
506 356 111 25 Kejserliga
626 356 96 24 Majestät
731 356 44 20 icke
786 355 63 21 skulle

95 384 53 20 finna
169 385 90 25 lämpligt
281 388 29 16 att
331 385 42 20 låta
396 385 20 20 af
431 385 237 21 öfverskottsstatsmedel
684 385 106 25 disponera
804 384 45 20 hela

95 414 34 19 det
152 414 129 24 erforderliga
302 414 100 25 beloppet,
425 420 60 19 synas
505 415 113 23 ständerna,
641 414 32 20 för
688 416 29 18 att
732 413 117 21 säkerställa

95 442 99 26 behofvet,
215 442 100 20 eventuelt
337 442 50 21 böra
409 443 56 20 anslå
488 444 24 19 de
532 444 73 24 nödiga
619 442 84 21 medlen.
733 442 41 21 Och
790 442 59 24 vågar

93 472 34 24 jag
143 471 78 20 derföre
237 471 65 20 tillika
320 471 83 21 föreslå:

301 530 31 19 att
358 528 124 21 Ständerna
509 528 37 21 vid
571 528 148 21 innevarande
743 528 106 28 landtdag

232 557 49 21 ville
299 556 88 28 vidtaga
403 557 85 21 sådana
505 557 108 28 åtgärder,
629 559 33 19 att
679 558 63 20 Hans
758 556 89 26 Kejser-

233 586 45 27 liga
295 585 103 28 Majestät
413 592 27 14 ur
455 586 292 28 kommunikationsfondens
758 586 89 27 tillgån-

231 621 42 21 gar
293 614 71 21 kunde
387 614 113 22 subsidera
520 615 88 27 privata
626 614 193 28 jernvägsföretag
841 614 9 20 i

233 642 73 50 andet
329 643 34 21 till
385 645 29 19 ett
436 643 76 28 högsta
535 643 75 28 belopp
634 644 31 27 af
680 644 47 28 fem
749 643 101 27 miljoner

234 678 67 14 mark.

165 729 123 25 Helsingfors
304 730 37 20 den
357 729 12 21 5
386 730 96 20 Februari
500 730 60 21 1897.

639 791 31 24 Th.
686 791 95 29 Tallqvist.

240 1454 110 22 Helsingfors
363 1454 49 18 1897.
437 1454 111 22 Helsingfors
560 1454 150 23 Centraltryckeri.
