1036 1659
429 129 43 22 N:o
488 131 33 20 26.
800 132 24 19 19

99 197 43 22 och
165 198 14 21 å
200 198 79 21 molon
301 198 79 21 utföra
402 198 138 28 sorterings-
560 198 44 21 och
619 198 235 29 upplagsmagasiner

98 233 60 20 samt
172 231 182 29 tjenstelokaler,
371 232 122 21 äfvensom
508 233 35 20 att
558 232 38 21 för
606 234 108 19 trävaror
725 232 88 21 inrätta
824 238 29 14 en

99 266 100 22 särskild
222 268 42 20 350
286 274 29 14 m.
335 266 57 28 lång
406 266 39 29 kaj
461 266 67 22 invid
543 274 29 14 en
587 266 87 30 rymlig
691 268 34 26 (12
740 267 39 27 ha)
796 273 58 22 upp-

98 300 120 30 lagsplats,
234 308 49 14 som
299 300 75 22 skulle
388 301 168 28 genomskäras
573 301 27 21 af
613 304 14 19 4
643 303 28 19 st.
687 302 29 27 på
732 303 26 20 80
774 308 28 14 m.
818 301 36 21 in-

98 334 83 22 bördes
197 335 96 22 afständ
307 335 54 21 från
376 335 133 21 hvarandra
524 335 112 29 liggande
652 335 129 29 spärgator.

166 369 47 22 Vid
236 369 73 22 hället
331 370 172 21 sammanträde
524 369 74 22 hafva
613 369 241 29 stadsfullmäktige
840 365 16 37 i

99 404 113 21 förstärkt
232 404 65 21 antal
316 403 116 22 förklarat
448 403 36 29 sig
499 404 84 28 villiga
599 405 35 20 att
649 404 9 20 i
674 404 180 21 öfverensstäm-

99 438 70 22 melse
191 438 97 22 härmed
309 438 38 21 för
369 438 94 22 stadens
485 438 103 28 räkning
611 438 49 22 läta
678 438 79 22 utföra
772 438 81 22 hamn-

99 472 203 29 anläggningarna
323 472 75 22 likväl
419 472 74 22 under
513 472 173 29 förutsättning
706 474 34 20 att
754 473 100 29 Björne-

99 507 102 29 borgska
216 508 77 21 banan
308 507 130 22 utsträckes
453 507 38 21 till
506 507 149 29 Mäntyluoto
670 507 44 22 och
725 509 35 19 att
770 507 83 22 staden

99 542 38 21 för
151 541 48 22 lika
214 542 57 29 läng
285 542 35 21 tid
335 549 50 15 som
399 542 191 28 Björneborgska
605 542 80 21 banan
699 542 62 21 varit
776 541 78 21 under

99 576 125 22 utförande
247 576 56 22 eller
317 584 41 14 sex
372 577 26 21 är
413 576 88 22 erhölle
516 576 102 22 anständ
633 576 54 21 med
701 576 149 27 inbetalning

100 611 27 21 af
140 610 39 22 det
194 610 38 22 till
247 610 76 22 denna
337 611 63 21 bana
408 610 124 22 utlofvade
542 610 110 29 bidraget
662 610 26 22 af
698 612 76 26 25,000
784 610 67 21 mark

99 645 96 28 årligen,
212 646 120 20 äfvensom
346 646 35 20 att
391 645 37 21 för
439 645 133 21 ändamålet
582 644 129 29 beviljades
722 646 34 20 ett
767 644 83 28 bidrag

101 680 26 20 af
140 681 91 27 560,000
246 680 72 21 mark.

167 714 12 21 I
198 714 127 28 anledning
340 714 70 21 häraf
423 714 44 21 och
483 714 30 21 då
528 713 192 29 Björneborgska
735 713 80 22 banan
832 713 20 28 ej

100 748 47 22 kan
166 756 67 14 anses
252 748 103 22 afslutad
369 748 74 22 innan
457 748 46 22 den
518 749 102 27 uppnått
635 748 95 21 stadens
744 747 108 28 verkliga

101 783 132 29 hamnplats
251 783 41 21 vid
306 782 88 29 hafvet,
409 782 43 22 har
466 783 66 21 Hans
548 782 134 29 Kejserliga
695 782 111 28 Majestät
814 789 39 14 ve-

100 818 35 22 lat
150 817 144 23 öfverlemna
309 818 24 21 åt
348 817 132 23 Ständerna
495 819 36 20 att
546 817 104 23 besluta:

307 900 33 14 om
361 893 150 27 fortsättande
534 893 30 27 af
582 893 174 28 Björneboryska
781 892 72 21 banan

238 928 59 21 ända
314 928 65 27 fram
396 928 35 21 till
445 928 256 28 hamnanläggningarna
716 928 36 21 vid
767 927 87 28 Mänty-

239 963 56 20 luoto
317 963 65 27 enligt
404 969 83 14 samma
509 962 98 21 tekniska
622 969 110 21 program,
748 968 45 15 som
810 962 45 20 till-

239 997 93 27 lämpats
346 996 36 22 vid
396 997 69 27 sagda
481 996 67 22 banas
564 996 147 28 anläggande;
725 999 56 19 samt

307 1039 32 19 att
348 1037 42 27 för
405 1036 107 27 arbetena,
526 1044 45 14 som
586 1036 129 22 omedelbart
730 1036 64 22 borde
808 1036 48 21 vid-

238 1074 57 25 taga,
317 1072 76 20 anvisa
411 1078 27 14 ur
452 1071 298 27 Kommunikationsfondens
766 1071 89 27 tillgån-

237 1112 40 21 gar
292 1107 118 25 1,200,000
425 1106 74 25 mark;

169 1180 129 28 hvarjemte
320 1180 38 21 till
381 1180 143 22 Ständernas
547 1180 133 22 kännedom
699 1180 118 22 meddelas
834 1179 20 29 ej

101 1214 90 22 mindre
215 1216 36 20 att
271 1216 34 20 ett
323 1215 89 28 bidrag,
429 1217 60 20 stort
504 1217 91 26 560,000
610 1215 74 28 mark,
699 1215 106 21 kommer
821 1216 35 19 att

101 1256 28 14 ur
151 1249 152 22 statsmedlen
322 1249 103 22 tilldelas
440 1249 83 22 staden
540 1250 37 21 för
592 1249 126 22 utförande
734 1250 28 21 af
774 1249 82 21 hamn-

102 1283 203 29 anläggningarna
327 1284 9 22 i
357 1284 156 28 Mäntyluoto,
530 1288 30 18 än
576 1284 44 22 ock
635 1286 35 20 att
685 1284 37 22 för
736 1283 120 23 underlät-

101 1318 71 21 tande
195 1318 27 21 af
243 1318 116 29 företaget
374 1318 101 22 anstånd
489 1319 55 21 med
558 1318 148 29 inbetalning
722 1318 27 22 af
763 1318 41 22 det
818 1318 38 21 för

101 1351 190 29 Björneborgska
311 1352 129 29 jernvägen
461 1353 123 21 utlofvade
606 1352 110 29 bidraget
734 1352 27 22 af
778 1353 78 27 25,000

101 1386 67 21 mark
183 1386 90 28 ärligen
288 1386 88 22 lemnas
391 1386 75 22 under
481 1394 40 14 sex
536 1388 26 21 är
577 1387 93 21 framät.
