1039 1656
842 109 29 20 35

118 182 44 21 den
177 181 132 29 biförtjenst
323 181 145 22 behöfvande
482 181 99 29 juristen
596 181 36 22 för
647 181 127 29 iulemning
792 181 26 21 af
824 180 48 23 sina

118 217 89 29 inlagor
232 217 36 22 till
294 217 200 28 öfverdomstolen,
520 217 39 22 der
584 217 61 22 blott
672 217 65 21 dessa
759 217 49 21 icke
824 219 48 19 mot

119 253 137 28 skicklighet
271 253 9 21 i
294 253 128 22 skrifsättet
437 253 99 29 förgripa
552 253 41 29 sig.

190 289 92 22 Jemväl
302 289 132 22 Utskottets
454 289 117 28 majoritet
591 289 65 21 torde
672 288 78 22 funnit
766 289 44 21 den
826 295 46 14 om-

119 325 83 22 ordade
218 325 171 27 bestämningen
406 325 36 21 för
456 325 161 29 lagförslagets
633 325 61 28 syfte
710 324 109 29 temligen
835 324 37 21 be-

119 361 129 29 tydelselös,
268 368 52 14 men
342 368 66 14 anser
424 361 57 21 dock
497 368 29 14 en
541 361 168 22 verksammare
725 361 82 28 ätgärd
823 360 49 21 här-

119 400 94 20 utinnan
236 397 50 21 icke
311 404 70 22 gerna
404 397 77 22 kunna
504 397 127 21 tillsvidare
647 396 114 29 vidtagas,
778 396 95 21 emedan

120 432 167 29 icke-juristens
314 433 109 28 plötsliga
447 432 143 29 uteslutning
613 432 52 22 frän
689 432 185 29 sakförareyrket

120 469 76 21 kunde
211 468 35 22 för
262 471 106 26 parterna
383 468 116 22 flerstädes
515 469 8 20 i
538 469 80 21 landet
634 468 103 21 medföra
753 467 121 30 olägenhet

120 505 43 21 och
179 505 193 28 tjenstemännens
387 505 131 22 afhällande
539 505 100 21 derifrän
663 505 91 21 komme
778 506 34 19 att
835 504 37 21 be-

119 541 66 22 röfva
208 541 64 21 desse
295 549 28 13 en
344 541 36 21 för
399 541 65 21 deras
479 541 98 22 existens
593 540 133 29 nödvändig
741 540 131 21 biinkomst.

120 576 11 22 I
154 577 107 21 händelse
284 577 65 21 dessa
370 577 142 28 synpunkter
527 584 54 14 vore
597 576 118 29 befogade,
733 576 41 21 bör
789 576 85 21 tanken

120 614 30 27 pä
166 620 27 14 en
209 612 217 29 rättegängsreform
440 612 131 29 uppgifvas,
589 612 35 21 för
640 612 77 22 sävidt
733 613 73 20 denna
817 612 56 29 byg-

121 656 40 22 ger
176 650 30 28 pä
222 648 194 30 förefintligheten
426 648 27 22 af
461 651 33 19 ett
504 648 145 29 tillförlitligt
660 648 214 22 sakförareväsende

121 685 8 21 i
145 685 82 21 landet.
259 685 35 21 De
310 685 82 21 nämda
408 684 78 22 skälen
501 687 49 19 mot
565 684 80 29 hvarje
662 684 106 22 effektivt
778 684 96 29 ingrepp

121 721 7 21 i
153 721 43 21 den
219 720 130 22 nuvarande
373 720 126 29 ordningen
515 722 30 27 pä
560 720 175 29 ifrägavarande
752 720 122 22 arbetsom-

121 756 54 22 räde
191 757 92 21 komma
298 756 116 29 nämligen
430 756 39 22 vid
485 756 150 29 halfmesyrer
647 756 139 22 härutinnan
798 758 34 19 att
842 755 32 22 ef-

121 795 35 19 ter
178 792 66 22 tiotal
268 794 25 20 är
316 800 43 21 ega
383 800 86 14 samma
489 792 40 29 fog
545 800 49 14 som
609 792 64 28 idag;
691 792 43 21 och
749 792 80 28 hvarje
844 794 30 26 pä

121 831 34 19 ett
171 828 92 29 dugligt
278 828 184 22 sakförareständ
478 828 94 22 baserad
587 828 84 22 reform
687 830 73 20 mäste
776 828 62 28 förty
848 828 26 20 li-

121 864 55 22 kasä
192 864 67 29 länge
275 864 173 28 undanskjutas.
479 864 47 22 Vill
542 872 52 14 man
611 864 77 27 målet,
703 866 38 20 mä
751 872 53 13 man
814 866 61 26 våga

121 900 95 22 medlen.
247 900 43 22 Att
308 900 98 22 omsider
426 908 93 14 numera
537 900 102 29 generelt
655 900 109 28 förbjuda
779 899 95 29 icke-ju-

121 936 70 21 risten
207 939 35 19 att
257 936 39 22 vid
312 936 90 22 landets
418 936 124 22 domstolar
557 936 114 29 uppträda
682 944 48 14 som
745 936 84 22 ombud
840 936 36 21 för

120 974 52 26 part
187 972 8 21 i
210 974 124 26 rättegäng
349 972 94 22 innebär
458 972 69 29 ingen
543 972 110 22 orättvisa
669 972 43 22 och
729 972 88 21 medför
827 972 49 21 helt

120 1008 58 21 visst
192 1008 48 21 lika
256 1010 25 19 sä
296 1008 56 21 liten
364 1008 127 28 olägenhet,
504 1016 48 14 som
562 1008 43 21 den
616 1008 9 21 i
635 1008 74 22 sinom
719 1008 35 21 tid
765 1008 111 28 vidtagna

121 1043 110 29 åtgärden
247 1046 35 19 att
296 1043 108 29 förbjuda
420 1044 191 28 gvacksalfveriet
626 1045 30 27 pä
672 1044 157 28 läkareyrkets
837 1051 38 21 ge-

120 1079 40 21 bit.
202 1079 46 21 Vid
278 1079 136 27 häradsrätt,
447 1079 107 21 särskildt
579 1079 8 21 i
613 1079 126 29 aflägsnare
765 1079 109 27 landsort,

120 1115 76 21 kunde
212 1115 35 21 för
263 1114 71 30 öfrigt
350 1115 39 21 det
399 1115 119 29 undantag
528 1115 52 21 frän
589 1115 77 29 regeln
678 1115 126 21 tillsvidare
814 1115 61 21 med-

120 1150 79 28 gifvas,
217 1153 34 19 att
267 1150 133 29 icke-jurist,
413 1158 49 14 som
472 1150 147 23 härförinnan
631 1150 26 22 af
666 1153 106 27 parterna
783 1150 93 22 allmän-

119 1186 91 29 neligen
225 1186 95 22 brukats
336 1189 74 20 säsom
426 1186 133 30 fullmäktig
576 1187 42 21 och
635 1186 79 23 dervid
725 1186 104 23 förhällit
840 1186 36 29 sig

119 1223 92 21 redbart
234 1223 43 21 och
293 1223 131 28 ordentligt,
442 1223 61 28 finge
518 1225 30 27 pä
564 1223 101 22 ansökan
681 1223 87 22 tillätas
784 1225 34 19 att
833 1223 40 21 vid

121 1266 85 14 samma
226 1259 98 21 domstol
340 1259 141 21 fortfarande
496 1259 120 29 uppträda.
650 1259 49 21 Och
715 1266 36 14 om
767 1258 111 22 behofvet

121 1294 26 21 af
159 1295 149 28 rättskunngt
321 1295 89 21 biträde
418 1297 31 26 pä
456 1295 130 21 landsorten
597 1297 60 19 samt
667 1295 9 20 i
686 1295 89 21 landets
789 1294 88 21 mindre

121 1330 42 21 och
179 1330 84 22 minsta
278 1331 76 21 städer
369 1330 126 22 tillsvidare
511 1333 96 26 ansäges
623 1330 94 29 betinga
728 1333 34 18 ett
773 1329 104 22 tillständ

119 1365 36 22 för
170 1365 257 30 tjenstemannaklassen
444 1366 35 21 till
495 1366 134 29 advokatyr,
647 1368 24 19 sä
681 1366 70 21 borde
762 1366 48 21 helt
820 1365 58 22 visst

119 1401 63 22 detta
203 1402 103 21 tillständ
330 1402 70 21 redan
420 1410 31 13 nu
467 1402 134 21 inskränkas
618 1402 47 21 dels
685 1402 141 27 derutinnan,
844 1404 34 19 att
