1036 1661
218 102 33 37 20
418 106 27 23 U.
462 107 27 21 B.
504 119 28 3 —
547 107 73 27 Prop.
636 106 42 23 N:o
693 106 35 21 26.

194 164 87 27 ledning
296 163 131 22 verkställda
442 165 56 20 samt
513 164 84 27 projekt
617 163 134 22 utarbetade.
783 163 45 22 Och
844 163 68 22 skulle
927 163 27 26 på

193 198 70 28 grund
279 198 23 21 af
315 198 62 21 dessa
391 198 127 27 handlingar
532 198 121 21 kostnaden
672 198 32 21 för
719 198 117 27 jernvägen
857 197 23 22 af
898 198 56 26 19,75

193 233 37 21 km
250 233 64 27 längd
332 233 72 27 uppgå
423 233 34 21 till
477 233 113 26 1,200,000
609 233 61 21 mark
686 234 55 20 samt
755 232 34 21 för
803 232 151 27 hamnanlägg-

194 267 106 27 ningarna
316 267 32 21 till
363 267 48 21 icke
425 267 82 21 mindre
523 269 26 19 än
568 267 114 26 1,670,000
696 267 68 21 mark.

263 301 212 27 Jernvägsutskottet
489 301 41 21 har
544 302 35 21 vid
592 302 92 26 tidigare
698 301 129 27 landtdagar
839 300 115 22 framhållit

192 334 104 22 behofvet
312 336 39 21 och
369 336 126 27 betydelsen
514 336 22 21 af
551 336 69 21 banan
636 336 32 21 till
684 336 135 27 Mäntyluoto
842 337 55 19 samt
912 335 41 21 för-

194 369 64 21 ordat
275 370 48 21 dess
330 370 123 21 utförande
471 370 28 27 på
514 372 83 19 statens
613 370 126 26 bekostnad,
755 370 68 21 under
839 370 69 21 vilkor
922 372 32 18 att

194 403 133 28 Björneborg
345 404 48 22 stad
413 404 62 27 åtoge
496 404 32 28 sig
544 404 40 22 och
605 404 118 22 bekostade
739 404 27 21 de
785 404 77 27 nödiga
880 404 74 21 hamn-

194 439 151 27 byggnaderna
360 440 6 20 i
383 439 73 22 Räfsö.
480 440 77 21 Denna
572 440 56 28 åsigt
645 440 39 21 har
700 440 35 21 vid
751 439 66 28 sagda
828 439 126 27 landtdagar

194 473 63 21 äfven
273 473 23 22 af
310 473 51 22 flere
377 474 52 21 eller
444 474 57 21 färre
517 474 62 21 stånd
595 474 118 22 omfattats.

264 507 43 22 För
326 510 32 19 att
379 508 72 21 kunna
470 509 33 21 till
522 508 53 22 fullo
595 509 116 27 uppskatta
727 509 70 26 vigten
813 509 23 20 af
849 508 104 27 ifrågava-

196 542 68 21 rande
284 542 233 28 jernvägsanläggning
539 543 33 21 för
592 543 75 21 staden
686 543 132 27 Björneborg
837 543 38 21 och
894 543 60 21 land-

196 576 77 27 skapet
293 576 119 22 Satakunta
431 578 39 21 bör
490 584 48 15 man
555 578 47 21 icke
617 577 133 27 förglömma,
769 578 32 20 att
815 576 139 28 Björneborg,

196 610 91 27 belägen
300 616 45 16 som
357 612 40 20 den
406 613 24 20 är
438 612 27 27 på
473 612 98 28 omkring
580 612 28 21 30
617 612 123 21 kilometers
749 611 86 22 afstånd
847 611 47 21 från
906 611 48 21 dess

195 645 65 21 hamn
276 645 35 21 vid
326 645 73 27 Räfsö,
415 646 46 21 icke
477 646 42 22 kan
534 646 106 22 likställas
660 646 48 21 med
727 652 26 15 en
768 646 82 26 verklig
865 645 88 28 sjöstad.

194 679 41 21 Till
254 680 76 21 staden
346 680 135 22 destinerade
497 681 51 21 eller
568 680 93 22 derifrån
681 680 107 27 utgående
807 686 62 16 varor
884 680 70 21 måste

193 714 107 26 nemligen
316 714 6 21 i
338 714 27 21 de
379 714 62 22 flesta
456 715 38 21 fall
510 715 94 27 undergå
619 715 130 27 omlastning
764 715 7 21 i
786 715 73 26 Räfsö,
874 714 24 22 af
912 714 40 22 den

194 748 65 22 orsak
286 750 31 20 att
343 748 96 23 farleden
465 750 89 22 emellan
582 750 66 21 Räfsö
674 749 40 22 och
740 750 75 20 staden
842 749 47 21 icke
911 749 43 21 kan

193 783 112 26 navigeras
320 783 24 21 af
356 783 77 29 fartyg,
449 790 59 16 mera
523 784 134 28 djupgående
669 786 26 19 än
709 785 13 21 9
737 784 39 21 fot.
808 784 45 21 Och
868 784 85 21 hvilken

193 817 33 20 rol
250 817 71 21 denna
339 818 159 27 omständighet
517 819 76 26 spelar,
614 819 72 20 derom
709 818 82 21 vittnar
814 818 37 21 det
872 818 82 21 faktum

193 853 33 19 att
241 851 121 22 kostnaden
377 852 34 21 för
426 853 152 26 importvarors
597 853 158 26 uppfraktande
773 853 47 21 från
839 852 66 21 Räfsö
921 852 33 21 till

194 885 134 28 Björneborg
349 888 57 19 ännu
426 887 33 21 för
477 887 70 27 någon
566 887 31 21 tid
617 887 66 22 sedan
702 887 87 27 belöpte
807 887 32 28 sig
857 887 32 21 till
908 887 46 21 icke

194 920 84 21 mindre
294 922 26 20 än
336 922 27 20 25
371 921 26 28 %
413 922 23 21 af
449 922 146 27 fraktafgiften
611 922 48 21 från
674 922 99 21 utlandet
787 922 32 21 till
831 921 72 27 Räfsö,
915 922 38 20 och

191 956 34 20 att
251 961 82 15 samma
358 956 152 22 fraktkostnad
536 956 182 28 fortsättningsvis
745 958 24 19 är
795 956 85 28 mycket
905 956 49 26 hög.

192 989 115 21 Dessutom
330 990 97 26 vidtager
450 990 102 28 sjöfarten
576 990 35 22 vid
634 990 65 22 Räfsö
723 991 99 27 vanligen
844 991 27 21 14
887 990 67 27 dagar

192 1024 92 27 tidigare
299 1026 26 19 än
341 1024 95 22 farleden
453 1025 33 21 till
503 1025 74 21 staden
592 1026 47 26 gätt
654 1031 50 21 upp,
720 1025 39 21 och
779 1025 76 21 fortfar
872 1024 28 28 pä
915 1024 37 22 hö-

191 1059 49 20 sten
256 1060 57 19 ännu
329 1060 31 20 ett
374 1065 40 21 par
429 1059 108 26 månader,
554 1059 56 21 efter
626 1060 36 20 det
677 1058 70 22 elfven
763 1059 108 27 ishelagts.

262 1092 73 21 Säsom
352 1095 111 24 exportort
479 1093 33 21 för
527 1095 97 19 trävaror
642 1094 57 20 intar
715 1094 134 26 Björneborg
863 1093 91 21 främsta

190 1128 93 19 rummet
298 1126 24 22 af
335 1127 83 21 landets
434 1127 79 22 städer.
543 1127 96 22 Sälunda
656 1127 40 22 har
714 1127 7 21 i
742 1127 112 22 Utskottet
868 1127 85 28 uppgif-

191 1160 51 26 vits,
260 1162 32 19 att
309 1163 200 26 trävaru-exporten
526 1161 92 22 derifrän
633 1162 68 21 under
716 1161 98 22 sistlidne
824 1161 25 22 är
861 1161 93 28 uppgick

190 1194 33 21 till
243 1195 68 27 dryga
326 1195 79 26 78,000
420 1196 97 21 standert
530 1198 57 19 samt
602 1198 32 19 att
649 1196 68 21 totala
734 1196 151 27 exportvärdet
899 1202 53 21 upp-

189 1229 50 26 gick
255 1229 34 21 till
304 1229 115 28 9,902,934
433 1231 68 26 mark,
513 1230 109 21 äfvensom
634 1232 32 19 att
676 1232 157 24 varuexporten
844 1229 108 22 öfverhuf-

190 1263 104 28 vudtaget
304 1264 69 21 under
384 1264 41 22 fem
435 1265 36 21 ärs
478 1265 102 26 perioden
594 1264 142 22 1892—1896
749 1266 92 25 stegrats
849 1264 48 21 med
905 1264 47 21 icke

189 1297 84 21 mindre
284 1299 27 20 än
322 1299 29 20 50
358 1297 33 29 %.
408 1299 114 28 Samtidigt
533 1299 55 21 skall
600 1299 40 21 den
656 1299 101 25 inkomst,
766 1299 76 21 staden
851 1298 101 28 uppburit

189 1331 7 21 i
204 1331 56 22 form
268 1331 24 22 af
298 1332 177 29 hamnumgälder
483 1333 39 22 och
530 1333 68 22 andra
606 1333 157 28 trafikafgifter,
774 1333 61 27 stigit
843 1333 47 21 med
900 1333 8 21 i
915 1333 39 21 det

188 1367 110 20 närmaste
314 1367 28 21 33
350 1365 25 25 %
395 1367 52 22 eller
460 1367 56 22 ifrån
533 1368 91 26 120,583
635 1367 60 21 mark
708 1367 25 21 år
746 1367 53 21 1891
813 1367 33 21 till
859 1367 92 27 159,885

188 1400 63 21 mark
273 1400 24 22 är
317 1400 61 28 1896,
398 1402 68 21 under
489 1402 82 21 hvilket
592 1402 25 21 &r
636 1402 65 21 Räfsö
725 1401 63 22 hamn
808 1402 101 21 besöktes
931 1401 22 22 af

259 1451 182 24 Jernvägsutskottets
453 1453 111 18 betänkande
576 1453 38 18 N:o
626 1454 14 17 1.
