1025 1661
208 125 26 20 12
404 126 21 22 U.
443 126 22 22 B.
482 139 27 2 —
527 126 61 27 Prop.
606 126 36 23 N:o
658 126 38 22 29.

248 196 63 21 Huru
331 197 50 28 föga
396 197 109 28 grundade
520 197 8 21 i
544 197 102 21 sakernas
662 196 97 28 verkliga
777 196 100 22 tillstånd
893 204 36 13 an-

176 231 62 22 förda
254 232 99 29 farhågor
367 233 8 21 i
386 233 76 28 själfva
478 233 75 21 verket
567 235 43 24 äro,
620 226 62 28 torde
693 240 27 13 en
730 234 99 19 närmare
840 232 89 29 gransk-

176 268 51 28 ning
242 268 60 28 gifva
318 268 37 21 vid
371 269 89 21 handen.
491 269 74 27 Enligt
580 269 117 21 utskottets
708 268 143 21 förmenande
861 268 67 21 måste

176 303 152 21 kommunerna
349 312 52 13 vara
421 304 93 22 beredda
536 304 28 28 på
587 304 140 21 ekonomiska
750 304 152 28 uppoffringar
920 304 7 21 i

176 338 56 22 form
252 339 22 21 af
297 339 66 29 årliga
378 340 91 28 premier
484 340 32 21 till
532 340 26 21 de
575 340 118 28 hästegare,
712 339 77 22 hvilka
805 339 123 22 kontrakts-

177 374 66 29 enligt
258 374 100 22 förbinda
373 376 32 28 sig
421 378 31 19 att
468 376 62 21 ställa
544 376 74 21 hästar
632 376 33 21 till
682 375 163 29 krigsmaktens
861 376 67 21 förfo-

175 410 76 29 gande.
280 410 77 23 Under
375 411 79 22 sådana
477 411 148 22 förhållanden
650 413 23 20 är
694 412 38 21 det
752 411 129 29 uppenbart,
897 414 32 19 att

176 446 74 29 hvarje
265 447 108 26 kommun,
387 447 51 22 ledd
453 447 23 22 af
491 455 112 21 omsorgen
616 455 35 14 om
665 449 34 20 sin
711 455 54 20 egen
777 447 78 27 fördel,
871 455 58 21 sorg-

176 482 71 29 fälligt
257 483 54 21 skall
322 483 95 22 undvika
428 487 32 18 att
469 483 66 22 träffa
546 483 53 22 aftal
610 491 34 14 om
657 483 73 22 hästar
740 483 23 22 af
779 485 68 20 större
858 483 71 27 värde,

176 517 28 22 då
220 518 41 21 den
277 519 66 28 årliga
359 520 93 27 premien
468 519 33 22 till
516 519 127 29 hästegaren
655 519 115 29 själffallet
782 519 68 22 måste
861 519 68 22 blifva

176 554 66 28 högre
264 554 35 21 för
320 562 26 14 en
362 556 8 20 i
385 555 83 29 verklig
491 556 85 26 mening
598 555 41 29 dyr
659 555 49 21 häst
724 557 27 19 än
768 555 35 21 för
820 562 26 14 en
862 554 66 22 sådan

176 596 46 14 som
246 590 76 22 endast
341 590 64 29 fyller
419 591 148 29 fordringarne
590 591 34 21 för
647 590 189 30 tjenstduglighet.
866 590 63 22 Fast-

177 632 45 14 mer
236 633 64 21 synes
316 626 139 22 kommunens
472 627 40 21 och
531 630 81 18 statens
628 628 106 20 intressen
751 627 89 21 komma
855 630 32 18 att
901 626 27 30 gå

176 660 57 22 hand
256 662 8 20 i
285 662 64 21 hand.
380 662 48 22 Och
452 662 165 22 vidkommande
638 663 65 21 sedan
723 662 42 22 den
785 663 86 29 möjliga
886 663 43 21 far-

176 696 75 29 hågan,
273 700 31 19 att
326 698 145 29 hästpriserna
494 699 7 21 i
524 698 73 22 landet
618 698 60 22 skola
699 700 52 20 röna
766 699 124 29 inflytande
905 698 24 22 af

176 733 126 29 krigsfaran,
318 734 67 22 håller
400 735 105 21 utskottet
520 734 46 22 före
582 737 32 19 att
629 734 70 29 någon
715 734 43 22 reel
771 734 70 29 grund
855 734 73 22 härför

175 768 49 22 icke
246 769 55 21 skall
320 770 72 22 kunna
408 771 83 21 utletas.
522 770 44 22 Om
581 770 37 22 det
633 770 71 29 gällde
723 773 32 19 att
771 771 59 20 inom
846 772 31 20 ett
891 770 37 21 be-

175 805 103 28 gränsadt
300 806 86 21 område
409 806 100 22 anskaffa
532 806 48 21 hela
603 806 37 21 det
659 806 59 22 antal
737 806 80 26 hästar,
833 814 45 13 som
894 806 34 21 för

176 844 126 25 truppernas
324 841 105 22 ställande
450 841 28 29 på
493 841 92 29 krigsfot
600 841 79 22 blifver
695 841 144 28 erforderligt,
856 841 71 22 kunde

175 875 138 29 möjligheten
332 877 23 21 af
371 885 25 13 en
413 878 139 28 prisstegring
567 877 48 22 icke
631 877 113 26 uteslutas,
760 885 49 14 men
825 877 28 22 då
869 877 58 22 detta

176 912 57 21 antal
253 912 94 22 fördelar
363 913 32 29 sig
410 913 61 22 öfver
486 913 48 21 hela
549 913 74 22 landet
638 913 41 22 och
695 913 60 21 detta
771 913 7 21 i
797 913 65 29 sådan
879 920 47 22 pro-

175 948 85 28 portion
277 948 89 22 emellan
382 948 138 23 häststocken
536 950 40 21 och
592 949 27 22 de
634 950 34 20 för
684 948 127 30 krigsbehof
823 948 104 22 erforder-

174 983 44 29 liga
232 983 111 23 hästarnas
360 985 63 27 antal,
431 988 32 18 att
479 986 58 20 detta
552 985 48 22 icke
616 985 129 29 öfverstiger
761 986 12 20 2
788 984 27 28 !/2
827 984 29 28 9/0
869 985 58 21 inom

174 1018 75 30 hvarje
265 1020 107 27 kommun,
388 1020 67 22 måste
471 1028 26 14 en
518 1021 66 21 sådan
604 1020 89 30 farhåga
714 1020 120 22 betecknas
857 1020 69 21 såsom

175 1054 117 29 ogrundad.
316 1056 35 28 Ty
365 1056 70 28 gällde
451 1056 42 27 det,
509 1060 31 18 att
556 1057 132 28 exempelvis
704 1057 59 21 inom
777 1064 26 13 en
821 1056 106 26 kommun,

174 1090 64 21 hvars
264 1090 147 23 hästnumerär
432 1092 82 29 uppgår
535 1092 33 21 till
588 1092 122 22 tvåhundra
734 1092 99 28 stycken,
851 1099 76 21 genom

174 1125 72 22 direkt
266 1126 43 29 köp
325 1127 100 22 anskaffa
440 1127 44 22 fem
499 1127 78 27 hästar,
593 1128 51 21 eller
660 1127 37 22 det
713 1127 64 25 antal,
795 1127 34 21 för
844 1127 83 22 hvilket

175 1169 80 14 samma
278 1162 101 21 kommun
401 1163 66 29 enligt
485 1163 137 29 lagförslaget
638 1163 39 22 har
693 1166 32 19 att
741 1170 98 19 ansvara,
855 1162 72 22 kunde

174 1197 70 22 denna
257 1199 60 26 ringa
328 1198 129 29 efterfrågan
468 1199 50 28 föga
528 1199 85 21 komma
624 1199 70 28 någon
705 1199 144 29 prisstegring
859 1198 68 27 åstad,

174 1233 28 21 då
224 1234 23 27 ju
270 1234 67 28 priset
357 1234 12 21 å
389 1235 73 21 hästar
480 1235 59 21 såväl
558 1242 46 14 som
623 1235 12 21 å
652 1243 70 13 annan
739 1234 105 29 egendom
860 1234 67 21 måste

174 1269 50 28 lyda
244 1269 42 22 den
306 1270 107 21 allmänna
433 1270 138 22 ekonomiska
590 1271 69 28 lagen,
675 1271 68 28 enligt
761 1270 88 22 hvilken
869 1269 59 22 detta

173 1305 93 28 regleras
292 1313 77 21 genom
396 1306 143 22 förhållandet
567 1307 91 20 emellan
685 1306 90 28 tillgång
799 1305 41 22 och
863 1305 64 21 efter-

245 1376 112 22 Ehuruväl
376 1377 146 29 ifrägakomna
544 1377 53 21 aftal
618 1377 49 22 icke
688 1379 37 19 äro
741 1376 90 22 afsedda
849 1379 32 18 att
895 1377 32 19 in-

174 1411 94 22 skränka
288 1419 88 22 egarens
396 1413 42 21 fria
457 1413 184 28 dispositionsrätt
656 1413 64 22 öfver
736 1413 33 21 sin
786 1412 49 21 häst
851 1419 76 14 annor-

245 1453 208 20 Ekonomiutskottets
467 1454 125 19 betänkande
606 1454 36 18 N:o
656 1455 31 18 15.
