1025 1659
306 169 298 28 Petitionsmemorial.

144 230 104 28 Borg.st.
670 226 45 23 N:o
731 226 36 22 12.

594 569 178 28 (Öfversättning).

212 633 57 17 Till
288 632 156 23 vällofliga
463 630 252 24 Borgareständet.

150 691 28 18 At
198 690 38 18 alla
253 690 45 18 vårt
311 690 54 18 folks
378 689 132 19 ekonomiska
522 689 26 18 lif
560 689 112 18 berörande
685 688 74 24 frågor,
772 687 70 19 hvilka

82 720 40 18 hos
136 725 33 13 oss
181 719 65 18 under
258 720 80 17 senaste
351 718 53 18 tider
417 718 54 18 varit
484 717 85 19 föremål
582 718 32 18 för
626 718 169 17 statsmakternas
809 716 33 18 be-

83 748 118 24 pröfvande,
220 748 65 18 finnes
304 748 67 22 ingen,
390 747 84 18 hvilken
492 747 42 18 lika
552 747 101 17 kännbart
671 752 44 12 som
731 745 112 23 tullfrågan

84 777 64 18 skulle
167 776 85 19 invärka
270 776 56 18 såväl
344 775 26 24 på
389 776 34 18 det
441 776 103 17 allmänna
557 773 286 25 förmögenhetstillståndet
832 769 14 35 i

84 806 70 18 landet
171 811 43 13 som
232 805 62 18 äfven
312 804 26 24 på
355 804 72 24 hvarje
445 804 80 18 enskild
538 804 141 22 medborgares
693 802 150 25 egendomsför-

84 834 114 19 hållanden.
218 834 52 18 Hela
283 834 39 18 den
332 833 151 24 jämförelsevis
492 833 192 19 tillfredsställande
693 832 112 19 materiella
813 835 32 15 ut-

85 864 97 23 veckling,
196 869 43 12 som
252 862 99 18 Finlands
364 862 43 18 folk
419 862 7 18 i
439 863 112 23 synnerhet
563 862 65 18 under
640 862 25 18 de
677 864 80 16 senaste
770 861 75 18 årtion-

86 893 51 17 dena
149 892 78 24 lyckats
241 890 53 24 ernå,
307 891 37 18 har
357 891 7 18 i
375 891 93 24 betydlig
479 891 48 19 mån
539 892 67 18 berott
618 891 63 23 däraf,
693 893 30 16 att
732 890 46 19 vårt
786 890 59 18 lands

86 921 86 18 tulltaxa
192 920 123 18 åtminstone
334 920 7 18 i
359 920 119 18 hufvudsak
496 924 23 14 är
534 920 96 24 afpassad
643 920 52 18 efter
707 920 37 18 här
757 919 88 18 rådande

87 949 130 19 ekonomiska
230 948 177 24 förutsättningar.
433 949 78 18 Genom
524 951 29 16 ett
566 948 151 19 åsidosättande
730 948 23 18 af
764 948 24 18 de
801 948 44 18 eko-

86 978 94 18 nomiska
194 978 108 24 principer,
314 984 44 12 som
371 978 63 18 redan
446 978 47 18 vårt
505 978 58 18 lands
576 980 61 16 natur
650 978 38 18 och
700 978 72 17 klimat
784 982 62 19 synas

87 1007 63 18 hafva
168 1007 91 23 uppstält
277 1012 32 13 oss
328 1007 32 17 till
379 1007 141 23 efterrättelse,
539 1007 40 18 kan
597 1013 48 11 man
660 1006 25 24 på
697 1007 47 17 kort
756 1006 30 18 tid
798 1009 49 19 göra

87 1036 97 18 Finlands
196 1036 112 18 materiella
318 1036 106 18 förkofran
433 1036 139 23 oberäkneligt
581 1035 88 24 förfång,
676 1036 27 23 ja,
715 1035 32 19 till
756 1035 37 18 och
802 1034 46 18 med

90 1065 63 17 rubba
172 1064 46 19 hela
230 1064 128 24 grundvalen
371 1064 32 18 för
417 1064 23 19 de
453 1065 92 23 resultat,
558 1064 68 19 hvilka
639 1064 47 19 vårt
698 1064 43 18 folk
754 1063 93 19 härintils

88 1093 94 24 uppnått.

160 1122 30 18 Af
208 1122 56 18 detta
282 1122 44 18 skäl
345 1121 76 24 ansågo
433 1122 99 18 Finlands
546 1123 90 22 Ständer,
650 1122 25 18 då
688 1122 73 24 frågan
773 1128 33 12 om
819 1124 30 16 att

90 1151 38 18 den
137 1151 67 18 finska
215 1151 101 18 tulltaxan
327 1151 64 18 skulle
401 1151 108 18 förändras
518 1152 8 17 i
536 1152 211 18 öfverensstämmelse
755 1151 46 18 med
811 1150 38 18 den

90 1180 62 23 ryska
169 1179 120 19 tulltariffen
307 1180 64 17 redan
389 1180 86 18 kommit
493 1180 65 18 under
576 1180 162 24 öfverläggning,
757 1180 36 18 vid
805 1180 44 17 1891

90 1208 32 18 års
140 1208 98 23 landtdag
257 1208 31 18 för
306 1208 33 18 sin
357 1208 52 24 plikt
429 1210 30 16 att
478 1208 134 18 framkomma
628 1209 45 18 med
686 1215 25 12 en
723 1208 128 24 underdånig

92 1236 94 19 anhållan
205 1237 74 21 därom,
298 1238 30 16 att
340 1237 59 18 Hans
412 1237 114 24 Kejserliga
537 1238 96 23 Majestät
646 1237 46 23 ,vid
704 1237 147 18 förordnandet

91 1272 33 12 om
136 1265 74 23 nödiga
222 1265 102 18 lättnader
335 1265 8 18 i
355 1265 136 19 samfärdseln
503 1266 85 18 emellan
598 1266 151 24 Kejsaredömet
758 1266 38 18 och
804 1266 47 18 Fin-

92 1294 49 18 land
153 1294 83 23 täcktes,
249 1294 46 18 med
306 1294 143 18 bibehållande
462 1294 23 18 af
496 1295 39 17 den
548 1300 72 18 genom
632 1295 101 23 grundlag
743 1294 108 18 faststälda

93 1329 51 17 egna
162 1322 154 24 förvaltningen
334 1322 23 18 af
374 1322 209 19 Storfurstendömets
596 1323 108 23 tullväsen,
716 1323 7 18 i
736 1322 63 19 nåder
811 1323 40 17 för-

92 1358 57 12 unna
163 1351 97 18 Finlands
273 1351 43 18 folk
330 1353 30 16 att
373 1351 128 19 fortfarande
514 1358 50 12 vara
576 1352 7 18 i
595 1352 121 24 åtnjutande
729 1352 22 17 af
763 1358 24 12 en
800 1351 52 18 efter

94 1380 45 18 dess
157 1380 63 18 behof
237 1380 37 18 och
295 1380 161 23 skatteförmåga
469 1380 97 24 afpassad
578 1380 109 19 tulltariff.*
712 1381 11 17 I
736 1381 38 17 den
787 1380 66 18 berät-

93 1409 55 21 telse,
165 1414 72 18 genom
254 1408 85 18 hvilken
356 1409 44 17 1894
415 1408 32 18 års
460 1409 88 18 Ständer
561 1409 75 18 erhöllo
650 1410 32 17 del
694 1409 23 17 af
727 1409 55 18 hvad
794 1409 58 18 Hans

94 1437 112 23 Kejserliga
224 1437 96 23 Majestät
335 1437 89 23 behagat
436 1438 47 18 med
495 1438 111 22 anledning
619 1438 23 17 af
653 1438 44 18 1891
710 1437 33 19 års
757 1437 96 19 Ständers

95 1466 67 17 beslut
180 1465 104 23 förordna,
302 1466 128 18 meddelades
443 1466 120 23 Ständerna,
576 1468 30 16 att
619 1466 72 24 frågan
705 1466 24 18 då
742 1470 55 14 ännu
810 1466 44 19 icke

96 1494 85 18 kommit
193 1494 64 18 under
269 1494 82 24 slutligt
363 1495 155 23 ompröfvande.
