1050 1659
448 140 40 22 N:o
504 142 32 20 23.
826 141 23 19 11

470 220 11 28 g
498 222 33 20 28.

190 266 46 21 Har
256 266 35 21 det
311 266 94 27 omräde,
422 272 45 15 som
482 266 55 22 skall
552 266 146 22 underkastas
714 265 166 27 expropriation,

121 300 47 21 icke
183 300 57 21 förut
260 300 112 27 bestämts,
392 300 129 22 öfverlemne
536 302 132 26 guvernören
684 301 23 20 ät
722 299 160 22 vederbörande

122 334 124 28 myndighet
262 337 39 24 att,
321 335 37 21 der
374 335 78 21 sädant
468 335 18 27 ej
503 335 65 21 redan
586 335 63 25 skett,
666 334 95 27 granska
776 333 106 22 huruvida

122 369 38 21 det
183 369 79 21 äskade
286 369 96 22 omrädet
401 372 25 18 är
444 369 33 21 för
492 369 108 27 företaget
615 369 59 21 öfver
689 368 80 22 hufvud
785 368 97 27 lämpligt

122 403 40 21 och
181 403 17 27 ej
216 403 126 27 öfverstiger
364 404 56 20 hvad
444 403 33 21 för
492 403 123 22 ändamälet
631 404 63 26 högst
710 403 42 21 kan
768 408 62 15 anses
845 404 37 19 nö-

123 437 51 27 digt.
205 438 77 21 Finnes
298 438 19 27 ej
333 438 72 21 dertill
421 438 89 27 behörig
525 438 132 27 myndighet,
669 438 114 21 ankomme
793 436 89 28 gransk-

122 472 77 26 ningen
216 472 12 21 å
243 474 140 25 guvernören.
414 472 10 22 I
440 472 83 22 mindre
541 472 121 28 betydande
681 472 38 21 fall
736 471 34 22 mä
786 471 54 21 dock
855 477 28 15 nu

123 506 94 21 nämnda
236 506 132 28 granskning
386 513 39 21 ega
443 512 47 16 rum
511 507 77 21 endast
608 507 37 21 der
661 506 92 21 särskild
769 506 114 26 anledning

124 540 71 22 dertill
211 540 150 22 förekommer.

192 576 132 20 Föranleder
346 576 159 27 granskningen
529 576 33 21 till
586 575 147 26 anmärkning,
756 574 127 22 föreskrifve

124 612 132 24 guvernören
279 610 63 21 deraf
363 610 101 27 påkallad
485 610 95 22 rättelse.
611 606 64 26 Öfver
692 610 66 20 sådan
773 608 111 22 föreskrift

125 650 37 21 ege
179 644 106 21 särskilda
301 644 76 21 besvär
392 645 18 26 ej
428 650 54 15 rum.

474 714 11 27 8
501 714 33 20 24.

194 754 44 26 Äro
262 759 107 21 omrädets
392 761 90 25 gränser
498 760 48 20 med
564 759 87 27 hänsigt
666 759 33 21 till
715 758 147 27 stadgandena
878 758 6 20 i

126 794 84 20 20—23
232 794 24 27 $$
272 794 110 27 ostridiga,
398 794 40 21 och
454 794 39 21 har
508 794 135 21 tillträdaren
660 793 48 21 med
724 792 160 22 vederbörande

126 829 119 25 rättsegare
269 827 189 23 öfverenskommit
481 834 34 15 om
536 827 100 28 beloppet
652 827 24 21 af
689 827 41 21 den
747 827 79 22 enhvar
842 827 43 21 till-

126 862 129 22 kommande
279 863 125 26 ersättning,
428 862 91 22 inlemne
542 862 137 22 tillträdaren
699 862 34 22 till
752 864 133 25 guvernören

127 897 40 21 den
184 897 73 21 derom
272 898 131 26 upprättade
419 898 103 26 handling
535 898 66 26 jemte
619 897 126 21 afträdande
759 896 127 28 jordegares

127 931 109 27 skriftliga
251 931 114 21 försäkran
380 934 33 19 att
429 932 67 20 andre
512 934 26 19 än
554 932 66 21 redan
634 932 103 26 uppgifne
748 930 138 22 innehafvare

127 965 23 21 af
171 966 156 26 nyttjanderätt
345 966 52 21 eller
417 966 88 21 dermed
522 966 89 21 likstäld
626 966 104 26 rättighet
746 966 46 21 icke
807 965 78 25 finnas;

126 1000 85 27 bilägge
226 1000 41 22 ock
281 1000 60 22 bevis
358 1000 23 22 af
396 1001 54 26 dem,
467 1001 32 21 till
516 1001 73 21 hvilka
600 1000 135 28 fastigheten,
747 1001 28 26 pä
785 1000 69 27 grund
865 999 24 21 af

126 1035 122 27 inteckning
263 1035 53 21 eller
330 1035 148 27 stadgandena
494 1042 34 14 om
544 1036 92 26 ogulden
653 1035 149 27 köpeskilling,
814 1034 73 21 häftar

127 1068 33 22 för
183 1068 88 22 fordran
295 1070 52 20 eller
371 1069 33 21 för
423 1071 45 20 rätt
487 1072 33 19 att
540 1070 96 27 uppbära
655 1069 98 22 bestämd
768 1068 96 22 afkomst
880 1069 6 20 i

127 1104 118 27 penningar
268 1104 53 21 eller
343 1110 69 20 varor,
432 1106 32 19 att
480 1104 26 22 de
522 1107 56 19 emot
595 1104 230 22 öfverenskommelsen
840 1103 46 21 icke

128 1138 64 21 hafva
208 1138 65 28 nägot
289 1141 32 19 att
336 1139 110 21 anmärka.

198 1172 138 22 Guvernören
353 1179 105 21 uppmane
474 1180 77 20 genom
567 1173 135 27 kungörelse,
719 1179 45 15 som
779 1172 40 22 bör
834 1171 53 21 infö-

128 1213 36 15 ras
187 1210 33 18 tre
239 1208 81 26 gånger
337 1208 7 20 i
363 1208 84 21 landets
470 1208 108 21 allmänna
600 1208 109 26 tidningar
728 1208 40 20 och
789 1213 70 15 annan
876 1206 12 21 &

129 1243 60 19 orten
210 1242 73 26 spridd
300 1242 82 27 tidning
397 1244 57 19 samt
469 1242 71 21 anslås
556 1242 7 21 i
579 1242 89 21 rädhus-
684 1242 53 21 eller
752 1241 136 21 kommunal-

129 1278 103 19 stämmas
248 1276 156 27 samlingsrum,
422 1276 84 22 okände
522 1278 126 25 rättsegare,
665 1282 46 16 som
726 1276 51 26 vilja
793 1277 53 25 göra
857 1274 34 28 jäf

129 1313 57 18 emot
204 1310 229 22 öfverenskommelsen
453 1311 53 21 eller
522 1311 118 21 framställa
656 1309 232 28 ersättningsanspräk,

129 1346 33 20 att
180 1345 40 21 hos
239 1348 134 24 guvernören
392 1346 32 27 sig
440 1346 86 21 anmäla
542 1346 57 21 inom
616 1346 67 21 sextio
700 1346 66 26 dagar
782 1344 55 22 efter
853 1344 37 21 det

129 1379 151 27 kungörandet
295 1380 7 21 i
318 1380 109 21 allmänna
443 1380 137 27 tidningarna
595 1380 121 26 försiggätt.

198 1414 76 21 Sävidt
299 1414 231 22 öfverenskommelsen
556 1414 46 22 icke
625 1416 107 25 motsäges
755 1412 23 22 af
800 1412 90 27 behörig

130 1450 127 24 rättsegare,
281 1448 107 22 stadfäste
411 1450 132 25 guvernören
568 1449 121 21 densamma
712 1453 76 21 genom
813 1446 76 27 utslag,
