1042 1659
156 127 34 49 44
380 144 27 22 U.
423 144 27 22 B.
466 157 27 4 —
510 144 75 29 Prop.
601 132 45 35 N:o
662 144 38 23 28.

162 216 34 14 ser
212 208 8 22 i
236 210 94 21 ärendet
344 210 117 22 inkomma
476 210 36 22 till
527 213 144 26 guvernören
686 210 71 22 innan
773 210 69 22 saken
857 210 58 22 före-

162 246 64 28 tages
242 244 36 22 till
294 245 128 27 afgörande.

504 325 13 26 8
540 324 35 21 39.

235 376 75 22 Sedan
333 378 125 22 nämndens
480 378 115 29 protokoll
618 378 127 28 inkommit,
763 378 57 22 skall
835 386 81 21 guver-

162 414 77 26 nören,
256 412 58 22 efter
329 413 141 29 granskning
480 414 27 21 af
514 414 179 28 förrättningens
704 414 118 29 laglighet,
833 421 84 22 genom

163 448 77 29 utslag
255 448 113 22 fastställa
384 450 38 21 det
438 450 97 28 omräde,
552 457 49 14 som
611 450 42 21 bör
665 450 106 27 afträdas,
783 449 77 23 sävidt
871 450 45 21 frä-

163 492 46 21 gan
232 484 77 22 derom
332 488 25 18 är
380 485 111 29 oafgjord,
513 488 25 19 sä
560 486 43 21 ock
624 486 127 21 bestämma
773 485 43 22 den
831 485 86 23 enhvar

163 522 126 26 rättsegare
312 520 172 22 tillkommande
507 522 134 28 ersättning,
663 522 109 21 särskildt
787 521 35 22 för
837 521 80 29 hvarje

164 556 50 28 slag
232 556 27 22 af
272 556 70 22 skada
358 557 54 21 eller
428 557 128 29 olägenhet,
573 560 60 19 samt
647 558 76 21 utläta
739 557 35 29 sig
790 565 36 14 om
842 557 75 29 öfriga

164 592 92 21 dermed
278 592 223 30 sammanhängande
516 593 83 29 frägor.
635 594 66 21 Dock
717 600 42 22 ege
774 596 143 26 guvernören

164 628 58 25 icke,
238 630 66 20 utom
320 628 140 22 beträffande
476 629 109 28 omrädet,
603 629 79 22 afvika
697 629 52 21 frän
765 629 44 21 den
824 629 94 29 mening

164 664 126 22 nämndens
305 664 73 22 flertal
394 665 112 28 omfattat,
524 665 95 22 säframt
635 665 20 29 ej
668 665 131 29 synnerliga
810 666 49 21 skäl
870 665 47 21 der-

164 700 37 21 till
216 700 124 22 föranleda.

236 736 48 21 Bör
306 736 106 22 säkerhet
435 736 73 30 enligt
531 737 28 21 36
583 737 54 21 eller
659 738 28 20 37
707 738 14 26 &
737 736 27 22 af
776 736 142 22 tillträdaren

165 772 84 28 ställas,
270 772 55 21 eller
342 772 94 29 pröfvas
456 773 70 21 sädan
541 772 66 29 eljest
623 773 71 29 nödig
709 772 36 22 till
761 772 157 29 betryggande

165 807 27 22 af
210 807 125 22 afträdares
356 809 98 28 anspräk
472 811 30 27 pä
517 809 72 28 högre
605 808 132 29 ersättning,
755 808 105 22 förordne
876 816 41 21 gu-

163 846 111 19 vernören
287 844 86 28 jemväl
389 844 83 22 derom.

236 879 49 21 Har
300 880 152 28 anmärkning
466 880 74 28 gjorts
555 882 49 19 mot
620 880 39 21 det
673 880 123 21 utstakade
807 879 108 27 omrädet,

163 914 55 22 eller
233 915 115 29 undergär
364 916 63 21 detta
442 916 97 28 ändring
553 918 31 26 pä
599 916 75 28 grund
691 916 26 21 af
729 915 123 27 föreskrift,
869 922 48 14 som

163 950 8 22 i
188 951 28 21 23
233 952 13 26 $
263 952 13 20 2
294 958 66 14 mom.
378 951 65 28 afses,
460 952 64 27 skall,
541 953 69 21 ehvad
626 952 74 22 sådan
715 952 115 27 anmälan,
846 958 48 15 som
910 952 8 21 i

163 988 30 21 33
212 990 14 23 $
245 988 15 21 3
281 994 65 16 mom.
368 990 98 26 nämnes,
484 989 51 21 skett
552 989 50 21 eller
617 990 50 25 icke,
685 987 100 29 utslaget
801 986 117 29 angäende

163 1022 104 22 omrädet
282 1023 57 21 först
354 1023 103 29 utgifvas
473 1024 43 21 och
531 1024 51 21 med
599 1023 134 29 afgörandet
749 1022 26 22 af
788 1022 75 29 öfriga
873 1022 44 22 frä-

163 1065 42 21 gor
220 1058 54 22 bero
290 1058 36 22 till
342 1058 50 22 dess
408 1059 38 21 det
462 1059 75 29 utslag
553 1059 83 22 vunnit
651 1059 53 29 laga
720 1058 68 22 kraft.
805 1060 80 24 (utesl.)

511 1162 12 25 $
535 1160 40 27 40.

234 1218 89 30 Utslag,
348 1226 49 14 som
420 1223 92 18 nämnes
533 1220 8 21 i
565 1220 28 21 39
617 1221 19 26 8,
661 1220 59 21 skall
741 1219 104 29 utgifvas
860 1219 58 21 efter

162 1254 81 29 anslag
259 1257 60 19 samt
334 1255 164 22 underrättelse
514 1263 37 14 om
566 1255 149 29 utgifvandet
729 1257 82 27 genast
827 1255 40 21 ske
882 1255 36 21 uti

162 1290 116 21 allmänna
293 1290 146 29 tidningarna
455 1294 59 18 samt
529 1299 74 13 annan
613 1286 13 39 ä
644 1293 70 25 orten,
729 1291 39 21 der
779 1290 138 29 fastigheten

162 1328 25 18 är
207 1325 104 29 belägen,
331 1326 79 28 spridd
425 1327 96 29 tidning.
554 1327 88 21 Genom
657 1329 156 27 guvernörens
828 1326 89 29 försorg

162 1360 42 22 bör
222 1361 43 21 ock
285 1361 92 22 afskrift
393 1362 27 21 af
431 1362 100 29 utslaget
546 1362 79 28 hållas,
642 1362 135 22 afträdande
792 1364 125 26 rättsegare

162 1396 36 22 till
221 1397 135 25 kännedom,
383 1398 141 28 tillgängligt
542 1398 42 22 hos
600 1398 149 29 magistraten
765 1398 54 21 eller
836 1398 79 21 krono-

161 1432 149 22 länsmannen
325 1433 8 21 i
349 1436 71 18 orten.

233 1480 129 23 Lagutskottets
374 1480 108 19 betänkande
495 1481 36 18 N:o
543 1482 16 18 7.

262 1533 8 7 «
