1034 1656
201 93 26 20 10
503 92 44 21 N:o
564 93 33 21 33.

171 160 126 22 berättelse
312 160 67 22 öfver
393 160 152 30 föreningens
561 160 149 22 verksamhet
725 159 75 23 under
816 160 39 22 det
866 160 62 22 före-

170 194 92 29 gående
279 195 55 21 året.

523 226 25 19 10
564 225 19 26 8.

240 264 59 28 Den,
322 271 50 15 som
393 264 85 22 önskar
496 264 73 22 vinna
587 264 92 22 inträde
696 264 9 21 i
723 263 146 29 föreningen,
885 271 40 14 an-

170 298 56 22 söke
246 298 79 22 derom
344 298 135 29 skriftligen
498 298 43 22 hos
557 298 194 22 sakförarerådet.
783 298 143 22 Godkänner

170 332 188 22 sakförarerådet
380 332 73 23 sådan
476 333 139 28 ansökning,
638 333 38 21 må
698 332 121 22 sökanden
841 334 84 27 genast

170 367 90 22 införas
275 367 9 21 i
298 367 293 29 medlemsförteckningen
607 367 44 22 och
666 367 65 22 bevis
747 366 82 22 derom
843 367 30 29 på
887 366 39 22 be-

170 404 74 25 gäran
263 401 86 22 honom
367 402 124 21 meddelas.
522 402 89 21 Finner
626 401 67 22 rådet
708 401 52 22 skäl
775 401 151 28 förekomma,

172 437 35 20 att
226 439 74 24 vägra
315 435 84 22 ansökt
413 435 99 28 inträde,
529 435 60 22 skall
605 435 96 22 ärendet
717 435 156 22 öfverlemnas
889 434 38 22 till

171 469 151 29 föreningens
338 470 129 28 afgörande
482 471 31 28 på
529 470 98 21 allmänt
643 472 68 19 möte.

523 536 23 19 11
565 534 18 27 8.

240 573 69 28 Yppa
334 573 36 30 sig
394 573 40 22 vid
460 573 99 22 allmänt
583 576 62 19 möte
671 573 56 22 eller
753 572 175 23 sakförareråds

171 608 171 21 sammanträde
358 608 64 21 olika
436 608 124 29 meningar
575 608 8 21 i
593 609 79 28 någon
688 608 74 28 fråga,
779 608 93 29 afgöres
883 607 45 22 den

170 648 86 21 genom
272 642 151 29 omröstning.
453 640 47 23 Äro
516 644 107 20 rösterna
639 642 81 22 dervid
735 642 55 28 lika,
807 641 62 29 gälle
882 641 45 22 den

170 676 103 29 mening,
296 684 49 14 som
368 677 158 22 ordföranden
548 677 110 28 biträder,
681 679 65 20 utom
769 677 41 21 vid
832 677 45 27 val,
899 676 30 22 då

170 710 105 29 lottning
295 711 73 28 afgör,
390 711 44 22 och
454 711 40 22 vid
512 711 69 28 fråga
601 718 38 15 om
654 711 158 28 bestraffning
827 711 27 21 af
867 711 61 20 före-

170 744 178 29 ningsmedlem,
374 745 29 22 då
428 745 46 22 den
498 745 97 28 mening
619 745 41 22 bör
681 745 70 28 gälla,
775 752 50 15 som
847 745 82 21 lindri-

170 781 54 26 gast
240 783 31 18 är.

523 810 24 19 12
564 810 19 25 8.

240 848 36 21 De
290 855 116 22 personer,
422 855 50 14 som
487 848 76 28 enligt
578 848 131 29 åberopade
721 848 140 29 förordning
873 849 55 20 böra

170 882 66 21 bilda
259 883 257 28 sakförareföreningar
535 883 8 21 i
562 883 109 21 städerna
690 883 157 27 Helsingfors,
868 878 60 33 Åbo,

170 916 150 22 Nikolaistad
335 917 44 21 och
394 917 106 28 Wiborg,
516 917 67 21 skola
598 918 51 20 före
665 917 121 29 utgången
803 917 26 21 af

239 951 87 21 månad
405 968 5 11 ,
426 951 117 22 anteckna
558 951 36 28 sig
609 952 30 28 på
654 951 74 28 listor,
745 958 50 14 som
810 951 37 21 för
863 951 65 21 detta

172 985 109 21 ändamål
302 985 76 22 hållas
400 986 152 28 tillgängliga
571 986 13 21 å
605 985 324 22 advokatfiskalskontoren
916 981 17 38 i

170 1019 149 22 hofrätterna
341 1022 61 19 samt
422 1020 216 22 rådstufvurättens
658 1020 8 21 i
680 1020 151 28 Helsingfors
855 1020 73 21 arkiv.

170 1054 68 21 Inom
254 1062 29 13 en
293 1054 86 22 månad
390 1054 102 22 derefter
502 1054 58 22 böra
570 1054 103 22 nämnda
683 1054 134 28 domstolar,
829 1061 30 14 en
869 1054 60 22 hvar

170 1089 30 28 på
223 1088 37 22 sin
283 1091 42 26 ort,
348 1096 84 21 genom
451 1089 82 29 anslag
548 1089 8 21 i
572 1089 142 21 domstolens
729 1088 65 22 lokal
809 1088 44 22 och
869 1088 60 22 kun-

170 1123 92 28 görelse
279 1123 9 21 i
306 1125 78 19 ortens
407 1124 121 28 tidningar
550 1123 170 22 sammankalla
742 1122 188 29 föreningsmed-

170 1157 128 22 lemmarne
312 1158 39 21 till
366 1158 98 21 allmänt
478 1160 63 19 möte
556 1158 38 21 för
608 1158 39 21 val
663 1158 26 21 af
699 1157 174 27 sakförareråd;
885 1157 43 21 och

170 1191 65 22 ledas
259 1192 210 28 förhandlingarna
490 1192 42 22 vid
551 1192 67 22 dessa
636 1194 79 20 möten
731 1192 27 21 af
771 1192 80 28 någon
866 1191 63 22 dom-

170 1226 163 22 stolsledamot
348 1226 56 22 eller
420 1234 77 14 annan
512 1226 149 30 tjensteman,
677 1233 48 15 som
743 1226 131 22 domstolen
893 1228 36 19 ut-

171 1268 42 14 ser.
244 1260 51 22 Har
309 1260 41 22 vid
365 1261 79 28 någon
458 1261 111 28 förening
585 1261 84 21 sådant
683 1260 40 22 val
739 1260 21 29 ej
776 1260 99 22 kommit
892 1260 37 21 till

170 1294 77 29 stånd,
270 1296 64 20 utses
355 1295 129 22 ledamöter
498 1295 9 21 i
523 1295 51 22 dess
593 1294 164 22 sakförareråd
777 1294 26 21 af
817 1294 45 21 den
877 1294 52 21 hof-

170 1331 54 26 rätt,
241 1328 135 22 hvarunder
391 1330 140 28 föreningen
546 1330 74 28 lyder.

240 1364 177 28 Sakförareråd,
441 1372 49 14 som
513 1364 76 30 enligt
612 1364 77 22 denna
708 1365 11 27 8
735 1366 71 25 utses,
822 1362 107 22 handhar

171 1398 153 28 föreningens
340 1398 198 29 angelägenheter
553 1399 63 21 intill
631 1401 68 19 nästa
715 1399 108 20 årsmöte.
