1039 1656
383 416 202 28 Reservation.

178 470 35 22 De
236 470 117 29 pågående
377 470 144 22 förarbetena
544 469 36 21 till
603 476 28 14 en
651 469 84 22 reform
751 468 26 22 af
790 470 69 20 rätte-

107 505 250 29 gångslagstiftningen
379 506 8 21 i
411 505 78 22 landet
509 505 71 22 hafva
600 504 208 30 vidhandengifvit,
826 506 34 20 att

107 549 28 14 en
151 542 108 28 tidsenlig
281 542 142 28 gestaltning
446 541 26 22 af
492 541 277 29 rättskipningsväsendet
792 540 68 22 äfven

107 577 42 22 hos
170 585 35 14 oss
221 577 136 30 oafvisligen
373 577 134 22 förutsätter
522 577 109 22 tillvaron
646 576 27 22 af
685 578 34 20 ett
734 576 127 30 yrkeskun-

108 613 51 29 nigt
175 613 42 21 och
230 612 86 30 jemväl
332 613 8 21 i
351 612 72 30 öfrigt
433 612 103 30 pålitligt
547 612 175 22 advokatstånd.
749 613 37 21 Då
794 612 66 22 hvar-

109 648 44 22 ken
169 650 41 20 vår
232 648 39 29 lag
294 648 53 22 eller
369 648 186 30 domstolspraxis
578 648 121 28 härintills,
723 648 138 22 åtminstone

108 684 53 22 med
183 686 76 27 någon
283 684 147 28 konseqvens,
454 684 108 22 vidhållit
585 684 70 22 sådan
671 684 119 28 åskåning,
805 686 56 19 utan

109 720 130 22 densamma
259 720 94 22 fastmer
373 720 26 21 af
412 722 88 19 senaste
516 720 183 28 lagstadganden
714 722 30 27 på
759 719 103 23 området

108 755 123 28 förnekats,
259 756 40 21 har
319 763 53 14 man
388 755 116 29 sjelffallet
518 763 32 14 nu
565 756 100 28 nödgats
680 755 132 22 konstatera
828 757 34 19 att

107 792 100 21 nämnda
227 791 167 29 förutsättntng
409 791 36 22 för
465 791 114 22 reformen
594 791 50 21 icke
660 791 128 22 förefinnes.
819 790 44 22 Att

109 826 122 30 tillgodose
247 827 109 22 behofvet
372 827 26 22 af
417 829 34 20 ett
475 827 190 28 sakförareständ,
690 829 25 20 sä
741 827 36 21 till
800 826 62 22 antal

109 869 50 15 som
177 863 139 29 egenskaper
336 862 114 29 förmöget
471 865 35 19 att
526 862 58 30 fylla
603 862 189 30 lagskipningens
812 862 54 22 kraf

109 900 31 26 pä
155 898 73 29 yrket,
245 898 40 22 har
295 898 135 29 följakligen
441 900 45 20 tett
497 898 36 29 sig
543 900 74 20 säsom
625 906 28 14 en
663 898 9 22 i
683 898 72 22 första
764 901 100 19 rummet

109 934 72 29 nödig
198 934 83 29 ätgärd
297 934 36 22 för
347 934 178 29 genomförande
542 934 26 22 af
580 934 174 30 ifrågavarande
769 934 93 27 reform;

110 970 43 21 och
169 970 124 22 innefattar
307 978 32 14 nu
354 970 157 29 föreliggande
527 970 126 30 lagförslag
663 971 28 21 de
703 970 160 30 stadganden
850 966 16 38 i

110 1008 77 20 ämnet
201 1006 80 22 hvilka
295 1006 88 22 funnits
399 1006 97 29 tjenliga
512 1008 35 20 att
561 1006 49 22 lösa
625 1006 124 29 uppgiften
765 1006 54 22 eller
830 1008 34 19 att

109 1041 138 22 åtminstone
270 1042 117 22 verksamt
408 1041 119 22 förbereda
543 1042 50 21 dess
609 1042 8 21 i
632 1041 80 30 hvarje
727 1042 42 21 fall
786 1041 78 22 snarli-

110 1085 47 21 gen
172 1077 121 30 päkallade
308 1078 119 22 definitiva
441 1077 98 29 lösning.

182 1114 105 21 Nämnda
302 1114 95 29 uppgift
412 1117 25 18 är
452 1113 126 30 ingalunda
593 1121 28 14 en
642 1114 44 21 lätt
706 1114 77 21 sädan.
816 1113 49 22 Och

111 1149 30 22 då
156 1150 105 21 ärendets
277 1149 165 30 sammanhang
457 1150 51 21 med
525 1150 44 21 den
585 1149 173 30 otvifvelaktigt
768 1149 97 28 viktiga-

111 1187 33 20 ste
160 1185 226 30 lagstiftningsfräga
401 1187 30 28 pä
447 1185 174 30 dagordningen
629 1185 76 22 dertill
715 1185 77 30 gifver
802 1185 64 22 detta

111 1228 28 14 en
164 1221 117 29 synnerlig
303 1221 123 29 betydelse,
451 1221 46 22 kan
520 1223 35 20 ett
577 1221 143 29 beklagande
736 1220 68 23 deraf
814 1220 52 21 icke

110 1257 137 28 underlätas,
264 1259 34 20 att
313 1257 44 22 den
372 1257 85 29 nädiga
481 1257 171 29 propositionen
676 1257 9 22 i
708 1259 77 20 ämnet
807 1255 59 22 före-

110 1292 61 29 lagts
192 1292 126 23 Ständerna
341 1293 153 22 öfverhöfvan
517 1293 94 22 sentida.
645 1288 162 27 Öfverlemnad
829 1291 37 22 till

111 1327 102 22 Ständen
236 1329 44 21 den
303 1329 29 21 30
355 1328 67 29 April
440 1329 43 21 och
498 1328 133 22 remitterad
646 1328 37 22 till
699 1328 166 29 Lagutskottet

110 1363 40 22 vid
161 1363 71 23 första
245 1364 91 29 plenum
345 1364 105 28 derefter,
462 1364 44 21 den
517 1365 14 20 4
542 1363 54 30 Maj,
608 1364 55 21 eller
673 1364 88 22 säledes
771 1366 35 19 tre
814 1370 52 15 vec-

111 1399 42 21 kor
167 1399 48 22 före
232 1400 74 29 dagen
321 1399 35 22 för
371 1400 152 29 landtdagens
533 1399 135 29 afslutande,
679 1400 42 21 har
730 1399 136 30 propositio-
