1031 1656
331 141 298 28 Petitionsmemorial.

169 189 119 36 Prestest.
693 193 45 23 N:o
753 193 38 22 14.

641 321 150 26 (Öfversättning).

251 365 52 20 Till
319 366 166 24 Högvördiga
499 365 208 21 Presteständet.

171 423 41 19 För
226 423 78 20 landets
321 423 37 20 och
374 423 73 20 folkets
462 423 115 24 utveckling
591 423 6 19 i
613 423 99 20 materielt
729 423 36 20 och
783 423 77 24 andligt

102 451 113 20 hänseende
237 454 23 17 är
282 457 24 14 en
329 452 62 19 sädan
412 452 115 24 utvidgning
547 451 21 20 af
582 452 44 19 värt
639 453 136 23 jernvägsnät,
791 454 28 17 att
835 451 25 20 de

101 479 44 20 inre
168 480 37 19 och
220 481 31 18 till
271 481 36 19 och
323 481 44 19 med
379 483 49 16 mest
443 480 88 25 aflägsna
547 481 81 19 delarne
644 481 21 19 af
678 481 68 20 landet
761 480 78 19 komma
853 481 6 18 i

102 508 122 20 förbindelse
239 509 44 19 med
298 509 96 20 kusterna
409 509 38 20 och
463 509 38 20 den
517 509 64 24 öfriga
595 509 89 24 verlden,
699 515 24 14 en
738 509 22 20 af
768 509 24 20 de
803 507 57 26 vigti-

102 539 56 22 gaste
180 537 107 25 uppgifter,
317 538 62 19 Detta
401 538 91 24 syftemäl
513 538 37 19 har
573 538 109 19 tillsvidare
705 539 71 18 endast
797 537 63 20 delvis

102 566 102 25 uppnätts.
234 566 43 20 Den
293 567 122 24 nordligaste
432 567 57 19 delen
507 567 22 19 af
541 566 87 20 Karelen
645 567 37 20 och
697 569 55 17 östra
767 566 57 20 delen
841 565 22 20 af

102 590 129 24 Österbotten
254 598 22 17 är
298 598 53 17 ännu
374 596 29 19 uti
420 595 110 24 fullkomlig
545 595 97 20 afsaknad
658 595 22 20 af
693 596 24 19 de
733 595 88 20 fördelar
837 600 23 14 en

99 624 84 24 jernväg
198 623 83 21 medför.
313 624 38 19 Vid
367 625 24 18 de
407 624 33 19 två
455 627 78 16 senaste
549 625 144 22 landtdagarne
704 624 36 20 har
751 623 109 20 emellertid

102 653 140 24 petitionerats
258 652 57 21 äfven
332 659 31 13 om
379 653 151 24 ifrägavarande
545 653 124 20 vidsträckta
684 652 124 20 landsdelars
820 652 41 20 för-

102 681 60 24 ening
178 686 70 19 genom
264 682 85 24 jernväg
363 682 45 19 med
424 682 33 19 det
473 682 63 24 öfriga
551 682 92 23 Finland,
659 682 98 24 nämligen
773 687 30 13 om
821 681 38 19 Ka-

102 709 68 20 relska
195 710 37 20 och
257 710 124 20 Savolakska
407 711 142 23 jernvägarnes
574 710 128 24 fortsättning
725 711 30 19 till
775 710 85 24 Kajana.

102 738 197 24 Jernvägsutskottet
321 740 33 18 vid
378 738 55 22 1889
449 739 32 19 ärs
497 740 94 23 landtdag
606 739 89 24 föreslog
709 739 62 19 ocksä
786 739 74 19 ekono-

102 767 52 19 misk
170 768 148 24 undersökning
333 768 32 20 för
380 768 99 19 Karelska
493 768 75 19 banans
584 768 136 24 utsträckning
735 768 30 19 till
775 767 85 25 Kajana.

102 795 41 20 Och
162 796 32 19 för
214 796 129 24 fortsättning
359 796 21 20 af
401 796 161 20 Savolaksbanan
585 802 70 18 genom
671 796 73 20 Iisalmi
767 796 30 19 till
820 796 40 19 Ka-

101 824 48 25 jana
170 824 60 20 hafva
252 825 61 19 redan
335 826 93 23 ätgärder
450 825 95 24 vidtagits
565 826 82 23 derhän,
665 827 30 17 att
712 825 32 19 för
759 830 24 14 en
799 824 62 20 sädan

102 853 48 19 linie
166 853 114 20 verkställts
303 854 50 19 både
369 854 137 19 instrumental
522 854 37 19 och
575 854 116 19 ekonomisk
706 853 155 24 undersökning,

103 884 51 17 samt
175 884 69 17 väntas
268 882 29 19 till
321 883 66 19 denna
409 883 95 23 landtdag
526 883 60 23 nädig
601 883 124 24 proposition
741 888 32 13 om
789 887 72 14 samma

101 911 94 23 jernvägs
212 911 107 24 byggande.
341 912 74 23 Nödigt
430 912 51 18 hade
497 912 108 18 emellertid
621 912 58 22 varit,
692 913 29 17 att
733 910 55 20 äfven
799 911 63 19 Joen-

103 945 52 13 suu—
163 939 340 25 Pielisjärvi
314 934 100 35 Nurmes—
422 934 77 35 Kajana
519 940 60 19 linien
595 938 64 21 skulle
670 940 65 19 blifvit
746 939 115 25 undersökt,

103 968 68 20 förrän
201 968 101 20 företräde
333 968 52 20 hade
416 968 67 24 gifvits
510 969 21 19 ät
557 963 217 34 Kuopio—lisalmi—
783 967 80 25 Kajana

104 997 147 24 sträckningen.
282 996 31 20 Då
327 1003 27 13 nu
370 997 22 19 sä
407 998 44 18 icke
467 998 60 23 skett,
543 998 37 18 har
592 997 66 20 denna
668 996 146 24 omständighet
825 996 37 20 hos

103 1025 146 20 innevänarene
265 1026 6 18 i
287 1026 152 20 Nord-Karelen
463 1026 59 20 väckt
538 1026 33 19 det
597 1026 117 23 antagande,
736 1026 21 24 ja
779 1025 30 19 till
825 1025 36 19 och

103 1054 44 19 med
170 1054 38 19 den
223 1054 102 24 farhägan,
342 1056 30 18 att
387 1055 24 19 de
428 1054 30 20 för
474 1055 113 23 evärdeliga
603 1055 52 19 tider
670 1055 63 19 skulle
743 1054 62 19 blifva
815 1054 6 18 i
833 1053 28 20 af-

103 1083 77 19 saknad
195 1083 21 19 af
230 1084 25 18 de
270 1083 95 24 fördelar,
382 1083 67 20 hvilka
464 1089 24 13 en
502 1084 83 23 jernväg
600 1083 76 19 medför
687 1084 20 18 ät
717 1083 64 19 andra
791 1082 70 25 lyckli-

103 1117 47 18 gare
165 1112 76 19 lottade
257 1112 122 19 landsdelar.
409 1112 46 19 Som
471 1118 24 13 en
510 1112 83 19 alldeles
609 1112 86 23 naturlig
710 1112 36 19 sak
761 1111 36 19 har
816 1116 45 14 man

103 1140 98 24 nämligen
222 1141 82 23 antagit,
328 1143 30 17 att
381 1140 162 20 Savolaksbanan
566 1146 70 18 genom
651 1140 75 20 Iisalmi
743 1140 62 19 skulle
821 1140 40 18 för-

103 1174 47 14 enas
173 1169 44 19 med
240 1169 110 23 Uleåborgs
374 1169 73 23 banan,
469 1169 126 24 hvarigenom
618 1169 57 19 äfven
696 1169 103 19 trakterna
814 1168 48 19 mel-

103 1196 33 21 lan
159 1197 74 20 Iisalmi
256 1198 37 19 och
317 1194 128 23 Österbotten
466 1198 64 19 skulle
553 1198 75 19 erhålla
651 1198 29 19 sin
702 1198 89 24 jernväg,
818 1203 43 13 men

104 1228 30 17 att
148 1226 90 20 deremot
253 1227 38 18 den
307 1227 99 19 Karelska
419 1227 109 24 jernvägen
545 1227 63 19 skulle
624 1227 55 19 ledas
692 1227 29 18 till
735 1227 78 23 Kajana
825 1225 37 20 och

103 1255 45 19 med
163 1255 55 19 tiden
234 1255 105 20 fortsättas
354 1261 80 14 norrom
449 1255 108 20 Uleäträsk
567 1255 31 20 till
610 1255 107 24 Uleåborg,
728 1255 22 19 sä
761 1257 30 17 att
801 1254 62 20 också

103 1283 121 25 landskapet
246 1289 81 14 norrom
346 1285 86 18 nämnda
447 1284 56 19 träsk
519 1284 75 19 komme
609 1285 7 18 i
632 1283 121 20 förbindelse
770 1283 43 19 med
829 1283 34 19 det

104 1312 64 24 öfriga
193 1313 91 19 Finland.
315 1312 107 25 Byggande
445 1313 22 19 af
487 1313 34 20 två
543 1313 106 24 jernvägar
664 1312 31 19 till
711 1313 78 23 Kajana
804 1311 59 20 torde

104 1341 52 19 dock
171 1341 44 19 icke
231 1347 48 14 vara
293 1341 102 24 behöfligt.

172 1368 40 21 Till
243 1369 77 20 förmån
343 1370 32 19 för
397 1370 38 19 den
463 1370 99 19 Karelska
590 1369 75 20 banans
693 1369 139 23 utsträckning
856 1368 7 19 i

104 1397 58 20 ofvan
186 1397 81 25 avgifna
289 1398 89 24 riktniog
401 1399 40 18 tala
464 1398 47 19 flere
531 1398 50 19 skäl.
611 1399 69 19 Redan
697 1398 37 19 den
750 1397 112 25 flygtigaste

103 1427 54 19 blick
179 1427 27 24 pä
228 1426 95 20 Finlands
346 1427 59 19 karta
428 1427 82 23 utvisar,
530 1429 30 17 att
578 1427 37 19 den
631 1427 122 24 nordligaste
769 1425 58 20 delen
843 1424 22 20 af

103 1455 87 19 Karelen
210 1455 38 20 och
264 1457 55 18 östra
335 1455 57 19 delen
408 1455 22 20 af
444 1452 129 23 Österbotten
589 1455 25 24 pä
629 1455 123 24 lämpligaste
769 1456 40 17 sätt
823 1454 39 19 kan
