1025 1659
189 128 25 20 12
357 127 82 23 Ständ.
455 127 39 24 Sv.
510 140 26 3 —
554 128 74 28 Prop.
643 128 40 22 N:o
699 127 35 23 31.

228 188 80 33 Öfriga
325 193 160 22 inkomsttitlar
501 193 118 22 äfvensom
634 193 178 22 militiefondens
828 192 87 22 ordina-

158 226 32 22 rie
206 227 125 22 inkomster
346 228 69 21 hafva
429 228 34 21 till
479 228 151 22 oförändrade
644 228 84 28 belopp
744 228 135 21 bibehållits.

226 262 133 28 Utgifterna
377 262 35 22 för
427 262 223 22 folkskoleväsendet
665 266 38 17 äro
719 262 8 21 i
743 262 172 21 öfverensstäm-

158 295 68 22 melse
248 296 53 21 med
320 297 27 20 de
362 297 130 28 utgångstal
507 297 36 21 för
552 297 162 28 beräkningen
729 297 23 21 af
767 297 66 21 dessa
848 296 67 29 utgif-

157 332 35 19 ter
206 330 74 21 under
302 331 113 28 ingäende
429 331 161 28 finansperiod,
606 331 78 22 hvilka
699 331 140 22 förekomma
854 331 8 20 i
877 333 37 19 nä-

158 364 53 29 diga
240 365 172 28 propositionen
442 366 116 28 angäende
587 366 124 21 anvisande
741 366 25 21 af
786 365 73 22 medel
881 365 34 21 till

158 399 168 22 folkskolornas
341 400 8 21 i
364 401 76 21 landet
455 401 125 25 underhäll,
596 401 129 21 beräknade
741 403 32 19 att
788 402 78 27 uppgä
880 399 34 22 till

159 435 114 24 1,894,600
288 435 69 21 mark.

226 469 160 22 Kostnaderna
405 470 36 22 för
456 470 74 21 finska
544 470 112 21 militären
672 473 38 18 äro
726 469 8 22 i
749 469 166 28 statsförslaget

157 503 35 22 för
207 503 155 23 innevarande
377 506 24 19 är
417 507 117 26 upptagna
548 504 34 22 till
597 505 59 21 Fmk
671 506 121 24 8,066,217:
809 506 33 23 27,
858 503 57 22 hvil-

157 537 38 22 ket
210 537 84 30 belopp
310 539 105 22 omfattar
431 547 28 14 en
475 542 47 19 stor
537 539 37 21 del
589 539 25 22 af
627 539 27 21 de
670 539 36 22 för
721 539 110 28 perioden
846 538 69 21 bevil-

154 571 54 29 jade
224 575 63 19 extra
302 573 83 29 anslag.

225 607 160 22 Kostnaderna
401 608 35 21 för
451 609 117 28 pågående
583 608 109 28 landtdag
707 607 85 22 hafva
781 603 11 39 i
803 607 111 22 anseende

156 641 75 22 därtill
246 645 34 18 att
294 642 72 21 under
381 643 138 28 landtdagen
533 643 55 21 flere
603 645 63 19 extra
680 643 89 21 utskott
785 645 28 18 än
828 641 87 28 vanligt

156 675 76 22 blifvit
246 676 94 22 tillsatta
355 677 117 22 äfvensom
483 677 111 22 särskilda
601 677 89 21 utskott
698 677 87 21 arbetat
793 678 29 27 på
830 680 83 17 tvenne

156 710 149 29 afdelningar,
328 711 77 22 blifvit
427 712 128 21 beräknade
577 712 33 21 till
629 714 93 23 375,000
737 711 65 22 mark
817 711 8 21 i
840 711 73 21 stället

156 745 36 21 för
214 747 94 24 350,000
329 747 64 20 mark
416 747 70 28 enligt
509 746 106 29 kalkylen
630 746 7 21 i
654 746 44 21 den
713 745 84 29 nådiga
812 745 101 29 proposi-

155 779 84 22 tionen.

224 814 33 21 Af
273 815 27 21 de
319 815 36 22 för
373 815 170 22 ständerhusets
562 815 152 29 gafvelgrupp
730 815 109 28 anslagna
853 814 60 21 med-

154 849 38 20 len
217 849 90 22 innestå
332 852 60 19 ännu
416 850 100 28 olyftade
543 852 78 23 26,200
643 850 70 25 mark,
737 849 78 21 hvilka
837 849 76 21 därför

155 883 143 22 observerats
324 883 8 22 i
357 884 238 29 bevillningsmedlens
620 884 175 29 utgiftsbudget,
819 883 94 22 likasom

155 918 43 21 ock
225 918 130 21 återstoden
381 919 26 21 af
429 919 102 28 anslaget
556 919 35 22 för
612 919 120 22 Antellska
755 917 158 29 delegationen

155 954 63 23 2,000
234 953 70 21 mark.

223 987 55 21 Med
300 987 145 29 iakttagande
467 987 26 22 af
512 987 95 22 sålunda
622 987 117 22 anmärkta
755 986 158 29 förändringar

154 1021 41 22 har
210 1021 102 28 följande
327 1022 78 28 kalkyl
420 1022 113 29 uppstälts
549 1022 64 21 öfver

334 1120 243 27 Bevillningsmedlen
592 1119 27 23 år
634 1120 65 22 1897.

153 1176 138 29 Behällning
314 1177 51 22 från
384 1179 24 20 år
425 1180 54 19 1896
510 1195 4 4 .
751 1178 118 24 1,652,980:
878 1178 34 19 41.

467 1246 131 21 Inkomster:

154 1297 229 28 Stämpelbevillning
405 1315 2 3 .
439 1315 4 4 .
475 1315 3 4 .
510 1315 4 4 .
550 1299 118 24 1,570,000:
684 1309 30 3 —

152 1331 133 29 Bevillning
308 1331 36 22 för
362 1332 153 29 maltdrycker
540 1327 14 38 =
570 1334 98 23 760,000:
684 1344 29 3 —

152 1365 133 29 Bevillning
301 1365 35 21 för
353 1366 100 28 spelkort
473 1383 4 4 .
510 1383 4 4 .
583 1368 85 23 25,000:
684 1379 29 2 —

152 1398 229 30 Näringsbevillning
403 1417 4 4 .
438 1416 5 6 .
475 1418 4 4 .
510 1418 4 4 .
598 1402 70 24 9,000:
684 1412 30 3 —

152 1433 178 23 Bränvinsskatt
367 1452 3 4 .
403 1452 3 4 .
439 1452 4 4 .
474 1453 4 3 .
510 1452 4 4 .
570 1436 98 24 660,000:
684 1447 29 3 —
