1034 1661
200 121 25 20 14
506 120 40 23 N:o
562 122 34 20 29.

171 188 111 27 hästarna,
307 191 26 19 än
357 189 144 22 ordföranden
517 190 7 21 i
539 189 228 28 besigtningsnämden
791 190 38 21 och
853 195 75 22 egaren

170 223 32 21 till
218 223 83 27 hästen,
318 223 82 22 lemnas
416 223 82 22 tillfälle
513 226 35 19 att
562 225 8 20 i
586 224 100 22 afseende
703 225 12 20 å
731 224 124 21 densamma
865 223 64 22 fram-

169 257 65 21 ställa
257 257 25 22 de
305 259 174 26 anmärkningar,
496 259 32 21 till
544 259 72 20 hvilka
632 259 26 21 de
674 265 52 15 anse
741 259 46 21 skäl
803 258 125 25 förefinnas;

170 291 39 21 och
232 297 50 21 eger
306 292 233 28 utskrifningsnämden
555 293 36 21 vid
606 292 94 22 berörda
715 292 169 27 anmärkningar
899 291 30 22 fä-

170 327 34 19 sta
220 325 114 28 tillbörligt
349 326 106 22 afseende.

238 360 138 22 Beträffande
391 361 73 27 hvarje
486 361 56 26 häst,
562 361 64 21 hvars
642 361 111 28 duglighet
768 361 35 21 vid
818 361 111 27 uttagnin-

170 400 41 21 gen
234 394 109 22 föranledt
365 395 72 22 tvifvel
453 396 12 21 å
483 396 212 27 hästemottagarens
715 396 54 28 sida,
787 397 62 26 göres
865 395 7 21 i
887 394 42 22 för-

170 429 128 28 teckningen
307 429 88 28 behörig
406 430 127 22 annotation
539 430 48 22 med
596 430 129 27 angifvande
733 430 23 21 af
766 430 35 21 det
809 429 120 28 stadgande

169 463 7 21 i
192 463 149 28 Kungörelsen
362 465 117 27 angående,
497 465 67 21 bland
584 466 74 26 annat,
674 465 100 26 reglerna
789 464 33 21 för
836 464 93 22 bestäm-

170 499 78 21 mande
263 499 23 21 af
299 499 86 22 hästars
408 499 110 28 duglighet
540 499 35 22 vid
598 499 132 27 utskrifning
747 499 34 22 för
800 498 128 29 krigsbehof,

170 533 29 26 på
221 533 71 27 grund
308 533 23 22 af
344 533 80 22 hvilket
446 534 199 26 hästemottagaren
669 534 71 21 funnit
765 533 76 22 hästen
861 533 68 27 ifråga

170 572 52 16 vara
238 567 93 27 oduglig.

480 632 73 20 KAP.
577 631 47 21 VIL

287 684 37 20 Om
340 684 104 20 lättnader
460 684 5 20 i
481 684 99 21 afseende
596 684 12 21 å
624 684 188 27 hästutskrifning.

519 742 11 26 $
547 742 33 20 36.

239 780 54 26 Den,
310 780 63 21 hvars
389 780 49 22 häst
453 783 52 19 utan
521 781 95 27 frivilligt
632 781 74 21 anbud
721 781 122 27 utskrifves,
860 783 23 19 är
894 781 35 22 be-

171 814 96 27 rättigad
289 816 39 25 att,
347 814 54 22 efter
421 816 72 21 derom
508 816 39 21 hos
564 816 235 27 utskrifningsnämden
815 816 62 27 gjord
892 822 37 15 an-

171 848 78 27 mälan,
266 849 77 26 utbyta
359 849 124 22 densamma
498 851 46 20 mot
560 856 72 15 annan
646 850 101 27 godkänd
758 850 49 21 häst
818 849 22 22 af
849 856 80 15 samma

171 883 64 26 klass,
259 883 90 22 såframt
373 885 40 20 den
436 885 32 21 till
486 885 77 27 utbyte
583 885 100 22 anmälda
697 885 78 21 hästen
791 885 32 20 till
838 885 90 21 nämden

171 917 141 23 öfverlemnas
335 919 66 21 innan
425 920 40 21 den
489 920 109 22 utskrifna
620 920 77 22 hästen
715 920 47 21 från
778 919 151 28 utskrifnings-

171 953 73 21 stället
260 952 81 22 afförts.

519 983 11 27 8
548 984 32 20 37.

239 1016 35 21 Dä
293 1016 50 22 häst
359 1016 114 22 utskrifves
488 1018 30 26 pä
532 1018 72 26 grund
620 1017 22 21 af
655 1016 96 28 frivilligt
767 1016 78 27 anbud,
862 1016 67 27 erläg-

171 1056 37 20 ges
223 1050 86 22 utöfver
325 1051 37 21 det
377 1050 33 22 för
425 1051 75 22 hästar
515 1052 23 20 af
553 1052 41 21 den
605 1051 165 27 ifrägavarande
780 1051 86 21 klassen
877 1050 52 22 fast-

171 1084 72 22 stälda
258 1085 45 26 pris
319 1092 26 14 en
362 1085 112 28 tillökning
490 1086 22 21 af
526 1086 30 21 tio
572 1088 92 24 procent
680 1085 23 22 af
716 1085 68 27 sagda
799 1085 50 27 pris.

519 1149 11 27 8
547 1149 33 21 38.

240 1181 57 28 Vilja
317 1182 40 21 den
374 1182 51 21 eller
441 1183 26 21 de
481 1183 135 27 kommuner,
632 1189 46 15 som
694 1182 141 22 tillsammans
852 1183 78 26 utgöra

170 1217 33 20 ett
226 1216 200 27 lottningsomräde,
451 1217 64 27 ätaga
531 1217 32 27 sig
579 1219 33 20 att
628 1217 7 21 i
651 1217 74 21 stället
739 1217 34 21 för
788 1217 141 26 hästegarene

170 1249 97 22 leverera
290 1250 36 21 det
349 1251 59 21 antal
430 1251 81 27 hästar,
535 1257 46 16 som
601 1251 205 27 lottningsomrädet
821 1251 40 21 bör
875 1257 55 20 upp-

170 1284 71 26 ställa,
258 1285 52 21 söke
325 1285 99 22 tillstånd
440 1285 70 22 dertill
525 1286 39 21 hos
580 1285 101 27 Senaten,
699 1291 45 15 som
759 1285 7 21 i
781 1285 86 22 samråd
882 1285 48 21 med

171 1318 229 28 Generalguvernören
421 1320 88 27 pröfvar
529 1327 34 14 om
582 1320 40 21 och
636 1321 30 26 pä
681 1320 72 21 hvilka
768 1319 69 22 vilkor
853 1319 77 21 sädant

170 1353 36 21 mä
221 1353 45 27 ske,
283 1356 62 24 samt,
362 1354 6 21 i
384 1354 102 22 händelse
501 1355 47 21 skäl
564 1355 32 21 till
611 1354 60 21 bifall
687 1355 14 20 å
716 1354 148 27 ansökningen
874 1353 56 22 före-

170 1386 75 28 finnes,
263 1388 51 21 slikt
329 1388 97 22 tillstånd
442 1389 114 21 meddelar.

239 1422 156 27 Ersättningen
415 1423 33 21 för
466 1423 92 22 sålunda
573 1423 124 22 levererade
712 1423 75 22 hästar
803 1423 64 27 utgår
882 1423 48 21 med

170 1456 42 21 den
228 1457 6 20 i
251 1457 11 26 $
279 1458 26 20 37
322 1457 105 27 stadgade
442 1457 121 28 förhöjning
579 1458 23 21 af
615 1458 30 21 tio
661 1459 98 26 procent.
