1039 1656
409 133 54 23 N:o
480 133 53 23 24.

304 521 74 25 Hans
396 521 181 32 Kejserliga
595 522 162 31 Majestäts
773 522 81 32 nädiga

236 568 137 32 proposition
398 568 33 24 till
459 567 103 26 Finlands
580 568 103 32 Ständer,
702 568 151 25 innefattande

237 615 139 31 förordning,
395 613 115 32 angäende
529 614 113 25 ordnande
660 615 7 23 i
681 614 112 25 särskilda
813 613 40 24 fall

237 661 26 24 af
280 660 119 25 samhällen
415 659 29 33 pä
456 660 149 31 landsbygden
619 660 47 25 med
679 659 176 31 sammanträngd

236 706 138 31 befolkning.

167 785 38 22 Uti
219 785 91 26 petition
330 784 22 22 af
368 785 40 21 den
425 786 26 20 29
467 785 42 27 Maj
529 786 54 20 1894
599 785 64 21 hafva
678 784 123 22 Ständerna
815 791 40 14 un-

99 819 125 28 derdånigst
247 819 89 21 anhållit
358 826 33 15 om
414 820 78 27 åtgärd
516 819 88 26 derhän,
628 821 33 20 att
682 819 116 28 lagförslag
821 825 35 15 om

100 854 110 21 ordnande
233 854 23 21 af
275 853 118 22 förstäders
416 854 40 21 och
475 854 49 21 med
543 855 47 20 dem
606 854 107 21 likartade
727 853 129 22 samhällens

99 888 137 22 kommunala
259 888 38 21 och
320 889 68 20 andra
410 888 150 22 förhållanden
583 889 70 21 blefve
674 888 127 22 utarbetadt
816 887 40 22 och

99 922 123 22 Ständerna
243 922 111 28 förelagdt.
385 922 50 22 Med
458 923 115 27 anledning
594 922 64 22 häraf
675 922 40 22 har
734 929 26 15 en
775 922 82 22 komité

99 956 69 22 blifvit
181 956 34 22 för
230 956 122 22 ändamålet
368 957 87 21 nedsatt
470 959 57 19 samt
542 957 114 21 utarbetat
668 956 137 22 betänkande
816 956 41 21 och

99 991 80 27 förslag
193 991 7 21 i
216 992 72 25 saken,
303 991 109 21 hvarefter
427 992 39 20 och
482 992 64 20 sedan
563 991 86 21 landets
665 991 137 21 Guvernörer
817 990 40 21 och

99 1026 107 21 särskilda
227 1026 126 21 kommuner
376 1026 99 22 deröfver
498 1026 102 21 aflemnat
618 1026 113 22 utlåtande
747 1026 109 21 äfvensom

99 1060 125 27 ytterligare
246 1060 65 28 nödig
333 1061 117 27 utredning
465 1061 7 21 i
488 1062 72 20 ämnet
582 1060 154 27 införskaffats,
757 1062 32 19 ett
807 1061 50 25 nytt

99 1094 80 28 förslag
201 1094 69 22 blifvit
292 1096 118 26 uppgjordt
429 1096 49 20 med
497 1095 126 27 anslutning
642 1096 70 20 såvidt
727 1095 82 27 möjligt
825 1094 32 21 till

99 1129 96 21 rådande
210 1128 148 23 förhållanden
374 1130 39 21 och
429 1130 40 21 den
486 1130 122 27 utveckling
627 1128 231 23 kommunalväsendet

99 1164 7 20 i
121 1163 75 21 landet
212 1164 78 22 ernått.

167 1197 44 21 För
226 1198 142 27 klargörande
383 1198 64 22 häraf
460 1199 70 21 måste
545 1199 26 21 de
586 1198 138 22 kommunala
739 1197 119 22 förhållan-

100 1232 55 22 dena
170 1232 7 21 i
192 1233 50 21 stad
261 1232 39 22 och
318 1234 29 26 på
365 1233 74 21 landet
454 1234 68 26 något
537 1235 100 20 närmare
652 1233 97 26 beaktas,
765 1232 39 21 och
820 1232 36 21 må

99 1267 6 21 i
121 1266 79 22 sådant
216 1266 99 22 afseende
329 1267 94 27 följande
437 1267 131 23 framhållas.

167 1300 96 22 Emedan
278 1302 13 20 &
306 1302 44 20 tätt
364 1301 113 22 befolkade
493 1304 59 19 orter
567 1301 172 22 rättskonflikter
750 1300 108 28 sjelffallet

99 1336 82 26 uppstå
202 1335 80 22 lättare
304 1336 39 21 och
357 1336 7 20 i
379 1336 50 21 vida
445 1336 67 27 högre
527 1336 55 27 grad
597 1338 27 20 än
640 1336 7 21 i
663 1336 90 26 trakter,
769 1335 89 21 hvarest

98 1370 132 21 invånarene
244 1370 28 21 bo
288 1369 89 28 aflägset
392 1370 48 22 från
455 1370 130 26 hvarandra,
599 1370 40 22 har
650 1370 67 22 redan
728 1370 47 21 från
787 1369 71 21 äldsta

99 1404 56 21 tider
177 1404 100 21 behofvet
299 1404 23 21 af
342 1411 26 14 en
386 1404 108 21 snabbare
509 1404 39 22 och
562 1404 121 27 kraftigare
698 1404 158 27 rättsskipning

99 1438 58 27 gjort
175 1438 32 27 sig
225 1445 59 14 mera
301 1439 110 21 kännbart
426 1439 13 21 &
453 1438 152 23 förstnämnda
620 1441 59 20 orter
695 1439 38 21 och
748 1437 109 23 föranledt
