1025 1659
317 132 28 24 U.
361 133 26 22 B.
404 146 27 4 —
449 133 74 28 Prop.
540 132 45 23 N:o
601 133 40 22 30.
840 136 10 18 7

98 212 44 14 ven
166 207 6 19 i
196 206 62 26 fråga
285 212 36 15 om
337 207 172 20 straffbarheten
525 207 25 20 af
562 207 75 20 försök
653 208 33 19 till
702 207 37 20 det
753 207 7 19 i
778 208 11 18 2
806 207 46 24 8:ns

98 242 69 20 första
183 244 100 18 moment
298 243 98 19 nämnda
412 243 64 20 brott.
500 242 107 21 Deremot
619 243 42 20 har
676 243 116 23 Utskottet,
801 242 52 20 lika-

98 278 62 20 ledes
184 278 55 20 efter
251 278 145 26 omröstning,
412 279 90 19 beslutit
516 280 33 18 att
565 279 51 20 med
632 278 106 21 afseende
754 279 13 19 &
783 278 70 20 straff-

100 314 199 26 bestämningarna
314 314 7 19 i
337 316 13 18 2
364 315 47 24 8:ns
426 313 69 21 första
510 317 102 17 moment
627 316 60 18 samt
698 317 12 17 4
714 309 12 35 $
745 314 109 26 tillstyrka

100 349 142 21 vidhällande
265 348 25 21 af
310 349 136 21 Ständernas
469 349 37 21 vid
529 352 88 18 senaste
640 350 108 26 landtdag
770 350 83 20 fattade

99 386 78 20 beslut.

174 421 43 20 Det
237 422 98 22 resultat,
360 422 88 19 hvartill
463 422 111 20 Utskottet
589 421 94 21 sälunda
699 421 99 23 kommit,
814 422 40 19 fin-

100 462 42 15 ner
166 458 31 19 ett
220 457 49 20 stöd
291 457 8 19 i
322 457 43 20 den
390 457 58 20 olika
471 458 134 19 karaktären
628 458 41 19 hos
696 457 27 20 de
739 458 64 22 brott,
820 456 34 20 för

101 493 76 20 hvilka
203 493 65 20 straff
286 494 93 19 utsättes
403 495 13 18 &
432 494 150 20 nästnämnda
595 495 84 19 tvenne
695 494 79 19 ställen
789 493 7 19 i
812 492 42 21 för-

103 528 216 26 fattningsförslaget
333 530 30 24 pä
378 534 44 15 ena
437 529 69 24 sidan,
523 531 59 19 samt
593 531 13 18 &
617 530 43 20 den
671 529 71 20 andra
752 529 27 20 de
789 529 64 23 brott,

99 570 39 15 om
162 565 76 20 hvilka
260 565 7 19 i
285 565 117 25 förslagets
420 565 71 26 öfriga
506 564 141 27 stadganden
670 565 25 20 är
717 565 69 25 fråga.
821 565 33 25 Ty

103 601 82 20 medan
209 601 64 20 dessa
296 601 138 20 sistnämnda
454 602 38 19 äro
515 601 126 25 uppsåtliga
656 601 142 25 förbrytelser
813 601 42 19 och

102 637 27 20 de
154 636 35 20 för
212 636 49 21 dem
278 637 7 19 i
300 637 165 25 propositionen
483 639 83 18 utsatta
587 638 91 24 stränga
696 637 159 20 straffbestäm-

102 673 119 25 ningarna,
247 678 36 14 om
307 672 28 21 de
360 673 65 20 äfven
443 673 7 19 i
464 673 140 20 förhållande
627 672 33 20 till
682 675 39 17 vår
744 672 111 26 strafflags

102 709 115 20 allmänna
241 708 138 26 ståndpunkt
404 709 38 19 äro
469 709 208 25 oproportionerligt
700 709 75 23 hårda,
800 708 55 20 dock

102 745 51 20 med
170 744 104 21 afseende
291 745 62 20 såväl
365 745 70 25 härpå
450 750 48 15 som
515 746 29 24 på
559 745 28 20 de
603 745 79 25 farliga
697 745 79 25 följder
792 744 64 20 dessa

101 781 59 19 brott
186 781 76 19 kunna
289 780 105 24 medföra,
418 781 79 20 lättare
536 781 76 19 kunna
633 781 137 25 godkännas,
791 782 25 18 så
832 780 24 19 är

100 817 103 19 däremot
217 817 8 19 i
244 818 12 18 2
273 817 46 25 $:ns
335 816 68 20 första
419 818 101 18 moment
530 818 59 18 samt
599 816 6 20 i
617 819 12 17 4
641 817 12 24 8
664 816 64 26 fråga
738 822 37 14 om
786 816 71 20 straff-

103 853 53 19 bara
176 852 137 26 handlingar,
329 853 120 25 begångna
464 854 54 18 utan
534 852 101 26 brottslig
650 852 72 26 afsigt.

175 888 65 20 Hvad
263 888 103 20 särskildt
388 888 106 20 beträffar
518 890 12 18 2
554 889 48 24 &:ns
625 888 69 20 första
710 890 106 21 moment,
832 889 26 19 sä

102 925 121 19 betecknas
239 925 41 19 här
295 926 73 18 såsom
384 924 111 26 brottsligt
515 925 77 24 hvarje
610 924 86 26 olofligt
714 924 143 25 uppgörande

103 960 25 20 af
149 960 166 26 planteckning,
331 960 84 25 ritning
430 959 54 21 eller
498 959 137 26 beskrifning
650 960 62 20 öfver
726 961 68 24 något
824 964 34 20 ry-

104 997 41 19 ska
168 996 67 20 rikets
259 996 163 25 fästningsverk
446 996 54 20 eller
523 996 50 20 dess
597 996 124 25 omgifning
744 996 54 20 eller
821 1001 37 14 an-

106 1038 45 14 nan
181 1031 142 27 krigsanstalt
346 1032 33 19 till
402 1032 42 20 och
471 1032 53 20 med
547 1036 36 15 om
607 1032 60 20 detta
692 1032 58 20 skett
770 1030 35 21 för
828 1032 32 19 ett

103 1068 94 20 alldeles
224 1068 110 25 oskyldigt
350 1068 111 22 ändamål,
478 1068 54 20 enär
547 1068 6 19 i
570 1068 77 24 hvarje
663 1068 70 19 sådan
748 1067 111 25 planteck-

105 1104 61 25 ning,
190 1104 83 25 ritning
296 1104 53 20 eller
372 1103 138 26 beskrifning
532 1108 66 15 anses
621 1103 108 26 föreligga
745 1103 115 25 möjlighet

104 1140 33 19 till
162 1138 69 21 skada
253 1139 35 20 för
311 1139 113 20 försvaret.
456 1139 34 19 Då
506 1144 30 14 nu
553 1139 69 25 enligt
637 1139 44 20 den
697 1139 97 25 mening,
812 1143 48 15 som

106 1175 99 25 framgår
227 1175 25 20 af
265 1176 134 19 momentets
415 1174 138 26 ordalydelse
569 1175 61 20 detta
645 1176 101 19 moment
761 1175 45 20 kan
821 1174 39 20 tol-

107 1211 41 20 kas
178 1213 25 18 så
225 1212 93 24 strängt,
344 1212 32 18 att
397 1210 37 20 det
460 1211 24 19 är
499 1211 126 25 tillämpligt
640 1212 55 18 utan
711 1212 33 18 att
760 1210 42 20 den
818 1210 43 20 rin-

106 1249 64 23 gaste
192 1247 114 25 brottsliga
321 1246 67 26 afsigt
402 1247 42 19 hos
459 1246 206 26 gärningsmannen
681 1246 107 20 behöfver
805 1246 56 20 före-

106 1283 67 25 ligga,
191 1284 24 19 så
232 1283 23 19 är
271 1283 37 20 det
323 1282 59 20 klart
396 1284 34 18 att
444 1282 117 20 minimum
577 1282 35 20 för
625 1282 86 20 straffet
721 1282 32 20 uti
762 1286 99 16 momen-

107 1320 31 18 tet
162 1319 24 19 är
209 1318 90 20 alldeles
322 1318 34 20 för
386 1318 60 25 högt.
478 1318 43 19 För
547 1318 84 20 sådana
659 1318 123 22 förseelser,
813 1322 48 16 som

106 1354 8 20 i
139 1356 124 18 momentet
284 1355 102 22 nämnas,
410 1354 24 20 är
457 1353 174 21 minimistraffet
653 1354 70 25 enligt
738 1354 44 20 den
797 1353 66 25 tyska

107 1390 67 25 lagen
202 1390 62 20 böter
291 1389 41 21 och
359 1390 69 25 enligt
451 1389 43 20 den
517 1389 91 20 franska
626 1390 67 25 lagen
717 1395 28 14 en
769 1388 94 20 månads

106 1425 107 25 fängelse.
244 1426 9 19 I
268 1425 145 21 betraktande
429 1424 67 20 häraf
509 1430 66 14 anser
591 1424 109 21 Utskottet
714 1424 149 20 minimistraf-

179 1476 115 18 Lagutskottets
303 1476 99 14 betänkande
413 1476 27 14 N:o
450 1476 13 14 9.
