1050 1659
459 129 39 21 N:o
518 130 34 21 23.
832 129 24 21 13

126 203 46 15 som
188 197 6 21 i
210 198 26 21 47
254 198 11 27 $
281 198 94 27 stadgas,
398 198 57 21 inom
476 204 83 16 samma
577 198 33 22 tid
629 198 99 22 meddela
744 197 141 22 ordföranden

127 231 104 22 huruvida
250 232 39 21 och
304 232 74 22 hvilka
392 232 69 21 andra
476 238 102 21 personer
593 234 28 19 än
638 232 26 21 de
680 232 22 21 af
717 231 169 27 ortsmyndighe-

126 268 62 19 terna
203 266 103 27 uppgifna
321 273 40 21 ega
376 266 156 28 nyttjanderätt
548 267 52 21 eller
616 272 71 15 annan
698 264 89 24 dermed
795 265 90 22 likstäld

126 300 104 27 rättighet
248 301 13 21 &
276 300 136 28 fastigheten.
442 301 73 21 Varda
530 300 7 22 i
552 300 114 28 anledning
685 300 64 22 deraf
762 300 125 28 ytterligare

126 336 120 26 rättsegare
269 335 108 27 uppgifne,
400 335 58 27 gälle
481 336 40 21 ock
540 342 35 15 om
594 336 49 21 dem
659 335 57 21 hvad
732 335 7 21 i
756 336 9 20 1
783 340 63 16 mom.
862 336 25 20 är

127 369 107 27 stadgadt.

195 404 11 21 I
221 403 100 22 afseende
337 404 13 21 ä
366 403 118 28 delgifning
500 404 53 21 eller
568 404 98 27 kallelse,
682 410 46 15 som
739 403 66 27 enligt
816 403 70 21 denna

127 438 35 27 lag
178 438 81 27 åligger
274 438 150 27 ordföranden,
440 438 36 21 må
486 438 68 22 denne
563 438 66 22 anlita
640 438 160 22 vederbörande
810 444 76 20 guver-

127 474 46 26 nör,
189 472 112 27 magistrat
317 472 52 22 eller
382 472 158 28 kronobetjent.

474 536 12 28 8
502 536 34 21 28.

195 576 129 21 Underläter
340 575 104 27 sakegare
462 578 32 19 att
510 576 56 27 välja
581 576 97 27 ledamot
692 576 7 21 i
715 576 107 21 nämnden
834 575 53 21 eller

128 612 32 19 att
176 616 34 15 om
226 610 57 22 valet
297 610 71 21 lemna
384 610 143 22 föreskrifven
542 610 164 26 underrättelse,
722 610 53 22 eller
789 610 40 21 har
843 610 43 21 han

127 644 46 22 icke
195 644 83 22 kunnat
295 644 48 22 med
364 644 40 21 den
420 644 7 22 i
443 646 27 20 27
486 645 12 28 $
514 644 94 22 nämnda
629 645 132 27 uppmaning
775 644 111 26 anträffas,

127 681 59 19 utses
200 678 121 22 ledamoten
337 678 23 22 af
374 678 153 23 ordföranden.
550 679 46 27 Lag
612 685 83 16 samma
710 686 58 20 vare,
785 678 37 22 der
835 678 52 22 flere

128 720 40 20 ega
183 712 47 22 föra
244 714 57 20 talan
317 713 110 27 angäende
442 714 45 21 viss
502 713 104 27 fastighet
622 714 53 21 eller
690 714 104 27 rättighet
810 713 39 21 och
860 713 27 21 de

128 748 18 27 ej
162 748 73 21 kunna
250 754 33 16 om
299 748 34 22 val
349 748 23 21 af
386 748 96 22 ledamot
497 748 33 28 sig
544 748 82 22 förena.

475 812 11 26 8
503 812 34 21 29.

196 851 103 27 Uppdrag
316 853 32 19 att
367 857 50 15 vara
433 852 129 21 ordförande
579 852 52 21 eller
647 852 96 21 ledamot
758 851 7 21 i
780 850 106 22 nämnden

128 886 35 20 mä
178 886 18 26 ej
213 885 69 28 nägon
298 886 140 27 undandraga
454 886 38 27 sig,
509 886 37 22 der
561 886 43 21 han
621 886 18 27 ej
656 885 48 28 fyllt
722 885 68 22 sextio
800 884 24 22 är
835 884 52 22 eller

128 920 39 21 har
182 920 49 27 laga
245 920 72 21 förfall
335 920 53 22 eller
404 922 68 20 annat
487 920 83 27 hinder,
587 926 46 16 som
648 920 43 22 kan
707 920 85 27 pröfvas
808 919 78 27 giltigt.

196 954 25 28 Ej
238 954 35 22 mä
287 954 96 22 ledamot
398 955 7 21 i
420 957 74 19 ortens
510 955 114 21 underrätt
639 955 33 21 till
688 954 129 22 ordförande
834 953 54 21 eller

127 988 96 22 ledamot
238 989 6 21 i
260 989 105 21 nämnden
381 992 67 18 utses.

196 1023 133 22 Ordförande
349 1024 41 21 och
408 1024 96 21 ledamot
518 1024 7 21 i
541 1024 107 21 nämnden
668 1024 61 21 skola
744 1023 34 21 för
793 1022 93 28 uppdra-

128 1060 46 24 gets
190 1058 134 27 fullgörande
339 1058 61 27 njuta
414 1058 119 27 tillräcklig
548 1058 143 27 godtgörelse.

476 1122 11 27 g
504 1122 33 20 30.

197 1161 148 22 Ordföranden
363 1163 81 20 utsätte
463 1162 31 21 tid
515 1162 39 21 och
570 1162 62 21 ställe
651 1161 33 22 för
699 1160 117 22 nämndens
831 1166 56 14 sam-

128 1196 111 20 manträde
254 1198 55 20 samt
323 1196 45 21 läte
384 1196 73 22 dertill
472 1196 8 21 i
495 1196 42 27 god
552 1196 32 21 tid
599 1195 58 22 förut
672 1196 59 21 kalla
742 1195 145 21 ledamöterne

128 1230 40 21 och
183 1230 140 27 sakegarene;
339 1230 83 28 besörje
438 1230 41 22 ock
495 1231 19 27 ej
530 1231 91 21 allenast
636 1232 33 19 att
684 1229 157 22 underrättelse
853 1235 33 15 om

128 1264 168 22 sammanträdet
318 1265 108 21 meddelas
450 1265 56 26 dem,
526 1265 32 21 till
578 1264 72 22 hvilka
670 1264 129 28 fastigheten
816 1263 73 21 häftar

127 1298 34 22 för
172 1298 87 22 fordran
269 1300 52 20 eller
331 1299 34 21 för
376 1301 44 20 rätt
430 1300 35 20 till
475 1300 99 21 bestämd
586 1299 96 21 afkomst
690 1299 7 21 i
705 1298 120 28 penningar
836 1298 52 20 eller

127 1339 71 21 varor,
214 1335 52 20 utan
282 1334 40 21 ock
337 1335 34 20 att
382 1334 84 21 okände
477 1336 121 24 rättsegare
608 1339 75 21 genom
695 1332 135 28 kungörelse,
842 1338 45 15 som

128 1367 39 21 bör
190 1374 51 15 vara
260 1369 27 26 pä
307 1368 35 22 det
361 1368 7 21 i
388 1369 26 21 24
434 1368 12 28 &
462 1368 94 21 nämnda
579 1370 43 20 sätt
645 1367 160 27 offentliggjord
822 1366 66 21 minst

127 1401 81 28 fjorton
231 1402 66 27 dagar
314 1402 46 22 före
380 1402 175 27 sammanträdet,
576 1402 70 21 kallas
665 1404 32 19 att
715 1401 36 22 vid
769 1401 120 21 detsamma

128 1438 52 25 göra
195 1437 32 21 sin
244 1438 43 20 rätt
303 1437 107 27 gällande.
