1025 1656
270 143 84 22 Ständ.
371 143 38 22 Sv.
428 156 27 3 —
471 143 74 28 Prop.
561 143 43 23 N:o
620 143 41 23 30.
836 144 13 20 3

91 214 71 22 tande
189 214 67 22 häraf
279 214 70 22 hafva
369 214 132 22 Ständerna
520 217 76 19 ansett
614 215 182 21 minimistraffet
813 214 36 21 uti

92 249 64 21 detta
182 251 102 20 moment
310 249 57 21 böra
393 249 9 21 i
421 249 104 29 enlighet
542 249 54 21 med
614 251 79 20 senast
710 249 139 22 församlade

92 283 111 22 Ständers
222 283 77 22 beslut
316 283 120 22 nedsättas
455 283 37 22 till
510 291 28 14 en
556 283 97 22 månads
671 283 111 29 fängelse.

160 318 42 21 Uti
220 318 16 21 4
255 319 13 25 $
287 320 98 19 utsättes
413 319 66 20 straff
505 318 36 22 för
568 319 147 28 tjensteman,
743 325 49 14 som
818 318 31 29 på

91 353 73 28 något
182 355 47 18 sätt
246 352 63 22 varit
327 352 109 22 vållande
454 352 38 22 till
510 355 35 19 att
562 353 37 21 för
611 353 73 21 rikets
696 355 63 26 yttre
772 353 76 21 säker-

91 387 41 21 het
148 387 92 28 viktiga
258 387 139 28 handlingar
415 387 180 28 undansnillats,
613 387 109 22 förstörts
736 387 55 22 eller
803 387 46 22 för-

91 421 104 28 kommit,
214 421 56 22 eller
288 429 49 14 som
355 422 24 21 af
397 421 147 23 oaktsamhet
561 424 74 26 yppat
653 421 194 29 statshemlighet.

91 457 47 20 För
156 456 57 21 slikt
230 456 108 22 vållande
357 456 95 29 stadgas
471 457 8 21 i
497 457 139 28 paragrafen
656 458 35 20 ett
709 457 71 27 straff,
799 464 49 13 som

91 491 8 20 i
117 491 71 28 ingen
206 490 112 22 händelse
336 491 47 21 kan
401 491 138 28 understiga
556 491 104 28 fängelse
679 491 74 22 under
771 499 29 13 en
813 490 35 22 tid

92 525 22 22 af
142 527 34 19 ett
202 526 26 21 år
254 525 44 22 och
316 533 39 14 sex
373 525 110 22 månader
501 528 60 19 samt
579 526 114 29 tjenstens
711 525 89 22 förlust.
836 525 12 21 I

91 559 75 22 likhet
192 559 52 22 med
271 559 61 22 hvad
361 559 132 23 Ständerna
519 560 41 22 vid
588 560 65 21 1894
678 561 37 20 års
733 559 114 29 landtdag

91 594 134 28 framhållit,
244 594 69 22 hafva
330 595 87 28 jämväl
435 603 32 13 nu
485 595 140 21 församlade
644 595 101 21 Ständer
763 596 84 26 ansett,

91 631 35 20 att
150 629 46 21 den
214 629 68 22 äfven
300 629 36 22 för
353 629 86 22 minsta
457 629 59 29 grad
534 629 23 22 af
575 629 108 22 vållande
701 631 89 20 utsatta
808 629 39 29 på-

91 664 58 28 följd
168 664 23 21 af
209 664 113 28 tjenstens
341 664 84 22 förlust
443 672 62 20 vore,
523 664 41 22 vid
576 664 131 29 jämförelse
719 664 53 22 med
785 663 62 23 hvad

92 698 144 28 Strafflagen
245 699 8 21 i
263 698 94 28 vanliga
373 699 42 21 fall
427 698 95 29 stadgar
536 706 36 14 om
585 699 124 29 tjenstefel,
723 699 124 28 begångna

92 733 22 21 af
132 732 115 28 vållande,
266 733 89 29 obillig,
373 733 95 22 hvarför
486 733 43 22 och
547 733 30 22 då
595 733 100 22 brottets
713 733 65 22 såväl
795 733 52 21 sub-

91 767 89 29 jektiva
207 775 48 14 som
282 768 120 28 objektiva
429 768 51 21 sida
503 768 48 22 kan
568 768 92 22 komma
678 768 95 28 mycket
790 771 57 18 nära

91 802 46 21 den
163 806 77 25 gräns,
267 802 41 21 där
326 802 147 22 strafflöshet
490 802 72 22 borde
580 810 43 21 ega
638 810 57 20 rum,
716 802 131 22 Ständerna

88 836 80 22 funnit
186 838 41 26 att,
246 836 30 22 då
294 837 150 28 synnerligen
462 837 167 21 förmildrande
648 836 199 29 omständigheter

88 871 122 29 föreligga,
238 871 82 21 endast
347 872 173 28 fängelsestraff
545 872 43 21 bör
612 871 94 22 ådömas
733 873 60 20 samt
811 871 36 21 för

89 906 65 22 detta
172 906 66 21 straff
256 908 99 19 utsättas
375 914 28 14 en
422 906 86 22 latitud
526 906 52 21 från
596 906 44 22 och
655 906 53 21 med
721 908 35 19 tre
767 906 79 21 måna-

89 941 41 21 der
156 940 37 21 till
212 940 42 22 och
272 940 53 22 med
343 942 34 20 ett
395 942 26 20 är
439 940 45 22 och
501 948 41 14 sex
558 940 118 22 månader.
712 941 64 21 Enär
793 940 53 22 med

89 974 107 23 afseende
216 976 12 20 å
246 974 28 22 de
292 975 95 28 mycket
404 975 115 22 vexlande
535 976 85 21 former
632 975 43 21 här
687 975 102 22 nämnda
801 975 45 21 för-

90 1010 112 28 brytelser
220 1010 80 21 kunna
318 1010 79 27 förete,
417 1010 55 21 flere
487 1009 150 29 gradationer
649 1010 8 21 i
670 1010 35 28 de,
718 1012 65 19 utom
795 1009 50 21 fän-

88 1044 160 29 gelsestraffet,
266 1044 120 22 bestämda
404 1044 116 29 påföljder
538 1052 69 20 synas
626 1044 130 29 påkallade,
776 1044 70 21 hafva

89 1078 132 22 Ständerna
239 1078 117 22 dessutom
373 1079 37 21 för
428 1079 28 21 de
476 1079 46 27 fall,
536 1079 30 21 då
578 1079 104 21 hvarken
695 1078 151 29 synnerligen

87 1113 152 22 försvårande
258 1113 56 21 eller
332 1114 151 28 synnerligen
501 1113 129 22 mildrande
646 1112 200 30 omständigheter

88 1148 120 28 föreligga,
222 1148 116 28 upptagit,
348 1148 71 28 jämte
429 1148 174 29 fängelsestraff
612 1148 35 22 för
657 1156 30 13 en
695 1148 36 21 tid
742 1148 23 21 af
774 1148 72 21 minst

88 1184 34 20 ett
143 1183 25 20 år
192 1182 42 22 och
252 1190 40 13 sex
310 1182 117 29 månader,
447 1182 116 29 skiljande
580 1182 54 22 från
651 1183 115 28 tjenstens
784 1182 61 22 utöf-

87 1218 58 27 ning
163 1217 136 22 alternativt
316 1217 53 21 med
387 1217 137 28 afsättning.
567 1217 46 21 Till
626 1217 67 22 dessa
704 1217 53 22 med
771 1217 40 21 det
823 1217 23 21 af

88 1251 132 22 Ständerna
236 1251 41 22 vid
295 1254 91 19 senaste
405 1251 114 29 landtdag
532 1254 101 26 antagna
645 1251 114 29 förslaget
771 1251 74 22 öfver-

88 1285 184 22 ensstämmande
299 1285 128 29 ändringar
453 1286 71 22 hafva
552 1286 130 21 Ständerna
708 1288 77 20 ansett
809 1285 36 28 sig

86 1321 70 21 hafva
184 1320 64 21 desto
276 1322 73 19 större
377 1321 57 27 skäl,
463 1328 49 14 som
538 1321 182 21 minimistraffet
737 1321 37 21 för
792 1327 53 14 ena-

86 1355 79 22 handa
182 1355 64 21 brott
264 1355 69 21 äfven
351 1355 75 28 enligt
446 1355 126 21 utländska
590 1355 66 28 lagar
674 1359 25 17 är
717 1355 128 28 lindrigare

87 1389 43 22 och
156 1389 87 28 jämväl
270 1389 74 29 enligt
369 1389 44 22 den
438 1389 71 28 ryska
526 1389 70 28 lagen
613 1389 121 22 minimum
751 1389 36 22 för
805 1389 40 21 fri-

86 1423 143 22 hetsstraffet
247 1423 8 21 i
274 1423 64 22 detta
356 1423 42 22 fall
417 1427 25 18 är
460 1424 120 21 faststäldt
598 1424 37 21 till
653 1423 105 30 fängelse
771 1423 74 22 under

87 1466 28 13 en
134 1457 35 22 tid
188 1457 22 22 af
228 1460 34 19 ett
281 1458 25 21 är
324 1457 44 23 och
386 1458 52 28 fyra
456 1457 116 22 mänader.
