1036 1661
205 118 13 19 2
508 117 40 22 N:o
564 119 33 20 29.

174 187 122 26 trupperna
318 186 110 28 behöfliga,
451 193 48 15 men
522 187 72 21 hvilka
610 189 38 19 äro
664 187 53 27 dyra
733 188 33 20 att
782 186 96 22 anskaffa
894 186 39 21 och

174 219 89 22 framför
279 220 38 21 allt
332 221 131 22 kostsamma
479 223 33 20 att
527 221 133 22 underhålla.
685 222 42 21 För
738 223 33 20 att
781 222 75 21 kunna
865 221 67 22 mobi-

173 253 65 23 lisera
261 261 26 15 en
311 255 21 22 af
353 256 68 21 kader
443 256 39 21 och
504 262 73 15 reserv
592 256 118 22 bestäende
726 256 59 21 arm6
800 256 49 21 med
864 256 67 21 sädan

173 289 161 27 skyndsamhet,
349 296 46 16 som
411 296 89 16 numera
516 292 24 19 är
556 292 31 20 ett
603 290 106 28 oafvisligt
724 290 55 26 kraf,
791 292 25 20 är
832 290 36 22 det
883 290 49 22 der-

172 322 34 22 för
228 323 24 21 af
272 324 71 22 nöden
366 325 17 27 ej
407 324 91 22 allenast
514 326 34 20 att
562 325 7 21 i
584 325 91 21 fredstid
690 325 83 21 förutse
789 324 42 22 alla
846 324 85 22 arméns

172 358 65 22 behof
250 358 35 22 vid
301 359 48 22 dess
365 359 104 22 ställande
485 360 28 26 pä
528 359 97 27 krigsfot,
642 361 53 20 utan
707 360 39 21 ock
757 360 34 20 att
801 360 29 26 pä
840 358 91 22 förhand

171 392 86 22 utfinna
276 394 68 21 medel
362 394 33 21 för
409 394 115 22 behofvens
540 394 83 22 snabba
638 394 175 28 tillgodoseende.
843 393 87 21 Antalet

171 427 82 28 hästar,
269 434 46 15 som
337 429 34 21 vid
394 430 130 26 truppernas
547 429 146 27 mobilisering
715 428 108 22 erfordras
846 427 84 22 utöfver

169 461 196 29 fredsnumerären,
382 465 24 19 är
420 463 128 27 betydande.
576 464 40 21 Att
630 463 36 22 vid
680 462 250 28 mobiliseringstillfället

171 495 51 28 fylla
238 497 60 21 detta
312 497 65 22 behof
390 497 89 22 medelst
494 497 149 28 upphandling
658 499 24 20 är
697 497 46 22 icke
753 497 79 27 görligt
843 497 23 21 af
876 496 53 22 flera

170 531 53 26 skäl,
247 531 77 22 främst
345 532 49 21 med
417 532 99 22 afseende
532 533 12 20 ä
560 533 40 21 den
619 533 140 26 tidsutdrägt,
781 532 60 21 detta
860 531 68 22 skulle

169 565 103 27 medföra,
289 568 56 20 samt
365 567 26 21 de
411 567 207 27 oproportionerliga
634 566 119 22 kostnader
768 566 36 21 det
820 566 108 21 allmänna

168 598 60 29 iföljd
244 600 23 21 af
280 602 32 20 ett
328 601 77 21 sådant
423 601 171 27 tillvägagäende
608 600 57 28 finge
680 601 125 21 vidkännas.
836 600 42 21 För
894 602 33 19 att

169 634 126 28 möjliggöra
318 642 26 15 en
367 636 108 27 hastigare
499 636 145 27 mobilisering
667 635 38 22 och
721 635 95 21 undvika
832 634 94 28 antydda

168 669 64 21 svåra
254 669 137 27 olägenheter
413 670 64 22 hafva
499 670 71 22 derför
589 671 7 21 i
615 670 53 22 flera
690 670 75 21 länder
785 670 27 21 de
831 668 95 23 enskilde

167 709 92 21 egarene
278 704 23 21 af
320 704 75 22 hästar
414 705 7 21 i
439 705 187 27 lagstiftningsväg
649 704 68 22 blifvit
739 704 130 27 förpligtade
893 705 33 19 att

167 737 33 21 till
216 739 94 21 nämnda
326 739 64 21 behof
403 739 56 22 afstå
474 740 48 21 sina
536 740 82 26 hästar,
635 740 56 20 emot
707 738 142 28 godtgörelse,
861 738 64 21 hvars

166 772 78 28 belopp
261 774 6 20 i
284 773 116 22 allmänhet
415 775 83 20 ansetts
513 774 53 21 böra
582 775 109 20 motsvara
707 774 36 20 det
753 773 7 21 i
771 772 90 22 fredstid
874 779 51 15 van-

165 806 43 27 liga
223 807 75 26 priset.

234 841 11 21 I
260 842 106 27 Ryssland
381 841 93 22 infördes
491 842 139 27 obligatorisk
640 841 126 28 försäljning
777 841 22 21 af
807 841 75 21 hästar
893 841 31 21 till

164 875 108 22 militären
288 876 33 21 för
336 876 123 27 krigsbehof
473 876 66 21 redan
556 877 24 20 år
597 877 60 25 1876,
674 876 38 21 och
729 876 36 21 det
781 882 29 15 nu
825 875 99 28 gällande

165 910 141 27 reglementet
321 911 33 21 för
369 913 131 25 truppernas
516 911 112 21 förseende
643 911 47 21 med
706 910 75 22 hästar
792 910 35 21 vid
839 910 83 22 arméns

163 944 109 22 ställande
286 946 29 26 på
329 945 91 27 krigsfot
436 948 24 19 är
475 945 112 22 utfärdadt
603 946 41 21 den
660 946 12 20 8
688 945 42 27 Maj
749 946 60 20 1884.
841 945 81 21 Genom

163 978 84 28 Nådiga
262 980 143 27 kungörelsen
422 980 21 21 at
458 980 41 21 den
517 981 24 20 17
557 980 62 27 April
637 980 52 21 1889
700 980 39 20 har
750 978 69 22 finska
831 979 90 27 dragon-

163 1015 133 25 regementet
319 1014 85 22 beredts
427 1016 67 26 utväg
517 1016 33 20 att
567 1015 29 26 på
613 1016 67 20 annat
696 1016 45 20 sätt
757 1014 80 21 erhålla
853 1014 68 21 front-

162 1047 76 22 hästar
252 1048 36 22 vid
303 1050 142 26 regementets
461 1049 165 27 uppbringande
642 1049 32 21 till
689 1049 168 27 krigsnumerär,
873 1055 48 15 men

161 1082 51 27 inga
231 1083 107 21 anstalter
353 1086 38 19 äro
407 1084 83 21 härtills
506 1083 91 22 träffade
613 1085 33 19 att
661 1083 126 22 underlätta
803 1083 51 21 eller
868 1084 53 26 möj-

161 1115 83 28 liggöra
263 1117 148 22 anskaffandet
431 1117 23 21 af
467 1117 74 22 hästar
556 1117 33 22 för
605 1119 102 26 trängens
722 1117 66 22 behof
803 1117 33 21 vid
852 1117 69 22 finska

161 1151 132 26 truppernas
316 1151 151 28 mobilisering.
499 1151 169 22 Vidkommande
691 1153 48 20 åter
762 1152 26 21 de
808 1152 6 21 i
829 1151 91 22 Finland

160 1184 98 27 förlagda
274 1186 64 26 ryska
354 1188 120 25 trupperna
489 1186 59 21 skola
565 1187 68 26 dessa,
650 1186 66 27 enligt
726 1186 7 21 i
744 1187 72 20 ämnet
832 1193 28 14 nu
875 1186 44 27 gäl-

159 1219 65 21 lande
234 1219 169 28 bestämningar,
414 1221 34 20 vid
459 1220 128 22 inträffande
599 1221 144 26 mobilisering
754 1220 81 21 erhålla
845 1220 75 21 hästar

159 1253 48 21 från
230 1253 173 28 Petersburgska
425 1255 198 21 militärdistriktet.
654 1255 32 21 En
710 1255 57 26 dylik
791 1255 127 26 anordning,

157 1293 47 16 som
227 1288 83 21 medför
332 1289 120 27 tidsspillan
477 1289 39 21 och
538 1289 100 22 försenad
654 1289 264 27 mobilisationsfärdighet

157 1322 34 21 för
207 1323 26 21 de
248 1323 7 21 i
270 1323 74 22 landet
359 1324 98 27 förlagda
472 1325 64 26 ryska
552 1326 126 25 trupperna,
695 1326 24 19 är
735 1323 118 22 emellertid
869 1323 49 28 föga

157 1357 206 22 tillfredsställande.
387 1371 28 3 —
437 1359 129 27 Betänkliga
588 1359 133 26 svårigheter
743 1357 117 22 förefinnas
884 1359 33 21 så-

157 1391 67 21 lunda
239 1391 33 22 för
288 1393 134 21 närvarande
437 1393 7 21 i
459 1392 61 28 fråga
536 1399 33 15 om
586 1394 123 26 utvägarna
725 1392 38 22 och
779 1392 137 28 möjligheten

157 1425 23 21 af
193 1428 34 19 att
242 1427 36 21 vid
293 1427 128 22 inträffande
437 1428 145 27 mobilisering
598 1427 57 22 förse
670 1429 122 25 trupperna
802 1427 58 21 inom
871 1427 46 21 lan-

156 1459 37 22 det
209 1461 49 21 med
274 1461 36 21 det
325 1461 105 28 behöfliga
446 1461 82 22 antalet
544 1461 81 22 hästar.
