1036 1659
309 101 27 23 U.
351 102 26 21 B.
394 113 27 4 —
437 101 72 27 Prop.
524 101 42 22 N:o
582 101 35 22 26.
789 100 26 22 19

221 158 61 27 järvi
304 158 35 28 sjö
360 158 36 21 till
410 158 103 21 Joensuu
535 158 53 22 eller
611 158 99 22 Värtsilä
728 158 115 26 stationer,

222 192 68 22 måtte
308 193 111 21 anställas
438 199 27 14 en
480 192 72 22 sådan
568 192 135 28 fullständig
718 192 127 22 ekonomisk

223 227 40 21 och
282 226 68 28 deraf
361 227 119 27 föranledd
494 227 160 21 instrumental
668 226 175 28 undersökning,

222 262 33 20 att
272 260 127 22 Ständerna
410 261 39 21 vid
459 262 181 21 nästkommande
653 262 104 27 landtdag
766 261 78 21 kunna

224 295 59 27 fatta
298 296 71 20 beslut
384 302 35 14 om
435 296 91 27 Kajana
542 296 82 21 härads
640 296 39 21 och
688 302 69 14 norra
770 295 72 21 Kare-

224 330 53 26 lens,
306 330 109 21 eventuelt
438 337 70 15 norra
532 330 108 22 Savolaks
662 330 113 28 förseende
796 329 49 21 med

226 364 76 21 vidare
312 364 130 28 jernvägar.
698 374 8 5 -

243 604 336 35 Björneborg—Mäntyluoto
598 606 92 26 banan.

157 674 40 22 Vid
215 674 55 22 1888
286 675 35 21 ärs
336 675 103 27 landtdag
454 675 82 21 fattade
546 675 121 21 Ständerna
677 675 71 21 beslut
758 681 34 15 om
803 675 40 21 den

86 708 173 28 Björneborgska
275 710 127 27 jernvägens
417 709 118 27 byggande,
546 716 48 14 men
609 710 98 21 lemnade
721 710 74 26 frägan
809 716 34 14 om

87 743 48 21 dess
157 743 153 22 utsträckande
332 744 33 20 till
388 744 87 20 stadens
499 744 65 20 hamn
587 744 36 20 vid
646 744 65 21 Räfsö
730 744 113 21 beroende.

86 777 85 27 Frägan
190 778 76 27 ansägs
286 778 26 21 dä
332 780 56 19 ännu
406 778 47 21 icke
469 777 65 22 hafva
548 778 86 21 erhällit
650 778 106 21 önskvärd
771 778 73 21 utred-

86 812 56 27 ning.
173 812 79 21 Mellan
273 812 55 22 1888
347 812 39 22 och
409 812 54 23 1891
484 812 34 22 ärs
534 812 128 28 landtdagar
678 812 167 22 föranstaltades

87 846 118 22 emellertid
214 849 97 19 närmare
319 848 184 26 undersökningar
511 848 19 26 ej
539 848 83 20 mindre
630 848 132 21 beträffande
771 847 74 21 hamn-

86 880 163 23 förhållandena
264 882 7 20 i
287 882 66 21 Räfsö
369 884 27 19 än
413 882 40 21 ock
468 882 33 21 för
510 888 26 15 en
542 882 230 27 järnvägsanläggning
781 882 65 20 emel-

86 916 36 20 lan
138 916 74 21 staden
228 916 40 21 och
284 916 133 28 Mäntyluoto
435 916 70 22 holme
518 916 35 21 vid
564 916 67 22 Räfsö
642 916 71 22 hamn.
735 916 42 21 Vid
790 916 54 21 1891

87 950 40 20 och
144 950 55 22 1894
214 950 34 21 ärs
264 950 127 28 landtdagar
406 950 39 22 har
460 950 163 28 ifrägavarande
642 951 121 21 hamnbana
779 950 66 22 sedan

86 984 7 20 i
115 984 144 27 petitionsväg
282 984 69 22 blifvit
375 985 80 27 dragen
474 985 68 21 under
561 985 130 21 Ständernas
711 984 133 26 behandling

87 1021 52 19 utan
155 1020 32 20 att
202 1018 64 22 likväl
284 1019 73 27 slutlig
371 1019 85 27 lösning
471 1019 7 21 i
493 1019 89 21 ärendet
598 1019 82 21 kunnat
695 1019 82 21 vinnas.

156 1053 42 21 Vid
213 1052 39 22 den
269 1052 59 22 förra
340 1053 23 21 af
373 1053 134 22 sistnämnda
517 1053 129 28 landtdagar
656 1053 82 27 förelåg
749 1059 24 15 en
786 1052 59 22 kost-

87 1088 173 26 nadsberäkning
276 1088 6 20 i
299 1088 93 26 angifvet
409 1088 62 28 syfte,
491 1088 99 21 slutande
609 1088 32 26 sig
658 1088 13 21 å
686 1094 26 15 en
727 1094 83 15 summa
825 1087 23 21 af

88 1122 114 27 1,530,000
216 1122 69 26 mark,
301 1122 78 21 hvaraf
392 1122 33 22 för
441 1122 123 27 byggandet
579 1122 23 22 af
616 1128 26 16 en
652 1122 129 26 hamnmolo,
792 1122 54 20 hvil-

87 1157 42 21 ken
139 1156 28 28 pä
178 1162 81 16 samma
270 1156 57 28 gäng
339 1157 69 21 skulle
419 1163 52 15 vara
482 1157 134 27 vägbrytare,
628 1157 115 21 beräknats
753 1156 95 26 400,000

87 1191 70 26 mark,
173 1191 39 21 och
227 1191 124 21 äterstoden
367 1192 114 26 1,130,000
493 1191 61 22 mark
565 1191 33 21 för
609 1191 122 27 jernvägen.
752 1190 41 22 Vid
805 1190 41 21 den

88 1231 76 15 senare
179 1225 129 27 landtdagen
328 1225 121 21 företeddes
468 1227 31 19 ett
518 1226 128 26 detaljeradt
662 1224 185 28 kostnadsförslag

87 1259 33 21 för
129 1259 246 27 hamnanläggningarna
383 1260 35 21 vid
429 1260 141 27 Mäntyluoto,
578 1259 127 28 uppgäende
712 1260 33 20 till
753 1259 95 25 520,000

88 1294 70 20 mark.
187 1293 75 22 Säsom
286 1293 23 22 af
331 1294 40 21 den
394 1294 80 26 nädiga
492 1294 159 26 propositionen
667 1294 100 26 framgär,
781 1292 67 22 hafva

87 1328 68 21 sedan
175 1330 85 19 senaste
283 1328 104 27 landtdag
405 1328 123 28 ytterligare
543 1328 185 26 undersökningar
743 1327 55 21 bäde
813 1326 34 22 för

84 1362 118 27 jernvägen
221 1362 33 21 till
270 1362 135 27 Mäntyluoto
422 1362 40 22 och
477 1362 245 28 hamnanläggningarna
736 1361 112 22 derstädes

87 1396 70 22 blifvit
172 1396 69 22 under
256 1392 181 32 Öfverstyrelsens
453 1396 33 22 för
501 1398 50 25 väg-
566 1397 40 21 och
620 1396 229 28 vattenbyggnaderna

161 1446 181 24 Jernvägsutskottets
354 1447 111 18 betänkande
477 1447 38 18 N:o
526 1448 16 17 1.
