1039 1659
183 144 14 19 4
405 142 29 22 U.
449 142 27 23 B.
492 155 29 3 —
535 142 74 28 Prop.
626 142 40 23 N:o
682 142 34 22 24.

183 210 25 22 af
221 211 43 22 löst
279 211 52 27 folk,
346 218 44 14 som
406 211 19 28 ej
442 212 40 21 har
496 212 74 27 stadig
580 212 174 27 sysselsättning.
777 212 46 22 Och
833 218 43 15 som
889 228 5 10 ,
895 211 49 27 den

183 246 100 27 ordning,
305 246 87 22 hvilken
415 248 25 20 är
462 246 38 22 sed
522 247 28 26 på
573 246 157 28 landsbygden,
750 246 25 22 af
788 246 86 22 hvilken
890 252 54 16 sam-

183 280 68 22 hället
270 282 65 26 utgör
353 287 26 15 en
395 280 41 28 del,
452 280 48 22 icke
515 287 77 21 passar
606 281 34 21 för
656 281 27 21 de
698 281 76 27 trångt
789 280 99 22 bebodda
902 286 42 16 om-

183 314 104 28 rådena",
311 315 24 21 så
358 315 73 21 kunna
451 315 74 27 dylika
540 315 116 22 konflikter
671 316 48 21 icke
734 315 142 22 förekommas
892 314 52 22 eller

183 349 77 22 ställas
283 349 34 22 till
332 351 59 20 rätta
406 350 55 21 blott
476 350 48 22 med
540 350 58 21 ökad
613 350 137 27 polisstyrka,
767 352 53 20 utan
836 349 108 23 erfordras

184 384 40 21 här
246 383 57 23 efter
326 384 27 21 de
375 384 151 28 egendomliga
545 384 165 23 förhållandena
725 384 7 22 i
748 384 63 22 dessa
826 384 118 22 samhällen

185 418 100 27 lämpade
308 418 176 28 polisordningar.
514 419 45 21 För
579 421 70 25 öppen
664 419 45 27 dag
723 419 72 27 ligger
810 419 39 21 ock
864 420 39 26 att,
919 419 25 21 så

184 452 65 28 länge
273 459 64 21 egare
361 454 51 21 eller
434 453 141 22 innehafvare
596 453 24 22 af
631 454 51 27 jord
697 453 65 22 hafva
778 453 66 22 frihet
858 455 34 20 att
906 453 38 21 vid

185 487 146 27 uppförandet
353 488 26 21 af
398 488 127 28 byggnader
544 488 13 22 å
576 488 67 27 mark,
658 494 46 16 som
720 488 26 22 de
762 494 42 22 ega
819 488 51 22 eller
885 488 59 21 inne-

185 522 72 27 hafva,
274 522 80 22 handla
369 522 57 22 efter
440 525 51 25 eget
506 522 155 28 godtfinnande
677 524 52 20 utan
745 524 34 20 att
794 529 54 15 vara
857 522 88 22 bundna

185 556 25 21 af
227 556 163 22 inskränkande
412 557 167 27 bestämningar,
596 557 27 21 de
638 557 62 22 skola
714 558 47 20 låta
776 557 49 21 leda
840 557 34 27 sig
888 557 56 21 blott

186 590 25 22 af
230 593 51 20 rent
303 592 119 26 pekuniära
444 591 95 22 fördelar
554 592 40 21 och
609 592 47 22 icke
672 594 54 25 taga
741 592 83 27 hänsyn
838 592 33 21 till
887 591 58 22 hvad

186 626 109 21 allmänna
310 626 97 22 sanitära
422 626 106 22 intressen
543 627 39 21 och
597 626 190 28 nödvändigheten
804 626 24 22 af
841 628 33 20 att
889 626 56 22 före-

185 660 86 22 komma
287 660 83 22 eldfara
385 660 35 22 för
435 660 146 28 omgifningen
597 661 85 22 kräfva.
707 661 45 21 Och
768 660 101 28 slutligen
884 660 61 22 skola

185 694 141 28 naturligtvis
349 695 151 27 hamnplatser,
525 696 13 20 å
560 695 75 22 hvilka
658 702 26 14 en
700 695 104 21 talrikare
819 694 126 28 befolkning

185 728 68 28 slagit
275 729 34 27 sig
331 729 48 27 ned,
402 736 54 15 vara
474 730 7 21 i
496 729 66 22 behof
576 730 24 21 af
614 730 48 21 sina
677 730 108 21 särskilda
800 730 58 27 slags
874 729 71 27 politi-

186 764 145 27 stadganden.

255 798 44 21 Det
322 800 25 19 är
367 804 28 16 nu
411 798 62 22 dessa
488 799 39 21 och
543 798 75 28 dylika
633 798 61 22 krafs
710 798 174 28 tillgodoseende,
900 804 44 16 som

186 832 192 28 bestämningarna
393 833 7 21 i
416 835 25 26 $$
457 834 55 20 2—7
529 833 25 22 af
568 833 40 22 den
624 833 83 28 nådiga
722 833 169 27 propositionens
902 833 43 21 för-

186 866 192 29 fattningsförslag
394 868 78 27 äsyfta.
499 868 33 22 De
547 868 110 22 innehälla
672 868 144 27 föreskrifter,
832 868 114 22 huruledes

186 902 138 27 stadganden
347 902 133 22 beträffande
504 902 117 28 ordnings-,
644 902 114 28 bygnads-,
779 902 82 25 brand-,
878 902 68 22 helso-

187 936 72 22 värds-
277 936 39 22 och
332 937 170 21 hamnväsendet
517 937 33 21 för
565 937 118 21 samhällen
699 937 28 27 pä
738 937 148 27 landsbygden
897 936 49 22 med

187 971 179 27 sammanträngd
388 971 126 28 befolkning
532 972 61 21 skola
609 972 168 27 ävägabringas.
807 971 76 27 Enligt
899 971 47 21 dem

186 1005 84 22 komme
293 1006 38 21 det
353 1007 34 20 att
410 1006 50 22 bero
480 1006 25 21 af
520 1006 95 22 Senaten
631 1007 21 26 (8
668 1008 22 24 4)
707 1008 39 24 att,
764 1006 55 22 efter
835 1006 36 21 det
886 1008 61 19 ären-

187 1039 37 22 det
239 1040 119 27 handlagts
375 1040 13 21 ä
403 1040 213 22 kommunalstämma
632 1040 39 22 och
687 1040 66 28 nödig
768 1040 116 27 utredning
900 1040 7 21 i
913 1040 34 21 öf-

186 1073 45 27 rigt
255 1074 121 22 anskaffats
396 1074 22 29 ($
435 1076 28 26 3),
479 1075 119 22 bestämma
615 1082 32 14 om
664 1075 38 21 och
718 1076 8 20 i
740 1075 56 21 hvad
810 1076 50 20 män
875 1074 72 27 politi-

187 1108 138 28 stadganden
341 1108 24 22 af
379 1109 131 27 nyssnämnd
525 1109 148 22 beskaffenhet
689 1109 61 21 skola
766 1109 34 21 för
814 1115 27 15 en
856 1109 44 21 viss
914 1110 34 20 ort

187 1142 108 22 utfärdas.
325 1143 71 21 Sedan
420 1144 90 21 sålunda
534 1144 113 21 faststäldt
666 1143 73 22 blifvit
755 1146 30 19 att
800 1143 75 27 dylika
890 1143 58 21 stad-

187 1177 88 27 ganden
291 1178 61 21 skola
367 1177 34 22 för
416 1184 26 15 en
458 1180 34 20 ort
508 1178 168 28 ävägabringas,
693 1178 73 21 tillhör
782 1178 36 21 det
834 1178 40 21 den
889 1178 59 21 kom-

187 1217 56 21 mun,
268 1212 57 21 inom
348 1212 88 22 hvilken
460 1213 96 21 området
579 1215 25 19 är
626 1212 94 28 beläget,
741 1214 33 19 att
790 1212 13 21 ä
818 1212 130 21 kommunal-

187 1247 92 20 stämma
291 1257 24 4 —
325 1246 57 22 efter
396 1247 38 21 det
448 1248 68 21 saken
532 1247 119 27 uudergätt
666 1247 67 27 nödig
743 1246 119 28 beredning
872 1246 22 29 ($
903 1249 12 19 5
925 1248 21 25 a)

188 1292 27 2 —
238 1279 59 23 fatta
325 1281 69 21 beslut
421 1282 113 27 angäende
557 1282 26 21 de
606 1282 144 27 stadganden,
773 1288 44 14 som
840 1280 33 22 för
895 1287 54 15 sam-

187 1314 69 22 hället
279 1314 7 22 i
309 1314 139 23 omförmäldt
469 1316 102 22 afseende
591 1316 53 21 böra
658 1316 108 26 utfärdas;
784 1322 48 14 men
846 1316 103 26 pröfning

187 1348 40 22 och
242 1348 144 23 fastställelse
401 1350 25 21 af
440 1350 93 22 beslutet
548 1351 114 21 ankomma
678 1351 13 21 &
707 1350 118 27 Guvernör,
842 1356 44 15 som
902 1350 48 21 der-

187 1383 38 22 vid
248 1384 40 21 har
311 1386 46 19 rätt
381 1386 39 25 att,
443 1385 55 21 efter
521 1384 219 28 omständigheterna,
756 1386 54 25 göra
825 1383 124 22 rättelser
935 1379 16 37 i

188 1418 53 22 eller
257 1418 119 22 afvikelser
391 1418 49 22 från
456 1420 99 21 beslutet.
580 1420 114 21 Dessutom
709 1418 91 22 föreslås
816 1420 20 26 ($
853 1421 21 19 5:
891 1418 59 22 b—d

257 1458 209 19 Kommunalutskottets
478 1460 110 18 vetänkande
600 1459 34 18 N:o
648 1460 16 17 6.
