1025 1659
202 126 26 20 10
394 124 84 24 Ständ.
494 124 39 24 Sv.
549 137 27 3 —
592 124 73 28 Prop.
681 124 42 22 N:o
737 124 35 22 31.

173 190 166 28 förordningen
355 190 44 22 den
413 192 29 20 30
456 190 47 28 Maj
523 192 62 23 1896,
602 190 116 28 angående
726 188 207 29 inskränkningar
922 184 15 39 i

173 224 97 28 egande-
293 225 43 21 och
357 224 196 29 nyttjanderätten
568 224 35 22 till
617 224 45 22 fast
677 224 112 28 egendom
803 224 62 21 inom
880 222 53 22 fäst-

174 258 184 30 ningsesplanad.
389 260 78 28 Enligt
486 260 62 21 hvad
563 260 128 21 Ständerna
705 259 110 21 inhemtat
830 262 24 18 är
869 258 64 28 fråga

175 294 43 21 ock
233 301 96 14 numera
343 294 68 22 väckt
426 302 37 14 om
478 294 179 22 föranstaltande
667 294 26 21 af
701 301 28 14 en
737 293 82 21 allmän
827 292 106 22 industri-

173 328 136 29 utställning
323 329 9 21 i
347 329 145 29 Helsingfors
507 329 50 22 före
572 331 117 27 utgången
707 329 26 21 af
744 331 66 19 nästa
824 330 109 26 treårspe-

175 362 57 26 riod,
248 363 95 21 hvilken
357 364 134 28 utställning
506 364 90 21 komme
605 366 32 19 att
645 363 26 22 af
676 363 136 22 statsverket
820 362 112 22 bekostas.

241 397 12 21 I
276 398 162 28 sammanhang
463 398 94 21 härmed
582 406 53 14 anse
661 398 36 28 sig
725 397 127 22 Ständerna
878 396 55 22 böra

176 431 82 26 erinra,
274 432 122 22 huruledes
412 432 69 22 äfven
495 432 40 22 vid
551 432 75 22 denna
636 432 109 28 landtdag
755 432 104 21 beslutna
867 431 66 21 fram-

173 466 135 28 ställningar
331 466 25 22 af
376 467 133 25 Ständerna,
529 467 118 29 angående
665 466 143 29 uppförande
824 466 23 22 af
862 466 71 28 bygg-

173 500 46 22 nad
241 500 37 22 för
301 504 32 18 ett
354 502 173 21 konstmuseum
546 502 43 21 och
605 509 36 14 om
657 501 137 22 subvention
809 501 34 21 till
858 508 28 14 en
901 508 32 21 ny

174 535 111 29 byggnad
306 535 36 22 för
361 535 74 22 finska
449 538 94 23 teatern,
560 536 69 25 skola,
646 536 75 21 därest
736 536 113 21 desamma
864 535 69 21 vinna

174 570 81 28 nådigt
270 570 113 26 afseende,
399 570 103 22 medföra
516 570 130 29 betydande
662 570 133 28 statsutgift.

242 604 85 22 Vidare
343 605 41 21 har
397 605 8 21 i
420 605 260 28 Finansexpeditionens
688 605 77 28 kalkyl
775 605 44 21 den
827 604 58 22 åsikt
900 608 33 17 ut-

174 639 67 21 talats
265 642 32 18 att
316 640 148 21 statsverkets
482 640 135 21 reservfond
632 640 71 21 borde
719 640 54 21 ökas
789 639 90 21 utöfver
895 639 38 21 det

174 673 41 21 vid
231 674 52 21 dess
293 674 128 21 inrättande
429 674 118 22 bestämda
554 674 175 28 maximibelopp
738 674 24 22 af
769 674 46 22 fem
822 673 111 22 millioner

175 708 70 26 mark,
266 708 88 22 hvilket
368 709 71 21 redan
454 712 63 18 snart
532 712 24 18 är
571 709 110 29 uppnådt.
714 709 127 21 Ständerna
855 709 78 21 kunna

175 742 20 28 ej
213 746 69 18 annat
304 746 29 18 än
356 744 50 21 dela
428 744 75 21 denna
521 744 65 25 åsikt,
603 746 53 18 enär
671 743 165 22 reservfonden
851 750 82 14 annars

174 776 50 22 icke
238 778 90 21 komme
344 780 32 19 att
392 779 34 20 stå
440 778 9 21 i
465 778 72 28 skälig
552 778 135 28 proportion
702 778 34 21 till
744 778 44 21 den
797 777 136 28 omfattning

173 812 175 28 statsbudgeten
363 820 94 14 numera
472 812 91 22 företer.

242 846 70 22 Hvad
327 846 102 22 däremot
444 847 142 21 vidkommer
597 846 255 29 undsättningsfonden,
865 853 67 22 synes

175 888 29 14 en
225 880 134 29 ytterligare
382 881 157 29 förstärkning
561 881 25 21 af
607 881 129 21 densamma
752 881 20 28 ej
789 888 54 14 vara
858 881 25 21 af
896 881 37 21 be-

174 915 81 21 hofvet
269 916 111 28 påkallad.
404 916 69 21 Utom
489 916 28 20 de
533 918 34 19 tre
582 915 112 22 millioner
708 916 71 25 mark,
795 916 74 21 denna
877 915 56 21 fond

176 949 71 22 redan
269 950 101 25 innebar,
393 950 74 22 finnas
485 950 36 22 för
537 950 117 22 enahanda
670 950 103 21 ändamål
789 950 144 21 användbara

174 984 29 21 de
225 984 41 22 vid
285 984 190 29 länestyrelserna
490 985 7 21 i
513 985 77 21 landet
605 985 126 21 förvaltade
744 984 130 28 nödhjälps-
890 985 43 21 och

176 1018 256 27 understödsfonderna,
455 1014 104 38 hvilkas.
574 1014 162 38 sammanlagda
758 1019 83 28 belopp
864 1019 69 21 redan

175 1053 80 21 ultimo
271 1054 126 21 December
415 1056 54 19 1895
485 1054 101 29 uppgick
601 1054 34 21 till
650 1054 59 21 Fmk
720 1056 121 23 2,122,714:
850 1056 34 23 49,
891 1054 42 21 till-

174 1094 113 16 sammans
307 1088 87 22 säledes
413 1088 64 22 öfver
493 1088 46 21 fem
553 1088 104 28 miljoner
672 1088 71 25 mark,
759 1088 91 21 hvartill
865 1090 68 26 ytter-

173 1121 71 29 ligare
275 1122 91 22 komma
393 1122 90 29 privata
510 1122 218 22 understödskassor
759 1122 37 22 för
827 1122 106 22 likartadt

173 1156 111 22 ändamäl.
315 1157 52 21 Den
390 1157 36 21 del
442 1157 25 21 af
479 1157 148 21 statsverkets
643 1156 225 29 undsättningsfond,
885 1164 49 14 som

174 1190 36 21 för
232 1191 142 21 närvarande
398 1194 24 18 är
445 1191 93 21 bunden
553 1191 7 21 i
575 1192 133 21 utestäende
730 1191 44 25 län,
794 1191 81 21 varder
891 1191 42 21 ock

173 1224 121 22 efterhand
310 1225 128 29 disponibel
453 1233 83 21 genom
551 1226 196 28 inbetalningarna
762 1227 13 20 &
791 1226 65 21 dessa
872 1225 42 21 län.

426 1341 253 28 Bevillningsmedlen.

242 1398 12 20 I
270 1398 39 21 sitt
331 1398 157 28 underdäniga
507 1406 52 14 svar
578 1398 8 21 i
608 1398 123 28 anledning
746 1398 24 21 af
785 1397 83 29 nådiga
883 1404 50 21 pro-

174 1431 131 28 positionen
331 1432 117 28 angäende
467 1432 295 22 kommunikationsfonden
785 1431 68 22 hafva
869 1431 64 21 Stän-
