1025 1656
467 417 245 37 Reservation

565 502 46 22 IV.

283 553 71 22 Jämte
370 553 38 22 det
422 555 36 28 jag
474 554 93 21 ansluter
583 555 44 28 mig
642 554 32 21 till
690 553 38 22 det
743 553 116 28 uttalande,
871 561 45 14 som
930 554 32 21 in-

210 589 39 29 går
264 590 7 21 i
287 590 116 21 utskottets
426 590 135 21 betänkande
583 590 110 29 angående
716 589 37 22 det
768 591 7 20 i
791 589 77 29 nådiga
884 597 78 22 propo-

211 626 92 21 sitionen
326 626 121 29 föreslagna
463 626 283 30 utskrifningsförfarandet,
762 627 38 20 har
816 627 39 28 jag,
871 627 8 20 i
894 626 68 22 likhet

210 662 50 22 med
283 662 111 27 utskottet,
416 663 89 21 anslutit
526 664 44 28 mig
591 664 33 20 till
640 663 37 22 det
694 664 31 20 uti
741 663 77 29 nådiga
834 663 127 29 propositio-

211 706 52 14 nens
281 700 27 20 38
325 700 12 26 $
354 698 70 22 såsom
442 707 25 13 en
480 699 109 29 möjlighet
600 699 126 29 ifrågasatta
740 699 221 29 kontraktssystemet,

210 742 49 14 men
281 738 71 18 ansett
373 735 59 22 detta
454 735 194 29 kontraktssystem
671 736 51 21 böra
741 737 61 27 göras
819 735 85 21 enklare
921 735 40 21 och

210 770 76 22 lättare
307 771 166 29 genomförbart,
489 774 26 18 än
532 772 111 21 utskottet.
673 772 43 28 Jag
730 772 39 21 har
785 771 88 22 sålunda
889 771 48 21 icke
953 772 7 20 i

210 806 66 29 högre
297 807 59 29 grad,
378 809 27 20 än
429 808 110 26 utskottet,
561 808 148 22 tillbakavisat
730 807 41 22 den
790 807 77 29 nådiga
883 814 77 22 propo-

211 843 98 21 sitionen.

283 878 65 23 Såväl
370 879 105 22 utskottet
497 888 45 13 som
563 880 35 28 jag
620 880 61 28 utgår
697 879 48 22 från
761 879 41 22 den
819 879 142 29 synpunkten,

210 917 32 19 att
265 914 36 22 det
323 917 23 19 är
368 915 163 29 fördelaktigast
553 916 40 21 och
615 916 34 21 för
665 916 51 21 våra
732 915 147 22 förhållanden
895 915 65 22 ända-

209 950 153 29 målsenligast,
384 954 32 19 att
438 952 101 21 kontrakt
560 960 34 13 om
617 952 108 21 aflåtande
744 952 23 20 af
788 954 30 19 ett
833 952 54 21 visst
903 952 57 21 antal

209 986 73 22 hästar
302 987 34 21 för
356 987 131 29 krigsbehof,
504 1002 27 2 —
548 988 66 29 enligt
629 988 42 22 den
689 988 113 28 utredning
817 988 7 20 i
840 988 72 27 saken,
928 990 32 18 ut-

209 1022 82 22 skottet
306 1023 121 27 framställt,
443 1024 63 29 högst
522 1025 63 26 6,600
601 1038 29 2 —
646 1026 108 27 uppgöras
765 1023 50 22 med
825 1023 27 22 de
863 1023 98 23 enskilda

208 1058 146 30 hästegarene.
385 1060 115 22 Utskottet
522 1060 143 22 öfverlemnar
686 1060 60 22 detta
764 1060 23 21 åt
802 1060 158 21 kommunerna.

209 1094 42 29 Jag
273 1102 62 14 anser
357 1096 37 21 det
416 1104 50 14 vara
488 1097 7 20 i
514 1096 41 22 alla
571 1096 117 22 afseenden
705 1096 208 29 ändamålsenligare,
929 1098 31 19 att

208 1130 23 22 åt
252 1132 125 28 regeringen
400 1132 70 21 anslås
492 1132 33 21 för
541 1132 122 22 ändamålet
678 1132 140 28 erforderliga
834 1132 69 21 medel
919 1132 41 21 och

207 1169 32 19 att
261 1168 124 28 regeringen
407 1168 71 22 direkt
494 1168 39 22 och
550 1172 50 18 utan
617 1168 137 22 mellanhand
770 1168 22 21 af
808 1168 152 21 kommunerna

207 1203 62 28 ingår
283 1203 64 22 dessa
363 1204 107 22 kontrakt.

279 1241 44 20 För
344 1243 32 18 att
398 1241 117 22 emellertid
537 1241 72 21 kunna
630 1242 47 20 inse
697 1240 118 22 företrädet
830 1240 23 21 af
867 1240 38 22 det
920 1247 40 14 ena

207 1275 52 21 eller
275 1275 66 22 andra
358 1279 104 26 systemet
477 1279 23 19 är
515 1277 37 22 det
567 1277 23 21 af
606 1277 70 22 nöden
693 1279 32 19 att
740 1276 90 29 jemföra
846 1276 48 22 dem
910 1276 50 22 med

206 1310 126 23 hvarandra.

279 1347 75 29 Enligt
376 1348 41 21 den
440 1349 23 21 af
484 1349 116 21 utskottets
617 1349 111 28 pluralitet
743 1348 117 22 omfattade
876 1349 82 28 åsigten

206 1382 88 23 kräfves
311 1391 26 14 en
354 1384 93 22 särskild
463 1385 40 28 lag,
518 1385 139 28 hvarigenom
673 1384 142 29 väsendtliga,
826 1385 67 21 oftast
903 1391 56 22 myc-

205 1418 37 22 ket
259 1419 74 22 odiösa
349 1419 151 23 arbetsbördor
515 1421 40 21 och
566 1421 65 22 äfven
641 1421 111 28 betydliga
763 1420 116 22 kostnader
889 1420 70 21 skulle

205 1454 113 22 åhvälfvas
341 1455 154 23 kommunerna
516 1456 35 21 för
573 1459 30 19 ett
625 1457 162 26 statsändamål,
809 1464 45 14 som
871 1458 23 19 är
909 1455 50 22 full-

277 1496 208 21 Ekonomiutskottets
500 1498 125 19 betänkande
638 1498 39 19 N:o
691 1499 30 17 15.
