1039 1656
310 149 29 22 U.
355 149 29 22 B.
399 162 28 2 —
443 148 75 29 Prop.
534 149 43 22 N:o
593 148 38 23 27.
849 149 10 20 7

172 214 12 22 I
204 214 48 22 den
270 214 94 29 nådiga
389 214 190 28 propositionen
608 215 28 21 är
655 214 14 22 å
689 221 19 15 s.
729 214 14 22 2
764 214 96 28 antydt,

105 249 35 21 att
165 248 82 22 under
275 248 27 22 år
331 248 67 22 1897
424 255 32 15 en
482 256 34 21 ny
545 248 179 30 aflöningsstat
742 248 119 29 möjligen

104 282 64 23 skall
186 282 80 22 blifva
284 282 39 22 för
342 283 237 29 statsjernvägarna
599 283 126 29 gällande.

172 317 39 22 Då
240 317 82 22 denna
350 317 73 29 fråga
451 318 28 21 är
500 318 119 28 oafgjord
638 318 46 22 och
703 317 98 23 således
820 317 42 22 det

103 351 93 29 belopp
220 351 122 22 hvarmed
362 352 210 29 aflöningsstaten
591 352 51 22 kan
661 352 80 22 varda
760 351 101 29 förhöjd

104 386 68 22 ännu
191 386 54 22 icke
264 386 28 22 är
309 386 134 26 bestämdt,
462 386 47 22 har
528 386 129 22 Utskottet
675 386 7 22 i
701 386 55 22 sina
773 386 89 22 beräk-

103 420 93 29 ningar
214 420 21 29 ej
256 420 97 22 kunnat
372 420 83 22 såsom
474 427 31 16 en
525 420 109 23 särskild
651 420 84 23 faktor
748 422 113 27 upptaga

103 454 109 22 berörda
240 455 141 22 eventuella
410 455 213 29 utgiftsstegring.
660 455 127 23 Utskottet
816 455 47 21 har

104 489 64 22 dock
187 489 55 22 haft
260 489 145 23 densamma
423 490 8 21 i
451 490 63 28 sigte
532 490 84 22 såsom
629 496 31 16 en
673 489 188 23 medverkande

104 524 76 21 orsak
199 524 83 22 därtill
302 524 35 22 att
356 524 216 29 trafikutgifterna
591 524 40 22 för
649 524 50 22 den
719 524 142 22 stundande

103 558 122 28 perioden
252 558 79 22 borde
359 558 127 22 beräknas
514 558 27 22 så
569 558 63 30 högt
659 565 53 15 som
741 558 33 22 70%
837 558 25 22 af

103 592 236 23 bruttoinkomsten.
363 593 59 28 (bet.
442 593 48 22 N:o
509 593 16 22 9
545 593 29 22 A.
595 600 33 15 ss.
649 593 86 28 6—7).

172 627 102 29 Frägan
292 633 40 16 om
352 627 209 29 aflöningsstaten
589 628 212 28 sammanhänger
823 626 40 22 för

104 661 76 29 öfrigt
209 661 56 22 med
284 662 42 22 det
345 662 79 22 redan
442 662 40 22 för
500 662 82 28 några
601 662 29 22 är
648 662 105 22 tillbaka
771 661 91 22 väckta

104 696 121 28 förslaget
244 702 39 16 om
302 698 56 27 nytt
376 696 153 29 reglemente
548 696 46 22 och
611 703 34 22 ny
658 696 153 22 instruktion
823 696 40 21 för

103 730 247 29 jernvägsstyrelsen
388 730 46 22 och
470 731 187 28 jernvägarnas
698 730 163 28 förvaltning.

104 764 78 26 Enär,
208 764 82 22 säsom
309 765 87 26 kändt,
416 765 68 22 olika
504 765 95 29 äsigter
617 765 160 22 beträffande
796 764 67 29 prin-

104 798 101 29 ciperna
216 799 38 21 för
269 799 260 29 jernvägsstyrelsens
543 800 174 28 organisation
731 799 57 22 sökt
799 800 63 28 göra

104 833 39 29 sig
169 833 119 29 gällande
312 834 80 22 under
412 834 86 28 loppet
518 834 25 22 af
562 834 69 22 detta
651 834 106 22 ärendes
776 833 87 23 bered-

104 867 69 29 ning,
202 868 46 21 har
268 868 192 22 Statsutskottet
479 870 82 21 ansett
580 868 39 29 sig
638 868 70 27 böra,
729 868 76 22 äfven
824 868 39 21 för

104 902 38 21 sin
161 902 49 26 del,
229 902 79 22 uttala
328 903 38 29 sig
385 909 39 15 om
446 903 83 22 denna
550 903 192 29 angelägenhet,
763 908 53 16 som
836 902 28 22 är

105 936 25 22 af
157 936 28 22 sä
212 937 126 29 väsentlig
364 937 130 28 betydelse
522 938 57 22 med
607 937 102 29 hänsigt
734 936 71 23 såväl
827 936 37 22 till

105 970 191 23 statsbanornas
326 971 160 29 mängsidiga
516 972 103 28 uppgift
649 972 83 22 säsom
765 971 98 22 landets

104 1004 104 23 främsta
227 1005 332 27 kommunikationsanstalt,
581 1012 53 16 som
653 1006 46 22 ock
717 1006 70 22 hvad
799 1006 65 28 jern-

104 1039 128 28 vägarnas
251 1039 141 23 finansiella
410 1041 106 21 resultat
537 1040 165 22 vidkommer.

173 1073 48 22 Det
248 1074 46 22 har
319 1074 82 22 blifvit
421 1075 94 28 yrkadt
541 1076 36 20 att
599 1074 233 22 beslutanderätten
856 1073 8 22 i

105 1107 48 22 alla
173 1108 111 22 ärenden
302 1109 79 22 borde
400 1109 139 22 tillkomma
559 1109 90 22 endast
661 1108 202 29 förvaltningens

104 1141 63 27 chef,
187 1143 257 28 generaldirektören.
473 1143 88 22 Under
580 1143 163 28 äberopande
763 1143 25 21 af
801 1142 64 22 före-

105 1176 83 22 dömet
215 1177 56 22 frän
290 1177 62 22 flera
372 1177 80 22 andra
470 1178 98 26 länder,
589 1178 46 22 där
653 1176 212 31 jernvägsstyrel-

105 1217 56 15 sens
185 1211 57 22 chef
260 1218 86 16 ensam
372 1212 120 26 besluter,
512 1212 49 22 har
579 1218 59 16 man
659 1211 145 26 framhållit,
829 1212 36 20 att

105 1245 42 22 det
158 1245 47 22 hos
218 1252 41 16 oss
278 1246 113 23 rådande
409 1246 136 29 kollegiala
565 1248 120 27 systemet
705 1246 101 22 arbetar
825 1245 40 22 för

104 1280 75 28 tungt
205 1280 46 22 och
278 1281 126 28 långsamt
428 1281 47 22 och
495 1282 36 21 att
558 1281 43 22 det
623 1281 86 22 därför
733 1281 21 28 ej
775 1279 90 22 vidare

104 1313 79 22 borde
211 1314 124 29 tillämpas
354 1315 7 22 i
380 1321 31 16 en
439 1315 234 29 förvaltningsgren
702 1315 80 22 sådan
811 1320 53 16 som

104 1348 179 29 jernvägarna,
312 1349 103 22 hvarest
434 1349 151 28 skyndsamt
605 1349 140 29 afgörande
764 1348 28 23 så
813 1348 52 22 ofta

105 1383 28 20 är
152 1382 26 22 af
196 1383 82 22 nöden
294 1383 46 22 och
354 1383 118 30 energisk
490 1383 184 23 beslutsamhet
692 1389 62 16 vore
773 1383 35 22 ett
821 1382 44 22 vil-

104 1416 47 22 kor
169 1417 39 22 för
231 1418 222 27 upprätthållande
473 1418 25 22 af
517 1425 32 15 en
568 1417 175 29 affärsmässig
761 1417 104 28 ledning

105 1450 25 22 af
148 1451 202 23 verksamheten.

176 1493 139 18 Statsutskottets
328 1494 111 18 betänkande
454 1497 35 15 N:o
502 1495 12 17 9
526 1495 21 17 B.
