1036 1659
199 140 13 18 2
503 137 39 21 N:o
559 139 33 19 24.

170 205 114 21 införande
308 205 37 21 der
360 205 23 21 af
404 212 25 14 en
455 205 47 21 från
520 206 40 20 den
578 205 109 21 allmänna
698 205 168 27 jurisdiktionen
881 206 46 20 sär-

171 239 62 27 skild,
252 239 117 27 egenartad
384 240 157 27 rättsskipning
560 241 56 20 samt
633 240 121 26 derigenom
770 238 61 28 gifvit
846 239 83 27 upphof

171 273 32 21 till
219 274 197 25 stadskommunen,
435 274 69 21 såsom
520 275 32 20 ett
567 274 47 21 från
630 274 192 21 landskommunen
839 273 88 21 ätskildt

172 307 101 28 begrepp.
304 308 28 21 Ju
354 308 104 26 skarpare
481 307 69 22 under
572 307 98 22 tidernas
692 307 50 27 lopp
763 307 106 22 olikheten
885 307 44 21 blef

172 341 90 22 emellan
285 341 69 22 stads-
378 341 38 22 och
438 341 200 27 landskommunen,
659 342 60 21 desto
735 348 45 15 mer
795 341 132 22 framträdde

172 377 70 20 såsom
259 383 25 14 en
301 375 114 28 öfvergång
430 376 88 21 emellan
531 376 46 21 dem
588 376 58 21 båda
656 376 82 21 sådana
748 377 60 20 orter
818 377 28 26 på
856 375 71 22 lands-

172 410 90 28 bygden,
286 411 70 21 hvilka
380 410 22 21 af
423 417 24 15 en
471 411 51 21 eller
545 417 73 15 annan
640 411 64 20 orsak
720 410 112 22 efterhand
848 409 79 22 erhöllo

172 445 108 21 likartade
295 445 106 22 intressen
418 451 43 16 som
478 445 104 22 städerna
597 445 57 26 eller,
667 451 33 15 om
711 451 49 15 man
771 445 25 22 så
806 445 42 26 vill,
860 445 67 21 andra

172 479 107 22 intressen
303 481 27 20 än
354 480 39 21 den
417 480 133 27 omgifvande
568 480 95 27 nejdens.
694 479 96 22 Sålunda
804 479 69 22 blefvo
888 479 39 21 här

173 514 40 21 och
229 514 38 21 der
282 520 59 15 mera
356 514 75 21 talrikt
446 514 39 21 och
500 516 44 19 tätt
559 513 113 22 befolkade
688 514 59 27 byar,
758 514 97 26 hamnar,
865 513 62 22 fiske-

173 549 62 26 lägen
251 554 19 15 o.
287 555 15 15 s.
319 555 19 15 v.
355 549 67 21 under
445 549 95 22 tidernas
561 549 50 27 lopp
632 549 71 26 dylika
719 548 155 21 mellanlänkar
889 548 38 21 och

173 583 81 21 erhöllo
270 583 69 21 under
354 589 63 15 namn
433 583 23 22 af
469 584 106 27 köpingar
590 589 26 16 en
632 585 90 25 säregen
738 583 153 27 organisation.

242 617 47 22 Den
312 617 119 28 väsentliga
451 618 142 27 anledningen
610 617 32 22 till
658 618 144 27 uppkomsten
818 617 22 22 af
853 617 74 27 köpin-

173 658 68 21 garna
256 658 39 15 var
311 654 32 19 att
358 653 53 20 söka
425 653 7 20 i
448 653 59 21 äldre
526 652 68 21 tiders
609 652 155 27 näringstvång
780 652 39 21 och
834 652 7 21 i
856 651 71 22 behof-

173 688 36 19 vet
231 688 34 19 att
288 687 85 26 lösgöra
395 687 32 27 sig
449 687 46 21 från
515 687 61 21 detta
591 687 73 26 tvång,
680 686 38 21 der
734 686 39 21 den
790 685 138 22 ekonomiska

174 721 150 27 utvecklingen
339 721 55 21 hade
409 722 7 20 i
431 721 65 28 högre
515 721 54 27 grad
584 721 67 27 stigit.
681 721 32 21 De
728 721 97 20 växande
840 719 88 22 krafven

174 756 29 26 på
217 757 72 20 större
304 756 153 21 handelsfrihet
475 755 96 22 försökte
586 762 50 15 man
653 755 105 27 nemligen
774 754 155 22 tillfredsställa

174 790 94 26 dermed,
285 792 33 19 att
333 790 121 22 handlande
464 791 6 20 i
481 791 68 27 några
564 790 75 22 städer
655 790 66 21 tilläts
732 789 57 22 hålla
799 789 130 22 varuneder-

173 824 37 27 lag
224 825 29 27 på
269 825 56 21 vissa
340 825 122 22 landsorter
477 827 55 20 samt
548 825 39 21 der
600 825 52 21 idka
661 824 78 22 handel
750 824 39 21 och
799 823 130 27 varuutbyte

174 859 49 21 med
239 859 110 27 allmogen.
370 859 49 22 Men
435 861 6 20 i
457 860 38 21 och
511 860 48 21 med
575 859 36 22 det
626 859 95 22 rörelsen
738 860 13 20 å
766 858 82 22 sådana
857 857 72 22 lands-

175 894 65 25 orter,
257 894 6 20 i
279 894 140 27 köpingarna,
442 894 44 21 blef
505 893 90 28 lifligare
614 893 38 22 och
671 893 152 27 befolkningen
839 892 37 21 der
891 891 38 22 allt

175 934 45 15 mer
235 928 206 27 sammanträngdes,
457 929 68 21 måste
542 928 61 21 äfven
619 927 106 22 samlifvet
741 927 93 27 gestalta
850 927 31 26 sig
892 932 37 15 an-

175 962 108 22 norlunda
305 964 28 19 än
354 963 34 21 för
410 963 198 27 omkringliggande
631 963 89 20 trakter.
750 961 94 22 Dermed
861 959 68 23 blefvo

175 996 61 21 äfven
260 997 103 21 behofven
387 997 68 22 andra
474 999 27 20 än
516 997 34 21 för
564 997 147 26 landsbygden
728 996 38 21 och
782 995 101 22 närmade
898 995 32 26 sig

175 1030 114 22 efterhand
311 1031 26 22 de
359 1031 68 27 behof,
444 1038 45 15 som
505 1031 64 28 följde
587 1031 121 22 stadslifvet
724 1031 28 21 åt.
783 1030 51 26 Och,
851 1029 27 22 då
892 1029 37 22 kö-

175 1065 90 27 pingens
288 1066 122 27 utveckling
432 1067 49 20 nått
501 1066 39 21 den
560 1065 57 28 höjd,
637 1067 33 20 att
686 1067 61 19 orten
764 1065 78 26 ansågs
857 1064 73 21 kunna

174 1099 59 22 bilda
257 1102 31 19 ett
311 1100 101 22 samhälle
434 1101 33 21 för
490 1101 38 26 sig,
551 1100 121 21 tilldelades
692 1100 124 21 densamma
830 1098 99 27 slutligen

176 1134 183 27 stadsprivilegier
374 1135 48 21 med
438 1134 115 28 åtföljande
568 1136 72 20 större
656 1134 140 27 näringsrätt.

246 1168 73 21 Under
335 1175 66 20 nyare
416 1169 62 26 tider,
495 1168 53 22 efter
564 1169 36 20 det
616 1167 181 28 näringsfriheten
813 1167 76 21 vunnit
899 1167 31 20 in-

175 1203 54 25 steg,
252 1202 115 21 förefinnes
390 1203 45 21 icke
458 1209 58 15 mera
534 1209 82 15 samma
634 1201 120 28 väsentliga
769 1201 115 26 anledning
899 1201 31 20 till

176 1235 111 28 skapande
311 1236 22 21 af
352 1237 113 27 köpingar,
488 1237 105 27 nemligen
616 1236 98 22 behofvet
734 1235 22 22 af
774 1235 102 27 utvidgad
894 1237 37 19 nä-

176 1270 113 27 ringsrätt.
320 1271 102 21 Deremot
437 1272 87 26 qvarstå
541 1271 134 22 fortfarande
689 1270 33 21 för
738 1270 57 21 vissa
810 1271 59 20 orter
883 1269 48 22 med

176 1305 176 28 sammanträngd
367 1305 122 28 befolkning
505 1307 67 26 några
588 1305 189 28 omständigheter,
794 1305 26 21 de
835 1305 37 21 der
887 1305 44 20 vid-

176 1339 119 22 makthålla
309 1340 99 22 behofvet
425 1342 32 20 att
473 1341 68 21 ordna
556 1339 162 23 samhällslifvet
734 1340 38 21 der
782 1339 54 22 efter
847 1345 85 15 normer

176 1374 34 21 för
228 1374 110 26 städerna,
358 1380 47 16 men
424 1375 46 21 icke
484 1375 34 21 för
532 1374 154 27 landsbygden.
717 1374 69 21 Dessa
802 1373 129 26 omständig-

176 1408 62 21 heter
255 1410 46 20 äro:
318 1410 33 19 att
366 1408 57 22 vissa
433 1410 44 20 tätt
486 1408 112 22 befolkade
610 1410 59 20 orter
679 1408 28 27 på
718 1407 74 22 landet
802 1407 47 21 icke
859 1406 73 21 kunna

177 1442 87 22 komma
279 1443 6 20 i
301 1443 128 27 åtnjutande
445 1442 22 22 af
480 1444 31 20 ett
527 1442 85 22 ostördt
628 1442 75 26 samlif,
720 1442 24 21 så
759 1441 65 21 framt
840 1441 36 21 det
886 1440 46 22 icke
