1036 1656
319 142 29 22 U.
364 143 28 22 B.
408 155 28 3 —
450 141 75 30 Prop.
543 142 43 23 N:o
602 143 37 23 27.
827 143 26 21 21

96 208 77 22 tande
188 209 72 27 tages
280 209 35 21 att
333 208 160 29 sänkningen
513 208 25 22 af
555 208 225 30 jernvägstariffen
799 208 55 22 tvif-

96 242 116 22 velsutan
232 242 64 22 skall
314 242 114 22 medföra
447 249 31 15 en
492 243 114 29 stegring
619 242 26 22 af
656 242 72 23 såväl
736 249 118 23 passage-

96 283 88 16 rarnes
204 283 53 15 som
276 276 102 30 godsets
396 277 103 29 mängd.
533 277 54 23 Och
606 277 32 22 då
657 277 43 23 det
718 278 29 21 är
757 277 25 22 af
798 284 56 21 syn-

97 311 81 29 nerlig
205 311 61 29 vigt,
296 312 63 21 samt
386 311 66 22 både
476 311 26 22 af
523 312 182 22 allmänhetens
724 312 46 22 och
788 312 65 28 jern-

97 345 177 29 vägsaffärens
299 346 105 22 intresse
423 346 138 28 påkalladt,
585 347 36 21 att
639 346 173 29 stagnationer
830 346 22 28 ej

97 380 40 22 må
166 380 26 22 af
209 380 147 28 vagnsbrist
374 380 89 26 vållas,
482 382 62 20 utan
563 380 112 22 rörelsen
693 380 33 28 på
746 380 48 22 alla
812 380 42 22 ba-

97 421 48 15 nor
172 414 45 22 och
245 414 7 22 i
280 414 49 22 alla
356 414 126 23 brancher
504 415 40 22 må
563 415 87 22 kunna
669 415 42 22 väl
729 414 123 30 betjenas,

98 448 87 27 borde,
214 448 78 30 enligt
319 448 140 24 Utskottets
487 449 74 29 åsigt,
583 450 37 22 till
644 449 96 29 ökning
762 449 25 22 af
805 449 49 23 den

97 483 95 29 rörliga
219 484 144 22 materielen
386 484 26 22 af
437 484 49 22 alla
504 484 56 29 slag
579 484 80 22 under
679 484 27 22 år
727 484 66 22 1898
814 490 40 16 an-

98 518 98 22 vändas
224 518 140 26 2,000,000
392 518 72 22 mark
492 518 45 22 och
565 518 82 22 under
673 518 137 22 hvartdera
830 518 25 22 af

99 552 61 22 åren
183 552 67 22 1899
272 552 46 22 och
339 552 67 23 1900
417 553 178 26 —1,800,000
604 552 80 22 mark.
712 553 55 22 Den
777 552 78 30 något

99 588 80 21 större
206 587 129 29 ökningen
361 587 65 22 först
446 587 93 23 nämda
561 587 28 22 år
609 587 66 22 afser
694 588 36 21 att
748 587 56 22 med
823 593 31 16 en

99 621 100 23 relativt
218 622 79 21 större
316 622 148 28 vagnspark
483 622 87 22 kunna
588 622 67 22 möta
666 622 188 28 verkningarna

100 655 25 22 af
158 656 114 22 tariffens
302 656 134 29 sänkning.
478 656 63 22 Hela
573 656 218 29 anslagssumman
818 656 36 22 till

99 690 78 29 rörlig
205 690 112 22 materiel
344 690 39 22 för
406 690 49 22 den
475 690 143 23 stundande
636 690 218 30 budgetperioden

99 724 83 22 blefve
202 724 106 22 sålunda
327 725 143 26 5,600,000
488 725 79 22 mark.

169 759 48 22 Vid
240 759 188 29 behandlingen
448 760 26 21 af
492 760 73 22 dessa
584 759 87 29 frågor
689 760 47 21 har
754 759 100 23 Utskot-

99 794 34 21 tet
161 794 21 28 ej
212 793 97 23 kunnat
329 794 86 29 undgå
436 795 36 21 att
489 794 66 22 rikta
574 794 39 22 sin
631 794 224 28 uppmärksamhet

99 827 33 29 på
160 828 42 22 det
228 828 166 26 förhållande,
420 830 36 20 att
483 835 57 15 man
559 828 44 22 vid
623 828 187 29 anläggningen
830 828 25 22 af

99 868 51 22 nya
169 862 136 29 jernvägar
323 863 120 29 vanligen
461 862 55 22 icke
534 864 111 21 utrustat
663 863 55 22 dem
737 862 56 23 med
810 862 45 22 till-

98 897 96 29 räcklig
212 897 78 29 rörlig
307 897 120 23 materiel.
456 897 43 22 Ett
517 897 102 22 slående
638 897 71 22 bevis
728 896 80 29 därpå
819 897 35 26 är,

100 932 35 21 att
153 931 260 29 Björneborgsbanan
432 932 80 22 redan
530 932 81 22 under
629 932 79 22 första
726 932 54 22 året
792 931 63 22 efter

99 966 58 22 dess
178 966 135 28 öppnande
335 966 39 22 för
397 966 76 22 trafik
492 966 128 22 befunnits
639 966 77 22 hafva
735 966 77 22 behof
830 965 26 22 af

99 1001 34 21 ett
160 1000 105 22 tillskott
291 1000 36 23 till
355 1000 39 22 sin
421 1000 95 30 rörliga
543 1000 113 22 materiel
680 1000 38 22 för
740 1000 114 26 600,000

99 1034 79 26 mark,
198 1047 33 2 —
250 1035 80 22 ehuru
349 1035 109 22 trafiken
477 1035 33 28 på
529 1035 84 22 denna
631 1035 67 22 bana
715 1034 139 29 ingalunda

99 1068 141 29 öfverstigit
267 1069 236 29 förväntningarna.
540 1069 59 22 Man
624 1075 75 22 synes
724 1069 43 22 vid
788 1068 67 23 kost-

99 1103 206 29 nadsförslagens
331 1103 168 29 uppgörande
521 1103 7 22 i
551 1103 136 22 allmänhet
704 1103 54 22 icke
776 1103 79 22 hafva

99 1137 50 22 fäst
167 1137 129 29 tillbörligt
318 1138 118 22 afseende
456 1138 98 26 därvid,
567 1139 35 21 att
621 1138 48 22 den
688 1144 50 22 nya
756 1137 99 22 banans

99 1177 98 23 vagnar
225 1172 71 22 skola
323 1173 141 28 tjenstgöra
492 1172 75 22 äfven
589 1172 8 22 i
616 1172 163 22 samtrafiken
798 1171 57 23 med

99 1206 79 21 andra
206 1206 73 29 linjer
307 1207 45 22 och
378 1207 88 22 därför
488 1207 51 22 ofta
557 1206 80 23 måste
655 1206 39 23 för
711 1207 89 28 längre
818 1205 37 23 tid

98 1241 126 28 upptagas
244 1241 25 21 af
286 1241 86 22 färder
390 1241 37 22 till
446 1241 116 29 aflägsna
581 1242 74 21 orter.
687 1235 21 28 Å
728 1241 80 22 andra
825 1240 30 22 si-

99 1274 50 22 dan
176 1274 48 23 blir
252 1275 75 22 äfven
354 1275 32 23 de
414 1275 70 22 äldre
505 1275 129 22 banornas
653 1275 147 29 vagnspark
818 1274 37 22 till

98 1308 63 29 följd
181 1309 25 22 af
224 1316 50 21 nya
292 1309 87 30 linjers
398 1309 121 23 tillkomst
537 1309 87 29 spridd
643 1309 46 22 och
707 1309 103 22 bunden
830 1309 26 22 åt

99 1343 43 22 allt
163 1343 61 22 flere
243 1343 59 22 håll.
339 1344 48 22 Det
405 1344 48 22 har
471 1344 40 22 för
529 1344 77 29 öfrigt
624 1344 66 22 visat
708 1344 38 29 sig
766 1345 35 20 att
818 1344 38 21 ut-

97 1377 150 29 rustningen
272 1378 25 22 af
321 1385 50 22 nya
393 1378 82 23 banor
498 1378 76 22 äfven
592 1378 8 22 i
619 1378 80 23 andra
718 1377 137 23 afseenden

98 1412 66 22 varit
186 1412 78 29 något
285 1412 94 29 knapp.
418 1412 35 23 Så
477 1413 17 23 t.
514 1419 39 15 ex.
572 1412 78 22 hafva
669 1412 43 22 vid
731 1411 123 23 Karelska

98 1445 85 23 banan
206 1447 79 22 redan
307 1447 81 22 under
416 1447 61 22 åren
498 1447 67 22 1896
585 1447 46 22 och
651 1447 67 22 1897
738 1446 118 29 tillbygg-

165 1495 160 18 Statsutskottets
339 1495 120 18 betänkande
472 1495 38 18 N:o
523 1495 12 17 9
547 1495 22 18 A.
