<?xml version="1.0" encoding="UTF-8"?>
<alto xmlns="http://www.loc.gov/standards/alto/ns-v3#" xmlns:xlink="http://www.w3.org/1999/xlink" xmlns:xsi="http://www.w3.org/2001/XMLSchema-instance" xsi:schemaLocation="http://www.loc.gov/standards/alto/ns-v3# http://www.loc.gov/alto/v3/alto-3-0.xsd">
	<Description>
		<MeasurementUnit>pixel</MeasurementUnit>
		<sourceImageInformation>
			<fileName>/tmp/tess_wq9msc87_input.PNG</fileName>
		</sourceImageInformation>
		<OCRProcessing ID="OCR_0">
			<ocrProcessingStep>
				<processingSoftware>
					<softwareName>tesseract 5.3.4</softwareName>
				</processingSoftware>
			</ocrProcessingStep>
		</OCRProcessing>
	</Description>
	<Layout>
		<Page WIDTH="1025" HEIGHT="1659" PHYSICAL_IMG_NR="0" ID="page_0">
			<PrintSpace HPOS="0" VPOS="0" WIDTH="1025" HEIGHT="1659">
				<ComposedBlock ID="cblock_0" HPOS="186" VPOS="146" WIDTH="11" HEIGHT="17">
					<TextBlock ID="block_0" HPOS="186" VPOS="146" WIDTH="11" HEIGHT="17">
						<TextLine ID="line_0" HPOS="186" VPOS="146" WIDTH="11" HEIGHT="17">
							<String ID="string_0" HPOS="186" VPOS="146" WIDTH="11" HEIGHT="17" WC="0.96" CONTENT="4"/>
						</TextLine>
					</TextBlock>
				</ComposedBlock>
				<ComposedBlock ID="cblock_1" HPOS="161" VPOS="203" WIDTH="769" HEIGHT="1207">
					<TextBlock ID="block_1" HPOS="161" VPOS="203" WIDTH="762" HEIGHT="141">
						<TextLine ID="line_1" HPOS="161" VPOS="203" WIDTH="761" HEIGHT="25">
							<String ID="string_1" HPOS="161" VPOS="204" WIDTH="63" HEIGHT="23" WC="0.96" CONTENT="lagar,"/><SP WIDTH="13" VPOS="204" HPOS="224"/>
							<String ID="string_2" HPOS="237" VPOS="205" WIDTH="31" HEIGHT="17" WC="0.96" CONTENT="att"/><SP WIDTH="11" VPOS="205" HPOS="268"/>
							<String ID="string_3" HPOS="279" VPOS="204" WIDTH="80" HEIGHT="18" WC="0.96" CONTENT="landets"/><SP WIDTH="14" VPOS="204" HPOS="359"/>
							<String ID="string_4" HPOS="373" VPOS="204" WIDTH="86" HEIGHT="24" WC="0.96" CONTENT="styrelse"/><SP WIDTH="13" VPOS="204" HPOS="459"/>
							<String ID="string_5" HPOS="472" VPOS="204" WIDTH="52" HEIGHT="19" WC="0.93" CONTENT="skall"/><SP WIDTH="11" VPOS="204" HPOS="524"/>
							<String ID="string_6" HPOS="535" VPOS="204" WIDTH="130" HEIGHT="19" WC="0.91" CONTENT="handhafvas"/><SP WIDTH="13" VPOS="204" HPOS="665"/>
							<String ID="string_7" HPOS="678" VPOS="204" WIDTH="23" HEIGHT="18" WC="0.96" CONTENT="af"/><SP WIDTH="11" VPOS="204" HPOS="701"/>
							<String ID="string_8" HPOS="712" VPOS="204" WIDTH="46" HEIGHT="18" WC="0.96" CONTENT="dess"/><SP WIDTH="13" VPOS="204" HPOS="758"/>
							<String ID="string_9" HPOS="771" VPOS="210" WIDTH="52" HEIGHT="17" WC="0.93" CONTENT="egna"/><SP WIDTH="12" VPOS="210" HPOS="823"/>
							<String ID="string_10" HPOS="835" VPOS="203" WIDTH="87" HEIGHT="18" WC="0.91" CONTENT="ämbets-"/>
						</TextLine>
						<TextLine ID="line_2" HPOS="161" VPOS="232" WIDTH="761" HEIGHT="26">
							<String ID="string_11" HPOS="161" VPOS="236" WIDTH="49" HEIGHT="14" WC="0.96" CONTENT="män"/><SP WIDTH="18" VPOS="236" HPOS="210"/>
							<String ID="string_12" HPOS="228" VPOS="234" WIDTH="54" HEIGHT="17" WC="0.96" CONTENT="samt"/><SP WIDTH="18" VPOS="234" HPOS="282"/>
							<String ID="string_13" HPOS="300" VPOS="235" WIDTH="30" HEIGHT="17" WC="0.93" CONTENT="att"/><SP WIDTH="18" VPOS="235" HPOS="330"/>
							<String ID="string_14" HPOS="348" VPOS="233" WIDTH="193" HEIGHT="19" WC="0.91" CONTENT="statsinkomsterna"/><SP WIDTH="12" VPOS="233" HPOS="541"/>
							<String ID="string_15" HPOS="553" VPOS="234" WIDTH="57" HEIGHT="18" WC="0.93" CONTENT="skola"/><SP WIDTH="13" VPOS="234" HPOS="610"/>
							<String ID="string_16" HPOS="623" VPOS="234" WIDTH="102" HEIGHT="24" WC="0.92" CONTENT="uppbäras"/><SP WIDTH="13" VPOS="234" HPOS="725"/>
							<String ID="string_17" HPOS="738" VPOS="233" WIDTH="32" HEIGHT="18" WC="0.96" CONTENT="för"/><SP WIDTH="12" VPOS="233" HPOS="770"/>
							<String ID="string_18" HPOS="782" VPOS="232" WIDTH="67" HEIGHT="19" WC="0.93" CONTENT="finska"/><SP WIDTH="12" VPOS="232" HPOS="849"/>
							<String ID="string_19" HPOS="861" VPOS="234" WIDTH="61" HEIGHT="18" WC="0.93" CONTENT="stats-"/>
						</TextLine>
						<TextLine ID="line_3" HPOS="161" VPOS="262" WIDTH="762" HEIGHT="24">
							<String ID="string_20" HPOS="161" VPOS="262" WIDTH="87" HEIGHT="18" WC="0.96" CONTENT="kassans"/><SP WIDTH="18" VPOS="262" HPOS="248"/>
							<String ID="string_21" HPOS="266" VPOS="262" WIDTH="93" HEIGHT="24" WC="0.96" CONTENT="räkning."/><SP WIDTH="24" VPOS="262" HPOS="359"/>
							<String ID="string_22" HPOS="383" VPOS="263" WIDTH="12" HEIGHT="17" WC="0.95" CONTENT="I"/><SP WIDTH="17" VPOS="263" HPOS="395"/>
							<String ID="string_23" HPOS="412" VPOS="262" WIDTH="47" HEIGHT="19" WC="0.95" CONTENT="vårt"/><SP WIDTH="11" VPOS="262" HPOS="459"/>
							<String ID="string_24" HPOS="470" VPOS="263" WIDTH="59" HEIGHT="18" WC="0.93" CONTENT="lands"/><SP WIDTH="13" VPOS="263" HPOS="529"/>
							<String ID="string_25" HPOS="542" VPOS="262" WIDTH="157" HEIGHT="23" WC="0.90" CONTENT="statsorganism"/><SP WIDTH="13" VPOS="262" HPOS="699"/>
							<String ID="string_26" HPOS="712" VPOS="265" WIDTH="23" HEIGHT="14" WC="0.92" CONTENT="är"/><SP WIDTH="12" VPOS="265" HPOS="735"/>
							<String ID="string_27" HPOS="747" VPOS="262" WIDTH="138" HEIGHT="18" WC="0.92" CONTENT="tullväsendet"/><SP WIDTH="12" VPOS="262" HPOS="885"/>
							<String ID="string_28" HPOS="897" VPOS="266" WIDTH="26" HEIGHT="13" WC="0.96" CONTENT="en"/>
						</TextLine>
						<TextLine ID="line_4" HPOS="161" VPOS="289" WIDTH="762" HEIGHT="26">
							<String ID="string_29" HPOS="161" VPOS="291" WIDTH="67" HEIGHT="23" WC="0.96" CONTENT="viktig"/><SP WIDTH="18" VPOS="291" HPOS="228"/>
							<String ID="string_30" HPOS="246" VPOS="291" WIDTH="37" HEIGHT="23" WC="0.96" CONTENT="del,"/><SP WIDTH="18" VPOS="291" HPOS="283"/>
							<String ID="string_31" HPOS="301" VPOS="291" WIDTH="63" HEIGHT="18" WC="0.93" CONTENT="hvars"/><SP WIDTH="19" VPOS="291" HPOS="364"/>
							<String ID="string_32" HPOS="383" VPOS="291" WIDTH="100" HEIGHT="24" WC="0.87" CONTENT="skiljande"/><SP WIDTH="18" VPOS="291" HPOS="483"/>
							<String ID="string_33" HPOS="501" VPOS="291" WIDTH="46" HEIGHT="18" WC="0.96" CONTENT="från"/><SP WIDTH="19" VPOS="291" HPOS="547"/>
							<String ID="string_34" HPOS="566" VPOS="291" WIDTH="35" HEIGHT="18" WC="0.96" CONTENT="det"/><SP WIDTH="17" VPOS="291" HPOS="601"/>
							<String ID="string_35" HPOS="618" VPOS="291" WIDTH="45" HEIGHT="19" WC="0.96" CONTENT="hela"/><SP WIDTH="16" VPOS="291" HPOS="663"/>
							<String ID="string_36" HPOS="679" VPOS="291" WIDTH="44" HEIGHT="18" WC="0.96" CONTENT="icke"/><SP WIDTH="18" VPOS="291" HPOS="723"/>
							<String ID="string_37" HPOS="741" VPOS="291" WIDTH="40" HEIGHT="18" WC="0.93" CONTENT="kan"/><SP WIDTH="12" VPOS="291" HPOS="781"/>
							<String ID="string_38" HPOS="793" VPOS="289" WIDTH="92" HEIGHT="24" WC="0.92" CONTENT="försiggå"/><SP WIDTH="12" VPOS="289" HPOS="885"/>
							<String ID="string_39" HPOS="897" VPOS="289" WIDTH="26" HEIGHT="24" WC="0.96" CONTENT="på"/>
						</TextLine>
						<TextLine ID="line_5" HPOS="162" VPOS="320" WIDTH="449" HEIGHT="24">
							<String ID="string_40" HPOS="162" VPOS="322" WIDTH="64" HEIGHT="16" WC="0.95" CONTENT="annat"/><SP WIDTH="12" VPOS="322" HPOS="226"/>
							<String ID="string_41" HPOS="238" VPOS="322" WIDTH="42" HEIGHT="16" WC="0.96" CONTENT="sätt"/><SP WIDTH="12" VPOS="322" HPOS="280"/>
							<String ID="string_42" HPOS="292" VPOS="323" WIDTH="26" HEIGHT="15" WC="0.96" CONTENT="än"/><SP WIDTH="13" VPOS="323" HPOS="318"/>
							<String ID="string_43" HPOS="331" VPOS="320" WIDTH="34" HEIGHT="19" WC="0.96" CONTENT="det"/><SP WIDTH="12" VPOS="320" HPOS="365"/>
							<String ID="string_44" HPOS="377" VPOS="326" WIDTH="44" HEIGHT="13" WC="0.96" CONTENT="som"/><SP WIDTH="12" VPOS="326" HPOS="421"/>
							<String ID="string_45" HPOS="433" VPOS="321" WIDTH="102" HEIGHT="23" WC="0.95" CONTENT="grundlag"/><SP WIDTH="12" VPOS="321" HPOS="535"/>
							<String ID="string_46" HPOS="547" VPOS="323" WIDTH="64" HEIGHT="21" WC="0.95" CONTENT="säger."/>
						</TextLine>
					</TextBlock>
					<TextBlock ID="block_2" HPOS="162" VPOS="347" WIDTH="763" HEIGHT="458">
						<TextLine ID="line_6" HPOS="231" VPOS="347" WIDTH="692" HEIGHT="26">
							<String ID="string_47" HPOS="231" VPOS="349" WIDTH="33" HEIGHT="18" WC="0.96" CONTENT="En"/><SP WIDTH="12" VPOS="349" HPOS="264"/>
							<String ID="string_48" HPOS="276" VPOS="349" WIDTH="131" HEIGHT="24" WC="0.95" CONTENT="synnerligen"/><SP WIDTH="12" VPOS="349" HPOS="407"/>
							<String ID="string_49" HPOS="419" VPOS="351" WIDTH="44" HEIGHT="16" WC="0.96" CONTENT="stor"/><SP WIDTH="11" VPOS="351" HPOS="463"/>
							<String ID="string_50" HPOS="474" VPOS="349" WIDTH="104" HEIGHT="24" WC="0.96" CONTENT="betydelse"/><SP WIDTH="12" VPOS="349" HPOS="578"/>
							<String ID="string_51" HPOS="590" VPOS="349" WIDTH="38" HEIGHT="18" WC="0.93" CONTENT="har"/><SP WIDTH="12" VPOS="349" HPOS="628"/>
							<String ID="string_52" HPOS="640" VPOS="348" WIDTH="113" HEIGHT="24" WC="0.92" CONTENT="tullfrågan"/><SP WIDTH="14" VPOS="348" HPOS="753"/>
							<String ID="string_53" HPOS="767" VPOS="348" WIDTH="98" HEIGHT="24" WC="0.96" CONTENT="därjämte"/><SP WIDTH="12" VPOS="348" HPOS="865"/>
							<String ID="string_54" HPOS="877" VPOS="347" WIDTH="46" HEIGHT="18" WC="0.96" CONTENT="med"/>
						</TextLine>
						<TextLine ID="line_7" HPOS="162" VPOS="376" WIDTH="761" HEIGHT="25">
							<String ID="string_55" HPOS="162" VPOS="377" WIDTH="82" HEIGHT="24" WC="0.95" CONTENT="hänsyn"/><SP WIDTH="19" VPOS="377" HPOS="244"/>
							<String ID="string_56" HPOS="263" VPOS="377" WIDTH="31" HEIGHT="19" WC="0.95" CONTENT="till"/><SP WIDTH="16" VPOS="377" HPOS="294"/>
							<String ID="string_57" HPOS="310" VPOS="377" WIDTH="47" HEIGHT="20" WC="0.96" CONTENT="vårt"/><SP WIDTH="17" VPOS="377" HPOS="357"/>
							<String ID="string_58" HPOS="374" VPOS="378" WIDTH="59" HEIGHT="18" WC="0.96" CONTENT="lands"/><SP WIDTH="18" VPOS="378" HPOS="433"/>
							<String ID="string_59" HPOS="451" VPOS="378" WIDTH="95" HEIGHT="19" WC="0.96" CONTENT="finanser."/><SP WIDTH="24" VPOS="378" HPOS="546"/>
							<String ID="string_60" HPOS="570" VPOS="379" WIDTH="68" HEIGHT="18" WC="0.96" CONTENT="Bland"/><SP WIDTH="14" VPOS="379" HPOS="638"/>
							<String ID="string_61" HPOS="652" VPOS="378" WIDTH="67" HEIGHT="18" WC="0.95" CONTENT="finska"/><SP WIDTH="13" VPOS="378" HPOS="719"/>
							<String ID="string_62" HPOS="732" VPOS="379" WIDTH="79" HEIGHT="16" WC="0.93" CONTENT="statens"/><SP WIDTH="13" VPOS="379" HPOS="811"/>
							<String ID="string_63" HPOS="824" VPOS="376" WIDTH="99" HEIGHT="19" WC="0.91" CONTENT="inkomst-"/>
						</TextLine>
						<TextLine ID="line_8" HPOS="162" VPOS="405" WIDTH="761" HEIGHT="26">
							<String ID="string_64" HPOS="162" VPOS="406" WIDTH="66" HEIGHT="19" WC="0.96" CONTENT="källor"/><SP WIDTH="18" VPOS="406" HPOS="228"/>
							<String ID="string_65" HPOS="246" VPOS="410" WIDTH="34" HEIGHT="15" WC="0.92" CONTENT="äro"/><SP WIDTH="19" VPOS="410" HPOS="280"/>
							<String ID="string_66" HPOS="299" VPOS="407" WIDTH="150" HEIGHT="24" WC="0.91" CONTENT="tullafgifterna"/><SP WIDTH="21" VPOS="407" HPOS="449"/>
							<String ID="string_67" HPOS="470" VPOS="407" WIDTH="24" HEIGHT="18" WC="0.96" CONTENT="de"/><SP WIDTH="18" VPOS="407" HPOS="494"/>
							<String ID="string_68" HPOS="512" VPOS="407" WIDTH="116" HEIGHT="24" WC="0.96" CONTENT="viktigaste,"/><SP WIDTH="14" VPOS="407" HPOS="628"/>
							<String ID="string_69" HPOS="642" VPOS="407" WIDTH="37" HEIGHT="18" WC="0.96" CONTENT="och"/><SP WIDTH="13" VPOS="407" HPOS="679"/>
							<String ID="string_70" HPOS="692" VPOS="407" WIDTH="65" HEIGHT="18" WC="0.93" CONTENT="ehuru"/><SP WIDTH="13" VPOS="407" HPOS="757"/>
							<String ID="string_71" HPOS="770" VPOS="406" WIDTH="103" HEIGHT="19" WC="0.90" CONTENT="tulltaxan"/><SP WIDTH="12" VPOS="406" HPOS="873"/>
							<String ID="string_72" HPOS="885" VPOS="405" WIDTH="38" HEIGHT="18" WC="0.96" CONTENT="här"/>
						</TextLine>
						<TextLine ID="line_9" HPOS="163" VPOS="433" WIDTH="761" HEIGHT="27">
							<String ID="string_73" HPOS="163" VPOS="439" WIDTH="23" HEIGHT="14" WC="0.95" CONTENT="är"/><SP WIDTH="10" VPOS="439" HPOS="186"/>
							<String ID="string_74" HPOS="196" VPOS="435" WIDTH="102" HEIGHT="24" WC="0.95" CONTENT="betydligt"/><SP WIDTH="11" VPOS="435" HPOS="298"/>
							<String ID="string_75" HPOS="309" VPOS="437" WIDTH="56" HEIGHT="22" WC="0.96" CONTENT="lägre"/><SP WIDTH="13" VPOS="437" HPOS="365"/>
							<String ID="string_76" HPOS="378" VPOS="439" WIDTH="26" HEIGHT="15" WC="0.96" CONTENT="än"/><SP WIDTH="12" VPOS="439" HPOS="404"/>
							<String ID="string_77" HPOS="416" VPOS="436" WIDTH="7" HEIGHT="18" WC="0.96" CONTENT="i"/><SP WIDTH="12" VPOS="436" HPOS="423"/>
							<String ID="string_78" HPOS="435" VPOS="436" WIDTH="104" HEIGHT="24" WC="0.96" CONTENT="Ryssland"/><SP WIDTH="12" VPOS="436" HPOS="539"/>
							<String ID="string_79" HPOS="551" VPOS="437" WIDTH="92" HEIGHT="23" WC="0.96" CONTENT="erlägger"/><SP WIDTH="10" VPOS="437" HPOS="643"/>
							<String ID="string_80" HPOS="653" VPOS="437" WIDTH="51" HEIGHT="18" WC="0.96" CONTENT="dock"/><SP WIDTH="8" VPOS="437" HPOS="704"/>
							<String ID="string_81" HPOS="712" VPOS="435" WIDTH="98" HEIGHT="19" WC="0.96" CONTENT="Finlands"/><SP WIDTH="10" VPOS="435" HPOS="810"/>
							<String ID="string_82" HPOS="820" VPOS="435" WIDTH="43" HEIGHT="18" WC="0.96" CONTENT="folk"/><SP WIDTH="9" VPOS="435" HPOS="863"/>
							<String ID="string_83" HPOS="872" VPOS="433" WIDTH="52" HEIGHT="19" WC="0.96" CONTENT="efter"/>
						</TextLine>
						<TextLine ID="line_10" HPOS="162" VPOS="463" WIDTH="762" HEIGHT="26">
							<String ID="string_84" HPOS="162" VPOS="464" WIDTH="134" HEIGHT="19" WC="0.92" CONTENT="hufvudtalet"/><SP WIDTH="18" VPOS="464" HPOS="296"/>
							<String ID="string_85" HPOS="314" VPOS="471" WIDTH="24" HEIGHT="12" WC="0.96" CONTENT="en"/><SP WIDTH="19" VPOS="471" HPOS="338"/>
							<String ID="string_86" HPOS="357" VPOS="465" WIDTH="11" HEIGHT="18" WC="0.92" CONTENT="2"/><SP WIDTH="19" VPOS="465" HPOS="368"/>
							<String ID="string_87" HPOS="387" VPOS="466" WIDTH="11" HEIGHT="17" WC="0.87" CONTENT="å"/><SP WIDTH="11" VPOS="466" HPOS="398"/>
							<String ID="string_88" HPOS="409" VPOS="465" WIDTH="11" HEIGHT="18" WC="0.96" CONTENT="3"/><SP WIDTH="13" VPOS="465" HPOS="420"/>
							<String ID="string_89" HPOS="433" VPOS="465" WIDTH="77" HEIGHT="24" WC="0.96" CONTENT="gånger"/><SP WIDTH="12" VPOS="465" HPOS="510"/>
							<String ID="string_90" HPOS="522" VPOS="467" WIDTH="66" HEIGHT="16" WC="0.96" CONTENT="större"/><SP WIDTH="12" VPOS="467" HPOS="588"/>
							<String ID="string_91" HPOS="600" VPOS="465" WIDTH="56" HEIGHT="18" WC="0.96" CONTENT="skatt"/><SP WIDTH="12" VPOS="465" HPOS="656"/>
							<String ID="string_92" HPOS="668" VPOS="471" WIDTH="73" HEIGHT="18" WC="0.96" CONTENT="genom"/><SP WIDTH="12" VPOS="471" HPOS="741"/>
							<String ID="string_93" HPOS="753" VPOS="464" WIDTH="66" HEIGHT="19" WC="0.96" CONTENT="tullen"/><SP WIDTH="12" VPOS="464" HPOS="819"/>
							<String ID="string_94" HPOS="831" VPOS="467" WIDTH="26" HEIGHT="14" WC="0.96" CONTENT="än"/><SP WIDTH="13" VPOS="467" HPOS="857"/>
							<String ID="string_95" HPOS="870" VPOS="463" WIDTH="54" HEIGHT="18" WC="0.96" CONTENT="hvad"/>
						</TextLine>
						<TextLine ID="line_11" HPOS="163" VPOS="492" WIDTH="761" HEIGHT="25">
							<String ID="string_96" HPOS="163" VPOS="493" WIDTH="59" HEIGHT="18" WC="0.95" CONTENT="fallet"/><SP WIDTH="18" VPOS="493" HPOS="222"/>
							<String ID="string_97" HPOS="240" VPOS="497" WIDTH="23" HEIGHT="14" WC="0.95" CONTENT="är"/><SP WIDTH="11" VPOS="497" HPOS="263"/>
							<String ID="string_98" HPOS="274" VPOS="493" WIDTH="8" HEIGHT="18" WC="0.96" CONTENT="i"/><SP WIDTH="11" VPOS="493" HPOS="282"/>
							<String ID="string_99" HPOS="293" VPOS="493" WIDTH="109" HEIGHT="24" WC="0.96" CONTENT="Ryssland."/><SP WIDTH="25" VPOS="493" HPOS="402"/>
							<String ID="string_100" HPOS="427" VPOS="494" WIDTH="78" HEIGHT="18" WC="0.95" CONTENT="Genom"/><SP WIDTH="12" VPOS="494" HPOS="505"/>
							<String ID="string_101" HPOS="517" VPOS="496" WIDTH="29" HEIGHT="16" WC="0.93" CONTENT="ett"/><SP WIDTH="13" VPOS="496" HPOS="546"/>
							<String ID="string_102" HPOS="559" VPOS="493" WIDTH="175" HEIGHT="19" WC="0.90" CONTENT="sammanslående"/><SP WIDTH="13" VPOS="493" HPOS="734"/>
							<String ID="string_103" HPOS="747" VPOS="493" WIDTH="23" HEIGHT="18" WC="0.96" CONTENT="af"/><SP WIDTH="11" VPOS="493" HPOS="770"/>
							<String ID="string_104" HPOS="781" VPOS="493" WIDTH="24" HEIGHT="18" WC="0.96" CONTENT="de"/><SP WIDTH="12" VPOS="493" HPOS="805"/>
							<String ID="string_105" HPOS="817" VPOS="492" WIDTH="52" HEIGHT="18" WC="0.93" CONTENT="båda"/><SP WIDTH="12" VPOS="492" HPOS="869"/>
							<String ID="string_106" HPOS="881" VPOS="492" WIDTH="43" HEIGHT="18" WC="0.92" CONTENT="lan-"/>
						</TextLine>
						<TextLine ID="line_12" HPOS="164" VPOS="521" WIDTH="761" HEIGHT="26">
							<String ID="string_107" HPOS="164" VPOS="522" WIDTH="49" HEIGHT="18" WC="0.93" CONTENT="dens"/><SP WIDTH="19" VPOS="522" HPOS="213"/>
							<String ID="string_108" HPOS="232" VPOS="522" WIDTH="178" HEIGHT="24" WC="0.91" CONTENT="tullinrättningar"/><SP WIDTH="18" VPOS="522" HPOS="410"/>
							<String ID="string_109" HPOS="428" VPOS="523" WIDTH="100" HEIGHT="24" WC="0.92" CONTENT="uppstode"/><SP WIDTH="18" VPOS="523" HPOS="528"/>
							<String ID="string_110" HPOS="546" VPOS="523" WIDTH="119" HEIGHT="24" WC="0.94" CONTENT="ytterligare"/><SP WIDTH="19" VPOS="523" HPOS="665"/>
							<String ID="string_111" HPOS="684" VPOS="523" WIDTH="39" HEIGHT="18" WC="0.96" CONTENT="den"/><SP WIDTH="18" VPOS="523" HPOS="723"/>
							<String ID="string_112" HPOS="741" VPOS="521" WIDTH="137" HEIGHT="24" WC="0.96" CONTENT="svårigheten,"/><SP WIDTH="17" VPOS="521" HPOS="878"/>
							<String ID="string_113" HPOS="895" VPOS="522" WIDTH="30" HEIGHT="17" WC="0.96" CONTENT="att"/>
						</TextLine>
						<TextLine ID="line_13" HPOS="163" VPOS="549" WIDTH="762" HEIGHT="26">
							<String ID="string_114" HPOS="163" VPOS="550" WIDTH="157" HEIGHT="19" WC="0.91" CONTENT="tullintraderna"/><SP WIDTH="12" VPOS="550" HPOS="320"/>
							<String ID="string_115" HPOS="332" VPOS="550" WIDTH="26" HEIGHT="25" WC="0.96" CONTENT="på"/><SP WIDTH="12" VPOS="550" HPOS="358"/>
							<String ID="string_116" HPOS="370" VPOS="551" WIDTH="63" HEIGHT="24" WC="0.96" CONTENT="något"/><SP WIDTH="12" VPOS="551" HPOS="433"/>
							<String ID="string_117" HPOS="445" VPOS="554" WIDTH="41" HEIGHT="16" WC="0.96" CONTENT="sätt"/><SP WIDTH="12" VPOS="554" HPOS="486"/>
							<String ID="string_118" HPOS="498" VPOS="551" WIDTH="62" HEIGHT="19" WC="0.96" CONTENT="borde"/><SP WIDTH="13" VPOS="551" HPOS="560"/>
							<String ID="string_119" HPOS="573" VPOS="551" WIDTH="89" HEIGHT="19" WC="0.96" CONTENT="fördelas"/><SP WIDTH="13" VPOS="551" HPOS="662"/>
							<String ID="string_120" HPOS="675" VPOS="551" WIDTH="24" HEIGHT="18" WC="0.96" CONTENT="de"/><SP WIDTH="13" VPOS="551" HPOS="699"/>
							<String ID="string_121" HPOS="712" VPOS="551" WIDTH="66" HEIGHT="18" WC="0.93" CONTENT="skilda"/><SP WIDTH="17" VPOS="551" HPOS="778"/>
							<String ID="string_122" HPOS="795" VPOS="549" WIDTH="130" HEIGHT="19" WC="0.91" CONTENT="statsvärken"/>
						</TextLine>
						<TextLine ID="line_14" HPOS="164" VPOS="578" WIDTH="761" HEIGHT="25">
							<String ID="string_123" HPOS="164" VPOS="580" WIDTH="96" HEIGHT="23" WC="0.91" CONTENT="emellan"/><SP WIDTH="-3" VPOS="580" HPOS="260"/>
							<String ID="string_124" HPOS="257" VPOS="574" WIDTH="12" HEIGHT="34" WC="0.91" CONTENT=";"/><SP WIDTH="3" VPOS="574" HPOS="269"/>
							<String ID="string_125" HPOS="272" VPOS="586" WIDTH="46" HEIGHT="13" WC="0.96" CONTENT="men"/><SP WIDTH="13" VPOS="586" HPOS="318"/>
							<String ID="string_126" HPOS="331" VPOS="586" WIDTH="73" HEIGHT="17" WC="0.93" CONTENT="genom"/><SP WIDTH="11" VPOS="586" HPOS="404"/>
							<String ID="string_127" HPOS="415" VPOS="581" WIDTH="150" HEIGHT="18" WC="0.92" CONTENT="inkomsternas"/><SP WIDTH="13" VPOS="581" HPOS="565"/>
							<String ID="string_128" HPOS="578" VPOS="580" WIDTH="118" HEIGHT="23" WC="0.96" CONTENT="fördelning"/><SP WIDTH="10" VPOS="580" HPOS="696"/>
							<String ID="string_129" HPOS="706" VPOS="580" WIDTH="64" HEIGHT="23" WC="0.96" CONTENT="enligt"/><SP WIDTH="9" VPOS="580" HPOS="770"/>
							<String ID="string_130" HPOS="779" VPOS="578" WIDTH="146" HEIGHT="24" WC="0.96" CONTENT="folkmängden"/>
						</TextLine>
						<TextLine ID="line_15" HPOS="164" VPOS="607" WIDTH="761" HEIGHT="26">
							<String ID="string_131" HPOS="164" VPOS="609" WIDTH="65" HEIGHT="18" WC="0.96" CONTENT="skulle"/><SP WIDTH="13" VPOS="609" HPOS="229"/>
							<String ID="string_132" HPOS="242" VPOS="609" WIDTH="98" HEIGHT="18" WC="0.93" CONTENT="Finlands"/><SP WIDTH="13" VPOS="609" HPOS="340"/>
							<String ID="string_133" HPOS="353" VPOS="611" WIDTH="73" HEIGHT="22" WC="0.91" CONTENT="anpart"/><SP WIDTH="11" VPOS="611" HPOS="426"/>
							<String ID="string_134" HPOS="437" VPOS="609" WIDTH="121" HEIGHT="18" WC="0.92" CONTENT="inskränkas"/><SP WIDTH="13" VPOS="609" HPOS="558"/>
							<String ID="string_135" HPOS="571" VPOS="609" WIDTH="32" HEIGHT="18" WC="0.95" CONTENT="till"/><SP WIDTH="13" VPOS="609" HPOS="603"/>
							<String ID="string_136" HPOS="616" VPOS="609" WIDTH="72" HEIGHT="18" WC="0.96" CONTENT="endast"/><SP WIDTH="13" VPOS="609" HPOS="688"/>
							<String ID="string_137" HPOS="701" VPOS="615" WIDTH="25" HEIGHT="12" WC="0.96" CONTENT="en"/><SP WIDTH="8" VPOS="615" HPOS="726"/>
							<String ID="string_138" HPOS="734" VPOS="608" WIDTH="98" HEIGHT="23" WC="0.95" CONTENT="tredjedel"/><SP WIDTH="9" VPOS="608" HPOS="832"/>
							<String ID="string_139" HPOS="841" VPOS="607" WIDTH="23" HEIGHT="18" WC="0.96" CONTENT="af"/><SP WIDTH="6" VPOS="607" HPOS="864"/>
							<String ID="string_140" HPOS="870" VPOS="607" WIDTH="55" HEIGHT="18" WC="0.95" CONTENT="hvad"/>
						</TextLine>
						<TextLine ID="line_16" HPOS="164" VPOS="636" WIDTH="760" HEIGHT="26">
							<String ID="string_141" HPOS="164" VPOS="644" WIDTH="28" HEIGHT="12" WC="0.92" CONTENT="nu"/><SP WIDTH="13" VPOS="644" HPOS="192"/>
							<String ID="string_142" HPOS="205" VPOS="637" WIDTH="91" HEIGHT="25" WC="0.92" CONTENT="inflyter;"/><SP WIDTH="13" VPOS="637" HPOS="296"/>
							<String ID="string_143" HPOS="309" VPOS="638" WIDTH="103" HEIGHT="18" WC="0.96" CONTENT="dessutom"/><SP WIDTH="13" VPOS="638" HPOS="412"/>
							<String ID="string_144" HPOS="425" VPOS="639" WIDTH="40" HEIGHT="17" WC="0.96" CONTENT="kan"/><SP WIDTH="10" VPOS="639" HPOS="465"/>
							<String ID="string_145" HPOS="475" VPOS="639" WIDTH="38" HEIGHT="18" WC="0.96" CONTENT="den"/><SP WIDTH="9" VPOS="639" HPOS="513"/>
							<String ID="string_146" HPOS="522" VPOS="638" WIDTH="131" HEIGHT="19" WC="0.96" CONTENT="ekonomiska"/><SP WIDTH="9" VPOS="638" HPOS="653"/>
							<String ID="string_147" HPOS="662" VPOS="637" WIDTH="145" HEIGHT="24" WC="0.93" CONTENT="utvecklingen"/><SP WIDTH="10" VPOS="637" HPOS="807"/>
							<String ID="string_148" HPOS="817" VPOS="636" WIDTH="107" HEIGHT="19" WC="0.90" CONTENT="framdeles"/>
						</TextLine>
						<TextLine ID="line_17" HPOS="164" VPOS="665" WIDTH="761" HEIGHT="26">
							<String ID="string_149" HPOS="164" VPOS="666" WIDTH="98" HEIGHT="19" WC="0.96" CONTENT="förändra"/><SP WIDTH="12" VPOS="666" HPOS="262"/>
							<String ID="string_150" HPOS="274" VPOS="667" WIDTH="118" HEIGHT="18" WC="0.96" CONTENT="nuvarande"/><SP WIDTH="13" VPOS="667" HPOS="392"/>
							<String ID="string_151" HPOS="405" VPOS="667" WIDTH="141" HEIGHT="18" WC="0.96" CONTENT="förhållanden"/><SP WIDTH="13" VPOS="667" HPOS="546"/>
							<String ID="string_152" HPOS="559" VPOS="667" WIDTH="26" HEIGHT="24" WC="0.93" CONTENT="på"/><SP WIDTH="12" VPOS="667" HPOS="585"/>
							<String ID="string_153" HPOS="597" VPOS="666" WIDTH="140" HEIGHT="23" WC="0.92" CONTENT="oberäkneligt"/><SP WIDTH="13" VPOS="666" HPOS="737"/>
							<String ID="string_154" HPOS="750" VPOS="668" WIDTH="46" HEIGHT="16" WC="0.95" CONTENT="sätt."/><SP WIDTH="22" VPOS="668" HPOS="796"/>
							<String ID="string_155" HPOS="818" VPOS="666" WIDTH="42" HEIGHT="17" WC="0.96" CONTENT="Den"/><SP WIDTH="13" VPOS="666" HPOS="860"/>
							<String ID="string_156" HPOS="873" VPOS="665" WIDTH="52" HEIGHT="18" WC="0.96" CONTENT="enda"/>
						</TextLine>
						<TextLine ID="line_18" HPOS="164" VPOS="693" WIDTH="761" HEIGHT="26">
							<String ID="string_157" HPOS="164" VPOS="695" WIDTH="116" HEIGHT="24" WC="0.96" CONTENT="förnuftiga"/><SP WIDTH="15" VPOS="695" HPOS="280"/>
							<String ID="string_158" HPOS="295" VPOS="696" WIDTH="93" HEIGHT="23" WC="0.95" CONTENT="grunden"/><SP WIDTH="13" VPOS="696" HPOS="388"/>
							<String ID="string_159" HPOS="401" VPOS="699" WIDTH="22" HEIGHT="15" WC="0.96" CONTENT="är"/><SP WIDTH="13" VPOS="699" HPOS="423"/>
							<String ID="string_160" HPOS="436" VPOS="696" WIDTH="44" HEIGHT="23" WC="0.95" CONTENT="den,"/><SP WIDTH="13" VPOS="696" HPOS="480"/>
							<String ID="string_161" HPOS="493" VPOS="698" WIDTH="30" HEIGHT="16" WC="0.96" CONTENT="att"/><SP WIDTH="12" VPOS="698" HPOS="523"/>
							<String ID="string_162" HPOS="535" VPOS="696" WIDTH="101" HEIGHT="18" WC="0.96" CONTENT="hvardera"/><SP WIDTH="12" VPOS="696" HPOS="636"/>
							<String ID="string_163" HPOS="648" VPOS="695" WIDTH="70" HEIGHT="18" WC="0.96" CONTENT="landet"/><SP WIDTH="13" VPOS="695" HPOS="718"/>
							<String ID="string_164" HPOS="731" VPOS="695" WIDTH="32" HEIGHT="18" WC="0.96" CONTENT="får"/><SP WIDTH="12" VPOS="695" HPOS="763"/>
							<String ID="string_165" HPOS="775" VPOS="695" WIDTH="92" HEIGHT="23" WC="0.93" CONTENT="uppbära"/><SP WIDTH="11" VPOS="695" HPOS="867"/>
							<String ID="string_166" HPOS="878" VPOS="693" WIDTH="47" HEIGHT="18" WC="0.92" CONTENT="tull-"/>
						</TextLine>
						<TextLine ID="line_19" HPOS="164" VPOS="722" WIDTH="761" HEIGHT="26">
							<String ID="string_167" HPOS="164" VPOS="723" WIDTH="112" HEIGHT="24" WC="0.91" CONTENT="afgifterna"/><SP WIDTH="18" VPOS="723" HPOS="276"/>
							<String ID="string_168" HPOS="294" VPOS="724" WIDTH="33" HEIGHT="18" WC="0.96" CONTENT="för"/><SP WIDTH="18" VPOS="724" HPOS="327"/>
							<String ID="string_169" HPOS="345" VPOS="725" WIDTH="23" HEIGHT="18" WC="0.96" CONTENT="de"/><SP WIDTH="18" VPOS="725" HPOS="368"/>
							<String ID="string_170" HPOS="386" VPOS="731" WIDTH="65" HEIGHT="17" WC="0.96" CONTENT="varor,"/><SP WIDTH="14" VPOS="731" HPOS="451"/>
							<String ID="string_171" HPOS="465" VPOS="731" WIDTH="44" HEIGHT="12" WC="0.96" CONTENT="som"/><SP WIDTH="12" VPOS="731" HPOS="509"/>
							<String ID="string_172" HPOS="521" VPOS="725" WIDTH="34" HEIGHT="18" WC="0.93" CONTENT="det"/><SP WIDTH="12" VPOS="725" HPOS="555"/>
							<String ID="string_173" HPOS="567" VPOS="725" WIDTH="60" HEIGHT="23" WC="0.90" CONTENT="själft"/><SP WIDTH="12" VPOS="725" HPOS="627"/>
							<String ID="string_174" HPOS="639" VPOS="724" WIDTH="114" HEIGHT="23" WC="0.96" CONTENT="förbrukar,"/><SP WIDTH="12" VPOS="724" HPOS="753"/>
							<String ID="string_175" HPOS="765" VPOS="729" WIDTH="47" HEIGHT="12" WC="0.96" CONTENT="men"/><SP WIDTH="13" VPOS="729" HPOS="812"/>
							<String ID="string_176" HPOS="825" VPOS="729" WIDTH="25" HEIGHT="12" WC="0.96" CONTENT="en"/><SP WIDTH="12" VPOS="729" HPOS="850"/>
							<String ID="string_177" HPOS="862" VPOS="722" WIDTH="63" HEIGHT="18" WC="0.96" CONTENT="sådan"/>
						</TextLine>
						<TextLine ID="line_20" HPOS="164" VPOS="751" WIDTH="761" HEIGHT="26">
							<String ID="string_178" HPOS="164" VPOS="753" WIDTH="45" HEIGHT="18" WC="0.96" CONTENT="klar"/><SP WIDTH="13" VPOS="753" HPOS="209"/>
							<String ID="string_179" HPOS="222" VPOS="753" WIDTH="38" HEIGHT="18" WC="0.96" CONTENT="och"/><SP WIDTH="12" VPOS="753" HPOS="260"/>
							<String ID="string_180" HPOS="272" VPOS="753" WIDTH="66" HEIGHT="23" WC="0.95" CONTENT="skälig"/><SP WIDTH="12" VPOS="753" HPOS="338"/>
							<String ID="string_181" HPOS="350" VPOS="753" WIDTH="82" HEIGHT="24" WC="0.95" CONTENT="lösning"/><SP WIDTH="13" VPOS="753" HPOS="432"/>
							<String ID="string_182" HPOS="445" VPOS="757" WIDTH="22" HEIGHT="14" WC="0.96" CONTENT="är"/><SP WIDTH="12" VPOS="757" HPOS="467"/>
							<String ID="string_183" HPOS="479" VPOS="753" WIDTH="43" HEIGHT="19" WC="0.96" CONTENT="icke"/><SP WIDTH="12" VPOS="753" HPOS="522"/>
							<String ID="string_184" HPOS="534" VPOS="753" WIDTH="76" HEIGHT="24" WC="0.96" CONTENT="möjlig,"/><SP WIDTH="14" VPOS="753" HPOS="610"/>
							<String ID="string_185" HPOS="624" VPOS="759" WIDTH="32" HEIGHT="12" WC="0.96" CONTENT="om"/><SP WIDTH="13" VPOS="759" HPOS="656"/>
							<String ID="string_186" HPOS="669" VPOS="753" WIDTH="44" HEIGHT="18" WC="0.93" CONTENT="icke"/><SP WIDTH="9" VPOS="753" HPOS="713"/>
							<String ID="string_187" HPOS="722" VPOS="752" WIDTH="149" HEIGHT="19" WC="0.92" CONTENT="tullväsendets"/><SP WIDTH="10" VPOS="752" HPOS="871"/>
							<String ID="string_188" HPOS="881" VPOS="751" WIDTH="44" HEIGHT="18" WC="0.92" CONTENT="ord-"/>
						</TextLine>
						<TextLine ID="line_21" HPOS="165" VPOS="780" WIDTH="760" HEIGHT="25">
							<String ID="string_189" HPOS="165" VPOS="781" WIDTH="67" HEIGHT="19" WC="0.95" CONTENT="nande"/><SP WIDTH="9" VPOS="781" HPOS="232"/>
							<String ID="string_190" HPOS="241" VPOS="782" WIDTH="37" HEIGHT="18" WC="0.96" CONTENT="allt"/><SP WIDTH="8" VPOS="782" HPOS="278"/>
							<String ID="string_191" HPOS="286" VPOS="782" WIDTH="103" HEIGHT="23" WC="0.96" CONTENT="framgent"/><SP WIDTH="8" VPOS="782" HPOS="389"/>
							<String ID="string_192" HPOS="397" VPOS="782" WIDTH="72" HEIGHT="18" WC="0.96" CONTENT="förblir"/><SP WIDTH="10" VPOS="782" HPOS="469"/>
							<String ID="string_193" HPOS="479" VPOS="789" WIDTH="25" HEIGHT="12" WC="0.96" CONTENT="en"/><SP WIDTH="8" VPOS="789" HPOS="504"/>
							<String ID="string_194" HPOS="512" VPOS="782" WIDTH="100" HEIGHT="19" WC="0.96" CONTENT="hvardera"/><SP WIDTH="9" VPOS="782" HPOS="612"/>
							<String ID="string_195" HPOS="621" VPOS="782" WIDTH="80" HEIGHT="18" WC="0.96" CONTENT="landets"/><SP WIDTH="10" VPOS="782" HPOS="701"/>
							<String ID="string_196" HPOS="711" VPOS="787" WIDTH="50" HEIGHT="18" WC="0.96" CONTENT="egen"/><SP WIDTH="11" VPOS="787" HPOS="761"/>
							<String ID="string_197" HPOS="772" VPOS="780" WIDTH="153" HEIGHT="24" WC="0.96" CONTENT="angelägenhet."/>
						</TextLine>
					</TextBlock>
					<TextBlock ID="block_3" HPOS="164" VPOS="809" WIDTH="765" HEIGHT="486">
						<TextLine ID="line_22" HPOS="234" VPOS="809" WIDTH="691" HEIGHT="26">
							<String ID="string_198" HPOS="234" VPOS="810" WIDTH="32" HEIGHT="18" WC="0.95" CONTENT="Då"/><SP WIDTH="12" VPOS="810" HPOS="266"/>
							<String ID="string_199" HPOS="278" VPOS="817" WIDTH="41" HEIGHT="18" WC="0.96" CONTENT="nya"/><SP WIDTH="15" VPOS="817" HPOS="319"/>
							<String ID="string_200" HPOS="334" VPOS="811" WIDTH="153" HEIGHT="24" WC="0.93" CONTENT="bestämningar"/><SP WIDTH="12" VPOS="811" HPOS="487"/>
							<String ID="string_201" HPOS="499" VPOS="810" WIDTH="97" HEIGHT="25" WC="0.90" CONTENT="påyrkats"/><SP WIDTH="13" VPOS="810" HPOS="596"/>
							<String ID="string_202" HPOS="609" VPOS="811" WIDTH="7" HEIGHT="17" WC="0.96" CONTENT="i"/><SP WIDTH="12" VPOS="811" HPOS="616"/>
							<String ID="string_203" HPOS="628" VPOS="811" WIDTH="95" HEIGHT="17" WC="0.92" CONTENT="afseende"/><SP WIDTH="13" VPOS="811" HPOS="723"/>
							<String ID="string_204" HPOS="736" VPOS="809" WIDTH="12" HEIGHT="19" WC="0.92" CONTENT="å"/><SP WIDTH="13" VPOS="809" HPOS="748"/>
							<String ID="string_205" HPOS="761" VPOS="809" WIDTH="45" HEIGHT="19" WC="0.93" CONTENT="vårt"/><SP WIDTH="11" VPOS="809" HPOS="806"/>
							<String ID="string_206" HPOS="817" VPOS="809" WIDTH="108" HEIGHT="22" WC="0.92" CONTENT="tullväsen,"/>
						</TextLine>
						<TextLine ID="line_23" HPOS="165" VPOS="839" WIDTH="761" HEIGHT="24">
							<String ID="string_207" HPOS="165" VPOS="839" WIDTH="37" HEIGHT="18" WC="0.96" CONTENT="har"/><SP WIDTH="19" VPOS="839" HPOS="202"/>
							<String ID="string_208" HPOS="221" VPOS="839" WIDTH="68" HEIGHT="19" WC="0.96" CONTENT="såsom"/><SP WIDTH="19" VPOS="839" HPOS="289"/>
							<String ID="string_209" HPOS="308" VPOS="840" WIDTH="60" HEIGHT="18" WC="0.96" CONTENT="orsak"/><SP WIDTH="19" VPOS="840" HPOS="368"/>
							<String ID="string_210" HPOS="387" VPOS="840" WIDTH="68" HEIGHT="18" WC="0.93" CONTENT="städse"/><SP WIDTH="17" VPOS="840" HPOS="455"/>
							<String ID="string_211" HPOS="472" VPOS="840" WIDTH="114" HEIGHT="23" WC="0.92" CONTENT="uppgifvits"/><SP WIDTH="14" VPOS="840" HPOS="586"/>
							<String ID="string_212" HPOS="600" VPOS="839" WIDTH="89" HEIGHT="19" WC="0.92" CONTENT="afsikten"/><SP WIDTH="13" VPOS="839" HPOS="689"/>
							<String ID="string_213" HPOS="702" VPOS="841" WIDTH="31" HEIGHT="16" WC="0.96" CONTENT="att"/><SP WIDTH="12" VPOS="841" HPOS="733"/>
							<String ID="string_214" HPOS="745" VPOS="839" WIDTH="140" HEIGHT="18" WC="0.96" CONTENT="åstadkomma"/><SP WIDTH="12" VPOS="839" HPOS="885"/>
							<String ID="string_215" HPOS="897" VPOS="839" WIDTH="29" HEIGHT="16" WC="0.95" CONTENT="ett"/>
						</TextLine>
						<TextLine ID="line_24" HPOS="165" VPOS="866" WIDTH="760" HEIGHT="27">
							<String ID="string_216" HPOS="165" VPOS="868" WIDTH="101" HEIGHT="24" WC="0.96" CONTENT="enhetligt"/><SP WIDTH="18" VPOS="868" HPOS="266"/>
							<String ID="string_217" HPOS="284" VPOS="869" WIDTH="111" HEIGHT="18" WC="0.93" CONTENT="närmande"/><SP WIDTH="15" VPOS="869" HPOS="395"/>
							<String ID="string_218" HPOS="410" VPOS="869" WIDTH="152" HEIGHT="24" WC="0.91" CONTENT="Kejsaredömet"/><SP WIDTH="12" VPOS="869" HPOS="562"/>
							<String ID="string_219" HPOS="574" VPOS="869" WIDTH="38" HEIGHT="18" WC="0.96" CONTENT="och"/><SP WIDTH="12" VPOS="869" HPOS="612"/>
							<String ID="string_220" HPOS="624" VPOS="868" WIDTH="199" HEIGHT="19" WC="0.96" CONTENT="Storfurstendömet"/><SP WIDTH="12" VPOS="868" HPOS="823"/>
							<String ID="string_221" HPOS="835" VPOS="866" WIDTH="90" HEIGHT="19" WC="0.96" CONTENT="emellan."/>
						</TextLine>
						<TextLine ID="line_25" HPOS="164" VPOS="895" WIDTH="762" HEIGHT="26">
							<String ID="string_222" HPOS="164" VPOS="897" WIDTH="48" HEIGHT="18" WC="0.96" CONTENT="Men"/><SP WIDTH="9" VPOS="897" HPOS="212"/>
							<String ID="string_223" HPOS="221" VPOS="897" WIDTH="56" HEIGHT="18" WC="0.93" CONTENT="hvad"/><SP WIDTH="12" VPOS="897" HPOS="277"/>
							<String ID="string_224" HPOS="289" VPOS="898" WIDTH="134" HEIGHT="23" WC="0.92" CONTENT="varuutbytet"/><SP WIDTH="12" VPOS="898" HPOS="423"/>
							<String ID="string_225" HPOS="435" VPOS="897" WIDTH="100" HEIGHT="24" WC="0.96" CONTENT="beträffar,"/><SP WIDTH="13" VPOS="897" HPOS="535"/>
							<String ID="string_226" HPOS="548" VPOS="897" WIDTH="63" HEIGHT="19" WC="0.96" CONTENT="hafva"/><SP WIDTH="12" VPOS="897" HPOS="611"/>
							<String ID="string_227" HPOS="623" VPOS="897" WIDTH="114" HEIGHT="24" WC="0.96" CONTENT="Rysslands"/><SP WIDTH="12" VPOS="897" HPOS="737"/>
							<String ID="string_228" HPOS="749" VPOS="897" WIDTH="102" HEIGHT="17" WC="0.95" CONTENT="intressen"/><SP WIDTH="12" VPOS="897" HPOS="851"/>
							<String ID="string_229" HPOS="863" VPOS="895" WIDTH="63" HEIGHT="18" WC="0.95" CONTENT="redan"/>
						</TextLine>
						<TextLine ID="line_26" HPOS="166" VPOS="923" WIDTH="761" HEIGHT="26">
							<String ID="string_230" HPOS="166" VPOS="926" WIDTH="76" HEIGHT="18" WC="0.96" CONTENT="vunnit"/><SP WIDTH="12" VPOS="926" HPOS="242"/>
							<String ID="string_231" HPOS="254" VPOS="928" WIDTH="30" HEIGHT="17" WC="0.96" CONTENT="ett"/><SP WIDTH="12" VPOS="928" HPOS="284"/>
							<String ID="string_232" HPOS="296" VPOS="926" WIDTH="73" HEIGHT="19" WC="0.96" CONTENT="sådant"/><SP WIDTH="12" VPOS="926" HPOS="369"/>
							<String ID="string_233" HPOS="381" VPOS="927" WIDTH="119" HEIGHT="22" WC="0.96" CONTENT="beaktande,"/><SP WIDTH="13" VPOS="927" HPOS="500"/>
							<String ID="string_234" HPOS="513" VPOS="929" WIDTH="31" HEIGHT="16" WC="0.96" CONTENT="att"/><SP WIDTH="12" VPOS="929" HPOS="544"/>
							<String ID="string_235" HPOS="556" VPOS="927" WIDTH="45" HEIGHT="18" WC="0.96" CONTENT="dess"/><SP WIDTH="13" VPOS="927" HPOS="601"/>
							<String ID="string_236" HPOS="614" VPOS="926" WIDTH="59" HEIGHT="18" WC="0.96" CONTENT="flesta"/><SP WIDTH="13" VPOS="926" HPOS="673"/>
							<String ID="string_237" HPOS="686" VPOS="932" WIDTH="60" HEIGHT="12" WC="0.96" CONTENT="varor"/><SP WIDTH="12" VPOS="932" HPOS="746"/>
							<String ID="string_238" HPOS="758" VPOS="925" WIDTH="35" HEIGHT="18" WC="0.96" CONTENT="vid"/><SP WIDTH="9" VPOS="925" HPOS="793"/>
							<String ID="string_239" HPOS="802" VPOS="924" WIDTH="85" HEIGHT="19" WC="0.96" CONTENT="införsel"/><SP WIDTH="8" VPOS="924" HPOS="887"/>
							<String ID="string_240" HPOS="895" VPOS="923" WIDTH="32" HEIGHT="18" WC="0.95" CONTENT="till"/>
						</TextLine>
						<TextLine ID="line_27" HPOS="165" VPOS="953" WIDTH="762" HEIGHT="24">
							<String ID="string_241" HPOS="165" VPOS="954" WIDTH="89" HEIGHT="19" WC="0.96" CONTENT="Finland"/><SP WIDTH="12" VPOS="954" HPOS="254"/>
							<String ID="string_242" HPOS="266" VPOS="958" WIDTH="34" HEIGHT="15" WC="0.93" CONTENT="äro"/><SP WIDTH="11" VPOS="958" HPOS="300"/>
							<String ID="string_243" HPOS="311" VPOS="955" WIDTH="84" HEIGHT="22" WC="0.91" CONTENT="tullfria,"/><SP WIDTH="9" VPOS="955" HPOS="395"/>
							<String ID="string_244" HPOS="404" VPOS="955" WIDTH="107" HEIGHT="19" WC="0.96" CONTENT="hvaremot"/><SP WIDTH="9" VPOS="955" HPOS="511"/>
							<String ID="string_245" HPOS="520" VPOS="955" WIDTH="23" HEIGHT="18" WC="0.95" CONTENT="de"/><SP WIDTH="9" VPOS="955" HPOS="543"/>
							<String ID="string_246" HPOS="552" VPOS="955" WIDTH="60" HEIGHT="18" WC="0.96" CONTENT="flesta"/><SP WIDTH="8" VPOS="955" HPOS="612"/>
							<String ID="string_247" HPOS="620" VPOS="955" WIDTH="24" HEIGHT="18" WC="0.96" CONTENT="af"/><SP WIDTH="7" VPOS="955" HPOS="644"/>
							<String ID="string_248" HPOS="651" VPOS="954" WIDTH="46" HEIGHT="19" WC="0.96" CONTENT="vårt"/><SP WIDTH="9" VPOS="954" HPOS="697"/>
							<String ID="string_249" HPOS="706" VPOS="954" WIDTH="59" HEIGHT="18" WC="0.93" CONTENT="lands"/><SP WIDTH="10" VPOS="954" HPOS="765"/>
							<String ID="string_250" HPOS="775" VPOS="953" WIDTH="152" HEIGHT="19" WC="0.91" CONTENT="industrialster"/>
						</TextLine>
						<TextLine ID="line_28" HPOS="167" VPOS="981" WIDTH="760" HEIGHT="26">
							<String ID="string_251" HPOS="167" VPOS="987" WIDTH="34" HEIGHT="15" WC="0.96" CONTENT="äro"/><SP WIDTH="19" VPOS="987" HPOS="201"/>
							<String ID="string_252" HPOS="220" VPOS="983" WIDTH="151" HEIGHT="19" WC="0.95" CONTENT="underkastade"/><SP WIDTH="12" VPOS="983" HPOS="371"/>
							<String ID="string_253" HPOS="383" VPOS="984" WIDTH="44" HEIGHT="22" WC="0.96" CONTENT="tull,"/><SP WIDTH="13" VPOS="984" HPOS="427"/>
							<String ID="string_254" HPOS="440" VPOS="991" WIDTH="32" HEIGHT="11" WC="0.95" CONTENT="om"/><SP WIDTH="13" VPOS="991" HPOS="472"/>
							<String ID="string_255" HPOS="485" VPOS="985" WIDTH="37" HEIGHT="18" WC="0.96" CONTENT="ock"/><SP WIDTH="12" VPOS="985" HPOS="522"/>
							<String ID="string_256" HPOS="534" VPOS="983" WIDTH="64" HEIGHT="24" WC="0.96" CONTENT="några"/><SP WIDTH="12" VPOS="983" HPOS="598"/>
							<String ID="string_257" HPOS="610" VPOS="984" WIDTH="103" HEIGHT="18" WC="0.96" CONTENT="lättnader"/><SP WIDTH="12" VPOS="984" HPOS="713"/>
							<String ID="string_258" HPOS="725" VPOS="987" WIDTH="34" HEIGHT="14" WC="0.96" CONTENT="äro"/><SP WIDTH="14" VPOS="987" HPOS="759"/>
							<String ID="string_259" HPOS="773" VPOS="982" WIDTH="88" HEIGHT="18" WC="0.93" CONTENT="Finland"/><SP WIDTH="12" VPOS="982" HPOS="861"/>
							<String ID="string_260" HPOS="873" VPOS="981" WIDTH="54" HEIGHT="18" WC="0.93" CONTENT="med-"/>
						</TextLine>
						<TextLine ID="line_29" HPOS="167" VPOS="1010" WIDTH="760" HEIGHT="26">
							<String ID="string_261" HPOS="167" VPOS="1012" WIDTH="58" HEIGHT="23" WC="0.91" CONTENT="gifna"/><SP WIDTH="18" VPOS="1012" HPOS="225"/>
							<String ID="string_262" HPOS="243" VPOS="1012" WIDTH="87" HEIGHT="19" WC="0.96" CONTENT="framför"/><SP WIDTH="17" VPOS="1012" HPOS="330"/>
							<String ID="string_263" HPOS="347" VPOS="1013" WIDTH="98" HEIGHT="18" WC="0.95" CONTENT="utlandet."/><SP WIDTH="25" VPOS="1013" HPOS="445"/>
							<String ID="string_264" HPOS="470" VPOS="1013" WIDTH="38" HEIGHT="18" WC="0.95" CONTENT="Om"/><SP WIDTH="18" VPOS="1013" HPOS="508"/>
							<String ID="string_265" HPOS="526" VPOS="1016" WIDTH="26" HEIGHT="15" WC="0.94" CONTENT="än"/><SP WIDTH="12" VPOS="1016" HPOS="552"/>
							<String ID="string_266" HPOS="564" VPOS="1012" WIDTH="122" HEIGHT="24" WC="0.96" CONTENT="fullständig"/><SP WIDTH="13" VPOS="1012" HPOS="686"/>
							<String ID="string_267" HPOS="699" VPOS="1012" WIDTH="61" HEIGHT="18" WC="0.96" CONTENT="enhet"/><SP WIDTH="12" VPOS="1012" HPOS="760"/>
							<String ID="string_268" HPOS="772" VPOS="1011" WIDTH="7" HEIGHT="18" WC="0.93" CONTENT="i"/><SP WIDTH="12" VPOS="1011" HPOS="779"/>
							<String ID="string_269" HPOS="791" VPOS="1010" WIDTH="136" HEIGHT="19" WC="0.91" CONTENT="tullväsendet"/>
						</TextLine>
						<TextLine ID="line_30" HPOS="167" VPOS="1039" WIDTH="760" HEIGHT="26">
							<String ID="string_270" HPOS="167" VPOS="1041" WIDTH="68" HEIGHT="18" WC="0.93" CONTENT="kunde"/><SP WIDTH="13" VPOS="1041" HPOS="235"/>
							<String ID="string_271" HPOS="248" VPOS="1041" WIDTH="153" HEIGHT="24" WC="0.92" CONTENT="åvägabringas,"/><SP WIDTH="13" VPOS="1041" HPOS="401"/>
							<String ID="string_272" HPOS="414" VPOS="1042" WIDTH="68" HEIGHT="18" WC="0.92" CONTENT="blefve"/><SP WIDTH="13" VPOS="1042" HPOS="482"/>
							<String ID="string_273" HPOS="495" VPOS="1042" WIDTH="113" HEIGHT="23" WC="0.96" CONTENT="säkerligen"/><SP WIDTH="14" VPOS="1042" HPOS="608"/>
							<String ID="string_274" HPOS="622" VPOS="1041" WIDTH="101" HEIGHT="18" WC="0.96" CONTENT="särskilda"/><SP WIDTH="9" VPOS="1041" HPOS="723"/>
							<String ID="string_275" HPOS="732" VPOS="1046" WIDTH="65" HEIGHT="16" WC="0.96" CONTENT="varor,"/><SP WIDTH="10" VPOS="1046" HPOS="797"/>
							<String ID="string_276" HPOS="807" VPOS="1039" WIDTH="67" HEIGHT="19" WC="0.93" CONTENT="såsom"/><SP WIDTH="9" VPOS="1039" HPOS="874"/>
							<String ID="string_277" HPOS="883" VPOS="1044" WIDTH="44" HEIGHT="13" WC="0.91" CONTENT="rus-"/>
						</TextLine>
						<TextLine ID="line_31" HPOS="167" VPOS="1068" WIDTH="760" HEIGHT="27">
							<String ID="string_278" HPOS="167" VPOS="1070" WIDTH="91" HEIGHT="24" WC="0.96" CONTENT="drycker,"/><SP WIDTH="19" VPOS="1070" HPOS="258"/>
							<String ID="string_279" HPOS="277" VPOS="1071" WIDTH="68" HEIGHT="19" WC="0.96" CONTENT="tobak,"/><SP WIDTH="18" VPOS="1071" HPOS="345"/>
							<String ID="string_280" HPOS="363" VPOS="1071" WIDTH="76" HEIGHT="23" WC="0.96" CONTENT="socker,"/><SP WIDTH="19" VPOS="1071" HPOS="439"/>
							<String ID="string_281" HPOS="458" VPOS="1071" WIDTH="95" HEIGHT="24" WC="0.96" CONTENT="spelkort,"/><SP WIDTH="13" VPOS="1071" HPOS="553"/>
							<String ID="string_282" HPOS="566" VPOS="1071" WIDTH="28" HEIGHT="18" WC="0.96" CONTENT="alt"/><SP WIDTH="13" VPOS="1071" HPOS="594"/>
							<String ID="string_283" HPOS="607" VPOS="1070" WIDTH="104" HEIGHT="23" WC="0.96" CONTENT="framgent"/><SP WIDTH="12" VPOS="1070" HPOS="711"/>
							<String ID="string_284" HPOS="723" VPOS="1068" WIDTH="150" HEIGHT="19" WC="0.93" CONTENT="underkastade"/><SP WIDTH="13" VPOS="1068" HPOS="873"/>
							<String ID="string_285" HPOS="886" VPOS="1071" WIDTH="41" HEIGHT="14" WC="0.92" CONTENT="sär-"/>
						</TextLine>
						<TextLine ID="line_32" HPOS="167" VPOS="1096" WIDTH="761" HEIGHT="27">
							<String ID="string_286" HPOS="167" VPOS="1099" WIDTH="67" HEIGHT="18" WC="0.96" CONTENT="skilda"/><SP WIDTH="12" VPOS="1099" HPOS="234"/>
							<String ID="string_287" HPOS="246" VPOS="1099" WIDTH="158" HEIGHT="24" WC="0.96" CONTENT="bestämningar,"/><SP WIDTH="14" VPOS="1099" HPOS="404"/>
							<String ID="string_288" HPOS="418" VPOS="1099" WIDTH="83" HEIGHT="18" WC="0.93" CONTENT="emedan"/><SP WIDTH="13" VPOS="1099" HPOS="501"/>
							<String ID="string_289" HPOS="514" VPOS="1099" WIDTH="11" HEIGHT="18" WC="0.92" CONTENT="å"/><SP WIDTH="13" VPOS="1099" HPOS="525"/>
							<String ID="string_290" HPOS="538" VPOS="1105" WIDTH="37" HEIGHT="12" WC="0.96" CONTENT="ena"/><SP WIDTH="13" VPOS="1105" HPOS="575"/>
							<String ID="string_291" HPOS="588" VPOS="1099" WIDTH="59" HEIGHT="18" WC="0.93" CONTENT="sidan"/><SP WIDTH="11" VPOS="1099" HPOS="647"/>
							<String ID="string_292" HPOS="658" VPOS="1097" WIDTH="171" HEIGHT="23" WC="0.91" CONTENT="finansbehofvet,"/><SP WIDTH="14" VPOS="1097" HPOS="829"/>
							<String ID="string_293" HPOS="843" VPOS="1096" WIDTH="12" HEIGHT="18" WC="0.92" CONTENT="å"/><SP WIDTH="9" VPOS="1096" HPOS="855"/>
							<String ID="string_294" HPOS="864" VPOS="1096" WIDTH="64" HEIGHT="18" WC="0.96" CONTENT="andra"/>
						</TextLine>
						<TextLine ID="line_33" HPOS="168" VPOS="1125" WIDTH="759" HEIGHT="26">
							<String ID="string_295" HPOS="168" VPOS="1128" WIDTH="59" HEIGHT="17" WC="0.96" CONTENT="sidan"/><SP WIDTH="19" VPOS="1128" HPOS="227"/>
							<String ID="string_296" HPOS="246" VPOS="1128" WIDTH="74" HEIGHT="18" WC="0.96" CONTENT="folkets"/><SP WIDTH="18" VPOS="1128" HPOS="320"/>
							<String ID="string_297" HPOS="338" VPOS="1127" WIDTH="27" HEIGHT="24" WC="0.96" CONTENT="på"/><SP WIDTH="17" VPOS="1127" HPOS="365"/>
							<String ID="string_298" HPOS="382" VPOS="1128" WIDTH="36" HEIGHT="18" WC="0.96" CONTENT="sed"/><SP WIDTH="19" VPOS="1128" HPOS="418"/>
							<String ID="string_299" HPOS="437" VPOS="1129" WIDTH="37" HEIGHT="17" WC="0.96" CONTENT="och"/><SP WIDTH="16" VPOS="1129" HPOS="474"/>
							<String ID="string_300" HPOS="490" VPOS="1134" WIDTH="53" HEIGHT="13" WC="0.96" CONTENT="vana"/><SP WIDTH="13" VPOS="1134" HPOS="543"/>
							<String ID="string_301" HPOS="556" VPOS="1128" WIDTH="104" HEIGHT="23" WC="0.93" CONTENT="grundade"/><SP WIDTH="14" VPOS="1128" HPOS="660"/>
							<String ID="string_302" HPOS="674" VPOS="1127" WIDTH="63" HEIGHT="18" WC="0.91" CONTENT="behof"/><SP WIDTH="10" VPOS="1127" HPOS="737"/>
							<String ID="string_303" HPOS="747" VPOS="1126" WIDTH="70" HEIGHT="18" WC="0.96" CONTENT="fordra"/><SP WIDTH="13" VPOS="1126" HPOS="817"/>
							<String ID="string_304" HPOS="830" VPOS="1125" WIDTH="53" HEIGHT="18" WC="0.93" CONTENT="olika"/><SP WIDTH="12" VPOS="1125" HPOS="883"/>
							<String ID="string_305" HPOS="895" VPOS="1125" WIDTH="32" HEIGHT="18" WC="0.91" CONTENT="be-"/>
						</TextLine>
						<TextLine ID="line_34" HPOS="168" VPOS="1152" WIDTH="760" HEIGHT="29">
							<String ID="string_306" HPOS="168" VPOS="1157" WIDTH="127" HEIGHT="18" WC="0.92" CONTENT="stämmelser"/><SP WIDTH="12" VPOS="1157" HPOS="295"/>
							<String ID="string_307" HPOS="307" VPOS="1157" WIDTH="7" HEIGHT="17" WC="0.97" CONTENT="i"/><SP WIDTH="12" VPOS="1157" HPOS="314"/>
							<String ID="string_308" HPOS="326" VPOS="1157" WIDTH="104" HEIGHT="24" WC="0.96" CONTENT="Ryssland"/><SP WIDTH="13" VPOS="1157" HPOS="430"/>
							<String ID="string_309" HPOS="443" VPOS="1157" WIDTH="37" HEIGHT="18" WC="0.96" CONTENT="och"/><SP WIDTH="13" VPOS="1157" HPOS="480"/>
							<String ID="string_310" HPOS="493" VPOS="1157" WIDTH="92" HEIGHT="18" WC="0.95" CONTENT="Finland."/><SP WIDTH="22" VPOS="1157" HPOS="585"/>
							<String ID="string_311" HPOS="607" VPOS="1152" WIDTH="68" HEIGHT="23" WC="0.96" CONTENT="Äfven"/><SP WIDTH="13" VPOS="1152" HPOS="675"/>
							<String ID="string_312" HPOS="688" VPOS="1156" WIDTH="7" HEIGHT="17" WC="0.96" CONTENT="i"/><SP WIDTH="10" VPOS="1156" HPOS="695"/>
							<String ID="string_313" HPOS="705" VPOS="1156" WIDTH="56" HEIGHT="18" WC="0.96" CONTENT="detta"/><SP WIDTH="10" VPOS="1156" HPOS="761"/>
							<String ID="string_314" HPOS="771" VPOS="1154" WIDTH="95" HEIGHT="19" WC="0.93" CONTENT="afseende"/><SP WIDTH="10" VPOS="1154" HPOS="866"/>
							<String ID="string_315" HPOS="876" VPOS="1153" WIDTH="52" HEIGHT="18" WC="0.92" CONTENT="före-"/>
						</TextLine>
						<TextLine ID="line_35" HPOS="168" VPOS="1182" WIDTH="760" HEIGHT="26">
							<String ID="string_316" HPOS="168" VPOS="1185" WIDTH="66" HEIGHT="19" WC="0.96" CONTENT="finnes"/><SP WIDTH="20" VPOS="1185" HPOS="234"/>
							<String ID="string_317" HPOS="254" VPOS="1191" WIDTH="25" HEIGHT="12" WC="0.96" CONTENT="en"/><SP WIDTH="18" VPOS="1191" HPOS="279"/>
							<String ID="string_318" HPOS="297" VPOS="1185" WIDTH="82" HEIGHT="23" WC="0.96" CONTENT="olikhet,"/><SP WIDTH="18" VPOS="1185" HPOS="379"/>
							<String ID="string_319" HPOS="397" VPOS="1191" WIDTH="45" HEIGHT="13" WC="0.96" CONTENT="som"/><SP WIDTH="17" VPOS="1191" HPOS="442"/>
							<String ID="string_320" HPOS="459" VPOS="1185" WIDTH="44" HEIGHT="19" WC="0.96" CONTENT="icke"/><SP WIDTH="17" VPOS="1185" HPOS="503"/>
							<String ID="string_321" HPOS="520" VPOS="1186" WIDTH="41" HEIGHT="17" WC="0.96" CONTENT="kan"/><SP WIDTH="18" VPOS="1186" HPOS="561"/>
							<String ID="string_322" HPOS="579" VPOS="1185" WIDTH="43" HEIGHT="18" WC="0.96" CONTENT="helt"/><SP WIDTH="16" VPOS="1185" HPOS="622"/>
							<String ID="string_323" HPOS="638" VPOS="1185" WIDTH="38" HEIGHT="18" WC="0.96" CONTENT="och"/><SP WIDTH="12" VPOS="1185" HPOS="676"/>
							<String ID="string_324" HPOS="688" VPOS="1183" WIDTH="63" HEIGHT="19" WC="0.93" CONTENT="hållet"/><SP WIDTH="13" VPOS="1183" HPOS="751"/>
							<String ID="string_325" HPOS="764" VPOS="1183" WIDTH="108" HEIGHT="24" WC="0.86" CONTENT="aflägsnas."/><SP WIDTH="24" VPOS="1183" HPOS="872"/>
							<String ID="string_326" HPOS="896" VPOS="1182" WIDTH="32" HEIGHT="18" WC="0.96" CONTENT="En"/>
						</TextLine>
						<TextLine ID="line_36" HPOS="168" VPOS="1211" WIDTH="761" HEIGHT="26">
							<String ID="string_327" HPOS="168" VPOS="1214" WIDTH="219" HEIGHT="23" WC="0.91" CONTENT="öfverensstämmelse,"/><SP WIDTH="13" VPOS="1214" HPOS="387"/>
							<String ID="string_328" HPOS="400" VPOS="1220" WIDTH="44" HEIGHT="12" WC="0.96" CONTENT="som"/><SP WIDTH="13" VPOS="1220" HPOS="444"/>
							<String ID="string_329" HPOS="457" VPOS="1215" WIDTH="40" HEIGHT="17" WC="0.93" CONTENT="kan"/><SP WIDTH="12" VPOS="1215" HPOS="497"/>
							<String ID="string_330" HPOS="509" VPOS="1214" WIDTH="147" HEIGHT="23" WC="0.92" CONTENT="åvägabringas"/><SP WIDTH="13" VPOS="1214" HPOS="656"/>
							<String ID="string_331" HPOS="669" VPOS="1216" WIDTH="51" HEIGHT="15" WC="0.96" CONTENT="utan"/><SP WIDTH="13" VPOS="1216" HPOS="720"/>
							<String ID="string_332" HPOS="733" VPOS="1211" WIDTH="116" HEIGHT="24" WC="0.96" CONTENT="kränkning"/><SP WIDTH="12" VPOS="1211" HPOS="849"/>
							<String ID="string_333" HPOS="861" VPOS="1211" WIDTH="24" HEIGHT="17" WC="0.96" CONTENT="af"/><SP WIDTH="10" VPOS="1211" HPOS="885"/>
							<String ID="string_334" HPOS="895" VPOS="1211" WIDTH="34" HEIGHT="17" WC="0.96" CONTENT="det"/>
						</TextLine>
						<TextLine ID="line_37" HPOS="168" VPOS="1239" WIDTH="760" HEIGHT="26">
							<String ID="string_335" HPOS="168" VPOS="1248" WIDTH="39" HEIGHT="13" WC="0.96" CONTENT="ena"/><SP WIDTH="12" VPOS="1248" HPOS="207"/>
							<String ID="string_336" HPOS="219" VPOS="1243" WIDTH="49" HEIGHT="18" WC="0.96" CONTENT="eller"/><SP WIDTH="12" VPOS="1243" HPOS="268"/>
							<String ID="string_337" HPOS="280" VPOS="1243" WIDTH="64" HEIGHT="18" WC="0.96" CONTENT="andra"/><SP WIDTH="12" VPOS="1243" HPOS="344"/>
							<String ID="string_338" HPOS="356" VPOS="1243" WIDTH="80" HEIGHT="18" WC="0.96" CONTENT="landets"/><SP WIDTH="12" VPOS="1243" HPOS="436"/>
							<String ID="string_339" HPOS="448" VPOS="1243" WIDTH="102" HEIGHT="18" WC="0.96" CONTENT="intressen"/><SP WIDTH="12" VPOS="1243" HPOS="550"/>
							<String ID="string_340" HPOS="562" VPOS="1243" WIDTH="38" HEIGHT="18" WC="0.96" CONTENT="och"/><SP WIDTH="11" VPOS="1243" HPOS="600"/>
							<String ID="string_341" HPOS="611" VPOS="1242" WIDTH="127" HEIGHT="23" WC="0.96" CONTENT="rättigheter,"/><SP WIDTH="13" VPOS="1242" HPOS="738"/>
							<String ID="string_342" HPOS="751" VPOS="1241" WIDTH="36" HEIGHT="19" WC="0.96" CONTENT="vill"/><SP WIDTH="9" VPOS="1241" HPOS="787"/>
							<String ID="string_343" HPOS="796" VPOS="1239" WIDTH="132" HEIGHT="24" WC="0.96" CONTENT="naturligtvis"/>
						</TextLine>
						<TextLine ID="line_38" HPOS="168" VPOS="1271" WIDTH="221" HEIGHT="24">
							<String ID="string_344" HPOS="168" VPOS="1271" WIDTH="63" HEIGHT="24" WC="0.96" CONTENT="ingen"/><SP WIDTH="11" VPOS="1271" HPOS="231"/>
							<String ID="string_345" HPOS="242" VPOS="1273" WIDTH="99" HEIGHT="16" WC="0.96" CONTENT="motsätta"/><SP WIDTH="12" VPOS="1273" HPOS="341"/>
							<String ID="string_346" HPOS="353" VPOS="1271" WIDTH="36" HEIGHT="24" WC="0.96" CONTENT="sig."/>
						</TextLine>
					</TextBlock>
					<TextBlock ID="block_4" HPOS="168" VPOS="1296" WIDTH="762" HEIGHT="114">
						<TextLine ID="line_39" HPOS="237" VPOS="1296" WIDTH="692" HEIGHT="28">
							<String ID="string_347" HPOS="237" VPOS="1300" WIDTH="31" HEIGHT="18" WC="0.96" CONTENT="På"/><SP WIDTH="18" VPOS="1300" HPOS="268"/>
							<String ID="string_348" HPOS="286" VPOS="1301" WIDTH="67" HEIGHT="23" WC="0.95" CONTENT="grund"/><SP WIDTH="18" VPOS="1301" HPOS="353"/>
							<String ID="string_349" HPOS="371" VPOS="1300" WIDTH="24" HEIGHT="18" WC="0.95" CONTENT="af"/><SP WIDTH="16" VPOS="1300" HPOS="395"/>
							<String ID="string_350" HPOS="411" VPOS="1300" WIDTH="63" HEIGHT="19" WC="0.95" CONTENT="ofvan"/><SP WIDTH="12" VPOS="1300" HPOS="474"/>
							<String ID="string_351" HPOS="486" VPOS="1300" WIDTH="7" HEIGHT="18" WC="0.96" CONTENT="i"/><SP WIDTH="12" VPOS="1300" HPOS="493"/>
							<String ID="string_352" HPOS="505" VPOS="1300" WIDTH="82" HEIGHT="18" WC="0.93" CONTENT="korthet"/><SP WIDTH="12" VPOS="1300" HPOS="587"/>
							<String ID="string_353" HPOS="599" VPOS="1299" WIDTH="121" HEIGHT="18" WC="0.89" CONTENT="framstälda"/><SP WIDTH="13" VPOS="1299" HPOS="720"/>
							<String ID="string_354" HPOS="733" VPOS="1297" WIDTH="128" HEIGHT="25" WC="0.96" CONTENT="synpunkter"/><SP WIDTH="12" VPOS="1297" HPOS="861"/>
							<String ID="string_355" HPOS="873" VPOS="1296" WIDTH="37" HEIGHT="19" WC="0.96" CONTENT="och"/><SP WIDTH="12" VPOS="1296" HPOS="910"/>
							<String ID="string_356" HPOS="922" VPOS="1296" WIDTH="7" HEIGHT="17" WC="0.96" CONTENT="i"/>
						</TextLine>
						<TextLine ID="line_40" HPOS="169" VPOS="1325" WIDTH="760" HEIGHT="28">
							<String ID="string_357" HPOS="169" VPOS="1329" WIDTH="211" HEIGHT="18" WC="0.89" CONTENT="öfverensstämmelse"/><SP WIDTH="12" VPOS="1329" HPOS="380"/>
							<String ID="string_358" HPOS="392" VPOS="1329" WIDTH="47" HEIGHT="18" WC="0.96" CONTENT="med"/><SP WIDTH="8" VPOS="1329" HPOS="439"/>
							<String ID="string_359" HPOS="447" VPOS="1329" WIDTH="39" HEIGHT="18" WC="0.96" CONTENT="den"/><SP WIDTH="8" VPOS="1329" HPOS="486"/>
							<String ID="string_360" HPOS="494" VPOS="1329" WIDTH="90" HEIGHT="24" WC="0.96" CONTENT="petition,"/><SP WIDTH="10" VPOS="1329" HPOS="584"/>
							<String ID="string_361" HPOS="594" VPOS="1335" WIDTH="33" HEIGHT="12" WC="0.96" CONTENT="om"/><SP WIDTH="10" VPOS="1335" HPOS="627"/>
							<String ID="string_362" HPOS="637" VPOS="1328" WIDTH="84" HEIGHT="18" WC="0.93" CONTENT="hvilken"/><SP WIDTH="10" VPOS="1328" HPOS="721"/>
							<String ID="string_363" HPOS="731" VPOS="1327" WIDTH="113" HEIGHT="18" WC="0.91" CONTENT="Ständerna"/><SP WIDTH="10" VPOS="1327" HPOS="844"/>
							<String ID="string_364" HPOS="854" VPOS="1325" WIDTH="22" HEIGHT="18" WC="0.96" CONTENT="år"/><SP WIDTH="9" VPOS="1325" HPOS="876"/>
							<String ID="string_365" HPOS="885" VPOS="1325" WIDTH="44" HEIGHT="18" WC="0.96" CONTENT="1891"/>
						</TextLine>
						<TextLine ID="line_41" HPOS="169" VPOS="1353" WIDTH="761" HEIGHT="28">
							<String ID="string_366" HPOS="169" VPOS="1358" WIDTH="100" HEIGHT="23" WC="0.96" CONTENT="enhälligt"/><SP WIDTH="18" VPOS="1358" HPOS="269"/>
							<String ID="string_367" HPOS="287" VPOS="1357" WIDTH="96" HEIGHT="20" WC="0.96" CONTENT="förenade"/><SP WIDTH="13" VPOS="1357" HPOS="383"/>
							<String ID="string_368" HPOS="396" VPOS="1358" WIDTH="37" HEIGHT="23" WC="0.96" CONTENT="sig,"/><SP WIDTH="14" VPOS="1358" HPOS="433"/>
							<String ID="string_369" HPOS="447" VPOS="1357" WIDTH="91" HEIGHT="19" WC="0.96" CONTENT="anhåller"/><SP WIDTH="14" VPOS="1357" HPOS="538"/>
							<String ID="string_370" HPOS="552" VPOS="1357" WIDTH="36" HEIGHT="23" WC="0.96" CONTENT="jag"/><SP WIDTH="13" VPOS="1357" HPOS="588"/>
							<String ID="string_371" HPOS="601" VPOS="1359" WIDTH="30" HEIGHT="17" WC="0.96" CONTENT="att"/><SP WIDTH="12" VPOS="1359" HPOS="631"/>
							<String ID="string_372" HPOS="643" VPOS="1357" WIDTH="21" HEIGHT="18" WC="0.97" CONTENT="få"/><SP WIDTH="12" VPOS="1357" HPOS="664"/>
							<String ID="string_373" HPOS="676" VPOS="1355" WIDTH="76" HEIGHT="20" WC="0.96" CONTENT="föreslå"/><SP WIDTH="13" VPOS="1355" HPOS="752"/>
							<String ID="string_374" HPOS="765" VPOS="1361" WIDTH="25" HEIGHT="12" WC="0.93" CONTENT="en"/><SP WIDTH="12" VPOS="1361" HPOS="790"/>
							<String ID="string_375" HPOS="802" VPOS="1353" WIDTH="128" HEIGHT="24" WC="0.91" CONTENT="underdånig"/>
						</TextLine>
						<TextLine ID="line_42" HPOS="168" VPOS="1386" WIDTH="171" HEIGHT="24">
							<String ID="string_376" HPOS="168" VPOS="1386" WIDTH="89" HEIGHT="24" WC="0.94" CONTENT="petition"/><SP WIDTH="12" VPOS="1386" HPOS="257"/>
							<String ID="string_377" HPOS="269" VPOS="1386" WIDTH="70" HEIGHT="18" WC="0.96" CONTENT="därom"/>
						</TextLine>
					</TextBlock>
				</ComposedBlock>
			</PrintSpace>
		</Page>
	</Layout>
</alto>
