<?xml version="1.0" encoding="UTF-8"?>
<alto xmlns="http://www.loc.gov/standards/alto/ns-v3#" xmlns:xlink="http://www.w3.org/1999/xlink" xmlns:xsi="http://www.w3.org/2001/XMLSchema-instance" xsi:schemaLocation="http://www.loc.gov/standards/alto/ns-v3# http://www.loc.gov/alto/v3/alto-3-0.xsd">
	<Description>
		<MeasurementUnit>pixel</MeasurementUnit>
		<sourceImageInformation>
			<fileName>/tmp/tess_23z9u2oq_input.PNG</fileName>
		</sourceImageInformation>
		<OCRProcessing ID="OCR_0">
			<ocrProcessingStep>
				<processingSoftware>
					<softwareName>tesseract 5.3.4</softwareName>
				</processingSoftware>
			</ocrProcessingStep>
		</OCRProcessing>
	</Description>
	<Layout>
		<Page WIDTH="1028" HEIGHT="1659" PHYSICAL_IMG_NR="0" ID="page_0">
			<PrintSpace HPOS="0" VPOS="0" WIDTH="1028" HEIGHT="1659">
				<ComposedBlock ID="cblock_0" HPOS="153" VPOS="143" WIDTH="639" HEIGHT="91">
					<TextBlock ID="block_0" HPOS="153" VPOS="143" WIDTH="639" HEIGHT="87">
						<TextLine ID="line_0" HPOS="324" VPOS="143" WIDTH="298" HEIGHT="28">
							<String ID="string_0" HPOS="324" VPOS="143" WIDTH="298" HEIGHT="28" WC="0.86" CONTENT="Petitionsmemorial."/>
						</TextLine>
						<TextLine ID="line_1" HPOS="153" VPOS="198" WIDTH="639" HEIGHT="36">
							<String ID="string_1" HPOS="153" VPOS="198" WIDTH="106" HEIGHT="36" WC="0.90" CONTENT="Borg.st."/><SP WIDTH="436" VPOS="198" HPOS="259"/>
							<String ID="string_2" HPOS="695" VPOS="200" WIDTH="45" HEIGHT="23" WC="0.89" CONTENT="N:o"/><SP WIDTH="16" VPOS="200" HPOS="740"/>
							<String ID="string_3" HPOS="756" VPOS="200" WIDTH="36" HEIGHT="22" WC="0.96" CONTENT="18."/>
						</TextLine>
					</TextBlock>
				</ComposedBlock>
				<ComposedBlock ID="cblock_1" HPOS="232" VPOS="577" WIDTH="485" HEIGHT="24">
					<TextBlock ID="block_1" HPOS="232" VPOS="577" WIDTH="485" HEIGHT="24">
						<TextLine ID="line_2" HPOS="232" VPOS="577" WIDTH="485" HEIGHT="24">
							<String ID="string_4" HPOS="232" VPOS="577" WIDTH="50" HEIGHT="19" WC="0.93" CONTENT="Till"/><SP WIDTH="24" VPOS="577" HPOS="282"/>
							<String ID="string_5" HPOS="306" VPOS="577" WIDTH="146" HEIGHT="24" WC="0.92" CONTENT="Vällofliga"/><SP WIDTH="23" VPOS="577" HPOS="452"/>
							<String ID="string_6" HPOS="475" VPOS="577" WIDTH="242" HEIGHT="23" WC="0.86" CONTENT="Borgareständei."/>
						</TextLine>
					</TextBlock>
				</ComposedBlock>
				<ComposedBlock ID="cblock_2" HPOS="98" VPOS="646" WIDTH="760" HEIGHT="774">
					<TextBlock ID="block_2" HPOS="98" VPOS="646" WIDTH="757" HEIGHT="140">
						<TextLine ID="line_3" HPOS="166" VPOS="646" WIDTH="689" HEIGHT="25">
							<String ID="string_7" HPOS="166" VPOS="647" WIDTH="38" HEIGHT="19" WC="0.92" CONTENT="Vid"/><SP WIDTH="21" VPOS="647" HPOS="204"/>
							<String ID="string_8" HPOS="225" VPOS="647" WIDTH="48" HEIGHT="19" WC="0.92" CONTENT="flere"/><SP WIDTH="22" VPOS="647" HPOS="273"/>
							<String ID="string_9" HPOS="295" VPOS="646" WIDTH="119" HEIGHT="24" WC="0.92" CONTENT="föregäende"/><SP WIDTH="24" VPOS="646" HPOS="414"/>
							<String ID="string_10" HPOS="438" VPOS="647" WIDTH="120" HEIGHT="24" WC="0.92" CONTENT="landtdagar"/><SP WIDTH="23" VPOS="647" HPOS="558"/>
							<String ID="string_11" HPOS="581" VPOS="647" WIDTH="37" HEIGHT="19" WC="0.96" CONTENT="och"/><SP WIDTH="21" VPOS="647" HPOS="618"/>
							<String ID="string_12" HPOS="639" VPOS="649" WIDTH="67" HEIGHT="17" WC="0.96" CONTENT="senast"/><SP WIDTH="20" VPOS="649" HPOS="706"/>
							<String ID="string_13" HPOS="726" VPOS="647" WIDTH="32" HEIGHT="19" WC="0.96" CONTENT="vid"/><SP WIDTH="21" VPOS="647" HPOS="758"/>
							<String ID="string_14" HPOS="779" VPOS="647" WIDTH="34" HEIGHT="19" WC="0.96" CONTENT="det"/><SP WIDTH="19" VPOS="647" HPOS="813"/>
							<String ID="string_15" HPOS="832" VPOS="646" WIDTH="23" HEIGHT="20" WC="0.94" CONTENT="är"/>
						</TextLine>
						<TextLine ID="line_4" HPOS="98" VPOS="674" WIDTH="755" HEIGHT="30">
							<String ID="string_16" HPOS="98" VPOS="675" WIDTH="56" HEIGHT="20" WC="0.93" CONTENT="1894"/><SP WIDTH="17" VPOS="675" HPOS="154"/>
							<String ID="string_17" HPOS="171" VPOS="675" WIDTH="84" HEIGHT="20" WC="0.93" CONTENT="samlade"/><SP WIDTH="18" VPOS="675" HPOS="255"/>
							<String ID="string_18" HPOS="273" VPOS="675" WIDTH="142" HEIGHT="20" WC="0.92" CONTENT="ständermötet"/><SP WIDTH="15" VPOS="675" HPOS="415"/>
							<String ID="string_19" HPOS="430" VPOS="675" WIDTH="37" HEIGHT="20" WC="0.93" CONTENT="har"/><SP WIDTH="15" VPOS="675" HPOS="467"/>
							<String ID="string_20" HPOS="482" VPOS="675" WIDTH="70" HEIGHT="29" WC="0.92" CONTENT="frägan"/><SP WIDTH="16" VPOS="675" HPOS="552"/>
							<String ID="string_21" HPOS="568" VPOS="681" WIDTH="31" HEIGHT="14" WC="0.96" CONTENT="om"/><SP WIDTH="12" VPOS="681" HPOS="599"/>
							<String ID="string_22" HPOS="611" VPOS="682" WIDTH="23" HEIGHT="13" WC="0.96" CONTENT="en"/><SP WIDTH="12" VPOS="682" HPOS="634"/>
							<String ID="string_23" HPOS="646" VPOS="676" WIDTH="66" HEIGHT="19" WC="0.93" CONTENT="direkt"/><SP WIDTH="8" VPOS="676" HPOS="712"/>
							<String ID="string_24" HPOS="720" VPOS="674" WIDTH="133" HEIGHT="26" WC="0.91" CONTENT="jernvägsför-"/>
						</TextLine>
						<TextLine ID="line_5" HPOS="98" VPOS="703" WIDTH="756" HEIGHT="25">
							<String ID="string_25" HPOS="98" VPOS="705" WIDTH="89" HEIGHT="19" WC="0.92" CONTENT="bindelse"/><SP WIDTH="17" VPOS="705" HPOS="187"/>
							<String ID="string_26" HPOS="204" VPOS="705" WIDTH="82" HEIGHT="18" WC="0.91" CONTENT="emellan"/><SP WIDTH="16" VPOS="705" HPOS="286"/>
							<String ID="string_27" HPOS="302" VPOS="704" WIDTH="124" HEIGHT="24" WC="0.96" CONTENT="Helsingfors"/><SP WIDTH="16" VPOS="704" HPOS="426"/>
							<String ID="string_28" HPOS="442" VPOS="704" WIDTH="38" HEIGHT="19" WC="0.93" CONTENT="och"/><SP WIDTH="15" VPOS="704" HPOS="480"/>
							<String ID="string_29" HPOS="495" VPOS="698" WIDTH="53" HEIGHT="28" WC="0.92" CONTENT="Äbo,"/><SP WIDTH="15" VPOS="698" HPOS="548"/>
							<String ID="string_30" HPOS="563" VPOS="705" WIDTH="79" HEIGHT="19" WC="0.91" CONTENT="hvilken"/><SP WIDTH="17" VPOS="705" HPOS="642"/>
							<String ID="string_31" HPOS="659" VPOS="705" WIDTH="66" HEIGHT="19" WC="0.89" CONTENT="tillika"/><SP WIDTH="15" VPOS="705" HPOS="725"/>
							<String ID="string_32" HPOS="740" VPOS="704" WIDTH="64" HEIGHT="20" WC="0.93" CONTENT="skulle"/><SP WIDTH="10" VPOS="704" HPOS="804"/>
							<String ID="string_33" HPOS="814" VPOS="703" WIDTH="40" HEIGHT="20" WC="0.93" CONTENT="för-"/>
						</TextLine>
						<TextLine ID="line_6" HPOS="98" VPOS="732" WIDTH="757" HEIGHT="21">
							<String ID="string_34" HPOS="98" VPOS="733" WIDTH="60" HEIGHT="20" WC="0.90" CONTENT="korta"/><SP WIDTH="24" VPOS="733" HPOS="158"/>
							<String ID="string_35" HPOS="182" VPOS="733" WIDTH="99" HEIGHT="20" WC="0.90" CONTENT="afständet"/><SP WIDTH="25" VPOS="733" HPOS="281"/>
							<String ID="string_36" HPOS="306" VPOS="733" WIDTH="83" HEIGHT="19" WC="0.92" CONTENT="emellan"/><SP WIDTH="23" VPOS="733" HPOS="389"/>
							<String ID="string_37" HPOS="412" VPOS="733" WIDTH="60" HEIGHT="19" WC="0.89" CONTENT="dessa"/><SP WIDTH="23" VPOS="733" HPOS="472"/>
							<String ID="string_38" HPOS="495" VPOS="733" WIDTH="67" HEIGHT="20" WC="0.89" CONTENT="städer"/><SP WIDTH="23" VPOS="733" HPOS="562"/>
							<String ID="string_39" HPOS="585" VPOS="733" WIDTH="37" HEIGHT="20" WC="0.93" CONTENT="och"/><SP WIDTH="15" VPOS="733" HPOS="622"/>
							<String ID="string_40" HPOS="637" VPOS="733" WIDTH="79" HEIGHT="20" WC="0.90" CONTENT="landets"/><SP WIDTH="16" VPOS="733" HPOS="716"/>
							<String ID="string_41" HPOS="732" VPOS="732" WIDTH="123" HEIGHT="21" WC="0.92" CONTENT="vinterhamn"/>
						</TextLine>
						<TextLine ID="line_7" HPOS="98" VPOS="761" WIDTH="614" HEIGHT="25">
							<String ID="string_42" HPOS="98" VPOS="762" WIDTH="78" HEIGHT="24" WC="0.96" CONTENT="Hangö,"/><SP WIDTH="16" VPOS="762" HPOS="176"/>
							<String ID="string_43" HPOS="192" VPOS="762" WIDTH="51" HEIGHT="19" WC="0.93" CONTENT="varit"/><SP WIDTH="16" VPOS="762" HPOS="243"/>
							<String ID="string_44" HPOS="259" VPOS="761" WIDTH="81" HEIGHT="20" WC="0.92" CONTENT="föremäl"/><SP WIDTH="15" VPOS="761" HPOS="340"/>
							<String ID="string_45" HPOS="355" VPOS="761" WIDTH="33" HEIGHT="20" WC="0.93" CONTENT="för"/><SP WIDTH="13" VPOS="761" HPOS="388"/>
							<String ID="string_46" HPOS="401" VPOS="762" WIDTH="117" HEIGHT="19" WC="0.92" CONTENT="ständernas"/><SP WIDTH="16" VPOS="762" HPOS="518"/>
							<String ID="string_47" HPOS="534" VPOS="762" WIDTH="178" HEIGHT="24" WC="0.91" CONTENT="öfverläggningar."/>
						</TextLine>
					</TextBlock>
					<TextBlock ID="block_3" HPOS="99" VPOS="790" WIDTH="757" HEIGHT="197">
						<TextLine ID="line_8" HPOS="168" VPOS="790" WIDTH="687" HEIGHT="29">
							<String ID="string_48" HPOS="168" VPOS="791" WIDTH="38" HEIGHT="19" WC="0.93" CONTENT="Vid"/><SP WIDTH="16" VPOS="791" HPOS="206"/>
							<String ID="string_49" HPOS="222" VPOS="793" WIDTH="78" HEIGHT="17" WC="0.92" CONTENT="senaste"/><SP WIDTH="17" VPOS="793" HPOS="300"/>
							<String ID="string_50" HPOS="317" VPOS="791" WIDTH="95" HEIGHT="23" WC="0.91" CONTENT="landtdag"/><SP WIDTH="15" VPOS="791" HPOS="412"/>
							<String ID="string_51" HPOS="427" VPOS="791" WIDTH="123" HEIGHT="28" WC="0.92" CONTENT="inlemnades"/><SP WIDTH="16" VPOS="791" HPOS="550"/>
							<String ID="string_52" HPOS="566" VPOS="791" WIDTH="6" HEIGHT="19" WC="0.96" CONTENT="i"/><SP WIDTH="16" VPOS="791" HPOS="572"/>
							<String ID="string_53" HPOS="588" VPOS="791" WIDTH="55" HEIGHT="20" WC="0.93" CONTENT="detta"/><SP WIDTH="11" VPOS="791" HPOS="643"/>
							<String ID="string_54" HPOS="654" VPOS="791" WIDTH="58" HEIGHT="20" WC="0.95" CONTENT="stånd"/><SP WIDTH="11" VPOS="791" HPOS="712"/>
							<String ID="string_55" HPOS="723" VPOS="797" WIDTH="24" HEIGHT="14" WC="0.96" CONTENT="en"/><SP WIDTH="11" VPOS="797" HPOS="747"/>
							<String ID="string_56" HPOS="758" VPOS="790" WIDTH="22" HEIGHT="21" WC="0.93" CONTENT="af"/><SP WIDTH="8" VPOS="790" HPOS="780"/>
							<String ID="string_57" HPOS="788" VPOS="795" WIDTH="67" HEIGHT="20" WC="0.92" CONTENT="repre-"/>
						</TextLine>
						<TextLine ID="line_9" HPOS="101" VPOS="819" WIDTH="754" HEIGHT="24">
							<String ID="string_58" HPOS="101" VPOS="822" WIDTH="127" HEIGHT="17" WC="0.90" CONTENT="sentanterna"/><SP WIDTH="22" VPOS="822" HPOS="228"/>
							<String ID="string_59" HPOS="250" VPOS="819" WIDTH="31" HEIGHT="20" WC="0.96" CONTENT="för"/><SP WIDTH="21" VPOS="819" HPOS="281"/>
							<String ID="string_60" HPOS="302" VPOS="819" WIDTH="124" HEIGHT="24" WC="0.95" CONTENT="Helsingfors"/><SP WIDTH="20" VPOS="819" HPOS="426"/>
							<String ID="string_61" HPOS="446" VPOS="819" WIDTH="37" HEIGHT="20" WC="0.95" CONTENT="och"/><SP WIDTH="15" VPOS="819" HPOS="483"/>
							<String ID="string_62" HPOS="498" VPOS="820" WIDTH="44" HEIGHT="19" WC="0.95" CONTENT="Åbo"/><SP WIDTH="17" VPOS="820" HPOS="542"/>
							<String ID="string_63" HPOS="559" VPOS="820" WIDTH="67" HEIGHT="19" WC="0.96" CONTENT="städer"/><SP WIDTH="15" VPOS="820" HPOS="626"/>
							<String ID="string_64" HPOS="641" VPOS="819" WIDTH="149" HEIGHT="20" WC="0.92" CONTENT="undertecknad"/><SP WIDTH="16" VPOS="819" HPOS="790"/>
							<String ID="string_65" HPOS="806" VPOS="819" WIDTH="49" HEIGHT="24" WC="0.92" CONTENT="peti-"/>
						</TextLine>
						<TextLine ID="line_10" HPOS="100" VPOS="848" WIDTH="755" HEIGHT="25">
							<String ID="string_66" HPOS="100" VPOS="849" WIDTH="42" HEIGHT="19" WC="0.96" CONTENT="tion"/><SP WIDTH="26" VPOS="849" HPOS="142"/>
							<String ID="string_67" HPOS="168" VPOS="854" WIDTH="30" HEIGHT="14" WC="0.95" CONTENT="om"/><SP WIDTH="22" VPOS="854" HPOS="198"/>
							<String ID="string_68" HPOS="220" VPOS="849" WIDTH="102" HEIGHT="24" WC="0.96" CONTENT="byggande"/><SP WIDTH="23" VPOS="849" HPOS="322"/>
							<String ID="string_69" HPOS="345" VPOS="848" WIDTH="22" HEIGHT="19" WC="0.96" CONTENT="af"/><SP WIDTH="22" VPOS="848" HPOS="367"/>
							<String ID="string_70" HPOS="389" VPOS="854" WIDTH="22" HEIGHT="13" WC="0.93" CONTENT="en"/><SP WIDTH="18" VPOS="854" HPOS="411"/>
							<String ID="string_71" HPOS="429" VPOS="849" WIDTH="83" HEIGHT="24" WC="0.92" CONTENT="jernväg"/><SP WIDTH="18" VPOS="849" HPOS="512"/>
							<String ID="string_72" HPOS="530" VPOS="848" WIDTH="44" HEIGHT="20" WC="0.96" CONTENT="från"/><SP WIDTH="22" VPOS="848" HPOS="574"/>
							<String ID="string_73" HPOS="596" VPOS="848" WIDTH="123" HEIGHT="25" WC="0.96" CONTENT="Helsingfors"/><SP WIDTH="21" VPOS="848" HPOS="719"/>
							<String ID="string_74" HPOS="740" VPOS="849" WIDTH="32" HEIGHT="18" WC="0.93" CONTENT="till"/><SP WIDTH="18" VPOS="849" HPOS="772"/>
							<String ID="string_75" HPOS="790" VPOS="848" WIDTH="65" HEIGHT="24" WC="0.95" CONTENT="någon"/>
						</TextLine>
						<TextLine ID="line_11" HPOS="100" VPOS="877" WIDTH="755" HEIGHT="26">
							<String ID="string_76" HPOS="100" VPOS="878" WIDTH="80" HEIGHT="23" WC="0.93" CONTENT="lämplig"/><SP WIDTH="18" VPOS="878" HPOS="180"/>
							<String ID="string_77" HPOS="198" VPOS="877" WIDTH="63" HEIGHT="24" WC="0.93" CONTENT="punkt"/><SP WIDTH="16" VPOS="877" HPOS="261"/>
							<String ID="string_78" HPOS="277" VPOS="877" WIDTH="12" HEIGHT="20" WC="0.93" CONTENT="å"/><SP WIDTH="14" VPOS="877" HPOS="289"/>
							<String ID="string_79" HPOS="303" VPOS="877" WIDTH="69" HEIGHT="24" WC="0.93" CONTENT="Hangö"/><SP WIDTH="16" VPOS="877" HPOS="372"/>
							<String ID="string_80" HPOS="388" VPOS="877" WIDTH="71" HEIGHT="26" WC="0.96" CONTENT="banan,"/><SP WIDTH="17" VPOS="877" HPOS="459"/>
							<String ID="string_81" HPOS="476" VPOS="877" WIDTH="51" HEIGHT="20" WC="0.93" CONTENT="dock"/><SP WIDTH="16" VPOS="877" HPOS="527"/>
							<String ID="string_82" HPOS="543" VPOS="877" WIDTH="44" HEIGHT="20" WC="0.93" CONTENT="icke"/><SP WIDTH="19" VPOS="877" HPOS="587"/>
							<String ID="string_83" HPOS="606" VPOS="877" WIDTH="93" HEIGHT="24" WC="0.92" CONTENT="ostligare"/><SP WIDTH="17" VPOS="877" HPOS="699"/>
							<String ID="string_84" HPOS="716" VPOS="879" WIDTH="24" HEIGHT="18" WC="0.93" CONTENT="än"/><SP WIDTH="19" VPOS="879" HPOS="740"/>
							<String ID="string_85" HPOS="759" VPOS="877" WIDTH="96" HEIGHT="23" WC="0.91" CONTENT="Gerknäs,"/>
						</TextLine>
						<TextLine ID="line_12" HPOS="101" VPOS="893" WIDTH="755" HEIGHT="37">
							<String ID="string_86" HPOS="101" VPOS="908" WIDTH="50" HEIGHT="17" WC="0.95" CONTENT="samt"/><SP WIDTH="22" VPOS="908" HPOS="151"/>
							<String ID="string_87" HPOS="173" VPOS="906" WIDTH="66" HEIGHT="20" WC="0.93" CONTENT="vidare"/><SP WIDTH="24" VPOS="906" HPOS="239"/>
							<String ID="string_88" HPOS="263" VPOS="905" WIDTH="43" HEIGHT="20" WC="0.92" CONTENT="frän"/><SP WIDTH="21" VPOS="905" HPOS="306"/>
							<String ID="string_89" HPOS="327" VPOS="906" WIDTH="60" HEIGHT="24" WC="0.92" CONTENT="sagde"/><SP WIDTH="21" VPOS="906" HPOS="387"/>
							<String ID="string_90" HPOS="408" VPOS="893" WIDTH="51" HEIGHT="32" WC="0.96" CONTENT="bana"/><SP WIDTH="21" VPOS="893" HPOS="459"/>
							<String ID="string_91" HPOS="480" VPOS="911" WIDTH="69" HEIGHT="18" WC="0.96" CONTENT="genom"/><SP WIDTH="21" VPOS="911" HPOS="549"/>
							<String ID="string_92" HPOS="570" VPOS="906" WIDTH="46" HEIGHT="20" WC="0.93" CONTENT="Salo"/><SP WIDTH="19" VPOS="906" HPOS="616"/>
							<String ID="string_93" HPOS="635" VPOS="907" WIDTH="31" HEIGHT="18" WC="0.95" CONTENT="till"/><SP WIDTH="16" VPOS="907" HPOS="666"/>
							<String ID="string_94" HPOS="682" VPOS="900" WIDTH="50" HEIGHT="30" WC="0.96" CONTENT="Åbo,"/><SP WIDTH="16" VPOS="900" HPOS="732"/>
							<String ID="string_95" HPOS="748" VPOS="906" WIDTH="6" HEIGHT="19" WC="0.96" CONTENT="i"/><SP WIDTH="16" VPOS="906" HPOS="754"/>
							<String ID="string_96" HPOS="770" VPOS="905" WIDTH="86" HEIGHT="24" WC="0.95" CONTENT="enlighet"/>
						</TextLine>
						<TextLine ID="line_13" HPOS="99" VPOS="931" WIDTH="756" HEIGHT="28">
							<String ID="string_97" HPOS="99" VPOS="935" WIDTH="45" HEIGHT="19" WC="0.95" CONTENT="med"/><SP WIDTH="19" VPOS="935" HPOS="144"/>
							<String ID="string_98" HPOS="163" VPOS="937" WIDTH="29" HEIGHT="17" WC="0.96" CONTENT="ett"/><SP WIDTH="19" VPOS="937" HPOS="192"/>
							<String ID="string_99" HPOS="211" VPOS="935" WIDTH="20" HEIGHT="19" WC="0.93" CONTENT="af"/><SP WIDTH="18" VPOS="935" HPOS="231"/>
							<String ID="string_100" HPOS="249" VPOS="931" WIDTH="177" HEIGHT="27" WC="0.91" CONTENT="Öfveringeniören"/><SP WIDTH="15" VPOS="931" HPOS="426"/>
							<String ID="string_101" HPOS="441" VPOS="935" WIDTH="100" HEIGHT="24" WC="0.90" CONTENT="Tallqvist"/><SP WIDTH="19" VPOS="935" HPOS="541"/>
							<String ID="string_102" HPOS="560" VPOS="935" WIDTH="6" HEIGHT="18" WC="0.96" CONTENT="i"/><SP WIDTH="16" VPOS="935" HPOS="566"/>
							<String ID="string_103" HPOS="582" VPOS="935" WIDTH="71" HEIGHT="20" WC="0.96" CONTENT="sådant"/><SP WIDTH="15" VPOS="935" HPOS="653"/>
							<String ID="string_104" HPOS="668" VPOS="935" WIDTH="93" HEIGHT="20" WC="0.93" CONTENT="afseende"/><SP WIDTH="16" VPOS="935" HPOS="761"/>
							<String ID="string_105" HPOS="777" VPOS="934" WIDTH="78" HEIGHT="20" WC="0.92" CONTENT="utarbe-"/>
						</TextLine>
						<TextLine ID="line_14" HPOS="103" VPOS="963" WIDTH="138" HEIGHT="24">
							<String ID="string_106" HPOS="103" VPOS="965" WIDTH="42" HEIGHT="18" WC="0.92" CONTENT="tadt"/><SP WIDTH="17" VPOS="965" HPOS="145"/>
							<String ID="string_107" HPOS="162" VPOS="963" WIDTH="79" HEIGHT="24" WC="0.94" CONTENT="förslag."/>
						</TextLine>
					</TextBlock>
					<TextBlock ID="block_4" HPOS="99" VPOS="992" WIDTH="759" HEIGHT="285">
						<TextLine ID="line_15" HPOS="168" VPOS="992" WIDTH="687" HEIGHT="25">
							<String ID="string_108" HPOS="168" VPOS="992" WIDTH="34" HEIGHT="20" WC="0.96" CONTENT="Uti"/><SP WIDTH="23" VPOS="992" HPOS="202"/>
							<String ID="string_109" HPOS="225" VPOS="993" WIDTH="34" HEIGHT="18" WC="0.93" CONTENT="sitt"/><SP WIDTH="22" VPOS="993" HPOS="259"/>
							<String ID="string_110" HPOS="281" VPOS="992" WIDTH="92" HEIGHT="19" WC="0.91" CONTENT="häröfver"/><SP WIDTH="26" VPOS="992" HPOS="373"/>
							<String ID="string_111" HPOS="399" VPOS="992" WIDTH="74" HEIGHT="24" WC="0.89" CONTENT="afgifna"/><SP WIDTH="22" VPOS="992" HPOS="473"/>
							<String ID="string_112" HPOS="495" VPOS="993" WIDTH="125" HEIGHT="19" WC="0.96" CONTENT="betänkande"/><SP WIDTH="26" VPOS="993" HPOS="620"/>
							<String ID="string_113" HPOS="646" VPOS="993" WIDTH="88" HEIGHT="24" WC="0.91" CONTENT="föreslog"/><SP WIDTH="21" VPOS="993" HPOS="734"/>
							<String ID="string_114" HPOS="755" VPOS="993" WIDTH="100" HEIGHT="24" WC="0.91" CONTENT="jernvägs-"/>
						</TextLine>
						<TextLine ID="line_16" HPOS="100" VPOS="1021" WIDTH="756" HEIGHT="26">
							<String ID="string_115" HPOS="100" VPOS="1021" WIDTH="104" HEIGHT="24" WC="0.96" CONTENT="utskottet,"/><SP WIDTH="21" VPOS="1021" HPOS="204"/>
							<String ID="string_116" HPOS="225" VPOS="1027" WIDTH="41" HEIGHT="14" WC="0.96" CONTENT="som"/><SP WIDTH="19" VPOS="1027" HPOS="266"/>
							<String ID="string_117" HPOS="285" VPOS="1021" WIDTH="26" HEIGHT="24" WC="0.96" CONTENT="på"/><SP WIDTH="18" VPOS="1021" HPOS="311"/>
							<String ID="string_118" HPOS="329" VPOS="1021" WIDTH="34" HEIGHT="19" WC="0.96" CONTENT="det"/><SP WIDTH="16" VPOS="1021" HPOS="363"/>
							<String ID="string_119" HPOS="379" VPOS="1024" WIDTH="97" HEIGHT="17" WC="0.96" CONTENT="varmaste"/><SP WIDTH="17" VPOS="1024" HPOS="476"/>
							<String ID="string_120" HPOS="493" VPOS="1021" WIDTH="106" HEIGHT="20" WC="0.91" CONTENT="förordade"/><SP WIDTH="16" VPOS="1021" HPOS="599"/>
							<String ID="string_121" HPOS="615" VPOS="1022" WIDTH="117" HEIGHT="24" WC="0.90" CONTENT="petitionen,"/><SP WIDTH="15" VPOS="1022" HPOS="732"/>
							<String ID="string_122" HPOS="747" VPOS="1023" WIDTH="41" HEIGHT="24" WC="0.91" CONTENT=",att"/><SP WIDTH="15" VPOS="1023" HPOS="788"/>
							<String ID="string_123" HPOS="803" VPOS="1023" WIDTH="53" HEIGHT="17" WC="0.91" CONTENT="stän-"/>
						</TextLine>
						<TextLine ID="line_17" HPOS="100" VPOS="1049" WIDTH="758" HEIGHT="26">
							<String ID="string_124" HPOS="100" VPOS="1050" WIDTH="62" HEIGHT="19" WC="0.96" CONTENT="derna"/><SP WIDTH="16" VPOS="1050" HPOS="162"/>
							<String ID="string_125" HPOS="178" VPOS="1050" WIDTH="45" HEIGHT="19" WC="0.93" CONTENT="ville"/><SP WIDTH="16" VPOS="1050" HPOS="223"/>
							<String ID="string_126" HPOS="239" VPOS="1050" WIDTH="143" HEIGHT="24" WC="0.92" CONTENT="underdånigst"/><SP WIDTH="15" VPOS="1050" HPOS="382"/>
							<String ID="string_127" HPOS="397" VPOS="1050" WIDTH="80" HEIGHT="19" WC="0.95" CONTENT="anhålla"/><SP WIDTH="16" VPOS="1050" HPOS="477"/>
							<String ID="string_128" HPOS="493" VPOS="1051" WIDTH="29" HEIGHT="18" WC="0.96" CONTENT="att"/><SP WIDTH="16" VPOS="1051" HPOS="522"/>
							<String ID="string_129" HPOS="538" VPOS="1056" WIDTH="23" HEIGHT="13" WC="0.92" CONTENT="en"/><SP WIDTH="15" VPOS="1056" HPOS="561"/>
							<String ID="string_130" HPOS="576" VPOS="1051" WIDTH="82" HEIGHT="24" WC="0.91" CONTENT="jernväg"/><SP WIDTH="15" VPOS="1051" HPOS="658"/>
							<String ID="string_131" HPOS="673" VPOS="1049" WIDTH="44" HEIGHT="21" WC="0.96" CONTENT="från"/><SP WIDTH="15" VPOS="1049" HPOS="717"/>
							<String ID="string_132" HPOS="732" VPOS="1049" WIDTH="126" HEIGHT="25" WC="0.96" CONTENT="Helsingfors"/>
						</TextLine>
						<TextLine ID="line_18" HPOS="100" VPOS="1079" WIDTH="755" HEIGHT="28">
							<String ID="string_133" HPOS="100" VPOS="1079" WIDTH="31" HEIGHT="19" WC="0.93" CONTENT="till"/><SP WIDTH="16" VPOS="1079" HPOS="131"/>
							<String ID="string_134" HPOS="147" VPOS="1079" WIDTH="90" HEIGHT="19" WC="0.92" CONTENT="Gerknäs"/><SP WIDTH="16" VPOS="1079" HPOS="237"/>
							<String ID="string_135" HPOS="253" VPOS="1079" WIDTH="55" HEIGHT="19" WC="0.92" CONTENT="vexel"/><SP WIDTH="16" VPOS="1079" HPOS="308"/>
							<String ID="string_136" HPOS="324" VPOS="1079" WIDTH="33" HEIGHT="19" WC="0.96" CONTENT="vid"/><SP WIDTH="15" VPOS="1079" HPOS="357"/>
							<String ID="string_137" HPOS="372" VPOS="1079" WIDTH="69" HEIGHT="24" WC="0.96" CONTENT="Hangö"/><SP WIDTH="16" VPOS="1079" HPOS="441"/>
							<String ID="string_138" HPOS="457" VPOS="1079" WIDTH="65" HEIGHT="20" WC="0.96" CONTENT="banan"/><SP WIDTH="16" VPOS="1079" HPOS="522"/>
							<String ID="string_139" HPOS="538" VPOS="1082" WIDTH="49" HEIGHT="25" WC="0.96" CONTENT="samt"/><SP WIDTH="16" VPOS="1082" HPOS="587"/>
							<String ID="string_140" HPOS="603" VPOS="1079" WIDTH="68" HEIGHT="20" WC="0.95" CONTENT="vidare"/><SP WIDTH="16" VPOS="1079" HPOS="671"/>
							<String ID="string_141" HPOS="687" VPOS="1079" WIDTH="43" HEIGHT="20" WC="0.96" CONTENT="från"/><SP WIDTH="11" VPOS="1079" HPOS="730"/>
							<String ID="string_142" HPOS="741" VPOS="1079" WIDTH="60" HEIGHT="19" WC="0.93" CONTENT="Karis"/><SP WIDTH="13" VPOS="1079" HPOS="801"/>
							<String ID="string_143" HPOS="814" VPOS="1081" WIDTH="41" HEIGHT="17" WC="0.93" CONTENT="sta-"/>
						</TextLine>
						<TextLine ID="line_19" HPOS="99" VPOS="1107" WIDTH="756" HEIGHT="24">
							<String ID="string_144" HPOS="99" VPOS="1108" WIDTH="42" HEIGHT="19" WC="0.93" CONTENT="tion"/><SP WIDTH="24" VPOS="1108" HPOS="141"/>
							<String ID="string_145" HPOS="165" VPOS="1108" WIDTH="11" HEIGHT="19" WC="0.89" CONTENT="å"/><SP WIDTH="23" VPOS="1108" HPOS="176"/>
							<String ID="string_146" HPOS="199" VPOS="1113" WIDTH="72" HEIGHT="14" WC="0.95" CONTENT="samma"/><SP WIDTH="24" VPOS="1113" HPOS="271"/>
							<String ID="string_147" HPOS="295" VPOS="1108" WIDTH="51" HEIGHT="19" WC="0.95" CONTENT="bana"/><SP WIDTH="21" VPOS="1108" HPOS="346"/>
							<String ID="string_148" HPOS="367" VPOS="1107" WIDTH="54" HEIGHT="20" WC="0.96" CONTENT="öfver"/><SP WIDTH="19" VPOS="1107" HPOS="421"/>
							<String ID="string_149" HPOS="440" VPOS="1107" WIDTH="46" HEIGHT="20" WC="0.96" CONTENT="Salo"/><SP WIDTH="19" VPOS="1107" HPOS="486"/>
							<String ID="string_150" HPOS="505" VPOS="1107" WIDTH="31" HEIGHT="20" WC="0.96" CONTENT="till"/><SP WIDTH="18" VPOS="1107" HPOS="536"/>
							<String ID="string_151" HPOS="554" VPOS="1108" WIDTH="45" HEIGHT="19" WC="0.94" CONTENT="Åbo"/><SP WIDTH="15" VPOS="1108" HPOS="599"/>
							<String ID="string_152" HPOS="614" VPOS="1108" WIDTH="60" HEIGHT="19" WC="0.96" CONTENT="måtte"/><SP WIDTH="16" VPOS="1108" HPOS="674"/>
							<String ID="string_153" HPOS="690" VPOS="1108" WIDTH="6" HEIGHT="19" WC="0.96" CONTENT="i"/><SP WIDTH="13" VPOS="1108" HPOS="696"/>
							<String ID="string_154" HPOS="709" VPOS="1107" WIDTH="87" HEIGHT="24" WC="0.96" CONTENT="enlighet"/><SP WIDTH="15" VPOS="1107" HPOS="796"/>
							<String ID="string_155" HPOS="811" VPOS="1107" WIDTH="44" HEIGHT="20" WC="0.96" CONTENT="med"/>
						</TextLine>
						<TextLine ID="line_20" HPOS="100" VPOS="1133" WIDTH="753" HEIGHT="28">
							<String ID="string_156" HPOS="100" VPOS="1137" WIDTH="34" HEIGHT="18" WC="0.96" CONTENT="det"/><SP WIDTH="23" VPOS="1137" HPOS="134"/>
							<String ID="string_157" HPOS="157" VPOS="1136" WIDTH="21" HEIGHT="19" WC="0.92" CONTENT="af"/><SP WIDTH="22" VPOS="1136" HPOS="178"/>
							<String ID="string_158" HPOS="200" VPOS="1133" WIDTH="174" HEIGHT="27" WC="0.91" CONTENT="Öfveringeniören"/><SP WIDTH="19" VPOS="1133" HPOS="374"/>
							<String ID="string_159" HPOS="393" VPOS="1137" WIDTH="98" HEIGHT="24" WC="0.91" CONTENT="Tallqvist"/><SP WIDTH="17" VPOS="1137" HPOS="491"/>
							<String ID="string_160" HPOS="508" VPOS="1137" WIDTH="7" HEIGHT="18" WC="0.96" CONTENT="i"/><SP WIDTH="16" VPOS="1137" HPOS="515"/>
							<String ID="string_161" HPOS="531" VPOS="1136" WIDTH="71" HEIGHT="20" WC="0.96" CONTENT="sådant"/><SP WIDTH="18" VPOS="1136" HPOS="602"/>
							<String ID="string_162" HPOS="620" VPOS="1137" WIDTH="93" HEIGHT="19" WC="0.96" CONTENT="afseende"/><SP WIDTH="22" VPOS="1137" HPOS="713"/>
							<String ID="string_163" HPOS="735" VPOS="1136" WIDTH="118" HEIGHT="20" WC="0.96" CONTENT="utarbetade"/>
						</TextLine>
						<TextLine ID="line_21" HPOS="99" VPOS="1165" WIDTH="759" HEIGHT="24">
							<String ID="string_164" HPOS="99" VPOS="1165" WIDTH="82" HEIGHT="24" WC="0.93" CONTENT="förslag,"/><SP WIDTH="24" VPOS="1165" HPOS="181"/>
							<String ID="string_165" HPOS="205" VPOS="1165" WIDTH="120" HEIGHT="20" WC="0.91" CONTENT="betecknadt"/><SP WIDTH="22" VPOS="1165" HPOS="325"/>
							<String ID="string_166" HPOS="347" VPOS="1165" WIDTH="64" HEIGHT="20" WC="0.96" CONTENT="såsom"/><SP WIDTH="16" VPOS="1165" HPOS="411"/>
							<String ID="string_167" HPOS="427" VPOS="1166" WIDTH="107" HEIGHT="19" WC="0.96" CONTENT="alternativ"/><SP WIDTH="16" VPOS="1166" HPOS="534"/>
							<String ID="string_168" HPOS="550" VPOS="1166" WIDTH="16" HEIGHT="23" WC="0.96" CONTENT="I,"/><SP WIDTH="15" VPOS="1166" HPOS="566"/>
							<String ID="string_169" HPOS="581" VPOS="1165" WIDTH="32" HEIGHT="20" WC="0.93" CONTENT="för"/><SP WIDTH="15" VPOS="1165" HPOS="613"/>
							<String ID="string_170" HPOS="628" VPOS="1165" WIDTH="131" HEIGHT="20" WC="0.92" CONTENT="statsvärkets"/><SP WIDTH="15" VPOS="1165" HPOS="759"/>
							<String ID="string_171" HPOS="774" VPOS="1165" WIDTH="84" HEIGHT="23" WC="0.96" CONTENT="räkning"/>
						</TextLine>
						<TextLine ID="line_22" HPOS="100" VPOS="1193" WIDTH="757" HEIGHT="26">
							<String ID="string_172" HPOS="100" VPOS="1193" WIDTH="77" HEIGHT="20" WC="0.96" CONTENT="utföras"/><SP WIDTH="15" VPOS="1193" HPOS="177"/>
							<String ID="string_173" HPOS="192" VPOS="1196" WIDTH="50" HEIGHT="17" WC="0.96" CONTENT="samt"/><SP WIDTH="15" VPOS="1196" HPOS="242"/>
							<String ID="string_174" HPOS="257" VPOS="1194" WIDTH="44" HEIGHT="19" WC="0.96" CONTENT="med"/><SP WIDTH="16" VPOS="1194" HPOS="301"/>
							<String ID="string_175" HPOS="317" VPOS="1194" WIDTH="68" HEIGHT="19" WC="0.96" CONTENT="arbete"/><SP WIDTH="16" VPOS="1194" HPOS="385"/>
							<String ID="string_176" HPOS="401" VPOS="1194" WIDTH="92" HEIGHT="24" WC="0.96" CONTENT="beläggas"/><SP WIDTH="15" VPOS="1194" HPOS="493"/>
							<String ID="string_177" HPOS="508" VPOS="1195" WIDTH="7" HEIGHT="18" WC="0.96" CONTENT="i"/><SP WIDTH="16" VPOS="1195" HPOS="515"/>
							<String ID="string_178" HPOS="531" VPOS="1195" WIDTH="37" HEIGHT="18" WC="0.96" CONTENT="den"/><SP WIDTH="16" VPOS="1195" HPOS="568"/>
							<String ID="string_179" HPOS="584" VPOS="1195" WIDTH="43" HEIGHT="18" WC="0.96" CONTENT="mån"/><SP WIDTH="17" VPOS="1195" HPOS="627"/>
							<String ID="string_180" HPOS="644" VPOS="1200" WIDTH="24" HEIGHT="13" WC="0.96" CONTENT="nu"/><SP WIDTH="17" VPOS="1200" HPOS="668"/>
							<String ID="string_181" HPOS="685" VPOS="1194" WIDTH="102" HEIGHT="25" WC="0.93" CONTENT="pågående"/><SP WIDTH="15" VPOS="1194" HPOS="787"/>
							<String ID="string_182" HPOS="802" VPOS="1194" WIDTH="55" HEIGHT="24" WC="0.92" CONTENT="jern-"/>
						</TextLine>
						<TextLine ID="line_23" HPOS="99" VPOS="1222" WIDTH="758" HEIGHT="25">
							<String ID="string_183" HPOS="99" VPOS="1222" WIDTH="162" HEIGHT="25" WC="0.92" CONTENT="vägsbyggnader"/><SP WIDTH="18" VPOS="1222" HPOS="261"/>
							<String ID="string_184" HPOS="279" VPOS="1223" WIDTH="62" HEIGHT="19" WC="0.92" CONTENT="varda"/><SP WIDTH="19" VPOS="1223" HPOS="341"/>
							<String ID="string_185" HPOS="360" VPOS="1223" WIDTH="136" HEIGHT="24" WC="0.95" CONTENT="fullbordade;"/><SP WIDTH="20" VPOS="1223" HPOS="496"/>
							<String ID="string_186" HPOS="516" VPOS="1223" WIDTH="99" HEIGHT="19" WC="0.96" CONTENT="äfvensom"/><SP WIDTH="16" VPOS="1223" HPOS="615"/>
							<String ID="string_187" HPOS="631" VPOS="1226" WIDTH="29" HEIGHT="17" WC="0.96" CONTENT="att"/><SP WIDTH="16" VPOS="1226" HPOS="660"/>
							<String ID="string_188" HPOS="676" VPOS="1223" WIDTH="113" HEIGHT="23" WC="0.95" CONTENT="ständerna,"/><SP WIDTH="17" VPOS="1223" HPOS="789"/>
							<String ID="string_189" HPOS="806" VPOS="1222" WIDTH="51" HEIGHT="19" WC="0.95" CONTENT="efter"/>
						</TextLine>
						<TextLine ID="line_24" HPOS="100" VPOS="1251" WIDTH="755" HEIGHT="26">
							<String ID="string_190" HPOS="100" VPOS="1251" WIDTH="158" HEIGHT="20" WC="0.90" CONTENT="statsutskottets"/><SP WIDTH="23" VPOS="1251" HPOS="258"/>
							<String ID="string_191" HPOS="281" VPOS="1251" WIDTH="95" HEIGHT="26" WC="0.95" CONTENT="hörande,"/><SP WIDTH="19" VPOS="1251" HPOS="376"/>
							<String ID="string_192" HPOS="395" VPOS="1251" WIDTH="46" HEIGHT="20" WC="0.96" CONTENT="ville"/><SP WIDTH="19" VPOS="1251" HPOS="441"/>
							<String ID="string_193" HPOS="460" VPOS="1252" WIDTH="69" HEIGHT="19" WC="0.96" CONTENT="anvisa"/><SP WIDTH="19" VPOS="1252" HPOS="529"/>
							<String ID="string_194" HPOS="548" VPOS="1251" WIDTH="67" HEIGHT="20" WC="0.96" CONTENT="härför"/><SP WIDTH="15" VPOS="1251" HPOS="615"/>
							<String ID="string_195" HPOS="630" VPOS="1251" WIDTH="130" HEIGHT="25" WC="0.96" CONTENT="erforderliga"/><SP WIDTH="15" VPOS="1251" HPOS="760"/>
							<String ID="string_196" HPOS="775" VPOS="1251" WIDTH="80" HEIGHT="19" WC="0.92" CONTENT="medel.&quot;"/>
						</TextLine>
					</TextBlock>
					<TextBlock ID="block_5" HPOS="99" VPOS="1280" WIDTH="759" HEIGHT="140">
						<TextLine ID="line_25" HPOS="169" VPOS="1280" WIDTH="685" HEIGHT="25">
							<String ID="string_197" HPOS="169" VPOS="1280" WIDTH="76" HEIGHT="25" WC="0.95" CONTENT="Frågan"/><SP WIDTH="22" VPOS="1280" HPOS="245"/>
							<String ID="string_198" HPOS="267" VPOS="1282" WIDTH="85" HEIGHT="23" WC="0.96" CONTENT="upptogs"/><SP WIDTH="20" VPOS="1282" HPOS="352"/>
							<String ID="string_199" HPOS="372" VPOS="1281" WIDTH="109" HEIGHT="19" WC="0.95" CONTENT="emellertid"/><SP WIDTH="16" VPOS="1281" HPOS="481"/>
							<String ID="string_200" HPOS="497" VPOS="1280" WIDTH="57" HEIGHT="20" WC="0.96" CONTENT="äfven"/><SP WIDTH="17" VPOS="1280" HPOS="554"/>
							<String ID="string_201" HPOS="571" VPOS="1281" WIDTH="25" HEIGHT="24" WC="0.97" CONTENT="på"/><SP WIDTH="15" VPOS="1281" HPOS="596"/>
							<String ID="string_202" HPOS="611" VPOS="1281" WIDTH="62" HEIGHT="23" WC="0.96" CONTENT="grund"/><SP WIDTH="17" VPOS="1281" HPOS="673"/>
							<String ID="string_203" HPOS="690" VPOS="1280" WIDTH="20" HEIGHT="20" WC="0.95" CONTENT="af"/><SP WIDTH="14" VPOS="1280" HPOS="710"/>
							<String ID="string_204" HPOS="724" VPOS="1286" WIDTH="25" HEIGHT="14" WC="0.92" CONTENT="en"/><SP WIDTH="16" VPOS="1286" HPOS="749"/>
							<String ID="string_205" HPOS="765" VPOS="1285" WIDTH="89" HEIGHT="14" WC="0.91" CONTENT="reserva-"/>
						</TextLine>
						<TextLine ID="line_26" HPOS="100" VPOS="1309" WIDTH="756" HEIGHT="24">
							<String ID="string_206" HPOS="100" VPOS="1309" WIDTH="42" HEIGHT="19" WC="0.95" CONTENT="tion"/><SP WIDTH="21" VPOS="1309" HPOS="142"/>
							<String ID="string_207" HPOS="163" VPOS="1309" WIDTH="51" HEIGHT="19" WC="0.92" CONTENT="inom"/><SP WIDTH="17" VPOS="1309" HPOS="214"/>
							<String ID="string_208" HPOS="231" VPOS="1309" WIDTH="192" HEIGHT="24" WC="0.92" CONTENT="jernvägsutskottet"/><SP WIDTH="25" VPOS="1309" HPOS="423"/>
							<String ID="string_209" HPOS="448" VPOS="1312" WIDTH="53" HEIGHT="17" WC="0.96" CONTENT="emot"/><SP WIDTH="19" VPOS="1312" HPOS="501"/>
							<String ID="string_210" HPOS="520" VPOS="1309" WIDTH="45" HEIGHT="20" WC="0.96" CONTENT="dess"/><SP WIDTH="21" VPOS="1309" HPOS="565"/>
							<String ID="string_211" HPOS="586" VPOS="1309" WIDTH="124" HEIGHT="20" WC="0.95" CONTENT="betänkande"/><SP WIDTH="16" VPOS="1309" HPOS="710"/>
							<String ID="string_212" HPOS="726" VPOS="1309" WIDTH="7" HEIGHT="19" WC="0.96" CONTENT="i"/><SP WIDTH="16" VPOS="1309" HPOS="733"/>
							<String ID="string_213" HPOS="749" VPOS="1309" WIDTH="107" HEIGHT="23" WC="0.96" CONTENT="anledning"/>
						</TextLine>
						<TextLine ID="line_27" HPOS="99" VPOS="1337" WIDTH="756" HEIGHT="26">
							<String ID="string_214" HPOS="99" VPOS="1337" WIDTH="22" HEIGHT="20" WC="0.96" CONTENT="af"/><SP WIDTH="18" VPOS="1337" HPOS="121"/>
							<String ID="string_215" HPOS="139" VPOS="1337" WIDTH="72" HEIGHT="24" WC="0.96" CONTENT="nådiga"/><SP WIDTH="19" VPOS="1337" HPOS="211"/>
							<String ID="string_216" HPOS="230" VPOS="1338" WIDTH="150" HEIGHT="24" WC="0.96" CONTENT="propositionen"/><SP WIDTH="22" VPOS="1338" HPOS="380"/>
							<String ID="string_217" HPOS="402" VPOS="1343" WIDTH="30" HEIGHT="14" WC="0.95" CONTENT="om"/><SP WIDTH="22" VPOS="1343" HPOS="432"/>
							<String ID="string_218" HPOS="454" VPOS="1338" WIDTH="68" HEIGHT="19" WC="0.92" CONTENT="vidare"/><SP WIDTH="14" VPOS="1338" HPOS="522"/>
							<String ID="string_219" HPOS="536" VPOS="1338" WIDTH="213" HEIGHT="25" WC="0.91" CONTENT="jernvägsbyggnader."/><SP WIDTH="31" VPOS="1338" HPOS="749"/>
							<String ID="string_220" HPOS="780" VPOS="1337" WIDTH="9" HEIGHT="19" WC="0.93" CONTENT="I"/><SP WIDTH="16" VPOS="1337" HPOS="789"/>
							<String ID="string_221" HPOS="805" VPOS="1343" WIDTH="50" HEIGHT="14" WC="0.93" CONTENT="sam-"/>
						</TextLine>
						<TextLine ID="line_28" HPOS="100" VPOS="1366" WIDTH="758" HEIGHT="24">
							<String ID="string_222" HPOS="100" VPOS="1366" WIDTH="98" HEIGHT="24" WC="0.92" CONTENT="manhang"/><SP WIDTH="14" VPOS="1366" HPOS="198"/>
							<String ID="string_223" HPOS="212" VPOS="1367" WIDTH="43" HEIGHT="18" WC="0.96" CONTENT="med"/><SP WIDTH="16" VPOS="1367" HPOS="255"/>
							<String ID="string_224" HPOS="271" VPOS="1367" WIDTH="56" HEIGHT="18" WC="0.96" CONTENT="detta"/><SP WIDTH="14" VPOS="1367" HPOS="327"/>
							<String ID="string_225" HPOS="341" VPOS="1367" WIDTH="126" HEIGHT="19" WC="0.96" CONTENT="betänkande"/><SP WIDTH="17" VPOS="1367" HPOS="467"/>
							<String ID="string_226" HPOS="484" VPOS="1367" WIDTH="37" HEIGHT="19" WC="0.96" CONTENT="och"/><SP WIDTH="16" VPOS="1367" HPOS="521"/>
							<String ID="string_227" HPOS="537" VPOS="1366" WIDTH="51" HEIGHT="20" WC="0.96" CONTENT="efter"/><SP WIDTH="13" VPOS="1366" HPOS="588"/>
							<String ID="string_228" HPOS="601" VPOS="1367" WIDTH="34" HEIGHT="19" WC="0.96" CONTENT="det"/><SP WIDTH="11" VPOS="1367" HPOS="635"/>
							<String ID="string_229" HPOS="646" VPOS="1367" WIDTH="54" HEIGHT="19" WC="0.92" CONTENT="såväl"/><SP WIDTH="11" VPOS="1367" HPOS="700"/>
							<String ID="string_230" HPOS="711" VPOS="1366" WIDTH="147" HEIGHT="24" WC="0.92" CONTENT="Ridderskapet"/>
						</TextLine>
						<TextLine ID="line_29" HPOS="99" VPOS="1394" WIDTH="757" HEIGHT="26">
							<String ID="string_231" HPOS="99" VPOS="1394" WIDTH="38" HEIGHT="20" WC="0.93" CONTENT="och"/><SP WIDTH="22" VPOS="1394" HPOS="137"/>
							<String ID="string_232" HPOS="159" VPOS="1394" WIDTH="64" HEIGHT="21" WC="0.91" CONTENT="Adeln"/><SP WIDTH="24" VPOS="1394" HPOS="223"/>
							<String ID="string_233" HPOS="247" VPOS="1400" WIDTH="41" HEIGHT="14" WC="0.93" CONTENT="som"/><SP WIDTH="21" VPOS="1400" HPOS="288"/>
							<String ID="string_234" HPOS="309" VPOS="1395" WIDTH="169" HEIGHT="25" WC="0.91" CONTENT="Borgareständet"/><SP WIDTH="22" VPOS="1395" HPOS="478"/>
							<String ID="string_235" HPOS="500" VPOS="1395" WIDTH="83" HEIGHT="20" WC="0.83" CONTENT="beslutit"/><SP WIDTH="22" VPOS="1395" HPOS="583"/>
							<String ID="string_236" HPOS="605" VPOS="1397" WIDTH="28" HEIGHT="18" WC="0.96" CONTENT="att"/><SP WIDTH="19" VPOS="1397" HPOS="633"/>
							<String ID="string_237" HPOS="652" VPOS="1395" WIDTH="64" HEIGHT="21" WC="0.96" CONTENT="såsom"/><SP WIDTH="16" VPOS="1395" HPOS="716"/>
							<String ID="string_238" HPOS="732" VPOS="1400" WIDTH="45" HEIGHT="15" WC="0.93" CONTENT="svar"/><SP WIDTH="15" VPOS="1400" HPOS="777"/>
							<String ID="string_239" HPOS="792" VPOS="1394" WIDTH="12" HEIGHT="20" WC="0.92" CONTENT="å"/><SP WIDTH="15" VPOS="1394" HPOS="804"/>
							<String ID="string_240" HPOS="819" VPOS="1394" WIDTH="37" HEIGHT="20" WC="0.96" CONTENT="den"/>
						</TextLine>
					</TextBlock>
				</ComposedBlock>
			</PrintSpace>
		</Page>
	</Layout>
</alto>
