1034 1659
432 136 40 21 N:o
488 136 33 21 29.
805 135 22 19 11

448 205 11 27 8
476 205 33 21 25.

169 244 205 28 Hästfördelningen
390 244 56 22 afser
462 244 104 28 fyllandet
585 244 22 21 af
621 244 101 26 samtliga
737 242 71 22 dertill
822 242 36 22 be-

101 279 108 27 rättigade
228 280 103 26 truppers
349 278 69 27 behof,
438 285 48 15 men
506 278 55 22 skall
576 278 49 22 med
641 278 98 22 afseende
755 278 12 20 ä
783 277 25 21 de
823 279 35 19 ut-

102 313 225 28 skrifningsomräden,
351 319 45 16 som
419 312 33 22 för
474 313 74 27 hvarje
571 314 66 26 trupp
656 312 68 22 blifvit
739 311 119 26 bestämda,

101 348 108 26 tillämpas
226 347 79 28 jemväl
320 348 7 20 i
343 348 36 20 det
394 347 43 27 fall,
454 349 32 19 att
501 347 174 27 mobiliseringen
691 346 75 22 träffar
782 346 77 21 endast

102 389 26 15 en
144 382 33 22 del
193 382 23 22 af
229 383 126 26 trupperna.

417 451 75 21 KAP.
515 450 30 21 VI

243 515 37 20 Om
295 514 82 21 hästars
392 514 116 27 uttagande
524 514 39 20 och
579 514 137 20 aflemnande.

449 571 11 27 8
478 572 33 20 26.

170 613 35 21 Då
223 612 116 27 befallning
359 618 33 16 om
411 612 87 21 hästars
516 610 131 28 utskrifning
663 610 126 26 meddelats,
805 609 55 22 skall

101 646 227 28 besigtningsnämden
351 647 12 20 å
386 647 70 20 utsatt
478 646 32 21 tid
533 646 161 21 sammanträda
711 640 13 38 ä
744 644 115 26 lottnings-

103 681 108 22 områdets
226 681 166 27 samlingsplats.

211 721 82 16 samma
315 715 32 21 tid
369 714 53 22 böra
438 714 100 28 samtliga
552 714 114 27 hästegare
682 714 57 21 inom
756 712 102 26 området,

103 750 54 22 efter
179 750 94 26 kallelse,
296 750 32 21 till
347 749 189 27 samlingsplatsen
552 748 100 22 befordra
668 748 43 22 alla
726 748 48 21 dem
789 747 71 21 tillhö-

102 784 47 28 riga
170 784 82 27 hästar,
275 784 72 21 hvilka
368 784 46 21 före
436 784 41 21 den
496 785 8 19 1
522 783 92 22 Januari
629 789 81 15 samma
726 784 24 20 år
764 782 40 28 fylt
818 781 42 22 fem

103 820 30 26 år,
156 819 49 21 med
227 819 112 27 undantag
362 818 23 22 af
402 819 25 21 de
442 818 7 22 i
465 818 11 28 $
493 820 13 20 2
522 818 130 22 omnämnda
670 818 108 21 äfvensom
794 819 66 25 ögon-

102 854 109 26 skenligen
228 854 98 26 drägtiga
341 855 49 19 ston
406 853 39 21 och
461 854 49 20 ston
526 852 48 22 med
590 852 56 22 diföl.

171 888 88 26 Hästar,
279 894 45 15 som
343 888 46 21 icke
403 887 69 22 blifvit
488 887 100 21 hemtade
603 887 32 21 till
651 886 187 28 samlingsplatsen
854 886 6 20 i

102 922 89 27 behörig
209 922 38 27 tid,
263 924 53 20 utan
333 923 32 21 att
381 922 70 21 förfall
468 921 92 22 anmälts
577 921 38 21 och
631 921 113 27 godkänts,
760 920 99 22 inställas

103 963 76 21 genom
194 959 74 19 ortens
283 956 170 28 polisbetjening.

450 1019 12 28 $
479 1020 33 21 27.

171 1060 62 26 Häst,
253 1066 46 15 som
314 1060 36 21 vid
364 1060 112 27 pågående
492 1059 133 27 utskrifning
640 1058 68 22 finnes
723 1059 58 21 inom
796 1057 64 22 främ-

103 1094 76 22 mande
197 1094 202 27 lottningsområde,
414 1094 40 21 bör
470 1093 22 22 af
505 1093 155 22 innehafvaren
675 1092 137 22 framskaffas
828 1092 33 21 till

104 1128 60 22 detta
179 1129 98 21 områdes
293 1128 160 28 samlingsplats
470 1128 39 22 och
525 1130 24 20 är
565 1128 38 22 der
613 1127 148 23 underkastad
772 1126 88 22 utskrif-

103 1163 57 27 ning,
177 1164 70 21 såsom
263 1170 34 14 om
314 1163 49 22 dess
379 1169 63 21 egare
456 1169 52 15 vore
523 1163 58 21 inom
597 1162 97 22 området
709 1162 80 22 bosatt.

450 1232 12 27 8
478 1232 34 21 28.

171 1272 11 21 I
205 1272 40 21 den
269 1272 91 27 ordning
382 1272 106 21 hästarna
507 1272 33 21 till
555 1271 189 27 samlingsplatsen
760 1270 102 26 anlända,

103 1306 126 22 verkställes
249 1306 48 22 med
315 1306 48 22 dem
381 1306 123 28 besigtning
524 1306 39 22 och
578 1306 82 22 indelas
677 1306 26 21 de
717 1306 82 25 hästar,
816 1310 45 16 som

103 1340 114 28 godkänts,
236 1340 7 22 i
263 1340 88 27 klasser,
370 1340 113 22 hvaremot
499 1341 26 21 de
540 1340 101 28 odugliga
656 1340 132 22 omedelbart
803 1339 59 21 hem-

102 1374 108 23 förlofvas.

171 1409 29 21 Af
214 1409 26 21 de
255 1409 115 27 godkända
385 1408 105 22 hästarna
505 1410 89 26 uttagas
610 1409 90 21 klassvis
711 1408 47 22 icke
769 1408 92 21 allenast

103 1444 24 21 så
141 1443 86 27 många,
244 1449 45 15 som
305 1443 66 27 enligt
386 1442 149 28 fördelningen
551 1442 60 22 skola
626 1442 46 22 från
686 1442 176 27 lottningsområ-
