1028 1656
815 123 13 20 3

172 185 68 20 Redan
255 185 22 20 af
290 186 37 19 den
343 185 66 26 orsak,
425 188 30 17 att
469 186 92 19 utländsk
577 187 86 24 spanmål
679 188 57 22 utgör
751 188 29 17 ett
790 186 68 19 lifsvil-

99 215 38 19 kor
154 214 31 20 för
200 211 151 23 Östra-Finland
367 215 37 19 och
419 215 61 22 ryska
494 215 92 26 Karelen,
603 215 59 20 borde
673 215 89 24 Ladogas
773 215 85 19 hammar

98 245 58 22 göras
180 243 70 20 lättare
273 243 120 24 tillgängliga
415 243 32 19 för
463 244 33 19 det
511 244 42 19 inre
565 244 77 25 landet;
656 245 57 18 dessa
728 244 85 26 hamnar,
827 243 31 19 till

101 272 67 19 hvilka
182 273 67 23 mjölet
264 275 144 21 transporteras
418 272 66 19 direkt
492 272 42 19 från
543 273 35 18 det
586 273 41 18 inre
638 273 106 24 Rysslands
752 272 105 25 spanmäls-

100 301 123 26 marknader,
244 301 77 19 komma
341 301 35 19 allt
392 301 96 23 framgent
504 303 29 17 att
548 301 76 23 åtnjuta
639 302 78 23 mycket
731 304 42 17 stor
787 301 70 19 tillför-

100 329 37 20 sel.
170 329 36 20 Det
229 329 41 20 inre
294 329 77 19 landets
387 329 72 20 talrika
475 329 118 27 befolkning,
609 335 39 14 som
664 331 72 18 saknar
750 330 39 19 alla
803 330 54 19 kom-

99 358 150 25 munikationer,
273 358 60 19 borde
349 357 114 20 förmedelst
478 359 82 23 jernväg
582 361 62 17 sättas
658 359 8 19 i
681 359 118 19 förbindelse
814 358 44 19 med

99 387 34 19 det
148 387 62 23 öfriga
225 387 72 19 landet.

172 416 81 19 Härtills
269 415 35 20 har
319 421 43 14 man
379 415 59 24 byggt
449 416 104 23 jernvägar
569 421 68 18 genom
652 417 38 18 tätt
703 415 104 20 befolkade
817 415 40 23 nej-

99 445 36 18 der
158 444 7 19 i
188 445 36 18 den
250 444 101 19 förmodan
366 447 29 16 att
410 445 57 18 deras
483 444 121 19 rentabilitet
618 445 108 23 dymedelst
741 446 22 17 är
778 444 79 19 säkrare

100 473 124 25 garanterad,
240 479 42 13 men
296 479 42 13 man
355 473 35 19 har
404 473 61 19 insett
479 473 34 19 det
523 479 47 13 vara
581 475 28 17 ett
619 473 86 26 misstag,
715 473 74 19 bvilket
801 472 56 19 äfven

101 501 136 20 erfarenheten
258 501 43 20 från
318 501 107 24 Uleåborgs
441 502 62 19 banan
519 501 107 20 bekräftar.
656 503 10 18 I
682 501 79 20 främsta
776 502 82 19 rummet

102 530 60 19 borde
184 531 73 23 hänsyn
279 533 54 20 tagas
349 531 29 18 till
394 531 60 19 redan
470 530 53 19 förut
539 530 117 24 förefintliga
671 530 94 27 fabriker,
781 531 29 18 till
826 535 31 14 or-

101 561 43 17 tens
160 559 112 24 lämplighet
288 560 31 19 för
330 559 90 20 framtida
432 559 213 24 fabriksanläggningar
656 562 49 16 samt
715 560 44 19 dess
770 559 87 19 rikedom

101 588 26 24 på
141 588 99 21 räämnen,
270 588 42 19 Den
328 588 21 19 af
363 589 37 22 mig
416 588 109 23 föreslagna
538 588 94 19 bandelen
644 588 98 24 uppfyller
753 588 37 19 alla
801 588 57 18 dessa

102 617 123 26 betingelser,
241 617 73 18 hvilket
331 617 56 19 äfven
403 617 75 19 bevisas
493 617 62 22 deraf,
571 620 29 16 att
615 617 80 26 Pamilo,
711 623 24 13 en
750 616 20 20 af
784 616 73 19 Koida-

100 645 54 25 jokis
178 648 71 17 största
275 645 68 27 forsar,
365 646 60 19 redan
441 646 62 19 delvis
519 645 63 20 blifvit
597 646 42 19 såld
655 646 30 19 till
700 646 47 19 slikt
762 645 94 20 ändamål.

174 675 8 18 I
207 674 103 24 anledning
331 674 21 19 af
369 675 64 23 dåliga
449 675 189 19 kommunikationer
653 675 88 23 betingar
755 675 29 23 sig
799 679 59 18 span-

103 703 63 19 målen
192 706 28 16 ett
235 703 92 19 oerhördt
343 704 47 23 pris.
421 703 84 19 Sålunda
521 704 91 23 utgjorde
627 704 7 18 i
650 704 91 18 Ilomants
756 704 63 23 priset
832 702 26 24 pä

102 733 38 17 den
162 732 92 26 spanmä!,
274 732 74 19 kronan
364 732 61 19 under
441 733 90 18 sednaste
546 733 62 18 nödär
623 732 97 26 utlånade,
735 732 33 19 det
783 734 75 17 enormt

103 760 50 24 höga
168 759 28 21 33
211 766 18 18 p.
247 766 34 18 per
296 761 41 19 kilo
353 760 30 20 för
398 761 35 23 räg
443 761 37 19 och
496 762 27 19 24
538 767 19 17 p.
574 761 31 19 för
620 760 61 20 hafra.

175 789 29 19 De
220 789 118 26 kommuner,
353 790 66 18 hvilka
432 790 76 18 komme
521 792 29 16 att
562 790 60 23 draga
632 792 56 21 nytta
697 789 22 19 af
728 790 63 18 denna
803 789 55 25 bana,

103 819 45 17 äro:
174 824 24 12 en
223 818 31 18 del
273 818 21 19 af
309 818 124 24 Tohmajärvi
449 818 36 19 och
501 818 163 26 Kiihtelysvaara,
680 818 123 24 Korpiselkä,
820 817 37 19 Ilo-

103 848 70 22 mants,
189 846 48 25 Eno,
252 846 117 26 Pielisjärvi,
386 847 88 25 Nurmes,
490 847 70 25 Juuka,
577 847 127 25 Rautavaara,
717 846 141 24 Kuhmoniemi,

104 874 99 25 Sotkamo,
227 876 142 24 Suomussalmi,
395 876 129 24 Hyrynsalmi,
547 876 105 24 Poolanka,
668 876 87 19 Paltamo
771 875 36 19 och
823 875 34 20 Sä-

103 904 98 18 räisniemi
217 907 48 16 samt
280 904 76 24 Kajana
371 905 43 18 stad
430 904 37 20 och
482 904 82 20 Nurmes
579 905 79 24 köping.

176 932 93 23 Slutligen
295 933 30 19 mä
349 935 85 23 nämnas,
450 935 29 17 att
495 934 23 18 de
533 934 119 24 kommuner,
667 933 66 19 hvilka
747 932 63 20 skulle
825 933 33 19 be-

103 962 55 18 röras
185 961 21 19 af
228 962 112 24 jernvägen,
366 962 57 19 hafva
444 961 101 20 förbundit
560 962 29 24 sig
604 962 30 19 till
649 964 53 17 stora
718 961 139 25 uppoffringar.

104 989 25 19 Sä
154 989 36 19 har
210 993 14 16 t.
245 996 29 14 ex.
290 990 93 20 Ilomants
403 991 73 19 socken
491 991 12 19 &
518 991 191 19 kommunalstämma
724 991 37 19 den
777 990 26 20 21
819 990 39 20 De-

103 1018 78 19 cember
205 1018 54 20 1896
282 1018 99 20 förbundit
397 1020 28 22 sig
443 1022 30 16 att
488 1024 45 14 utan
549 1020 107 23 ersättning
670 1019 52 19 afstä
737 1019 30 19 för
784 1022 74 17 jernvä-

103 1052 47 18 gens
161 1047 60 19 behof
235 1048 24 18 all
275 1048 111 24 ouppodlad
403 1048 60 26 mark,
480 1048 76 25 40,000
571 1049 85 23 sleepers
672 1054 35 18 per
725 1048 71 19 mantal
809 1050 50 17 samt

104 1075 13 19 2
133 1076 55 18 mark
204 1076 31 19 för
249 1076 67 24 hvarje
327 1077 110 23 personella
448 1077 101 24 utskylder
561 1077 101 19 betalande
672 1082 131 18 mansperson.
820 1076 38 20 Det

103 1106 22 17 är
146 1110 24 13 en
195 1105 60 23 vigtig
270 1105 77 24 uppgift
361 1105 30 19 för
407 1106 34 18 vär
456 1106 157 24 representation
628 1108 28 16 att
672 1112 20 13 se
707 1106 36 24 till,
759 1106 32 18 det
805 1106 53 23 jern-

103 1135 85 21 vägarna
200 1134 69 23 dragas
285 1135 21 18 sä
321 1134 78 24 mycket
413 1140 40 13 som
470 1135 75 23 möjligt
560 1135 29 18 till
605 1135 75 19 landets
692 1135 47 24 inre,
755 1137 21 21 ty
789 1134 33 19 det
829 1133 29 20 öf-

103 1162 42 22 riga
166 1162 65 19 landet
253 1162 36 19 har
307 1163 59 19 redan
382 1163 29 19 till
427 1164 42 18 stor
485 1164 31 18 del
531 1169 68 18 genom
616 1162 120 20 förbättrade
752 1162 107 20 kommuni-

103 1190 91 19 kationer
216 1191 81 20 kommit
315 1193 5 17 i
336 1191 177 20 trafikförbindelse
529 1192 42 19 med
588 1192 190 25 verläsmarknaden,
792 1192 7 19 i
815 1192 43 19 sak-

102 1219 41 19 nad
168 1219 69 20 hvaraf
258 1221 34 18 det
314 1221 121 18 vidsträckta
454 1221 161 19 Norra-Karelen
634 1221 31 19 för
687 1224 29 16 ett
730 1221 85 24 tynande
830 1219 28 22 lif.

175 1248 29 19 På
224 1249 61 23 grund
301 1249 21 19 af
340 1249 33 19 det
389 1249 119 24 ofvansagda
524 1249 60 20 borde
600 1249 75 20 således
689 1250 106 23 jernvägen
811 1249 48 19 ovil-

103 1276 90 23 korligen
209 1277 101 20 fortsättas
325 1281 69 16 norrut
409 1277 44 20 från
468 1278 97 19 Karelska
577 1278 62 19 banan
650 1284 68 18 genom
731 1279 34 18 det
775 1278 26 24 på
809 1283 49 14 sam-

104 1305 117 20 färdsmedel
236 1306 75 25 fattiga,
326 1312 42 13 men
383 1307 26 24 på
425 1307 64 18 forsar
504 1307 37 19 och
557 1307 110 19 råmaterial
682 1307 43 19 rika
741 1307 37 19 och
796 1307 64 19 starkt

103 1333 118 20 trafikerade
244 1335 41 18 inre
305 1335 70 24 landet,
398 1337 20 22 ty
434 1335 6 19 i
456 1335 70 20 sådant
541 1335 34 20 fall
591 1336 59 23 droge
664 1336 106 23 jernvägen
785 1335 31 19 till
830 1335 30 24 sig

103 1368 23 13 en
143 1366 41 15 stor
200 1363 30 19 del
246 1363 21 19 af
281 1363 60 24 ryska
357 1364 95 19 Karelens
468 1364 161 20 handelsrörelse.

174 1391 38 24 Jag
227 1391 58 24 vågar
301 1392 66 19 derför
383 1393 112 24 ödmjukast
510 1393 78 19 anhålla
603 1395 29 17 att
646 1393 121 19 hedervärda
782 1392 77 19 Bonde-

102 1419 80 20 ståndet
198 1421 61 23 jemte
281 1420 63 23 öfriga
365 1421 58 19 stånd
441 1421 46 20 ville
502 1421 35 20 hos
552 1421 53 20 Hans
620 1421 110 25 Kejserliga
745 1421 93 24 Majestät
852 1421 7 18 i

103 1448 61 19 under
178 1448 79 25 ånighet
271 1449 86 20 anhålla:
