<?xml version="1.0" encoding="UTF-8"?>
<alto xmlns="http://www.loc.gov/standards/alto/ns-v3#" xmlns:xlink="http://www.w3.org/1999/xlink" xmlns:xsi="http://www.w3.org/2001/XMLSchema-instance" xsi:schemaLocation="http://www.loc.gov/standards/alto/ns-v3# http://www.loc.gov/alto/v3/alto-3-0.xsd">
	<Description>
		<MeasurementUnit>pixel</MeasurementUnit>
		<sourceImageInformation>
			<fileName>/tmp/tess_i8nhwmce_input.PNG</fileName>
		</sourceImageInformation>
		<OCRProcessing ID="OCR_0">
			<ocrProcessingStep>
				<processingSoftware>
					<softwareName>tesseract 5.3.4</softwareName>
				</processingSoftware>
			</ocrProcessingStep>
		</OCRProcessing>
	</Description>
	<Layout>
		<Page WIDTH="1025" HEIGHT="1656" PHYSICAL_IMG_NR="0" ID="page_0">
			<PrintSpace HPOS="0" VPOS="0" WIDTH="1025" HEIGHT="1656">
				<ComposedBlock ID="cblock_0" HPOS="226" VPOS="138" WIDTH="490" HEIGHT="29">
					<TextBlock ID="block_0" HPOS="226" VPOS="138" WIDTH="490" HEIGHT="29">
						<TextLine ID="line_0" HPOS="226" VPOS="138" WIDTH="490" HEIGHT="29">
							<String ID="string_0" HPOS="226" VPOS="138" WIDTH="27" HEIGHT="21" WC="0.96" CONTENT="12"/><SP WIDTH="168" VPOS="138" HPOS="253"/>
							<String ID="string_1" HPOS="421" VPOS="139" WIDTH="22" HEIGHT="23" WC="0.91" CONTENT="U."/><SP WIDTH="17" VPOS="139" HPOS="443"/>
							<String ID="string_2" HPOS="460" VPOS="140" WIDTH="22" HEIGHT="21" WC="0.91" CONTENT="B."/><SP WIDTH="18" VPOS="140" HPOS="482"/>
							<String ID="string_3" HPOS="500" VPOS="152" WIDTH="28" HEIGHT="2" WC="0.91" CONTENT="—"/><SP WIDTH="18" VPOS="152" HPOS="528"/>
							<String ID="string_4" HPOS="546" VPOS="139" WIDTH="61" HEIGHT="28" WC="0.94" CONTENT="Prop."/><SP WIDTH="17" VPOS="139" HPOS="607"/>
							<String ID="string_5" HPOS="624" VPOS="140" WIDTH="38" HEIGHT="22" WC="0.95" CONTENT="N:o"/><SP WIDTH="16" VPOS="140" HPOS="662"/>
							<String ID="string_6" HPOS="678" VPOS="140" WIDTH="38" HEIGHT="21" WC="0.96" CONTENT="29."/>
						</TextLine>
					</TextBlock>
				</ComposedBlock>
				<ComposedBlock ID="cblock_1" HPOS="198" VPOS="240" WIDTH="748" HEIGHT="88">
					<TextBlock ID="block_1" HPOS="198" VPOS="240" WIDTH="748" HEIGHT="88">
						<TextLine ID="line_1" HPOS="519" VPOS="240" WIDTH="94" HEIGHT="18">
							<String ID="string_7" HPOS="519" VPOS="240" WIDTH="57" HEIGHT="18" WC="0.93" CONTENT="KAP."/><SP WIDTH="14" VPOS="240" HPOS="576"/>
							<String ID="string_8" HPOS="590" VPOS="241" WIDTH="23" HEIGHT="17" WC="0.90" CONTENT="V."/>
						</TextLine>
						<TextLine ID="line_2" HPOS="198" VPOS="299" WIDTH="748" HEIGHT="29">
							<String ID="string_9" HPOS="198" VPOS="299" WIDTH="41" HEIGHT="21" WC="0.96" CONTENT="Om"/><SP WIDTH="21" VPOS="299" HPOS="239"/>
							<String ID="string_10" HPOS="260" VPOS="300" WIDTH="35" HEIGHT="20" WC="0.96" CONTENT="det"/><SP WIDTH="21" VPOS="300" HPOS="295"/>
							<String ID="string_11" HPOS="316" VPOS="300" WIDTH="35" HEIGHT="20" WC="0.93" CONTENT="till"/><SP WIDTH="22" VPOS="300" HPOS="351"/>
							<String ID="string_12" HPOS="373" VPOS="300" WIDTH="137" HEIGHT="28" WC="0.29" CONTENT="utskrifming"/><SP WIDTH="23" VPOS="300" HPOS="510"/>
							<String ID="string_13" HPOS="533" VPOS="300" WIDTH="111" HEIGHT="21" WC="0.92" CONTENT="bestämda"/><SP WIDTH="16" VPOS="300" HPOS="644"/>
							<String ID="string_14" HPOS="660" VPOS="300" WIDTH="141" HEIGHT="22" WC="0.88" CONTENT="hästantalets"/><SP WIDTH="14" VPOS="300" HPOS="801"/>
							<String ID="string_15" HPOS="815" VPOS="300" WIDTH="131" HEIGHT="28" WC="0.95" CONTENT="fördelning."/>
						</TextLine>
					</TextBlock>
				</ComposedBlock>
				<ComposedBlock ID="cblock_2" HPOS="531" VPOS="365" WIDTH="65" HEIGHT="27">
					<TextBlock ID="block_2" HPOS="531" VPOS="365" WIDTH="65" HEIGHT="27">
						<TextLine ID="line_3" HPOS="531" VPOS="365" WIDTH="65" HEIGHT="27">
							<String ID="string_16" HPOS="531" VPOS="365" WIDTH="12" HEIGHT="27" WC="0.88" CONTENT="s"/><SP WIDTH="19" VPOS="365" HPOS="543"/>
							<String ID="string_17" HPOS="562" VPOS="366" WIDTH="34" HEIGHT="20" WC="0.96" CONTENT="22."/>
						</TextLine>
					</TextBlock>
				</ComposedBlock>
				<ComposedBlock ID="cblock_3" HPOS="192" VPOS="412" WIDTH="758" HEIGHT="572">
					<TextBlock ID="block_3" HPOS="194" VPOS="412" WIDTH="756" HEIGHT="136">
						<TextLine ID="line_4" HPOS="266" VPOS="412" WIDTH="684" HEIGHT="28">
							<String ID="string_18" HPOS="266" VPOS="412" WIDTH="32" HEIGHT="22" WC="0.96" CONTENT="På"/><SP WIDTH="20" VPOS="412" HPOS="298"/>
							<String ID="string_19" HPOS="318" VPOS="413" WIDTH="71" HEIGHT="27" WC="0.96" CONTENT="grund"/><SP WIDTH="19" VPOS="413" HPOS="389"/>
							<String ID="string_20" HPOS="408" VPOS="413" WIDTH="21" HEIGHT="21" WC="0.96" CONTENT="af"/><SP WIDTH="23" VPOS="413" HPOS="429"/>
							<String ID="string_21" HPOS="452" VPOS="413" WIDTH="26" HEIGHT="21" WC="0.96" CONTENT="de"/><SP WIDTH="23" VPOS="413" HPOS="478"/>
							<String ID="string_22" HPOS="501" VPOS="415" WIDTH="73" HEIGHT="19" WC="0.96" CONTENT="senast"/><SP WIDTH="22" VPOS="415" HPOS="574"/>
							<String ID="string_23" HPOS="596" VPOS="413" WIDTH="137" HEIGHT="27" WC="0.96" CONTENT="förtecknade"/><SP WIDTH="22" VPOS="413" HPOS="733"/>
							<String ID="string_24" HPOS="755" VPOS="413" WIDTH="116" HEIGHT="21" WC="0.95" CONTENT="hästarnas"/><SP WIDTH="16" VPOS="413" HPOS="871"/>
							<String ID="string_25" HPOS="887" VPOS="414" WIDTH="63" HEIGHT="21" WC="0.96" CONTENT="antal"/>
						</TextLine>
						<TextLine ID="line_5" HPOS="194" VPOS="448" WIDTH="755" HEIGHT="29">
							<String ID="string_26" HPOS="194" VPOS="454" WIDTH="50" HEIGHT="22" WC="0.96" CONTENT="eger"/><SP WIDTH="24" VPOS="454" HPOS="244"/>
							<String ID="string_27" HPOS="268" VPOS="448" WIDTH="92" HEIGHT="22" WC="0.96" CONTENT="Senaten"/><SP WIDTH="21" VPOS="448" HPOS="360"/>
							<String ID="string_28" HPOS="381" VPOS="449" WIDTH="8" HEIGHT="21" WC="0.96" CONTENT="i"/><SP WIDTH="20" VPOS="449" HPOS="389"/>
							<String ID="string_29" HPOS="409" VPOS="448" WIDTH="83" HEIGHT="22" WC="0.96" CONTENT="samråd"/><SP WIDTH="17" VPOS="448" HPOS="492"/>
							<String ID="string_30" HPOS="509" VPOS="448" WIDTH="50" HEIGHT="22" WC="0.93" CONTENT="med"/><SP WIDTH="16" VPOS="448" HPOS="559"/>
							<String ID="string_31" HPOS="575" VPOS="449" WIDTH="226" HEIGHT="28" WC="0.88" CONTENT="Generalguvernören"/><SP WIDTH="16" VPOS="449" HPOS="801"/>
							<String ID="string_32" HPOS="817" VPOS="449" WIDTH="80" HEIGHT="21" WC="0.96" CONTENT="fördela"/><SP WIDTH="16" VPOS="449" HPOS="897"/>
							<String ID="string_33" HPOS="913" VPOS="450" WIDTH="36" HEIGHT="20" WC="0.96" CONTENT="det"/>
						</TextLine>
						<TextLine ID="line_6" HPOS="194" VPOS="484" WIDTH="755" HEIGHT="29">
							<String ID="string_34" HPOS="194" VPOS="484" WIDTH="31" HEIGHT="21" WC="0.93" CONTENT="till"/><SP WIDTH="16" VPOS="484" HPOS="225"/>
							<String ID="string_35" HPOS="241" VPOS="484" WIDTH="130" HEIGHT="28" WC="0.92" CONTENT="utskrifning"/><SP WIDTH="16" VPOS="484" HPOS="371"/>
							<String ID="string_36" HPOS="387" VPOS="485" WIDTH="66" HEIGHT="27" WC="0.93" CONTENT="enligt"/><SP WIDTH="16" VPOS="485" HPOS="453"/>
							<String ID="string_37" HPOS="469" VPOS="486" WIDTH="12" HEIGHT="26" WC="0.91" CONTENT="$"/><SP WIDTH="17" VPOS="486" HPOS="481"/>
							<String ID="string_38" HPOS="498" VPOS="486" WIDTH="13" HEIGHT="20" WC="0.96" CONTENT="4"/><SP WIDTH="12" VPOS="486" HPOS="511"/>
							<String ID="string_39" HPOS="523" VPOS="484" WIDTH="111" HEIGHT="22" WC="0.96" CONTENT="bestämda"/><SP WIDTH="10" VPOS="484" HPOS="634"/>
							<String ID="string_40" HPOS="644" VPOS="486" WIDTH="79" HEIGHT="20" WC="0.96" CONTENT="antalet"/><SP WIDTH="10" VPOS="486" HPOS="723"/>
							<String ID="string_41" HPOS="733" VPOS="486" WIDTH="71" HEIGHT="20" WC="0.96" CONTENT="hästar"/><SP WIDTH="9" VPOS="486" HPOS="804"/>
							<String ID="string_42" HPOS="813" VPOS="485" WIDTH="28" HEIGHT="28" WC="0.97" CONTENT="pä"/><SP WIDTH="10" VPOS="485" HPOS="841"/>
							<String ID="string_43" HPOS="851" VPOS="486" WIDTH="98" HEIGHT="27" WC="0.96" CONTENT="samtliga"/>
						</TextLine>
						<TextLine ID="line_7" HPOS="194" VPOS="520" WIDTH="315" HEIGHT="28">
							<String ID="string_44" HPOS="194" VPOS="520" WIDTH="35" HEIGHT="21" WC="0.96" CONTENT="län"/><SP WIDTH="16" VPOS="520" HPOS="229"/>
							<String ID="string_45" HPOS="245" VPOS="520" WIDTH="41" HEIGHT="21" WC="0.93" CONTENT="och"/><SP WIDTH="16" VPOS="520" HPOS="286"/>
							<String ID="string_46" HPOS="302" VPOS="520" WIDTH="207" HEIGHT="28" WC="0.90" CONTENT="uppbådsområden."/>
						</TextLine>
					</TextBlock>
					<TextBlock ID="block_4" HPOS="193" VPOS="555" WIDTH="755" HEIGHT="94">
						<TextLine ID="line_8" HPOS="266" VPOS="555" WIDTH="682" HEIGHT="30">
							<String ID="string_47" HPOS="266" VPOS="555" WIDTH="159" HEIGHT="29" WC="0.95" CONTENT="Fördelningen"/><SP WIDTH="23" VPOS="555" HPOS="425"/>
							<String ID="string_48" HPOS="448" VPOS="557" WIDTH="21" HEIGHT="21" WC="0.96" CONTENT="af"/><SP WIDTH="22" VPOS="557" HPOS="469"/>
							<String ID="string_49" HPOS="491" VPOS="557" WIDTH="27" HEIGHT="21" WC="0.96" CONTENT="de"/><SP WIDTH="16" VPOS="557" HPOS="518"/>
							<String ID="string_50" HPOS="534" VPOS="557" WIDTH="48" HEIGHT="21" WC="0.96" CONTENT="från"/><SP WIDTH="16" VPOS="557" HPOS="582"/>
							<String ID="string_51" HPOS="598" VPOS="559" WIDTH="30" HEIGHT="19" WC="0.93" CONTENT="ett"/><SP WIDTH="15" VPOS="559" HPOS="628"/>
							<String ID="string_52" HPOS="643" VPOS="556" WIDTH="184" HEIGHT="29" WC="0.91" CONTENT="uppbådsområde"/><SP WIDTH="16" VPOS="556" HPOS="827"/>
							<String ID="string_53" HPOS="843" VPOS="557" WIDTH="105" HEIGHT="28" WC="0.96" CONTENT="utgående"/>
						</TextLine>
						<TextLine ID="line_9" HPOS="193" VPOS="591" WIDTH="754" HEIGHT="29">
							<String ID="string_54" HPOS="193" VPOS="591" WIDTH="72" HEIGHT="21" WC="0.96" CONTENT="hästar"/><SP WIDTH="15" VPOS="591" HPOS="265"/>
							<String ID="string_55" HPOS="280" VPOS="592" WIDTH="27" HEIGHT="28" WC="0.96" CONTENT="på"/><SP WIDTH="16" VPOS="592" HPOS="307"/>
							<String ID="string_56" HPOS="323" VPOS="592" WIDTH="159" HEIGHT="22" WC="0.93" CONTENT="vederbörande"/><SP WIDTH="16" VPOS="592" HPOS="482"/>
							<String ID="string_57" HPOS="498" VPOS="592" WIDTH="208" HEIGHT="28" WC="0.90" CONTENT="lottningsområden"/><SP WIDTH="16" VPOS="592" HPOS="706"/>
							<String ID="string_58" HPOS="722" VPOS="593" WIDTH="123" HEIGHT="21" WC="0.92" CONTENT="verkställes"/><SP WIDTH="16" VPOS="593" HPOS="845"/>
							<String ID="string_59" HPOS="861" VPOS="593" WIDTH="21" HEIGHT="21" WC="0.92" CONTENT="af"/><SP WIDTH="12" VPOS="593" HPOS="882"/>
							<String ID="string_60" HPOS="894" VPOS="599" WIDTH="53" HEIGHT="21" WC="0.92" CONTENT="upp-"/>
						</TextLine>
						<TextLine ID="line_10" HPOS="193" VPOS="626" WIDTH="153" HEIGHT="23">
							<String ID="string_61" HPOS="193" VPOS="626" WIDTH="153" HEIGHT="23" WC="0.91" CONTENT="bådsnämden."/>
						</TextLine>
					</TextBlock>
					<TextBlock ID="block_5" HPOS="529" VPOS="658" WIDTH="67" HEIGHT="28">
						<TextLine ID="line_11" HPOS="529" VPOS="658" WIDTH="67" HEIGHT="28">
							<String ID="string_62" HPOS="529" VPOS="658" WIDTH="15" HEIGHT="28" WC="0.83" CONTENT="8"/><SP WIDTH="18" VPOS="658" HPOS="544"/>
							<String ID="string_63" HPOS="562" VPOS="659" WIDTH="34" HEIGHT="20" WC="0.96" CONTENT="23."/>
						</TextLine>
					</TextBlock>
					<TextBlock ID="block_6" HPOS="193" VPOS="705" WIDTH="754" HEIGHT="92">
						<TextLine ID="line_12" HPOS="266" VPOS="705" WIDTH="681" HEIGHT="29">
							<String ID="string_64" HPOS="266" VPOS="705" WIDTH="12" HEIGHT="20" WC="0.94" CONTENT="I"/><SP WIDTH="22" VPOS="705" HPOS="278"/>
							<String ID="string_65" HPOS="300" VPOS="706" WIDTH="155" HEIGHT="28" WC="0.96" CONTENT="sammanhang"/><SP WIDTH="22" VPOS="706" HPOS="455"/>
							<String ID="string_66" HPOS="477" VPOS="706" WIDTH="49" HEIGHT="21" WC="0.96" CONTENT="med"/><SP WIDTH="24" VPOS="706" HPOS="526"/>
							<String ID="string_67" HPOS="550" VPOS="706" WIDTH="152" HEIGHT="28" WC="0.96" CONTENT="fördelningen"/><SP WIDTH="20" VPOS="706" HPOS="702"/>
							<String ID="string_68" HPOS="722" VPOS="706" WIDTH="21" HEIGHT="20" WC="0.96" CONTENT="af"/><SP WIDTH="19" VPOS="706" HPOS="743"/>
							<String ID="string_69" HPOS="762" VPOS="706" WIDTH="35" HEIGHT="21" WC="0.93" CONTENT="det"/><SP WIDTH="12" VPOS="706" HPOS="797"/>
							<String ID="string_70" HPOS="809" VPOS="706" WIDTH="138" HEIGHT="28" WC="0.93" CONTENT="erforderliga"/>
						</TextLine>
						<TextLine ID="line_13" HPOS="193" VPOS="740" WIDTH="754" HEIGHT="30">
							<String ID="string_71" HPOS="193" VPOS="740" WIDTH="80" HEIGHT="22" WC="0.89" CONTENT="antalet"/><SP WIDTH="26" VPOS="740" HPOS="273"/>
							<String ID="string_72" HPOS="299" VPOS="741" WIDTH="71" HEIGHT="21" WC="0.95" CONTENT="hästar"/><SP WIDTH="21" VPOS="741" HPOS="370"/>
							<String ID="string_73" HPOS="391" VPOS="741" WIDTH="26" HEIGHT="28" WC="0.93" CONTENT="pä"/><SP WIDTH="23" VPOS="741" HPOS="417"/>
							<String ID="string_74" HPOS="440" VPOS="742" WIDTH="63" HEIGHT="21" WC="0.96" CONTENT="länen"/><SP WIDTH="20" VPOS="742" HPOS="503"/>
							<String ID="string_75" HPOS="523" VPOS="742" WIDTH="40" HEIGHT="21" WC="0.93" CONTENT="och"/><SP WIDTH="21" VPOS="742" HPOS="563"/>
							<String ID="string_76" HPOS="584" VPOS="742" WIDTH="214" HEIGHT="28" WC="0.71" CONTENT="uppbädsomrädena"/><SP WIDTH="23" VPOS="742" HPOS="798"/>
							<String ID="string_77" HPOS="821" VPOS="742" WIDTH="126" HEIGHT="21" WC="0.96" CONTENT="bestämmes"/>
						</TextLine>
						<TextLine ID="line_14" HPOS="194" VPOS="776" WIDTH="71" HEIGHT="21">
							<String ID="string_78" HPOS="194" VPOS="776" WIDTH="71" HEIGHT="21" WC="0.91" CONTENT="äfven:"/>
						</TextLine>
					</TextBlock>
					<TextBlock ID="block_7" HPOS="194" VPOS="812" WIDTH="752" HEIGHT="64">
						<TextLine ID="line_15" HPOS="266" VPOS="812" WIDTH="680" HEIGHT="30">
							<String ID="string_79" HPOS="266" VPOS="814" WIDTH="41" HEIGHT="24" WC="0.88" CONTENT="1:0)"/><SP WIDTH="17" VPOS="814" HPOS="307"/>
							<String ID="string_80" HPOS="324" VPOS="812" WIDTH="47" HEIGHT="22" WC="0.91" CONTENT="frän"/><SP WIDTH="19" VPOS="812" HPOS="371"/>
							<String ID="string_81" HPOS="390" VPOS="813" WIDTH="80" HEIGHT="21" WC="0.91" CONTENT="hvilket"/><SP WIDTH="16" VPOS="813" HPOS="470"/>
							<String ID="string_82" HPOS="486" VPOS="814" WIDTH="53" HEIGHT="20" WC="0.93" CONTENT="eller"/><SP WIDTH="15" VPOS="814" HPOS="539"/>
							<String ID="string_83" HPOS="554" VPOS="813" WIDTH="74" HEIGHT="22" WC="0.93" CONTENT="hvilka"/><SP WIDTH="15" VPOS="813" HPOS="628"/>
							<String ID="string_84" HPOS="643" VPOS="814" WIDTH="215" HEIGHT="28" WC="0.92" CONTENT="utskrifningsställen"/><SP WIDTH="15" VPOS="814" HPOS="858"/>
							<String ID="string_85" HPOS="873" VPOS="814" WIDTH="73" HEIGHT="26" WC="0.92" CONTENT="hvarje"/>
						</TextLine>
						<TextLine ID="line_16" HPOS="194" VPOS="849" WIDTH="752" HEIGHT="27">
							<String ID="string_86" HPOS="194" VPOS="849" WIDTH="63" HEIGHT="27" WC="0.91" CONTENT="trupp"/><SP WIDTH="17" VPOS="849" HPOS="257"/>
							<String ID="string_87" HPOS="274" VPOS="854" WIDTH="50" HEIGHT="22" WC="0.88" CONTENT="eger"/><SP WIDTH="16" VPOS="854" HPOS="324"/>
							<String ID="string_88" HPOS="340" VPOS="849" WIDTH="93" HEIGHT="21" WC="0.92" CONTENT="afhemta"/><SP WIDTH="16" VPOS="849" HPOS="433"/>
							<String ID="string_89" HPOS="449" VPOS="849" WIDTH="26" HEIGHT="21" WC="0.93" CONTENT="de"/><SP WIDTH="16" VPOS="849" HPOS="475"/>
							<String ID="string_90" HPOS="491" VPOS="850" WIDTH="127" HEIGHT="20" WC="0.92" CONTENT="densamma"/><SP WIDTH="16" VPOS="850" HPOS="618"/>
							<String ID="string_91" HPOS="634" VPOS="850" WIDTH="160" HEIGHT="20" WC="0.89" CONTENT="tillkommande"/><SP WIDTH="17" VPOS="850" HPOS="794"/>
							<String ID="string_92" HPOS="811" VPOS="850" WIDTH="78" HEIGHT="26" WC="0.92" CONTENT="hästar;"/><SP WIDTH="17" VPOS="850" HPOS="889"/>
							<String ID="string_93" HPOS="906" VPOS="850" WIDTH="40" HEIGHT="20" WC="0.96" CONTENT="och"/>
						</TextLine>
					</TextBlock>
					<TextBlock ID="block_8" HPOS="192" VPOS="884" WIDTH="755" HEIGHT="100">
						<TextLine ID="line_17" HPOS="266" VPOS="884" WIDTH="681" HEIGHT="29">
							<String ID="string_94" HPOS="266" VPOS="885" WIDTH="42" HEIGHT="26" WC="0.91" CONTENT="2:0)"/><SP WIDTH="17" VPOS="885" HPOS="308"/>
							<String ID="string_95" HPOS="325" VPOS="884" WIDTH="27" HEIGHT="28" WC="0.93" CONTENT="pä"/><SP WIDTH="16" VPOS="884" HPOS="352"/>
							<String ID="string_96" HPOS="368" VPOS="885" WIDTH="87" HEIGHT="21" WC="0.90" CONTENT="hvilken"/><SP WIDTH="16" VPOS="885" HPOS="455"/>
							<String ID="string_97" HPOS="471" VPOS="885" WIDTH="53" HEIGHT="21" WC="0.93" CONTENT="eller"/><SP WIDTH="15" VPOS="885" HPOS="524"/>
							<String ID="string_98" HPOS="539" VPOS="886" WIDTH="73" HEIGHT="20" WC="0.93" CONTENT="hvilka"/><SP WIDTH="16" VPOS="886" HPOS="612"/>
							<String ID="string_99" HPOS="628" VPOS="886" WIDTH="71" HEIGHT="27" WC="0.93" CONTENT="dagar,"/><SP WIDTH="15" VPOS="886" HPOS="699"/>
							<String ID="string_100" HPOS="714" VPOS="886" WIDTH="91" HEIGHT="20" WC="0.93" CONTENT="räknadt"/><SP WIDTH="14" VPOS="886" HPOS="805"/>
							<String ID="string_101" HPOS="819" VPOS="885" WIDTH="46" HEIGHT="21" WC="0.93" CONTENT="frän"/><SP WIDTH="16" VPOS="885" HPOS="865"/>
							<String ID="string_102" HPOS="881" VPOS="886" WIDTH="66" HEIGHT="20" WC="0.96" CONTENT="första"/>
						</TextLine>
						<TextLine ID="line_18" HPOS="192" VPOS="919" WIDTH="753" HEIGHT="29">
							<String ID="string_103" HPOS="192" VPOS="919" WIDTH="235" HEIGHT="29" WC="0.91" CONTENT="mobiliseringsdagen,"/><SP WIDTH="24" VPOS="919" HPOS="427"/>
							<String ID="string_104" HPOS="451" VPOS="921" WIDTH="145" HEIGHT="21" WC="0.92" CONTENT="aflemnandet"/><SP WIDTH="26" VPOS="921" HPOS="596"/>
							<String ID="string_105" HPOS="622" VPOS="922" WIDTH="21" HEIGHT="20" WC="0.93" CONTENT="af"/><SP WIDTH="25" VPOS="922" HPOS="643"/>
							<String ID="string_106" HPOS="668" VPOS="922" WIDTH="71" HEIGHT="20" WC="0.92" CONTENT="hästar"/><SP WIDTH="26" VPOS="922" HPOS="739"/>
							<String ID="string_107" HPOS="765" VPOS="921" WIDTH="52" HEIGHT="21" WC="0.92" CONTENT="skall"/><SP WIDTH="22" VPOS="921" HPOS="817"/>
							<String ID="string_108" HPOS="839" VPOS="921" WIDTH="13" HEIGHT="21" WC="0.92" CONTENT="&amp;"/><SP WIDTH="21" VPOS="921" HPOS="852"/>
							<String ID="string_109" HPOS="873" VPOS="922" WIDTH="72" HEIGHT="26" WC="0.92" CONTENT="hvarje"/>
						</TextLine>
						<TextLine ID="line_19" HPOS="192" VPOS="955" WIDTH="176" HEIGHT="29">
							<String ID="string_110" HPOS="192" VPOS="955" WIDTH="60" HEIGHT="22" WC="0.93" CONTENT="ställe"/><SP WIDTH="17" VPOS="955" HPOS="252"/>
							<String ID="string_111" HPOS="269" VPOS="956" WIDTH="99" HEIGHT="28" WC="0.85" CONTENT="försiggä."/>
						</TextLine>
					</TextBlock>
				</ComposedBlock>
				<ComposedBlock ID="cblock_4" HPOS="533" VPOS="1023" WIDTH="63" HEIGHT="26">
					<TextBlock ID="block_9" HPOS="533" VPOS="1023" WIDTH="63" HEIGHT="26">
						<TextLine ID="line_20" HPOS="533" VPOS="1023" WIDTH="63" HEIGHT="26">
							<String ID="string_112" HPOS="533" VPOS="1023" WIDTH="12" HEIGHT="26" WC="0.82" CONTENT="$"/><SP WIDTH="17" VPOS="1023" HPOS="545"/>
							<String ID="string_113" HPOS="562" VPOS="1023" WIDTH="34" HEIGHT="20" WC="0.90" CONTENT="24."/>
						</TextLine>
					</TextBlock>
				</ComposedBlock>
				<ComposedBlock ID="cblock_5" HPOS="191" VPOS="1068" WIDTH="755" HEIGHT="65">
					<TextBlock ID="block_10" HPOS="191" VPOS="1068" WIDTH="755" HEIGHT="65">
						<TextLine ID="line_21" HPOS="264" VPOS="1068" WIDTH="682" HEIGHT="29">
							<String ID="string_114" HPOS="264" VPOS="1068" WIDTH="203" HEIGHT="29" WC="0.88" CONTENT="Hästfördelningen"/><SP WIDTH="21" VPOS="1068" HPOS="467"/>
							<String ID="string_115" HPOS="488" VPOS="1069" WIDTH="57" HEIGHT="22" WC="0.88" CONTENT="afser"/><SP WIDTH="16" VPOS="1069" HPOS="545"/>
							<String ID="string_116" HPOS="561" VPOS="1070" WIDTH="104" HEIGHT="27" WC="0.93" CONTENT="fyllandet"/><SP WIDTH="15" VPOS="1070" HPOS="665"/>
							<String ID="string_117" HPOS="680" VPOS="1071" WIDTH="21" HEIGHT="20" WC="0.97" CONTENT="af"/><SP WIDTH="16" VPOS="1071" HPOS="701"/>
							<String ID="string_118" HPOS="717" VPOS="1070" WIDTH="96" HEIGHT="27" WC="0.96" CONTENT="samtliga"/><SP WIDTH="16" VPOS="1070" HPOS="813"/>
							<String ID="string_119" HPOS="829" VPOS="1070" WIDTH="32" HEIGHT="21" WC="0.93" CONTENT="till"/><SP WIDTH="14" VPOS="1070" HPOS="861"/>
							<String ID="string_120" HPOS="875" VPOS="1070" WIDTH="71" HEIGHT="21" WC="0.93" CONTENT="hästar"/>
						</TextLine>
						<TextLine ID="line_22" HPOS="191" VPOS="1103" WIDTH="324" HEIGHT="30">
							<String ID="string_121" HPOS="191" VPOS="1103" WIDTH="131" HEIGHT="28" WC="0.92" CONTENT="berättigade"/><SP WIDTH="16" VPOS="1103" HPOS="322"/>
							<String ID="string_122" HPOS="338" VPOS="1106" WIDTH="97" HEIGHT="27" WC="0.93" CONTENT="truppers"/><SP WIDTH="11" VPOS="1106" HPOS="435"/>
							<String ID="string_123" HPOS="446" VPOS="1105" WIDTH="69" HEIGHT="21" WC="0.92" CONTENT="behof."/>
						</TextLine>
					</TextBlock>
				</ComposedBlock>
				<ComposedBlock ID="cblock_6" HPOS="512" VPOS="1205" WIDTH="120" HEIGHT="21">
					<TextBlock ID="block_11" HPOS="512" VPOS="1205" WIDTH="120" HEIGHT="21">
						<TextLine ID="line_23" HPOS="512" VPOS="1205" WIDTH="120" HEIGHT="21">
							<String ID="string_124" HPOS="512" VPOS="1205" WIDTH="66" HEIGHT="21" WC="0.96" CONTENT="KAP."/><SP WIDTH="16" VPOS="1205" HPOS="578"/>
							<String ID="string_125" HPOS="594" VPOS="1205" WIDTH="38" HEIGHT="21" WC="0.88" CONTENT="VL"/>
						</TextLine>
					</TextBlock>
				</ComposedBlock>
				<ComposedBlock ID="cblock_7" HPOS="332" VPOS="1252" WIDTH="483" HEIGHT="29">
					<TextBlock ID="block_12" HPOS="332" VPOS="1252" WIDTH="483" HEIGHT="29">
						<TextLine ID="line_24" HPOS="332" VPOS="1252" WIDTH="483" HEIGHT="29">
							<String ID="string_126" HPOS="332" VPOS="1252" WIDTH="41" HEIGHT="21" WC="0.93" CONTENT="Om"/><SP WIDTH="16" VPOS="1252" HPOS="373"/>
							<String ID="string_127" HPOS="389" VPOS="1253" WIDTH="80" HEIGHT="21" WC="0.91" CONTENT="hästars"/><SP WIDTH="16" VPOS="1253" HPOS="469"/>
							<String ID="string_128" HPOS="485" VPOS="1253" WIDTH="117" HEIGHT="28" WC="0.92" CONTENT="uttagande"/><SP WIDTH="17" VPOS="1253" HPOS="602"/>
							<String ID="string_129" HPOS="619" VPOS="1253" WIDTH="40" HEIGHT="22" WC="0.93" CONTENT="och"/><SP WIDTH="15" VPOS="1253" HPOS="659"/>
							<String ID="string_130" HPOS="674" VPOS="1253" WIDTH="141" HEIGHT="22" WC="0.93" CONTENT="aflemnande."/>
						</TextLine>
					</TextBlock>
				</ComposedBlock>
				<ComposedBlock ID="cblock_8" HPOS="266" VPOS="1313" WIDTH="679" HEIGHT="76">
					<TextBlock ID="block_13" HPOS="266" VPOS="1313" WIDTH="679" HEIGHT="76">
						<TextLine ID="line_25" HPOS="530" VPOS="1313" WIDTH="66" HEIGHT="28">
							<String ID="string_131" HPOS="530" VPOS="1313" WIDTH="14" HEIGHT="28" WC="0.88" CONTENT="8"/><SP WIDTH="17" VPOS="1313" HPOS="544"/>
							<String ID="string_132" HPOS="561" VPOS="1314" WIDTH="35" HEIGHT="20" WC="0.95" CONTENT="25."/>
						</TextLine>
						<TextLine ID="line_26" HPOS="266" VPOS="1359" WIDTH="679" HEIGHT="30">
							<String ID="string_133" HPOS="266" VPOS="1359" WIDTH="33" HEIGHT="22" WC="0.94" CONTENT="Då"/><SP WIDTH="25" VPOS="1359" HPOS="299"/>
							<String ID="string_134" HPOS="324" VPOS="1359" WIDTH="119" HEIGHT="30" WC="0.94" CONTENT="befallning"/><SP WIDTH="15" VPOS="1359" HPOS="443"/>
							<String ID="string_135" HPOS="458" VPOS="1367" WIDTH="35" HEIGHT="15" WC="0.93" CONTENT="om"/><SP WIDTH="16" VPOS="1367" HPOS="493"/>
							<String ID="string_136" HPOS="509" VPOS="1361" WIDTH="84" HEIGHT="21" WC="0.93" CONTENT="hästars"/><SP WIDTH="15" VPOS="1361" HPOS="593"/>
							<String ID="string_137" HPOS="608" VPOS="1361" WIDTH="130" HEIGHT="28" WC="0.90" CONTENT="utskrifning"/><SP WIDTH="15" VPOS="1361" HPOS="738"/>
							<String ID="string_138" HPOS="753" VPOS="1361" WIDTH="123" HEIGHT="27" WC="0.96" CONTENT="meddelats,"/><SP WIDTH="15" VPOS="1361" HPOS="876"/>
							<String ID="string_139" HPOS="891" VPOS="1361" WIDTH="54" HEIGHT="21" WC="0.94" CONTENT="skall"/>
						</TextLine>
					</TextBlock>
				</ComposedBlock>
				<ComposedBlock ID="cblock_9" HPOS="190" VPOS="1395" WIDTH="755" HEIGHT="65">
					<TextBlock ID="block_14" HPOS="190" VPOS="1395" WIDTH="755" HEIGHT="65">
						<TextLine ID="line_27" HPOS="190" VPOS="1395" WIDTH="755" HEIGHT="29">
							<String ID="string_140" HPOS="190" VPOS="1395" WIDTH="229" HEIGHT="29" WC="0.92" CONTENT="besigtningsnämden"/><SP WIDTH="23" VPOS="1395" HPOS="419"/>
							<String ID="string_141" HPOS="442" VPOS="1397" WIDTH="13" HEIGHT="20" WC="0.84" CONTENT="ä"/><SP WIDTH="22" VPOS="1397" HPOS="455"/>
							<String ID="string_142" HPOS="477" VPOS="1398" WIDTH="66" HEIGHT="20" WC="0.96" CONTENT="utsatt"/><SP WIDTH="23" VPOS="1398" HPOS="543"/>
							<String ID="string_143" HPOS="566" VPOS="1397" WIDTH="30" HEIGHT="20" WC="0.96" CONTENT="tid"/><SP WIDTH="23" VPOS="1397" HPOS="596"/>
							<String ID="string_144" HPOS="619" VPOS="1397" WIDTH="156" HEIGHT="21" WC="0.91" CONTENT="sammanträda"/><SP WIDTH="24" VPOS="1397" HPOS="775"/>
							<String ID="string_145" HPOS="799" VPOS="1396" WIDTH="12" HEIGHT="21" WC="0.91" CONTENT="å"/><SP WIDTH="22" VPOS="1396" HPOS="811"/>
							<String ID="string_146" HPOS="833" VPOS="1397" WIDTH="112" HEIGHT="27" WC="0.91" CONTENT="lottnings-"/>
						</TextLine>
						<TextLine ID="line_28" HPOS="191" VPOS="1431" WIDTH="287" HEIGHT="29">
							<String ID="string_147" HPOS="191" VPOS="1431" WIDTH="108" HEIGHT="22" WC="0.96" CONTENT="områdets"/><SP WIDTH="16" VPOS="1431" HPOS="299"/>
							<String ID="string_148" HPOS="315" VPOS="1432" WIDTH="163" HEIGHT="28" WC="0.96" CONTENT="samlingsplats."/>
						</TextLine>
					</TextBlock>
				</ComposedBlock>
				<ComposedBlock ID="cblock_10" HPOS="263" VPOS="1466" WIDTH="465" HEIGHT="21">
					<TextBlock ID="block_15" HPOS="263" VPOS="1466" WIDTH="465" HEIGHT="21">
						<TextLine ID="line_29" HPOS="263" VPOS="1466" WIDTH="465" HEIGHT="21">
							<String ID="string_149" HPOS="263" VPOS="1466" WIDTH="209" HEIGHT="21" WC="0.90" CONTENT="Ekonomiutskottets"/><SP WIDTH="14" VPOS="1466" HPOS="472"/>
							<String ID="string_150" HPOS="486" VPOS="1467" WIDTH="127" HEIGHT="20" WC="0.96" CONTENT="betänkande"/><SP WIDTH="12" VPOS="1467" HPOS="613"/>
							<String ID="string_151" HPOS="625" VPOS="1468" WIDTH="39" HEIGHT="18" WC="0.96" CONTENT="N:o"/><SP WIDTH="14" VPOS="1468" HPOS="664"/>
							<String ID="string_152" HPOS="678" VPOS="1468" WIDTH="23" HEIGHT="18" WC="0.94" CONTENT="15"/><SP WIDTH="8" VPOS="1468" HPOS="701"/>
							<String ID="string_153" HPOS="709" VPOS="1473" WIDTH="19" HEIGHT="14" WC="0.94" CONTENT="a."/>
						</TextLine>
					</TextBlock>
				</ComposedBlock>
			</PrintSpace>
		</Page>
	</Layout>
</alto>
