1031 1659
180 108 29 22 10
404 108 26 22 U.
448 108 23 22 B.
489 122 27 2 —
533 108 75 29 Prop.
624 108 45 22 N:o
685 108 38 22 32.

178 180 51 22 leda
252 179 36 22 till
311 180 103 29 äsyftadt
437 180 107 22 ändamäl
559 180 9 22 i
583 180 39 22 det
645 180 47 28 fall,
709 182 36 20 att
765 180 44 21 den
829 179 103 23 sakfälde

177 216 120 29 verkligen
318 216 78 29 flyttat
414 216 36 22 till
468 224 75 14 annan
563 220 35 18 ort
617 219 29 19 än
665 216 50 28 den,
733 216 39 22 der
788 216 45 22 han
849 216 39 21 vid
904 215 28 21 ti-

178 252 45 22 den
251 252 36 22 för
315 251 153 23 sakfällandet
493 252 57 28 bott,
578 260 51 14 men
655 252 154 22 förhällandet
835 255 24 19 är
884 252 48 21 helt

178 288 147 28 annorlunda,
345 287 38 29 "dä
412 288 43 22 den
481 288 109 28 bötfälde,
617 290 75 20 såsom
718 288 71 22 oftast
812 290 25 19 är
860 287 70 28 fallet,

179 324 78 22 tillhör
273 324 43 21 den
331 324 48 22 lösa
394 324 164 29 befolkningen
574 324 42 22 och
632 324 24 22 at
671 332 28 14 en
715 324 54 22 eller
780 331 75 14 annan
865 324 67 21 orsak

178 359 99 29 begifvit
293 360 35 29 sig
343 360 52 22 bort
410 360 51 22 från
477 360 44 22 den
534 363 42 23 ort,
590 360 40 22 der
643 360 46 22 han
701 363 24 19 är
736 359 194 28 mantalskrifven,

178 396 80 22 dervid
281 396 56 22 hans
360 396 118 29 tillfälliga
492 396 159 29 uppehållsort
666 396 107 29 vanligen
793 396 50 22 icke
858 398 25 20 är
896 396 36 21 för

178 432 99 22 nämnda
295 432 161 29 myndigheter
474 432 68 28 känd,
563 432 120 22 hvaremot
702 432 104 29 kunskap
825 439 37 15 om
878 432 53 22 den-

177 475 87 14 samma
286 470 99 27 mången
408 470 60 27 gång
492 468 76 22 kunde
592 468 97 22 erhållas
713 468 52 22 från
789 471 69 19 annat
878 468 53 27 håll,

177 503 139 30 exempelvis
338 504 51 22 från
408 504 182 29 poliskammare,
612 504 144 29 sjömanshus
777 512 29 14 m.
828 504 21 22 fl.
866 512 65 21 myn-

178 539 111 29 digheter.
321 540 80 29 Enligt
421 540 131 22 Utskottets
574 540 69 22 tanke
661 540 72 22 borde
753 540 76 22 derför
844 540 87 22 föreva-

177 576 70 22 rande
271 576 124 27 stadgande
424 578 94 20 ersättas
542 576 51 22 med
615 584 28 14 en
666 584 49 14 mer
739 576 94 22 allmänt
856 576 76 22 hållen

177 611 118 23 föreskrift
325 612 82 28 derom,
438 614 34 20 att
497 612 117 29 möjligast
636 612 150 29 tillförlitliga
809 612 123 29 utredning

177 648 118 29 angående
313 648 44 22 den
377 648 113 22 bötfäldes
509 648 129 22 vistelseort
658 648 70 22 borde
743 648 90 29 bifogas
849 648 81 22 ansök-

176 684 86 28 ningen
285 691 36 14 om
345 684 178 29 handräckning.
545 698 25 2 —
588 684 11 22 I
620 684 106 22 ändamål
747 686 34 20 att
801 684 131 22 underlätta

177 720 105 22 sakfälde
300 728 117 21 personers
433 720 150 22 befordrande
600 720 34 22 till
651 720 160 29 undergäende
828 720 26 22 af
867 720 67 22 straff

177 756 42 21 har
233 756 121 22 Utskottet
373 756 109 29 derjemte
498 759 74 19 ansett
590 756 125 22 önskvärdt
731 759 34 19 att
775 756 155 29 saköresläng-

177 791 70 22 derna
267 792 113 22 innehölle
396 794 25 20 sä
436 800 134 22 noggranna
586 792 119 30 uppgifter
720 800 49 14 som
785 792 92 29 möjligt
892 800 38 14 an-

177 827 89 30 gående
282 828 42 22 den
341 827 113 24 bötfäldes
470 828 141 30 boningsort.

247 966 34 22 Pä
295 966 75 29 grund
386 967 27 21 af
425 967 61 22 hvad
500 967 70 22 ofvan
584 967 87 21 anförts
684 967 37 21 fär
731 966 121 22 Utskottet
864 966 66 22 vörd-

175 1004 61 20 samt
251 1002 94 22 föreslå:

463 1048 32 20 att
516 1046 129 22 Ständerna
665 1047 49 21 ville
737 1046 33 22 till
789 1052 54 15 svar
859 1045 14 22 ä
889 1046 41 21 den

391 1082 85 27 nädiga
493 1083 167 26 propositionen
676 1083 8 21 i
699 1081 178 27 underdänighet
892 1088 38 14 an-

390 1118 67 26 mäla,
474 1120 32 20 att
529 1118 127 22 Ständerna
676 1118 50 21 med
746 1116 74 28 några
839 1117 90 21 ändrin-

389 1160 43 21 gar
446 1154 97 28 godkänt
559 1154 42 22 den
614 1154 131 27 föreslagna
759 1153 170 27 förordningen,

391 1190 85 22 hvilken
491 1189 97 23 sålunda
603 1190 80 21 erhölle
696 1189 100 27 följande
811 1189 94 27 lydelse:

246 1266 128 28 Förordning,
396 1264 106 30 angående
526 1266 76 22 ändrad
625 1266 78 29 lydelse
724 1266 21 21 af
766 1266 13 21 2
797 1266 44 27 kap.
859 1265 13 22 6
891 1265 37 22 och

173 1301 14 22 8
203 1301 28 29 88
247 1302 55 22 samt
317 1302 14 22 6
347 1302 47 27 kap.
410 1303 15 21 4
440 1302 13 29 &
469 1300 199 30 rättegångsbalken.

246 1360 77 23 Jemte
339 1361 39 22 det
393 1361 146 23 föreskriften
554 1362 9 21 i
580 1362 11 21 1
608 1363 14 26 &
633 1362 27 21 af
669 1361 84 27 nådiga
767 1360 162 29 förordningen

173 1397 44 21 den
233 1397 29 21 23
279 1397 44 29 maj
343 1398 63 27 1864,
424 1399 34 20 att
475 1398 95 28 behörig
580 1397 163 29 saköreslängd
754 1397 58 21 skall
823 1396 106 22 insändas

245 1445 139 23 Lagutskottets
397 1446 117 18 betänkande
526 1444 38 20 N:o
577 1446 27 18 12.
