1039 1659
199 132 24 19 16
499 131 43 21 N:o
560 132 32 20 26.

167 199 47 21 Vid
237 199 121 21 anlitande
381 199 37 21 för
437 199 45 22 den
502 199 154 29 bredspåriga
672 199 79 21 banan
767 199 27 21 af
808 198 120 22 maximal-

168 233 107 28 stigning
294 240 37 14 om
350 236 61 25 0,020
433 233 78 22 kunde
534 233 41 22 väl
598 241 29 13 en
643 233 131 29 besparing,
792 233 74 28 enligt
889 240 39 21 ap-

167 268 141 28 proximativ
324 268 137 28 beräkning,
478 268 27 21 af
519 268 110 29 omkring
645 270 91 25 200,000
755 268 66 21 mark
836 268 90 27 vinnas,

168 309 54 14 men
237 309 70 22 synes
323 303 77 21 denna
415 303 94 21 skilnad
525 302 43 22 allt
584 303 37 21 för
637 303 58 20 liten
706 302 8 21 i
726 302 148 22 förhållande
890 302 38 21 till

167 336 46 22 den
224 336 71 22 häraf
303 337 168 22 föranledande
483 337 120 28 ökningen
613 337 9 21 i
632 337 81 22 trafik-
724 337 44 21 och
782 337 146 22 underhålls-

168 371 159 21 kostnaderna
353 371 38 22 för
418 374 35 19 att
477 374 85 26 utgöra
589 371 82 28 giltigt
699 371 52 22 skäl
777 371 38 22 till
837 371 90 22 banans

168 405 127 29 byggande
311 405 53 22 med
380 406 73 28 sagda
468 405 86 30 skarpa
570 406 139 29 stigningar.

237 439 48 22 Vid
299 439 39 22 val
354 440 27 21 af
395 440 111 28 spårvidd
522 441 37 20 för
574 440 183 29 ifrågavarande
767 440 87 22 bandel
863 440 65 21 Kuo-

168 473 159 29 pio—lisalmi
342 474 48 21 kan
405 474 21 29 ej
442 474 89 22 lemnas
547 474 130 21 obeaktadt
693 476 34 19 att
738 476 35 19 ett
782 473 145 29 frängäende

169 507 26 21 af
209 507 46 22 den
271 508 116 28 spårvidd,
408 515 48 14 som
477 508 81 21 blifvit
574 509 95 20 använd
683 508 38 21 för
737 508 114 22 Savolaks
865 508 62 29 jern-

167 545 54 26 väg,
237 542 21 29 ej
275 542 42 21 bör
333 549 43 22 ega
392 550 51 13 rum
458 544 57 20 utan
532 545 71 26 tungt
617 543 109 28 vägande
742 543 57 28 skäl,
816 543 111 21 särskildt

168 580 43 17 när
234 577 46 21 den
302 577 163 21 förstnämnda
483 577 80 22 banan
578 577 105 22 kommer
699 579 35 20 att
749 579 83 27 utgöra
848 585 29 14 en
891 579 37 20 ut-

168 611 139 28 sträckning
323 611 56 21 eller
395 611 152 29 förlängning
561 612 27 21 af
597 612 45 21 den
654 619 81 14 senare
747 612 44 21 och
802 612 45 21 den
858 612 69 21 fram-

168 645 51 22 tida
233 645 104 22 rörelsen
352 647 13 20 å
381 645 115 22 hvardera
511 647 136 28 lämpligast
663 647 61 21 skall
739 646 120 22 bedrifvas
875 647 7 20 i
894 648 33 19 ett

169 680 176 28 sammanhang,
356 680 62 21 helst
429 680 128 29 anledning
567 681 38 20 till
617 680 92 22 afbrott
721 680 56 21 eller
788 680 139 28 förändring

169 714 26 21 af
209 716 73 19 sättet
297 714 38 21 för
353 714 88 22 driften
459 715 41 21 vid
515 715 94 28 Kuopio
626 715 21 28 ej
664 715 133 21 förefinnes.
827 715 100 21 Frånses

168 748 48 21 kan
239 749 21 28 ej
280 749 73 21 heller
374 750 35 20 att
424 749 44 21 den
483 749 136 28 påräknade
635 749 157 28 besparingen
807 749 9 21 i
831 749 96 28 anlägg-

169 783 230 28 ningskostnaderna
415 783 37 21 till
467 783 93 22 förmån
571 784 38 21 för
620 783 39 22 det
671 783 73 22 smala
755 784 84 27 spåret,
851 783 76 21 såsom

169 817 28 21 af
210 817 40 21 det
265 817 133 29 uppgjorda
408 817 230 29 kostnadsförslaget
648 818 111 28 framgår,
771 817 96 22 vunnits
875 817 51 21 icke

170 851 62 21 blott
246 859 86 20 genom
350 852 137 29 minskning
502 852 8 21 i
525 852 143 28 spårvidden
683 854 58 19 utan
757 852 71 21 äfven
842 859 84 20 genom

169 885 126 22 införande
311 886 26 21 af
351 893 77 14 annan
443 887 138 28 utrustning
596 887 27 21 af
637 886 78 22 banan
731 889 30 18 än
772 886 44 21 den
828 893 48 14 som
887 886 40 21 vid

169 920 27 21 af
217 920 142 21 statsverket
381 920 124 22 bedrifven
525 920 200 29 jernvägsrörelse
748 920 62 21 visat
832 920 36 29 sig
889 920 38 21 väl

169 957 119 19 motsvara
304 955 142 26 samhällets,
465 955 119 22 klimatets
600 955 44 22 och
660 955 151 21 säkerhetens
827 955 101 21 fordrin-

168 997 43 20 gar
227 989 45 21 och
288 996 49 14 som
351 989 181 22 vidkommande
549 990 46 21 den
611 997 72 20 svaga
695 989 210 29 öfverbyggnaden
920 990 8 20 i

169 1023 149 22 förhållande
340 1023 45 22 till:
400 1024 28 21 de
451 1024 80 21 starka
549 1024 166 28 stigningarna
733 1023 20 29 ej
769 1023 74 22 heller
859 1031 68 20 synes

169 1057 138 22 ekonomisk
330 1060 60 19 samt
412 1057 146 22 beträffande
581 1058 116 21 särskilda
717 1058 77 28 öfriga
809 1057 65 22 delar
888 1059 40 27 på-

168 1092 77 21 kallar
267 1092 64 21 inom
354 1100 29 13 en
405 1096 58 18 nära
485 1093 98 21 framtid
605 1093 52 21 icke
680 1093 69 28 ringa
771 1093 101 28 utgifter
891 1093 37 21 för

168 1127 191 28 komplettering.
385 1127 188 22 Vidkommande
588 1127 147 22 underhålls-
751 1127 44 21 och
806 1127 122 22 driftkost-

169 1161 105 21 naderna
304 1164 39 18 äro
373 1161 118 22 desamma
518 1161 41 22 vid
587 1161 172 28 normalspårig
787 1161 61 21 bana
876 1161 52 21 med

169 1195 93 28 hänsyn
282 1195 37 21 till
337 1203 164 20 gynsammare
516 1195 286 30 stigningsförhållanden
817 1195 65 28 lägre
898 1199 30 18 än

169 1229 41 22 vid
239 1229 139 29 smalspårig
403 1229 67 22 bana.
508 1230 47 21 För
584 1230 151 21 anordnande
761 1230 27 21 af
811 1237 27 14 en
865 1231 63 27 spår-

169 1263 154 22 brottstation
341 1263 8 22 i
367 1264 116 21 närheten
501 1265 26 21 af
541 1264 139 29 bangården
694 1264 8 21 i
718 1264 94 29 Kuopio
829 1265 99 21 förestår

168 1299 37 20 att
221 1298 140 21 öfvervinna
376 1299 152 28 synnerligen
543 1301 64 19 stora
618 1299 249 28 terrängsvårigheter,
879 1307 49 14 som

169 1332 107 21 medföra
295 1332 133 29 betydande
447 1333 128 21 kostnader
589 1333 52 21 icke
657 1333 63 21 blott
734 1333 40 21 vid
790 1333 139 28 anläggnin-

168 1373 53 21 gen,
237 1370 59 18 utan
315 1367 71 21 äfven
405 1367 126 21 framdeles
547 1367 8 21 i
570 1367 101 21 trafiken
690 1367 45 21 och
751 1367 39 21 det
805 1367 8 21 i
829 1367 99 21 förökad

168 1400 60 28 grad
243 1401 9 21 i
268 1400 45 22 den
335 1402 55 20 mån
412 1402 103 21 rörelsen
537 1401 104 21 kommer
665 1403 35 19 att
720 1401 94 28 tilltaga
830 1400 44 22 och
890 1408 39 13 an-

169 1435 115 22 stalterna
306 1436 27 21 af
353 1435 74 22 sådan
450 1436 69 22 orsak
537 1436 96 28 påkalla
651 1435 151 29 utvidgning.
832 1435 46 22 Vid
894 1435 35 21 så-
