1045 1659
161 140 28 20 18
378 138 28 22 U.
423 138 26 22 B.
466 151 27 3 —
510 138 76 28 Prop.
601 137 45 23 N:o
661 137 38 23 23.

160 210 87 28 ningen
271 210 35 21 uti
322 209 174 29 ifrågavarande
512 210 107 22 afseende
641 209 52 23 med
717 209 43 22 den
784 209 8 21 i
817 210 11 21 1
853 210 13 26 $
889 208 25 23 af

160 245 164 29 förordningen
348 246 118 28 angående
492 253 66 21 egors
582 246 109 22 fredande
715 245 26 22 af
763 245 43 22 den
831 246 27 21 19
874 244 38 22 de-

160 281 88 22 cember
275 282 57 22 1864
358 282 101 21 uttalade
486 282 131 28 grundsats,
644 282 74 28 enligt
743 281 95 22 hvilken
856 280 56 30 häg-

159 317 191 29 nadsskyldighet
376 325 100 21 grannar
502 318 95 22 emellan
623 318 51 22 icke
701 325 53 21 eger
779 324 56 20 rum,
855 319 56 19 utan

159 361 68 21 egare
250 353 26 22 af
297 353 92 22 kreatur
412 354 88 28 åligger
524 356 34 20 att
574 354 87 22 afhälla
677 354 66 21 dessa
757 353 52 22 från
825 355 34 20 att
874 353 37 21 be-

159 389 66 22 träda
241 396 86 15 annans
342 389 70 22 mark.
443 389 45 22 Det
515 390 69 22 borde
608 390 87 21 således
717 388 86 30 jemväl
825 388 87 23 beträf-

159 424 68 23 fande
247 425 200 29 jernvägsområde
469 425 149 23 föreskrifvas
635 433 67 21 egare
726 425 24 22 af
765 424 97 30 husdjur
877 426 34 20 att

159 468 82 22 genom
257 460 105 30 vallning
377 461 55 22 eller
455 462 144 21 annorlunda
621 461 62 22 tillse
706 463 35 20 att
764 460 82 30 djuren
862 460 50 22 icke

158 496 117 22 inkomma
304 498 30 28 på
365 497 63 22 detta
459 498 97 21 område.
597 498 63 21 Enär
689 497 121 29 jordegare
839 496 72 22 likväl

158 540 82 21 genom
265 535 34 19 att
320 532 98 30 jernväg
441 533 75 22 leddes
540 540 83 22 genom
649 533 58 22 hans
723 540 53 22 egor
792 532 118 22 åhvälfdes

159 576 28 14 en
210 568 60 22 ökad
292 571 73 26 tunga
388 569 51 21 med
457 569 95 29 hänsigt
574 569 37 22 till
629 568 195 28 kreatursvården,
841 568 70 22 borde

158 604 52 22 med
233 604 149 29 tillämpning
410 604 26 22 af
461 604 138 30 stadgandet
626 605 9 21 i
663 606 14 21 6
701 606 12 26 &
740 604 25 22 af
791 605 58 21 1864
874 605 36 21 års

158 640 228 29 expropriationslag,
399 640 136 30 jordegaren
552 641 40 21 vid
607 640 202 30 expropriationen
825 640 85 22 erhålla

157 676 147 29 godtgörelse
328 677 7 21 i
358 678 34 20 ett
408 676 36 22 för
459 677 41 21 allt
515 676 37 22 för
567 676 41 22 sitt
624 676 96 23 sålunda
736 676 72 22 ökade
823 676 87 22 besvär.

159 712 87 22 Genom
270 712 146 29 bestämning
441 712 77 22 derom
542 715 34 19 att
599 713 75 21 denna
693 712 129 29 ersättning
837 712 73 21 skulle

157 748 138 28 uppskattas
311 748 37 22 till
364 748 58 22 fulla
438 748 81 22 värdet
535 762 27 3 —
580 748 79 22 dervid
675 748 59 22 dock
749 755 62 21 noga
820 748 89 28 hänsyn

157 784 70 22 borde
243 786 65 27 tagas
324 784 38 22 till
378 784 84 22 vidden
478 784 26 22 af
518 784 38 22 det
573 785 85 27 besvär,
670 792 49 14 som
729 783 98 23 faktiskt
837 784 73 21 åsam-

157 820 68 22 kades
238 820 144 30 jordegaren,
407 822 56 21 utan
490 823 34 20 att
550 821 156 29 ersättningen
731 819 178 29 nödvändigtvis

157 856 98 22 behöfde
270 856 110 23 beräknas
396 857 57 22 efter
468 857 151 22 kostnaderna
635 857 35 22 för
685 856 113 29 stängsels
806 858 104 27 upprätt-

156 892 114 28 hållande,
286 892 90 22 hvilket
391 893 38 22 väl
445 900 53 15 vore
514 895 34 19 att
564 900 65 14 anses
644 894 74 20 såsom
737 892 39 22 det
799 892 110 22 kostsam-

156 930 73 20 maste
244 936 53 14 men
312 928 127 29 ingalunda
454 929 67 22 alltid
536 930 73 21 såsom
625 929 39 21 det
679 928 131 29 tjenligaste
826 927 83 22 medlet

156 966 35 19 att
213 964 87 22 afhålla
322 966 92 21 kreatur
437 965 50 22 från
510 972 87 15 annans
620 964 65 22 mark
704 977 28 3 —
756 964 77 22 blefve
845 963 63 29 jord-

156 1007 94 21 egarens
271 1000 95 22 intresse
382 1000 8 22 i
406 1001 44 21 allo
466 1000 149 30 tillgodosedt
629 1000 43 22 och
689 999 146 29 obestridligt
849 1006 60 21 vore,

155 1038 36 19 att
205 1035 179 30 jernvägsegare
400 1044 82 21 genom
498 1038 34 20 ett
554 1036 128 29 stadgande
707 1036 8 21 i
739 1035 84 29 antydt
847 1035 62 29 syfte

155 1071 74 22 skulle
245 1071 107 22 försättas
375 1073 8 20 i
408 1072 53 22 vida
477 1080 160 21 gynsammare
652 1071 112 29 ställning
780 1074 29 19 än
824 1070 84 30 lagför-

154 1107 76 29 slaget
245 1107 125 29 inrymmer
386 1109 24 21 åt
425 1108 89 22 honom.

225 1143 112 22 Häremot
352 1143 124 23 föranlåtes
496 1144 121 22 Utskottet
641 1143 126 23 emellertid
794 1142 113 28 anmärka,

154 1180 35 20 att
205 1178 44 22 den
264 1179 9 21 i
290 1180 10 21 1
318 1180 12 26 &
347 1179 26 22 af
386 1179 272 29 egofredsförordningen
674 1178 103 23 uttalade
788 1178 117 29 principen

154 1227 28 3 —
199 1215 74 21 såsom
289 1215 69 21 också
374 1215 176 30 förordningens
565 1216 80 21 rubrik
661 1214 98 30 antyder
776 1227 25 3 —
827 1214 79 22 endast

152 1250 74 28 gäller
249 1258 65 22 egors
333 1251 110 23 fredande
457 1254 49 20 mot
520 1252 78 28 skada,
613 1251 134 23 förorsakad
763 1251 26 22 af
803 1250 104 29 husdjur,

152 1293 53 14 men
220 1286 127 29 ingalunda
362 1288 103 28 innebär,
482 1290 35 20 att
532 1288 50 27 den,
597 1287 69 23 hvars
682 1287 98 29 husdjur
795 1286 38 23 till
848 1286 58 29 följd

152 1321 27 22 af
193 1322 117 22 bristande
325 1323 103 29 eftersyn
444 1324 122 22 inkommit
582 1324 12 22 å
610 1331 86 14 annans
712 1322 64 23 mark
792 1324 59 20 samt
866 1322 40 22 der

154 1357 53 22 lidit
230 1358 76 28 skada,
322 1358 80 23 härför
416 1359 61 29 finge
492 1360 75 28 skylla
583 1360 36 28 sig
635 1359 60 29 sjelf,
711 1358 92 23 hvadan
819 1358 86 22 således

150 1393 73 29 sagda
237 1393 90 29 lagrum
342 1394 52 22 icke
409 1398 25 18 är
449 1395 137 29 tillämpligt
601 1395 8 21 i
624 1402 32 14 nu
671 1394 176 30 ifrågavarande
857 1394 48 22 fall.

150 1428 13 22 I
179 1430 42 22 vår
235 1429 152 31 lagstiftning
403 1434 25 18 är
444 1430 67 22 äfven
528 1430 44 22 den
588 1430 154 30 grundsatsen
760 1429 89 23 uttalad
863 1432 41 26 att,

222 1477 140 23 Lagutskottets
375 1478 117 19 betänkande
504 1479 38 18 N:o
555 1479 16 19 7.
