1028 1659
820 106 14 20 3

103 169 45 20 fullt
168 169 91 24 allvarlig
279 169 180 25 uppmärksamhet.
481 169 36 20 och
539 169 27 19 dä
588 171 29 17 ett
640 169 87 24 ensidigt
746 168 37 20 och
802 168 62 20 bråd-

102 200 66 22 moget
183 198 65 19 beslut
263 198 102 24 angäende
383 198 174 20 Savolaksbanans
575 197 126 25 förlängning
719 198 68 19 säkert
798 196 64 20 skulle

103 226 90 20 medföra
210 226 21 20 ät
247 226 42 20 öfre
304 225 155 21 Nord-Karelenv
476 227 79 23 följder,
570 226 68 20 hvilka
653 232 44 14 man
713 226 71 20 bittert
799 226 64 19 skulle

103 255 20 19 få
137 255 63 24 ångra
215 255 37 20 och
267 255 67 20 hvilka
349 256 18 23 ej
383 261 54 14 mera
453 256 61 18 sedan
529 255 67 19 kunde
611 254 107 26 afhjelpas.

172 295 30 19 De
217 295 178 24 undersökningar,
410 296 68 19 hvilka
493 298 34 17 äro
543 295 81 20 utförda
638 295 7 19 i
660 296 37 19 och
714 295 31 19 för
757 294 105 20 Savolaks-

103 324 76 20 banans
199 324 124 24 förlängning
344 324 95 24 klargöra
457 324 108 24 ingalunda
583 324 69 20 skälen
668 324 30 20 till
715 323 98 20 Karelska
827 323 35 20 ba-

103 358 50 14 nans
172 352 139 24 fortsättande,
333 355 52 17 ännu
404 353 76 19 mindre
496 354 24 18 de
536 353 130 26 syopunkter,
682 352 68 20 hvilka
765 354 49 22 göra
829 352 34 19 det

103 381 32 20 för
157 381 153 21 Nord-Karelen
333 382 90 24 omöjligt
445 384 30 17 att
497 382 76 20 erhålla
596 387 24 14 en
640 382 84 24 jernväg
743 382 7 18 i
768 381 95 20 händelse

105 410 159 20 Savolaksbanan
280 411 113 19 utsträckes
409 410 30 20 till
454 410 85 25 Kajana.

174 450 57 20 Hvad
253 450 92 24 slutligen
367 451 60 24 angår
450 452 25 18 de
497 451 181 24 sakförhållanden,
697 456 42 14 som
756 451 109 24 garantera

103 480 128 24 möjligheten
247 480 21 19 af
281 486 25 13 en
322 480 114 24 utveckling
451 479 32 21 för
497 480 161 25 Nord-Karelen,
673 485 32 14 om
720 479 52 20 blott
780 480 84 24 jernväg

105 508 30 19 dit
152 508 66 20 kunde
239 508 92 25 erhållas,
347 509 50 23 våga
411 509 18 19 vi
445 509 8 19 i
468 509 55 19 detta
538 509 94 19 afseende
648 509 52 19 fästa
715 508 149 24 uppmärksam-

105 536 34 20 het
157 537 27 25 pä
204 537 87 25 följande
313 538 174 23 omständigheter.
517 537 10 19 I
546 538 160 24 Nord-Karelen,
726 536 137 25 isynnerhet
853 532 14 35 i

104 565 122 25 Pielisjärvis
242 566 79 24 omnejd
336 566 44 20 med
395 566 46 20 dess
457 566 105 20 fruktbara
577 567 37 19 och
630 566 131 23 vidsträckta,
777 566 86 23 odlings-

104 594 50 20 bara
175 595 79 19 marker
274 594 64 20 skulle
358 595 44 19 icke
425 595 52 19 blott
497 595 131 19 landtbruket
644 595 36 19 och
696 594 117 25 isynnerhet
827 594 36 19 bo-

105 623 151 25 skapsskötseln
277 624 75 19 erhålla
375 630 23 13 en
416 624 55 19 förut
486 624 64 20 oanad
566 624 120 23 utveckling,
702 626 48 17 utan
765 623 57 20 äfven
839 623 24 19 de

105 652 36 19 där
164 652 100 24 befintliga
286 652 69 24 många
377 652 130 20 vattenfallen
526 653 37 19 och
582 653 24 19 de
622 653 72 23 rikliga
709 653 107 19 råämnena
830 651 32 19 för

102 681 54 24 jern-
178 681 37 19 och
237 681 130 19 träindustrin
388 681 62 23 borga
472 681 31 20 för
518 682 132 24 uppkomsten
666 681 22 20 af
702 687 23 13 en
741 680 121 25 mängfaldig

104 709 160 20 fabriksrörelse.
295 710 52 19 Utan
366 712 29 17 att
413 712 103 18 omnämna
534 711 24 18 de
575 711 62 19 strida
652 710 128 20 vattenfallen
796 710 6 18 i
817 709 45 19 Pie-

104 738 60 24 liself,
186 738 21 20 af
227 738 67 20 hvilka
311 739 32 19 vid
359 739 161 19 Kaltimonkoski
535 745 42 14 som
592 740 45 18 bäst
652 740 85 18 inrättas
752 740 30 18 ett
797 738 65 20 träsli-

104 767 51 23 peri,
176 766 63 20 finnas
260 768 6 18 i
286 768 108 24 Koidajoki
414 768 80 24 väldiga
513 768 72 23 forsar,
600 768 22 19 af
636 768 67 19 hvilka
719 768 34 19 det
767 767 96 25 ryktbara

104 794 76 21 Pamilo
196 795 57 20 äfven
269 796 78 24 nyligen
362 796 57 20 torde
435 796 66 20 blifvit
517 797 70 24 inköpt
603 797 6 18 i
624 797 37 19 och
676 796 31 20 för
720 802 24 14 en
757 796 105 20 industriel

105 824 124 24 anläggning.
259 824 106 20 Dessutom
382 824 63 21 finnes
463 825 32 19 rik
514 825 123 20 vattenkraft
652 825 6 19 i
674 825 101 23 Ilomants,
792 824 70 20 Pielis-

103 852 60 26 järvi,
178 853 84 19 Nurmes
281 854 36 19 och
333 854 72 19 Juuka.
435 854 30 19 De
481 854 54 20 förut
549 856 6 17 i
571 854 51 24 gång
638 854 86 20 varande
740 853 122 23 fabrikerna,

105 880 128 21 Pankakoski
249 882 38 20 och
303 882 190 20 Kuokkastenkoski
509 883 64 19 skulle
588 883 62 19 redan
665 883 7 19 i
688 883 37 19 och
740 882 33 20 för
787 883 30 23 sig
832 882 30 18 tili

107 916 24 13 en
153 910 70 24 början
245 911 53 23 gifva
317 912 109 23 jernvägen
445 918 23 12 en
489 912 76 24 ganska
582 912 88 24 betydlig
687 912 67 20 trafik.
783 910 79 20 Panka-

106 938 59 20 koski
181 939 51 19 bruk
247 940 32 18 vid
294 940 119 24 Pielisjärvi,
428 940 77 20 hvilket
519 946 42 14 som
571 940 45 20 bäst
629 940 90 24 utvidgas
731 941 5 18 i
749 940 38 19 den
801 939 62 24 skala,

107 969 30 18 att
157 968 33 19 det
209 968 40 19 blir
267 974 23 13 en
309 968 22 20 af
347 969 44 19 värt
409 970 57 18 lands
482 971 74 18 största
569 969 95 24 jernverk
680 969 37 20 och
732 969 87 19 kommer
834 970 30 18 att

107 996 77 20 erhälla
205 1002 88 19 masugn,
312 998 79 24 gjuteri,
409 998 98 23 valsverk,
526 998 118 23 martinugn,
663 998 149 20 bessemerverk
827 997 37 19 och

106 1026 179 23 remontverkstad,
303 1026 107 24 hvarjemte
429 1027 34 19 det
481 1027 84 19 med:lst
581 1032 25 14 en
621 1026 117 25 smalspårig
753 1026 12 19 5
782 1026 82 19 kilome-

107 1056 30 17 ter
158 1054 46 24 läng
225 1055 82 24 jernväg
329 1055 80 19 förenas
424 1056 45 18 med
485 1056 74 19 Lieksa
574 1056 65 23 hamn,
655 1056 64 18 skulle
735 1055 61 24 enligt
811 1055 53 19 med-

107 1082 84 20 delande
210 1083 87 20 medföra
315 1084 22 19 ät
350 1084 107 24 jernvägen
473 1084 104 24 fraktgods
592 1084 26 24 pä
633 1085 59 19 minst
707 1082 157 26 2,500—3,000

107 1114 41 18 ton.
179 1110 41 21 Och
236 1112 33 19 det
283 1112 120 24 råmaterial,
419 1118 42 14 som
470 1114 51 18 -med
534 1114 106 23 jernvägen
658 1113 76 19 komme
747 1115 30 17 att
791 1112 74 24 impor=

107 1141 61 24 teras,
183 1141 57 19 torde
257 1141 30 19 väl
303 1142 51 23 stiga
369 1141 31 19 till
415 1147 74 14 samma
505 1142 60 20 siffra.
596 1141 191 20 Kuokkastenkoski
803 1141 61 19 bruks

107 1168 230 26 tackjernstillverkning
362 1170 91 24 utgjorde
479 1171 49 19 sista
552 1171 45 19 året
620 1170 113 24 2,740,361
761 1170 103 23 kilogram.

107 1197 65 20 Dessa
190 1198 107 24 jernbruks
316 1200 83 22 styrelse
415 1199 36 19 har
466 1199 108 23 försäkrat,
591 1201 29 17 att
636 1200 58 18 deras
710 1200 73 23 import
800 1198 65 20 skulle

107 1225 98 25 betydligt
219 1226 78 24 tilltaga
312 1227 51 19 efter
378 1227 115 20 erhällande
509 1228 21 20 af
543 1229 89 23 jernväg,
647 1230 21 22 ty
683 1228 26 19 dä
719 1228 24 19 de
755 1227 62 19 under
827 1227 39 19 den

107 1260 39 14 ena
160 1254 74 20 hälften
250 1255 21 20 af
285 1255 43 20 året
343 1258 35 18 äro
390 1256 97 20 hindrade
499 1259 29 17 att
539 1258 113 23 exportera,
663 1256 36 20 har
712 1256 154 23 tillverkningen

108 1282 21 20 af
143 1284 66 19 denna
223 1284 60 20 orsak
298 1284 122 21 inskränkts.

177 1323 112 24 Jernvägen
311 1324 31 19 till
361 1324 52 24 godo
434 1325 64 19 skulle
519 1331 45 13 man
585 1325 62 19 ocksä
665 1325 67 20 kunna
750 1325 63 19 räkna
828 1325 38 19 den

108 1354 72 22 export
194 1352 37 20 och
247 1352 72 24 import
334 1353 30 19 till
379 1353 37 19 och
432 1353 45 20 frän
493 1354 33 19 det
541 1354 26 24 pä
583 1354 63 19 andra
660 1354 56 20 sidan
732 1356 85 22 gränsen
832 1353 34 19 be-

108 1380 58 23 lägna
188 1381 61 23 ryska
270 1381 94 26 Karelen,
382 1382 80 20 hvilken
481 1382 59 20 trafik
555 1388 27 14 nu
597 1382 41 20 helt
654 1383 36 19 och
705 1382 63 20 hållet
783 1382 35 24 går
833 1388 35 18 ge-

107 1413 46 15 nom
168 1408 111 25 Pielisjärvi
295 1410 38 19 och
347 1410 91 20 Nurmes.
