1045 1659
181 144 28 21 16
398 143 29 23 U.
443 144 26 22 B.
485 158 28 2 —
530 144 74 29 Prop.
620 144 45 23 N:o
681 144 37 22 23.

181 214 105 22 kommen
309 215 77 23 skada.
417 216 36 22 En
476 216 68 22 sädan
570 216 136 30 anordning,
733 223 46 15 som
805 224 31 14 nu
862 216 70 22 föror-

181 250 57 28 dats,
263 251 72 22 skulle
359 252 82 21 bereda
454 252 195 28 jernvägsegaren
664 251 104 29 lindring
791 252 8 21 i
819 252 113 29 hägnads-

181 286 169 29 skyldigheten,
373 287 43 22 och
439 287 176 23 vidkommande
631 289 50 21 åter
695 287 138 29 jordegaren
848 288 46 22 kan
910 288 20 28 ej

180 322 52 22 med
255 322 41 30 fog
317 324 77 28 pästäs
411 325 34 19 att
460 324 84 21 honom
559 323 135 29 härigenom
709 323 168 29 tillskyndades
893 325 39 21 nä-

181 365 47 21 gon
243 358 128 29 olägenhet.

252 394 13 21 I
280 394 72 30 öfrigt
367 394 42 22 har
423 395 165 29 Lagutskottet
603 396 8 21 i
627 394 133 23 hufvudsak
779 396 94 21 anslutit
896 395 36 29 sig

181 429 37 22 till
233 430 140 22 Ständernas
389 430 39 22 vid
446 432 56 22 1894
518 432 37 20 ärs
571 431 113 29 landtdag
699 431 8 22 i
723 432 68 21 saken
807 431 81 29 gjorda
897 434 35 18 ut-

180 465 98 22 talande.
309 466 46 22 Det
378 466 46 22 kan
446 467 142 29 visserligen,
611 468 75 20 säsom
709 467 193 29 lagberedningen
925 467 7 21 i

182 503 49 20 sina
247 502 72 22 motiv
334 502 132 28 framhållit,
490 505 62 19 emot
575 502 179 30 öfverflyttning
776 503 26 21 af
822 503 110 29 stänpsel-

182 537 163 29 skyldigheten
367 540 14 20 å
397 538 137 30 jordegaren
550 539 127 26 anmärkas,
693 541 35 19 att
743 540 34 20 ett
792 539 82 22 sådant
889 538 42 22 för-

182 574 96 22 farande
292 582 54 14 vore
361 575 131 29 principielt
508 575 103 29 oriktigt,
627 575 8 21 i
651 577 27 27 ty
689 577 35 19 att
735 575 197 29 expropriationen

182 610 96 22 innebär
296 610 37 22 till
349 611 42 21 sitt
406 611 106 29 begrepp,
529 613 35 19 att
577 610 136 30 jordegaren
728 611 93 29 älägges
837 612 48 20 mot
899 618 33 14 er-

181 646 106 28 sättning
302 646 47 23 tåla
363 648 36 20 att
415 647 57 22 hans
488 647 111 29 egendom
615 646 117 29 fräntages
743 646 82 22 honom
833 646 54 22 eller
894 646 37 22 be-

180 682 71 21 lastas
268 682 51 22 med
334 681 172 30 inskränkning,
522 690 52 14 men
590 682 127 29 ingalunda
733 684 34 20 att
782 682 45 22 han
840 684 48 20 mot
898 689 33 15 er-

181 717 104 29 sättning
300 718 178 29 skyldigkännes
492 722 56 24 göra
564 719 78 28 nägot.
673 718 76 21 Ofvan
765 717 94 23 anförda
867 718 65 28 prak-

181 753 60 22 tiska
254 753 55 29 skäl,
326 761 48 14 som
390 754 47 22 tala
452 754 36 22 för
504 754 75 22 denna
594 754 137 28 anordning,
746 753 71 22 hafva
831 754 77 27 likväl,
924 754 8 21 i

181 789 104 29 förening
301 790 51 21 med
367 790 38 22 det
421 790 114 22 allmänna
550 790 105 22 intresset
671 789 26 22 af
717 791 34 21 att
773 790 159 28 privatbanors

182 825 123 29 uppkomst
327 825 9 22 i
355 825 129 30 möjligaste
506 827 54 21 män
574 825 149 28 underlättas,
739 827 86 20 ansetts
839 833 55 14 vara
910 825 24 22 af

182 860 43 22 den
241 861 142 29 betydenhet
398 864 35 20 att
448 862 120 22 Utskottet
583 862 50 22 icke
649 862 82 21 tvekat
746 861 96 22 omfatta
849 861 83 29 grund-

182 899 78 19 satsen
276 904 35 15 om
327 899 47 20 rätt
389 897 36 22 för
439 898 194 28 jernvägsegaren
649 900 36 19 att
701 897 133 29 öfverflytta
855 899 77 27 stäng-

182 932 196 30 selskyldigheten
393 935 30 27 pä
436 934 141 28 jordegaren.
601 934 36 21 Då
652 933 75 29 enligt
742 933 129 22 Utskottets
886 933 46 22 för-

182 968 50 29 slag
258 969 240 29 stängselskyldighet,
525 970 72 21 såsom
622 969 72 22 redan
722 971 96 26 nämnts,
834 969 46 21 kan
896 968 36 22 för

182 1004 191 30 jernvägsegaren
389 1006 8 20 i
413 1006 52 21 män
489 1005 26 22 af
535 1005 136 22 förändrade
694 1004 159 22 förhällanden
875 1012 57 21 upp-

182 1040 91 22 komma
295 1040 92 22 utöfver
409 1040 61 24 hvad
494 1041 39 21 vid
548 1040 193 30 exproprationen
756 1040 116 28 bestämts,
887 1040 45 22 kan

180 1076 147 29 naturligtvis
351 1077 70 21 äfven
443 1077 66 29 fräga
532 1084 36 14 om
589 1076 177 28 öfverflyttning
788 1076 26 22 af
834 1075 98 22 nämnda

181 1112 135 29 skyldighet
331 1112 84 22 efterät
429 1114 85 28 uppstä
529 1112 43 22 och
586 1112 121 22 ankomme
717 1112 167 28 ersättningens
894 1112 38 21 be-

180 1148 140 22 stämmande
335 1148 8 22 i
359 1148 82 22 sädant
456 1148 41 22 fall
513 1149 13 21 &
542 1148 103 22 domstol.

253 1184 124 22 Härintills
400 1184 64 22 torde
487 1184 40 22 vid
550 1192 28 14 en
599 1184 66 28 dylik
681 1183 176 29 öfverflyttning
870 1182 62 29 jord-

181 1226 85 22 egaren
288 1220 8 21 i
319 1222 34 20 ett
369 1220 37 22 för
421 1220 40 22 allt
476 1220 125 22 bekommit
616 1220 128 28 ersättning
759 1219 36 21 för
810 1219 35 21 sin
861 1218 71 22 ökade

182 1257 80 27 tunga.
292 1256 139 29 Derigenom
446 1256 150 30 uppkommer
610 1256 58 22 dock
684 1255 45 22 den
746 1255 123 29 olägenhet
891 1256 41 26 att,

182 1291 70 22 sedan
276 1291 38 22 det
337 1292 26 22 af
374 1292 138 29 jordegaren
527 1291 90 30 lyftade
633 1290 246 30 ersättningsbeloppet
894 1298 38 14 an-

180 1326 92 29 vändts,
288 1327 268 30 hägnadsskyldigheten
571 1328 106 28 gvarstär
693 1328 74 20 säsom
782 1334 28 14 en
822 1326 110 29 fastighe-

180 1364 40 20 ten
244 1363 137 22 vidlädande
404 1364 102 27 servitut,
530 1363 94 22 hvilken
648 1362 107 22 stundom
778 1362 6 21 i
801 1362 50 22 icke
865 1362 67 28 ringa

180 1398 58 29 grad
249 1399 46 21 kan
310 1399 127 22 förminska
452 1400 50 21 dess
518 1399 75 22 värde.
623 1399 83 21 Denna
721 1398 122 29 olägenhet
858 1398 74 21 skulle

180 1434 74 29 enligt
270 1434 129 22 Utskottets
415 1435 147 22 förmenande
578 1435 9 21 i
603 1434 117 29 väsentlig
741 1435 52 21 mån
801 1433 131 23 undanröd-

252 1483 138 23 Lagutskottets
403 1484 117 18 betänkande
532 1484 38 17 N:o
583 1484 16 17 7.
