<?xml version="1.0" encoding="UTF-8"?>
<alto xmlns="http://www.loc.gov/standards/alto/ns-v3#" xmlns:xlink="http://www.w3.org/1999/xlink" xmlns:xsi="http://www.w3.org/2001/XMLSchema-instance" xsi:schemaLocation="http://www.loc.gov/standards/alto/ns-v3# http://www.loc.gov/alto/v3/alto-3-0.xsd">
	<Description>
		<MeasurementUnit>pixel</MeasurementUnit>
		<sourceImageInformation>
			<fileName>/tmp/tess_1d59yxy2_input.PNG</fileName>
		</sourceImageInformation>
		<OCRProcessing ID="OCR_0">
			<ocrProcessingStep>
				<processingSoftware>
					<softwareName>tesseract 5.3.4</softwareName>
				</processingSoftware>
			</ocrProcessingStep>
		</OCRProcessing>
	</Description>
	<Layout>
		<Page WIDTH="1031" HEIGHT="1656" PHYSICAL_IMG_NR="0" ID="page_0">
			<PrintSpace HPOS="0" VPOS="0" WIDTH="1031" HEIGHT="1656">
				<ComposedBlock ID="cblock_0" HPOS="282" VPOS="130" WIDTH="540" HEIGHT="29">
					<TextBlock ID="block_0" HPOS="282" VPOS="130" WIDTH="540" HEIGHT="29">
						<TextLine ID="line_0" HPOS="282" VPOS="130" WIDTH="540" HEIGHT="29">
							<String ID="string_0" HPOS="282" VPOS="131" WIDTH="83" HEIGHT="23" WC="0.92" CONTENT="Ständ."/><SP WIDTH="16" VPOS="131" HPOS="365"/>
							<String ID="string_1" HPOS="381" VPOS="131" WIDTH="37" HEIGHT="23" WC="0.87" CONTENT="Sv."/><SP WIDTH="19" VPOS="131" HPOS="418"/>
							<String ID="string_2" HPOS="437" VPOS="143" WIDTH="23" HEIGHT="3" WC="0.91" CONTENT="—"/><SP WIDTH="17" VPOS="143" HPOS="460"/>
							<String ID="string_3" HPOS="477" VPOS="131" WIDTH="74" HEIGHT="28" WC="0.94" CONTENT="Prop."/><SP WIDTH="16" VPOS="131" HPOS="551"/>
							<String ID="string_4" HPOS="567" VPOS="131" WIDTH="39" HEIGHT="22" WC="0.96" CONTENT="N:o"/><SP WIDTH="16" VPOS="131" HPOS="606"/>
							<String ID="string_5" HPOS="622" VPOS="130" WIDTH="36" HEIGHT="23" WC="0.94" CONTENT="26."/><SP WIDTH="140" VPOS="130" HPOS="658"/>
							<String ID="string_6" HPOS="798" VPOS="133" WIDTH="24" HEIGHT="18" WC="0.95" CONTENT="17"/>
						</TextLine>
					</TextBlock>
				</ComposedBlock>
				<ComposedBlock ID="cblock_1" HPOS="96" VPOS="196" WIDTH="764" HEIGHT="1312">
					<TextBlock ID="block_1" HPOS="96" VPOS="196" WIDTH="758" HEIGHT="307">
						<TextLine ID="line_1" HPOS="96" VPOS="196" WIDTH="755" HEIGHT="30">
							<String ID="string_7" HPOS="96" VPOS="197" WIDTH="126" HEIGHT="29" WC="0.90" CONTENT="förskyllan"/><SP WIDTH="22" VPOS="197" HPOS="222"/>
							<String ID="string_8" HPOS="244" VPOS="197" WIDTH="69" HEIGHT="22" WC="0.96" CONTENT="hafva"/><SP WIDTH="23" VPOS="197" HPOS="313"/>
							<String ID="string_9" HPOS="336" VPOS="197" WIDTH="27" HEIGHT="21" WC="0.96" CONTENT="de"/><SP WIDTH="20" VPOS="197" HPOS="363"/>
							<String ID="string_10" HPOS="383" VPOS="197" WIDTH="133" HEIGHT="28" WC="0.96" CONTENT="härigenom"/><SP WIDTH="15" VPOS="197" HPOS="516"/>
							<String ID="string_11" HPOS="531" VPOS="197" WIDTH="43" HEIGHT="21" WC="0.93" CONTENT="fått"/><SP WIDTH="15" VPOS="197" HPOS="574"/>
							<String ID="string_12" HPOS="589" VPOS="197" WIDTH="127" HEIGHT="21" WC="0.91" CONTENT="vidkännas"/><SP WIDTH="16" VPOS="197" HPOS="716"/>
							<String ID="string_13" HPOS="732" VPOS="203" WIDTH="28" HEIGHT="14" WC="0.96" CONTENT="en"/><SP WIDTH="16" VPOS="203" HPOS="760"/>
							<String ID="string_14" HPOS="776" VPOS="196" WIDTH="75" HEIGHT="25" WC="0.96" CONTENT="skada,"/>
						</TextLine>
						<TextLine ID="line_2" HPOS="97" VPOS="231" WIDTH="755" HEIGHT="29">
							<String ID="string_15" HPOS="97" VPOS="239" WIDTH="48" HEIGHT="14" WC="0.96" CONTENT="som"/><SP WIDTH="19" VPOS="239" HPOS="145"/>
							<String ID="string_16" HPOS="164" VPOS="232" WIDTH="80" HEIGHT="21" WC="0.96" CONTENT="endast"/><SP WIDTH="18" VPOS="232" HPOS="244"/>
							<String ID="string_17" HPOS="262" VPOS="239" WIDTH="82" HEIGHT="21" WC="0.91" CONTENT="genom"/><SP WIDTH="19" VPOS="239" HPOS="344"/>
							<String ID="string_18" HPOS="363" VPOS="231" WIDTH="140" HEIGHT="22" WC="0.90" CONTENT="erhållandet"/><SP WIDTH="15" VPOS="231" HPOS="503"/>
							<String ID="string_19" HPOS="518" VPOS="231" WIDTH="25" HEIGHT="22" WC="0.96" CONTENT="af"/><SP WIDTH="14" VPOS="231" HPOS="543"/>
							<String ID="string_20" HPOS="557" VPOS="239" WIDTH="28" HEIGHT="14" WC="0.96" CONTENT="en"/><SP WIDTH="15" VPOS="239" HPOS="585"/>
							<String ID="string_21" HPOS="600" VPOS="231" WIDTH="83" HEIGHT="22" WC="0.96" CONTENT="bibana"/><SP WIDTH="15" VPOS="231" HPOS="683"/>
							<String ID="string_22" HPOS="698" VPOS="231" WIDTH="45" HEIGHT="21" WC="0.93" CONTENT="kan"/><SP WIDTH="15" VPOS="231" HPOS="743"/>
							<String ID="string_23" HPOS="758" VPOS="231" WIDTH="94" HEIGHT="28" WC="0.92" CONTENT="godtgö-"/>
						</TextLine>
						<TextLine ID="line_3" HPOS="96" VPOS="265" WIDTH="756" HEIGHT="30">
							<String ID="string_24" HPOS="96" VPOS="274" WIDTH="42" HEIGHT="14" WC="0.95" CONTENT="ras."/><SP WIDTH="25" VPOS="274" HPOS="138"/>
							<String ID="string_25" HPOS="163" VPOS="267" WIDTH="67" HEIGHT="22" WC="0.96" CONTENT="Såväl"/><SP WIDTH="15" VPOS="267" HPOS="230"/>
							<String ID="string_26" HPOS="245" VPOS="266" WIDTH="87" HEIGHT="22" WC="0.96" CONTENT="landets"/><SP WIDTH="16" VPOS="266" HPOS="332"/>
							<String ID="string_27" HPOS="348" VPOS="269" WIDTH="51" HEIGHT="26" WC="0.96" CONTENT="eget"/><SP WIDTH="15" VPOS="269" HPOS="399"/>
							<String ID="string_28" HPOS="414" VPOS="266" WIDTH="96" HEIGHT="21" WC="0.96" CONTENT="intresse"/><SP WIDTH="15" VPOS="266" HPOS="510"/>
							<String ID="string_29" HPOS="525" VPOS="273" WIDTH="49" HEIGHT="14" WC="0.96" CONTENT="som"/><SP WIDTH="14" VPOS="273" HPOS="574"/>
							<String ID="string_30" HPOS="588" VPOS="266" WIDTH="66" HEIGHT="21" WC="0.96" CONTENT="enkel"/><SP WIDTH="10" VPOS="266" HPOS="654"/>
							<String ID="string_31" HPOS="664" VPOS="265" WIDTH="95" HEIGHT="22" WC="0.95" CONTENT="rättvisa"/><SP WIDTH="10" VPOS="265" HPOS="759"/>
							<String ID="string_32" HPOS="769" VPOS="265" WIDTH="83" HEIGHT="25" WC="0.96" CONTENT="fordra,"/>
						</TextLine>
						<TextLine ID="line_4" HPOS="98" VPOS="300" WIDTH="755" HEIGHT="29">
							<String ID="string_33" HPOS="98" VPOS="304" WIDTH="32" HEIGHT="19" WC="0.96" CONTENT="att"/><SP WIDTH="18" VPOS="304" HPOS="130"/>
							<String ID="string_34" HPOS="148" VPOS="301" WIDTH="28" HEIGHT="22" WC="0.96" CONTENT="de"/><SP WIDTH="23" VPOS="301" HPOS="176"/>
							<String ID="string_35" HPOS="199" VPOS="301" WIDTH="50" HEIGHT="21" WC="0.93" CONTENT="från"/><SP WIDTH="22" VPOS="301" HPOS="249"/>
							<String ID="string_36" HPOS="271" VPOS="301" WIDTH="109" HEIGHT="28" WC="0.92" CONTENT="landtdag"/><SP WIDTH="23" VPOS="301" HPOS="380"/>
							<String ID="string_37" HPOS="403" VPOS="301" WIDTH="34" HEIGHT="21" WC="0.93" CONTENT="till"/><SP WIDTH="17" VPOS="301" HPOS="437"/>
							<String ID="string_38" HPOS="454" VPOS="300" WIDTH="110" HEIGHT="29" WC="0.92" CONTENT="landtdag"/><SP WIDTH="18" VPOS="300" HPOS="564"/>
							<String ID="string_39" HPOS="582" VPOS="300" WIDTH="132" HEIGHT="29" WC="0.93" CONTENT="upprepade"/><SP WIDTH="19" VPOS="300" HPOS="714"/>
							<String ID="string_40" HPOS="733" VPOS="300" WIDTH="120" HEIGHT="21" WC="0.91" CONTENT="ansöknin-"/>
						</TextLine>
						<TextLine ID="line_5" HPOS="97" VPOS="335" WIDTH="755" HEIGHT="29">
							<String ID="string_41" HPOS="97" VPOS="343" WIDTH="70" HEIGHT="20" WC="0.95" CONTENT="garna"/><SP WIDTH="15" VPOS="343" HPOS="167"/>
							<String ID="string_42" HPOS="182" VPOS="343" WIDTH="36" HEIGHT="14" WC="0.96" CONTENT="om"/><SP WIDTH="16" VPOS="343" HPOS="218"/>
							<String ID="string_43" HPOS="234" VPOS="343" WIDTH="45" HEIGHT="20" WC="0.93" CONTENT="nya"/><SP WIDTH="13" VPOS="343" HPOS="279"/>
							<String ID="string_44" HPOS="292" VPOS="335" WIDTH="277" HEIGHT="29" WC="0.90" CONTENT="järnvägsanläggningar"/><SP WIDTH="19" VPOS="335" HPOS="569"/>
							<String ID="string_45" HPOS="588" VPOS="335" WIDTH="75" HEIGHT="22" WC="0.92" CONTENT="såvidt"/><SP WIDTH="15" VPOS="335" HPOS="663"/>
							<String ID="string_46" HPOS="678" VPOS="335" WIDTH="88" HEIGHT="28" WC="0.96" CONTENT="möjligt"/><SP WIDTH="15" VPOS="335" HPOS="766"/>
							<String ID="string_47" HPOS="781" VPOS="335" WIDTH="71" HEIGHT="21" WC="0.96" CONTENT="blifva"/>
						</TextLine>
						<TextLine ID="line_6" HPOS="97" VPOS="365" WIDTH="756" HEIGHT="34">
							<String ID="string_48" HPOS="97" VPOS="370" WIDTH="116" HEIGHT="22" WC="0.96" CONTENT="beaktade."/><SP WIDTH="31" VPOS="370" HPOS="213"/>
							<String ID="string_49" HPOS="244" VPOS="365" WIDTH="76" HEIGHT="28" WC="0.96" CONTENT="Äfven"/><SP WIDTH="24" VPOS="365" HPOS="320"/>
							<String ID="string_50" HPOS="344" VPOS="370" WIDTH="43" HEIGHT="22" WC="0.96" CONTENT="den"/><SP WIDTH="19" VPOS="370" HPOS="387"/>
							<String ID="string_51" HPOS="406" VPOS="370" WIDTH="60" HEIGHT="29" WC="0.96" CONTENT="goda"/><SP WIDTH="14" VPOS="370" HPOS="466"/>
							<String ID="string_52" HPOS="480" VPOS="370" WIDTH="150" HEIGHT="28" WC="0.96" CONTENT="konjunktur,"/><SP WIDTH="16" VPOS="370" HPOS="630"/>
							<String ID="string_53" HPOS="646" VPOS="369" WIDTH="93" HEIGHT="22" WC="0.96" CONTENT="hvilken"/><SP WIDTH="15" VPOS="369" HPOS="739"/>
							<String ID="string_54" HPOS="754" VPOS="369" WIDTH="35" HEIGHT="22" WC="0.93" CONTENT="för"/><SP WIDTH="15" VPOS="369" HPOS="789"/>
							<String ID="string_55" HPOS="804" VPOS="373" WIDTH="49" HEIGHT="18" WC="0.93" CONTENT="när-"/>
						</TextLine>
						<TextLine ID="line_7" HPOS="98" VPOS="405" WIDTH="755" HEIGHT="28">
							<String ID="string_56" HPOS="98" VPOS="405" WIDTH="98" HEIGHT="22" WC="0.96" CONTENT="varande"/><SP WIDTH="19" VPOS="405" HPOS="196"/>
							<String ID="string_57" HPOS="215" VPOS="405" WIDTH="65" HEIGHT="22" WC="0.96" CONTENT="råder"/><SP WIDTH="20" VPOS="405" HPOS="280"/>
							<String ID="string_58" HPOS="300" VPOS="407" WIDTH="29" HEIGHT="26" WC="0.96" CONTENT="på"/><SP WIDTH="16" VPOS="407" HPOS="329"/>
							<String ID="string_59" HPOS="345" VPOS="407" WIDTH="24" HEIGHT="19" WC="0.96" CONTENT="så"/><SP WIDTH="15" VPOS="407" HPOS="369"/>
							<String ID="string_60" HPOS="384" VPOS="405" WIDTH="56" HEIGHT="28" WC="0.96" CONTENT="godt"/><SP WIDTH="15" VPOS="405" HPOS="440"/>
							<String ID="string_61" HPOS="455" VPOS="412" WIDTH="49" HEIGHT="15" WC="0.96" CONTENT="som"/><SP WIDTH="16" VPOS="412" HPOS="504"/>
							<String ID="string_62" HPOS="520" VPOS="405" WIDTH="42" HEIGHT="22" WC="0.96" CONTENT="alla"/><SP WIDTH="16" VPOS="405" HPOS="562"/>
							<String ID="string_63" HPOS="578" VPOS="405" WIDTH="182" HEIGHT="25" WC="0.96" CONTENT="affärsområden,"/><SP WIDTH="16" VPOS="405" HPOS="760"/>
							<String ID="string_64" HPOS="776" VPOS="412" WIDTH="77" HEIGHT="14" WC="0.96" CONTENT="manar"/>
						</TextLine>
						<TextLine ID="line_8" HPOS="99" VPOS="439" WIDTH="755" HEIGHT="30">
							<String ID="string_65" HPOS="99" VPOS="440" WIDTH="35" HEIGHT="21" WC="0.94" CONTENT="till"/><SP WIDTH="22" VPOS="440" HPOS="134"/>
							<String ID="string_66" HPOS="156" VPOS="440" WIDTH="151" HEIGHT="22" WC="0.94" CONTENT="utvecklande"/><SP WIDTH="15" VPOS="440" HPOS="307"/>
							<String ID="string_67" HPOS="322" VPOS="439" WIDTH="26" HEIGHT="22" WC="0.96" CONTENT="af"/><SP WIDTH="13" VPOS="439" HPOS="348"/>
							<String ID="string_68" HPOS="361" VPOS="439" WIDTH="59" HEIGHT="22" WC="0.96" CONTENT="ökad"/><SP WIDTH="15" VPOS="439" HPOS="420"/>
							<String ID="string_69" HPOS="435" VPOS="439" WIDTH="177" HEIGHT="30" WC="0.96" CONTENT="företagsamhet"/><SP WIDTH="12" VPOS="439" HPOS="612"/>
							<String ID="string_70" HPOS="624" VPOS="439" WIDTH="85" HEIGHT="29" WC="0.96" CONTENT="jämväl"/><SP WIDTH="15" VPOS="439" HPOS="709"/>
							<String ID="string_71" HPOS="724" VPOS="439" WIDTH="60" HEIGHT="22" WC="0.92" CONTENT="hvad"/><SP WIDTH="15" VPOS="439" HPOS="784"/>
							<String ID="string_72" HPOS="799" VPOS="439" WIDTH="55" HEIGHT="29" WC="0.91" CONTENT="byg-"/>
						</TextLine>
						<TextLine ID="line_9" HPOS="98" VPOS="474" WIDTH="385" HEIGHT="29">
							<String ID="string_73" HPOS="98" VPOS="475" WIDTH="84" HEIGHT="28" WC="0.90" CONTENT="gandet"/><SP WIDTH="16" VPOS="475" HPOS="182"/>
							<String ID="string_74" HPOS="198" VPOS="475" WIDTH="24" HEIGHT="21" WC="0.96" CONTENT="af"/><SP WIDTH="11" VPOS="475" HPOS="222"/>
							<String ID="string_75" HPOS="233" VPOS="474" WIDTH="122" HEIGHT="29" WC="0.96" CONTENT="järnvägar"/><SP WIDTH="16" VPOS="474" HPOS="355"/>
							<String ID="string_76" HPOS="371" VPOS="474" WIDTH="112" HEIGHT="22" WC="0.96" CONTENT="beträffar."/>
						</TextLine>
					</TextBlock>
					<TextBlock ID="block_2" HPOS="99" VPOS="509" WIDTH="761" HEIGHT="963">
						<TextLine ID="line_10" HPOS="166" VPOS="509" WIDTH="688" HEIGHT="29">
							<String ID="string_77" HPOS="166" VPOS="509" WIDTH="12" HEIGHT="21" WC="0.93" CONTENT="I"/><SP WIDTH="15" VPOS="509" HPOS="178"/>
							<String ID="string_78" HPOS="193" VPOS="509" WIDTH="43" HEIGHT="22" WC="0.92" CONTENT="allo"/><SP WIDTH="16" VPOS="509" HPOS="236"/>
							<String ID="string_79" HPOS="252" VPOS="509" WIDTH="166" HEIGHT="28" WC="0.91" CONTENT="godkännande"/><SP WIDTH="11" VPOS="509" HPOS="418"/>
							<String ID="string_80" HPOS="429" VPOS="509" WIDTH="147" HEIGHT="22" WC="0.91" CONTENT="oftanämnda"/><SP WIDTH="8" VPOS="509" HPOS="576"/>
							<String ID="string_81" HPOS="584" VPOS="509" WIDTH="270" HEIGHT="29" WC="0.90" CONTENT="järnvägskommissions"/>
						</TextLine>
						<TextLine ID="line_11" HPOS="99" VPOS="544" WIDTH="755" HEIGHT="29">
							<String ID="string_82" HPOS="99" VPOS="544" WIDTH="64" HEIGHT="26" WC="0.95" CONTENT="åsikt,"/><SP WIDTH="21" VPOS="544" HPOS="163"/>
							<String ID="string_83" HPOS="184" VPOS="547" WIDTH="34" HEIGHT="18" WC="0.96" CONTENT="att"/><SP WIDTH="22" VPOS="547" HPOS="218"/>
							<String ID="string_84" HPOS="240" VPOS="547" WIDTH="73" HEIGHT="18" WC="0.96" CONTENT="staten"/><SP WIDTH="22" VPOS="547" HPOS="313"/>
							<String ID="string_85" HPOS="335" VPOS="544" WIDTH="49" HEIGHT="21" WC="0.96" CONTENT="icke"/><SP WIDTH="20" VPOS="544" HPOS="384"/>
							<String ID="string_86" HPOS="404" VPOS="544" WIDTH="42" HEIGHT="21" WC="0.93" CONTENT="bör"/><SP WIDTH="15" VPOS="544" HPOS="446"/>
							<String ID="string_87" HPOS="461" VPOS="544" WIDTH="150" HEIGHT="29" WC="0.91" CONTENT="undandraga"/><SP WIDTH="16" VPOS="544" HPOS="611"/>
							<String ID="string_88" HPOS="627" VPOS="544" WIDTH="35" HEIGHT="29" WC="0.96" CONTENT="sig"/><SP WIDTH="16" VPOS="544" HPOS="662"/>
							<String ID="string_89" HPOS="678" VPOS="547" WIDTH="32" HEIGHT="18" WC="0.96" CONTENT="att"/><SP WIDTH="15" VPOS="547" HPOS="710"/>
							<String ID="string_90" HPOS="725" VPOS="551" WIDTH="83" HEIGHT="22" WC="0.93" CONTENT="genom"/><SP WIDTH="15" VPOS="551" HPOS="808"/>
							<String ID="string_91" HPOS="823" VPOS="544" WIDTH="31" HEIGHT="21" WC="0.93" CONTENT="di-"/>
						</TextLine>
						<TextLine ID="line_12" HPOS="99" VPOS="578" WIDTH="755" HEIGHT="29">
							<String ID="string_92" HPOS="99" VPOS="579" WIDTH="64" HEIGHT="22" WC="0.90" CONTENT="rekta"/><SP WIDTH="17" VPOS="579" HPOS="163"/>
							<String ID="string_93" HPOS="180" VPOS="579" WIDTH="125" HEIGHT="21" WC="0.96" CONTENT="understöd"/><SP WIDTH="22" VPOS="579" HPOS="305"/>
							<String ID="string_94" HPOS="327" VPOS="578" WIDTH="110" HEIGHT="29" WC="0.96" CONTENT="befrämja"/><SP WIDTH="23" VPOS="578" HPOS="437"/>
							<String ID="string_95" HPOS="460" VPOS="579" WIDTH="153" HEIGHT="28" WC="0.96" CONTENT="uppkomsten"/><SP WIDTH="19" VPOS="579" HPOS="613"/>
							<String ID="string_96" HPOS="632" VPOS="579" WIDTH="25" HEIGHT="21" WC="0.96" CONTENT="af"/><SP WIDTH="16" VPOS="579" HPOS="657"/>
							<String ID="string_97" HPOS="673" VPOS="579" WIDTH="89" HEIGHT="28" WC="0.96" CONTENT="privata"/><SP WIDTH="14" VPOS="579" HPOS="762"/>
							<String ID="string_98" HPOS="776" VPOS="579" WIDTH="78" HEIGHT="25" WC="0.96" CONTENT="banor,"/>
						</TextLine>
						<TextLine ID="line_13" HPOS="99" VPOS="613" WIDTH="755" HEIGHT="30">
							<String ID="string_99" HPOS="99" VPOS="614" WIDTH="57" HEIGHT="29" WC="0.93" CONTENT="hysa"/><SP WIDTH="20" VPOS="614" HPOS="156"/>
							<String ID="string_100" HPOS="176" VPOS="613" WIDTH="127" HEIGHT="22" WC="0.91" CONTENT="Ständerna"/><SP WIDTH="19" VPOS="613" HPOS="303"/>
							<String ID="string_101" HPOS="322" VPOS="613" WIDTH="59" HEIGHT="22" WC="0.96" CONTENT="dock"/><SP WIDTH="15" VPOS="613" HPOS="381"/>
							<String ID="string_102" HPOS="396" VPOS="613" WIDTH="52" HEIGHT="22" WC="0.95" CONTENT="med"/><SP WIDTH="16" VPOS="613" HPOS="448"/>
							<String ID="string_103" HPOS="464" VPOS="614" WIDTH="106" HEIGHT="21" WC="0.96" CONTENT="afseende"/><SP WIDTH="16" VPOS="614" HPOS="570"/>
							<String ID="string_104" HPOS="586" VPOS="615" WIDTH="29" HEIGHT="27" WC="0.96" CONTENT="på"/><SP WIDTH="15" VPOS="615" HPOS="615"/>
							<String ID="string_105" HPOS="630" VPOS="613" WIDTH="88" HEIGHT="22" WC="0.96" CONTENT="formen"/><SP WIDTH="15" VPOS="613" HPOS="718"/>
							<String ID="string_106" HPOS="733" VPOS="613" WIDTH="36" HEIGHT="22" WC="0.91" CONTENT="för"/><SP WIDTH="15" VPOS="613" HPOS="769"/>
							<String ID="string_107" HPOS="784" VPOS="613" WIDTH="70" HEIGHT="22" WC="0.91" CONTENT="tillde-"/>
						</TextLine>
						<TextLine ID="line_14" HPOS="99" VPOS="648" WIDTH="756" HEIGHT="30">
							<String ID="string_108" HPOS="99" VPOS="649" WIDTH="65" HEIGHT="21" WC="0.96" CONTENT="lande"/><SP WIDTH="24" VPOS="649" HPOS="164"/>
							<String ID="string_109" HPOS="188" VPOS="648" WIDTH="24" HEIGHT="22" WC="0.88" CONTENT="af"/><SP WIDTH="21" VPOS="648" HPOS="212"/>
							<String ID="string_110" HPOS="233" VPOS="648" WIDTH="167" HEIGHT="29" WC="0.88" CONTENT="kapitalbidrag"/><SP WIDTH="22" VPOS="648" HPOS="400"/>
							<String ID="string_111" HPOS="422" VPOS="648" WIDTH="35" HEIGHT="22" WC="0.93" CONTENT="för"/><SP WIDTH="23" VPOS="648" HPOS="457"/>
							<String ID="string_112" HPOS="480" VPOS="648" WIDTH="148" HEIGHT="30" WC="0.92" CONTENT="privatbanor"/><SP WIDTH="18" VPOS="648" HPOS="628"/>
							<String ID="string_113" HPOS="646" VPOS="656" WIDTH="28" HEIGHT="14" WC="0.95" CONTENT="en"/><SP WIDTH="18" VPOS="656" HPOS="674"/>
							<String ID="string_114" HPOS="692" VPOS="649" WIDTH="8" HEIGHT="21" WC="0.96" CONTENT="i"/><SP WIDTH="18" VPOS="649" HPOS="700"/>
							<String ID="string_115" HPOS="718" VPOS="648" WIDTH="60" HEIGHT="22" WC="0.96" CONTENT="vissa"/><SP WIDTH="16" VPOS="648" HPOS="778"/>
							<String ID="string_116" HPOS="794" VPOS="648" WIDTH="61" HEIGHT="22" WC="0.95" CONTENT="delar"/>
						</TextLine>
						<TextLine ID="line_15" HPOS="100" VPOS="683" WIDTH="755" HEIGHT="29">
							<String ID="string_117" HPOS="100" VPOS="684" WIDTH="50" HEIGHT="21" WC="0.96" CONTENT="från"/><SP WIDTH="22" VPOS="684" HPOS="150"/>
							<String ID="string_118" HPOS="172" VPOS="683" WIDTH="188" HEIGHT="21" WC="0.95" CONTENT="kommissionens"/><SP WIDTH="22" VPOS="683" HPOS="360"/>
							<String ID="string_119" HPOS="382" VPOS="683" WIDTH="58" HEIGHT="21" WC="0.93" CONTENT="åsikt"/><SP WIDTH="19" VPOS="683" HPOS="440"/>
							<String ID="string_120" HPOS="459" VPOS="683" WIDTH="123" HEIGHT="22" WC="0.92" CONTENT="afvikande"/><SP WIDTH="18" VPOS="683" HPOS="582"/>
							<String ID="string_121" HPOS="600" VPOS="683" WIDTH="98" HEIGHT="29" WC="0.93" CONTENT="mening."/><SP WIDTH="32" VPOS="683" HPOS="698"/>
							<String ID="string_122" HPOS="730" VPOS="683" WIDTH="125" HEIGHT="21" WC="0.92" CONTENT="Ständerna"/>
						</TextLine>
						<TextLine ID="line_16" HPOS="100" VPOS="718" WIDTH="754" HEIGHT="28">
							<String ID="string_123" HPOS="100" VPOS="718" WIDTH="78" HEIGHT="21" WC="0.96" CONTENT="kunna"/><SP WIDTH="15" VPOS="718" HPOS="178"/>
							<String ID="string_124" HPOS="193" VPOS="718" WIDTH="114" HEIGHT="28" WC="0.96" CONTENT="nämligen"/><SP WIDTH="15" VPOS="718" HPOS="307"/>
							<String ID="string_125" HPOS="322" VPOS="718" WIDTH="50" HEIGHT="20" WC="0.96" CONTENT="icke"/><SP WIDTH="15" VPOS="718" HPOS="372"/>
							<String ID="string_126" HPOS="387" VPOS="718" WIDTH="79" HEIGHT="21" WC="0.96" CONTENT="förena"/><SP WIDTH="16" VPOS="718" HPOS="466"/>
							<String ID="string_127" HPOS="482" VPOS="718" WIDTH="35" HEIGHT="28" WC="0.96" CONTENT="sig"/><SP WIDTH="17" VPOS="718" HPOS="517"/>
							<String ID="string_128" HPOS="534" VPOS="726" WIDTH="36" HEIGHT="13" WC="0.96" CONTENT="om"/><SP WIDTH="16" VPOS="726" HPOS="570"/>
							<String ID="string_129" HPOS="586" VPOS="718" WIDTH="38" HEIGHT="21" WC="0.96" CONTENT="det"/><SP WIDTH="14" VPOS="718" HPOS="624"/>
							<String ID="string_130" HPOS="638" VPOS="718" WIDTH="122" HEIGHT="25" WC="0.96" CONTENT="uttalande,"/><SP WIDTH="16" VPOS="718" HPOS="760"/>
							<String ID="string_131" HPOS="776" VPOS="720" WIDTH="32" HEIGHT="19" WC="0.93" CONTENT="att"/><SP WIDTH="11" VPOS="720" HPOS="808"/>
							<String ID="string_132" HPOS="819" VPOS="718" WIDTH="35" HEIGHT="21" WC="0.92" CONTENT="ka-"/>
						</TextLine>
						<TextLine ID="line_17" HPOS="101" VPOS="752" WIDTH="755" HEIGHT="29">
							<String ID="string_133" HPOS="101" VPOS="752" WIDTH="161" HEIGHT="29" WC="0.92" CONTENT="pitalbidraget"/><SP WIDTH="14" VPOS="752" HPOS="262"/>
							<String ID="string_134" HPOS="276" VPOS="752" WIDTH="60" HEIGHT="22" WC="0.96" CONTENT="helst"/><SP WIDTH="15" VPOS="752" HPOS="336"/>
							<String ID="string_135" HPOS="351" VPOS="752" WIDTH="70" HEIGHT="22" WC="0.96" CONTENT="borde"/><SP WIDTH="15" VPOS="752" HPOS="421"/>
							<String ID="string_136" HPOS="436" VPOS="752" WIDTH="40" HEIGHT="22" WC="0.96" CONTENT="ske"/><SP WIDTH="16" VPOS="752" HPOS="476"/>
							<String ID="string_137" HPOS="492" VPOS="752" WIDTH="8" HEIGHT="21" WC="0.96" CONTENT="i"/><SP WIDTH="14" VPOS="752" HPOS="500"/>
							<String ID="string_138" HPOS="514" VPOS="752" WIDTH="60" HEIGHT="22" WC="0.96" CONTENT="form"/><SP WIDTH="14" VPOS="752" HPOS="574"/>
							<String ID="string_139" HPOS="588" VPOS="752" WIDTH="25" HEIGHT="22" WC="0.96" CONTENT="af"/><SP WIDTH="14" VPOS="752" HPOS="613"/>
							<String ID="string_140" HPOS="627" VPOS="752" WIDTH="173" HEIGHT="28" WC="0.96" CONTENT="aktieteckning,"/><SP WIDTH="13" VPOS="752" HPOS="800"/>
							<String ID="string_141" HPOS="813" VPOS="752" WIDTH="43" HEIGHT="22" WC="0.96" CONTENT="och"/>
						</TextLine>
						<TextLine ID="line_18" HPOS="100" VPOS="787" WIDTH="755" HEIGHT="29">
							<String ID="string_142" HPOS="100" VPOS="787" WIDTH="127" HEIGHT="21" WC="0.92" CONTENT="föranledas"/><SP WIDTH="23" VPOS="787" HPOS="227"/>
							<String ID="string_143" HPOS="250" VPOS="787" WIDTH="127" HEIGHT="21" WC="0.92" CONTENT="Ständerna"/><SP WIDTH="22" VPOS="787" HPOS="377"/>
							<String ID="string_144" HPOS="399" VPOS="787" WIDTH="75" HEIGHT="21" WC="0.84" CONTENT="härtill"/><SP WIDTH="22" VPOS="787" HPOS="474"/>
							<String ID="string_145" HPOS="496" VPOS="787" WIDTH="25" HEIGHT="21" WC="0.96" CONTENT="af"/><SP WIDTH="16" VPOS="787" HPOS="521"/>
							<String ID="string_146" HPOS="537" VPOS="788" WIDTH="89" HEIGHT="28" WC="0.96" CONTENT="hänsyn"/><SP WIDTH="16" VPOS="788" HPOS="626"/>
							<String ID="string_147" HPOS="642" VPOS="787" WIDTH="34" HEIGHT="21" WC="0.96" CONTENT="till"/><SP WIDTH="15" VPOS="787" HPOS="676"/>
							<String ID="string_148" HPOS="691" VPOS="787" WIDTH="62" HEIGHT="23" WC="0.96" CONTENT="såväl"/><SP WIDTH="18" VPOS="787" HPOS="753"/>
							<String ID="string_149" HPOS="771" VPOS="790" WIDTH="84" HEIGHT="18" WC="0.96" CONTENT="statens"/>
						</TextLine>
						<TextLine ID="line_19" HPOS="101" VPOS="822" WIDTH="565" HEIGHT="28">
							<String ID="string_150" HPOS="101" VPOS="829" WIDTH="48" HEIGHT="15" WC="0.96" CONTENT="som"/><SP WIDTH="16" VPOS="829" HPOS="149"/>
							<String ID="string_151" HPOS="165" VPOS="822" WIDTH="28" HEIGHT="21" WC="0.96" CONTENT="de"/><SP WIDTH="15" VPOS="822" HPOS="193"/>
							<String ID="string_152" HPOS="208" VPOS="822" WIDTH="89" HEIGHT="28" WC="0.93" CONTENT="privata"/><SP WIDTH="13" VPOS="822" HPOS="297"/>
							<String ID="string_153" HPOS="310" VPOS="822" WIDTH="240" HEIGHT="28" WC="0.91" CONTENT="järnvägsföretagens"/><SP WIDTH="15" VPOS="822" HPOS="550"/>
							<String ID="string_154" HPOS="565" VPOS="822" WIDTH="101" HEIGHT="22" WC="0.95" CONTENT="intresse."/>
						</TextLine>
						<TextLine ID="line_20" HPOS="101" VPOS="890" WIDTH="755" HEIGHT="29">
							<String ID="string_155" HPOS="101" VPOS="890" WIDTH="72" HEIGHT="22" WC="0.96" CONTENT="skilda"/><SP WIDTH="19" VPOS="890" HPOS="173"/>
							<String ID="string_156" HPOS="192" VPOS="891" WIDTH="167" HEIGHT="28" WC="0.95" CONTENT="bestämningar"/><SP WIDTH="19" VPOS="891" HPOS="359"/>
							<String ID="string_157" HPOS="378" VPOS="890" WIDTH="8" HEIGHT="22" WC="0.93" CONTENT="i"/><SP WIDTH="18" VPOS="890" HPOS="386"/>
							<String ID="string_158" HPOS="404" VPOS="891" WIDTH="215" HEIGHT="28" WC="0.91" CONTENT="koncessionslagen"/><SP WIDTH="15" VPOS="891" HPOS="619"/>
							<String ID="string_159" HPOS="634" VPOS="891" WIDTH="73" HEIGHT="21" WC="0.96" CONTENT="medel"/><SP WIDTH="15" VPOS="891" HPOS="707"/>
							<String ID="string_160" HPOS="722" VPOS="892" WIDTH="8" HEIGHT="20" WC="0.96" CONTENT="i"/><SP WIDTH="16" VPOS="892" HPOS="730"/>
							<String ID="string_161" HPOS="746" VPOS="891" WIDTH="34" HEIGHT="21" WC="0.96" CONTENT="sin"/><SP WIDTH="15" VPOS="891" HPOS="780"/>
							<String ID="string_162" HPOS="795" VPOS="891" WIDTH="61" HEIGHT="21" WC="0.96" CONTENT="hand"/>
						</TextLine>
						<TextLine ID="line_21" HPOS="101" VPOS="925" WIDTH="756" HEIGHT="23">
							<String ID="string_163" HPOS="101" VPOS="928" WIDTH="32" HEIGHT="19" WC="0.96" CONTENT="att"/><SP WIDTH="15" VPOS="928" HPOS="133"/>
							<String ID="string_164" HPOS="148" VPOS="925" WIDTH="88" HEIGHT="22" WC="0.96" CONTENT="bevaka"/><SP WIDTH="15" VPOS="925" HPOS="236"/>
							<String ID="string_165" HPOS="251" VPOS="925" WIDTH="39" HEIGHT="21" WC="0.96" CONTENT="sitt"/><SP WIDTH="15" VPOS="925" HPOS="290"/>
							<String ID="string_166" HPOS="305" VPOS="926" WIDTH="43" HEIGHT="20" WC="0.96" CONTENT="och"/><SP WIDTH="19" VPOS="926" HPOS="348"/>
							<String ID="string_167" HPOS="367" VPOS="926" WIDTH="162" HEIGHT="21" WC="0.96" CONTENT="allmänhetens"/><SP WIDTH="15" VPOS="926" HPOS="529"/>
							<String ID="string_168" HPOS="544" VPOS="926" WIDTH="97" HEIGHT="22" WC="0.95" CONTENT="intresse"/><SP WIDTH="15" VPOS="926" HPOS="641"/>
							<String ID="string_169" HPOS="656" VPOS="926" WIDTH="52" HEIGHT="21" WC="0.96" CONTENT="med"/><SP WIDTH="15" VPOS="926" HPOS="708"/>
							<String ID="string_170" HPOS="723" VPOS="926" WIDTH="105" HEIGHT="21" WC="0.93" CONTENT="afseende"/><SP WIDTH="16" VPOS="926" HPOS="828"/>
							<String ID="string_171" HPOS="844" VPOS="928" WIDTH="13" HEIGHT="18" WC="0.91" CONTENT="å"/>
						</TextLine>
						<TextLine ID="line_22" HPOS="101" VPOS="960" WIDTH="754" HEIGHT="29">
							<String ID="string_172" HPOS="101" VPOS="960" WIDTH="88" HEIGHT="28" WC="0.93" CONTENT="privata"/><SP WIDTH="15" VPOS="960" HPOS="189"/>
							<String ID="string_173" HPOS="204" VPOS="960" WIDTH="144" HEIGHT="22" WC="0.91" CONTENT="lokalbanors"/><SP WIDTH="16" VPOS="960" HPOS="348"/>
							<String ID="string_174" HPOS="364" VPOS="960" WIDTH="138" HEIGHT="29" WC="0.96" CONTENT="utrustning,"/><SP WIDTH="11" VPOS="960" HPOS="502"/>
							<String ID="string_175" HPOS="513" VPOS="960" WIDTH="133" HEIGHT="29" WC="0.96" CONTENT="trafikering"/><SP WIDTH="11" VPOS="960" HPOS="646"/>
							<String ID="string_176" HPOS="657" VPOS="961" WIDTH="42" HEIGHT="21" WC="0.96" CONTENT="och"/><SP WIDTH="12" VPOS="961" HPOS="699"/>
							<String ID="string_177" HPOS="711" VPOS="961" WIDTH="144" HEIGHT="28" WC="0.96" CONTENT="förvaltning."/>
						</TextLine>
						<TextLine ID="line_23" HPOS="101" VPOS="995" WIDTH="756" HEIGHT="29">
							<String ID="string_178" HPOS="101" VPOS="995" WIDTH="35" HEIGHT="21" WC="0.90" CONTENT="Då"/><SP WIDTH="21" VPOS="995" HPOS="136"/>
							<String ID="string_179" HPOS="157" VPOS="995" WIDTH="162" HEIGHT="21" WC="0.89" CONTENT="lokalbanorna"/><SP WIDTH="15" VPOS="995" HPOS="319"/>
							<String ID="string_180" HPOS="334" VPOS="995" WIDTH="8" HEIGHT="21" WC="0.95" CONTENT="i"/><SP WIDTH="15" VPOS="995" HPOS="342"/>
							<String ID="string_181" HPOS="357" VPOS="995" WIDTH="99" HEIGHT="21" WC="0.95" CONTENT="Finland"/><SP WIDTH="14" VPOS="995" HPOS="456"/>
							<String ID="string_182" HPOS="470" VPOS="995" WIDTH="8" HEIGHT="21" WC="0.96" CONTENT="i"/><SP WIDTH="15" VPOS="995" HPOS="478"/>
							<String ID="string_183" HPOS="493" VPOS="995" WIDTH="70" HEIGHT="29" WC="0.96" CONTENT="ingen"/><SP WIDTH="15" VPOS="995" HPOS="563"/>
							<String ID="string_184" HPOS="578" VPOS="996" WIDTH="114" HEIGHT="26" WC="0.95" CONTENT="händelse,"/><SP WIDTH="17" VPOS="996" HPOS="692"/>
							<String ID="string_185" HPOS="709" VPOS="998" WIDTH="25" HEIGHT="19" WC="0.96" CONTENT="så"/><SP WIDTH="14" VPOS="998" HPOS="734"/>
							<String ID="string_186" HPOS="748" VPOS="996" WIDTH="66" HEIGHT="28" WC="0.96" CONTENT="länge"/><SP WIDTH="16" VPOS="996" HPOS="814"/>
							<String ID="string_187" HPOS="830" VPOS="996" WIDTH="27" HEIGHT="21" WC="0.95" CONTENT="de"/>
						</TextLine>
						<TextLine ID="line_24" HPOS="102" VPOS="1030" WIDTH="755" HEIGHT="28">
							<String ID="string_188" HPOS="102" VPOS="1033" WIDTH="60" HEIGHT="18" WC="0.96" CONTENT="stora"/><SP WIDTH="15" VPOS="1033" HPOS="162"/>
							<String ID="string_189" HPOS="177" VPOS="1030" WIDTH="159" HEIGHT="21" WC="0.93" CONTENT="stambanorna"/><SP WIDTH="11" VPOS="1030" HPOS="336"/>
							<String ID="string_190" HPOS="347" VPOS="1037" WIDTH="53" HEIGHT="21" WC="0.91" CONTENT="egas"/><SP WIDTH="11" VPOS="1037" HPOS="400"/>
							<String ID="string_191" HPOS="411" VPOS="1030" WIDTH="43" HEIGHT="21" WC="0.96" CONTENT="och"/><SP WIDTH="10" VPOS="1030" HPOS="454"/>
							<String ID="string_192" HPOS="464" VPOS="1030" WIDTH="118" HEIGHT="22" WC="0.96" CONTENT="trafikeras"/><SP WIDTH="11" VPOS="1030" HPOS="582"/>
							<String ID="string_193" HPOS="593" VPOS="1030" WIDTH="25" HEIGHT="22" WC="0.93" CONTENT="af"/><SP WIDTH="9" VPOS="1030" HPOS="618"/>
							<String ID="string_194" HPOS="627" VPOS="1031" WIDTH="141" HEIGHT="25" WC="0.92" CONTENT="statsverket,"/><SP WIDTH="12" VPOS="1031" HPOS="768"/>
							<String ID="string_195" HPOS="780" VPOS="1031" WIDTH="77" HEIGHT="21" WC="0.96" CONTENT="kunna"/>
						</TextLine>
						<TextLine ID="line_25" HPOS="101" VPOS="1064" WIDTH="757" HEIGHT="29">
							<String ID="string_196" HPOS="101" VPOS="1064" WIDTH="93" HEIGHT="22" WC="0.90" CONTENT="tillvälla"/><SP WIDTH="16" VPOS="1064" HPOS="194"/>
							<String ID="string_197" HPOS="210" VPOS="1064" WIDTH="34" HEIGHT="28" WC="0.96" CONTENT="sig"/><SP WIDTH="16" VPOS="1064" HPOS="244"/>
							<String ID="string_198" HPOS="260" VPOS="1064" WIDTH="44" HEIGHT="22" WC="0.96" CONTENT="den"/><SP WIDTH="16" VPOS="1064" HPOS="304"/>
							<String ID="string_199" HPOS="320" VPOS="1064" WIDTH="160" HEIGHT="22" WC="0.95" CONTENT="dominerande"/><SP WIDTH="16" VPOS="1064" HPOS="480"/>
							<String ID="string_200" HPOS="496" VPOS="1065" WIDTH="108" HEIGHT="28" WC="0.96" CONTENT="ställning"/><SP WIDTH="16" VPOS="1065" HPOS="604"/>
							<String ID="string_201" HPOS="620" VPOS="1065" WIDTH="27" HEIGHT="21" WC="0.96" CONTENT="de"/><SP WIDTH="11" VPOS="1065" HPOS="647"/>
							<String ID="string_202" HPOS="658" VPOS="1065" WIDTH="88" HEIGHT="21" WC="0.96" CONTENT="erhållit"/><SP WIDTH="10" VPOS="1065" HPOS="746"/>
							<String ID="string_203" HPOS="756" VPOS="1065" WIDTH="7" HEIGHT="21" WC="0.96" CONTENT="i"/><SP WIDTH="11" VPOS="1065" HPOS="763"/>
							<String ID="string_204" HPOS="774" VPOS="1065" WIDTH="84" HEIGHT="21" WC="0.96" CONTENT="sådana"/>
						</TextLine>
						<TextLine ID="line_26" HPOS="101" VPOS="1098" WIDTH="756" HEIGHT="30">
							<String ID="string_205" HPOS="101" VPOS="1098" WIDTH="83" HEIGHT="26" WC="0.96" CONTENT="länder,"/><SP WIDTH="21" VPOS="1098" HPOS="184"/>
							<String ID="string_206" HPOS="205" VPOS="1099" WIDTH="39" HEIGHT="21" WC="0.93" CONTENT="där"/><SP WIDTH="22" VPOS="1099" HPOS="244"/>
							<String ID="string_207" HPOS="266" VPOS="1099" WIDTH="148" HEIGHT="29" WC="0.92" CONTENT="privatbanor"/><SP WIDTH="18" VPOS="1099" HPOS="414"/>
							<String ID="string_208" HPOS="432" VPOS="1102" WIDTH="38" HEIGHT="18" WC="0.96" CONTENT="äro"/><SP WIDTH="20" VPOS="1102" HPOS="470"/>
							<String ID="string_209" HPOS="490" VPOS="1100" WIDTH="62" HEIGHT="28" WC="0.96" CONTENT="regel"/><SP WIDTH="18" VPOS="1100" HPOS="552"/>
							<String ID="string_210" HPOS="570" VPOS="1100" WIDTH="43" HEIGHT="21" WC="0.93" CONTENT="och"/><SP WIDTH="16" VPOS="1100" HPOS="613"/>
							<String ID="string_211" HPOS="629" VPOS="1100" WIDTH="128" HEIGHT="22" WC="0.91" CONTENT="statsbanor"/><SP WIDTH="15" VPOS="1100" HPOS="757"/>
							<String ID="string_212" HPOS="772" VPOS="1100" WIDTH="85" HEIGHT="21" WC="0.93" CONTENT="undan-"/>
						</TextLine>
						<TextLine ID="line_27" HPOS="101" VPOS="1134" WIDTH="756" HEIGHT="30">
							<String ID="string_213" HPOS="101" VPOS="1136" WIDTH="45" HEIGHT="26" WC="0.96" CONTENT="tag,"/><SP WIDTH="24" VPOS="1136" HPOS="146"/>
							<String ID="string_214" HPOS="170" VPOS="1141" WIDTH="68" HEIGHT="21" WC="0.96" CONTENT="synes"/><SP WIDTH="20" VPOS="1141" HPOS="238"/>
							<String ID="string_215" HPOS="258" VPOS="1134" WIDTH="38" HEIGHT="21" WC="0.96" CONTENT="det"/><SP WIDTH="15" VPOS="1134" HPOS="296"/>
							<String ID="string_216" HPOS="311" VPOS="1134" WIDTH="25" HEIGHT="21" WC="0.96" CONTENT="af"/><SP WIDTH="13" VPOS="1134" HPOS="336"/>
							<String ID="string_217" HPOS="349" VPOS="1134" WIDTH="178" HEIGHT="22" WC="0.95" CONTENT="kommissionen"/><SP WIDTH="16" VPOS="1134" HPOS="527"/>
							<String ID="string_218" HPOS="543" VPOS="1135" WIDTH="99" HEIGHT="21" WC="0.93" CONTENT="uttalade"/><SP WIDTH="16" VPOS="1135" HPOS="642"/>
							<String ID="string_219" HPOS="658" VPOS="1135" WIDTH="199" HEIGHT="29" WC="0.90" CONTENT="önskningsmålet,"/>
						</TextLine>
						<TextLine ID="line_28" HPOS="102" VPOS="1169" WIDTH="756" HEIGHT="29">
							<String ID="string_220" HPOS="102" VPOS="1171" WIDTH="32" HEIGHT="19" WC="0.96" CONTENT="att"/><SP WIDTH="18" VPOS="1171" HPOS="134"/>
							<String ID="string_221" HPOS="152" VPOS="1171" WIDTH="73" HEIGHT="19" WC="0.96" CONTENT="staten"/><SP WIDTH="23" VPOS="1171" HPOS="225"/>
							<String ID="string_222" HPOS="248" VPOS="1170" WIDTH="73" HEIGHT="20" WC="0.92" CONTENT="såsom"/><SP WIDTH="19" VPOS="1170" HPOS="321"/>
							<String ID="string_223" HPOS="340" VPOS="1169" WIDTH="103" HEIGHT="21" WC="0.92" CONTENT="aktionär"/><SP WIDTH="19" VPOS="1169" HPOS="443"/>
							<String ID="string_224" HPOS="462" VPOS="1169" WIDTH="71" HEIGHT="22" WC="0.96" CONTENT="borde"/><SP WIDTH="15" VPOS="1169" HPOS="533"/>
							<String ID="string_225" HPOS="548" VPOS="1172" WIDTH="56" HEIGHT="26" WC="0.96" CONTENT="göra"/><SP WIDTH="16" VPOS="1172" HPOS="604"/>
							<String ID="string_226" HPOS="620" VPOS="1170" WIDTH="38" HEIGHT="21" WC="0.96" CONTENT="sitt"/><SP WIDTH="15" VPOS="1170" HPOS="658"/>
							<String ID="string_227" HPOS="673" VPOS="1170" WIDTH="125" HEIGHT="28" WC="0.93" CONTENT="inflytande"/><SP WIDTH="15" VPOS="1170" HPOS="798"/>
							<String ID="string_228" HPOS="813" VPOS="1170" WIDTH="45" HEIGHT="28" WC="0.91" CONTENT="gäl-"/>
						</TextLine>
						<TextLine ID="line_29" HPOS="101" VPOS="1198" WIDTH="757" HEIGHT="35">
							<String ID="string_229" HPOS="101" VPOS="1203" WIDTH="73" HEIGHT="26" WC="0.96" CONTENT="lande,"/><SP WIDTH="23" VPOS="1203" HPOS="174"/>
							<String ID="string_230" HPOS="197" VPOS="1203" WIDTH="20" HEIGHT="28" WC="0.96" CONTENT="ej"/><SP WIDTH="24" VPOS="1203" HPOS="217"/>
							<String ID="string_231" HPOS="241" VPOS="1204" WIDTH="69" HEIGHT="21" WC="0.96" CONTENT="hafva"/><SP WIDTH="22" VPOS="1204" HPOS="310"/>
							<String ID="string_232" HPOS="332" VPOS="1204" WIDTH="127" HEIGHT="29" WC="0.96" CONTENT="synnerligt"/><SP WIDTH="20" VPOS="1204" HPOS="459"/>
							<String ID="string_233" HPOS="479" VPOS="1205" WIDTH="49" HEIGHT="20" WC="0.96" CONTENT="skäl"/><SP WIDTH="18" VPOS="1205" HPOS="528"/>
							<String ID="string_234" HPOS="546" VPOS="1205" WIDTH="36" HEIGHT="21" WC="0.96" CONTENT="för"/><SP WIDTH="18" VPOS="1205" HPOS="582"/>
							<String ID="string_235" HPOS="600" VPOS="1205" WIDTH="40" HEIGHT="28" WC="0.93" CONTENT="sig."/><SP WIDTH="32" VPOS="1205" HPOS="640"/>
							<String ID="string_236" HPOS="672" VPOS="1198" WIDTH="20" HEIGHT="28" WC="0.93" CONTENT="Å"/><SP WIDTH="16" VPOS="1198" HPOS="692"/>
							<String ID="string_237" HPOS="708" VPOS="1205" WIDTH="71" HEIGHT="22" WC="0.96" CONTENT="andra"/><SP WIDTH="15" VPOS="1205" HPOS="779"/>
							<String ID="string_238" HPOS="794" VPOS="1204" WIDTH="64" HEIGHT="21" WC="0.96" CONTENT="sidan"/>
						</TextLine>
						<TextLine ID="line_30" HPOS="101" VPOS="1238" WIDTH="758" HEIGHT="29">
							<String ID="string_239" HPOS="101" VPOS="1238" WIDTH="77" HEIGHT="21" WC="0.96" CONTENT="kunde"/><SP WIDTH="19" VPOS="1238" HPOS="178"/>
							<String ID="string_240" HPOS="197" VPOS="1238" WIDTH="38" HEIGHT="21" WC="0.96" CONTENT="det"/><SP WIDTH="18" VPOS="1238" HPOS="235"/>
							<String ID="string_241" HPOS="253" VPOS="1238" WIDTH="35" HEIGHT="21" WC="0.96" CONTENT="för"/><SP WIDTH="20" VPOS="1238" HPOS="288"/>
							<String ID="string_242" HPOS="308" VPOS="1245" WIDTH="27" HEIGHT="14" WC="0.93" CONTENT="en"/><SP WIDTH="15" VPOS="1245" HPOS="335"/>
							<String ID="string_243" HPOS="350" VPOS="1238" WIDTH="147" HEIGHT="29" WC="0.92" CONTENT="privatbanas"/><SP WIDTH="16" VPOS="1238" HPOS="497"/>
							<String ID="string_244" HPOS="513" VPOS="1239" WIDTH="140" HEIGHT="28" WC="0.96" CONTENT="förvaltning"/><SP WIDTH="15" VPOS="1239" HPOS="653"/>
							<String ID="string_245" HPOS="668" VPOS="1239" WIDTH="48" HEIGHT="22" WC="0.95" CONTENT="ofta"/><SP WIDTH="12" VPOS="1239" HPOS="716"/>
							<String ID="string_246" HPOS="728" VPOS="1239" WIDTH="72" HEIGHT="22" WC="0.96" CONTENT="blifva"/><SP WIDTH="15" VPOS="1239" HPOS="800"/>
							<String ID="string_247" HPOS="815" VPOS="1241" WIDTH="44" HEIGHT="19" WC="0.96" CONTENT="rätt"/>
						</TextLine>
						<TextLine ID="line_31" HPOS="102" VPOS="1272" WIDTH="757" HEIGHT="31">
							<String ID="string_248" HPOS="102" VPOS="1272" WIDTH="120" HEIGHT="22" WC="0.96" CONTENT="obekvämt"/><SP WIDTH="22" VPOS="1272" HPOS="222"/>
							<String ID="string_249" HPOS="244" VPOS="1275" WIDTH="33" HEIGHT="19" WC="0.96" CONTENT="att"/><SP WIDTH="21" VPOS="1275" HPOS="277"/>
							<String ID="string_250" HPOS="298" VPOS="1273" WIDTH="8" HEIGHT="20" WC="0.96" CONTENT="i"/><SP WIDTH="19" VPOS="1273" HPOS="306"/>
							<String ID="string_251" HPOS="325" VPOS="1275" WIDTH="58" HEIGHT="20" WC="0.96" CONTENT="stort"/><SP WIDTH="19" VPOS="1275" HPOS="383"/>
							<String ID="string_252" HPOS="402" VPOS="1281" WIDTH="48" HEIGHT="14" WC="0.96" CONTENT="som"/><SP WIDTH="18" VPOS="1281" HPOS="450"/>
							<String ID="string_253" HPOS="468" VPOS="1275" WIDTH="68" HEIGHT="20" WC="0.93" CONTENT="smått"/><SP WIDTH="15" VPOS="1275" HPOS="536"/>
							<String ID="string_254" HPOS="551" VPOS="1274" WIDTH="87" HEIGHT="29" WC="0.91" CONTENT="nödgas"/><SP WIDTH="16" VPOS="1274" HPOS="638"/>
							<String ID="string_255" HPOS="654" VPOS="1277" WIDTH="52" HEIGHT="26" WC="0.96" CONTENT="taga"/><SP WIDTH="15" VPOS="1277" HPOS="706"/>
							<String ID="string_256" HPOS="721" VPOS="1275" WIDTH="90" HEIGHT="28" WC="0.95" CONTENT="hänsyn"/><SP WIDTH="15" VPOS="1275" HPOS="811"/>
							<String ID="string_257" HPOS="826" VPOS="1274" WIDTH="33" HEIGHT="21" WC="0.95" CONTENT="till"/>
						</TextLine>
						<TextLine ID="line_32" HPOS="102" VPOS="1307" WIDTH="756" HEIGHT="30">
							<String ID="string_258" HPOS="102" VPOS="1307" WIDTH="27" HEIGHT="21" WC="0.96" CONTENT="de"/><SP WIDTH="20" VPOS="1307" HPOS="129"/>
							<String ID="string_259" HPOS="149" VPOS="1307" WIDTH="142" HEIGHT="28" WC="0.96" CONTENT="synpunkter"/><SP WIDTH="24" VPOS="1307" HPOS="291"/>
							<String ID="string_260" HPOS="315" VPOS="1310" WIDTH="32" HEIGHT="19" WC="0.92" CONTENT="ett"/><SP WIDTH="19" VPOS="1310" HPOS="347"/>
							<String ID="string_261" HPOS="366" VPOS="1308" WIDTH="143" HEIGHT="22" WC="0.89" CONTENT="statsombud"/><SP WIDTH="15" VPOS="1308" HPOS="509"/>
							<String ID="string_262" HPOS="524" VPOS="1311" WIDTH="83" HEIGHT="26" WC="0.91" CONTENT="ansåge"/><SP WIDTH="16" VPOS="1311" HPOS="607"/>
							<String ID="string_263" HPOS="623" VPOS="1309" WIDTH="35" HEIGHT="28" WC="0.95" CONTENT="sig"/><SP WIDTH="15" VPOS="1309" HPOS="658"/>
							<String ID="string_264" HPOS="673" VPOS="1309" WIDTH="55" HEIGHT="22" WC="0.96" CONTENT="böra"/><SP WIDTH="16" VPOS="1309" HPOS="728"/>
							<String ID="string_265" HPOS="744" VPOS="1311" WIDTH="56" HEIGHT="26" WC="0.91" CONTENT="göra"/><SP WIDTH="14" VPOS="1311" HPOS="800"/>
							<String ID="string_266" HPOS="814" VPOS="1309" WIDTH="44" HEIGHT="28" WC="0.91" CONTENT="gäl-"/>
						</TextLine>
						<TextLine ID="line_33" HPOS="102" VPOS="1341" WIDTH="757" HEIGHT="32">
							<String ID="string_267" HPOS="102" VPOS="1341" WIDTH="72" HEIGHT="22" WC="0.95" CONTENT="lande."/><SP WIDTH="30" VPOS="1341" HPOS="174"/>
							<String ID="string_268" HPOS="204" VPOS="1341" WIDTH="36" HEIGHT="22" WC="0.89" CONTENT="De"/><SP WIDTH="20" VPOS="1341" HPOS="240"/>
							<String ID="string_269" HPOS="260" VPOS="1343" WIDTH="97" HEIGHT="28" WC="0.94" CONTENT="anspråk"/><SP WIDTH="19" VPOS="1343" HPOS="357"/>
							<String ID="string_270" HPOS="376" VPOS="1343" WIDTH="151" HEIGHT="22" WC="0.96" CONTENT="allmänheten"/><SP WIDTH="19" VPOS="1343" HPOS="527"/>
							<String ID="string_271" HPOS="546" VPOS="1344" WIDTH="72" HEIGHT="21" WC="0.96" CONTENT="skulle"/><SP WIDTH="16" VPOS="1344" HPOS="618"/>
							<String ID="string_272" HPOS="634" VPOS="1344" WIDTH="64" HEIGHT="21" WC="0.96" CONTENT="ställa"/><SP WIDTH="15" VPOS="1344" HPOS="698"/>
							<String ID="string_273" HPOS="713" VPOS="1346" WIDTH="29" HEIGHT="27" WC="0.96" CONTENT="på"/><SP WIDTH="16" VPOS="1346" HPOS="742"/>
							<String ID="string_274" HPOS="758" VPOS="1351" WIDTH="28" HEIGHT="14" WC="0.93" CONTENT="en"/><SP WIDTH="13" VPOS="1351" HPOS="786"/>
							<String ID="string_275" HPOS="799" VPOS="1343" WIDTH="60" HEIGHT="28" WC="0.91" CONTENT="järn-"/>
						</TextLine>
						<TextLine ID="line_34" HPOS="102" VPOS="1378" WIDTH="757" HEIGHT="29">
							<String ID="string_276" HPOS="102" VPOS="1379" WIDTH="51" HEIGHT="26" WC="0.96" CONTENT="väg,"/><SP WIDTH="23" VPOS="1379" HPOS="153"/>
							<String ID="string_277" HPOS="176" VPOS="1384" WIDTH="55" HEIGHT="18" WC="0.96" CONTENT="som,"/><SP WIDTH="24" VPOS="1384" HPOS="231"/>
							<String ID="string_278" HPOS="255" VPOS="1385" WIDTH="83" HEIGHT="20" WC="0.96" CONTENT="genom"/><SP WIDTH="23" VPOS="1385" HPOS="338"/>
							<String ID="string_279" HPOS="361" VPOS="1380" WIDTH="33" HEIGHT="19" WC="0.93" CONTENT="att"/><SP WIDTH="22" VPOS="1380" HPOS="394"/>
							<String ID="string_280" HPOS="416" VPOS="1379" WIDTH="137" HEIGHT="21" WC="0.91" CONTENT="statsverket"/><SP WIDTH="19" VPOS="1379" HPOS="553"/>
							<String ID="string_281" HPOS="572" VPOS="1379" WIDTH="48" HEIGHT="20" WC="0.96" CONTENT="däri"/><SP WIDTH="16" VPOS="1379" HPOS="620"/>
							<String ID="string_282" HPOS="636" VPOS="1381" WIDTH="24" HEIGHT="18" WC="0.92" CONTENT="är"/><SP WIDTH="16" VPOS="1381" HPOS="660"/>
							<String ID="string_283" HPOS="676" VPOS="1379" WIDTH="110" HEIGHT="28" WC="0.91" CONTENT="delegare,"/><SP WIDTH="16" VPOS="1379" HPOS="786"/>
							<String ID="string_284" HPOS="802" VPOS="1378" WIDTH="57" HEIGHT="21" WC="0.95" CONTENT="hade"/>
						</TextLine>
						<TextLine ID="line_35" HPOS="102" VPOS="1411" WIDTH="758" HEIGHT="28">
							<String ID="string_285" HPOS="102" VPOS="1419" WIDTH="28" HEIGHT="13" WC="0.96" CONTENT="en"/><SP WIDTH="18" VPOS="1419" HPOS="130"/>
							<String ID="string_286" HPOS="148" VPOS="1418" WIDTH="46" HEIGHT="15" WC="0.95" CONTENT="mer"/><SP WIDTH="24" VPOS="1418" HPOS="194"/>
							<String ID="string_287" HPOS="218" VPOS="1411" WIDTH="53" HEIGHT="21" WC="0.96" CONTENT="eller"/><SP WIDTH="23" VPOS="1411" HPOS="271"/>
							<String ID="string_288" HPOS="294" VPOS="1411" WIDTH="88" HEIGHT="22" WC="0.95" CONTENT="mindre"/><SP WIDTH="23" VPOS="1411" HPOS="382"/>
							<String ID="string_289" HPOS="405" VPOS="1412" WIDTH="92" HEIGHT="22" WC="0.94" CONTENT="officiell"/><SP WIDTH="23" VPOS="1412" HPOS="497"/>
							<String ID="string_290" HPOS="520" VPOS="1413" WIDTH="112" HEIGHT="26" WC="0.92" CONTENT="karaktär,"/><SP WIDTH="19" VPOS="1413" HPOS="632"/>
							<String ID="string_291" HPOS="651" VPOS="1413" WIDTH="75" HEIGHT="22" WC="0.92" CONTENT="blefve"/><SP WIDTH="18" VPOS="1413" HPOS="726"/>
							<String ID="string_292" HPOS="744" VPOS="1413" WIDTH="116" HEIGHT="21" WC="0.96" CONTENT="dessutom"/>
						</TextLine>
						<TextLine ID="line_36" HPOS="101" VPOS="1445" WIDTH="759" HEIGHT="27">
							<String ID="string_293" HPOS="101" VPOS="1445" WIDTH="47" HEIGHT="21" WC="0.96" CONTENT="helt"/><SP WIDTH="20" VPOS="1445" HPOS="148"/>
							<String ID="string_294" HPOS="168" VPOS="1445" WIDTH="74" HEIGHT="21" WC="0.96" CONTENT="säkert"/><SP WIDTH="24" VPOS="1445" HPOS="242"/>
							<String ID="string_295" HPOS="266" VPOS="1446" WIDTH="69" HEIGHT="21" WC="0.96" CONTENT="andra"/><SP WIDTH="23" VPOS="1446" HPOS="335"/>
							<String ID="string_296" HPOS="358" VPOS="1449" WIDTH="29" HEIGHT="19" WC="0.96" CONTENT="än"/><SP WIDTH="23" VPOS="1449" HPOS="387"/>
							<String ID="string_297" HPOS="410" VPOS="1447" WIDTH="34" HEIGHT="25" WC="0.96" CONTENT="de,"/><SP WIDTH="24" VPOS="1447" HPOS="444"/>
							<String ID="string_298" HPOS="468" VPOS="1447" WIDTH="78" HEIGHT="22" WC="0.96" CONTENT="hvilka"/><SP WIDTH="24" VPOS="1447" HPOS="546"/>
							<String ID="string_299" HPOS="570" VPOS="1455" WIDTH="84" HEIGHT="14" WC="0.96" CONTENT="samma"/><SP WIDTH="23" VPOS="1455" HPOS="654"/>
							<String ID="string_300" HPOS="677" VPOS="1447" WIDTH="120" HEIGHT="22" WC="0.95" CONTENT="allmänhet"/><SP WIDTH="17" VPOS="1447" HPOS="797"/>
							<String ID="string_301" HPOS="814" VPOS="1448" WIDTH="46" HEIGHT="21" WC="0.96" CONTENT="kan"/>
						</TextLine>
					</TextBlock>
					<TextBlock ID="block_3" HPOS="780" VPOS="1491" WIDTH="10" HEIGHT="17">
						<TextLine ID="line_37" HPOS="780" VPOS="1491" WIDTH="10" HEIGHT="17">
							<String ID="string_302" HPOS="780" VPOS="1491" WIDTH="10" HEIGHT="17" WC="0.95" CONTENT="2"/>
						</TextLine>
					</TextBlock>
				</ComposedBlock>
			</PrintSpace>
		</Page>
	</Layout>
</alto>
