1036 1661
177 155 12 20 2
354 154 83 23 Ständ.
454 155 39 22 Sv.
511 168 24 2 —
552 155 75 28 Prop.
644 155 42 22 N:o
701 154 38 23 24.

178 223 50 28 ning
250 223 107 28 angående
379 223 106 23 ordnande
508 225 7 20 i
538 223 104 22 särskilda
665 224 37 21 fall
725 223 23 22 af
770 223 115 22 samhällen
905 223 28 29 på

177 257 146 28 landsbygden
338 258 48 21 med
401 258 170 29 sammanträngd
586 258 130 28 befolkning.

246 291 46 21 Vid
317 292 128 28 granskning
469 292 22 22 af
516 292 69 22 denna
609 292 79 29 nådiga
712 293 131 28 proposition
868 292 65 22 hafva

177 324 119 23 Ständerna
311 327 7 20 i
330 326 118 22 hufvudsak
459 326 95 29 godkänt
564 326 140 22 omförmälda
716 326 217 29 författningsförslag

177 363 56 19 samt
255 363 69 19 ansett
345 361 111 29 ändringar
478 362 46 21 däri
548 362 75 21 endast
641 362 7 20 i
664 361 92 29 följande
772 362 60 21 delar
846 369 50 14 vara
911 361 22 21 af

177 394 103 22 behofvet
294 395 116 29 påkallade.

247 429 40 22 Uti
309 430 12 20 2
344 437 61 14 mom.
427 430 22 21 af
470 431 12 20 2
499 431 12 27 $
527 430 86 29 stadgas
628 433 38 24 att,
682 430 37 22 där
733 430 37 22 det
786 430 41 21 kan
842 430 91 21 förutses

178 466 33 19 att
233 463 12 21 å
267 463 64 29 något
352 464 91 27 område,
465 464 68 22 såsom
556 465 12 21 å
590 465 66 27 mark,
672 464 86 22 hvilken
774 466 23 20 är
812 464 75 22 afsedd
902 467 31 18 att

180 498 151 28 »parcelleras»
354 498 33 22 till
409 498 169 28 bostadstomter,
601 507 26 13 en
645 499 64 21 talrik
725 498 124 29 befolkning
863 500 7 20 i
885 506 49 14 snar

177 532 88 22 framtid
289 533 82 22 komme
394 537 31 18 att
446 534 98 21 nedsätta
565 534 32 29 sig
618 534 39 21 och
679 536 184 26 sammanträngas,
878 534 55 20 före-

179 567 88 22 skrifter
288 567 34 22 för
343 571 59 18 orten
424 568 34 21 må
480 569 7 20 i
510 569 48 20 mån
573 569 23 20 af
611 568 208 29 omständigheterna
833 567 100 22 utfärdas.

178 601 59 22 Enär
259 603 109 28 meningen
390 603 117 21 emellertid
526 611 62 20 synes
608 611 51 13 vara
678 606 32 18 att
724 602 127 29 stadgandet
866 602 66 21 skulle

179 643 39 21 ega
233 636 150 29 tillämplighet
397 637 47 22 icke
459 637 89 22 allenast
562 638 8 20 i
585 637 27 22 de
628 637 44 27 fall,
688 637 27 22 då
727 637 60 21 mark
799 645 75 20 genom
886 644 47 21 par-

178 670 101 29 cellering
297 671 96 29 upplåtes
408 672 32 21 till
455 671 171 28 bostadstomter,
640 672 20 21 d.
676 680 19 13 v.
710 679 16 14 s.
742 671 27 22 då
785 671 147 29 eganderätten

178 705 62 28 följer
263 705 48 22 med
334 706 153 27 öfverlåtelsen,
508 710 49 18 utan
572 707 78 28 jämväl
666 707 7 20 i
688 706 37 21 fall
741 706 28 21 då
784 706 65 21 sådan
863 705 70 22 öfver-

180 739 73 22 låtelse
269 740 82 21 medför
366 740 75 22 endast
455 741 154 28 nyttjanderätt
623 741 32 21 till
672 741 92 26 marken,
776 741 39 20 har
826 741 37 21 det
875 743 58 26 synts

179 773 74 30 nödigt
275 777 32 19 att
329 775 49 21 med
399 775 132 28 inskjutande
553 775 23 22 af
591 776 61 22 ordet
669 775 170 22 »utarrenderas»
856 774 78 29 antyda

179 808 69 22 denna
263 809 160 28 omständighet.

248 843 154 29 Ordalydelsen
426 844 7 21 i
455 845 12 20 2
490 852 62 14 mom.
572 844 22 22 af
614 846 12 19 5
649 846 12 26 $
677 844 69 22 kunde
762 844 99 28 möjligen
876 843 59 29 gifva

179 877 114 29 anledning
307 878 32 21 till
354 878 65 22 sådan
431 878 195 29 missuppfattning,
638 882 32 18 att
680 878 40 22 den
732 878 96 21 enskilde
838 878 18 28 ej
868 878 67 21 skulle

180 920 51 14 vara
246 912 119 29 berättigad
378 916 32 19 att
421 913 22 21 få
455 914 116 28 ersättning
583 913 35 21 för
629 913 66 27 mark,
705 913 32 21 till
749 912 86 22 hvilken
846 912 90 28 egande-

180 946 51 22 eller
253 947 152 28 nyttjanderätt
426 948 142 28 tilläfventyrs
590 947 28 29 på
640 947 68 29 grund
729 946 23 22 af
771 946 98 22 faststäld
884 946 52 28 byg-

179 980 142 30 nadsordning
336 981 65 22 måste
417 982 48 22 dess
480 982 137 22 innehafvare
633 982 109 21 afhändas.
771 981 45 21 För
828 984 32 18 att
871 980 64 22 emel-

179 1014 64 22 lertid
265 1016 78 28 tydligt
365 1016 111 22 framhålla
497 1016 41 22 den
556 1016 106 22 enskildes
678 1018 42 19 rätt
735 1015 41 21 och
790 1016 33 21 till
838 1014 98 29 förebyg-

179 1050 68 27 gande
271 1050 22 21 af
315 1053 32 19 att
370 1051 141 21 kostnaderna
531 1051 33 21 för
580 1051 146 28 förändringar
741 1051 7 20 i
764 1049 114 23 bestående
893 1049 43 21 för-

180 1084 112 23 hållanden
317 1086 65 21 varda
405 1085 140 22 öfverhöfvan
568 1085 141 29 betungande,
732 1085 38 22 har
792 1086 7 20 i
822 1087 115 19 momentet

177 1119 81 29 tillagts
277 1119 64 22 orden
358 1120 51 20 »och
424 1127 58 14 mera
497 1120 120 28 betydande
633 1118 302 30 expropriationskostnader».

180 1153 43 21 För
238 1161 26 14 en
279 1162 67 13 annan
362 1154 88 28 ändring
464 1155 7 19 i
488 1155 11 20 5
516 1155 12 26 $
545 1154 112 28 redogöres
673 1154 36 22 vid
725 1154 12 20 9
755 1155 17 25 $.

248 1188 112 28 Förslaget
381 1188 7 21 i
410 1188 41 21 den
472 1188 76 28 nådiga
569 1189 167 28 propositionens
758 1189 11 20 6
786 1188 10 27 $
812 1187 77 26 därom,
905 1190 32 18 att

179 1224 106 26 guvernör
307 1222 52 29 egde
382 1222 86 29 vidtaga
488 1223 85 21 rättelse
588 1223 40 21 och
641 1222 89 28 ändring
745 1223 7 19 i
768 1222 51 21 eller
833 1222 103 21 afvikelse

180 1256 47 21 från
242 1256 137 22 kommunens
394 1256 79 29 förslag
488 1257 32 21 till
536 1257 187 28 ordningsstadgar
737 1264 27 13 m.
777 1264 27 13 m.
816 1256 34 21 för
861 1256 76 21 sådant

179 1290 108 28 samhälle,
309 1291 87 22 hvarom
418 1291 240 29 författningsförslaget
679 1290 95 27 handlar,
794 1290 66 22 hafva
875 1290 61 22 Stän-

180 1324 66 22 derna
261 1325 48 21 icke
325 1325 79 21 kunnat
419 1325 95 26 omfatta,
526 1328 50 18 enär
588 1325 40 21 den
641 1324 135 22 kommunala
786 1324 151 28 själfstyrelsen

179 1358 123 29 härigenom
317 1360 83 21 komme
416 1362 31 19 att
461 1360 8 20 i
483 1360 73 21 alltför
570 1360 105 27 väsentlig
686 1359 53 28 grad
751 1358 71 22 trädas
836 1358 33 21 för
881 1360 56 19 nära.

180 1393 12 21 I
207 1394 72 21 stället
294 1393 64 22 hafva
374 1393 118 22 Ständerna
507 1394 65 21 infört
587 1393 66 22 sådan
668 1393 134 28 bestämning
816 1395 38 24 att,
870 1393 5 20 i
886 1392 51 21 hän-

180 1427 58 22 delse
259 1429 104 28 guvernör
385 1435 60 14 anser
466 1429 33 27 sig
520 1428 48 21 icke
589 1428 71 21 kunna
680 1427 139 22 oförändradt
833 1427 104 21 fastställa

180 1461 137 22 kommunens
332 1462 75 27 beslut,
422 1462 88 22 ärendet
524 1462 39 22 bör
578 1461 136 23 återförvisas
726 1461 33 22 till
770 1470 27 20 ny
808 1461 130 28 behandling
