1036 1661
171 146 14 20 4
356 145 84 23 Ständ.
457 145 38 23 Sv.
516 159 21 2 —
555 145 74 28 Prop.
642 145 46 22 N:o
703 145 39 22 24.

377 215 49 21 med
441 215 71 28 några
523 215 87 21 mindre
623 214 128 28 ändringar,
762 215 10 20 i
782 215 56 28 följd
848 214 80 27 hvaraf

377 250 41 21 den
445 249 128 28 föreslagna
599 249 164 28 författningen
788 249 83 22 komme
895 250 33 19 att

380 284 50 27 lyda
445 291 47 14 som
507 284 78 28 följer
577 280 12 37 :

447 369 157 28 Förordning
626 369 125 27 angående
773 369 126 23 ordnande
919 368 9 22 i

380 404 121 22 särskilda
516 404 45 22 fall
574 403 25 23 af
611 404 135 22 samhällen
757 403 31 29 på
800 404 128 27 landsbyg-

380 438 46 22 den
441 438 56 22 med
514 438 199 28 sammanträngd
729 438 153 28 befolkning.

243 506 115 29 Angående
381 507 107 21 ordnande
510 508 7 20 i
540 507 104 21 särskilda
666 506 38 22 fall
727 506 22 22 af
768 507 115 21 samhällen
901 506 28 29 på

174 541 144 28 landsbygden
340 542 48 21 med
410 542 171 27 sammanträngd
601 541 123 28 befolkning
739 541 77 22 varder
830 541 99 28 stadgadt

174 575 69 22 såsom
258 575 71 29 följer:

531 628 44 26 18

242 667 80 22 Därest
343 667 27 29 pä
393 667 72 22 landet
485 667 104 22 särskilda
604 668 146 21 förhällanden
766 668 12 21 &
792 671 34 18 ort
840 668 48 21 med
904 675 25 14 en

175 704 73 25 större,
264 702 170 29 sammanträngd
448 702 124 29 befolkning
584 703 48 20 icke
645 703 70 20 kunna
727 702 115 29 behörigen
854 702 75 22 ordnas

175 737 7 21 i
206 737 48 21 stöd
277 737 23 20 af
321 736 96 29 gällande
440 736 151 29 författningar
605 737 88 21 rörande
708 737 221 21 landskommunernas

176 771 135 28 förvaltning,
326 771 59 21 skola
399 771 156 21 nedanstäende
570 771 156 28 bestämningar
741 771 63 22 lända
818 771 33 22 till
866 771 63 21 efter-

176 805 92 22 rättelse.

245 839 75 22 Under
335 839 68 22 denna
418 839 123 29 förordning
555 840 120 28 inbegripes
687 840 65 21 likväl
765 840 47 21 icke
824 840 33 21 till
867 842 62 19 tomt-

175 874 81 29 platser
273 874 34 21 för
321 874 27 29 by
363 874 74 28 utlagd
451 874 66 26 mark,
533 874 70 22 sävidt
617 874 123 22 densamma
754 874 176 29 hufvudsakligen

176 912 104 26 upptages
296 908 22 22 af
332 908 249 29 hemmansäbyggnader.

532 972 45 28 28.

246 1012 69 21 Anses
338 1012 106 26 samhälle,
466 1019 44 14 som
533 1012 63 22 ofvan
616 1012 140 27 omförmäles,
777 1020 51 14 vara
845 1013 8 20 i
867 1012 65 22 behof

177 1046 23 21 af
224 1046 104 21 särskilda
353 1046 134 21 föreskrifter
512 1046 134 22 beträffande
671 1046 114 29 ordnings-,
807 1046 125 29 byggnads-,

176 1081 85 26 brand-,
284 1080 132 22 helsovärds-
439 1081 51 21 eller
512 1081 165 21 hamnväsendet
698 1081 116 27 därstädes,
829 1081 34 21 mä
878 1081 54 21 efter

177 1115 101 29 pröfning
292 1115 23 21 af
327 1114 101 22 Senatens
440 1114 266 30 Ekonomiedepartement
716 1115 74 29 dylika
800 1115 132 21 föreskrifter

177 1150 33 20 till
225 1149 42 21 den
282 1149 34 21 del
332 1149 50 21 eller
397 1150 7 20 i
420 1149 26 21 de
462 1149 119 26 afseenden,
597 1157 44 13 som
657 1152 34 18 äro
706 1149 23 21 af
741 1149 75 27 nöden,
826 1150 32 21 till
869 1149 63 21 efter-

178 1184 72 21 lefnad
266 1184 34 20 för
314 1183 111 21 samhället
440 1184 121 21 fastställas.

248 1218 85 26 Likaså,
347 1218 39 21 där
400 1218 91 21 förutses
507 1218 48 27 kan,
569 1221 32 19 att
616 1218 11 21 å
643 1221 33 19 ort
691 1226 25 13 en
731 1218 64 21 talrik
810 1218 123 29 befolkning

178 1253 7 20 i
209 1260 49 13 snar
278 1252 87 21 framtid
380 1252 94 22 kommer
489 1256 32 18 att
535 1253 98 21 nedsätta
647 1254 33 27 sig
694 1253 40 21 och
749 1256 185 25 sammanträngas,

178 1286 69 21 såsom
263 1286 13 21 å
291 1286 64 26 mark,
370 1286 76 22 afsedd
461 1290 32 18 att
507 1287 32 21 till
553 1287 164 21 bostadstomter
727 1287 146 21 utarrenderas
883 1287 51 21 eller

179 1320 133 29 parcelleras,
339 1328 44 14 mer
409 1321 120 28 betydande
552 1324 33 18 ort
609 1321 58 22 invid
693 1322 177 28 järnvägsstation
894 1322 39 20 och

180 1355 65 21 andra
268 1354 72 30 dylika
362 1355 82 27 ställen,
466 1356 40 26 mä,
528 1356 91 21 änskönt
638 1356 104 28 reglering
756 1356 110 21 därstädes
881 1356 53 21 tills-

180 1389 73 21 vidare
269 1389 48 21 icke
332 1391 23 19 är
370 1389 22 21 af
407 1389 103 22 behofvet
523 1389 167 29 oundgängligen
706 1389 106 29 päkallad,
825 1390 64 21 likväl
902 1389 33 22 för

179 1423 40 22 den
242 1427 62 18 orten
324 1423 133 22 föreskrifter
480 1424 50 21 eller
548 1424 100 21 särskildt
669 1424 45 28 slag
732 1424 22 21 af
769 1424 85 27 sådana,
868 1432 45 13 som
928 1425 7 20 i

180 1459 10 19 1
208 1465 62 14 mom.
286 1460 65 26 säges,
370 1459 3 20 i
389 1458 48 21 män
452 1459 22 20 af
489 1459 206 28 omständigheterna
710 1459 100 21 utfärdas.
