1039 1656
285 149 85 23 Ständ.
387 149 39 22 Sv.
444 162 25 2 —
485 149 75 28 Prop.
576 150 43 22 N:o
634 150 40 22 25.
840 151 26 20 15

109 219 97 30 Anslag
225 219 36 23 till
279 214 218 35 Öfverstyrelsens
507 220 39 22 för
557 220 64 22 skol-

280 254 123 23 väsendet
415 254 152 29 förfogande
580 255 39 22 för

281 289 140 22 understöd
435 288 25 23 åt
473 289 74 28 sjuka
558 289 62 22 folk-

281 323 138 22 skollärare
427 323 193 22 ochlärarinnor
643 323 63 22 Fmk
769 323 96 26 45,000

109 357 97 29 Bidrag
225 357 36 22 till
276 357 159 28 uppförande
450 357 25 22 af
485 357 134 22 folkskole-

281 391 48 22 hus
348 392 46 21 och
414 391 177 29 slöjdlokaler.
613 409 4 4 .
669 402 8 10 »
753 391 112 26 150,000

110 425 96 30 Anslag
225 425 36 23 till
279 426 122 22 bibliotek
420 426 39 22 för
477 427 144 22 folkskollä-

276 467 57 15 rare
363 461 46 22 och
438 461 144 22 lärarinnor
612 461 7 22 i

280 495 223 22 landskommuner
535 513 83 4 ....
670 504 8 11 »
768 495 97 26 51,000

154 541 8 9 »
238 539 8 10 >
276 529 268 29 fortsättningskurser
577 530 44 21 vid

280 564 139 23 folkskolor
433 581 3 4 .
462 581 1 4 .
485 581 4 5 .
512 581 3 4 .
538 581 4 4 .
564 581 4 4 .
591 581 30 4 ..
669 573 9 10 »
769 563 96 27 63,000

153 609 9 10 »
237 609 8 10 >»
279 599 134 22 aflönande
425 599 25 21 af
459 599 166 22 handarbets-

273 633 142 23 lärarinnor
429 633 43 22 vid
482 633 139 22 folkskolor

275 668 32 28 pä
325 668 86 22 landet
432 685 187 4 ........
668 676 9 11 »
767 666 97 27 99,000

153 712 9 10 »
220 703 39 21 för
277 702 142 22 ordnandet
429 702 26 22 af
467 702 157 28 slöjdunder-

279 736 102 29 visning
408 736 43 22 vid
479 736 140 22 folkskolor

279 771 33 28 pä
330 771 87 21 landet
431 788 4 4 .
457 788 162 4 .......
668 780 9 10 »
767 769 97 27 54,000

153 815 8 10 »
229 806 36 22 till
283 805 154 28 stipendier
430 801 14 38 i
448 805 170 29 pedagogiskt

279 840 66 28 syfte
373 840 25 21 ät
425 838 193 24 folkskollärare

279 874 46 22 och
335 874 143 22 lärarinnor
489 874 42 22 vid
538 874 80 28 sagda

278 908 84 22 8kolor
377 926 4 4 «
403 926 4 4 <
429 926 30 4 kä
483 926 29 4 <a
534 925 82 5 saan
667 917 9 10 »
768 906 95 26 10,800

519 948 102 22 Summa
639 948 63 22 Fmk
721 946 141 28 6,862,600

176 1011 139 29 Angäende
334 1012 81 25 sättet,
435 1012 99 28 hvarpä
553 1011 196 29 ifrägavarande
765 1009 98 29 utgifts-

106 1045 93 29 belopp
219 1046 24 21 af
262 1046 140 26 6,862,600
421 1046 72 22 mark
506 1046 46 22 bör
565 1046 126 25 betäckas,
706 1044 105 29 utbedja
825 1044 38 28 sig

109 1080 142 22 Ständerna
275 1082 35 20 att
333 1080 24 22 fä
377 1081 66 27 yttra
463 1081 39 28 sig
521 1081 7 21 i
547 1080 42 22 det
608 1079 176 29 underdäniga
804 1084 59 16 svar

109 1114 142 22 Ständerna
261 1114 99 22 komma
375 1116 35 20 att
421 1115 96 29 afgifva
527 1115 57 21 med
596 1114 136 29 anledning
743 1114 25 21 af
780 1112 82 22 Eders

107 1149 141 29 Kejserliga
275 1149 129 28 Majestäts
433 1149 95 29 nådiga
551 1149 156 28 proposition
731 1147 132 29 angående

107 1183 30 22 de
162 1183 42 22 vid
229 1183 155 29 landtdagen
404 1184 27 21 år
452 1184 67 21 1897
541 1184 94 21 äskade
655 1183 88 28 anslag
762 1182 46 22 och
828 1183 36 20 ut-

106 1218 115 28 vägarna
240 1218 36 21 till
295 1218 141 21 desammas
455 1218 171 22 bestridande.

175 1286 120 22 Finlands
317 1286 108 23 Ständer
444 1286 147 22 framhärda
610 1287 44 21 etc.

175 1354 167 29 Helsingfors,
363 1355 48 21 den
433 1355 31 21 12
484 1355 49 28 Maj
557 1354 75 22 1897.

374 1454 213 17 Kn
