1034 1659
216 114 28 22 56
412 114 26 23 U.
454 114 28 22 B.
499 127 26 3 —
542 114 73 28 Prop.
630 115 42 22 N:o
688 115 35 21 26.

187 172 6 20 i
203 171 136 22 ekonomiskt
349 172 128 22 hänseende.
501 172 127 22 Emellertid
640 174 37 20 äro
690 172 19 21 vi
721 172 138 28 öfvertygade
867 172 80 26 derom,

188 208 32 19 att
236 206 65 21 ocksä
316 206 112 22 härstädes
443 206 67 22 finnas
527 206 178 28 förutsättningar
720 206 33 21 för
773 206 70 21 bättre
854 206 93 22 lefnads-

189 240 75 21 vilkor.
300 240 89 22 Oafsedt
416 241 191 27 skogsprodukter,
635 242 72 20 hvilka
734 243 38 19 äro
798 243 72 20 ortens
893 243 55 19 mest

189 275 139 26 inbringande
347 275 147 26 utförselvara,
511 275 56 21 skall
585 275 191 27 boskapsskötseln
796 275 39 21 här
851 275 97 21 otvifvel-

188 309 70 27 aktigt
273 309 108 21 utvecklas
398 309 84 25 derhän,
499 311 32 20 att
546 310 40 21 den
603 309 53 22 ökar
667 309 164 27 befolkningens
843 309 104 26 välstånd,

189 349 33 15 om
239 343 55 21 blott
310 343 33 21 för
358 343 262 28 ladugårdsprodukterna
635 343 90 22 beredes
737 343 86 22 tillfälle
835 343 32 21 till
880 344 68 21 snabb

190 377 38 22 och
245 377 60 27 billig
321 379 108 26 transport
445 378 32 21 till
494 378 197 27 marknadsplatser
707 378 80 21 derför.

258 412 51 21 Men
321 418 34 15 om
368 412 64 22 också
445 413 107 26 åsigterna
565 413 189 21 öfverensstämma
767 413 51 26 deri,
831 415 31 18 att
874 413 75 21 endast

190 447 90 21 ledande
296 446 23 21 af
331 447 89 26 jernväg
436 447 31 21 till
480 447 69 22 denna
561 447 147 21 tillbakasatta
719 447 50 27 nejd
779 447 43 21 kan
835 447 114 27 upphjelpa

190 481 130 26 densamma,
336 481 28 26 gå
380 481 25 22 de
421 481 83 27 åtskiljs
520 482 6 21 i
543 481 82 27 frågan,
642 481 55 22 ifrån
713 481 80 22 hvilket
805 481 43 22 håll
859 482 90 27 jernväg

191 515 69 21 skulle
276 515 77 27 dragas
370 515 37 22 dit.
436 516 73 27 Några
525 516 50 27 vilja
590 516 69 27 bygga
673 516 90 27 jernväg
779 515 47 22 från
841 515 109 27 Uleåborg

190 550 32 21 till
238 549 76 22 Waala
329 549 27 28 på
370 550 126 21 nordvestra
512 551 62 20 sidan
590 550 23 21 af
627 550 122 26 Uleåträsk,
765 550 68 21 andra
848 550 101 21 fortsätta

190 584 42 21 den
255 584 105 21 Karelska
379 585 116 26 jernvägen
514 591 76 21 genom
611 585 92 21 Nurmes
723 585 32 20 till
773 584 90 27 Kajana,
875 585 74 20 andra

191 619 46 21 äter
256 619 97 26 förlänga
372 619 175 21 Savolaksbanan
567 625 75 20 genom
659 619 79 21 Iisalmi
755 619 32 20 till
801 619 92 26 Kajana,
911 619 38 21 och

191 653 67 26 några
273 653 99 26 slutligen
388 653 50 27 vilja
454 653 109 27 samtidigt
579 654 69 27 bygga
664 653 54 22 både
736 653 132 27 Uleäborg-—
880 653 68 21 Waala

192 687 39 21 och
257 687 195 27 Kuopio—lisalmi
475 688 120 27 jernvägar.
627 688 48 21 Alla
699 688 61 21 dessa
783 687 80 27 förslag
886 687 63 21 hafva

192 722 74 21 vunnit
285 721 123 22 understöd.
437 722 113 28 Förslaget
569 729 33 14 om
622 722 67 27 begge
705 722 106 27 sistsagda
824 722 126 27 jernvägars

192 755 114 22 utförande
325 758 24 19 är
368 756 65 21 likväl
452 756 24 21 af
493 757 40 21 den
553 757 152 26 beskaffenhet,
721 758 32 19 att
773 757 48 20 dess
837 756 114 21 förverkli-

191 790 70 26 gande
284 790 46 21 icke
352 792 24 19 är
395 791 83 26 möjligt
497 791 56 21 inom
573 792 108 21 närmaste
700 791 93 27 framtid,
814 791 23 21 af
854 791 45 21 skäl
919 792 32 19 att

192 825 142 21 statsverkets
367 825 34 20 för
418 822 235 31 jernvägsbyggnader
686 825 133 26 begränsade
854 831 96 15 resurser

191 861 62 24 tagas
280 859 7 21 i
312 859 94 28 anspräk
436 859 62 22 äfven
524 859 27 27 pä
577 863 65 18 annat
667 859 50 22 häll.
757 860 113 26 Förslaget
897 859 54 22 lider

192 893 62 21 äfven
278 893 23 21 af
322 893 40 21 den
384 893 60 27 brist,
467 895 33 20 att
522 894 35 21 det
580 894 19 27 ej
623 894 110 21 medförde
757 893 33 22 för
813 894 82 27 Kajana
914 894 37 21 hä-

191 927 39 21 rad
253 928 41 20 den
317 928 63 26 hjelp,
401 934 45 15 som
470 928 118 21 emellertid
609 928 42 21 alla
673 928 50 27 vilja
742 929 71 20 lemna
835 929 42 20 det.
907 929 44 20 Vär

192 960 143 29 Ofvertygelse
357 964 23 19 är
403 964 37 24 att,
464 969 33 14 om
522 969 47 14 man
592 963 37 21 vill
653 963 77 21 snabbt
752 963 39 20 och
818 962 134 27 fullständigt

193 995 109 28 bispringa
325 996 69 21 denna
415 997 115 21 nödstälda
552 997 103 26 landsdel,
676 997 65 26 nägot
764 999 65 19 annat
847 997 105 26 antagligt

186 1031 77 21 "medel
278 1031 71 21 dertill
364 1031 47 21 icke
426 1031 76 26 finnes,
519 1033 25 19 än
560 1033 32 19 att
608 1031 103 22 Savolaks
725 1031 90 27 jernväg
831 1031 120 21 utsträckes

193 1065 56 21 ända
268 1065 32 21 till
320 1065 90 27 Kajana,
426 1065 85 22 hvilken
531 1072 41 21 nya
591 1066 83 26 bandel,
690 1066 49 21 med
759 1066 36 20 det
814 1071 81 16 samma
911 1065 40 21 den

193 1099 113 27 betjenade
316 1099 84 22 bortom
411 1100 85 27 Kuopio
508 1100 90 26 belägna
611 1100 93 21 folkrika
715 1100 104 25 landsdel,
831 1100 28 27 pä
871 1099 81 27 lämpli-

192 1136 61 24 gaste
276 1135 43 20 sätt
334 1134 53 27 drog
405 1134 83 27 Kajana
504 1135 66 20 härad
586 1135 5 20 i
606 1135 162 26 jernvägsnätet
784 1134 38 21 och
838 1133 114 27 förlängde

194 1168 70 21 denna
279 1168 85 28 landets
380 1169 128 21 centralaste
527 1169 38 21 och
581 1169 55 21 enda
652 1168 53 21 raka
717 1168 97 27 jernväg.

263 1202 41 21 Till
322 1203 83 20 försvar
423 1202 33 22 för
474 1202 215 27 Uleäborg—Waala
706 1203 89 26 jernväg
810 1202 39 21 har
865 1202 89 27 anförts,

193 1238 32 19 att
244 1236 108 27 Uleåborg
372 1237 48 21 stad
439 1237 33 21 för
491 1237 84 27 Kajana
593 1237 78 22 härads
687 1237 60 21 såväl
763 1238 74 25 export
853 1243 44 14 som
914 1237 38 20 im-

193 1273 49 24 port
262 1273 24 19 är
304 1271 40 21 den
360 1273 108 20 närmaste
484 1271 71 26 hamn,
572 1271 40 22 och
627 1274 32 19 att
673 1277 77 21 genom
765 1271 69 21 denna
849 1271 54 20 bana
919 1270 34 21 för

194 1305 91 21 häradet
308 1305 103 22 bereddes
434 1306 64 21 frihet
521 1306 32 21 till
576 1306 34 21 val
632 1306 91 21 emellan
747 1305 65 22 ocksä
831 1305 66 21 andra
917 1305 35 20 vid

194 1339 104 22 Botniska
317 1339 63 22 viken
399 1340 91 27 belägna
510 1340 143 27 hamnstäder,
669 1339 74 22 hvilka
762 1339 33 21 för
811 1339 48 21 dess
875 1339 78 21 handel

194 1373 72 21 kunde
288 1373 65 21 blifva
376 1374 155 26 förmänligast.
563 1374 52 21 Sant
634 1376 31 26 är,
684 1376 32 19 att
733 1373 109 27 Uleäborg
862 1375 23 19 är
904 1375 49 19 när-

194 1410 69 19 maste
282 1408 120 27 hamnplats
420 1408 33 21 för
471 1408 83 28 Kajana
572 1408 75 27 härad,
667 1414 48 15 men
735 1409 32 20 att
785 1407 169 27 grannstäderna

264 1458 182 24 Jernvägsutskottets
459 1460 111 17 betänkande
582 1459 37 18 N:o
632 1460 15 17 1.
