1036 1661
173 145 13 21 2
358 146 82 23 Ständ.
458 146 40 23 Sv.
513 159 26 3 —
556 147 73 28 Prop.
647 147 45 22 N:o
708 146 38 23 28.

243 216 31 22 Af
297 217 65 22 detta
386 217 241 30 författningsförslag
648 218 101 29 framgår
768 218 75 29 enligt
861 218 67 21 Stän-

173 251 84 22 dernas
284 252 62 28 åsigt
368 252 52 22 icke
446 252 53 22 med
525 253 137 28 erforderlig
685 252 124 29 tydlighet,
832 255 35 20 att
884 252 45 22 för-

173 286 134 28 fattningen
334 294 54 14 vore
411 286 80 22 afsedd
513 288 35 20 att
566 287 99 22 omfatta
684 286 64 22 såväl
766 286 41 22 det
824 286 105 30 grekisk-

173 320 74 28 ryska
259 320 184 30 presterskapets
461 321 117 22 boställen
590 322 14 21 å
616 321 80 22 landet
708 329 50 14 som
770 320 52 23 dess
832 322 97 21 embets-

173 354 86 30 gårdar
277 355 8 21 i
303 355 58 22 stad.
397 356 34 22 De
450 356 145 22 sistnämnda
607 356 71 22 hafva
690 356 138 28 visserligen
840 356 35 22 uti
889 356 40 22 nå-

174 389 55 29 diga
247 390 157 28 kungörelsen
422 390 23 22 af
463 390 46 22 den
528 391 30 21 29
578 391 62 21 Mars
656 391 64 21 1858
734 390 126 22 förklarats
872 390 57 22 böra

173 424 168 29 tillgodonjuta
367 425 97 22 likadan
487 425 108 22 befrielse
613 426 52 21 från
684 425 42 22 allt
743 425 130 29 borgerligt
890 425 39 22 be-

173 462 60 25 svär,
252 467 49 14 som
319 459 35 22 uti
374 460 13 21 7
406 460 107 29 punkten
531 461 8 20 i
557 461 183 28 presterskapets
759 460 134 29 privilegier
905 460 24 22 af

173 493 45 22 den
239 493 30 22 16
289 493 103 23 Oktober
412 495 63 21 1723
496 494 90 30 tillagts
605 495 39 22 det
662 494 267 29 evangelisk-lutherska

172 528 185 29 presterskapets
375 529 122 22 enahanda
515 529 91 29 gårdar.
633 529 55 22 Men
706 529 30 22 då
754 529 100 22 berörda
870 529 58 22 kun-

172 562 90 29 görelse
280 562 116 23 utfärdats
414 563 8 22 i
440 563 172 23 administrativ
630 568 46 25 väg
695 566 59 20 samt
772 563 40 22 det
824 564 104 28 grekisk-

172 596 71 30 ryska
261 598 172 29 presterskapet
452 598 88 22 således
558 598 53 22 icke
630 606 54 22 eger
702 598 123 22 enahanda
837 598 91 22 författ-

172 632 149 29 ningsenliga
338 632 76 29 grund
431 633 36 21 för
485 632 28 22 de
532 633 51 22 dess
602 632 174 30 embetsgårdar
794 633 8 21 i
820 632 52 22 stad
882 632 46 22 till-

172 666 135 22 försäkrade
323 666 102 28 friheter,
437 675 50 14 som
499 667 39 22 det
551 667 267 29 evangelisk-lutherska
830 669 98 27 prester-

172 701 90 29 skapet,
280 700 71 24 hafva
365 701 132 23 Ständerna
508 702 79 22 funnit
599 702 247 29 lagstiftningsåtgärd
860 702 68 22 äfven

172 735 146 23 beträffande
336 736 124 22 omordade
479 736 173 30 embetsgårdar
670 744 56 15 vara
745 737 35 21 uti
798 744 32 14 nu
845 736 83 29 ifråga-

172 770 103 22 varande
293 770 60 29 syfte
366 771 24 22 af
401 770 110 23 behofvet
523 771 116 29 påkallad.
666 772 47 21 Det
726 770 132 23 Ständerna
869 771 59 22 före-

171 804 71 29 lagda
264 805 152 29 lagförslaget
439 805 42 22 har
499 806 62 28 förty
580 808 88 20 ansetts
687 806 57 22 böra
762 805 165 29 kompletteras

172 838 97 29 därhän,
296 841 35 20 att
354 839 127 23 detsamma
506 840 90 22 komme
615 842 35 20 att
668 840 98 22 omfatta
784 840 86 29 jämväl
888 839 40 22 det

171 873 176 30 grekisk-ryska
364 875 183 29 presterskapets
566 875 174 29 embetsgårdar
758 875 8 21 i
784 874 58 22 stad.

239 908 65 22 Enär
323 909 38 21 det
378 909 9 22 i
405 909 161 30 föreliggande
582 909 145 30 proposition
739 909 188 22 förekommande

170 943 121 29 uttrycket
309 944 151 29 ,rättigheter
478 944 43 22 och
539 944 128 22 förmåner"
681 944 79 22 kunde
772 944 65 28 gifva
850 944 77 22 anled-

170 978 59 28 ning
247 978 38 21 till
303 978 72 22 sådan
394 978 115 30 tolkning,
528 981 36 20 att
581 978 40 22 det
638 978 176 30 grekisk-ryska
830 980 97 27 prester-

171 1012 94 29 skapets
292 1012 115 23 boställen
434 1014 8 21 i
469 1013 81 22 landet
570 1013 146 23 beträffande
734 1012 193 28 boställsvården,

171 1046 148 30 anläggning
336 1048 23 21 af
377 1050 52 26 torp
449 1049 14 21 å
480 1048 122 22 boställets
620 1048 66 22 mark
703 1047 53 23 med
768 1055 64 15 mera
844 1047 83 29 dylikt,

171 1088 55 15 vore
253 1081 173 23 underkastade
454 1082 47 22 alla
527 1082 28 22 de
580 1084 133 27 omgångar,
736 1082 82 22 hvilka
836 1082 92 29 jämlikt

171 1115 88 29 nådiga
285 1116 168 29 förordningen
480 1117 46 21 den
552 1117 30 21 19
609 1117 51 22 Juli
689 1117 64 21 1892
782 1116 44 22 och
856 1116 72 22 andra

169 1150 169 29 författningar
364 1155 40 18 äro
429 1151 140 22 föreskrifna
592 1151 36 22 för
652 1151 185 29 presterskapets
864 1151 8 21 i
899 1150 28 22 de

170 1185 267 28 evangelisk-lutherska
446 1186 194 29 församlingarna
649 1186 36 21 uti
695 1185 103 22 Finland
804 1185 123 28 boställen,

168 1227 51 14 men
249 1219 85 22 sådant
359 1220 116 29 klarligen
502 1220 51 22 icke
576 1221 61 21 varit
658 1220 52 22 med
729 1219 198 29 författningsför-

170 1253 75 29 slaget
273 1254 81 27 afsedt,
377 1254 70 23 hafva
472 1255 132 22 Ständerna
622 1255 66 22 aktat
706 1254 90 29 nödigt,
815 1254 37 22 för
869 1254 58 21 und-

170 1288 102 22 vikande
292 1289 23 21 af
332 1289 169 28 missförstånd,
520 1289 84 28 utbyta
622 1289 72 22 orden
714 1289 152 28 rättigheter
885 1288 42 22 och

169 1322 130 22 förmåner"
328 1325 61 20 emot
417 1323 40 22 det
480 1324 136 29 lämpligare
634 1324 121 29 uttrycket
774 1323 84 29 ,frihet
876 1323 51 22 från

168 1357 124 28 utskylder
311 1357 42 22 och
372 1358 118 22 allmänna
508 1357 103 23 besvär".

238 1391 12 22 I
278 1392 72 29 öfrigt
366 1392 71 22 hafva
457 1392 131 22 Ständerna
606 1392 51 22 icke
675 1392 51 22 haft
744 1393 73 28 något
835 1394 36 19 att
888 1399 39 14 an-

168 1426 81 22 märka
268 1429 62 20 emot
347 1427 265 29 författningsförslaget
630 1427 44 22 och
689 1427 24 21 få
725 1427 63 28 förty
800 1427 42 21 hos
854 1426 73 22 Eders

168 1461 135 30 Kejserliga
321 1462 112 29 Majestät
450 1462 8 21 i
476 1461 205 30 underdåninghet
699 1461 99 28 anmäla,
