<?xml version="1.0" encoding="UTF-8"?>
<alto xmlns="http://www.loc.gov/standards/alto/ns-v3#" xmlns:xlink="http://www.w3.org/1999/xlink" xmlns:xsi="http://www.w3.org/2001/XMLSchema-instance" xsi:schemaLocation="http://www.loc.gov/standards/alto/ns-v3# http://www.loc.gov/alto/v3/alto-3-0.xsd">
	<Description>
		<MeasurementUnit>pixel</MeasurementUnit>
		<sourceImageInformation>
			<fileName>/tmp/tess_ap60_n1s_input.PNG</fileName>
		</sourceImageInformation>
		<OCRProcessing ID="OCR_0">
			<ocrProcessingStep>
				<processingSoftware>
					<softwareName>tesseract 5.3.4</softwareName>
				</processingSoftware>
			</ocrProcessingStep>
		</OCRProcessing>
	</Description>
	<Layout>
		<Page WIDTH="1036" HEIGHT="1659" PHYSICAL_IMG_NR="0" ID="page_0">
			<PrintSpace HPOS="0" VPOS="0" WIDTH="1036" HEIGHT="1659">
				<ComposedBlock ID="cblock_0" HPOS="306" VPOS="104" WIDTH="508" HEIGHT="28">
					<TextBlock ID="block_0" HPOS="306" VPOS="104" WIDTH="508" HEIGHT="28">
						<TextLine ID="line_0" HPOS="306" VPOS="104" WIDTH="508" HEIGHT="28">
							<String ID="string_0" HPOS="306" VPOS="105" WIDTH="27" HEIGHT="23" WC="0.92" CONTENT="U."/><SP WIDTH="15" VPOS="105" HPOS="333"/>
							<String ID="string_1" HPOS="348" VPOS="106" WIDTH="71" HEIGHT="21" WC="0.88" CONTENT="B."/><SP WIDTH="-25" VPOS="106" HPOS="419"/>
							<String ID="string_2" HPOS="394" VPOS="100" WIDTH="16" HEIGHT="37" WC="0.89" CONTENT="—"/><SP WIDTH="24" VPOS="100" HPOS="410"/>
							<String ID="string_3" HPOS="434" VPOS="105" WIDTH="74" HEIGHT="27" WC="0.96" CONTENT="Prop."/><SP WIDTH="17" VPOS="105" HPOS="508"/>
							<String ID="string_4" HPOS="525" VPOS="104" WIDTH="42" HEIGHT="23" WC="0.95" CONTENT="N:o"/><SP WIDTH="14" VPOS="104" HPOS="567"/>
							<String ID="string_5" HPOS="581" VPOS="105" WIDTH="36" HEIGHT="22" WC="0.96" CONTENT="26."/><SP WIDTH="184" VPOS="105" HPOS="617"/>
							<String ID="string_6" HPOS="801" VPOS="106" WIDTH="13" HEIGHT="20" WC="0.96" CONTENT="3"/>
						</TextLine>
					</TextBlock>
				</ComposedBlock>
				<ComposedBlock ID="cblock_1" HPOS="86" VPOS="162" WIDTH="763" HEIGHT="940">
					<TextBlock ID="block_1" HPOS="86" VPOS="162" WIDTH="761" HEIGHT="578">
						<TextLine ID="line_1" HPOS="86" VPOS="162" WIDTH="756" HEIGHT="28">
							<String ID="string_7" HPOS="86" VPOS="162" WIDTH="160" HEIGHT="28" WC="0.93" CONTENT="propositionen"/><SP WIDTH="19" VPOS="162" HPOS="246"/>
							<String ID="string_8" HPOS="265" VPOS="163" WIDTH="96" HEIGHT="27" WC="0.91" CONTENT="bifogadt"/><SP WIDTH="18" VPOS="163" HPOS="361"/>
							<String ID="string_9" HPOS="379" VPOS="162" WIDTH="217" HEIGHT="27" WC="0.92" CONTENT="statsrädsprotokoll"/><SP WIDTH="19" VPOS="162" HPOS="596"/>
							<String ID="string_10" HPOS="615" VPOS="162" WIDTH="24" HEIGHT="21" WC="0.93" CONTENT="af"/><SP WIDTH="17" VPOS="162" HPOS="639"/>
							<String ID="string_11" HPOS="656" VPOS="162" WIDTH="120" HEIGHT="28" WC="0.93" CONTENT="äberopade"/><SP WIDTH="19" VPOS="162" HPOS="776"/>
							<String ID="string_12" HPOS="795" VPOS="163" WIDTH="47" HEIGHT="27" WC="0.96" CONTENT="dag,"/>
						</TextLine>
						<TextLine ID="line_2" HPOS="87" VPOS="196" WIDTH="756" HEIGHT="28">
							<String ID="string_13" HPOS="87" VPOS="197" WIDTH="100" HEIGHT="21" WC="0.92" CONTENT="hurusom"/><SP WIDTH="20" VPOS="197" HPOS="187"/>
							<String ID="string_14" HPOS="207" VPOS="197" WIDTH="77" HEIGHT="27" WC="0.91" CONTENT="mänga"/><SP WIDTH="20" VPOS="197" HPOS="284"/>
							<String ID="string_15" HPOS="304" VPOS="196" WIDTH="182" HEIGHT="28" WC="0.96" CONTENT="omständigheter"/><SP WIDTH="19" VPOS="196" HPOS="486"/>
							<String ID="string_16" HPOS="505" VPOS="197" WIDTH="7" HEIGHT="21" WC="0.93" CONTENT="i"/><SP WIDTH="18" VPOS="197" HPOS="512"/>
							<String ID="string_17" HPOS="530" VPOS="196" WIDTH="43" HEIGHT="27" WC="0.93" CONTENT="hög"/><SP WIDTH="14" VPOS="196" HPOS="573"/>
							<String ID="string_18" HPOS="587" VPOS="197" WIDTH="53" HEIGHT="27" WC="0.93" CONTENT="grad"/><SP WIDTH="16" VPOS="197" HPOS="640"/>
							<String ID="string_19" HPOS="656" VPOS="197" WIDTH="44" HEIGHT="21" WC="0.91" CONTENT="tala"/><SP WIDTH="15" VPOS="197" HPOS="700"/>
							<String ID="string_20" HPOS="715" VPOS="197" WIDTH="39" HEIGHT="26" WC="0.96" CONTENT="för,"/><SP WIDTH="16" VPOS="197" HPOS="754"/>
							<String ID="string_21" HPOS="770" VPOS="199" WIDTH="32" HEIGHT="19" WC="0.95" CONTENT="att"/><SP WIDTH="16" VPOS="199" HPOS="802"/>
							<String ID="string_22" HPOS="818" VPOS="203" WIDTH="25" HEIGHT="15" WC="0.96" CONTENT="en"/>
						</TextLine>
						<TextLine ID="line_3" HPOS="87" VPOS="231" WIDTH="757" HEIGHT="27">
							<String ID="string_23" HPOS="87" VPOS="231" WIDTH="147" HEIGHT="27" WC="0.96" CONTENT="utsträckning"/><SP WIDTH="28" VPOS="231" HPOS="234"/>
							<String ID="string_24" HPOS="262" VPOS="231" WIDTH="22" HEIGHT="21" WC="0.95" CONTENT="af"/><SP WIDTH="25" VPOS="231" HPOS="284"/>
							<String ID="string_25" HPOS="309" VPOS="231" WIDTH="98" HEIGHT="27" WC="0.93" CONTENT="Sveriges"/><SP WIDTH="24" VPOS="231" HPOS="407"/>
							<String ID="string_26" HPOS="431" VPOS="231" WIDTH="116" HEIGHT="27" WC="0.92" CONTENT="jernvägar"/><SP WIDTH="26" VPOS="231" HPOS="547"/>
							<String ID="string_27" HPOS="573" VPOS="231" WIDTH="33" HEIGHT="21" WC="0.93" CONTENT="till"/><SP WIDTH="22" VPOS="231" HPOS="606"/>
							<String ID="string_28" HPOS="628" VPOS="231" WIDTH="137" HEIGHT="27" WC="0.96" CONTENT="riksgränsen"/><SP WIDTH="23" VPOS="231" HPOS="765"/>
							<String ID="string_29" HPOS="788" VPOS="233" WIDTH="56" HEIGHT="20" WC="0.96" CONTENT="emot"/>
						</TextLine>
						<TextLine ID="line_4" HPOS="87" VPOS="265" WIDTH="757" HEIGHT="27">
							<String ID="string_30" HPOS="87" VPOS="266" WIDTH="90" HEIGHT="20" WC="0.96" CONTENT="Finland"/><SP WIDTH="18" VPOS="266" HPOS="177"/>
							<String ID="string_31" HPOS="195" VPOS="266" WIDTH="24" HEIGHT="20" WC="0.96" CONTENT="sä"/><SP WIDTH="19" VPOS="266" HPOS="219"/>
							<String ID="string_32" HPOS="238" VPOS="267" WIDTH="59" HEIGHT="19" WC="0.96" CONTENT="snart"/><SP WIDTH="18" VPOS="267" HPOS="297"/>
							<String ID="string_33" HPOS="315" VPOS="272" WIDTH="45" HEIGHT="14" WC="0.96" CONTENT="som"/><SP WIDTH="19" VPOS="272" HPOS="360"/>
							<String ID="string_34" HPOS="379" VPOS="265" WIDTH="82" HEIGHT="27" WC="0.96" CONTENT="möjligt"/><SP WIDTH="21" VPOS="265" HPOS="461"/>
							<String ID="string_35" HPOS="482" VPOS="266" WIDTH="67" HEIGHT="21" WC="0.93" CONTENT="borde"/><SP WIDTH="15" VPOS="266" HPOS="549"/>
							<String ID="string_36" HPOS="564" VPOS="266" WIDTH="119" HEIGHT="21" WC="0.92" CONTENT="realiseras."/><SP WIDTH="30" VPOS="266" HPOS="683"/>
							<String ID="string_37" HPOS="713" VPOS="266" WIDTH="47" HEIGHT="21" WC="0.96" CONTENT="Den"/><SP WIDTH="16" VPOS="266" HPOS="760"/>
							<String ID="string_38" HPOS="776" VPOS="266" WIDTH="68" HEIGHT="21" WC="0.96" CONTENT="finska"/>
						</TextLine>
						<TextLine ID="line_5" HPOS="88" VPOS="299" WIDTH="755" HEIGHT="27">
							<String ID="string_39" HPOS="88" VPOS="299" WIDTH="125" HEIGHT="22" WC="0.91" CONTENT="stambanan"/><SP WIDTH="30" VPOS="299" HPOS="213"/>
							<String ID="string_40" HPOS="243" VPOS="299" WIDTH="49" HEIGHT="27" WC="0.92" CONTENT="har,"/><SP WIDTH="27" VPOS="299" HPOS="292"/>
							<String ID="string_41" HPOS="319" VPOS="301" WIDTH="61" HEIGHT="25" WC="0.92" CONTENT="säges"/><SP WIDTH="24" VPOS="301" HPOS="380"/>
							<String ID="string_42" HPOS="404" VPOS="299" WIDTH="7" HEIGHT="21" WC="0.95" CONTENT="i"/><SP WIDTH="27" VPOS="299" HPOS="411"/>
							<String ID="string_43" HPOS="438" VPOS="299" WIDTH="60" HEIGHT="22" WC="0.93" CONTENT="detta"/><SP WIDTH="26" VPOS="299" HPOS="498"/>
							<String ID="string_44" HPOS="524" VPOS="299" WIDTH="115" HEIGHT="27" WC="0.90" CONTENT="protokoll,"/><SP WIDTH="19" VPOS="299" HPOS="639"/>
							<String ID="string_45" HPOS="658" VPOS="299" WIDTH="127" HEIGHT="22" WC="0.93" CONTENT="fullbordats"/><SP WIDTH="27" VPOS="299" HPOS="785"/>
							<String ID="string_46" HPOS="812" VPOS="300" WIDTH="31" HEIGHT="21" WC="0.96" CONTENT="till"/>
						</TextLine>
						<TextLine ID="line_6" HPOS="87" VPOS="333" WIDTH="757" HEIGHT="28">
							<String ID="string_47" HPOS="87" VPOS="333" WIDTH="114" HEIGHT="28" WC="0.96" CONTENT="Uleåborg,"/><SP WIDTH="17" VPOS="333" HPOS="201"/>
							<String ID="string_48" HPOS="218" VPOS="334" WIDTH="39" HEIGHT="21" WC="0.95" CONTENT="och"/><SP WIDTH="19" VPOS="334" HPOS="257"/>
							<String ID="string_49" HPOS="276" VPOS="334" WIDTH="47" HEIGHT="21" WC="0.96" CONTENT="med"/><SP WIDTH="20" VPOS="334" HPOS="323"/>
							<String ID="string_50" HPOS="343" VPOS="333" WIDTH="30" HEIGHT="22" WC="0.93" CONTENT="all"/><SP WIDTH="19" VPOS="333" HPOS="373"/>
							<String ID="string_51" HPOS="392" VPOS="334" WIDTH="136" HEIGHT="21" WC="0.95" CONTENT="sannolikhet"/><SP WIDTH="19" VPOS="334" HPOS="528"/>
							<String ID="string_52" HPOS="547" VPOS="334" WIDTH="96" HEIGHT="21" WC="0.96" CONTENT="kommer"/><SP WIDTH="16" VPOS="334" HPOS="643"/>
							<String ID="string_53" HPOS="659" VPOS="334" WIDTH="69" HEIGHT="21" WC="0.93" CONTENT="denna"/><SP WIDTH="15" VPOS="334" HPOS="728"/>
							<String ID="string_54" HPOS="743" VPOS="335" WIDTH="55" HEIGHT="20" WC="0.96" CONTENT="bana"/><SP WIDTH="14" VPOS="335" HPOS="798"/>
							<String ID="string_55" HPOS="812" VPOS="336" WIDTH="32" HEIGHT="19" WC="0.96" CONTENT="att"/>
						</TextLine>
						<TextLine ID="line_7" HPOS="88" VPOS="368" WIDTH="757" HEIGHT="29">
							<String ID="string_56" HPOS="88" VPOS="369" WIDTH="7" HEIGHT="20" WC="0.95" CONTENT="i"/><SP WIDTH="16" VPOS="369" HPOS="95"/>
							<String ID="string_57" HPOS="111" VPOS="374" WIDTH="26" HEIGHT="15" WC="0.93" CONTENT="en"/><SP WIDTH="20" VPOS="374" HPOS="137"/>
							<String ID="string_58" HPOS="157" VPOS="374" WIDTH="49" HEIGHT="15" WC="0.91" CONTENT="snar"/><SP WIDTH="18" VPOS="374" HPOS="206"/>
							<String ID="string_59" HPOS="224" VPOS="368" WIDTH="86" HEIGHT="22" WC="0.92" CONTENT="framtid"/><SP WIDTH="19" VPOS="368" HPOS="310"/>
							<String ID="string_60" HPOS="329" VPOS="368" WIDTH="132" HEIGHT="27" WC="0.92" CONTENT="framdragas"/><SP WIDTH="19" VPOS="368" HPOS="461"/>
							<String ID="string_61" HPOS="480" VPOS="369" WIDTH="33" HEIGHT="20" WC="0.93" CONTENT="till"/><SP WIDTH="22" VPOS="369" HPOS="513"/>
							<String ID="string_62" HPOS="535" VPOS="369" WIDTH="154" HEIGHT="21" WC="0.89" CONTENT="Torneädalen."/><SP WIDTH="30" VPOS="369" HPOS="689"/>
							<String ID="string_63" HPOS="719" VPOS="369" WIDTH="126" HEIGHT="28" WC="0.89" CONTENT="Uppenbart"/>
						</TextLine>
						<TextLine ID="line_8" HPOS="88" VPOS="403" WIDTH="758" HEIGHT="26">
							<String ID="string_64" HPOS="88" VPOS="409" WIDTH="51" HEIGHT="15" WC="0.96" CONTENT="vore"/><SP WIDTH="18" VPOS="409" HPOS="139"/>
							<String ID="string_65" HPOS="157" VPOS="403" WIDTH="70" HEIGHT="26" WC="0.96" CONTENT="också,"/><SP WIDTH="22" VPOS="403" HPOS="227"/>
							<String ID="string_66" HPOS="249" VPOS="404" WIDTH="37" HEIGHT="25" WC="0.93" CONTENT="att,"/><SP WIDTH="20" VPOS="404" HPOS="286"/>
							<String ID="string_67" HPOS="306" VPOS="403" WIDTH="71" HEIGHT="21" WC="0.93" CONTENT="derest"/><SP WIDTH="19" VPOS="403" HPOS="377"/>
							<String ID="string_68" HPOS="396" VPOS="403" WIDTH="23" HEIGHT="21" WC="0.93" CONTENT="sä"/><SP WIDTH="19" VPOS="403" HPOS="419"/>
							<String ID="string_69" HPOS="438" VPOS="403" WIDTH="88" HEIGHT="26" WC="0.96" CONTENT="skedde,"/><SP WIDTH="20" VPOS="403" HPOS="526"/>
							<String ID="string_70" HPOS="546" VPOS="409" WIDTH="48" HEIGHT="15" WC="0.93" CONTENT="men"/><SP WIDTH="21" VPOS="409" HPOS="594"/>
							<String ID="string_71" HPOS="615" VPOS="404" WIDTH="94" HEIGHT="21" WC="0.91" CONTENT="deremot"/><SP WIDTH="19" VPOS="404" HPOS="709"/>
							<String ID="string_72" HPOS="728" VPOS="403" WIDTH="12" HEIGHT="22" WC="0.91" CONTENT="å"/><SP WIDTH="15" VPOS="403" HPOS="740"/>
							<String ID="string_73" HPOS="755" VPOS="404" WIDTH="91" HEIGHT="21" WC="0.96" CONTENT="svenska"/>
						</TextLine>
						<TextLine ID="line_9" HPOS="89" VPOS="437" WIDTH="757" HEIGHT="28">
							<String ID="string_74" HPOS="89" VPOS="437" WIDTH="61" HEIGHT="21" WC="0.96" CONTENT="sidan"/><SP WIDTH="15" VPOS="437" HPOS="150"/>
							<String ID="string_75" HPOS="165" VPOS="443" WIDTH="63" HEIGHT="15" WC="0.93" CONTENT="norra"/><SP WIDTH="16" VPOS="443" HPOS="228"/>
							<String ID="string_76" HPOS="244" VPOS="437" WIDTH="126" HEIGHT="21" WC="0.96" CONTENT="stambanan"/><SP WIDTH="15" VPOS="437" HPOS="370"/>
							<String ID="string_77" HPOS="385" VPOS="437" WIDTH="47" HEIGHT="22" WC="0.96" CONTENT="icke"/><SP WIDTH="16" VPOS="437" HPOS="432"/>
							<String ID="string_78" HPOS="448" VPOS="438" WIDTH="96" HEIGHT="21" WC="0.96" CONTENT="sträckte"/><SP WIDTH="18" VPOS="438" HPOS="544"/>
							<String ID="string_79" HPOS="562" VPOS="438" WIDTH="31" HEIGHT="27" WC="0.96" CONTENT="sig"/><SP WIDTH="16" VPOS="438" HPOS="593"/>
							<String ID="string_80" HPOS="609" VPOS="438" WIDTH="72" HEIGHT="26" WC="0.97" CONTENT="längre"/><SP WIDTH="15" VPOS="438" HPOS="681"/>
							<String ID="string_81" HPOS="696" VPOS="440" WIDTH="28" HEIGHT="19" WC="0.96" CONTENT="än"/><SP WIDTH="12" VPOS="440" HPOS="724"/>
							<String ID="string_82" HPOS="736" VPOS="439" WIDTH="32" HEIGHT="20" WC="0.93" CONTENT="till"/><SP WIDTH="11" VPOS="439" HPOS="768"/>
							<String ID="string_83" HPOS="779" VPOS="438" WIDTH="67" HEIGHT="21" WC="0.95" CONTENT="Luleå"/>
						</TextLine>
						<TextLine ID="line_10" HPOS="89" VPOS="471" WIDTH="755" HEIGHT="27">
							<String ID="string_84" HPOS="89" VPOS="471" WIDTH="72" HEIGHT="27" WC="0.87" CONTENT="elfdal,"/><SP WIDTH="11" VPOS="471" HPOS="161"/>
							<String ID="string_85" HPOS="172" VPOS="472" WIDTH="78" HEIGHT="21" WC="0.96" CONTENT="handel"/><SP WIDTH="15" VPOS="472" HPOS="250"/>
							<String ID="string_86" HPOS="265" VPOS="472" WIDTH="39" HEIGHT="21" WC="0.96" CONTENT="och"/><SP WIDTH="16" VPOS="472" HPOS="304"/>
							<String ID="string_87" HPOS="320" VPOS="472" WIDTH="80" HEIGHT="21" WC="0.96" CONTENT="rörelse"/><SP WIDTH="15" VPOS="472" HPOS="400"/>
							<String ID="string_88" HPOS="415" VPOS="472" WIDTH="57" HEIGHT="21" WC="0.93" CONTENT="inom"/><SP WIDTH="16" VPOS="472" HPOS="472"/>
							<String ID="string_89" HPOS="488" VPOS="472" WIDTH="45" HEIGHT="21" WC="0.92" CONTENT="öfre"/><SP WIDTH="16" VPOS="472" HPOS="533"/>
							<String ID="string_90" HPOS="549" VPOS="472" WIDTH="61" HEIGHT="21" WC="0.96" CONTENT="delen"/><SP WIDTH="16" VPOS="472" HPOS="610"/>
							<String ID="string_91" HPOS="626" VPOS="472" WIDTH="23" HEIGHT="21" WC="0.93" CONTENT="af"/><SP WIDTH="9" VPOS="472" HPOS="649"/>
							<String ID="string_92" HPOS="658" VPOS="473" WIDTH="141" HEIGHT="22" WC="0.96" CONTENT="Norrbottens"/><SP WIDTH="11" VPOS="473" HPOS="799"/>
							<String ID="string_93" HPOS="810" VPOS="473" WIDTH="34" HEIGHT="20" WC="0.96" CONTENT="län"/>
						</TextLine>
						<TextLine ID="line_11" HPOS="90" VPOS="506" WIDTH="755" HEIGHT="27">
							<String ID="string_94" HPOS="90" VPOS="506" WIDTH="68" HEIGHT="22" WC="0.93" CONTENT="skulle"/><SP WIDTH="14" VPOS="506" HPOS="158"/>
							<String ID="string_95" HPOS="172" VPOS="507" WIDTH="71" HEIGHT="20" WC="0.92" CONTENT="vända"/><SP WIDTH="17" VPOS="507" HPOS="243"/>
							<String ID="string_96" HPOS="260" VPOS="506" WIDTH="31" HEIGHT="27" WC="0.96" CONTENT="sig"/><SP WIDTH="17" VPOS="506" HPOS="291"/>
							<String ID="string_97" HPOS="308" VPOS="506" WIDTH="21" HEIGHT="21" WC="0.96" CONTENT="ät"/><SP WIDTH="16" VPOS="506" HPOS="329"/>
							<String ID="string_98" HPOS="345" VPOS="506" WIDTH="36" HEIGHT="21" WC="0.93" CONTENT="det"/><SP WIDTH="14" VPOS="506" HPOS="381"/>
							<String ID="string_99" HPOS="395" VPOS="506" WIDTH="50" HEIGHT="26" WC="0.91" CONTENT="häll,"/><SP WIDTH="17" VPOS="506" HPOS="445"/>
							<String ID="string_100" HPOS="462" VPOS="507" WIDTH="38" HEIGHT="20" WC="0.93" CONTENT="der"/><SP WIDTH="16" VPOS="507" HPOS="500"/>
							<String ID="string_101" HPOS="516" VPOS="506" WIDTH="116" HEIGHT="27" WC="0.91" CONTENT="afsättning"/><SP WIDTH="16" VPOS="506" HPOS="632"/>
							<String ID="string_102" HPOS="648" VPOS="507" WIDTH="39" HEIGHT="21" WC="0.93" CONTENT="och"/><SP WIDTH="15" VPOS="507" HPOS="687"/>
							<String ID="string_103" HPOS="702" VPOS="507" WIDTH="143" HEIGHT="22" WC="0.92" CONTENT="affärsförbin-"/>
						</TextLine>
						<TextLine ID="line_12" HPOS="89" VPOS="541" WIDTH="757" HEIGHT="27">
							<String ID="string_104" HPOS="89" VPOS="541" WIDTH="70" HEIGHT="21" WC="0.89" CONTENT="delser"/><SP WIDTH="19" VPOS="541" HPOS="159"/>
							<String ID="string_105" HPOS="178" VPOS="541" WIDTH="161" HEIGHT="21" WC="0.91" CONTENT="underlättades"/><SP WIDTH="19" VPOS="541" HPOS="339"/>
							<String ID="string_106" HPOS="358" VPOS="547" WIDTH="76" HEIGHT="20" WC="0.93" CONTENT="genom"/><SP WIDTH="19" VPOS="547" HPOS="434"/>
							<String ID="string_107" HPOS="453" VPOS="541" WIDTH="104" HEIGHT="26" WC="0.86" CONTENT="begväma"/><SP WIDTH="21" VPOS="541" HPOS="557"/>
							<String ID="string_108" HPOS="578" VPOS="541" WIDTH="39" HEIGHT="22" WC="0.96" CONTENT="och"/><SP WIDTH="20" VPOS="541" HPOS="617"/>
							<String ID="string_109" HPOS="637" VPOS="541" WIDTH="73" HEIGHT="27" WC="0.93" CONTENT="billiga"/><SP WIDTH="18" VPOS="541" HPOS="710"/>
							<String ID="string_110" HPOS="728" VPOS="542" WIDTH="118" HEIGHT="21" WC="0.90" CONTENT="kommuni-"/>
						</TextLine>
						<TextLine ID="line_13" HPOS="89" VPOS="575" WIDTH="758" HEIGHT="28">
							<String ID="string_111" HPOS="89" VPOS="575" WIDTH="162" HEIGHT="22" WC="0.88" CONTENT="kationsmedel."/><SP WIDTH="30" VPOS="575" HPOS="251"/>
							<String ID="string_112" HPOS="281" VPOS="575" WIDTH="83" HEIGHT="26" WC="0.90" CONTENT="Frägan"/><SP WIDTH="18" VPOS="575" HPOS="364"/>
							<String ID="string_113" HPOS="382" VPOS="575" WIDTH="72" HEIGHT="28" WC="0.93" CONTENT="gällde"/><SP WIDTH="19" VPOS="575" HPOS="454"/>
							<String ID="string_114" HPOS="473" VPOS="576" WIDTH="63" HEIGHT="21" WC="0.92" CONTENT="alltsä"/><SP WIDTH="20" VPOS="576" HPOS="536"/>
							<String ID="string_115" HPOS="556" VPOS="577" WIDTH="32" HEIGHT="20" WC="0.96" CONTENT="att"/><SP WIDTH="15" VPOS="577" HPOS="588"/>
							<String ID="string_116" HPOS="603" VPOS="576" WIDTH="53" HEIGHT="21" WC="0.96" CONTENT="söka"/><SP WIDTH="15" VPOS="576" HPOS="656"/>
							<String ID="string_117" HPOS="671" VPOS="576" WIDTH="22" HEIGHT="21" WC="0.96" CONTENT="ät"/><SP WIDTH="16" VPOS="576" HPOS="693"/>
							<String ID="string_118" HPOS="709" VPOS="576" WIDTH="86" HEIGHT="27" WC="0.93" CONTENT="Sverige"/><SP WIDTH="16" VPOS="576" HPOS="795"/>
							<String ID="string_119" HPOS="811" VPOS="576" WIDTH="36" HEIGHT="21" WC="0.93" CONTENT="be-"/>
						</TextLine>
						<TextLine ID="line_14" HPOS="89" VPOS="609" WIDTH="758" HEIGHT="28">
							<String ID="string_120" HPOS="89" VPOS="616" WIDTH="52" HEIGHT="15" WC="0.96" CONTENT="vara"/><SP WIDTH="18" VPOS="616" HPOS="141"/>
							<String ID="string_121" HPOS="159" VPOS="612" WIDTH="31" HEIGHT="19" WC="0.93" CONTENT="ett"/><SP WIDTH="18" VPOS="612" HPOS="190"/>
							<String ID="string_122" HPOS="208" VPOS="609" WIDTH="159" HEIGHT="27" WC="0.90" CONTENT="betydelsefullt"/><SP WIDTH="17" VPOS="609" HPOS="367"/>
							<String ID="string_123" HPOS="384" VPOS="610" WIDTH="179" HEIGHT="21" WC="0.91" CONTENT="handelsomräde"/><SP WIDTH="24" VPOS="610" HPOS="563"/>
							<String ID="string_124" HPOS="587" VPOS="610" WIDTH="40" HEIGHT="21" WC="0.96" CONTENT="och"/><SP WIDTH="19" VPOS="610" HPOS="627"/>
							<String ID="string_125" HPOS="646" VPOS="610" WIDTH="27" HEIGHT="27" WC="0.96" CONTENT="pä"/><SP WIDTH="19" VPOS="610" HPOS="673"/>
							<String ID="string_126" HPOS="692" VPOS="617" WIDTH="80" HEIGHT="14" WC="0.93" CONTENT="samma"/><SP WIDTH="19" VPOS="617" HPOS="772"/>
							<String ID="string_127" HPOS="791" VPOS="610" WIDTH="56" HEIGHT="27" WC="0.92" CONTENT="gäng"/>
						</TextLine>
						<TextLine ID="line_15" HPOS="90" VPOS="644" WIDTH="757" HEIGHT="27">
							<String ID="string_128" HPOS="90" VPOS="646" WIDTH="32" HEIGHT="19" WC="0.96" CONTENT="att"/><SP WIDTH="14" VPOS="646" HPOS="122"/>
							<String ID="string_129" HPOS="136" VPOS="651" WIDTH="75" HEIGHT="20" WC="0.93" CONTENT="genom"/><SP WIDTH="20" VPOS="651" HPOS="211"/>
							<String ID="string_130" HPOS="231" VPOS="644" WIDTH="135" HEIGHT="21" WC="0.93" CONTENT="underlättad"/><SP WIDTH="15" VPOS="644" HPOS="366"/>
							<String ID="string_131" HPOS="381" VPOS="644" WIDTH="132" HEIGHT="22" WC="0.92" CONTENT="förbindelse"/><SP WIDTH="20" VPOS="644" HPOS="513"/>
							<String ID="string_132" HPOS="533" VPOS="645" WIDTH="78" HEIGHT="21" WC="0.96" CONTENT="mellan"/><SP WIDTH="16" VPOS="645" HPOS="611"/>
							<String ID="string_133" HPOS="627" VPOS="645" WIDTH="26" HEIGHT="21" WC="0.93" CONTENT="de"/><SP WIDTH="16" VPOS="645" HPOS="653"/>
							<String ID="string_134" HPOS="669" VPOS="645" WIDTH="54" HEIGHT="21" WC="0.92" CONTENT="bäda"/><SP WIDTH="15" VPOS="645" HPOS="723"/>
							<String ID="string_135" HPOS="738" VPOS="645" WIDTH="32" HEIGHT="21" WC="0.93" CONTENT="till"/><SP WIDTH="16" VPOS="645" HPOS="770"/>
							<String ID="string_136" HPOS="786" VPOS="645" WIDTH="61" HEIGHT="20" WC="0.93" CONTENT="hvar-"/>
						</TextLine>
						<TextLine ID="line_16" HPOS="90" VPOS="679" WIDTH="756" HEIGHT="27">
							<String ID="string_137" HPOS="90" VPOS="679" WIDTH="67" HEIGHT="21" WC="0.93" CONTENT="andra"/><SP WIDTH="14" VPOS="679" HPOS="157"/>
							<String ID="string_138" HPOS="171" VPOS="679" WIDTH="119" HEIGHT="27" WC="0.92" CONTENT="gränsande"/><SP WIDTH="16" VPOS="679" HPOS="290"/>
							<String ID="string_139" HPOS="306" VPOS="679" WIDTH="101" HEIGHT="21" WC="0.91" CONTENT="länderna"/><SP WIDTH="14" VPOS="679" HPOS="407"/>
							<String ID="string_140" HPOS="421" VPOS="679" WIDTH="78" HEIGHT="27" WC="0.96" CONTENT="främja"/><SP WIDTH="15" VPOS="679" HPOS="499"/>
							<String ID="string_141" HPOS="514" VPOS="685" WIDTH="25" HEIGHT="15" WC="0.93" CONTENT="en"/><SP WIDTH="16" VPOS="685" HPOS="539"/>
							<String ID="string_142" HPOS="555" VPOS="679" WIDTH="151" HEIGHT="21" WC="0.90" CONTENT="internationel"/><SP WIDTH="16" VPOS="679" HPOS="706"/>
							<String ID="string_143" HPOS="722" VPOS="679" WIDTH="124" HEIGHT="21" WC="0.92" CONTENT="samfärdsel"/>
						</TextLine>
						<TextLine ID="line_17" HPOS="91" VPOS="713" WIDTH="333" HEIGHT="27">
							<String ID="string_144" HPOS="91" VPOS="713" WIDTH="22" HEIGHT="22" WC="0.93" CONTENT="af"/><SP WIDTH="13" VPOS="713" HPOS="113"/>
							<String ID="string_145" HPOS="126" VPOS="719" WIDTH="55" HEIGHT="21" WC="0.93" CONTENT="gagn"/><SP WIDTH="14" VPOS="719" HPOS="181"/>
							<String ID="string_146" HPOS="195" VPOS="713" WIDTH="32" HEIGHT="21" WC="0.93" CONTENT="för"/><SP WIDTH="15" VPOS="713" HPOS="227"/>
							<String ID="string_147" HPOS="242" VPOS="713" WIDTH="56" HEIGHT="21" WC="0.92" CONTENT="bäda"/><SP WIDTH="14" VPOS="713" HPOS="298"/>
							<String ID="string_148" HPOS="312" VPOS="713" WIDTH="112" HEIGHT="21" WC="0.91" CONTENT="länderna."/>
						</TextLine>
					</TextBlock>
					<TextBlock ID="block_2" HPOS="90" VPOS="753" WIDTH="756" HEIGHT="130">
						<TextLine ID="line_18" HPOS="159" VPOS="753" WIDTH="687" HEIGHT="28">
							<String ID="string_149" HPOS="159" VPOS="753" WIDTH="135" HEIGHT="22" WC="0.92" CONTENT="Beträffande"/><SP WIDTH="22" VPOS="753" HPOS="294"/>
							<String ID="string_150" HPOS="316" VPOS="753" WIDTH="65" HEIGHT="21" WC="0.90" CONTENT="sedan"/><SP WIDTH="23" VPOS="753" HPOS="381"/>
							<String ID="string_151" HPOS="404" VPOS="754" WIDTH="129" HEIGHT="26" WC="0.90" CONTENT="spörsmälet"/><SP WIDTH="22" VPOS="754" HPOS="533"/>
							<String ID="string_152" HPOS="555" VPOS="760" WIDTH="34" HEIGHT="15" WC="0.96" CONTENT="om"/><SP WIDTH="20" VPOS="760" HPOS="589"/>
							<String ID="string_153" HPOS="609" VPOS="754" WIDTH="40" HEIGHT="21" WC="0.93" CONTENT="den"/><SP WIDTH="19" VPOS="754" HPOS="649"/>
							<String ID="string_154" HPOS="668" VPOS="753" WIDTH="99" HEIGHT="28" WC="0.93" CONTENT="riktning,"/><SP WIDTH="19" VPOS="753" HPOS="767"/>
							<String ID="string_155" HPOS="786" VPOS="753" WIDTH="60" HEIGHT="22" WC="0.92" CONTENT="hvari"/>
						</TextLine>
						<TextLine ID="line_19" HPOS="90" VPOS="787" WIDTH="756" HEIGHT="28">
							<String ID="string_156" HPOS="90" VPOS="794" WIDTH="64" HEIGHT="15" WC="0.90" CONTENT="norra"/><SP WIDTH="19" VPOS="794" HPOS="154"/>
							<String ID="string_157" HPOS="173" VPOS="788" WIDTH="136" HEIGHT="21" WC="0.90" CONTENT="stambanans"/><SP WIDTH="18" VPOS="788" HPOS="309"/>
							<String ID="string_158" HPOS="327" VPOS="787" WIDTH="163" HEIGHT="27" WC="0.92" CONTENT="framdragande"/><SP WIDTH="21" VPOS="787" HPOS="490"/>
							<String ID="string_159" HPOS="511" VPOS="788" WIDTH="32" HEIGHT="21" WC="0.93" CONTENT="till"/><SP WIDTH="18" VPOS="788" HPOS="543"/>
							<String ID="string_160" HPOS="561" VPOS="788" WIDTH="136" HEIGHT="27" WC="0.91" CONTENT="riksgränsen"/><SP WIDTH="20" VPOS="788" HPOS="697"/>
							<String ID="string_161" HPOS="717" VPOS="788" WIDTH="66" HEIGHT="21" WC="0.93" CONTENT="borde"/><SP WIDTH="19" VPOS="788" HPOS="783"/>
							<String ID="string_162" HPOS="802" VPOS="788" WIDTH="44" HEIGHT="27" WC="0.93" CONTENT="ske,"/>
						</TextLine>
						<TextLine ID="line_20" HPOS="91" VPOS="822" WIDTH="755" HEIGHT="28">
							<String ID="string_163" HPOS="91" VPOS="828" WIDTH="62" HEIGHT="16" WC="0.96" CONTENT="anser"/><SP WIDTH="18" VPOS="828" HPOS="153"/>
							<String ID="string_164" HPOS="171" VPOS="823" WIDTH="91" HEIGHT="20" WC="0.93" CONTENT="svenska"/><SP WIDTH="18" VPOS="823" HPOS="262"/>
							<String ID="string_165" HPOS="280" VPOS="822" WIDTH="116" HEIGHT="22" WC="0.92" CONTENT="statsrädet"/><SP WIDTH="18" VPOS="822" HPOS="396"/>
							<String ID="string_166" HPOS="414" VPOS="824" WIDTH="32" HEIGHT="19" WC="0.93" CONTENT="tre"/><SP WIDTH="16" VPOS="824" HPOS="446"/>
							<String ID="string_167" HPOS="462" VPOS="823" WIDTH="121" HEIGHT="26" WC="0.92" CONTENT="riktningar"/><SP WIDTH="15" VPOS="823" HPOS="583"/>
							<String ID="string_168" HPOS="598" VPOS="823" WIDTH="73" HEIGHT="20" WC="0.92" CONTENT="kunna"/><SP WIDTH="14" VPOS="823" HPOS="671"/>
							<String ID="string_169" HPOS="685" VPOS="822" WIDTH="161" HEIGHT="28" WC="0.92" CONTENT="ifrägakomma,"/>
						</TextLine>
						<TextLine ID="line_21" HPOS="91" VPOS="853" WIDTH="447" HEIGHT="35">
							<String ID="string_170" HPOS="91" VPOS="853" WIDTH="113" HEIGHT="35" WC="0.90" CONTENT="nemligen:"/><SP WIDTH="332" VPOS="853" HPOS="204"/>
							<String ID="string_171" HPOS="536" VPOS="878" WIDTH="2" HEIGHT="2" WC="0.74" CONTENT="N"/>
						</TextLine>
					</TextBlock>
					<TextBlock ID="block_3" HPOS="91" VPOS="892" WIDTH="757" HEIGHT="101">
						<TextLine ID="line_22" HPOS="160" VPOS="892" WIDTH="688" HEIGHT="32">
							<String ID="string_172" HPOS="160" VPOS="903" WIDTH="24" HEIGHT="15" WC="0.88" CONTENT="en"/><SP WIDTH="20" VPOS="903" HPOS="184"/>
							<String ID="string_173" HPOS="204" VPOS="897" WIDTH="82" HEIGHT="26" WC="0.88" CONTENT="nordlig"/><SP WIDTH="19" VPOS="897" HPOS="286"/>
							<String ID="string_174" HPOS="305" VPOS="897" WIDTH="49" HEIGHT="21" WC="0.93" CONTENT="linie"/><SP WIDTH="20" VPOS="897" HPOS="354"/>
							<String ID="string_175" HPOS="374" VPOS="896" WIDTH="58" HEIGHT="22" WC="0.93" CONTENT="öfver"/><SP WIDTH="19" VPOS="896" HPOS="432"/>
							<String ID="string_176" HPOS="451" VPOS="892" WIDTH="131" HEIGHT="32" WC="0.92" CONTENT="Öfverstbyn"/><SP WIDTH="17" VPOS="892" HPOS="582"/>
							<String ID="string_177" HPOS="599" VPOS="897" WIDTH="44" HEIGHT="27" WC="0.93" CONTENT="(vid"/><SP WIDTH="16" VPOS="897" HPOS="643"/>
							<String ID="string_178" HPOS="659" VPOS="897" WIDTH="59" HEIGHT="21" WC="0.92" CONTENT="Räne"/><SP WIDTH="16" VPOS="897" HPOS="718"/>
							<String ID="string_179" HPOS="734" VPOS="896" WIDTH="38" HEIGHT="27" WC="0.96" CONTENT="elf)"/><SP WIDTH="16" VPOS="896" HPOS="772"/>
							<String ID="string_180" HPOS="788" VPOS="896" WIDTH="60" HEIGHT="21" WC="0.96" CONTENT="öfver"/>
						</TextLine>
						<TextLine ID="line_23" HPOS="91" VPOS="931" WIDTH="757" HEIGHT="28">
							<String ID="string_181" HPOS="91" VPOS="932" WIDTH="63" HEIGHT="21" WC="0.96" CONTENT="Kalix"/><SP WIDTH="15" VPOS="932" HPOS="154"/>
							<String ID="string_182" HPOS="169" VPOS="931" WIDTH="33" HEIGHT="22" WC="0.93" CONTENT="till"/><SP WIDTH="16" VPOS="931" HPOS="202"/>
							<String ID="string_183" HPOS="218" VPOS="931" WIDTH="80" HEIGHT="22" WC="0.93" CONTENT="Niemis"/><SP WIDTH="16" VPOS="931" HPOS="298"/>
							<String ID="string_184" HPOS="314" VPOS="931" WIDTH="66" HEIGHT="28" WC="0.90" CONTENT="(invid"/><SP WIDTH="20" VPOS="931" HPOS="380"/>
							<String ID="string_185" HPOS="400" VPOS="931" WIDTH="70" HEIGHT="21" WC="0.92" CONTENT="Torne"/><SP WIDTH="16" VPOS="931" HPOS="470"/>
							<String ID="string_186" HPOS="486" VPOS="931" WIDTH="36" HEIGHT="26" WC="0.96" CONTENT="elf,"/><SP WIDTH="16" VPOS="931" HPOS="522"/>
							<String ID="string_187" HPOS="538" VPOS="931" WIDTH="88" HEIGHT="27" WC="0.96" CONTENT="ungefär"/><SP WIDTH="17" VPOS="931" HPOS="626"/>
							<String ID="string_188" HPOS="643" VPOS="932" WIDTH="26" HEIGHT="21" WC="0.96" CONTENT="10"/><SP WIDTH="15" VPOS="932" HPOS="669"/>
							<String ID="string_189" HPOS="684" VPOS="931" WIDTH="36" HEIGHT="22" WC="0.93" CONTENT="km"/><SP WIDTH="16" VPOS="931" HPOS="720"/>
							<String ID="string_190" HPOS="736" VPOS="932" WIDTH="62" HEIGHT="21" WC="0.92" CONTENT="söder"/><SP WIDTH="16" VPOS="932" HPOS="798"/>
							<String ID="string_191" HPOS="814" VPOS="937" WIDTH="34" HEIGHT="15" WC="0.96" CONTENT="om"/>
						</TextLine>
						<TextLine ID="line_24" HPOS="91" VPOS="963" WIDTH="275" HEIGHT="30">
							<String ID="string_192" HPOS="91" VPOS="963" WIDTH="157" HEIGHT="26" WC="0.60" CONTENT="Ofver-Torneä"/><SP WIDTH="15" VPOS="963" HPOS="248"/>
							<String ID="string_193" HPOS="263" VPOS="965" WIDTH="103" HEIGHT="28" WC="0.96" CONTENT="kyrkby);"/>
						</TextLine>
					</TextBlock>
					<TextBlock ID="block_4" HPOS="93" VPOS="1005" WIDTH="756" HEIGHT="97">
						<TextLine ID="line_25" HPOS="161" VPOS="1005" WIDTH="687" HEIGHT="28">
							<String ID="string_194" HPOS="161" VPOS="1013" WIDTH="24" HEIGHT="14" WC="0.90" CONTENT="en"/><SP WIDTH="23" VPOS="1013" HPOS="185"/>
							<String ID="string_195" HPOS="208" VPOS="1005" WIDTH="125" HEIGHT="22" WC="0.90" CONTENT="midtellinie"/><SP WIDTH="21" VPOS="1005" HPOS="333"/>
							<String ID="string_196" HPOS="354" VPOS="1005" WIDTH="59" HEIGHT="22" WC="0.93" CONTENT="öfver"/><SP WIDTH="22" VPOS="1005" HPOS="413"/>
							<String ID="string_197" HPOS="435" VPOS="1006" WIDTH="116" HEIGHT="21" WC="0.92" CONTENT="Niemifors"/><SP WIDTH="21" VPOS="1006" HPOS="551"/>
							<String ID="string_198" HPOS="572" VPOS="1006" WIDTH="45" HEIGHT="27" WC="0.93" CONTENT="(vid"/><SP WIDTH="19" VPOS="1006" HPOS="617"/>
							<String ID="string_199" HPOS="636" VPOS="1006" WIDTH="59" HEIGHT="21" WC="0.92" CONTENT="Räne"/><SP WIDTH="19" VPOS="1006" HPOS="695"/>
							<String ID="string_200" HPOS="714" VPOS="1006" WIDTH="44" HEIGHT="27" WC="0.93" CONTENT="elf),"/><SP WIDTH="18" VPOS="1006" HPOS="758"/>
							<String ID="string_201" HPOS="776" VPOS="1006" WIDTH="72" HEIGHT="21" WC="0.93" CONTENT="Ytter-"/>
						</TextLine>
						<TextLine ID="line_26" HPOS="93" VPOS="1039" WIDTH="756" HEIGHT="29">
							<String ID="string_202" HPOS="93" VPOS="1041" WIDTH="94" HEIGHT="27" WC="0.92" CONTENT="Morjärv"/><SP WIDTH="15" VPOS="1041" HPOS="187"/>
							<String ID="string_203" HPOS="202" VPOS="1040" WIDTH="45" HEIGHT="27" WC="0.96" CONTENT="(vid"/><SP WIDTH="15" VPOS="1040" HPOS="247"/>
							<String ID="string_204" HPOS="262" VPOS="1040" WIDTH="64" HEIGHT="21" WC="0.96" CONTENT="Kalix"/><SP WIDTH="15" VPOS="1040" HPOS="326"/>
							<String ID="string_205" HPOS="341" VPOS="1040" WIDTH="38" HEIGHT="26" WC="0.96" CONTENT="elf)"/><SP WIDTH="15" VPOS="1040" HPOS="379"/>
							<String ID="string_206" HPOS="394" VPOS="1040" WIDTH="34" HEIGHT="21" WC="0.93" CONTENT="till"/><SP WIDTH="15" VPOS="1040" HPOS="428"/>
							<String ID="string_207" HPOS="443" VPOS="1040" WIDTH="120" HEIGHT="28" WC="0.92" CONTENT="Korpikylä"/><SP WIDTH="16" VPOS="1040" HPOS="563"/>
							<String ID="string_208" HPOS="579" VPOS="1041" WIDTH="44" HEIGHT="27" WC="0.93" CONTENT="(vid"/><SP WIDTH="10" VPOS="1041" HPOS="623"/>
							<String ID="string_209" HPOS="633" VPOS="1041" WIDTH="70" HEIGHT="21" WC="0.93" CONTENT="Torne"/><SP WIDTH="11" VPOS="1041" HPOS="703"/>
							<String ID="string_210" HPOS="714" VPOS="1040" WIDTH="34" HEIGHT="27" WC="0.96" CONTENT="elf,"/><SP WIDTH="11" VPOS="1040" HPOS="748"/>
							<String ID="string_211" HPOS="759" VPOS="1039" WIDTH="90" HEIGHT="28" WC="0.96" CONTENT="ungefär"/>
						</TextLine>
						<TextLine ID="line_27" HPOS="93" VPOS="1075" WIDTH="756" HEIGHT="27">
							<String ID="string_212" HPOS="93" VPOS="1075" WIDTH="53" HEIGHT="22" WC="0.92" CONTENT="midt"/><SP WIDTH="19" VPOS="1075" HPOS="146"/>
							<String ID="string_213" HPOS="165" VPOS="1075" WIDTH="89" HEIGHT="21" WC="0.91" CONTENT="emellan"/><SP WIDTH="15" VPOS="1075" HPOS="254"/>
							<String ID="string_214" HPOS="269" VPOS="1075" WIDTH="128" HEIGHT="20" WC="0.96" CONTENT="Hietaniemi"/><SP WIDTH="21" VPOS="1075" HPOS="397"/>
							<String ID="string_215" HPOS="418" VPOS="1075" WIDTH="40" HEIGHT="21" WC="0.96" CONTENT="och"/><SP WIDTH="20" VPOS="1075" HPOS="458"/>
							<String ID="string_216" HPOS="478" VPOS="1075" WIDTH="49" HEIGHT="21" WC="0.93" CONTENT="Carl"/><SP WIDTH="19" VPOS="1075" HPOS="527"/>
							<String ID="string_217" HPOS="546" VPOS="1075" WIDTH="88" HEIGHT="21" WC="0.92" CONTENT="Gustafs"/><SP WIDTH="15" VPOS="1075" HPOS="634"/>
							<String ID="string_218" HPOS="649" VPOS="1075" WIDTH="126" HEIGHT="27" WC="0.92" CONTENT="kyrkbyar);"/><SP WIDTH="19" VPOS="1075" HPOS="775"/>
							<String ID="string_219" HPOS="794" VPOS="1075" WIDTH="55" HEIGHT="20" WC="0.97" CONTENT="samt"/>
						</TextLine>
					</TextBlock>
				</ComposedBlock>
				<ComposedBlock ID="cblock_2" HPOS="93" VPOS="1120" WIDTH="758" HEIGHT="308">
					<TextBlock ID="block_5" HPOS="93" VPOS="1120" WIDTH="757" HEIGHT="62">
						<TextLine ID="line_28" HPOS="161" VPOS="1120" WIDTH="689" HEIGHT="28">
							<String ID="string_220" HPOS="161" VPOS="1127" WIDTH="26" HEIGHT="15" WC="0.91" CONTENT="en"/><SP WIDTH="23" VPOS="1127" HPOS="187"/>
							<String ID="string_221" HPOS="210" VPOS="1121" WIDTH="68" HEIGHT="27" WC="0.91" CONTENT="sydlig"/><SP WIDTH="23" VPOS="1121" HPOS="278"/>
							<String ID="string_222" HPOS="301" VPOS="1121" WIDTH="56" HEIGHT="26" WC="0.92" CONTENT="linie,"/><SP WIDTH="24" VPOS="1121" HPOS="357"/>
							<String ID="string_223" HPOS="381" VPOS="1127" WIDTH="26" HEIGHT="14" WC="0.93" CONTENT="en"/><SP WIDTH="22" VPOS="1127" HPOS="407"/>
							<String ID="string_224" HPOS="429" VPOS="1121" WIDTH="109" HEIGHT="27" WC="0.92" CONTENT="kustlinie,"/><SP WIDTH="25" VPOS="1121" HPOS="538"/>
							<String ID="string_225" HPOS="563" VPOS="1121" WIDTH="60" HEIGHT="21" WC="0.93" CONTENT="öfver"/><SP WIDTH="22" VPOS="1121" HPOS="623"/>
							<String ID="string_226" HPOS="645" VPOS="1121" WIDTH="137" HEIGHT="21" WC="0.93" CONTENT="Melderstein"/><SP WIDTH="23" VPOS="1121" HPOS="782"/>
							<String ID="string_227" HPOS="805" VPOS="1120" WIDTH="45" HEIGHT="27" WC="0.96" CONTENT="(vid"/>
						</TextLine>
						<TextLine ID="line_29" HPOS="93" VPOS="1155" WIDTH="675" HEIGHT="27">
							<String ID="string_228" HPOS="93" VPOS="1155" WIDTH="58" HEIGHT="22" WC="0.93" CONTENT="Räne"/><SP WIDTH="17" VPOS="1155" HPOS="151"/>
							<String ID="string_229" HPOS="168" VPOS="1155" WIDTH="39" HEIGHT="26" WC="0.93" CONTENT="elf)"/><SP WIDTH="17" VPOS="1155" HPOS="207"/>
							<String ID="string_230" HPOS="224" VPOS="1155" WIDTH="109" HEIGHT="22" WC="0.92" CONTENT="Hvitäfors"/><SP WIDTH="15" VPOS="1155" HPOS="333"/>
							<String ID="string_231" HPOS="348" VPOS="1155" WIDTH="40" HEIGHT="21" WC="0.93" CONTENT="och"/><SP WIDTH="14" VPOS="1155" HPOS="388"/>
							<String ID="string_232" HPOS="402" VPOS="1155" WIDTH="74" HEIGHT="22" WC="0.93" CONTENT="Neder"/><SP WIDTH="14" VPOS="1155" HPOS="476"/>
							<String ID="string_233" HPOS="490" VPOS="1155" WIDTH="65" HEIGHT="22" WC="0.96" CONTENT="Kalix"/><SP WIDTH="16" VPOS="1155" HPOS="555"/>
							<String ID="string_234" HPOS="571" VPOS="1155" WIDTH="33" HEIGHT="22" WC="0.93" CONTENT="till"/><SP WIDTH="15" VPOS="1155" HPOS="604"/>
							<String ID="string_235" HPOS="619" VPOS="1155" WIDTH="149" HEIGHT="27" WC="0.92" CONTENT="Haaparanda."/>
						</TextLine>
					</TextBlock>
					<TextBlock ID="block_6" HPOS="93" VPOS="1195" WIDTH="758" HEIGHT="233">
						<TextLine ID="line_30" HPOS="161" VPOS="1195" WIDTH="689" HEIGHT="28">
							<String ID="string_236" HPOS="161" VPOS="1195" WIDTH="61" HEIGHT="21" WC="0.96" CONTENT="Efter"/><SP WIDTH="20" VPOS="1195" HPOS="222"/>
							<String ID="string_237" HPOS="242" VPOS="1195" WIDTH="35" HEIGHT="21" WC="0.95" CONTENT="det"/><SP WIDTH="17" VPOS="1195" HPOS="277"/>
							<String ID="string_238" HPOS="294" VPOS="1195" WIDTH="8" HEIGHT="21" WC="0.93" CONTENT="i"/><SP WIDTH="19" VPOS="1195" HPOS="302"/>
							<String ID="string_239" HPOS="321" VPOS="1195" WIDTH="127" HEIGHT="22" WC="0.93" CONTENT="statsrädets"/><SP WIDTH="20" VPOS="1195" HPOS="448"/>
							<String ID="string_240" HPOS="468" VPOS="1196" WIDTH="107" HEIGHT="27" WC="0.91" CONTENT="protokoll"/><SP WIDTH="20" VPOS="1196" HPOS="575"/>
							<String ID="string_241" HPOS="595" VPOS="1195" WIDTH="124" HEIGHT="22" WC="0.92" CONTENT="antecknats"/><SP WIDTH="16" VPOS="1195" HPOS="719"/>
							<String ID="string_242" HPOS="735" VPOS="1201" WIDTH="26" HEIGHT="16" WC="0.93" CONTENT="en"/><SP WIDTH="13" VPOS="1201" HPOS="761"/>
							<String ID="string_243" HPOS="774" VPOS="1195" WIDTH="76" HEIGHT="27" WC="0.91" CONTENT="jemfö-"/>
						</TextLine>
						<TextLine ID="line_31" HPOS="93" VPOS="1229" WIDTH="757" HEIGHT="28">
							<String ID="string_244" HPOS="93" VPOS="1230" WIDTH="54" HEIGHT="21" WC="0.92" CONTENT="relse"/><SP WIDTH="27" VPOS="1230" HPOS="147"/>
							<String ID="string_245" HPOS="174" VPOS="1229" WIDTH="78" HEIGHT="22" WC="0.96" CONTENT="mellan"/><SP WIDTH="27" VPOS="1229" HPOS="252"/>
							<String ID="string_246" HPOS="279" VPOS="1230" WIDTH="35" HEIGHT="21" WC="0.89" CONTENT="det"/><SP WIDTH="22" VPOS="1230" HPOS="314"/>
							<String ID="string_247" HPOS="336" VPOS="1230" WIDTH="144" HEIGHT="27" WC="0.75" CONTENT="personantal,"/><SP WIDTH="27" VPOS="1230" HPOS="480"/>
							<String ID="string_248" HPOS="507" VPOS="1237" WIDTH="45" HEIGHT="14" WC="0.88" CONTENT="som"/><SP WIDTH="27" VPOS="1237" HPOS="552"/>
							<String ID="string_249" HPOS="579" VPOS="1232" WIDTH="88" HEIGHT="25" WC="0.96" CONTENT="antages"/><SP WIDTH="22" VPOS="1232" HPOS="667"/>
							<String ID="string_250" HPOS="689" VPOS="1230" WIDTH="71" HEIGHT="21" WC="0.92" CONTENT="kunna"/><SP WIDTH="26" VPOS="1230" HPOS="760"/>
							<String ID="string_251" HPOS="786" VPOS="1229" WIDTH="64" HEIGHT="21" WC="0.96" CONTENT="hafva"/>
						</TextLine>
						<TextLine ID="line_32" HPOS="93" VPOS="1263" WIDTH="757" HEIGHT="28">
							<String ID="string_252" HPOS="93" VPOS="1264" WIDTH="68" HEIGHT="21" WC="0.93" CONTENT="fördel"/><SP WIDTH="19" VPOS="1264" HPOS="161"/>
							<String ID="string_253" HPOS="180" VPOS="1263" WIDTH="23" HEIGHT="22" WC="0.96" CONTENT="af"/><SP WIDTH="18" VPOS="1263" HPOS="203"/>
							<String ID="string_254" HPOS="221" VPOS="1264" WIDTH="26" HEIGHT="21" WC="0.96" CONTENT="de"/><SP WIDTH="19" VPOS="1264" HPOS="247"/>
							<String ID="string_255" HPOS="266" VPOS="1264" WIDTH="57" HEIGHT="21" WC="0.96" CONTENT="olika"/><SP WIDTH="18" VPOS="1264" HPOS="323"/>
							<String ID="string_256" HPOS="341" VPOS="1264" WIDTH="148" HEIGHT="27" WC="0.95" CONTENT="alternativen,"/><SP WIDTH="21" VPOS="1264" HPOS="489"/>
							<String ID="string_257" HPOS="510" VPOS="1265" WIDTH="96" HEIGHT="21" WC="0.93" CONTENT="kommer"/><SP WIDTH="19" VPOS="1265" HPOS="606"/>
							<String ID="string_258" HPOS="625" VPOS="1264" WIDTH="115" HEIGHT="22" WC="0.92" CONTENT="statsrädet"/><SP WIDTH="18" VPOS="1264" HPOS="740"/>
							<String ID="string_259" HPOS="758" VPOS="1264" WIDTH="33" HEIGHT="21" WC="0.96" CONTENT="till"/><SP WIDTH="19" VPOS="1264" HPOS="791"/>
							<String ID="string_260" HPOS="810" VPOS="1264" WIDTH="40" HEIGHT="20" WC="0.97" CONTENT="den"/>
						</TextLine>
						<TextLine ID="line_33" HPOS="94" VPOS="1298" WIDTH="756" HEIGHT="27">
							<String ID="string_261" HPOS="94" VPOS="1299" WIDTH="96" HEIGHT="26" WC="0.92" CONTENT="slutsats,"/><SP WIDTH="16" VPOS="1299" HPOS="190"/>
							<String ID="string_262" HPOS="206" VPOS="1300" WIDTH="33" HEIGHT="20" WC="0.93" CONTENT="att"/><SP WIDTH="18" VPOS="1300" HPOS="239"/>
							<String ID="string_263" HPOS="257" VPOS="1299" WIDTH="138" HEIGHT="21" WC="0.93" CONTENT="midtellinien"/><SP WIDTH="19" VPOS="1299" HPOS="395"/>
							<String ID="string_264" HPOS="414" VPOS="1299" WIDTH="55" HEIGHT="26" WC="0.90" CONTENT="ägde"/><SP WIDTH="19" VPOS="1299" HPOS="469"/>
							<String ID="string_265" HPOS="488" VPOS="1299" WIDTH="37" HEIGHT="21" WC="0.93" CONTENT="det"/><SP WIDTH="14" VPOS="1299" HPOS="525"/>
							<String ID="string_266" HPOS="539" VPOS="1299" WIDTH="175" HEIGHT="26" WC="0.92" CONTENT="fördelaktigaste"/><SP WIDTH="16" VPOS="1299" HPOS="714"/>
							<String ID="string_267" HPOS="730" VPOS="1299" WIDTH="56" HEIGHT="26" WC="0.96" CONTENT="läget"/><SP WIDTH="15" VPOS="1299" HPOS="786"/>
							<String ID="string_268" HPOS="801" VPOS="1298" WIDTH="49" HEIGHT="21" WC="0.96" CONTENT="med"/>
						</TextLine>
						<TextLine ID="line_34" HPOS="94" VPOS="1332" WIDTH="756" HEIGHT="28">
							<String ID="string_269" HPOS="94" VPOS="1333" WIDTH="80" HEIGHT="27" WC="0.96" CONTENT="hänsyn"/><SP WIDTH="24" VPOS="1333" HPOS="174"/>
							<String ID="string_270" HPOS="198" VPOS="1333" WIDTH="34" HEIGHT="20" WC="0.93" CONTENT="till"/><SP WIDTH="23" VPOS="1333" HPOS="232"/>
							<String ID="string_271" HPOS="255" VPOS="1333" WIDTH="160" HEIGHT="26" WC="0.92" CONTENT="befolkningens"/><SP WIDTH="22" VPOS="1333" HPOS="415"/>
							<String ID="string_272" HPOS="437" VPOS="1333" WIDTH="122" HEIGHT="26" WC="0.92" CONTENT="fördelning"/><SP WIDTH="21" VPOS="1333" HPOS="559"/>
							<String ID="string_273" HPOS="580" VPOS="1333" WIDTH="56" HEIGHT="21" WC="0.95" CONTENT="inom"/><SP WIDTH="19" VPOS="1333" HPOS="636"/>
							<String ID="string_274" HPOS="655" VPOS="1333" WIDTH="131" HEIGHT="21" WC="0.92" CONTENT="Norrbotten"/><SP WIDTH="18" VPOS="1333" HPOS="786"/>
							<String ID="string_275" HPOS="804" VPOS="1332" WIDTH="46" HEIGHT="21" WC="0.92" CONTENT="läns"/>
						</TextLine>
						<TextLine ID="line_35" HPOS="93" VPOS="1365" WIDTH="757" HEIGHT="29">
							<String ID="string_276" HPOS="93" VPOS="1367" WIDTH="131" HEIGHT="27" WC="0.91" CONTENT="gränstrakt."/><SP WIDTH="30" VPOS="1367" HPOS="224"/>
							<String ID="string_277" HPOS="254" VPOS="1367" WIDTH="50" HEIGHT="21" WC="0.92" CONTENT="Men"/><SP WIDTH="24" VPOS="1367" HPOS="304"/>
							<String ID="string_278" HPOS="328" VPOS="1367" WIDTH="61" HEIGHT="21" WC="0.92" CONTENT="äfven"/><SP WIDTH="23" VPOS="1367" HPOS="389"/>
							<String ID="string_279" HPOS="412" VPOS="1367" WIDTH="49" HEIGHT="21" WC="0.96" CONTENT="med"/><SP WIDTH="23" VPOS="1367" HPOS="461"/>
							<String ID="string_280" HPOS="484" VPOS="1367" WIDTH="82" HEIGHT="27" WC="0.96" CONTENT="hänsyn"/><SP WIDTH="24" VPOS="1367" HPOS="566"/>
							<String ID="string_281" HPOS="590" VPOS="1367" WIDTH="33" HEIGHT="21" WC="0.92" CONTENT="till"/><SP WIDTH="20" VPOS="1367" HPOS="623"/>
							<String ID="string_282" HPOS="643" VPOS="1367" WIDTH="125" HEIGHT="27" WC="0.92" CONTENT="jernvägens"/><SP WIDTH="19" VPOS="1367" HPOS="768"/>
							<String ID="string_283" HPOS="787" VPOS="1365" WIDTH="63" HEIGHT="27" WC="0.92" CONTENT="längd"/>
						</TextLine>
						<TextLine ID="line_36" HPOS="94" VPOS="1400" WIDTH="757" HEIGHT="28">
							<String ID="string_284" HPOS="94" VPOS="1401" WIDTH="67" HEIGHT="21" WC="0.91" CONTENT="finner"/><SP WIDTH="20" VPOS="1401" HPOS="161"/>
							<String ID="string_285" HPOS="181" VPOS="1401" WIDTH="116" HEIGHT="21" WC="0.90" CONTENT="statsrädet"/><SP WIDTH="19" VPOS="1401" HPOS="297"/>
							<String ID="string_286" HPOS="316" VPOS="1401" WIDTH="40" HEIGHT="21" WC="0.92" CONTENT="den"/><SP WIDTH="17" VPOS="1401" HPOS="356"/>
							<String ID="string_287" HPOS="373" VPOS="1401" WIDTH="110" HEIGHT="21" WC="0.92" CONTENT="mellersta"/><SP WIDTH="19" VPOS="1401" HPOS="483"/>
							<String ID="string_288" HPOS="502" VPOS="1402" WIDTH="64" HEIGHT="20" WC="0.93" CONTENT="linien"/><SP WIDTH="16" VPOS="1402" HPOS="566"/>
							<String ID="string_289" HPOS="582" VPOS="1401" WIDTH="170" HEIGHT="27" WC="0.93" CONTENT="fördelaktigast,"/><SP WIDTH="16" VPOS="1401" HPOS="752"/>
							<String ID="string_290" HPOS="768" VPOS="1400" WIDTH="27" HEIGHT="21" WC="0.96" CONTENT="dä"/><SP WIDTH="15" VPOS="1400" HPOS="795"/>
							<String ID="string_291" HPOS="810" VPOS="1400" WIDTH="41" HEIGHT="22" WC="0.96" CONTENT="den"/>
						</TextLine>
					</TextBlock>
				</ComposedBlock>
				<ComposedBlock ID="cblock_3" HPOS="163" VPOS="1452" WIDTH="384" HEIGHT="22">
					<TextBlock ID="block_7" HPOS="163" VPOS="1452" WIDTH="384" HEIGHT="22">
						<TextLine ID="line_37" HPOS="163" VPOS="1452" WIDTH="384" HEIGHT="22">
							<String ID="string_292" HPOS="163" VPOS="1452" WIDTH="180" HEIGHT="22" WC="0.86" CONTENT="Jernvägsutskottets"/><SP WIDTH="13" VPOS="1452" HPOS="343"/>
							<String ID="string_293" HPOS="356" VPOS="1452" WIDTH="112" HEIGHT="18" WC="0.96" CONTENT="betänkande"/><SP WIDTH="14" VPOS="1452" HPOS="468"/>
							<String ID="string_294" HPOS="482" VPOS="1452" WIDTH="37" HEIGHT="17" WC="0.96" CONTENT="N:o"/><SP WIDTH="12" VPOS="1452" HPOS="519"/>
							<String ID="string_295" HPOS="531" VPOS="1452" WIDTH="16" HEIGHT="18" WC="0.96" CONTENT="1."/>
						</TextLine>
					</TextBlock>
				</ComposedBlock>
			</PrintSpace>
		</Page>
	</Layout>
</alto>
