1039 1659
179 140 177 31 (Öfversättning.)

457 402 201 27 Reservation.

250 472 176 22 Medlemmarne
441 473 8 21 i
465 474 42 20 den
524 473 91 28 nämnd,
632 480 50 14 som
696 473 74 29 enligt
784 474 30 21 25
830 475 13 26 8
854 474 8 21 i
873 474 58 22 före-

178 508 99 21 varande
293 508 125 30 lagförslag
434 509 56 21 skall
506 509 108 21 tillsättas
629 508 36 22 för
680 511 36 19 att
726 508 88 30 afgifva
824 510 107 28 yttrande

177 543 142 23 beträffande
338 544 154 30 ersättningen
511 545 42 21 och
571 544 74 30 öfriga
663 544 92 22 dermed
773 546 157 21 sammanhän-

177 580 75 28 gande
267 580 84 29 frågor,
368 580 88 22 hvilket
476 581 107 29 yttrande
606 580 73 30 enligt
700 580 28 22 39
749 582 13 26 &
778 583 68 27 utgör
862 588 68 22 grun-

178 616 43 21 den
241 616 36 21 för
299 619 153 26 guvernörens
471 617 77 29 utslag
568 617 118 29 angående
706 616 133 30 ersättning,
860 617 71 22 hafva

177 652 127 21 betraktats
320 654 74 20 såsom
410 652 147 30 sakkunnige.
589 652 80 22 Såsom
684 653 84 21 sådane
784 653 69 21 borde
867 653 63 22 desse

177 687 72 29 enligt
265 688 47 21 min
328 688 148 29 uppfattning
492 688 92 29 åläggas
600 690 34 20 att
644 690 31 27 gå
685 688 149 22 vittneseden.
850 689 81 29 Enligt

176 730 31 14 nu
223 723 105 29 gällande
344 724 217 29 expropriationslag
576 724 42 22 har
632 724 131 27 visserligen
779 724 44 22 slik
838 726 28 20 ed
880 725 49 22 icke

176 758 99 22 fordrats
302 759 26 21 af
347 760 236 28 värderingsmännen,
610 768 52 14 men
682 760 50 29 just
755 760 8 21 i
785 760 58 29 följd
865 761 69 22 häraf

176 794 71 22 hafva
260 795 8 21 i
278 795 121 29 praktiken
407 798 104 26 uppstått
520 796 186 29 oegentligheter,
716 798 74 20 såsom
801 796 67 22 äfven
881 797 48 29 lag-

175 830 154 30 beredningen
352 831 8 21 i
375 832 101 22 motiven
491 832 36 22 till
543 832 41 22 sitt
599 832 87 29 förslag
702 834 13 20 &
730 832 41 22 sid.
788 833 30 21 50
833 833 95 29 medgif-

176 874 45 14 ver.
253 867 236 29 Värderingsmännen
506 876 52 14 anse
579 868 36 29 sig
630 870 74 20 såsom
720 868 84 22 ombud
820 868 36 22 för
871 869 57 27 dem,

177 902 24 22 af
215 902 80 22 hvilka
314 903 27 21 de
356 903 79 22 blifvit
449 904 73 28 valda,
540 904 43 22 och
598 904 92 22 försöka
706 906 34 19 att
756 906 74 20 såsom
846 904 85 22 sådana

175 938 124 29 uppdrifva
309 939 240 29 ersättningssumman
564 942 26 19 så
605 940 57 29 högt
678 948 48 14 som
736 940 97 29 möjligt.
850 940 79 22 Ehuru

175 974 7 20 i
201 974 148 21 förevarande
365 974 85 30 förslag
466 976 92 28 stadgas
574 978 35 18 att
624 975 151 22 ordföranden
790 976 8 21 i
816 976 113 22 nämnden

175 1012 62 19 utses
251 1010 26 21 af
285 1013 143 25 guvernören
448 1011 42 21 och
511 1013 41 20 två
567 1012 125 21 ledamöter
708 1012 26 21 af
746 1012 182 22 domhafvanden

174 1045 7 21 i
198 1047 65 19 orten
286 1048 59 19 samt
368 1054 28 14 en
419 1046 99 22 ledamot
544 1047 26 21 af
590 1047 79 29 hvarje
693 1048 114 28 sakegare,
827 1048 103 21 kommer

174 1081 59 21 dock
255 1082 73 29 enligt
349 1082 48 22 min
420 1082 118 22 förmodan
562 1091 85 13 samma
670 1083 142 22 förhållande
833 1086 34 19 att
885 1091 45 21 ega

173 1124 51 14 rum
235 1117 68 22 äfven
313 1120 30 26 på
354 1118 74 28 grund
444 1118 26 22 af
482 1119 43 21 den
541 1118 129 30 föreslagna
682 1119 74 29 lagen,
768 1119 114 29 nämligen
894 1121 35 19 att

174 1153 27 21 de
213 1154 95 21 utsedde
319 1161 53 14 anse
383 1154 35 29 sig
434 1156 73 20 såsom
522 1154 152 30 fullmäktige,
686 1155 28 21 de
725 1155 40 21 der
774 1154 55 22 böra
839 1155 88 22 bevaka

173 1189 149 28 sakegarenes
340 1190 116 21 intressen.
488 1190 44 22 Till
550 1190 74 22 denna
642 1190 119 22 förmodan
777 1198 66 20 synes
860 1190 67 23 äfven

173 1224 45 22 den
233 1225 199 29 omständigheten
452 1226 64 28 gifva
534 1226 124 29 anledning
676 1228 35 20 att
732 1226 38 21 det
785 1229 25 18 är
826 1226 35 21 för
876 1226 51 22 kro-

173 1267 56 14 nans
249 1260 100 29 räkning
369 1268 47 14 som
438 1262 167 29 expropriation
628 1262 72 21 oftast
720 1262 42 21 och
778 1261 8 21 i
801 1261 126 22 vidsträck-

173 1298 59 19 taste
253 1298 54 19 mån
328 1296 102 22 kommer
451 1300 33 18 att
505 1305 43 21 ega
562 1305 51 14 rum
629 1298 43 21 och
688 1300 34 19 att
741 1298 86 21 således
843 1298 43 21 den
904 1298 27 21 af

173 1334 147 26 guvernören,
337 1332 8 21 i
361 1332 83 22 dennes
457 1334 114 28 egenskap
587 1333 27 22 af
626 1334 98 21 kronans
739 1333 188 29 befallningshaf-

172 1367 81 27 vande,
269 1368 96 21 utsedde
375 1368 150 22 ordföranden
541 1368 43 22 och
599 1368 35 22 till
655 1368 43 22 och
714 1368 52 22 med
781 1369 28 21 de
824 1368 27 22 af
864 1369 63 21 dom-

172 1402 73 22 stolen
265 1403 66 21 valde
349 1404 152 22 ledamöterne
522 1404 8 22 i
548 1405 114 21 nämnden
677 1405 78 21 kunna
770 1404 105 22 betrakta
890 1404 36 29 sig

171 1440 74 19 såsom
262 1438 98 22 kronans
375 1442 179 26 representanter
564 1442 59 20 samt
635 1440 8 21 i
654 1440 75 22 denna
739 1440 114 28 egenskap
864 1440 62 28 skyl-
