1036 1656
416 131 54 23 N:o
487 130 51 23 25.

308 429 74 25 Hans
400 429 181 32 Kejserliga
599 429 162 31 Majestäts
776 427 81 32 nädiga

239 475 137 33 proposition
396 475 32 25 till
448 475 103 25 Finlands
569 475 103 32 Ständer,
690 473 114 33 angäende
817 481 39 18 an-

239 521 90 24 visande
348 521 26 24 af
390 521 70 25 medel
479 521 34 25 till
531 521 236 25 folkskoleväsendets
786 521 6 23 i
808 521 48 23 lan-

240 567 36 24 det
294 566 115 25 underhåll
428 567 70 24 under
517 566 55 26 åren
593 567 64 24 1898
672 562 96 40 —1900.

171 635 38 22 Uti
232 635 40 21 den
297 635 30 21 till
353 636 53 20 1894
425 635 35 21 ärs
478 635 105 27 landtdag
599 634 80 22 aflätna
694 635 163 27 propositionen

103 670 6 20 i
126 672 72 19 ämnet
216 670 134 21 meddelades
366 669 122 22 Ständerna
504 671 33 19 att
552 670 150 26 behällningen
718 670 6 20 i
740 669 26 22 de
781 669 77 21 beräk-

103 704 57 21 nade
175 704 102 27 anslagen
292 703 33 21 för
340 703 220 22 folkskoleväsendets
576 704 112 21 underhäll
704 704 35 21 vid
757 704 54 21 1892
822 704 34 20 ärs

103 739 83 27 utgäng
204 738 100 28 utgjorde
319 740 76 25 61,203
412 739 61 21 mark
489 740 26 20 96
531 739 65 27 penni
613 740 56 20 samt
685 740 32 20 att
732 739 33 21 för
780 739 26 21 de
822 738 36 22 tvä

104 779 76 15 senare
204 773 50 21 åren
278 774 50 20 1893
345 772 38 22 och
401 774 54 20 1894
470 773 23 21 af
506 772 230 28 bevillningsperioden
752 773 17 27 ej
786 772 73 21 kunde

105 808 91 20 emotses
216 808 69 26 någon
306 807 122 27 behållning
443 808 6 20 i
465 807 68 27 sagda
548 807 81 27 anslag,
646 809 53 19 utan
716 808 32 20 att
763 808 95 20 tvärtom

105 848 25 15 en
157 842 81 21 mindre
263 842 54 21 brist
341 842 6 21 i
374 842 108 21 desamma
507 842 69 21 måste
601 843 89 25 antagas
716 842 86 21 komma
827 843 33 19 att

104 876 87 27 uppstå.

173 910 70 22 Sedan
263 911 177 26 räkenskaperna
458 910 33 22 för
510 910 108 28 sistsagda
637 911 24 21 år
679 911 52 21 1893
748 910 39 21 och
805 910 53 20 1894

105 944 107 26 afslutats,
237 944 37 22 har
298 945 40 21 den
362 944 99 22 effektiva
479 945 92 27 utgiften
590 945 33 21 för
639 945 63 21 dessa
717 946 24 20 år
756 945 56 21 visat
828 944 32 26 sig

105 980 66 26 något
193 979 83 21 mindre
299 981 26 19 än
349 979 40 21 den
409 979 130 26 beräknade,
558 980 7 20 i
580 979 52 27 följd
647 979 77 21 hvaraf
737 979 71 27 någon
824 978 36 21 be-

105 1013 95 27 hållning
218 1014 7 20 i
243 1013 74 27 sjelfva
335 1014 74 21 verket
428 1014 112 26 uppstått;
561 1014 38 21 och
614 1014 40 21 har
670 1013 125 22 differensen
811 1013 7 21 i
834 1012 26 22 de

105 1048 69 22 skilda
190 1050 102 25 posterna
308 1048 79 21 utfallit
402 1048 29 27 på
446 1048 94 27 följande
555 1050 53 20 sätt:

107 1117 2 33 |
426 1117 32 39 Jar
466 1122 104 18 Ständernal

107 1151 2 40 |
426 1150 97 24 jbeviljadt
535 1151 28 17 för]
603 1150 81 18 Effektiv

427 1179 2 21 |
450 1180 44 17 åren
507 1180 44 17 1893
615 1185 62 23 utgift.

455 1209 33 18 och
502 1209 49 18 1894.

108 1240 1 31 |
427 1251 1 20 |
466 1255 39 22 9
542 1243 27 46 fre)
609 1255 40 22 we
690 1257 21 20 ||
753 1254 39 22 Hm
830 1242 27 45 frå

108 1292 1 40 |
124 1305 68 23 Anslag
205 1306 28 17 till
247 1306 94 18 underhåll
354 1306 21 18 af
382 1298 47 35 stä-|
543 1299 1 11 |
687 1305 1 29 |
831 1295 2 39 |

147 1340 66 18 dernas
226 1340 134 19 folkskolor.
386 1354 4 5 .
416 1338 13 19 .|
466 1341 102 29 580,000—|
611 1336 103 39 56985950|
736 1339 122 24 +10,140j50

108 1392 2 7 |
124 1375 69 22 Anslag
201 1375 29 17 till
242 1374 95 18 aflönande
345 1374 20 18 af
373 1375 46 17 folk-
688 1385 1 3 i

109 1400 1 5 |
147 1409 101 18 skollärare
266 1409 33 17 och
317 1409 104 18 lärarinnor
543 1406 2 46 |
688 1429 1 6 |

147 1443 24 22 pä
182 1443 62 18 landet
272 1456 3 4 .
302 1457 3 3 .
329 1456 4 5 .
358 1457 3 3 .
386 1457 4 4 0.
416 1457 3 3 .|
451 1444 118 23 1,626,000.—|
596 1445 118 21 1,635,27983]
738 1454 21 3 —
778 1443 80 21 9,27983]

741 1168 97 17 Differens.
