1025 1656
491 433 104 23 Transport

62 467 84 19 farleden
158 467 6 18 i
177 467 61 18 Saima
253 467 41 18 från
306 467 115 23 Niskalampi
434 467 30 18 till
476 467 78 18 Kutvele
561 468 32 18 ka-

63 503 31 18 nal
112 502 34 18 och
162 502 63 18 vidare
236 502 30 17 till
278 502 89 18 Puumala
379 501 108 24 förslagsvis
499 503 52 21 3,000
562 502 32 18 mk

63 537 76 24 årligen.
163 537 27 17 Af
206 536 75 23 nådigst
298 536 90 23 beviljadt
400 536 66 23 anslag
477 537 30 18 för
519 537 75 22 sjömät-

64 572 44 23 ning
120 571 6 18 i
139 571 72 18 Keitele
223 571 109 23 vattendrag
344 573 22 16 är
378 571 58 18 stäldt
446 571 31 18 till
485 571 109 23 disposition

63 606 71 23 årligen
147 606 63 21 16,500
221 605 37 18 mk.
274 605 40 18 Den
326 605 60 24 årliga
398 605 81 24 utgiften
491 606 30 18 för
529 606 66 18 under-

63 641 39 18 häll
115 640 34 19 och
162 641 109 22 bemanning
284 640 20 18 af
315 642 27 16 ett
354 640 59 19 andra
421 640 174 24 isbrytare-ångfar-

64 679 32 20 tyg
108 675 53 19 torde
173 676 62 22 uppgå
246 675 30 18 till
289 676 83 22 omkring
386 676 73 21 120,000
471 676 37 18 mk.
527 676 68 18 Genom

64 710 65 19 afsedd
142 710 100 22 tillökning
254 710 6 17 i
273 710 84 22 anslaget
369 710 29 18 för
410 710 185 23 slöjdkunnighetens

63 744 128 23 befrämjande
211 745 71 21 stegras
303 744 102 22 utgifterna
424 744 42 18 med
484 745 63 21 35,000
564 744 31 18 mk

64 779 76 22 årligen.
164 778 41 23 Nya
222 778 65 23 anslag
304 778 53 18 torde
374 778 67 23 jemväl
460 778 94 19 erfordras
566 779 30 18 för

64 813 119 24 yrkesskolor
200 813 41 18 med
259 814 62 21 20,000
336 813 31 18 mk
384 813 71 23 årligen
473 814 35 18 och
527 814 28 18 för
573 819 22 13 en

64 848 135 18 industriskola
216 848 45 18 eller
279 848 50 22 lägre
341 848 76 18 teknisk
430 848 53 18 skola
497 848 6 17 i
518 848 77 23 Wiborg

64 882 41 18 med
117 882 90 18 likaledes
225 883 63 21 20,000
305 882 32 18 mk
355 888 29 12 om
396 882 41 18 året
455 882 94 18 äfvensom
566 882 30 18 för

66 917 111 23 deltagande
190 917 5 17 i
209 917 137 23 utställningar.

21 953 1 3 '
42 952 36 17 Till
91 951 118 19 bestridande
225 952 21 17 af
260 951 103 23 utgifterna
375 951 59 19 under
446 951 61 19 denna
518 952 78 18 hufvud-

64 986 42 18 titel
125 986 58 22 torde,
202 986 41 18 med
261 986 104 18 beaktande
384 986 90 18 särskildt
492 988 28 16 att
537 986 59 18 ökade

65 1020 65 22 anslag
148 1020 29 18 för
194 1020 101 18 lotsverket
312 1020 59 18 måste
388 1022 79 21 antagas
485 1020 111 18 erfordras
588 1016 12 31 i

65 1056 59 16 större
142 1054 111 23 omfattning
265 1056 24 16 än
301 1054 34 18 här
347 1054 55 18 ofvan
414 1054 82 24 antydts,
508 1055 45 18 böra
565 1060 31 13 an-

65 1090 37 18 slås
117 1090 54 17 minst
188 1102 4 6 .
216 1103 4 5 .
248 1103 1 4 —
273 1102 4 4 .
303 1086 43 31 ..-
359 1102 33 5 ss
416 1086 16 31 ss
446 1086 18 31 oo
477 1102 3 6 0
508 1102 1 5 0
533 1086 15 31 oo
585 1102 10 6 6

209 1170 52 21 Eifte
276 1170 152 21 hufvudtiteln.

42 1227 555 22 Förvaltningsgrenar
238 1223 54 30 under
300 1227 232 22 Ekonomiedepartementets
542 1223 59 30 Kansli

42 1261 40 19 Den
95 1261 82 23 stegring
186 1261 5 18 i
201 1261 78 23 utgifter
291 1261 58 18 under
361 1261 60 18 denna
430 1261 120 22 hufvudtitel,
559 1267 38 12 som

66 1297 44 17 1897
130 1296 30 17 års
176 1297 37 17 stat
227 1296 50 18 visar
288 1295 31 18 vid
329 1295 106 23 jemförelse
447 1295 42 19 med
503 1297 44 16 1896
561 1296 36 22 års,

66 1332 21 17 är
95 1330 96 18 föranledd
200 1330 163 23 hufvudsakligast
369 1330 53 18 deraf
430 1331 28 17 att
468 1330 129 23 utgiftsstaten

65 1365 30 18 för
112 1364 126 19 Statsarkivet
255 1364 67 23 blifvit,
337 1365 25 22 på
377 1364 59 23 grund
449 1364 22 18 af
481 1365 68 22 nådiga
561 1365 36 18 för-

65 1399 102 23 ordningen
180 1399 35 18 den
227 1400 22 17 23
261 1399 39 18 Juli
314 1400 49 21 1896,
376 1399 29 18 hit
417 1399 124 24 öfverflyttad.

42 1434 8 17 I
62 1434 102 18 afrundadt
176 1435 26 18 tal
215 1436 90 21 upptages
317 1434 30 18 för
358 1434 88 23 perioden
477 1448 4 4 .
505 1447 5 6 .
535 1448 4 4 .
564 1447 4 6 .

495 1475 101 24 Transport

651 335 40 22 Fay:

617 433 103 22 25,931,346

650 1230 72 22 193,395

619 1477 102 22 [26,124,741

621 219 66 23 Enligt
698 221 56 16 stats-

621 248 91 23 förslaget
725 248 30 18 för

645 277 21 18 år
681 277 51 18 1897.

858 132 26 22 21

778 219 9 17 I
799 219 56 23 årligt
865 223 37 13 me-

791 247 57 19 deltal
863 247 30 18 för

783 276 119 18 1898—1900.

732 320 40 48 74]
804 320 36 48 my
872 320 33 48 få

782 1092 91 21 2,250,000]
885 1100 23 3 —

801 1436 74 20 200,000]
888 1445 22 2 —

734 1477 24 18 84
771 1476 104 22 [27,985,000]
887 1485 22 2 —
