1025 1656
478 424 103 23 Transport

184 471 72 26 Tredje
272 471 150 21 hufvudtiteln.

27 527 188 23 Förvaltningsgrenar
226 533 22 12 m.
260 533 27 16 m.,
298 533 35 12 som
345 527 74 21 hänföra
437 527 26 22 sig
479 527 31 17 till
528 527 54 18 Civil-

48 549 135 40 expeditionen
205 575 3 4 .
235 549 30 40 som
293 575 29 4 sr
350 549 30 40 sor
405 549 32 40 ror
490 574 34 5 rr
550 575 32 4 sa

28 596 60 18 Bland
106 596 106 18 emotsedda
229 601 35 18 nya
282 596 34 17 och
333 596 76 17 tillökta
427 595 78 23 utgifter
524 595 58 19 under

52 630 60 18 denna
123 631 112 18 hufvudtitel
248 631 29 17 må
290 632 113 16 omnämnas:

74 665 65 22 Enligt
157 665 22 18 de
197 665 130 22 utgiftsstater,
347 670 38 13 som
400 665 64 22 åtföljt
477 665 106 22 Kejserliga

52 699 88 18 Senatens
151 699 25 23 på
188 699 55 23 nådig
255 699 120 18 fastställelse
386 699 92 18 beroende
491 699 91 18 underdå-

52 734 42 23 niga
110 733 70 23 förslag
196 734 29 17 till
240 733 91 18 särskilda
343 733 130 23 förordningar
486 733 96 23 angående

51 769 156 22 omorganisation
225 769 21 17 af
261 769 198 22 polisinrättningarna
474 768 6 17 i
495 768 86 23 Helsing-

52 799 44 30 fors,
108 793 46 36 Åbo,
167 802 77 23 Wiborg
256 803 34 18 och
302 803 123 18 Tammerfors
442 803 71 18 komme
528 804 56 17 stats-

52 837 73 18 verkets
137 837 66 23 bidrag
214 837 30 18 för
255 837 163 23 upprätthållande
427 837 20 18 af
455 837 54 18 dessa
517 837 67 18 inrätt-

52 872 66 23 ningar
130 873 29 17 att
171 872 45 18 ökas
228 872 40 18 med
282 873 72 21 129,802
366 872 31 17 mk
409 873 23 17 67
445 877 18 17 p.
475 872 77 23 årligen.

75 907 28 17 De
121 907 33 17 355
172 907 70 21 platser
254 907 5 17 i
271 907 111 17 Pitkäniemi
395 906 58 18 under
465 906 119 22 uppförande

52 940 80 19 varande
150 941 43 17 kur-
211 941 34 17 och
262 941 115 22 asylanstalt,
393 940 64 18 hvilka
471 940 54 18 skola
536 940 48 18 först

53 976 85 21 inrättas,
154 968 57 25 torde
230 975 62 18 kunna
312 975 29 17 till
359 974 119 23 begagnande
497 975 87 22 upplåtas

53 1010 58 18 under
129 1015 102 13 sommaren
247 1010 44 17 eller
305 1010 65 17 hösten
386 1009 21 17 år
420 1010 50 17 1899.
494 1009 92 23 Beloppet

54 1045 20 18 af
85 1044 35 18 den
132 1045 59 22 årliga
203 1044 210 18 underhållskostnaden
421 1044 38 17 kan
468 1044 116 22 approxima-

54 1080 35 17 tivt
106 1079 92 18 beräknas
216 1079 28 17 till
262 1080 74 20 240,000
355 1079 10 17 &
383 1079 75 21 250,000
472 1078 37 18 mk.
522 1088 21 3 —
556 1078 28 17 En

54 1114 86 18 tilltänkt
151 1113 220 23 barnsjukhusafdelning
383 1113 31 17 vid
427 1113 93 17 allmänna
535 1112 50 23 sjuk-

54 1149 55 17 huset
120 1148 7 17 i
139 1148 115 23 Helsingfors
267 1150 21 16 är
300 1148 65 18 afsedd
376 1149 28 17 att
413 1147 78 18 omfatta
500 1147 84 22 omkring

54 1184 23 16 40
94 1183 76 23 platser.
194 1183 74 23 Möjligt
286 1184 20 16 är
324 1184 29 16 att
371 1182 59 18 denna
447 1181 138 23 sjukhusafdel-

55 1218 49 22 ning,
116 1218 55 17 hvars
183 1218 69 17 ärsstat
264 1217 52 18 torde
329 1217 48 22 stiga
389 1217 29 17 till
430 1217 65 21 40,000
503 1216 10 18 ä
523 1216 63 22 45,000

56 1252 36 22 mk,
104 1252 38 18 kan
154 1254 70 21 öppnas
236 1252 30 18 för
278 1252 33 18 sitt
323 1252 85 17 ändamål
420 1251 31 18 det
464 1251 46 17 sista
519 1251 40 17 året
567 1250 20 18 af

55 1287 124 17 instundande
187 1286 129 23 finansperiod.
327 1296 20 3 —
355 1286 36 18 Det
399 1286 95 18 allmänna
503 1275 87 37 sjukhus,

56 1326 38 13 som
112 1323 21 16 är
151 1321 81 23 pätänkt
249 1322 29 16 att
295 1321 79 17 inrättas
387 1320 5 17 i
405 1319 132 22 Kristinestad,
550 1319 37 17 kan

55 1355 93 18 mähända
163 1355 57 18 hinna
235 1355 30 17 till
279 1355 78 17 allmänt
368 1354 120 22 begagnande
501 1353 87 23 upplätas

55 1390 90 18 likaledes
164 1390 21 17 är
204 1391 50 20 1900,
268 1389 41 18 med
321 1395 22 12 en
355 1389 75 21 ärsstat,
442 1388 96 18 beräknad
551 1388 37 17 för-

56 1425 77 22 slagsvis
151 1425 29 17 till
198 1425 63 22 30,000
273 1425 11 17 ä
296 1425 63 21 35,000
371 1423 36 18 mk.
431 1423 64 18 Under
507 1423 81 22 antydda

466 1465 2 2 *
485 1464 102 22 Transport

600 200 2 3 |
610 210 65 23 Enligt
688 212 55 16 stats-

611 239 90 23 förslaget
715 239 29 17 för|
783 238 57 23 deltal
851 238 30 18 för

634 268 21 18 är
671 268 50 18 1897.
743 256 17 39 |
773 267 119 18 1898—1900.

623 296 276 20 n

640 327 40 21 my
721 327 23 21 |7i]
791 326 38 20 Fi
871 324 24 21 |

863 398 1 15 |

618 424 92 21 5,035,470]
723 424 21 16 71
750 410 11 39 |
769 414 126 30 5,190,000!
883 410 14 39 —

863 448 2 14 I

904 505 2 21 |

904 528 2 32 |

619 562 92 22 5,371,420
723 562 22 17 60|
805 571 21 2 —
873 570 22 2 |—

613 1463 99 22 10,406,891

849 124 26 21 15

768 210 8 17 I
788 210 57 22 årligt
855 214 37 13 me-

727 1463 20 17 381
753 1452 12 35 |
774 1461 92 22 5,190,000i
879 1470 21 3 —
909 1456 2 19 |
