1025 1656
558 321 105 22 Transport

109 356 38 18 För
167 356 117 23 uppdikning
307 356 20 18 af
346 352 105 26 Äijänneva
471 356 73 18 kronan
564 355 97 23 tillhöriga

132 396 61 12 mosse
205 390 6 18 i
224 390 82 18 Wirdois
319 390 70 18 socken
401 390 20 18 af
432 390 57 18 Wasa
501 390 45 18 län.
570 403 4 5 .

109 425 38 18 För
165 424 147 23 möjliggörande
330 425 21 17 af
368 426 28 16 ett
413 424 92 18 snabbare
524 424 100 18 utförande
642 404 22 37 af

133 458 94 19 särskilda
239 461 59 24 större
310 459 248 23 vattenregleringsarbeten
569 460 92 21 upptages

132 493 30 18 till
174 493 131 18 förstärkande
318 493 20 18 af
352 493 242 23 mossuttorkningsfonden
608 498 54 13 even-

133 528 48 18 tuelt
192 528 30 18 för
233 528 65 23 hvarje
311 528 21 17 af
342 527 45 19 åren
399 528 58 18 1898—
469 523 40 33 1900
518 538 21 3 —
546 529 76 20 500,000
630 528 31 17 mk

110 562 156 23 Förutvidgning,
273 563 97 22 uträtning
375 563 35 17 och
415 563 123 22 fördjupning
543 562 20 18 af
568 562 94 18 Strömma

132 597 57 18 kanal
202 597 6 18 i
220 597 70 18 Kimito
308 597 70 18 socken
397 599 20 16 är
435 597 87 22 anslaget
538 597 73 22 131,00
623 597 37 22 mk,

133 631 68 18 hvaraf
211 630 80 19 återstår
312 645 4 4 .
341 645 4 4 .
371 645 3 4 .
401 644 2 5 .
427 644 5 5 «

110 666 38 18 För
165 665 122 24 fördjupning
305 666 21 18 af
342 645 133 44 Pappilanjoki
485 641 91 53 uöllaä
592 645 70 44 Kyrös-

133 701 55 17 koski
200 701 36 17 och
248 701 139 22 Kirkkojärvi
382 697 14 31 i
401 701 117 22 Tavastkyrö
531 701 69 18 socken

110 735 38 18 För
160 735 127 22 upprensning
302 735 21 18 af
336 735 81 18 Muurue
429 736 58 17 ström
500 735 5 17 i
519 735 61 18 Nilsiä
592 735 70 18 socken

134 771 32 16 äro
185 769 91 23 beviljade
296 771 74 20 110,000
389 770 37 21 mk,
447 770 69 18 hvaraf
535 769 81 19 äterstär
635 772 29 16 att

134 804 68 23 lyftas.
228 818 3 4 .
256 818 4 4 .
284 818 4 3 .
314 818 3 3 .
371 817 4 5 .
660 818 3 4 .

110 838 38 18 För
166 839 126 22 kanalisering
312 839 21 18 af
342 818 94 39 "förleden
456 844 67 17 genom
542 818 120 39 Wastämän-

134 873 54 18 salmi
200 873 48 18 sund
260 873 6 17 i
279 873 79 18 Anttola
370 873 68 18 socken
452 872 82 19 återstår
546 873 20 18 af
578 873 86 23 anslaget

134 895 66 41 40,000
212 907 29 17 mk
258 920 4 5 .
286 920 2 5 .
369 920 122 5 LL
659 900 20 35 «|

111 941 37 18 För
160 941 118 23 ombyggnad
290 941 20 18 af
321 941 74 18 Murole
407 942 56 18 kana!
477 942 5 17 i
497 921 81 39 Wirdois
587 921 75 42 socken;
677 937 2 21 i

134 971 105 31 eventuelt
256 988 4 5 0
297 989 19 5 s
372 989 3 4 I
403 989 29 4 CR
457 971 16 31 RR
486 988 61 6 SKR
572 971 12 31 PF
601 989 4 5 K

111 1010 27 18 På
150 1010 60 22 grund
229 1010 20 18 af
266 1010 58 18 delvis
336 1010 58 18 redan
407 1010 111 23 uppgjorda,
531 1010 59 18 delvis
603 990 60 38 under

134 1044 124 18 utarbetande
276 1044 81 18 varande
375 1045 71 23 förslag
458 1045 30 18 till
501 1045 130 18 förbättrande
644 1045 20 17 af

134 1078 102 19 bestående
247 1079 83 22 kanaler,
338 1079 58 18 bland
403 1079 66 18 hvilka
478 1080 77 17 arbeten
564 1085 22 13 en
595 1079 69 23 ifråga-

135 1115 39 16 satt
191 1114 115 18 omfattande
324 1116 74 16 remont
409 1114 6 17 i
428 1114 63 18 Saima
503 1114 67 18 kanals
583 1113 41 18 öfra
636 1114 27 17 di-

135 1148 57 18 strikt
203 1148 84 18 kommer
300 1150 28 16 att
340 1148 66 18 kräfva
421 1148 92 23 betydligt
528 1148 70 23 anslag,
614 1150 48 16 samt

134 1182 114 24 anläggning
266 1183 20 17 af
302 1188 36 18 nya
356 1183 79 18 kanaler
450 1184 80 17 emotses
543 1185 33 19 att,
589 1183 74 18 utöfver

135 1217 22 18 de
170 1218 74 21 250,000
260 1218 36 21 mk,
312 1222 40 13 som
365 1217 59 23 enligt
436 1219 38 16 stat
486 1216 71 24 årligen
570 1216 19 19 få
602 1217 61 23 dispo-

134 1257 55 13 neras
198 1251 29 19 för
236 1253 42 21 väg-
287 1252 35 17 och
330 1252 246 22 vattenbyggnadsarbeten,
588 1252 75 17 komma

134 1286 30 18 till
182 1286 118 23 användning
319 1286 60 18 under
394 1286 90 22 perioden
499 1287 114 17 1898—1900
625 1292 38 12 om-

135 1321 68 22 kring.
227 1334 5 4 .
256 1334 3 3 .
285 1334 3 2 .
313 1334 3 3 .
427 1334 35 5 sr

111 1355 9 17 I
133 1355 90 18 händelse
241 1355 61 18 beslut
321 1360 29 13 om
342 1334 4 4 n
366 1334 98 44 byggande
477 1334 18 39 af
516 1334 4 4 &
509 1360 23 13 en
543 1334 79 44 jernväg
632 1334 32 38 tn

135 1390 118 22 Mäntyluoto
266 1390 55 17 hamn
335 1390 59 17 under
408 1390 43 17 1897
464 1390 31 17 ärs
508 1390 90 22 landtdag
605 1389 59 18 fattas

136 1424 34 17 och
190 1423 65 18 vinner
272 1423 56 23 nädig
347 1423 127 22 fastställelse,
495 1425 21 16 är
536 1423 128 23 Björneborgs

560 1463 104 22 Transport

719 223 40 22 Try

709 320 90 22 1,358,780]
811 320 22 18 93

737 390 67 25 50,000|
812 399 21 3 —

711 528 90 21 1,500,000|
812 537 21 2 —

738 631 63 22 81,300|
813 640 22 3 —

738 701 63 21 71,300]
813 709 22 2 —

739 907 63 21 20,000|
814 916 21 3 —

729 976 73 22 152,500|
815 986 21 2 —

711 1320 93 22 3,000,000|
827 1314 11 18 —

712 1463 92 22 6,813,880|
816 1463 22 16 93

800 204 34 40 EX

802 420 2 9 |

802 444 2 30 |
