1039 1659
191 133 12 19 4
496 132 40 21 N:o
552 133 34 20 25.

230 200 32 21 På
280 201 45 20 sätt
343 200 40 21 här
398 200 70 21 nedan
484 200 142 27 omförmäles,
643 200 62 22 torde
720 200 35 22 väl
771 200 148 28 statsutgiften

160 234 34 21 till
210 234 114 22 aflönande
340 234 23 22 af
375 234 201 28 lärarepersonalen
593 235 35 21 vid
643 235 148 21 folkskolorna
809 236 28 26 på
847 235 74 21 landet

161 268 39 22 och
222 268 255 23 handarbetslärarinnor
500 270 36 20 vid
554 270 26 21 de
600 270 23 21 af
638 270 68 26 sagda
725 270 79 26 skolor,
821 276 46 15 som
883 272 37 19 äro

161 309 159 21 gemensamma
342 303 34 22 för
397 310 75 21 gossar
496 304 39 22 och
556 304 75 22 flickor
654 306 56 20 samt
732 304 92 22 förestås
847 304 23 22 af
889 304 31 22 lä-

161 343 51 15 rare
234 338 70 21 under
328 338 25 22 de
376 339 37 21 två
428 344 76 16 senare
520 340 51 20 åren
589 338 22 22 af
624 339 146 21 innevarande
785 339 136 27 bevillnings-

160 372 76 26 period
251 372 85 21 komma
352 374 34 19 att
401 372 116 28 öfverstiga
534 373 25 21 de
576 374 35 20 vid
627 375 86 20 senaste
729 373 104 27 landtdag
843 373 77 21 beräk-

161 406 56 21 nade
232 406 85 27 belopp.
343 406 49 22 Men
408 407 96 21 deremot
520 413 62 21 synes
599 408 110 21 tillväxten
721 408 6 21 i
739 407 179 28 utgiftsposterna

160 440 33 22 för
208 440 114 22 underhåll
338 440 22 22 af
374 441 112 22 städernas
502 441 119 23 folkskolor
636 444 57 20 samt
709 442 31 21 till
751 442 168 28 löneförhöjnin-

160 481 40 21 gar
222 475 40 21 och
284 476 152 27 pensionering
459 476 22 21 af
502 476 200 27 lärarepersonalen
723 477 36 21 vid
774 476 101 22 skolorna
890 477 29 26 på

161 509 74 21 landet
250 510 47 21 icke
312 510 74 22 kunna
402 510 68 22 under
486 511 67 27 sagda
570 512 24 20 år
609 511 56 27 stiga
681 511 31 21 till
729 511 25 21 de
766 511 23 21 af
797 510 122 22 Ständerna

161 544 105 27 anslagna
285 544 85 28 belopp.
400 545 30 21 På
448 546 71 26 grund
534 545 64 21 häraf
612 546 39 20 och
667 546 90 21 oaktadt
773 546 98 26 anslaget
886 546 31 20 till

159 578 127 22 inrättande
309 579 23 21 af
352 579 102 22 bibliotek
477 580 33 21 för
529 580 164 22 folkskollärare
713 580 38 22 och
769 580 122 21 lärarinnor
911 580 6 20 i

160 613 220 22 landskommunerna
398 614 96 21 kommer
510 616 33 19 att
558 614 69 22 under
643 614 26 22 de
685 615 36 21 två
737 620 76 16 senare
829 615 50 21 åren
897 614 22 22 af

160 647 173 27 finansperioden
352 648 32 21 till
403 648 39 22 sitt
459 648 49 22 hela
522 648 78 28 belopp
617 649 132 27 disponeras,
766 649 62 21 torde
844 655 24 15 en
885 650 32 26 yt-

160 682 102 27 terligare
284 683 82 21 mindre
389 683 122 27 behållning
533 683 33 21 för
590 683 63 22 dessa
672 684 25 20 år
715 684 74 21 kunna
808 684 6 20 i
835 684 35 20 det
884 683 35 21 för

159 716 159 23 folkskolornas
341 718 6 21 i
370 718 74 21 landet
466 718 114 21 underhåll
600 718 105 28 beviljade
724 718 75 27 anslag
819 720 98 20 emotses.

229 820 50 22 Med
288 820 99 22 afseende
396 821 56 26 derå,
463 823 33 19 att
504 820 129 27 Ständerna,
642 822 29 26 på
679 822 44 20 sätt
732 821 32 21 uti
772 821 144 27 underdånigt

159 861 50 15 svar
223 856 13 20 å
252 855 40 21 den
308 855 35 21 vid
358 857 86 20 senaste
454 856 106 26 landtdag
570 856 33 21 till
615 855 122 22 Ständerna
748 855 81 22 aflåtna
840 856 77 26 nådiga

159 889 171 27 propositionen,
347 890 111 26 angående
474 890 116 21 anvisande
606 890 23 21 af
637 890 68 21 medel
716 890 33 20 för
759 890 158 21 folkskolornas

159 924 6 20 i
181 923 75 21 landet
271 923 119 27 underhåll,
407 924 99 26 anmälts,
523 924 33 21 för
572 924 32 21 sin
621 924 34 21 del
670 924 89 21 beslutit
775 925 33 19 att
818 924 97 26 grunden

159 957 34 22 för
212 958 145 27 beräkningen
380 958 22 22 af
416 958 36 22 det
467 964 26 15 ur
508 958 196 27 bevillningsmedel
720 958 32 21 till
767 958 112 21 underhåll
896 958 23 21 af

159 992 116 22 städernas
290 992 118 22 folkskolor
423 993 108 27 utgående
547 992 76 28 bidrag
638 993 33 21 för
686 992 115 22 framtiden
817 992 54 22 skall
882 994 35 20 ut-

159 1028 53 26 göra
233 1027 105 27 tjugufem
361 1029 90 25 procent
470 1027 22 21 af
506 1028 36 20 det
558 1027 85 27 belopp,
658 1027 87 21 hvartill
760 1027 157 21 stadskommu-

159 1067 79 16 nernas
250 1061 166 21 nedannämnda
427 1061 99 22 effektiva
537 1061 90 27 utgifter
637 1061 33 22 för
681 1062 63 20 dessa
754 1061 73 21 skolor
837 1061 79 27 uppgå,

159 1096 116 27 nemligen:
292 1096 107 21 kontanta
414 1096 127 27 aflöningar,
558 1096 89 27 utgifter
662 1096 34 21 för
711 1096 40 20 ved
767 1095 39 21 och
816 1095 50 27 lyse,
877 1102 40 14 un-

159 1130 233 28 dervisningsmateriel
408 1130 39 22 och
462 1130 118 22 skolmöbel
595 1132 57 20 samt
668 1130 74 27 anslag
757 1130 34 21 för
805 1130 78 21 böcker
895 1130 22 20 åt

158 1164 117 22 medellösa
291 1164 69 22 elever
376 1164 108 22 äfvensom
500 1164 140 28 hyresvärdet
657 1164 22 22 af
693 1164 112 22 skolornas
822 1170 54 21 egna
887 1164 30 21 lo-

158 1199 67 26 kaler,
242 1199 40 21 och
298 1199 54 21 efter
368 1200 36 20 det
419 1199 119 27 Kejserliga
553 1198 94 22 Senaten
663 1199 6 21 i
686 1199 67 21 nåder
768 1198 149 27 bemyndigats

157 1234 89 26 vidtaga
258 1234 26 21 de
295 1234 108 26 åtgärder,
412 1240 46 15 som
466 1233 23 21 af
495 1233 132 22 Ständernas
638 1233 93 21 berörda
739 1232 71 22 beslut
821 1232 96 28 påkalla-

159 1268 43 26 des,
214 1268 40 21 har
270 1268 93 21 Senaten
376 1268 40 21 den
431 1270 24 19 13
466 1268 58 22 Mars
539 1269 53 20 1895
603 1268 97 21 faststält
711 1268 40 21 den
763 1267 24 21 af
795 1266 122 22 Ständerna

157 1302 94 22 sålunda
273 1302 101 21 beslutna
397 1302 70 27 grund
486 1302 33 22 för
538 1302 147 27 beräkningen
701 1302 23 21 af
737 1301 132 27 statsbidrag
885 1302 32 20 till

157 1336 115 22 underhåll
283 1336 23 22 af
314 1337 114 22 städernas
441 1337 117 21 folkskolor
574 1338 33 20 att
622 1336 35 22 vid
672 1336 131 28 beviljandet
814 1335 23 22 af
845 1336 72 26 dylika

157 1370 77 28 bidrag
250 1371 34 21 för
299 1370 115 23 framtiden
430 1371 114 28 tillämpas.

226 1406 114 22 Likaledes
355 1406 65 21 hafva
435 1406 101 27 frågorna
552 1412 34 15 om
601 1406 72 21 lärare
688 1405 39 22 och
742 1404 123 22 lärarinnor
880 1404 35 21 vid

156 1439 149 23 folkskolorna
320 1440 29 27 på
364 1440 74 22 landet
453 1440 161 22 tillkommande
629 1439 172 27 löneförhöjning
811 1440 55 20 samt
879 1445 38 15 an-
