1034 1661
230 109 28 21 46
426 109 28 22 U.
469 109 27 22 B.
514 121 25 3 —
556 108 73 28 Prop.
645 108 41 23 N:o
702 108 35 22 26.

201 171 48 16 men
268 165 33 22 för
317 156 125 31 tilldelande
457 165 23 22 af
494 166 159 27 kapitalbidrag
673 165 32 22 för
725 165 139 27 privatbanor
879 165 7 21 i
901 165 58 21 vissa

200 200 61 21 delar
276 206 26 15 en
317 200 47 21 från
375 200 176 22 kommissionens
564 201 54 26 &sigt
630 200 114 22 afvikande
757 199 72 22 sådan.
846 199 113 22 Utskottet

200 235 44 20 kan
262 234 105 27 nemligen
386 235 47 21 icke
453 235 74 21 förena
545 235 32 26 sig
596 241 34 15 om
653 235 36 20 det
708 234 116 27 uttalande,
846 236 31 19 att
895 234 61 26 kapi-

200 269 131 26 talbidraget
342 264 55 36 helst
415 269 57 27 borde
486 269 38 21 ske
536 269 7 21 i
551 269 54 21 form
615 269 23 21 af
645 269 162 26 aktieteckning,
818 269 40 20 och
866 268 91 21 föranle-

200 303 38 21 des
253 302 111 22 Utskottet
379 303 72 21 härtill
467 303 22 21 af
502 303 83 27 hänsyn
600 304 33 20 till
649 304 58 20 säväl
722 304 81 20 statens
819 309 46 15 som
877 303 26 20 de
915 302 43 26 pri-

200 340 50 18 vata
263 337 221 27 jernvägsföretagens
500 338 97 21 intresse.
629 337 134 22 Statsverket
778 337 39 21 har
833 336 61 22 äfven
909 337 49 20 här-

199 371 87 22 förutan
298 372 27 26 pä
337 372 68 26 grund
417 372 23 21 af
450 372 105 21 särskilda
567 372 160 26 bestämningar
739 372 7 20 i
758 371 199 26 koncessionslagen

200 406 69 21 medel
288 406 6 21 i
314 406 31 21 sin
363 406 57 21 hand
439 408 32 19 att
492 406 83 22 bevaka
591 407 37 21 sitt
643 406 39 22 och
698 406 154 21 allmänhetens
867 406 90 21 intresse

200 441 49 21 med
268 441 100 21 afseende
391 441 12 21 &
422 441 82 26 privata
525 441 139 22 lokalbanors
683 441 129 26 utrustning,
833 439 125 27 trafikering

200 475 39 21 och
260 475 135 27 förvaltning.
426 475 45 21 Och
487 475 27 21 dä
530 475 155 22 lokalbanorna
700 475 39 21 hos
755 481 34 15 oss
805 475 7 21 i
828 475 62 26 ingen
906 475 51 20 hän-

199 509 65 26 delse,
288 509 23 21 sä
335 509 60 27 länge
420 510 26 20 de
468 511 59 20 stora
547 511 152 20 stambanorna
719 511 50 26 ägas
789 509 40 22 och
844 508 113 22 trafikeras

199 543 23 21 af
232 544 135 26 statsverket,
383 544 72 21 kunna
470 545 89 20 tillvälla
575 545 32 27 sig
623 545 41 20 den
681 544 151 21 dominerande
848 543 107 27 ställning,

198 578 27 21 de
243 578 7 20 i
270 578 79 21 sädana
367 578 75 22 länder
462 578 93 26 erhällit,
576 578 37 21 der
631 578 138 27 privatbanor
790 580 37 19 äro
843 578 57 26 regel
916 578 39 20 och

199 612 123 22 statsbanor
340 613 116 26 undantag,
473 613 23 21 sä
512 619 63 21 synes
591 613 36 21 det
643 613 23 21 af
679 612 165 22 kommissionen
860 612 96 21 uttalade

200 647 188 27 önskningsmälet,
412 648 32 20 att
467 649 70 19 staten
555 647 70 21 säsom
645 648 98 21 aktionär
763 647 66 21 borde
848 648 51 25 göra
919 646 38 21 sitt

199 680 117 28 inflytande
332 682 104 26 gällande,
453 682 17 27 ej
486 682 64 21 hafva
566 682 118 28 synnerligt
699 682 46 21 skäl
761 681 32 21 för
805 682 38 26 sig.
860 675 19 27 Ä
890 680 66 22 andra

199 716 61 20 sidan
282 716 71 21 kunde
372 716 36 21 det
426 716 33 21 för
478 723 26 15 en
523 717 138 27 privatbanas
680 716 128 26 förvaltning
827 716 44 20 ofta
889 715 67 21 blifva

199 752 44 28 rätt
259 751 113 27 obegvämt
388 753 32 19 att
434 752 7 20 i
458 753 54 19 stort
529 758 45 14 som
591 752 64 21 smätt
671 751 80 27 nödgas
767 752 50 25 taga
829 750 80 27 hänsyn
921 750 34 21 till

199 786 26 20 de
240 786 138 27 synpunkter,
394 788 31 19 ett
440 786 135 21 statsombud
588 786 79 26 ansäge
679 786 32 26 sig
723 786 52 20 böra
787 787 52 25 göra
851 785 104 26 gällande.

198 820 33 20 De
255 820 93 26 anspräk
366 820 141 21 allmänheten
529 820 68 21 skulle
616 820 64 21 ställa
699 820 28 26 pä
745 826 25 14 en
788 820 95 26 jernväg,
903 825 52 20 som,

198 860 77 20 genom
294 856 32 19 att
344 855 129 21 statsverket
492 855 46 20 deri
557 857 24 18 är
600 855 107 26 delägare,
726 853 55 22 hade
799 859 26 15 en
844 859 45 15 mer
905 853 52 21 eller

199 888 83 21 mindre
298 888 84 22 officiell
400 889 106 25 karaktär,
524 889 69 21 blefve
609 889 108 21 dessutom
734 888 44 21 helt
794 888 73 21 säkert
882 888 73 25 andra,

198 925 26 19 än
245 924 33 26 de,
298 924 72 20 hvilka
385 930 81 15 samma
480 924 117 21 allmänhet
613 924 41 20 kan
670 923 107 27 uppställa
793 924 50 26 gent
859 925 56 19 emot
930 929 25 14 en

196 958 71 26 privat
290 958 196 28 jernvägsstyrelse.
520 954 69 25 Äfven
616 958 67 21 mäste
710 958 40 20 den
778 957 111 27 möjlighet
913 956 42 22 för-

194 994 101 24 utsättas,
322 994 32 19 att
381 994 30 19 ett
437 993 69 27 privat
530 992 185 28 jernvägsföretag
743 991 69 21 blefve
839 991 115 21 ruineradt.

195 1026 47 21 Och
259 1032 50 16 vore
324 1033 29 15 nu
369 1027 128 21 statsverket
513 1027 99 21 aktionär
628 1027 7 21 i
651 1029 31 19 ett
693 1026 76 22 sädant
780 1026 109 21 ruineradt
899 1025 55 21 före-

195 1063 43 25 tag,
255 1061 24 21 sä
292 1061 72 21 kunde
380 1062 36 20 det
429 1062 23 26 ju
468 1062 123 26 visserligen
607 1061 97 27 uppoffra
720 1061 46 21 sina
781 1060 69 21 aktier
862 1060 38 21 och
912 1059 43 21 läta

194 1095 106 26 företaget
319 1096 90 25 upplösa
428 1096 32 26 sig
479 1096 51 20 eller
550 1096 164 21 rekonstrueras
730 1096 27 25 pä
773 1094 67 21 andra
855 1094 99 26 grunder,

194 1129 73 21 derest
286 1129 130 22 statsverket
434 1130 47 21 icke
501 1130 78 27 ansäge
599 1130 36 21 det
654 1129 48 22 med
723 1129 32 21 sin
771 1129 69 20 fördel
856 1127 99 28 förenligt

194 1165 32 19 att
254 1163 49 28 sjelf
330 1164 109 27 öfvertaga
462 1164 86 27 affären,
572 1165 40 20 och
635 1163 77 27 blefve,
735 1163 56 22 hvad
815 1162 140 22 statsverkets

194 1197 86 21 direkta
299 1197 121 28 uppoffring
438 1198 109 27 beträffar,
567 1198 143 21 förhällandet
727 1198 117 21 detsamma
859 1203 45 14 som
921 1202 34 15 om

196 1232 30 20 ett
242 1231 77 27 bidrag
334 1232 74 27 gifvits
424 1232 24 27 ,ä
463 1232 62 22 fonds
541 1233 95 26 perdus*.
653 1233 50 20 Men
720 1232 48 21 med
783 1231 120 21 kännedom
920 1237 34 14 om

194 1265 40 22 den
255 1266 135 26 benägenhet
410 1267 40 21 den
469 1269 58 19 stora
546 1267 143 21 allmänheten
709 1267 39 20 har
767 1267 32 20 att
814 1265 94 22 förvexla
923 1267 32 19 ett

194 1300 122 27 aktiebolag
335 1301 49 20 med
404 1301 49 22 dess
468 1301 97 22 enskilda
581 1301 130 25 aktionärer,
727 1301 66 27 ligger
809 1300 40 21 den
864 1299 89 27 farhäga

183 1337 63 28 nära
269 1335 34 21 till
326 1335 76 27 hands,
426 1337 31 20 att
475 1336 63 27 vissa,
555 1342 34 15 om
608 1336 41 21 ock
665 1335 118 27 obefogade
799 1334 92 27 anspråk
906 1333 47 22 från

193 1369 283 27 obligationsinnehafvares
492 1371 51 20 eller
553 1370 66 21 andra
630 1370 184 26 fordringsegares
825 1369 46 20 sida
881 1367 72 21 kunde

192 1403 78 22 ställas
295 1403 27 27 pä
345 1403 135 22 statsverket.
510 1404 111 22 Utskottet
639 1404 68 21 häller
726 1403 47 22 icke
791 1403 62 21 desto
870 1402 83 21 mindre

262 1455 183 22 Jernvägsutskottets
458 1455 111 18 betänkande
581 1455 38 18 N:o
632 1456 15 17 1.
