1036 1656
328 134 28 22 U.
373 134 29 22 B.
417 146 29 3 —
460 133 74 29 Prop.
551 133 43 23 N:o
610 133 36 23 27.
834 134 27 20 23

105 198 94 23 återstå
218 198 160 29 disponibelt,
398 205 61 16 vore
477 198 53 32 Sr
548 198 149 27 4,160,520:
709 212 33 3 —
755 199 28 22 är
799 198 62 22 före-

106 234 80 28 slaget
214 234 36 21 att
276 240 91 22 genom
390 233 182 29 konvertering
594 233 26 22 af
640 233 67 23 1882
727 233 46 22 och
793 232 68 23 1886

106 268 41 22 års
170 268 15 21 4
204 265 28 27 ”/,
250 267 165 29 jernvägslän
433 267 94 23 bereda
546 268 67 22 ökad
632 267 107 29 tillgång
757 267 36 22 till
811 273 50 22 nya

105 302 317 29 jernvägsanläggningar.
451 296 130 35 Åtgärden
594 308 62 16 vore
669 302 126 28 nämligen
807 302 54 22 icke

107 343 30 15 en
156 336 181 29 konvertering
355 336 7 22 i
382 336 110 29 egentlig
510 336 110 29 mening,
635 336 24 22 d.
673 343 24 15 v.
711 343 19 15 s.
745 336 41 22 det
799 336 63 22 åter-

106 371 104 22 stående
238 370 207 29 sknldbeloppets
469 371 154 29 omsättning
646 370 37 23 till
700 371 70 28 lägre
789 371 72 21 ränta

106 407 61 20 utan
194 405 162 30 förlängning
385 405 26 22 af
436 405 136 27 lånetiden,
596 407 62 20 utan
680 405 80 22 skulle
779 405 82 22 denna

106 440 132 28 operation
256 440 72 22 bestå
347 440 54 22 deri
420 441 36 21 att
474 441 90 25 staten,
584 440 33 28 på
636 446 95 16 samma
747 441 49 21 sätt
809 446 53 15 som

107 474 32 23 då
165 474 67 23 1889
252 475 40 21 års
310 475 43 21 lån
371 475 118 28 upptogs,
509 474 81 22 skulle
610 474 88 22 anvisa
717 474 42 22 det
778 474 84 22 årsan-

107 509 55 28 slag
190 509 25 22 af
241 509 108 29 ungefär
375 509 140 26 1,377,000
535 509 81 26 mark,
636 515 53 16 som
708 515 35 16 nu
761 509 74 28 utgår
854 508 8 22 i

106 544 74 21 ränta
199 543 46 22 och
264 543 153 29 amortering
437 543 14 22 å
469 543 148 22 förenämda
631 543 68 22 båda
713 543 50 26 lån,
775 543 35 22 till
821 549 41 16 an-

107 578 79 22 nuitet
212 578 14 22 a
245 579 35 21 ett
297 579 56 27 nytt
370 577 43 22 län
432 579 14 20 a
465 578 15 22 3
493 575 27 27 !/
538 575 28 27 %
584 579 74 21 ränta
676 577 46 22 och
741 577 67 23 ända
827 577 35 22 till

108 612 33 22 60
161 612 41 22 års
222 612 210 29 amorteringstid.
471 612 32 23 Af
521 612 43 23 det
581 612 101 29 belopp,
703 619 52 15 som
772 618 90 23 genom

107 646 42 23 det
168 653 50 22 nya
236 647 68 22 länet
322 647 109 28 inflyter,
452 647 80 22 skulle
550 647 90 22 främst
654 646 66 23 1882
734 647 46 22 och
795 646 67 22 1886

108 681 41 22 ärs
173 681 43 22 län
234 681 56 22 fullt
307 681 149 27 likvideras;
477 681 45 22 och
542 682 28 21 är
588 681 8 22 i
614 681 189 28 propositionen
822 680 40 23 be-

107 715 110 22 räknadt
244 717 36 20 att
307 717 35 20 ett
365 715 141 22 öfverskott
525 715 25 22 af
568 715 118 29 omkring
705 715 157 26 10,200,000

107 749 71 22 mark
207 756 90 23 genom
322 750 83 22 denna
428 750 131 28 operation
578 750 80 22 skulle
677 750 100 22 komma
795 749 67 22 kom-

107 784 266 22 munikationsfonden
392 784 36 22 till
447 785 74 28 godo.

176 819 75 22 Detta
278 819 96 28 förslag
401 819 28 22 är
457 819 77 28 enligt
561 819 140 22 Utskottets
727 817 75 24 tanke
821 817 42 22 väl

108 853 136 28 grundadt,
264 855 26 26 ty
310 853 41 22 det
369 853 51 22 kan
439 853 54 22 icke
512 860 74 15 anses
604 853 141 29 betänkligt
764 853 35 21 att
815 851 48 22 för-

107 887 77 29 länga
202 887 148 22 förenämda
369 887 126 22 annuitets
515 887 138 30 betalning,
673 887 32 23 dä
724 888 27 28 ju
763 886 99 23 landets

107 922 138 29 jernvägar
272 922 81 22 under
379 922 151 22 kommande
558 922 64 22 tider
647 921 126 23 sannolikt
792 921 71 22 skola

107 956 83 22 lemna
214 956 54 23 icke
293 956 64 23 blott
380 957 51 21 lika
455 957 58 28 god,
538 958 62 21 utan
619 957 80 28 högre
718 955 145 29 afkastning

109 991 32 21 än
168 991 39 22 för
234 991 168 22 närvarande.
440 990 52 23 Och
517 997 41 16 om
580 991 68 22 länet
666 990 146 30 negocieras
830 989 33 28 pä

108 1031 107 22 gynsam
242 1025 125 28 tidpunkt,
392 1025 28 22 sä
449 1027 35 20 att
510 1025 85 30 nägon
620 1025 116 22 kännbar
759 1023 105 30 kapital-

108 1059 84 22 rabatt
216 1060 22 28 ej
258 1060 80 22 mäste
357 1060 86 26 afstäs,
463 1059 47 23 bör
528 1060 42 22 det
588 1060 8 21 i
615 1059 190 29 propositionen
823 1058 41 22 be-

107 1093 114 23 räknade
248 1094 131 23 resultatet
407 1094 24 22 af
459 1093 82 23 denna
565 1094 190 28 läneoperation
777 1093 87 22 kunna

109 1128 81 22 ernäs.

176 1163 56 22 Den
259 1163 94 28 nädiga
380 1163 190 28 propositionen
597 1163 76 29 utgär
697 1162 92 23 härvid
807 1161 57 22 frän

108 1197 49 22 den
182 1197 98 29 äsigten
304 1199 36 20 att
357 1197 98 23 landets
475 1197 164 23 ekonomiska
658 1197 46 22 och
723 1195 141 24 finansiella

107 1231 57 29 läge
195 1231 103 29 medger
330 1233 35 21 att
392 1232 119 22 använda
538 1232 118 29 omkring
683 1232 36 25 5,5
741 1231 124 22 millioner

107 1265 71 22 mark
204 1265 104 30 årligen,
332 1266 82 23 under
438 1266 170 23 instundande
627 1265 182 29 finansperiod,
829 1265 36 22 till

107 1300 281 29 jernvägsbyggnader.

177 1334 43 23 Att
244 1334 69 23 detta
337 1335 93 28 belopp
453 1335 55 22 icke
526 1341 62 16 vore
606 1335 40 22 för
664 1335 69 29 högt,
753 1333 112 30 framgär

107 1368 79 22 redan
214 1369 80 27 däraf,
314 1370 35 21 att
374 1369 43 22 det
439 1369 61 29 föga
518 1369 152 29 öfverstiger
689 1369 48 22 den
756 1368 109 23 kostnad

108 1403 25 21 af
160 1403 142 26 5,436,000
329 1403 80 27 mark,
437 1410 54 15 som
509 1403 87 23 landet
620 1403 78 23 sedan
723 1403 28 22 är
771 1402 68 23 1868
858 1402 8 22 i

107 1437 117 22 medeltal
252 1437 95 29 årligen
372 1437 105 30 nedlagt
495 1438 33 28 pä
546 1437 318 30 jernvägsanläggningar.

175 1485 162 19 Statsutskottets
350 1486 120 18 betänkande
482 1487 42 18 N:o
536 1486 12 17 9
560 1486 22 19 A.
