1028 1659
95 232 30 20 för
146 232 24 20 så
189 232 41 19 vidt
248 232 44 20 icke
308 232 76 19 banans
401 232 142 19 nettoinkomst
558 231 72 20 förslår
646 232 30 18 till
692 231 123 20 betäckande
830 230 22 20 af

95 261 37 19 den
148 263 58 17 ränta
221 261 120 19 statsvärket
356 266 59 14 anser
431 261 29 23 sig
475 261 50 19 böra
536 261 11 19 å
559 260 74 20 banans
645 259 204 25 anläggningskapital

95 289 109 20 beräkna.”

164 318 70 19 Denna
249 317 124 24 Helsingfors
389 318 54 19 stads
459 318 145 24 framställning
619 318 43 23 har,
678 317 51 19 efter
743 317 50 19 hvad
805 322 44 14 man

95 347 36 19 har
154 346 28 25 sig
200 347 81 22 bekant,
303 346 82 20 oaktadt
406 347 33 19 två
455 347 58 19 stånd
529 347 31 19 vid
577 350 77 16 senaste
670 346 94 24 landtdag
779 346 71 19 uttalat

95 376 30 23 sig
147 375 31 20 för
202 370 122 34 Helsingfors
339 374 106 21 —Gerknäs
473 376 74 19 banans
570 376 110 24 byggande,
703 375 21 19 af
745 375 105 24 kejserliga

96 406 81 18 senaten
198 405 82 19 lemnats
303 406 47 17 utan
371 404 93 19 afseende
481 404 36 20 och
533 405 116 23 regeringen
668 404 57 19 torde
744 404 44 19 icke
804 409 46 14 vara

97 433 69 19 sinnad
185 436 28 16 att
229 439 24 13 nu
269 432 108 24 framlägga
391 434 125 23 proposition
533 438 30 14 om
579 433 101 24 byggande
698 432 21 20 af
732 438 24 14 en
769 433 82 23 jernväg

97 461 42 20 från
156 461 123 24 Helsingfors
295 461 29 19 till
340 462 62 23 någon
418 462 64 24 punkt
497 462 12 19 å
525 462 68 24 Hangö
610 462 70 19 banan.

166 490 30 20 Då
218 490 109 19 emellertid
350 490 136 24 hufvudsyftet
508 491 53 28 med
575 491 43 19 hela
633 490 38 20 den
687 489 164 25 bananläggning,

97 524 41 14 som
161 519 100 24 påbörjats
283 524 69 18 genom
375 520 111 23 byggandet
508 519 21 19 af
549 519 133 19 Åbo—Karis
696 519 89 25 jernväg,
801 518 51 20 varit

97 550 30 17 att
141 548 45 19 med
200 548 111 19 hvarandra
326 548 67 19 direkt
408 548 93 19 förbinda
517 548 78 19 landets
612 550 71 17 tvänne
700 549 74 18 största
785 547 67 19 städer

97 580 50 16 samt
168 577 51 19 båda
234 577 58 27 dessa
307 577 43 19 med
367 576 147 20 vinterhamnen
530 577 70 23 Hangö
616 577 36 19 och
669 577 38 19 den
723 576 62 19 under
800 576 50 19 utfö-

97 606 61 18 rande
179 606 84 19 varande
279 605 133 19 Abo—Karis
429 605 63 20 banan
509 606 70 19 endast
595 606 37 18 kan
648 605 76 19 erhålla
734 611 23 13 en
769 605 82 23 begrän-

97 634 35 20 sad
155 634 54 20 lokal
231 634 102 24 betydelse
357 636 50 18 samt
428 634 83 24 erbjuda
526 640 24 14 en
565 634 143 24 jemförelsevis
725 640 46 17 svag
786 636 65 17 renta-

97 663 72 22 bilitet,
189 662 41 20 ifall
246 663 38 19 den
300 663 97 23 naturliga
412 663 38 19 och
465 663 21 19 af
501 664 106 18 ständerna
620 663 73 24 jemväl
710 663 86 23 tydligen
812 662 40 20 för-

97 693 75 18 utsatta
194 691 152 24 fortsättningen
369 691 42 20 från
437 692 68 23 Hangö
530 692 64 19 banan
613 692 29 19 till
664 691 124 24 Helsingfors
808 691 44 19 icke

97 720 88 19 kommer
201 721 28 18 till
252 720 63 23 stånd,
335 720 36 20 har
394 721 34 19 det
449 723 54 21 synts
526 726 32 14 oss
575 726 46 14 vara
636 720 22 20 af
672 722 73 18 största
760 720 47 24 vigt,
823 722 29 17 att

98 749 69 24 frågan
183 754 30 14 om
229 749 111 24 byggandet
355 748 22 21 af
391 750 121 18 sistnämnda
523 750 155 23 bansträckning
690 750 59 19 redan
762 755 25 13 nu
799 748 52 20 brin-

98 783 35 18 gas
149 778 63 19 under
227 778 118 19 ständernas
361 778 96 24 förnyade
473 778 98 24 pröfning.

166 806 122 19 Fördelarna
311 806 21 19 af
353 806 63 19 denna
434 807 211 24 jernvägsauläggning
666 806 58 19 hafva
743 807 60 19 redan
820 806 32 19 vid

99 836 37 18 den
152 835 118 24 föregäende
286 835 129 24 behandligen
433 836 20 19 af
468 836 55 19 detta
534 836 73 19 ärende
620 836 35 19 hos
667 836 108 19 ständerna
786 835 66 19 äfven-

98 870 41 14 som
154 864 6 19 i
176 864 143 19 ofvannämnda
338 864 29 19 till
389 864 124 24 Helsingfors
535 864 177 24 stadsfullmäktige
731 864 74 24 afgifna
820 864 33 19 be-

98 893 100 19 tänkande
217 892 65 20 blifvit
304 893 21 19 sä
341 892 89 25 utförligt
446 893 115 24 framlagda,
579 897 28 15 att
623 894 17 18 vi
656 894 44 19 icke
717 893 52 19 finna
785 893 69 23 nödigt

98 927 90 19 upprepa
203 922 102 19 desamma.
337 922 24 18 Vi
381 923 66 18 erinra
461 922 52 19 blott
528 925 29 16 att
573 922 66 20 denna
653 922 58 23 hana,
728 922 30 19 för
773 922 79 19 hvilken

98 950 134 20 kostnaderna
247 951 44 19 med
307 956 23 14 en
346 950 60 24 längd
421 951 22 19 af
457 950 27 20 64
500 952 105 18 kilometer
621 950 43 20 utaf
678 947 174 27 Öfveringeniören

97 979 36 19 Th.
156 979 97 24 Tallgvist
273 979 107 19 beräknats
401 980 30 19 till
452 979 113 26 4,950,000
586 980 61 23 mark,
666 980 61 24 enligt
742 979 111 25 uppgjorda

98 1008 91 24 kalkyler
204 1008 39 19 kan
258 1008 99 24 päräknas
373 1008 53 24 gifva
442 1014 23 14 en
482 1008 119 26 afkastning,
617 1014 41 13 som
674 1014 41 14 mer
725 1010 24 18 än
761 1008 30 19 väl
803 1010 50 17 mot-

97 1042 69 14 svarar
182 1037 36 19 den
235 1039 57 17 ränta
307 1037 37 19 och
360 1038 121 23 amortering
496 1037 121 20 statsvärket
633 1038 32 18 vid
681 1037 138 25 upplänandet
833 1036 21 20 af

98 1066 72 22 nödiga
189 1066 63 19 medel
273 1065 31 20 för
324 1066 156 24 banbyggnaden
501 1066 65 19 kunde
582 1066 77 19 komma
675 1068 30 17 att
720 1066 87 24 erlägga;
824 1068 28 16 att

97 1100 23 13 en
145 1094 55 24 dylik
222 1094 113 24 afkastning
357 1095 118 24 ytterligare
491 1094 64 20 blefvc
571 1095 112 19 säkerstäid
699 1100 69 19 genom
784 1095 34 19 det
833 1094 21 19 af

97 1122 124 25 Helsingfors
238 1124 44 18 stad
298 1123 99 19 eventuelt
413 1124 98 23 erbjudna
526 1124 160 24 räntebidraget;
702 1126 30 18 att
746 1124 64 18 banan
821 1123 30 19 sä-

96 1152 62 19 lunda
180 1152 65 19 kunde
268 1152 75 20 utföras
366 1155 47 16 utan
436 1152 91 19 finansiel
551 1152 111 24 uppoffring
678 1152 31 20 för
724 1152 127 25 statsvärket;

97 1186 45 14 meu
165 1183 29 17 att
209 1181 37 19 den
265 1180 32 20 för
312 1186 23 14 en
351 1181 32 25 väl
399 1181 59 19 odlad
474 1181 110 24 landsbygd
600 1182 75 18 komme
692 1183 29 17 att
736 1181 74 19 bereda
828 1186 24 14 en

97 1215 25 13 nu
135 1209 75 20 saknad
226 1209 101 25 möjlighet
343 1209 29 20 till
389 1215 80 19 gyusam
485 1210 108 24 afsättning
609 1210 20 19 af
644 1210 44 19 dess
699 1210 117 24 produkter,
826 1209 26 24 pä

97 1244 73 13 samma
193 1238 50 24 gäng
266 1238 37 19 den
327 1238 31 20 för
379 1238 78 20 landets
475 1238 120 20 hufvudstad
611 1238 63 20 blefve
690 1239 21 19 af
725 1239 37 19 den
779 1240 73 18 största

97 1266 108 24 betydelse,
227 1266 55 20 säväl
305 1272 70 18 genom
394 1267 74 19 dennas
491 1268 80 18 direkta
594 1267 130 20 förbindande
747 1267 44 19 med
814 1267 37 19 den

96 1295 109 20 tillsvidare
220 1296 51 19 enda
286 1296 157 26 vinterhamnen,
455 1302 42 13 som
513 1302 70 18 genom
599 1297 88 23 ansenlig
702 1296 38 20 och
751 1294 99 21 välbehöf-

95 1324 28 24 lig
146 1324 114 24 utvidgning
275 1324 22 20 af
311 1324 33 19 det
359 1324 88 24 område,
463 1324 44 20 från
523 1325 76 19 hvilket
614 1325 69 19 staden
699 1325 38 19 kan
753 1324 54 20 förse
822 1324 30 23 sig

96 1353 43 19 med
155 1352 188 20 lifsförnödenheter
358 1353 37 19 och
412 1353 87 20 bränsle.

164 1381 46 19 Med
229 1382 45 19 stöd
295 1381 21 19 af
339 1382 34 18 det
395 1382 86 19 anförda
500 1382 20 19 få
541 1382 18 19 vi
579 1382 68 19 derför
662 1382 100 20 vördsamt
778 1380 73 20 föreslå

95 1413 30 17 att
146 1410 167 25 Borgareståndet
331 1410 47 20 ville
398 1410 76 21 skänka
493 1411 66 19 denna
573 1411 52 20 bana
640 1412 35 19 sitt
690 1410 109 20 understöd
815 1410 35 20 och
