1050 1656
451 138 40 21 N:o
508 139 33 21 23.
828 138 26 21 21

193 206 125 22 Kostnaden
337 207 33 21 för
390 207 40 21 här
449 207 93 21 nämnda
562 207 101 27 åtgärder
682 207 55 21 skall
753 208 93 20 ersättas
863 206 23 22 af

121 240 146 25 tillträdaren.

474 298 11 27 8
502 299 32 21 51.

194 350 70 26 Utgör
280 349 128 27 fastigheten
423 349 161 27 fideikommiss,
600 356 51 15 vare
662 349 136 21 tillträdaren
808 350 77 26 pligtig

124 386 33 19 att
172 384 101 21 nedsätta
288 384 217 27 ersättningsbelopp,
522 390 45 16 som
584 384 102 22 bestämts
703 386 31 20 att
749 385 28 25 pä
792 390 25 15 en
828 383 57 27 gäng

124 417 62 28 utgä;
203 418 39 21 och
259 424 38 21 ege
309 418 105 22 Senatens
425 418 267 27 Ekonomiedepartement
703 418 27 27 pä
740 420 144 25 guvernörens

122 453 163 27 framställning
305 453 38 21 och
364 453 54 22 efter
433 453 173 22 vederbörandes
621 453 95 22 hörande
731 453 103 21 förordna
850 459 32 15 om

124 488 97 21 medlens
237 487 132 28 förvaltning
383 487 29 28 pä
426 490 50 25 sätt,
488 494 46 15 som
545 490 96 19 närmast
651 488 42 21 kan
704 493 61 16 anses
776 488 108 21 öfverens-

124 524 92 19 stämma
232 523 50 20 med
297 522 111 22 stiftarens
424 522 70 27 afsigt.

194 556 131 22 Afträdaren
349 563 50 15 vare
418 557 124 26 berättigad
562 559 33 20 att
614 557 53 27 lyfta
683 557 90 26 medlen,
789 557 39 21 der
842 557 42 21 han

124 591 57 22 visar
204 592 33 26 sig
256 591 64 21 hafva
338 597 76 21 genom
433 591 55 27 fäng,
504 591 67 22 hvarä
586 591 50 27 laga
652 592 63 21 ständ
730 591 96 27 kommit,
842 591 43 21 för-

124 626 85 21 värfvat
225 633 69 14 annan
310 626 104 27 fastighet
429 626 23 22 af
466 627 45 21 lika
526 627 66 21 värde
604 627 48 20 med
664 627 40 21 den
714 627 101 21 afträdda
825 626 59 25 eller,

124 660 7 21 i
148 660 37 21 fall
209 661 76 21 endast
308 661 82 21 mindre
410 661 35 21 del
466 661 22 21 af
506 661 130 27 fastigheten
654 660 99 28 afträdts,
769 661 87 26 nedlagt
872 661 14 20 &

126 694 149 23 förbättrande
291 695 24 21 af
329 696 124 21 återstoden
470 697 23 20 sä
509 696 90 27 mycket,
611 702 45 15 som
668 702 75 15 svarar
753 698 45 19 mot
808 697 78 19 ersätt-

126 729 175 28 ningsbeloppet;
325 729 40 22 och
388 729 94 22 förklare
500 729 93 22 Senaten
609 730 7 21 i
632 729 58 22 förra
709 729 68 27 fallet,
797 731 33 20 att
845 729 40 21 den

125 763 135 22 förvärfvade
283 763 130 28 fastigheten
436 764 54 21 skall
516 765 7 20 i
541 764 73 21 stället
637 764 71 21 säsom
731 764 155 21 fideikommiss

126 804 70 15 anses.

475 855 11 28 s
502 856 35 21 52.

194 901 47 20 Har
257 901 23 20 af
295 907 71 14 annan
383 901 72 26 orsak,
472 903 26 19 än
514 901 7 21 i
537 902 27 20 50
580 901 6 27 &
603 901 55 27 sägs,
669 901 62 26 fräga
742 900 98 28 uppstätt
850 906 34 15 om

125 935 72 21 bättre
220 937 43 19 rätt
287 935 32 21 till
342 935 56 21 hvad
420 934 71 22 säsom
516 936 119 26 ersättning
654 935 104 22 bestämts
778 937 34 19 att
826 935 60 27 utgä,

126 969 61 22 skola
210 970 83 21 medlen
317 970 40 21 ock
377 970 120 28 nedsättas,
518 970 33 22 till
567 970 47 22 dess
630 970 93 21 domstol
738 970 102 26 slutligen
856 968 30 22 af-

125 1004 57 27 gjort
197 1004 66 21 saken
279 1004 53 22 eller
347 1010 34 16 om
398 1004 96 22 medlens
509 1004 90 28 lyftning
614 1004 119 22 förordnat.

476 1091 12 27 8
504 1092 34 20 53.

196 1136 28 22 Sä
247 1139 61 19 snart
331 1137 135 21 tillträdaren
490 1138 39 20 hos
548 1139 134 25 guvernören
702 1138 55 20 visat
776 1137 32 27 sig
823 1136 64 22 hafva

125 1171 117 27 behörigen
259 1171 98 27 fullgjort
372 1172 56 21 hvad
444 1172 7 20 i
467 1172 27 21 48
511 1172 11 26 8
538 1172 146 26 föreskrifves,
699 1171 96 21 förklare
811 1177 76 21 guver-

125 1207 67 19 nören
214 1206 190 26 expropriationen
428 1206 134 26 fullbordad;
586 1206 39 22 och
648 1206 55 21 skall
723 1206 63 26 förty,
803 1205 37 21 der
856 1205 31 21 af-

126 1239 89 22 stäende
230 1240 24 21 af
268 1240 43 22 fast
325 1240 104 27 egendom
440 1242 25 20 är
476 1241 7 21 i
495 1240 69 28 fräga,
574 1240 135 22 tillträdaren
721 1239 93 22 derefter
825 1246 62 15 anses

125 1274 71 21 säsom
220 1280 63 21 egare
304 1274 24 21 af
345 1274 129 28 fastigheten
498 1277 56 19 samt
578 1274 67 22 denna
660 1280 51 16 vara
727 1274 27 21 fri
770 1274 48 21 frän
835 1274 52 21 derä

125 1308 99 22 hvilande
242 1311 99 24 panträtt
360 1309 40 21 och
419 1309 68 21 andra
502 1309 98 21 enskilda
616 1308 136 27 rättigheter,
768 1310 60 20 utom
844 1309 44 20 rätt

125 1342 33 22 till
174 1344 48 26 väg,
238 1349 45 15 som
299 1343 18 27 ej
335 1344 49 20 med
400 1345 145 25 rättsegarens
560 1343 61 21 bifall
636 1343 70 21 blifvit
722 1343 73 21 inlöst.

194 1377 119 28 Fastighet,
329 1383 46 15 som
392 1377 92 22 afträdts
500 1378 34 21 för
549 1378 91 21 allmänt
655 1377 71 27 behof,
743 1377 83 27 ätnjute
840 1376 47 27 ock,

125 1410 24 22 sä
167 1411 62 27 länge
245 1411 42 21 den
305 1411 34 21 för
358 1411 78 22 sådant
456 1412 100 21 ändamål
572 1412 115 25 användes,
704 1411 65 22 frihet
784 1410 48 21 från
849 1410 39 21 all-

125 1447 80 19 männa
221 1445 39 22 och
276 1445 138 22 kommunala
430 1446 112 27 utskylder
558 1446 38 21 och
613 1445 81 22 besvär.
