<?xml version="1.0" encoding="UTF-8"?>
<alto xmlns="http://www.loc.gov/standards/alto/ns-v3#" xmlns:xlink="http://www.w3.org/1999/xlink" xmlns:xsi="http://www.w3.org/2001/XMLSchema-instance" xsi:schemaLocation="http://www.loc.gov/standards/alto/ns-v3# http://www.loc.gov/alto/v3/alto-3-0.xsd">
	<Description>
		<MeasurementUnit>pixel</MeasurementUnit>
		<sourceImageInformation>
			<fileName>/tmp/tess_vsnxs06r_input.PNG</fileName>
		</sourceImageInformation>
		<OCRProcessing ID="OCR_0">
			<ocrProcessingStep>
				<processingSoftware>
					<softwareName>tesseract 5.3.4</softwareName>
				</processingSoftware>
			</ocrProcessingStep>
		</OCRProcessing>
	</Description>
	<Layout>
		<Page WIDTH="1034" HEIGHT="1659" PHYSICAL_IMG_NR="0" ID="page_0">
			<PrintSpace HPOS="0" VPOS="0" WIDTH="1034" HEIGHT="1659">
				<ComposedBlock ID="cblock_0" HPOS="228" VPOS="101" WIDTH="511" HEIGHT="29">
					<TextBlock ID="block_0" HPOS="228" VPOS="101" WIDTH="511" HEIGHT="29">
						<TextLine ID="line_0" HPOS="228" VPOS="101" WIDTH="511" HEIGHT="29">
							<String ID="string_0" HPOS="228" VPOS="101" WIDTH="28" HEIGHT="21" WC="0.96" CONTENT="64"/><SP WIDTH="173" VPOS="101" HPOS="256"/>
							<String ID="string_1" HPOS="429" VPOS="101" WIDTH="28" HEIGHT="23" WC="0.89" CONTENT="U."/><SP WIDTH="16" VPOS="101" HPOS="457"/>
							<String ID="string_2" HPOS="473" VPOS="102" WIDTH="27" HEIGHT="22" WC="0.91" CONTENT="B."/><SP WIDTH="15" VPOS="102" HPOS="500"/>
							<String ID="string_3" HPOS="515" VPOS="114" WIDTH="29" HEIGHT="4" WC="0.92" CONTENT="—"/><SP WIDTH="15" VPOS="114" HPOS="544"/>
							<String ID="string_4" HPOS="559" VPOS="102" WIDTH="73" HEIGHT="28" WC="0.95" CONTENT="Prop."/><SP WIDTH="16" VPOS="102" HPOS="632"/>
							<String ID="string_5" HPOS="648" VPOS="102" WIDTH="40" HEIGHT="22" WC="0.95" CONTENT="N:o"/><SP WIDTH="16" VPOS="102" HPOS="688"/>
							<String ID="string_6" HPOS="704" VPOS="102" WIDTH="35" HEIGHT="21" WC="0.96" CONTENT="26."/>
						</TextLine>
					</TextBlock>
				</ComposedBlock>
				<ComposedBlock ID="cblock_1" HPOS="197" VPOS="157" WIDTH="761" HEIGHT="1106">
					<TextBlock ID="block_1" HPOS="197" VPOS="157" WIDTH="761" HEIGHT="918">
						<TextLine ID="line_1" HPOS="198" VPOS="157" WIDTH="757" HEIGHT="29">
							<String ID="string_7" HPOS="198" VPOS="157" WIDTH="66" HEIGHT="23" WC="0.92" CONTENT="T:hus"/><SP WIDTH="17" VPOS="157" HPOS="264"/>
							<String ID="string_8" HPOS="281" VPOS="158" WIDTH="88" HEIGHT="28" WC="0.92" CONTENT="jernväg"/><SP WIDTH="20" VPOS="158" HPOS="369"/>
							<String ID="string_9" HPOS="389" VPOS="159" WIDTH="66" HEIGHT="27" WC="0.93" CONTENT="byggt"/><SP WIDTH="18" VPOS="159" HPOS="455"/>
							<String ID="string_10" HPOS="473" VPOS="160" WIDTH="69" HEIGHT="24" WC="0.91" CONTENT="villar,"/><SP WIDTH="14" VPOS="160" HPOS="542"/>
							<String ID="string_11" HPOS="556" VPOS="160" WIDTH="32" HEIGHT="21" WC="0.96" CONTENT="uti"/><SP WIDTH="16" VPOS="160" HPOS="588"/>
							<String ID="string_12" HPOS="604" VPOS="160" WIDTH="74" HEIGHT="21" WC="0.96" CONTENT="hvilka"/><SP WIDTH="16" VPOS="160" HPOS="678"/>
							<String ID="string_13" HPOS="694" VPOS="166" WIDTH="33" HEIGHT="14" WC="0.96" CONTENT="om"/><SP WIDTH="17" VPOS="166" HPOS="727"/>
							<String ID="string_14" HPOS="744" VPOS="165" WIDTH="120" HEIGHT="15" WC="0.96" CONTENT="sommaren"/><SP WIDTH="16" VPOS="165" HPOS="864"/>
							<String ID="string_15" HPOS="880" VPOS="159" WIDTH="27" HEIGHT="21" WC="0.93" CONTENT="bo"/><SP WIDTH="16" VPOS="159" HPOS="907"/>
							<String ID="string_16" HPOS="923" VPOS="161" WIDTH="32" HEIGHT="19" WC="0.93" CONTENT="tu-"/>
						</TextLine>
						<TextLine ID="line_2" HPOS="198" VPOS="192" WIDTH="759" HEIGHT="29">
							<String ID="string_17" HPOS="198" VPOS="193" WIDTH="81" HEIGHT="21" WC="0.91" CONTENT="sentals"/><SP WIDTH="15" VPOS="193" HPOS="279"/>
							<String ID="string_18" HPOS="294" VPOS="193" WIDTH="128" HEIGHT="28" WC="0.92" CONTENT="menniskor,"/><SP WIDTH="17" VPOS="193" HPOS="422"/>
							<String ID="string_19" HPOS="439" VPOS="200" WIDTH="45" HEIGHT="15" WC="0.96" CONTENT="som"/><SP WIDTH="16" VPOS="200" HPOS="484"/>
							<String ID="string_20" HPOS="500" VPOS="194" WIDTH="64" HEIGHT="21" WC="0.96" CONTENT="hafva"/><SP WIDTH="16" VPOS="194" HPOS="564"/>
							<String ID="string_21" HPOS="580" VPOS="200" WIDTH="26" HEIGHT="15" WC="0.96" CONTENT="en"/><SP WIDTH="16" VPOS="200" HPOS="606"/>
							<String ID="string_22" HPOS="622" VPOS="194" WIDTH="84" HEIGHT="27" WC="0.93" CONTENT="mycket"/><SP WIDTH="17" VPOS="194" HPOS="706"/>
							<String ID="string_23" HPOS="723" VPOS="192" WIDTH="52" HEIGHT="28" WC="0.92" CONTENT="liflig"/><SP WIDTH="16" VPOS="192" HPOS="775"/>
							<String ID="string_24" HPOS="791" VPOS="193" WIDTH="63" HEIGHT="21" WC="0.96" CONTENT="trafik"/><SP WIDTH="12" VPOS="193" HPOS="854"/>
							<String ID="string_25" HPOS="866" VPOS="193" WIDTH="28" HEIGHT="28" WC="0.92" CONTENT="på"/><SP WIDTH="13" VPOS="193" HPOS="894"/>
							<String ID="string_26" HPOS="907" VPOS="192" WIDTH="50" HEIGHT="22" WC="0.92" CONTENT="Hel-"/>
						</TextLine>
						<TextLine ID="line_3" HPOS="198" VPOS="227" WIDTH="759" HEIGHT="28">
							<String ID="string_27" HPOS="198" VPOS="227" WIDTH="99" HEIGHT="26" WC="0.87" CONTENT="singfors."/><SP WIDTH="30" VPOS="227" HPOS="297"/>
							<String ID="string_28" HPOS="327" VPOS="227" WIDTH="90" HEIGHT="28" WC="0.92" CONTENT="Mycken"/><SP WIDTH="17" VPOS="227" HPOS="417"/>
							<String ID="string_29" HPOS="434" VPOS="228" WIDTH="31" HEIGHT="21" WC="0.96" CONTENT="tid"/><SP WIDTH="16" VPOS="228" HPOS="465"/>
							<String ID="string_30" HPOS="481" VPOS="228" WIDTH="55" HEIGHT="22" WC="0.93" CONTENT="skall"/><SP WIDTH="15" VPOS="228" HPOS="536"/>
							<String ID="string_31" HPOS="551" VPOS="228" WIDTH="68" HEIGHT="27" WC="0.92" CONTENT="förgä,"/><SP WIDTH="16" VPOS="228" HPOS="619"/>
							<String ID="string_32" HPOS="635" VPOS="229" WIDTH="65" HEIGHT="21" WC="0.95" CONTENT="innan"/><SP WIDTH="15" VPOS="229" HPOS="700"/>
							<String ID="string_33" HPOS="715" VPOS="228" WIDTH="162" HEIGHT="22" WC="0.96" CONTENT="förhållandena"/><SP WIDTH="16" VPOS="228" HPOS="877"/>
							<String ID="string_34" HPOS="893" VPOS="228" WIDTH="64" HEIGHT="20" WC="0.96" CONTENT="hinna"/>
						</TextLine>
						<TextLine ID="line_4" HPOS="198" VPOS="262" WIDTH="758" HEIGHT="27">
							<String ID="string_35" HPOS="198" VPOS="263" WIDTH="48" HEIGHT="19" WC="0.95" CONTENT="arta"/><SP WIDTH="16" VPOS="263" HPOS="246"/>
							<String ID="string_36" HPOS="262" VPOS="262" WIDTH="32" HEIGHT="25" WC="0.96" CONTENT="sig"/><SP WIDTH="19" VPOS="262" HPOS="294"/>
							<String ID="string_37" HPOS="313" VPOS="262" WIDTH="27" HEIGHT="26" WC="0.96" CONTENT="på"/><SP WIDTH="18" VPOS="262" HPOS="340"/>
							<String ID="string_38" HPOS="358" VPOS="268" WIDTH="81" HEIGHT="15" WC="0.96" CONTENT="samma"/><SP WIDTH="18" VPOS="268" HPOS="439"/>
							<String ID="string_39" HPOS="457" VPOS="264" WIDTH="44" HEIGHT="19" WC="0.96" CONTENT="sätt"/><SP WIDTH="14" VPOS="264" HPOS="501"/>
							<String ID="string_40" HPOS="515" VPOS="263" WIDTH="36" HEIGHT="21" WC="0.96" CONTENT="vid"/><SP WIDTH="16" VPOS="263" HPOS="551"/>
							<String ID="string_41" HPOS="567" VPOS="263" WIDTH="104" HEIGHT="21" WC="0.93" CONTENT="bandelen"/><SP WIDTH="16" VPOS="263" HPOS="671"/>
							<String ID="string_42" HPOS="687" VPOS="258" WIDTH="155" HEIGHT="36" WC="0.76" CONTENT="Helsingfors—"/><SP WIDTH="12" VPOS="258" HPOS="842"/>
							<String ID="string_43" HPOS="854" VPOS="258" WIDTH="102" HEIGHT="36" WC="0.76" CONTENT="Gerknäs,"/>
						</TextLine>
						<TextLine ID="line_5" HPOS="198" VPOS="295" WIDTH="760" HEIGHT="28">
							<String ID="string_44" HPOS="198" VPOS="301" WIDTH="34" HEIGHT="15" WC="0.96" CONTENT="om"/><SP WIDTH="24" VPOS="301" HPOS="232"/>
							<String ID="string_45" HPOS="256" VPOS="295" WIDTH="36" HEIGHT="22" WC="0.96" CONTENT="det"/><SP WIDTH="23" VPOS="295" HPOS="292"/>
							<String ID="string_46" HPOS="315" VPOS="301" WIDTH="36" HEIGHT="16" WC="0.96" CONTENT="ens"/><SP WIDTH="23" VPOS="301" HPOS="351"/>
							<String ID="string_47" HPOS="374" VPOS="297" WIDTH="103" HEIGHT="26" WC="0.96" CONTENT="någonsin"/><SP WIDTH="16" VPOS="297" HPOS="477"/>
							<String ID="string_48" HPOS="493" VPOS="297" WIDTH="96" HEIGHT="21" WC="0.96" CONTENT="kommer"/><SP WIDTH="16" VPOS="297" HPOS="589"/>
							<String ID="string_49" HPOS="605" VPOS="299" WIDTH="31" HEIGHT="20" WC="0.96" CONTENT="att"/><SP WIDTH="16" VPOS="299" HPOS="636"/>
							<String ID="string_50" HPOS="652" VPOS="297" WIDTH="44" HEIGHT="22" WC="0.96" CONTENT="ske."/><SP WIDTH="31" VPOS="297" HPOS="696"/>
							<String ID="string_51" HPOS="727" VPOS="297" WIDTH="40" HEIGHT="20" WC="0.96" CONTENT="Vid"/><SP WIDTH="20" VPOS="297" HPOS="767"/>
							<String ID="string_52" HPOS="787" VPOS="297" WIDTH="132" HEIGHT="21" WC="0.95" CONTENT="bedömande"/><SP WIDTH="16" VPOS="297" HPOS="919"/>
							<String ID="string_53" HPOS="935" VPOS="295" WIDTH="23" HEIGHT="22" WC="0.96" CONTENT="af"/>
						</TextLine>
						<TextLine ID="line_6" HPOS="198" VPOS="329" WIDTH="758" HEIGHT="24">
							<String ID="string_54" HPOS="198" VPOS="329" WIDTH="118" HEIGHT="22" WC="0.92" CONTENT="företrädet"/><SP WIDTH="16" VPOS="329" HPOS="316"/>
							<String ID="string_55" HPOS="332" VPOS="331" WIDTH="89" HEIGHT="21" WC="0.93" CONTENT="emellan"/><SP WIDTH="11" VPOS="331" HPOS="421"/>
							<String ID="string_56" HPOS="432" VPOS="331" WIDTH="194" HEIGHT="22" WC="0.90" CONTENT="Finns—Gerknäs"/><SP WIDTH="12" VPOS="331" HPOS="626"/>
							<String ID="string_57" HPOS="638" VPOS="332" WIDTH="38" HEIGHT="21" WC="0.93" CONTENT="och"/><SP WIDTH="13" VPOS="332" HPOS="676"/>
							<String ID="string_58" HPOS="689" VPOS="331" WIDTH="208" HEIGHT="22" WC="0.80" CONTENT="Finns--Nummela"/><SP WIDTH="10" VPOS="331" HPOS="897"/>
							<String ID="string_59" HPOS="907" VPOS="331" WIDTH="49" HEIGHT="21" WC="0.93" CONTENT="ban-"/>
						</TextLine>
						<TextLine ID="line_7" HPOS="198" VPOS="363" WIDTH="759" HEIGHT="30">
							<String ID="string_60" HPOS="198" VPOS="363" WIDTH="60" HEIGHT="21" WC="0.96" CONTENT="delar"/><SP WIDTH="19" VPOS="363" HPOS="258"/>
							<String ID="string_61" HPOS="277" VPOS="364" WIDTH="42" HEIGHT="21" WC="0.96" CONTENT="kan"/><SP WIDTH="20" VPOS="364" HPOS="319"/>
							<String ID="string_62" HPOS="339" VPOS="365" WIDTH="79" HEIGHT="26" WC="0.93" CONTENT="hänsyn"/><SP WIDTH="23" VPOS="365" HPOS="418"/>
							<String ID="string_63" HPOS="441" VPOS="367" WIDTH="61" HEIGHT="26" WC="0.93" CONTENT="tagas"/><SP WIDTH="23" VPOS="367" HPOS="502"/>
							<String ID="string_64" HPOS="525" VPOS="366" WIDTH="75" HEIGHT="21" WC="0.95" CONTENT="endast"/><SP WIDTH="19" VPOS="366" HPOS="600"/>
							<String ID="string_65" HPOS="619" VPOS="366" WIDTH="33" HEIGHT="21" WC="0.96" CONTENT="till"/><SP WIDTH="16" VPOS="366" HPOS="652"/>
							<String ID="string_66" HPOS="668" VPOS="366" WIDTH="39" HEIGHT="21" WC="0.96" CONTENT="den"/><SP WIDTH="16" VPOS="366" HPOS="707"/>
							<String ID="string_67" HPOS="723" VPOS="365" WIDTH="131" HEIGHT="28" WC="0.96" CONTENT="folkmängd,"/><SP WIDTH="16" VPOS="365" HPOS="854"/>
							<String ID="string_68" HPOS="870" VPOS="371" WIDTH="44" HEIGHT="16" WC="0.96" CONTENT="som"/><SP WIDTH="20" VPOS="371" HPOS="914"/>
							<String ID="string_69" HPOS="934" VPOS="367" WIDTH="23" HEIGHT="19" WC="0.96" CONTENT="är"/>
						</TextLine>
						<TextLine ID="line_8" HPOS="198" VPOS="397" WIDTH="759" HEIGHT="30">
							<String ID="string_70" HPOS="198" VPOS="397" WIDTH="73" HEIGHT="22" WC="0.96" CONTENT="bosatt"/><SP WIDTH="12" VPOS="397" HPOS="271"/>
							<String ID="string_71" HPOS="283" VPOS="399" WIDTH="35" HEIGHT="20" WC="0.96" CONTENT="vid"/><SP WIDTH="15" VPOS="399" HPOS="318"/>
							<String ID="string_72" HPOS="333" VPOS="399" WIDTH="62" HEIGHT="22" WC="0.93" CONTENT="dessa"/><SP WIDTH="14" VPOS="399" HPOS="395"/>
							<String ID="string_73" HPOS="409" VPOS="400" WIDTH="62" HEIGHT="21" WC="0.92" CONTENT="linier"/><SP WIDTH="11" VPOS="400" HPOS="471"/>
							<String ID="string_74" HPOS="482" VPOS="400" WIDTH="39" HEIGHT="21" WC="0.96" CONTENT="och"/><SP WIDTH="11" VPOS="400" HPOS="521"/>
							<String ID="string_75" HPOS="532" VPOS="400" WIDTH="85" HEIGHT="21" WC="0.96" CONTENT="komme"/><SP WIDTH="12" VPOS="400" HPOS="617"/>
							<String ID="string_76" HPOS="629" VPOS="402" WIDTH="32" HEIGHT="19" WC="0.93" CONTENT="att"/><SP WIDTH="15" VPOS="402" HPOS="661"/>
							<String ID="string_77" HPOS="676" VPOS="400" WIDTH="85" HEIGHT="27" WC="0.92" CONTENT="betjena"/><SP WIDTH="15" VPOS="400" HPOS="761"/>
							<String ID="string_78" HPOS="776" VPOS="400" WIDTH="33" HEIGHT="27" WC="0.96" CONTENT="sig"/><SP WIDTH="15" VPOS="400" HPOS="809"/>
							<String ID="string_79" HPOS="824" VPOS="399" WIDTH="23" HEIGHT="22" WC="0.96" CONTENT="af"/><SP WIDTH="15" VPOS="399" HPOS="847"/>
							<String ID="string_80" HPOS="862" VPOS="400" WIDTH="40" HEIGHT="21" WC="0.96" CONTENT="den"/><SP WIDTH="16" VPOS="400" HPOS="902"/>
							<String ID="string_81" HPOS="918" VPOS="406" WIDTH="39" HEIGHT="15" WC="0.96" CONTENT="ena"/>
						</TextLine>
						<TextLine ID="line_9" HPOS="198" VPOS="432" WIDTH="757" HEIGHT="30">
							<String ID="string_82" HPOS="198" VPOS="432" WIDTH="52" HEIGHT="21" WC="0.96" CONTENT="eller"/><SP WIDTH="20" VPOS="432" HPOS="250"/>
							<String ID="string_83" HPOS="270" VPOS="433" WIDTH="66" HEIGHT="21" WC="0.96" CONTENT="andra"/><SP WIDTH="23" VPOS="433" HPOS="336"/>
							<String ID="string_84" HPOS="359" VPOS="433" WIDTH="23" HEIGHT="22" WC="0.96" CONTENT="af"/><SP WIDTH="20" VPOS="433" HPOS="382"/>
							<String ID="string_85" HPOS="402" VPOS="434" WIDTH="57" HEIGHT="27" WC="0.96" CONTENT="dem;"/><SP WIDTH="23" VPOS="434" HPOS="459"/>
							<String ID="string_86" HPOS="482" VPOS="436" WIDTH="22" HEIGHT="25" WC="0.96" CONTENT="ty"/><SP WIDTH="24" VPOS="436" HPOS="504"/>
							<String ID="string_87" HPOS="528" VPOS="435" WIDTH="40" HEIGHT="20" WC="0.96" CONTENT="den"/><SP WIDTH="15" VPOS="435" HPOS="568"/>
							<String ID="string_88" HPOS="583" VPOS="435" WIDTH="158" HEIGHT="27" WC="0.96" CONTENT="genomgående"/><SP WIDTH="16" VPOS="435" HPOS="741"/>
							<String ID="string_89" HPOS="757" VPOS="434" WIDTH="95" HEIGHT="21" WC="0.96" CONTENT="rörelsen"/><SP WIDTH="15" VPOS="434" HPOS="852"/>
							<String ID="string_90" HPOS="867" VPOS="436" WIDTH="24" HEIGHT="19" WC="0.93" CONTENT="är"/><SP WIDTH="16" VPOS="436" HPOS="891"/>
							<String ID="string_91" HPOS="907" VPOS="435" WIDTH="48" HEIGHT="20" WC="0.91" CONTENT="den-"/>
						</TextLine>
						<TextLine ID="line_10" HPOS="199" VPOS="467" WIDTH="757" HEIGHT="27">
							<String ID="string_92" HPOS="199" VPOS="473" WIDTH="81" HEIGHT="15" WC="0.96" CONTENT="samma"/><SP WIDTH="15" VPOS="473" HPOS="280"/>
							<String ID="string_93" HPOS="295" VPOS="467" WIDTH="28" HEIGHT="27" WC="0.96" CONTENT="på"/><SP WIDTH="14" VPOS="467" HPOS="323"/>
							<String ID="string_94" HPOS="337" VPOS="467" WIDTH="110" HEIGHT="22" WC="0.96" CONTENT="hvardera."/><SP WIDTH="17" VPOS="467" HPOS="447"/>
							<String ID="string_95" HPOS="464" VPOS="469" WIDTH="42" HEIGHT="21" WC="0.93" CONTENT="För"/><SP WIDTH="11" VPOS="469" HPOS="506"/>
							<String ID="string_96" HPOS="517" VPOS="469" WIDTH="194" HEIGHT="21" WC="0.88" CONTENT="Finns—Gerknäs"/><SP WIDTH="12" VPOS="469" HPOS="711"/>
							<String ID="string_97" HPOS="723" VPOS="469" WIDTH="66" HEIGHT="21" WC="0.92" CONTENT="linien"/><SP WIDTH="10" VPOS="469" HPOS="789"/>
							<String ID="string_98" HPOS="799" VPOS="471" WIDTH="23" HEIGHT="18" WC="0.96" CONTENT="är"/><SP WIDTH="11" VPOS="471" HPOS="822"/>
							<String ID="string_99" HPOS="833" VPOS="471" WIDTH="32" HEIGHT="19" WC="0.93" CONTENT="att"/><SP WIDTH="12" VPOS="471" HPOS="865"/>
							<String ID="string_100" HPOS="877" VPOS="471" WIDTH="79" HEIGHT="19" WC="0.92" CONTENT="emotse"/>
						</TextLine>
						<TextLine ID="line_11" HPOS="198" VPOS="501" WIDTH="758" HEIGHT="30">
							<String ID="string_101" HPOS="198" VPOS="501" WIDTH="65" HEIGHT="21" WC="0.96" CONTENT="trafik"/><SP WIDTH="23" VPOS="501" HPOS="263"/>
							<String ID="string_102" HPOS="286" VPOS="501" WIDTH="46" HEIGHT="22" WC="0.96" CONTENT="från"/><SP WIDTH="24" VPOS="501" HPOS="332"/>
							<String ID="string_103" HPOS="356" VPOS="502" WIDTH="55" HEIGHT="22" WC="0.96" CONTENT="båda"/><SP WIDTH="19" VPOS="502" HPOS="411"/>
							<String ID="string_104" HPOS="430" VPOS="503" WIDTH="57" HEIGHT="22" WC="0.96" CONTENT="sidor"/><SP WIDTH="16" VPOS="503" HPOS="487"/>
							<String ID="string_105" HPOS="503" VPOS="504" WIDTH="76" HEIGHT="21" WC="0.96" CONTENT="endast"/><SP WIDTH="15" VPOS="504" HPOS="579"/>
							<String ID="string_106" HPOS="594" VPOS="504" WIDTH="6" HEIGHT="21" WC="0.96" CONTENT="i"/><SP WIDTH="17" VPOS="504" HPOS="600"/>
							<String ID="string_107" HPOS="617" VPOS="505" WIDTH="47" HEIGHT="20" WC="0.96" CONTENT="dess"/><SP WIDTH="16" VPOS="505" HPOS="664"/>
							<String ID="string_108" HPOS="680" VPOS="506" WIDTH="70" HEIGHT="19" WC="0.96" CONTENT="vestra"/><SP WIDTH="17" VPOS="506" HPOS="750"/>
							<String ID="string_109" HPOS="767" VPOS="503" WIDTH="40" HEIGHT="28" WC="0.96" CONTENT="del,"/><SP WIDTH="17" VPOS="503" HPOS="807"/>
							<String ID="string_110" HPOS="824" VPOS="510" WIDTH="47" HEIGHT="15" WC="0.96" CONTENT="men"/><SP WIDTH="17" VPOS="510" HPOS="871"/>
							<String ID="string_111" HPOS="888" VPOS="506" WIDTH="68" HEIGHT="19" WC="0.96" CONTENT="större"/>
						</TextLine>
						<TextLine ID="line_12" HPOS="199" VPOS="535" WIDTH="757" HEIGHT="32">
							<String ID="string_112" HPOS="199" VPOS="535" WIDTH="61" HEIGHT="22" WC="0.96" CONTENT="delen"/><SP WIDTH="17" VPOS="535" HPOS="260"/>
							<String ID="string_113" HPOS="277" VPOS="536" WIDTH="22" HEIGHT="21" WC="0.96" CONTENT="af"/><SP WIDTH="14" VPOS="536" HPOS="299"/>
							<String ID="string_114" HPOS="313" VPOS="536" WIDTH="71" HEIGHT="22" WC="0.96" CONTENT="banan"/><SP WIDTH="15" VPOS="536" HPOS="384"/>
							<String ID="string_115" HPOS="399" VPOS="537" WIDTH="70" HEIGHT="22" WC="0.96" CONTENT="skulle"/><SP WIDTH="16" VPOS="537" HPOS="469"/>
							<String ID="string_116" HPOS="485" VPOS="538" WIDTH="81" HEIGHT="21" WC="0.96" CONTENT="erhålla"/><SP WIDTH="15" VPOS="538" HPOS="566"/>
							<String ID="string_117" HPOS="581" VPOS="537" WIDTH="64" HEIGHT="30" WC="0.96" CONTENT="trafik"/><SP WIDTH="17" VPOS="537" HPOS="645"/>
							<String ID="string_118" HPOS="662" VPOS="539" WIDTH="76" HEIGHT="20" WC="0.96" CONTENT="endast"/><SP WIDTH="14" VPOS="539" HPOS="738"/>
							<String ID="string_119" HPOS="752" VPOS="538" WIDTH="47" HEIGHT="21" WC="0.96" CONTENT="från"/><SP WIDTH="15" VPOS="538" HPOS="799"/>
							<String ID="string_120" HPOS="814" VPOS="545" WIDTH="65" HEIGHT="14" WC="0.96" CONTENT="norra"/><SP WIDTH="11" VPOS="545" HPOS="879"/>
							<String ID="string_121" HPOS="890" VPOS="538" WIDTH="66" HEIGHT="26" WC="0.96" CONTENT="sidan,"/>
						</TextLine>
						<TextLine ID="line_13" HPOS="198" VPOS="567" WIDTH="757" HEIGHT="31">
							<String ID="string_122" HPOS="198" VPOS="577" WIDTH="48" HEIGHT="14" WC="0.95" CONTENT="men"/><SP WIDTH="27" VPOS="577" HPOS="246"/>
							<String ID="string_123" HPOS="273" VPOS="571" WIDTH="62" HEIGHT="21" WC="0.96" CONTENT="äfven"/><SP WIDTH="26" VPOS="571" HPOS="335"/>
							<String ID="string_124" HPOS="361" VPOS="571" WIDTH="28" HEIGHT="27" WC="0.96" CONTENT="pä"/><SP WIDTH="22" VPOS="571" HPOS="389"/>
							<String ID="string_125" HPOS="411" VPOS="573" WIDTH="70" HEIGHT="20" WC="0.96" CONTENT="denna"/><SP WIDTH="25" VPOS="573" HPOS="481"/>
							<String ID="string_126" HPOS="506" VPOS="572" WIDTH="46" HEIGHT="21" WC="0.96" CONTENT="sida"/><SP WIDTH="26" VPOS="572" HPOS="552"/>
							<String ID="string_127" HPOS="578" VPOS="567" WIDTH="50" HEIGHT="26" WC="0.93" CONTENT="vore"/><SP WIDTH="23" VPOS="567" HPOS="628"/>
							<String ID="string_128" HPOS="651" VPOS="572" WIDTH="163" HEIGHT="22" WC="0.92" CONTENT="trafikomrädet"/><SP WIDTH="22" VPOS="572" HPOS="814"/>
							<String ID="string_129" HPOS="836" VPOS="573" WIDTH="119" HEIGHT="21" WC="0.96" CONTENT="inskränkt."/>
						</TextLine>
						<TextLine ID="line_14" HPOS="198" VPOS="605" WIDTH="758" HEIGHT="30">
							<String ID="string_130" HPOS="198" VPOS="605" WIDTH="30" HEIGHT="21" WC="0.96" CONTENT="Af"/><SP WIDTH="17" VPOS="605" HPOS="228"/>
							<String ID="string_131" HPOS="245" VPOS="605" WIDTH="70" HEIGHT="22" WC="0.96" CONTENT="banan"/><SP WIDTH="21" VPOS="605" HPOS="315"/>
							<String ID="string_132" HPOS="336" VPOS="606" WIDTH="69" HEIGHT="21" WC="0.96" CONTENT="skulle"/><SP WIDTH="19" VPOS="606" HPOS="405"/>
							<String ID="string_133" HPOS="424" VPOS="607" WIDTH="84" HEIGHT="21" WC="0.96" CONTENT="komma"/><SP WIDTH="16" VPOS="607" HPOS="508"/>
							<String ID="string_134" HPOS="524" VPOS="609" WIDTH="32" HEIGHT="19" WC="0.92" CONTENT="att"/><SP WIDTH="15" VPOS="609" HPOS="556"/>
							<String ID="string_135" HPOS="571" VPOS="607" WIDTH="86" HEIGHT="27" WC="0.91" CONTENT="betjena"/><SP WIDTH="17" VPOS="607" HPOS="657"/>
							<String ID="string_136" HPOS="674" VPOS="608" WIDTH="32" HEIGHT="27" WC="0.96" CONTENT="sig"/><SP WIDTH="15" VPOS="608" HPOS="706"/>
							<String ID="string_137" HPOS="721" VPOS="607" WIDTH="120" HEIGHT="28" WC="0.96" CONTENT="Kyrkslätt,"/><SP WIDTH="16" VPOS="607" HPOS="841"/>
							<String ID="string_138" HPOS="857" VPOS="607" WIDTH="99" HEIGHT="27" WC="0.96" CONTENT="Sjundeå,"/>
						</TextLine>
						<TextLine ID="line_15" HPOS="198" VPOS="639" WIDTH="759" HEIGHT="29">
							<String ID="string_139" HPOS="198" VPOS="639" WIDTH="99" HEIGHT="28" WC="0.89" CONTENT="Degerby"/><SP WIDTH="23" VPOS="639" HPOS="297"/>
							<String ID="string_140" HPOS="320" VPOS="641" WIDTH="38" HEIGHT="20" WC="0.96" CONTENT="och"/><SP WIDTH="23" VPOS="641" HPOS="358"/>
							<String ID="string_141" HPOS="381" VPOS="641" WIDTH="107" HEIGHT="27" WC="0.96" CONTENT="Karislojo"/><SP WIDTH="24" VPOS="641" HPOS="488"/>
							<String ID="string_142" HPOS="512" VPOS="642" WIDTH="132" HEIGHT="26" WC="0.96" CONTENT="kommuner,"/><SP WIDTH="23" VPOS="642" HPOS="644"/>
							<String ID="string_143" HPOS="667" VPOS="642" WIDTH="33" HEIGHT="21" WC="0.96" CONTENT="uti"/><SP WIDTH="23" VPOS="642" HPOS="700"/>
							<String ID="string_144" HPOS="723" VPOS="641" WIDTH="72" HEIGHT="22" WC="0.96" CONTENT="hvilka"/><SP WIDTH="24" VPOS="641" HPOS="795"/>
							<String ID="string_145" HPOS="819" VPOS="642" WIDTH="55" HEIGHT="21" WC="0.96" CONTENT="1894"/><SP WIDTH="22" VPOS="642" HPOS="874"/>
							<String ID="string_146" HPOS="896" VPOS="641" WIDTH="61" HEIGHT="22" WC="0.96" CONTENT="fanns"/>
						</TextLine>
						<TextLine ID="line_16" HPOS="198" VPOS="674" WIDTH="756" HEIGHT="28">
							<String ID="string_147" HPOS="198" VPOS="674" WIDTH="91" HEIGHT="21" WC="0.91" CONTENT="innalles"/><SP WIDTH="19" VPOS="674" HPOS="289"/>
							<String ID="string_148" HPOS="308" VPOS="675" WIDTH="77" HEIGHT="26" WC="0.91" CONTENT="12,885"/><SP WIDTH="14" VPOS="675" HPOS="385"/>
							<String ID="string_149" HPOS="399" VPOS="681" WIDTH="108" HEIGHT="21" WC="0.93" CONTENT="personer."/><SP WIDTH="24" VPOS="681" HPOS="507"/>
							<String ID="string_150" HPOS="531" VPOS="676" WIDTH="96" HEIGHT="21" WC="0.92" CONTENT="Oaktadt"/><SP WIDTH="15" VPOS="676" HPOS="627"/>
							<String ID="string_151" HPOS="642" VPOS="676" WIDTH="37" HEIGHT="21" WC="0.96" CONTENT="det"/><SP WIDTH="15" VPOS="676" HPOS="679"/>
							<String ID="string_152" HPOS="694" VPOS="676" WIDTH="46" HEIGHT="21" WC="0.96" CONTENT="från"/><SP WIDTH="17" VPOS="676" HPOS="740"/>
							<String ID="string_153" HPOS="757" VPOS="676" WIDTH="53" HEIGHT="26" WC="0.96" CONTENT="Lojo"/><SP WIDTH="17" VPOS="676" HPOS="810"/>
							<String ID="string_154" HPOS="827" VPOS="676" WIDTH="78" HEIGHT="21" WC="0.96" CONTENT="station"/><SP WIDTH="16" VPOS="676" HPOS="905"/>
							<String ID="string_155" HPOS="921" VPOS="676" WIDTH="33" HEIGHT="21" WC="0.96" CONTENT="till"/>
						</TextLine>
						<TextLine ID="line_17" HPOS="198" VPOS="708" WIDTH="759" HEIGHT="29">
							<String ID="string_156" HPOS="198" VPOS="708" WIDTH="136" HEIGHT="27" WC="0.93" CONTENT="Helsingfors"/><SP WIDTH="23" VPOS="708" HPOS="334"/>
							<String ID="string_157" HPOS="357" VPOS="709" WIDTH="70" HEIGHT="22" WC="0.92" CONTENT="blefve"/><SP WIDTH="19" VPOS="709" HPOS="427"/>
							<String ID="string_158" HPOS="446" VPOS="710" WIDTH="97" HEIGHT="27" WC="0.96" CONTENT="omkring"/><SP WIDTH="17" VPOS="710" HPOS="543"/>
							<String ID="string_159" HPOS="560" VPOS="711" WIDTH="26" HEIGHT="20" WC="0.96" CONTENT="14"/><SP WIDTH="16" VPOS="711" HPOS="586"/>
							<String ID="string_160" HPOS="602" VPOS="710" WIDTH="34" HEIGHT="21" WC="0.96" CONTENT="km"/><SP WIDTH="17" VPOS="710" HPOS="636"/>
							<String ID="string_161" HPOS="653" VPOS="711" WIDTH="86" HEIGHT="20" WC="0.96" CONTENT="kortare"/><SP WIDTH="16" VPOS="711" HPOS="739"/>
							<String ID="string_162" HPOS="755" VPOS="716" WIDTH="75" HEIGHT="21" WC="0.93" CONTENT="genom"/><SP WIDTH="16" VPOS="716" HPOS="830"/>
							<String ID="string_163" HPOS="846" VPOS="710" WIDTH="111" HEIGHT="21" WC="0.92" CONTENT="Nummela"/>
						</TextLine>
						<TextLine ID="line_18" HPOS="199" VPOS="742" WIDTH="758" HEIGHT="30">
							<String ID="string_164" HPOS="199" VPOS="744" WIDTH="26" HEIGHT="19" WC="0.96" CONTENT="än"/><SP WIDTH="21" VPOS="744" HPOS="225"/>
							<String ID="string_165" HPOS="246" VPOS="742" WIDTH="60" HEIGHT="22" WC="0.93" CONTENT="öfver"/><SP WIDTH="19" VPOS="742" HPOS="306"/>
							<String ID="string_166" HPOS="325" VPOS="743" WIDTH="103" HEIGHT="28" WC="0.92" CONTENT="Gerknäs,"/><SP WIDTH="18" VPOS="743" HPOS="428"/>
							<String ID="string_167" HPOS="446" VPOS="745" WIDTH="93" HEIGHT="20" WC="0.96" CONTENT="utesluta"/><SP WIDTH="16" VPOS="745" HPOS="539"/>
							<String ID="string_168" HPOS="555" VPOS="745" WIDTH="19" HEIGHT="20" WC="0.96" CONTENT="vi"/><SP WIDTH="16" VPOS="745" HPOS="574"/>
							<String ID="string_169" HPOS="590" VPOS="745" WIDTH="65" HEIGHT="21" WC="0.96" CONTENT="likväl"/><SP WIDTH="16" VPOS="745" HPOS="655"/>
							<String ID="string_170" HPOS="671" VPOS="751" WIDTH="25" HEIGHT="14" WC="0.96" CONTENT="ur"/><SP WIDTH="15" VPOS="751" HPOS="696"/>
							<String ID="string_171" HPOS="711" VPOS="745" WIDTH="117" HEIGHT="27" WC="0.93" CONTENT="räkningen"/><SP WIDTH="16" VPOS="745" HPOS="828"/>
							<String ID="string_172" HPOS="844" VPOS="745" WIDTH="113" HEIGHT="21" WC="0.92" CONTENT="innevåna-"/>
						</TextLine>
						<TextLine ID="line_19" HPOS="199" VPOS="777" WIDTH="758" HEIGHT="28">
							<String ID="string_173" HPOS="199" VPOS="783" WIDTH="51" HEIGHT="15" WC="0.92" CONTENT="rene"/><SP WIDTH="15" VPOS="783" HPOS="250"/>
							<String ID="string_174" HPOS="265" VPOS="777" WIDTH="7" HEIGHT="21" WC="0.96" CONTENT="i"/><SP WIDTH="15" VPOS="777" HPOS="272"/>
							<String ID="string_175" HPOS="287" VPOS="777" WIDTH="52" HEIGHT="28" WC="0.96" CONTENT="Lojo"/><SP WIDTH="17" VPOS="777" HPOS="339"/>
							<String ID="string_176" HPOS="356" VPOS="779" WIDTH="85" HEIGHT="26" WC="0.96" CONTENT="socken,"/><SP WIDTH="16" VPOS="779" HPOS="441"/>
							<String ID="string_177" HPOS="457" VPOS="779" WIDTH="90" HEIGHT="21" WC="0.95" CONTENT="emedan"/><SP WIDTH="14" VPOS="779" HPOS="547"/>
							<String ID="string_178" HPOS="561" VPOS="779" WIDTH="45" HEIGHT="21" WC="0.95" CONTENT="från"/><SP WIDTH="17" VPOS="779" HPOS="606"/>
							<String ID="string_179" HPOS="623" VPOS="781" WIDTH="72" HEIGHT="20" WC="0.96" CONTENT="vestra"/><SP WIDTH="15" VPOS="781" HPOS="695"/>
							<String ID="string_180" HPOS="710" VPOS="779" WIDTH="62" HEIGHT="21" WC="0.96" CONTENT="delen"/><SP WIDTH="15" VPOS="779" HPOS="772"/>
							<String ID="string_181" HPOS="787" VPOS="779" WIDTH="22" HEIGHT="21" WC="0.96" CONTENT="af"/><SP WIDTH="10" VPOS="779" HPOS="809"/>
							<String ID="string_182" HPOS="819" VPOS="779" WIDTH="68" HEIGHT="21" WC="0.93" CONTENT="denna"/><SP WIDTH="11" VPOS="779" HPOS="887"/>
							<String ID="string_183" HPOS="898" VPOS="779" WIDTH="59" HEIGHT="21" WC="0.93" CONTENT="kom-"/>
						</TextLine>
						<TextLine ID="line_20" HPOS="198" VPOS="812" WIDTH="757" HEIGHT="28">
							<String ID="string_184" HPOS="198" VPOS="817" WIDTH="51" HEIGHT="15" WC="0.95" CONTENT="mun"/><SP WIDTH="17" VPOS="817" HPOS="249"/>
							<String ID="string_185" HPOS="266" VPOS="813" WIDTH="23" HEIGHT="19" WC="0.96" CONTENT="är"/><SP WIDTH="19" VPOS="813" HPOS="289"/>
							<String ID="string_186" HPOS="308" VPOS="812" WIDTH="87" HEIGHT="21" WC="0.96" CONTENT="kortare"/><SP WIDTH="19" VPOS="812" HPOS="395"/>
							<String ID="string_187" HPOS="414" VPOS="815" WIDTH="39" HEIGHT="24" WC="0.96" CONTENT="väg"/><SP WIDTH="15" VPOS="815" HPOS="453"/>
							<String ID="string_188" HPOS="468" VPOS="813" WIDTH="33" HEIGHT="21" WC="0.96" CONTENT="till"/><SP WIDTH="15" VPOS="813" HPOS="501"/>
							<String ID="string_189" HPOS="516" VPOS="813" WIDTH="133" HEIGHT="27" WC="0.96" CONTENT="Helsingfors"/><SP WIDTH="16" VPOS="813" HPOS="649"/>
							<String ID="string_190" HPOS="665" VPOS="813" WIDTH="60" HEIGHT="22" WC="0.93" CONTENT="öfver"/><SP WIDTH="15" VPOS="813" HPOS="725"/>
							<String ID="string_191" HPOS="740" VPOS="813" WIDTH="98" HEIGHT="22" WC="0.92" CONTENT="Gerknäs"/><SP WIDTH="16" VPOS="813" HPOS="838"/>
							<String ID="string_192" HPOS="854" VPOS="815" WIDTH="26" HEIGHT="19" WC="0.96" CONTENT="än"/><SP WIDTH="16" VPOS="815" HPOS="880"/>
							<String ID="string_193" HPOS="896" VPOS="813" WIDTH="59" HEIGHT="21" WC="0.96" CONTENT="öfver"/>
						</TextLine>
						<TextLine ID="line_21" HPOS="199" VPOS="845" WIDTH="757" HEIGHT="30">
							<String ID="string_194" HPOS="199" VPOS="845" WIDTH="118" HEIGHT="22" WC="0.91" CONTENT="Nummela."/><SP WIDTH="31" VPOS="845" HPOS="317"/>
							<String ID="string_195" HPOS="348" VPOS="847" WIDTH="31" HEIGHT="20" WC="0.96" CONTENT="På"/><SP WIDTH="26" VPOS="847" HPOS="379"/>
							<String ID="string_196" HPOS="405" VPOS="853" WIDTH="80" HEIGHT="16" WC="0.96" CONTENT="samma"/><SP WIDTH="23" VPOS="853" HPOS="485"/>
							<String ID="string_197" HPOS="508" VPOS="849" WIDTH="43" HEIGHT="20" WC="0.96" CONTENT="sätt"/><SP WIDTH="22" VPOS="849" HPOS="551"/>
							<String ID="string_198" HPOS="573" VPOS="848" WIDTH="70" HEIGHT="21" WC="0.96" CONTENT="lemna"/><SP WIDTH="22" VPOS="848" HPOS="643"/>
							<String ID="string_199" HPOS="665" VPOS="848" WIDTH="20" HEIGHT="21" WC="0.96" CONTENT="vi"/><SP WIDTH="23" VPOS="848" HPOS="685"/>
							<String ID="string_200" HPOS="708" VPOS="848" WIDTH="62" HEIGHT="21" WC="0.96" CONTENT="äfven"/><SP WIDTH="23" VPOS="848" HPOS="770"/>
							<String ID="string_201" HPOS="793" VPOS="854" WIDTH="26" HEIGHT="15" WC="0.96" CONTENT="ur"/><SP WIDTH="22" VPOS="854" HPOS="819"/>
							<String ID="string_202" HPOS="841" VPOS="848" WIDTH="115" HEIGHT="27" WC="0.96" CONTENT="räkningen"/>
						</TextLine>
						<TextLine ID="line_22" HPOS="200" VPOS="879" WIDTH="757" HEIGHT="30">
							<String ID="string_203" HPOS="200" VPOS="879" WIDTH="113" HEIGHT="22" WC="0.95" CONTENT="Sammatti"/><SP WIDTH="22" VPOS="879" HPOS="313"/>
							<String ID="string_204" HPOS="335" VPOS="881" WIDTH="107" HEIGHT="27" WC="0.96" CONTENT="kommun,"/><SP WIDTH="20" VPOS="881" HPOS="442"/>
							<String ID="string_205" HPOS="462" VPOS="881" WIDTH="108" HEIGHT="22" WC="0.93" CONTENT="hvarifrån"/><SP WIDTH="26" VPOS="881" HPOS="570"/>
							<String ID="string_206" HPOS="596" VPOS="882" WIDTH="132" HEIGHT="27" WC="0.92" CONTENT="väglängden"/><SP WIDTH="20" VPOS="882" HPOS="728"/>
							<String ID="string_207" HPOS="748" VPOS="883" WIDTH="6" HEIGHT="20" WC="0.96" CONTENT="i"/><SP WIDTH="19" VPOS="883" HPOS="754"/>
							<String ID="string_208" HPOS="773" VPOS="882" WIDTH="105" HEIGHT="21" WC="0.94" CONTENT="hvardera"/><SP WIDTH="19" VPOS="882" HPOS="878"/>
							<String ID="string_209" HPOS="897" VPOS="882" WIDTH="60" HEIGHT="21" WC="0.94" CONTENT="fallet"/>
						</TextLine>
						<TextLine ID="line_23" HPOS="199" VPOS="914" WIDTH="757" HEIGHT="27">
							<String ID="string_210" HPOS="199" VPOS="914" WIDTH="41" HEIGHT="21" WC="0.95" CONTENT="blir"/><SP WIDTH="18" VPOS="914" HPOS="240"/>
							<String ID="string_211" HPOS="258" VPOS="915" WIDTH="90" HEIGHT="26" WC="0.91" CONTENT="ungefär"/><SP WIDTH="19" VPOS="915" HPOS="348"/>
							<String ID="string_212" HPOS="367" VPOS="915" WIDTH="129" HEIGHT="22" WC="0.95" CONTENT="densamma."/><SP WIDTH="31" VPOS="915" HPOS="496"/>
							<String ID="string_213" HPOS="527" VPOS="917" WIDTH="41" HEIGHT="21" WC="0.96" CONTENT="Till"/><SP WIDTH="19" VPOS="917" HPOS="568"/>
							<String ID="string_214" HPOS="587" VPOS="917" WIDTH="82" HEIGHT="22" WC="0.96" CONTENT="förmån"/><SP WIDTH="19" VPOS="917" HPOS="669"/>
							<String ID="string_215" HPOS="688" VPOS="917" WIDTH="34" HEIGHT="21" WC="0.93" CONTENT="för"/><SP WIDTH="14" VPOS="917" HPOS="722"/>
							<String ID="string_216" HPOS="736" VPOS="917" WIDTH="114" HEIGHT="21" WC="0.91" CONTENT="Nummela"/><SP WIDTH="15" VPOS="917" HPOS="850"/>
							<String ID="string_217" HPOS="865" VPOS="917" WIDTH="91" HEIGHT="21" WC="0.91" CONTENT="alterna-"/>
						</TextLine>
						<TextLine ID="line_24" HPOS="198" VPOS="949" WIDTH="758" HEIGHT="28">
							<String ID="string_218" HPOS="198" VPOS="949" WIDTH="138" HEIGHT="21" WC="0.95" CONTENT="alternativet"/><SP WIDTH="14" VPOS="949" HPOS="336"/>
							<String ID="string_219" HPOS="350" VPOS="950" WIDTH="69" HEIGHT="21" WC="0.95" CONTENT="räkna"/><SP WIDTH="14" VPOS="950" HPOS="419"/>
							<String ID="string_220" HPOS="433" VPOS="951" WIDTH="21" HEIGHT="20" WC="0.95" CONTENT="vi"/><SP WIDTH="15" VPOS="951" HPOS="454"/>
							<String ID="string_221" HPOS="469" VPOS="951" WIDTH="56" HEIGHT="21" WC="0.93" CONTENT="blott"/><SP WIDTH="14" VPOS="951" HPOS="525"/>
							<String ID="string_222" HPOS="539" VPOS="951" WIDTH="213" HEIGHT="22" WC="0.91" CONTENT="innevånareantalet"/><SP WIDTH="14" VPOS="951" HPOS="752"/>
							<String ID="string_223" HPOS="766" VPOS="951" WIDTH="7" HEIGHT="21" WC="0.96" CONTENT="i"/><SP WIDTH="16" VPOS="951" HPOS="773"/>
							<String ID="string_224" HPOS="789" VPOS="951" WIDTH="26" HEIGHT="21" WC="0.96" CONTENT="de"/><SP WIDTH="8" VPOS="951" HPOS="815"/>
							<String ID="string_225" HPOS="823" VPOS="951" WIDTH="133" HEIGHT="26" WC="0.96" CONTENT="kommuner,"/>
						</TextLine>
						<TextLine ID="line_25" HPOS="198" VPOS="983" WIDTH="758" HEIGHT="30">
							<String ID="string_226" HPOS="198" VPOS="989" WIDTH="45" HEIGHT="14" WC="0.96" CONTENT="som"/><SP WIDTH="20" VPOS="989" HPOS="243"/>
							<String ID="string_227" HPOS="263" VPOS="983" WIDTH="56" HEIGHT="27" WC="0.93" CONTENT="ligga"/><SP WIDTH="19" VPOS="983" HPOS="319"/>
							<String ID="string_228" HPOS="338" VPOS="990" WIDTH="85" HEIGHT="15" WC="0.91" CONTENT="norrom"/><SP WIDTH="20" VPOS="990" HPOS="423"/>
							<String ID="string_229" HPOS="443" VPOS="985" WIDTH="113" HEIGHT="21" WC="0.92" CONTENT="Nummela"/><SP WIDTH="15" VPOS="985" HPOS="556"/>
							<String ID="string_230" HPOS="571" VPOS="987" WIDTH="50" HEIGHT="19" WC="0.93" CONTENT="nära"/><SP WIDTH="17" VPOS="987" HPOS="621"/>
							<String ID="string_231" HPOS="638" VPOS="985" WIDTH="155" HEIGHT="28" WC="0.91" CONTENT="Hangöbanan,"/><SP WIDTH="20" VPOS="985" HPOS="793"/>
							<String ID="string_232" HPOS="813" VPOS="985" WIDTH="39" HEIGHT="22" WC="0.96" CONTENT="och"/><SP WIDTH="19" VPOS="985" HPOS="852"/>
							<String ID="string_233" HPOS="871" VPOS="985" WIDTH="34" HEIGHT="22" WC="0.96" CONTENT="vid"/><SP WIDTH="20" VPOS="985" HPOS="905"/>
							<String ID="string_234" HPOS="925" VPOS="985" WIDTH="31" HEIGHT="22" WC="0.96" CONTENT="sin"/>
						</TextLine>
						<TextLine ID="line_26" HPOS="198" VPOS="1016" WIDTH="759" HEIGHT="31">
							<String ID="string_235" HPOS="198" VPOS="1016" WIDTH="65" HEIGHT="28" WC="0.92" CONTENT="lifliga"/><SP WIDTH="19" VPOS="1016" HPOS="263"/>
							<String ID="string_236" HPOS="282" VPOS="1017" WIDTH="63" HEIGHT="22" WC="0.96" CONTENT="trafik"/><SP WIDTH="20" VPOS="1017" HPOS="345"/>
							<String ID="string_237" HPOS="365" VPOS="1019" WIDTH="47" HEIGHT="20" WC="0.96" CONTENT="med"/><SP WIDTH="17" VPOS="1019" HPOS="412"/>
							<String ID="string_238" HPOS="429" VPOS="1019" WIDTH="131" HEIGHT="26" WC="0.93" CONTENT="Helsingfors"/><SP WIDTH="20" VPOS="1019" HPOS="560"/>
							<String ID="string_239" HPOS="580" VPOS="1019" WIDTH="90" HEIGHT="28" WC="0.80" CONTENT="betjenaj"/><SP WIDTH="14" VPOS="1019" HPOS="670"/>
							<String ID="string_240" HPOS="684" VPOS="1020" WIDTH="32" HEIGHT="27" WC="0.96" CONTENT="sig"/><SP WIDTH="16" VPOS="1020" HPOS="716"/>
							<String ID="string_241" HPOS="732" VPOS="1019" WIDTH="23" HEIGHT="22" WC="0.97" CONTENT="af"/><SP WIDTH="13" VPOS="1019" HPOS="755"/>
							<String ID="string_242" HPOS="768" VPOS="1020" WIDTH="53" HEIGHT="27" WC="0.96" CONTENT="Lojo"/><SP WIDTH="16" VPOS="1020" HPOS="821"/>
							<String ID="string_243" HPOS="837" VPOS="1020" WIDTH="39" HEIGHT="21" WC="0.93" CONTENT="och"/><SP WIDTH="15" VPOS="1020" HPOS="876"/>
							<String ID="string_244" HPOS="891" VPOS="1020" WIDTH="66" HEIGHT="21" WC="0.91" CONTENT="Num-"/>
						</TextLine>
						<TextLine ID="line_27" HPOS="197" VPOS="1051" WIDTH="350" HEIGHT="24">
							<String ID="string_245" HPOS="197" VPOS="1051" WIDTH="56" HEIGHT="22" WC="0.90" CONTENT="mela"/><SP WIDTH="24" VPOS="1051" HPOS="253"/>
							<String ID="string_246" HPOS="277" VPOS="1052" WIDTH="109" HEIGHT="21" WC="0.90" CONTENT="stationer."/><SP WIDTH="31" VPOS="1052" HPOS="386"/>
							<String ID="string_247" HPOS="417" VPOS="1053" WIDTH="68" HEIGHT="21" WC="0.93" CONTENT="Dessa"/><SP WIDTH="14" VPOS="1053" HPOS="485"/>
							<String ID="string_248" HPOS="499" VPOS="1055" WIDTH="48" HEIGHT="20" WC="0.92" CONTENT="äro:"/>
						</TextLine>
					</TextBlock>
					<TextBlock ID="block_2" HPOS="378" VPOS="1093" WIDTH="405" HEIGHT="28">
						<TextLine ID="line_28" HPOS="378" VPOS="1093" WIDTH="405" HEIGHT="28">
							<String ID="string_249" HPOS="378" VPOS="1093" WIDTH="97" HEIGHT="22" WC="0.91" CONTENT="Nummis"/><SP WIDTH="30" VPOS="1093" HPOS="475"/>
							<String ID="string_250" HPOS="505" VPOS="1094" WIDTH="48" HEIGHT="21" WC="0.94" CONTENT="med"/><SP WIDTH="16" VPOS="1094" HPOS="553"/>
							<String ID="string_251" HPOS="569" VPOS="1095" WIDTH="64" HEIGHT="26" WC="0.93" CONTENT="3,102"/><SP WIDTH="15" VPOS="1095" HPOS="633"/>
							<String ID="string_252" HPOS="648" VPOS="1094" WIDTH="135" HEIGHT="21" WC="0.89" CONTENT="innevänare."/>
						</TextLine>
					</TextBlock>
					<TextBlock ID="block_3" HPOS="378" VPOS="1123" WIDTH="336" HEIGHT="35">
						<TextLine ID="line_29" HPOS="378" VPOS="1123" WIDTH="336" HEIGHT="35">
							<String ID="string_253" HPOS="378" VPOS="1123" WIDTH="81" HEIGHT="35" WC="0.96" CONTENT="Pusula"/><SP WIDTH="70" VPOS="1123" HPOS="459"/>
							<String ID="string_254" HPOS="529" VPOS="1145" WIDTH="9" HEIGHT="10" WC="0.74" CONTENT="n»"/><SP WIDTH="32" VPOS="1145" HPOS="538"/>
							<String ID="string_255" HPOS="570" VPOS="1129" WIDTH="64" HEIGHT="25" WC="0.91" CONTENT="3,284"/><SP WIDTH="71" VPOS="1129" HPOS="634"/>
							<String ID="string_256" HPOS="705" VPOS="1145" WIDTH="9" HEIGHT="10" WC="0.83" CONTENT="»”"/>
						</TextLine>
					</TextBlock>
					<TextBlock ID="block_4" HPOS="377" VPOS="1157" WIDTH="337" HEIGHT="37">
						<TextLine ID="line_30" HPOS="377" VPOS="1157" WIDTH="337" HEIGHT="37">
							<String ID="string_257" HPOS="377" VPOS="1157" WIDTH="82" HEIGHT="37" WC="0.96" CONTENT="Vichtis"/><SP WIDTH="71" VPOS="1157" HPOS="459"/>
							<String ID="string_258" HPOS="530" VPOS="1180" WIDTH="9" HEIGHT="10" WC="0.85" CONTENT="»"/><SP WIDTH="31" VPOS="1180" HPOS="539"/>
							<String ID="string_259" HPOS="570" VPOS="1163" WIDTH="64" HEIGHT="27" WC="0.94" CONTENT="6,799"/><SP WIDTH="72" VPOS="1163" HPOS="634"/>
							<String ID="string_260" HPOS="706" VPOS="1180" WIDTH="8" HEIGHT="9" WC="0.0" CONTENT="w"/>
						</TextLine>
					</TextBlock>
					<TextBlock ID="block_5" HPOS="377" VPOS="1196" WIDTH="335" HEIGHT="27">
						<TextLine ID="line_31" HPOS="377" VPOS="1196" WIDTH="335" HEIGHT="27">
							<String ID="string_261" HPOS="377" VPOS="1196" WIDTH="113" HEIGHT="27" WC="0.90" CONTENT="Pyhäjärvi"/><SP WIDTH="38" VPOS="1196" HPOS="490"/>
							<String ID="string_262" HPOS="528" VPOS="1214" WIDTH="9" HEIGHT="9" WC="0.3" CONTENT="=,"/><SP WIDTH="31" VPOS="1214" HPOS="537"/>
							<String ID="string_263" HPOS="568" VPOS="1198" WIDTH="63" HEIGHT="25" WC="0.96" CONTENT="3,107"/><SP WIDTH="73" VPOS="1198" HPOS="631"/>
							<String ID="string_264" HPOS="704" VPOS="1214" WIDTH="8" HEIGHT="9" WC="0.9" CONTENT="5"/>
						</TextLine>
					</TextBlock>
					<TextBlock ID="block_6" HPOS="453" VPOS="1237" WIDTH="330" HEIGHT="26">
						<TextLine ID="line_32" HPOS="453" VPOS="1237" WIDTH="330" HEIGHT="26">
							<String ID="string_265" HPOS="453" VPOS="1237" WIDTH="86" HEIGHT="22" WC="0.92" CONTENT="Summa"/><SP WIDTH="17" VPOS="1237" HPOS="539"/>
							<String ID="string_266" HPOS="556" VPOS="1237" WIDTH="76" HEIGHT="26" WC="0.90" CONTENT="16,292"/><SP WIDTH="15" VPOS="1237" HPOS="632"/>
							<String ID="string_267" HPOS="647" VPOS="1237" WIDTH="136" HEIGHT="22" WC="0.96" CONTENT="innevånare."/>
						</TextLine>
					</TextBlock>
				</ComposedBlock>
				<ComposedBlock ID="cblock_2" HPOS="192" VPOS="1275" WIDTH="763" HEIGHT="141">
					<TextBlock ID="block_7" HPOS="192" VPOS="1275" WIDTH="763" HEIGHT="141">
						<TextLine ID="line_33" HPOS="266" VPOS="1275" WIDTH="689" HEIGHT="35">
							<String ID="string_268" HPOS="266" VPOS="1275" WIDTH="19" HEIGHT="27" WC="0.88" CONTENT="Å"/><SP WIDTH="18" VPOS="1275" HPOS="285"/>
							<String ID="string_269" HPOS="303" VPOS="1281" WIDTH="114" HEIGHT="22" WC="0.92" CONTENT="Nummela"/><SP WIDTH="15" VPOS="1281" HPOS="417"/>
							<String ID="string_270" HPOS="432" VPOS="1282" WIDTH="65" HEIGHT="21" WC="0.91" CONTENT="linien"/><SP WIDTH="16" VPOS="1282" HPOS="497"/>
							<String ID="string_271" HPOS="513" VPOS="1283" WIDTH="84" HEIGHT="22" WC="0.95" CONTENT="komme"/><SP WIDTH="15" VPOS="1283" HPOS="597"/>
							<String ID="string_272" HPOS="612" VPOS="1283" WIDTH="63" HEIGHT="22" WC="0.95" CONTENT="alltså"/><SP WIDTH="16" VPOS="1283" HPOS="675"/>
							<String ID="string_273" HPOS="691" VPOS="1285" WIDTH="32" HEIGHT="20" WC="0.93" CONTENT="att"/><SP WIDTH="16" VPOS="1285" HPOS="723"/>
							<String ID="string_274" HPOS="739" VPOS="1283" WIDTH="77" HEIGHT="27" WC="0.91" CONTENT="belöpa"/><SP WIDTH="16" VPOS="1283" HPOS="816"/>
							<String ID="string_275" HPOS="832" VPOS="1283" WIDTH="31" HEIGHT="26" WC="0.93" CONTENT="sig"/><SP WIDTH="17" VPOS="1283" HPOS="863"/>
							<String ID="string_276" HPOS="880" VPOS="1284" WIDTH="75" HEIGHT="25" WC="0.92" CONTENT="16,292"/>
						</TextLine>
						<TextLine ID="line_34" HPOS="193" VPOS="1317" WIDTH="760" HEIGHT="28">
							<String ID="string_277" HPOS="193" VPOS="1321" WIDTH="104" HEIGHT="24" WC="0.95" CONTENT="personer"/><SP WIDTH="27" VPOS="1321" HPOS="297"/>
							<String ID="string_278" HPOS="324" VPOS="1317" WIDTH="45" HEIGHT="20" WC="0.93" CONTENT="mot"/><SP WIDTH="28" VPOS="1317" HPOS="369"/>
							<String ID="string_279" HPOS="397" VPOS="1317" WIDTH="76" HEIGHT="26" WC="0.88" CONTENT="12,885"/><SP WIDTH="26" VPOS="1317" HPOS="473"/>
							<String ID="string_280" HPOS="499" VPOS="1317" WIDTH="12" HEIGHT="21" WC="0.90" CONTENT="å"/><SP WIDTH="23" VPOS="1317" HPOS="511"/>
							<String ID="string_281" HPOS="534" VPOS="1317" WIDTH="98" HEIGHT="22" WC="0.92" CONTENT="Gerknäs"/><SP WIDTH="23" VPOS="1317" HPOS="632"/>
							<String ID="string_282" HPOS="655" VPOS="1318" WIDTH="71" HEIGHT="21" WC="0.89" CONTENT="linien."/><SP WIDTH="32" VPOS="1318" HPOS="726"/>
							<String ID="string_283" HPOS="758" VPOS="1317" WIDTH="41" HEIGHT="21" WC="0.93" CONTENT="Till"/><SP WIDTH="23" VPOS="1317" HPOS="799"/>
							<String ID="string_284" HPOS="822" VPOS="1317" WIDTH="131" HEIGHT="22" WC="0.72" CONTENT="förstnämda"/>
						</TextLine>
						<TextLine ID="line_35" HPOS="195" VPOS="1350" WIDTH="760" HEIGHT="29">
							<String ID="string_285" HPOS="195" VPOS="1355" WIDTH="83" HEIGHT="16" WC="0.96" CONTENT="summa"/><SP WIDTH="19" VPOS="1355" HPOS="278"/>
							<String ID="string_286" HPOS="297" VPOS="1350" WIDTH="95" HEIGHT="21" WC="0.96" CONTENT="kommer"/><SP WIDTH="19" VPOS="1350" HPOS="392"/>
							<String ID="string_287" HPOS="411" VPOS="1351" WIDTH="109" HEIGHT="22" WC="0.96" CONTENT="dessutom"/><SP WIDTH="20" VPOS="1351" HPOS="520"/>
							<String ID="string_288" HPOS="540" VPOS="1351" WIDTH="36" HEIGHT="22" WC="0.93" CONTENT="det"/><SP WIDTH="20" VPOS="1351" HPOS="576"/>
							<String ID="string_289" HPOS="596" VPOS="1351" WIDTH="189" HEIGHT="22" WC="0.72" CONTENT="innevänareanta]"/><SP WIDTH="15" VPOS="1351" HPOS="785"/>
							<String ID="string_290" HPOS="800" VPOS="1351" WIDTH="57" HEIGHT="25" WC="0.93" CONTENT="inom"/><SP WIDTH="14" VPOS="1351" HPOS="857"/>
							<String ID="string_291" HPOS="871" VPOS="1351" WIDTH="84" HEIGHT="28" WC="0.91" CONTENT="jernvä-"/>
						</TextLine>
						<TextLine ID="line_36" HPOS="192" VPOS="1383" WIDTH="762" HEIGHT="33">
							<String ID="string_292" HPOS="192" VPOS="1390" WIDTH="55" HEIGHT="20" WC="0.93" CONTENT="gens"/><SP WIDTH="16" VPOS="1390" HPOS="247"/>
							<String ID="string_293" HPOS="263" VPOS="1383" WIDTH="159" HEIGHT="28" WC="0.92" CONTENT="trafikomräde,"/><SP WIDTH="16" VPOS="1383" HPOS="422"/>
							<String ID="string_294" HPOS="438" VPOS="1391" WIDTH="46" HEIGHT="15" WC="0.97" CONTENT="som"/><SP WIDTH="15" VPOS="1391" HPOS="484"/>
							<String ID="string_295" HPOS="499" VPOS="1385" WIDTH="63" HEIGHT="22" WC="0.93" CONTENT="faller"/><SP WIDTH="10" VPOS="1385" HPOS="562"/>
							<String ID="string_296" HPOS="572" VPOS="1386" WIDTH="59" HEIGHT="21" WC="0.93" CONTENT="såväl"/><SP WIDTH="11" VPOS="1386" HPOS="631"/>
							<String ID="string_297" HPOS="642" VPOS="1388" WIDTH="96" HEIGHT="28" WC="0.92" CONTENT="österom"/><SP WIDTH="8" VPOS="1388" HPOS="738"/>
							<String ID="string_298" HPOS="746" VPOS="1385" WIDTH="208" HEIGHT="22" WC="0.58" CONTENT="Nummela—Finns"/>
						</TextLine>
					</TextBlock>
				</ComposedBlock>
				<ComposedBlock ID="cblock_3" HPOS="264" VPOS="1440" WIDTH="384" HEIGHT="24">
					<TextBlock ID="block_8" HPOS="264" VPOS="1440" WIDTH="384" HEIGHT="24">
						<TextLine ID="line_37" HPOS="264" VPOS="1440" WIDTH="384" HEIGHT="24">
							<String ID="string_299" HPOS="264" VPOS="1440" WIDTH="182" HEIGHT="24" WC="0.89" CONTENT="Jernvägsutskottets"/><SP WIDTH="13" VPOS="1440" HPOS="446"/>
							<String ID="string_300" HPOS="459" VPOS="1442" WIDTH="111" HEIGHT="18" WC="0.92" CONTENT="betänkande"/><SP WIDTH="13" VPOS="1442" HPOS="570"/>
							<String ID="string_301" HPOS="583" VPOS="1442" WIDTH="37" HEIGHT="18" WC="0.95" CONTENT="N:o"/><SP WIDTH="13" VPOS="1442" HPOS="620"/>
							<String ID="string_302" HPOS="633" VPOS="1443" WIDTH="15" HEIGHT="17" WC="0.96" CONTENT="1."/>
						</TextLine>
					</TextBlock>
				</ComposedBlock>
			</PrintSpace>
		</Page>
	</Layout>
</alto>
