1036 1659
354 217 285 24 Petitionsmemorial.

225 284 72 27 Borg.
313 285 30 21 st.
694 283 42 22 N:o
752 282 20 21 7.

300 553 45 17 Till
358 553 128 22 Vällofliga
498 552 202 23 Borgareståndet.

191 616 8 18 I
213 616 33 18 sitt
262 616 118 18 betänkande
396 616 34 18 N:o
443 615 11 18 8
470 615 97 24 angående
585 615 58 19 äskad
659 615 106 23 förhöjning
778 615 20 18 af
808 615 69 18 lärares

123 645 35 18 och
174 645 116 18 lärarinnors
306 644 30 18 vid
351 644 129 19 folkskolorna
496 645 23 22 på
535 644 66 18 landet
616 644 138 18 löneförmåner
769 645 59 22 yttrar
840 643 37 18 All-

124 676 67 15 männä
209 673 167 18 besvärsutskottet
394 673 31 18 vid
441 673 46 18 1894
503 673 29 18 års
547 673 90 22 landtdag
655 672 89 23 följande:
764 686 4 8 ,
770 669 64 25 Äfven
851 674 26 15 ut-

124 703 69 17 skottet
206 702 34 17 har
252 701 30 18 för
294 702 28 17 sin
335 701 30 18 del
378 701 63 18 därom
452 702 48 17 varit
509 707 51 16 ense,
570 703 27 16 att
605 701 212 18 folkskollärarekårens
826 701 52 17 löner

124 731 23 22 på
164 731 23 18 de
200 730 54 19 fleste
270 733 51 15 orter
332 731 7 17 i
351 731 40 17 vårt
404 730 44 18 land
460 732 32 16 äro
506 730 129 23 otillräckliga,
649 730 35 17 och
696 730 34 17 har
742 730 17 22 ej
772 729 60 18 heller
845 735 32 12 un-

124 759 76 18 derlåtit
212 761 26 16 att
255 759 67 19 beakta
335 759 36 18 den
383 759 7 18 i
403 759 37 22 hög
452 759 45 22 grad
510 759 119 22 betungande
643 759 34 17 och
690 758 115 18 förlamande
817 758 60 17 inver-

123 788 42 21 kan,
178 793 39 13 som
230 788 23 18 de
266 788 86 22 dagligen
365 787 151 19 återkommande
530 788 101 23 bekymren
641 787 28 18 för
678 787 109 18 ekonomisk
796 787 82 18 utkomst

124 817 106 22 säkerligen
249 817 58 18 måste
325 816 64 18 utöfva
406 817 24 22 på
446 817 85 18 lärarens
548 817 60 21 sinne,
625 817 46 17 hans
688 816 36 23 håg
740 816 35 17 och
788 815 49 18 kraft
849 815 29 18 för

123 845 86 18 fortsatta
226 845 87 18 studier".
338 845 53 18 Hvad
407 845 92 18 utskottet
514 846 6 17 i
534 845 55 18 dessa
604 845 34 18 ord
654 847 54 20 säger
720 844 96 23 angående
829 844 48 18 otill-

123 874 130 22 räckligheten
266 873 20 18 af
297 873 213 19 folkskollärarekårens
522 874 53 18 löner
585 876 20 15 är
614 875 63 22 tyvärr
686 879 22 12 en
717 873 83 22 sanning.
818 869 59 21 Äfven

123 908 30 13 om
171 902 153 18 folkskolläraren
343 903 34 17 och
392 903 110 17 lärarinnan
518 902 95 18 tillträdde
630 903 29 17 sin
675 903 58 22 tjenst
747 904 44 15 utan
807 901 70 18 studie-

123 931 82 21 skulder,
222 931 63 18 kunde
302 932 108 23 isynnerhet
423 931 35 18 den
471 931 128 18 förstnämnde
611 931 67 18 endast
689 931 42 18 med
744 931 95 22 svårighet
850 931 28 18 slå

123 961 28 22 sig
165 963 25 15 ut.
214 957 30 21 Nu
257 962 21 16 är
290 960 105 19 emellertid
408 960 126 18 förhållandet
547 960 39 25 det,
597 962 26 16 att
636 960 66 18 endast
714 962 26 16 ett
749 962 67 21 ytterst
824 960 53 22 ringa

123 989 46 17 fåtal
181 989 71 18 lemnar
265 989 135 18 seminarierna
413 991 45 16 utan
471 994 23 13 en
507 989 120 21 skuldbörda,
640 994 40 13 som
692 989 30 18 för
732 989 75 18 läraren
819 988 58 18 vanli-

123 1023 34 17 gen
177 1018 73 23 uppgår
268 1017 29 18 till
315 1018 50 21 1,500
384 1019 10 16 &
408 1018 52 21 2,000
475 1018 53 17 mark
543 1018 35 17 och
593 1017 29 18 för
637 1017 107 19 lärarinnan
760 1017 29 18 till
804 1017 51 21 1,000
867 1017 10 18 &

123 1046 50 21 1,500
186 1046 58 17 mark.
268 1047 95 17 Beräknar
376 1052 42 12 man
430 1052 25 12 nu
468 1052 23 12 en
504 1046 71 18 lärares
588 1046 55 18 säkra
655 1046 103 18 inkomster

191 1081 38 17 Lön
242 1081 41 18 från
296 1083 61 16 staten.
362 1094 326 5 «N.
715 1081 31 17 mk
775 1080 34 18 800

202 1123 10 7 »
260 1123 9 8 s,
294 1109 111 18 kommunen.
410 1122 96 5 ....
526 1123 26 5 sa
572 1123 49 5 saa
641 1123 49 4 kiss
729 1123 9 8 yx
776 1109 34 17 200

192 1138 231 23 Inskrifningspenningar.
452 1152 5 4 .
478 1152 3 4 .
513 1152 60 4 «o
604 1152 84 5 sn
728 1152 9 8 ”
786 1137 24 18 30

191 1166 85 18 Inkomst
288 1166 41 18 från
342 1167 74 18 skolans
426 1167 44 22 jord.
495 1181 6 4 .
521 1180 4 4 .
545 1181 2 4 .
581 1181 13 4 <
613 1180 4 3 <
640 1162 47 32 0.0.
726 1180 9 9 5
787 1167 23 16 50

615 1202 75 17 Summa
714 1201 31 18 mk
758 1201 51 22 1,080

123 1243 46 15 samt
181 1241 47 17 hans
241 1241 121 23 oundvikliga
374 1241 78 23 utgifter
464 1241 38 18 till:

190 1275 184 18 Lefnadskostnader
386 1275 29 18 för
427 1276 11 17 2
450 1281 91 18 personer
553 1277 11 17 å
576 1277 23 18 60
611 1282 17 17 p.
641 1276 36 23 dag
690 1290 6 8 .
713 1290 3 4 .
733 1276 31 17 mk
776 1275 34 18 438

191 1303 110 18 Beklädnad
313 1304 30 18 för
354 1305 12 16 2
378 1310 91 17 personer
486 1318 2 3 .
509 1317 3 4 .
532 1319 187 4 sn
742 1318 10 8 »
776 1305 34 17 100

190 1332 55 18 Enke
258 1332 35 18 och
305 1333 115 22 pupillkassa
433 1333 54 22 afgift
508 1347 3 4 .
531 1347 4 5 .
555 1347 3 4 .
579 1347 25 4 ..
624 1347 94 4 sc.
689 1328 34 33 cc
740 1347 10 8 »
787 1333 23 18 60

190 1361 78 21 Krono-,
280 1361 118 18 kommunal-
411 1361 35 18 och
459 1361 136 23 kyrkoafgifter.
622 1375 5 4 .
647 1376 2 3 .
669 1375 4 4 .
692 1376 3 3 .
715 1375 3 4 .
740 1375 10 8 »
786 1361 23 18 40

191 1389 60 17 Ränta
264 1389 34 17 och
310 1390 113 22 amortering
435 1390 25 22 på
472 1392 28 16 ett
512 1390 51 22 1,500
576 1390 62 18 marks
651 1390 31 18 lån
693 1404 3 3 .
715 1404 4 2 .
741 1404 11 7 ,,
775 1390 34 17 200

646 1425 74 17 Summa
732 1424 32 17 mk
776 1424 38 21 838,
