1039 1659
323 152 28 22 U.
369 152 27 22 B.
413 164 27 3 —
456 152 75 28 Prop.
548 152 42 22 N:o
606 151 38 23 28.
824 151 12 20 5

109 217 80 22 sådan
217 217 122 29 tolkning,
367 218 35 21 att
430 217 181 29 författningen
639 222 61 16 vore
723 216 87 22 afsedd
830 216 35 21 att

110 252 104 21 omfatta
242 252 71 21 såväl
334 252 42 21 det
394 251 191 28 grekisk-ryska
603 251 201 28 presterskapets
822 250 43 22 bo-

109 285 89 22 ställen
208 286 14 21 å
235 285 92 26 landet,
342 292 52 15 som
408 285 58 22 dess
479 285 191 29 embetsgårdar
683 285 6 22 i
704 285 63 26 stad,
778 284 86 22 hvilka

109 320 94 29 gårdar
229 320 36 22 uti
292 326 31 15 en
351 320 38 22 del
418 320 178 29 författningar
624 320 75 21 äfven
728 319 136 22 benämnas

109 354 131 26 boställen,
260 354 112 29 framgår
385 355 63 21 dock
462 355 25 21 af
500 355 48 21 den
561 354 176 29 underdåniga
751 353 115 22 hemstäl-

109 389 50 26 lan,
182 388 122 23 hvarmed
322 389 164 29 lagförslaget
505 389 7 22 i
530 389 74 28 fråga
623 389 35 22 till
678 389 70 21 Hans
768 388 98 28 Kejser-

109 423 51 29 liga
179 423 116 29 Majestät
313 423 123 26 insändts,
451 425 35 20 att
501 423 109 22 Senaten
626 424 81 21 ansett
719 423 85 28 någon
814 422 51 29 lag-

110 457 218 29 stiftningsåtgärd
365 457 159 23 beträffande
554 457 138 22 omordade
714 457 152 28 embetsgår-

110 491 47 22 dar
183 491 54 22 icke
265 498 62 15 vara
355 492 37 22 uti
419 499 34 15 nu
480 491 198 30 ifrågavarande
702 491 64 29 syfte
786 491 25 22 af
827 490 39 23 be-

111 526 87 22 hofvet
224 526 127 28 påkallad,
379 526 68 23 detta
476 527 25 22 af
530 526 76 22 orsak
626 527 43 25 att,
690 526 79 22 ehuru
788 525 77 22 ofvan

111 560 143 29 åberopade
277 561 152 28 kungörelse
448 561 26 22 af
495 561 49 22 den
564 561 33 22 29
616 567 67 16 mars
704 560 67 23 1858
790 560 76 22 utfär-

111 595 56 22 dats
195 595 8 22 i
231 595 183 22 administrativ
436 596 58 29 väg,
515 595 146 22 densamma
680 595 64 22 dock
762 594 36 23 till
817 595 48 22 den

111 629 48 27 del,
179 629 105 22 hvarom
303 629 78 22 ofvan
400 630 66 22 varit
484 630 80 29 fråga,
585 630 77 29 enligt
682 629 123 23 Senatens
818 629 48 22 för-

111 664 124 22 menande
254 664 89 22 vunnit
362 665 146 28 ytterligare
527 665 56 22 stöd
603 664 35 22 uti
658 664 48 22 den
724 663 55 23 med
795 663 71 22 Stän-

111 698 92 23 dernas
221 699 155 22 medverkan
394 699 130 22 tillkomna
538 699 181 28 förordningen
733 698 25 22 af
770 698 49 22 den
832 698 33 21 22

112 733 131 22 december
263 733 76 26 1879,
359 733 165 29 hvarigenom
538 733 32 22 bl.
586 740 21 15 a.
621 733 137 22 omordade
771 732 95 29 kungö-

112 767 72 26 relse,
205 767 82 22 såvidt
306 767 145 23 densamma
471 768 81 29 angår
564 768 31 22 de
608 767 191 30 grekisk-ryska
812 773 54 22 pre-

112 801 141 29 sterskapet
271 802 110 22 enskildt
398 802 126 29 tillhöriga
544 802 174 29 stadsgårdar,
737 801 127 29 upphäfts.

111 835 39 22 Då
169 836 127 23 Utskottet
323 837 136 22 emellertid
482 837 72 22 hållit
580 837 54 22 före
654 838 36 21 att
710 835 156 24 Ständernas

111 870 154 23 medverkan
293 871 43 22 vid
364 871 152 22 tillkomsten
540 871 26 22 af
583 871 169 22 nästnämnda
771 870 95 22 förord-

111 905 69 29 ning,
208 905 103 22 hvilken
335 905 53 22 icke
408 912 44 15 ens
471 906 53 29 gält
542 906 201 28 presterskapets
762 905 104 22 embets-

111 939 101 29 gårdar,
236 940 138 29 ingalunda
396 940 51 22 kan
468 947 73 16 anses
560 941 122 21 innefatta
702 941 34 21 ett
754 939 112 30 godkän-

111 974 84 22 nande
223 974 56 22 från
308 974 156 23 Ständernas
484 975 54 22 sida
559 975 25 22 af
602 975 149 22 förberörda
770 974 96 28 kungö-

110 1008 72 26 relse,
202 1010 64 21 samt
284 1009 42 22 det
345 1009 191 29 grekisk-ryska
555 1009 188 28 presterskapet
759 1008 105 26 säledes,

111 1043 77 28 enligt
207 1043 138 22 Utskottets
364 1043 172 27 förmenande,
557 1045 27 21 är
603 1043 7 22 i
630 1043 124 22 afsaknad
772 1043 25 22 af
810 1049 55 16 ena-

110 1077 85 22 handa
223 1078 82 28 grund
324 1078 39 22 för
383 1078 30 22 de
432 1078 58 22 dess
510 1078 190 29 embetsgärdar
718 1078 8 21 i
746 1077 55 22 stad
821 1077 44 22 till-

110 1111 148 23 försäkrade
277 1112 110 27 friheter,
408 1119 52 16 som
480 1113 77 22 ofvan
577 1113 159 22 beträffande
755 1112 110 22 nämnda

109 1147 175 28 presterskaps
303 1147 124 22 boställen
447 1147 13 22 ä
479 1147 87 22 landet
584 1147 157 26 framhällits,
761 1147 47 22 har
824 1146 41 22 Ut-

110 1180 93 23 skottet
215 1181 101 22 beslutit
329 1181 92 22 föreslä
436 1183 35 20 att
484 1181 196 30 ifrägavarande
694 1181 170 28 författnings-

109 1215 96 29 förslag
232 1215 75 23 mätte
335 1216 179 28 kompletteras
542 1217 104 25 derhän,
673 1217 35 21 att
727 1216 138 22 detsamma

109 1249 98 22 komme
235 1251 35 21 att
297 1251 104 21 omfatta
428 1251 94 28 jemväl
540 1251 43 22 det
601 1250 191 29 grekisk-ryska
811 1256 54 22 pre-

109 1284 154 28 sterskapets
282 1285 192 28 embetsgärdar
492 1285 7 22 i
519 1285 63 22 stad.

177 1319 70 22 Enär
274 1319 42 22 det
343 1319 7 22 i
373 1319 175 29 föreliggande
567 1320 156 28 proposition
742 1319 122 22 förekom-

108 1353 90 22 mande
226 1353 125 28 uttrycket
371 1354 161 28 »rättigheter
553 1354 46 22 och
616 1354 142 22 förmäner»
779 1353 85 22 kunde

107 1386 70 29 gifva
197 1387 136 29 anledning
352 1388 35 22 till
406 1388 81 22 sädan
506 1388 122 29 tolkning,
649 1389 35 21 att
698 1388 42 22 det
752 1387 112 29 grekisk-

107 1421 78 28 ryska
210 1422 201 28 presterskapets
431 1422 124 22 boställen
574 1422 8 22 i
600 1423 86 21 landet
704 1421 160 23 beträffande

107 1455 210 27 boställsvärden,
338 1456 157 30 anläggning
514 1457 26 22 af
552 1458 57 27 torp
622 1457 14 22 ä
650 1457 129 22 boställets
792 1456 72 22 mark

175 1498 48 23 Lag-
235 1499 32 17 och
280 1499 182 18 Ekonomiutskottets
474 1500 111 18 betänkande
594 1500 34 18 N:o
640 1500 18 18 5.
