1025 1656
312 136 22 22 U.
352 136 21 22 B.
391 148 27 2 —
436 136 62 27 Prop.
516 136 37 22 N:o
569 136 38 22 29.
774 136 27 20 33

428 202 12 26 8
459 202 32 20 14.

155 242 45 22 Vid
227 242 27 21 de
281 242 155 28 myndigheter,
464 250 45 14 som
537 242 120 28 handlägga
680 242 98 26 ärenden,
800 243 33 20 rö-

84 277 66 22 rande
168 278 83 21 hästars
267 277 109 22 aflätande
391 278 34 21 för
441 278 131 28 krigsbehof,
588 278 106 28 begagnas
705 278 129 28 ostämpladt

84 321 92 21 papper;
202 314 41 21 och
270 321 50 20 eger
345 314 60 21 lösen
434 314 34 21 för
496 314 106 28 utgäende
632 314 122 29 expedition
786 314 48 21 icke

84 357 52 13 rum.

406 392 57 18 KAP.
475 391 37 18 III.

305 438 36 24 Om
356 438 85 24 hästars
457 438 159 25 förteoknande,

425 494 12 26 8
455 494 33 20 15.

157 534 43 21 Till
227 534 117 21 utrönande
368 534 22 21 af
405 534 81 21 antalet
500 534 74 22 hästar
588 535 123 21 förtecknas
727 534 107 22 desamma

86 569 64 22 hvart
172 570 62 28 sjette
257 569 23 22 år
302 569 57 27 eller,
382 569 38 22 der
439 569 76 22 sådant
530 571 7 20 i
554 570 114 28 anledning
684 570 23 21 af
721 570 48 29 krig
784 570 51 21 eller

86 605 68 22 farsot
169 605 68 22 bland
253 605 71 22 hästar
340 605 98 22 befinnes
454 605 81 29 nödigt,
546 606 64 21 äfven
624 606 54 21 efter
689 606 84 22 kortare
783 606 52 21 mel-

86 641 73 22 lantid.

426 673 13 26 8
457 673 32 20 16.

158 712 176 22 Förtecknandet
349 713 23 21 af
387 713 73 21 hästar
475 713 50 22 sker
537 714 8 20 i
556 713 151 29 sammanhang
717 713 49 22 med
776 721 59 14 man-

90 748 182 29 talsskrifningen,
292 748 91 22 hvarvid
398 749 99 23 hästarne
513 749 53 22 böra
582 749 22 22 af
620 749 61 22 deras
697 749 138 22 innehafvare

87 784 33 21 till
136 784 182 27 mantalslängden
335 784 116 29 uppgifvas
467 785 34 21 för
513 788 31 18 att
554 785 23 21 af
587 785 230 29 förrättningsmannen
827 785 8 21 i

88 819 91 22 särskild
195 819 87 22 kolumn
298 820 32 21 till
347 821 56 20 antal
419 820 86 21 införas.

159 855 73 22 Sådan
248 855 86 29 uppgift
350 863 49 21 eger
415 856 48 21 icke
479 864 47 13 rum
541 857 7 20 i
564 856 101 22 afseende
682 857 8 20 å
704 857 77 26 hästar,
793 856 42 21 till-

88 891 102 21 hörande:

159 926 123 29 Kejserliga
297 927 94 28 familjen
409 927 40 21 och
466 927 90 27 kronan;

159 961 236 29 Generalguvernören;

162 998 123 22 Utländska
295 998 110 22 sändebud
417 998 41 22 och
468 998 166 30 beskickningar
644 1002 55 18 samt
705 998 131 22 främmande

88 1033 93 22 makters
198 1034 134 26 undersåtar;
349 1034 112 22 äfvensom

161 1069 123 22 Officerare
300 1070 41 22 och
357 1070 64 22 civila
435 1071 128 28 tjenstemän
577 1070 39 22 vid
630 1070 156 30 fälttrupperra
797 1070 40 22 och

89 1105 209 29 militärstyrelserna
312 1106 35 21 för
362 1106 61 21 deras
439 1106 157 28 tjenstehästar.

160 1141 120 22 Enahanda
300 1142 109 28 undantag
429 1149 50 21 eger
494 1142 78 28 jemväl
588 1150 46 13 rum
650 1142 135 22 beträffande
800 1142 37 20 hä-

92 1179 43 19 star
150 1177 58 21 inom
224 1177 27 21 de
266 1178 7 20 i
290 1178 12 27 $
322 1178 12 20 6
351 1178 141 21 omförmälda
507 1178 127 22 landsdelar.

412 1250 57 17 KAP.
482 1249 34 18 IV.

297 1296 36 24 Om
349 1296 142 24 hästantalets
507 1296 127 30 fördelning.

433 1350 12 27 8
464 1351 33 20 17.

160 1390 32 21 På
208 1391 70 28 grund
293 1391 22 21 af
328 1391 27 21 de
367 1394 72 18 senast
449 1391 140 21 förtecknade
600 1391 109 22 hästarnes
721 1391 57 21 antal
789 1397 50 21 eger

89 1425 92 22 Senaten
200 1427 8 20 i
238 1426 85 22 samräd
345 1426 50 22 med
408 1426 228 28 Generalguvernören
652 1426 81 22 fördela
749 1426 38 21 det
801 1433 37 14 en-

161 1467 209 19 Ekonomiutskottets
384 1468 127 18 betänkande
524 1468 37 18 N:o
574 1468 30 18 15.

755 1504 11 17 3
