1048 1656
298 144 83 23 Ständ.
399 144 39 23 Sv.
455 158 27 2 —
497 145 75 29 Prop.
587 145 46 23 N:o
649 146 37 22 27.
857 146 12 20 5

112 213 97 22 komsten
231 213 34 21 för
287 214 23 20 är
331 215 61 20 1897.
421 214 85 28 Läggas
520 214 64 21 dessa
598 214 167 28 procentbelopp
781 214 32 21 till
829 214 41 21 den

112 248 38 20 här
167 248 65 21 ofvan
249 248 137 28 kalkylerade
404 248 199 28 inkomstökningen
622 248 23 21 af
661 249 110 26 1,150,000
787 248 60 21 mark
861 248 8 20 i

112 282 63 28 ärligt
189 282 107 26 medeltal,
310 282 82 21 hvilket
407 282 78 28 belopp
495 282 56 22 dock
561 282 23 21 af
593 282 67 22 redan
672 282 89 22 anförda
773 282 45 21 skäl
831 282 39 21 bör

112 316 47 21 från
181 316 40 21 och
243 316 35 21 för
300 316 23 21 är
346 317 54 21 1898
423 316 112 22 reduceras
558 316 49 22 med
629 317 84 27 11,6%,
735 316 80 22 således
837 316 34 21 till

113 351 110 26 1,017,000
246 350 51 21 eller
317 351 7 20 i
344 350 63 22 rundt
420 351 31 21 tal
467 352 111 26 1,000,000
594 351 67 27 mark,
676 351 23 21 sä
714 351 95 21 kommer
823 358 47 14 man

112 384 33 22 till
166 385 37 21 det
224 385 88 21 resultat
333 388 33 18 att
384 386 150 27 järnvägarnas
553 385 196 29 bruttoafkastning
763 385 40 21 bör
817 385 55 27 stiga

112 418 24 21 är
158 420 55 20 1898
235 419 49 21 med
306 420 48 26 ry
377 420 116 26 1,175,000,
514 419 23 21 år
559 420 54 21 1899
633 420 50 21 med
697 421 46 27 rt
761 420 110 26 1,350,000

113 452 40 22 och
168 452 24 22 år
208 454 54 20 1900
277 453 49 21 med
341 454 48 26 Frye
406 454 116 26 1,525,000.

181 493 67 21 Hvad
268 493 65 21 sedan
347 493 135 22 vidkommer
495 494 190 28 trafikutgifterna,
701 496 22 19 är
738 494 63 21 äfven
815 494 8 20 i
838 493 32 21 af-

113 527 76 21 seende
206 527 12 21 å
234 527 48 21 dem
298 535 25 13 en
338 527 104 22 återblick
456 528 30 28 pä
500 528 27 21 de
543 532 83 18 senaste
641 528 48 28 fyra
704 528 48 21 åren
765 527 106 29 påkallad.

112 562 41 21 Att
174 563 76 20 utröna
271 562 122 21 medeltalet
415 562 23 21 af
460 562 42 21 den
524 562 67 29 årliga
613 562 86 29 ökning,
721 570 44 14 som
785 563 7 20 i
810 562 62 21 dessa

113 596 88 28 utgifter
224 599 35 25 egt
280 604 52 19 rum,
350 596 81 21 lemnar
450 604 26 13 en
494 597 82 21 mindre
591 597 62 21 säker
668 596 121 27 måttstock,
804 598 27 19 än
846 603 25 14 en

112 630 121 28 jämförelse
248 630 76 22 mellan
339 630 182 29 trafikutgifterna
536 631 40 21 och
591 631 197 22 bruttoinkomsten.

112 710 44 20 För
171 710 23 21 är
210 711 55 21 1893
280 711 106 28 uppgingo
402 711 116 28 utgifterna
533 711 31 21 till
582 712 26 20 68
638 712 28 26 ?/,
681 711 23 21 af
718 711 126 26 inkomsten,

130 753 8 11 >
177 754 9 10 »
212 745 55 21 1894
328 754 9 10 >
457 754 8 11 »
549 755 8 10 >
584 746 42 26 63,5
639 746 27 27 %
690 755 9 10 »
775 755 9 10 »

130 787 8 10 >
178 788 9 10 »
213 779 55 21 1895
329 788 9 10 >
458 788 8 11 »
549 789 9 10 »
583 780 43 26 65,
639 780 28 27 %/
691 788 8 11 >
776 788 9 10 »

132 821 8 11 >
180 822 8 10 »
214 814 54 20 1896
330 823 8 10 >
458 823 9 10 >
549 823 9 10 »
585 814 72 26 61,85%
691 823 8 10 »
776 822 9 11 >

183 887 155 29 Järnvägarnas
362 888 67 22 totala
451 888 145 22 driftkostnad
619 889 50 21 eller
689 888 131 28 trafikutgift
835 888 38 21 har

114 921 62 21 alltså
197 922 67 21 under
282 922 62 21 dessa
358 922 48 29 fyra
420 922 23 22 år
457 924 80 27 utgjort
551 924 8 20 i
573 923 100 21 medeltal
689 923 52 26 64,71
750 923 33 26 %/o,
799 921 50 22 eller
864 922 7 20 i

115 956 63 21 rundt
192 956 30 21 tal
238 957 26 20 65
272 957 28 26 %/,
315 956 23 22 af
352 957 66 21 totala
433 957 126 21 inkomsten.

183 995 36 21 Då
234 996 36 21 det
285 998 73 20 nästan
374 996 62 22 alltid
450 998 58 20 visar
520 998 32 27 sig
562 1000 32 18 att
604 997 59 21 detta
672 996 119 29 procenttal
801 996 76 21 ställer

115 1030 32 27 sig
169 1030 57 28 lägre
248 1030 38 21 vid
308 1031 58 21 stark
389 1033 26 19 än
436 1031 38 21 vid
489 1039 89 20 svagare
592 1031 201 28 bruttoafkastning,
807 1030 66 21 borde

114 1071 49 14 man
178 1064 37 21 vid
231 1065 95 21 växande
341 1065 93 21 inkomst
448 1065 51 21 ernå
514 1068 32 18 ett
559 1065 39 21 allt
606 1072 160 21 gynnsammare
776 1067 98 26 procent-

114 1098 30 21 tal
166 1099 8 20 i
195 1099 60 21 detta
269 1099 125 22 hänseende.
424 1099 53 21 Men
492 1099 28 22 då
536 1099 13 21 å
563 1099 66 22 andra
645 1099 60 22 sidan
719 1099 41 21 den
776 1098 23 21 af
812 1098 61 21 tarif-

115 1132 46 21 fens
183 1133 135 28 nedsättning
340 1133 123 22 emotsedda
478 1134 80 28 ökning
573 1134 22 21 af
609 1133 174 28 trafikmängden
797 1132 77 22 verkar

115 1167 112 28 stegrande
245 1167 64 21 äfven
327 1167 27 29 på
371 1167 122 28 utgifterna,
507 1171 51 18 utan
573 1171 32 18 att
619 1168 41 21 den
675 1167 102 22 kontanta
791 1167 82 21 inkom-

115 1203 46 18 sten
176 1201 75 21 därvid
266 1204 80 25 stegras
361 1202 8 20 i
384 1209 80 14 samma
476 1202 133 21 förhållande
622 1210 45 13 som
677 1202 66 29 enligt
753 1201 42 22 den
804 1201 70 28 gamla

114 1235 94 26 tariffen,
228 1237 24 19 är
271 1235 37 21 det
327 1235 134 29 försiktigare
478 1239 32 18 att
524 1236 94 21 beräkna
632 1237 116 28 utgifterna
762 1235 33 22 till
811 1236 27 20 70
846 1235 27 27 %

114 1269 23 21 af
152 1269 41 21 den
208 1269 34 21 för
256 1269 72 28 hvarje
340 1269 24 21 år
376 1270 137 28 kalkylerade
526 1270 174 22 inkomstsiffran.
724 1270 43 21 För
778 1269 23 22 år
812 1269 62 26 1897,

115 1303 119 21 hvarunder
256 1303 192 29 tariffsänkningen
470 1304 49 21 icke
535 1307 55 18 ännu
605 1305 92 28 antagits
713 1307 70 25 stegra
797 1303 79 22 trafik-

114 1337 110 28 mängden,
245 1338 39 21 bör
301 1338 37 21 det
353 1338 55 21 dock
423 1346 52 14 vara
490 1339 125 28 tillräckligt
629 1342 32 18 att
675 1339 93 21 beräkna
782 1337 93 28 utgiften

114 1371 32 21 till
164 1373 26 20 65
199 1372 33 27 %/,.

183 1411 74 29 Enligt
272 1412 62 21 dessa
347 1413 92 27 grunder
454 1415 24 18 är
493 1413 148 28 efterföljande
657 1412 217 23 rentabilitetsberäk-

114 1446 50 28 ning
179 1446 34 21 för
227 1445 161 29 ifrågavarande
404 1446 24 21 är
442 1447 107 28 uppstäld.
574 1447 120 22 Anmärkas
705 1447 39 22 bör
753 1447 56 21 dock
820 1447 55 21 först
