1023 1659
184 144 15 21 4
374 144 85 23 Ständ.
475 144 39 24 Sv.
530 158 28 3 —
574 145 74 29 Prop.
664 145 46 23 N:o
726 145 38 22 29.

253 212 31 22 Af
304 214 131 27 principiella
457 214 46 22 skäl
525 214 64 22 hafva
612 214 126 22 Ständerna'
753 214 101 22 likaledes
873 214 70 21 ansett

185 247 34 27 sig
240 248 54 21 böra
316 248 31 21 till
369 248 211 27 utskrifningslagen,
603 249 69 21 under
687 249 28 21 33
731 248 17 28 &,
763 248 107 22 öfverföra
885 248 36 22 det
936 248 7 20 i

185 281 12 28 $
212 281 26 21 41
252 281 23 22 af
283 281 103 28 förslaget
396 283 31 20 till
438 283 131 21 instruktion
580 283 34 21 för
624 283 319 27 utskrifningsmyndigheterna

185 316 105 27 ingående
306 316 132 27 stadgandet,
453 319 32 19 att
495 317 74 21 därest
578 317 34 21 för
621 317 225 27 fyllnadsutskrifning
856 316 87 22 afsedda

185 350 73 21 hästar
280 351 32 20 till
335 351 215 28 utskrifningsstället
572 351 92 22 anlända
686 351 54 22 efter
762 352 42 21 den
819 351 23 22 af
854 350 86 22 utskrif-

185 385 171 27 ningsnämnden
379 386 111 21 bestämda
512 386 65 26 tiden,
593 392 49 15 men
657 385 47 22 före
718 385 148 22 bortförandet
881 385 23 22 af
917 385 26 22 de

185 419 79 26 hästar,
287 419 71 22 hvilka
379 420 6 21 i
401 420 62 21 deras
479 420 61 21 ställe
555 420 47 21 från
617 421 68 21 andra
700 421 102 21 områden
818 419 125 26 utskrifvits,

186 453 27 21 de
234 454 134 21 sistnämnda
391 454 56 26 böra,
467 455 70 20 såvidt
554 455 212 27 omständigheterna
782 455 35 21 det
832 453 111 28 medgifva,

186 487 86 28 utbytas
295 490 45 19 mot
361 490 30 19 ett
413 489 152 21 motsvarande
588 489 58 21 antal
668 489 24 21 af
705 489 27 22 de
747 489 76 21 efteråt
838 489 105 21 ankomna

187 521 107 22 hästarna.

257 557 35 20 Då
306 557 66 27 enligt
386 557 149 28 lagförslagets
552 558 27 21 33
595 558 39 21 och
650 558 28 21 34
693 558 24 27 $$
732 557 72 22 hästar
815 557 67 22 under
892 557 51 21 flere

186 591 66 26 dagar
267 591 73 21 kunna
354 591 119 22 kvarhållas
489 593 13 20 å
517 591 221 28 utskrifningsstället,
754 592 7 21 i
776 591 35 22 fall
823 592 75 21 sådant
908 591 32 21 för

186 625 170 28 utskrifningens
368 625 132 28 fullföljande
510 626 96 21 befinnes
618 627 80 26 nödigt,
710 626 39 21 och
760 632 90 21 egarene
860 625 82 22 således

186 659 68 21 under
277 660 58 21 tiden
354 660 27 27 gå
394 660 63 21 miste
473 667 35 14 om
524 661 41 20 den
580 660 130 21 arbetskraft
725 660 113 21 hästarnas
854 660 89 21 vårdare

186 695 155 25 representera,
364 701 63 20 synes
447 695 136 26 godtgörelse
601 694 63 21 äfven
683 694 73 21 härför
775 701 50 14 vara
840 694 102 27 påkallad.

255 728 50 21 Med
326 729 124 26 anslutning
469 729 32 21 till
519 729 189 26 bestämningarna
723 729 7 21 i
744 729 28 20 43
788 729 11 27 $
814 728 23 22 af
850 728 92 21 instruk-

186 762 73 21 tionen
281 762 33 21 för
337 763 319 27 utskrifningsmyndigheterna
677 763 39 21 har
738 763 7 21 i
765 763 28 21 35
814 763 11 28 &
843 763 23 21 af
880 763 62 26 lagen

185 796 89 27 intagits
298 796 107 22 föreskrift
424 797 80 26 därom,
520 799 32 19 att
567 797 209 27 hästemottagarens
792 800 88 19 utevaro
895 797 47 21 frän

186 830 234 28 utskrifningstillfället
435 831 45 22 icke
495 833 65 26 utgör
575 831 75 22 hinder
666 831 33 22 för
712 831 168 27 förrättningens
890 831 52 21 fort-

186 865 62 27 gäng.
286 865 110 27 Därjämte
418 865 39 22 har
479 872 77 15 senare
578 868 118 19 momentet
720 866 7 21 i
742 865 28 22 35
780 861 10 37 &
812 865 131 22 uteslutits
931 861 16 37 i

185 899 212 22 Ofverenstämmelse
412 900 48 21 med
475 900 145 27 ändringarna
634 899 23 22 af
672 900 26 21 19
714 899 39 22 och
768 900 28 21 20
812 900 29 27 88.

255 934 74 27 Enligt
343 934 148 27 ordalydelsen
506 935 7 20 i
530 935 10 20 1
557 941 64 14 mom.
636 935 28 20 38
668 929 12 36 &
697 933 23 22 af
728 933 136 28 lagförslaget
875 934 67 21 skulle

186 968 38 21 där
240 968 128 21 omförmäld
382 968 101 27 pröfning
497 969 7 20 i
519 968 61 27 fräga
595 975 34 14 om
643 969 96 20 tillständ
752 968 32 21 till
796 968 146 21 hästleverans

186 1001 78 26 kunna,
288 1002 120 21 oberoende
430 1002 23 21 af
470 1002 62 21 äfven
548 1003 27 21 de
590 1004 56 19 mest
660 1002 140 27 fullständiga
815 1003 106 26 garantier
936 1003 7 20 i

185 1035 101 22 afseende
309 1037 13 20 ä
343 1036 136 22 leveransens
495 1036 140 28 fullgörande,
650 1037 49 21 leda
714 1037 31 20 till
761 1039 31 19 ett
806 1036 73 28 afslag.
909 1037 32 20 En

185 1070 58 27 dylik
258 1071 139 21 eventualitet
412 1077 63 21 synes
491 1071 55 21 dock
561 1071 24 21 sä
599 1071 85 27 mycket
698 1071 66 21 hellre
776 1071 53 21 böra
838 1071 104 21 uteslutas

186 1110 47 15 som
256 1105 36 20 det
314 1104 99 28 frivilliga
433 1105 101 26 anbudet,
550 1111 34 15 om
600 1105 37 21 det
651 1107 95 25 antages,
762 1105 88 21 innebär
866 1111 26 15 en
907 1107 35 19 vä-

186 1139 79 26 sentlig
287 1139 82 21 lättnad
386 1139 33 21 för
434 1139 147 27 hästegarene,
597 1139 39 22 och
652 1139 72 22 därför
740 1139 38 21 bör
794 1141 148 25 uppmuntras,

185 1172 33 21 för
241 1175 33 19 att
295 1173 7 21 i
324 1173 107 28 möjligast
454 1173 76 22 talrika
550 1173 36 22 fall
602 1175 52 25 göra
670 1173 273 27 utskrifningsförfarandet

186 1207 32 20 till
240 1213 27 15 en
289 1207 164 28 nödfallsutväg.
485 1208 50 21 Med
555 1207 101 22 afseende
671 1208 52 20 härä
737 1207 39 22 har
790 1208 94 21 nämnda
898 1214 44 15 mo-

186 1243 60 20 ment
256 1241 173 22 omformulerats
439 1242 87 26 därhän,
536 1244 32 19 att
578 1242 128 27 pröfningen
718 1242 85 21 komme
814 1244 31 19 att
855 1242 88 21 omfatta

186 1275 77 22 endast
281 1276 40 21 den
340 1276 192 27 omständigheten,
548 1276 106 21 huruvida
668 1277 126 26 ätagandets
810 1275 133 28 fullgörande

186 1309 41 21 kan
243 1316 63 15 anses
321 1317 51 14 vara
388 1311 114 26 behörigen
518 1311 135 20 säkerstäldt.

256 1345 33 20 De
304 1344 23 21 af
341 1344 120 22 Ständerna
475 1345 7 20 i
497 1344 138 27 lagförslaget
646 1344 86 21 införda
741 1351 41 20 nya
792 1344 151 27 paragraferna

186 1378 26 20 41
236 1379 40 20 och
299 1379 28 20 42
349 1378 51 26 afse,
423 1379 41 21 den
486 1378 59 21 förra
562 1380 32 19 att
608 1378 118 27 förebygga
740 1378 149 27 försumlighet
904 1378 39 21 och

186 1412 52 20 svek
260 1413 50 21 med
332 1412 81 27 hänsyn
437 1412 31 22 till
490 1412 27 21 de
541 1412 114 27 uppgifter,
673 1412 72 21 hvilka
764 1412 60 21 skola
840 1412 57 27 tjena
912 1412 31 21 till

186 1447 70 25 grund
276 1447 35 21 vid
326 1446 140 22 hästantalets
482 1446 121 27 fördelning
618 1447 28 26 pä
660 1446 228 27 lottningsomrädena,
904 1446 39 22 och
