1039 1659
174 146 28 21 32
364 145 83 23 Ständ.
464 145 38 23 Sv.
518 158 27 3 —
561 146 74 28 Prop.
653 146 43 22 N:o
711 145 39 23 23.

174 214 126 27 kungjordt
315 214 6 20 i
338 215 117 20 allmänna
477 214 148 27 tidningarna
649 216 60 19 samt
731 220 83 20 genom
830 214 102 21 kallelse-

175 248 52 21 bref
240 248 106 27 delgifvet
361 248 165 27 borgenärerne
542 249 30 27 på
589 250 43 20 sätt
650 249 5 20 i
666 248 103 21 nämnda
780 248 85 27 kapitel
876 248 56 21 före-

175 282 105 26 skrifves,
296 283 113 21 hvarefter
424 283 171 27 förteckningen
611 283 42 21 bör
669 284 76 25 läggas
761 282 33 21 till
810 282 75 27 grund
898 282 35 21 för

175 316 247 27 fördelningslängden.

246 351 48 21 Har
312 352 198 26 expropriationen
527 352 105 20 omfattat
648 352 51 20 hela
716 351 141 26 fastigheten,
874 350 58 22 skall

176 385 245 28 ersättningsbeloppet
431 386 74 20 städse
517 386 116 20 nedsättas
645 386 44 20 och
700 385 129 27 fördelning
839 385 25 21 af
872 384 61 21 med-

176 419 37 21 len
230 419 40 21 ske
286 420 29 27 på
332 421 43 19 sätt
391 420 67 20 ofvan
475 421 24 19 är
515 420 71 26 sagdt.

247 453 132 21 Kostnaden
402 454 34 20 för
459 454 42 20 här
522 454 102 21 nämnda
644 454 104 26 åtgärder
763 454 58 20 skall
838 454 94 20 ersättas

176 488 26 20 af
215 487 147 21 tillträdaren.

526 535 25 19 51
569 535 19 25 &.

247 579 70 27 Utgör
330 579 134 27 fastigheten
473 580 175 26 fideikommiss,
661 586 54 14 vare
725 579 140 21 tillträdaren
877 579 57 27 plik-

176 613 32 27 tig
224 616 32 18 att
272 614 104 20 nedsätta
391 614 227 27 ersättningsbelopp,
635 621 51 14 som
702 614 109 20 bestämts
828 616 30 18 att
867 614 29 26 på
906 620 27 14 en

177 648 59 26 gång
259 648 65 26 utgå;
347 649 44 20 och
414 654 38 21 ege
475 649 110 21 Senatens
601 648 287 27 Ekonomiedepartement
904 648 30 27 på

177 684 155 24 guvernörens
343 683 167 26 framställning
521 683 44 21 och
576 683 55 21 efter
641 682 182 22 vederbörandes
832 682 102 21 hörande

177 716 110 21 förordna
310 724 38 14 om
372 717 101 21 medlens
496 717 139 27 förvaltning
653 717 30 27 på
700 718 49 25 sätt,
766 724 50 14 som
832 718 103 19 närmast

177 750 47 21 kan
240 757 67 15 anses
322 751 204 21 öfverensstämma
541 752 52 20 med
610 752 115 20 stiftarens
741 751 73 21 afsikt.

247 785 134 21 Afträdaren
397 792 53 14 vare
466 786 125 26 berättigad
607 788 32 18 att
654 786 55 26 lyfta
725 785 97 26 medlen,
836 785 41 21 där
888 786 46 20 han

178 818 62 22 visar
262 819 34 27 sig
318 820 69 20 hafva
410 825 81 21 genom
515 820 60 26 fång,
591 820 72 20 hvarå
679 820 50 26 laga
746 820 66 20 stånd
828 819 104 25 kommit,

176 853 125 21 förvärfvat
318 860 77 14 annan
411 854 104 26 fastighet
531 854 25 20 af
571 854 47 20 lika
634 854 70 20 värde
716 854 51 20 med
776 854 44 20 den
829 854 105 20 afträdda

176 888 60 26 eller,
253 888 7 20 i
276 888 38 20 fall
331 888 80 21 endast
426 889 89 21 mindre
531 889 35 21 del
583 889 24 20 af
621 889 134 26 fastigheten
767 888 101 27 afträdts,
880 888 54 20 ned-

177 922 45 26 lagt
246 922 13 20 å
281 922 155 22 förbättrande
452 923 24 21 af
489 923 128 21 återstoden
634 923 25 21 så
675 923 98 27 mycket,
790 930 49 13 som
856 929 78 14 svarar

176 958 49 19 mot
241 956 254 28 ersättningsbeloppet;
511 958 44 20 och
571 958 99 20 förklare
687 957 97 20 Senaten
800 957 7 20 i
823 957 60 20 förra
895 956 39 21 fal-

176 990 36 26 let,
236 993 33 18 att
292 991 43 21 den
358 991 143 21 förvärfvade
517 992 135 26 fastigheten
669 991 58 21 skall
744 991 6 20 i
767 991 74 21 stället
856 991 77 21 såsom

176 1024 169 22 fideikommiss
361 1032 73 14 anses.

527 1078 26 20 52
570 1078 18 26 8.

247 1122 49 21 Har
318 1122 25 20 af
356 1129 78 14 annan
450 1123 75 27 orsak,
541 1124 30 20 än
587 1123 6 20 i
609 1124 28 20 50
653 1123 12 27 &
682 1124 58 25 sägs,
757 1122 63 27 fråga
832 1122 103 27 uppstått

176 1162 39 14 om
231 1156 73 21 bättre
317 1158 44 19 rätt
371 1156 32 21 till
416 1157 60 21 hvad
488 1157 77 21 såsom
577 1157 126 26 ersättning
713 1156 110 21 bestämts
834 1158 32 18 att
874 1156 60 26 utgå,

176 1190 66 20 skola
266 1191 91 21 medlen
381 1191 44 20 ock
448 1191 122 27 nedsättas,
590 1191 33 21 till
644 1191 52 21 dess
713 1190 99 22 domstol
829 1190 106 27 slutligen

176 1224 83 26 afgjort
275 1224 70 21 saken
362 1225 53 20 eller
431 1232 38 14 om
485 1225 102 21 medlens
603 1225 99 27 lyftning
717 1224 123 21 förordnat.

527 1300 27 20 53
571 1300 18 26 8.

246 1344 30 20 Så
294 1346 63 19 snart
372 1344 140 22 tillträdaren
529 1346 42 20 hos
587 1346 143 26 guvernören
744 1344 58 21 visat
818 1344 33 27 sig
867 1344 69 21 hafva

176 1378 125 27 behörigen
325 1379 101 27 fullgjort
445 1380 60 20 hvad
521 1380 7 20 i
544 1380 27 20 48
588 1380 11 26 $
615 1379 152 26 föreskrifves,
784 1379 98 21 förklare
898 1384 38 21 gu-

175 1414 114 20 vernören
304 1413 199 27 expropriationen
520 1414 142 25 fullbordad;
679 1414 44 20 och
739 1413 58 21 skall
813 1413 66 27 förty,
895 1412 42 21 där

175 1446 119 22 afstående
310 1447 25 21 af
348 1448 44 20 fast
407 1448 110 26 egendom
533 1450 26 19 är
574 1448 7 20 i
597 1448 69 26 fråga,
682 1447 142 21 tillträdaren
840 1447 97 21 därefter
