1039 1659
173 150 28 20 34
359 149 83 23 Ständ.
459 150 39 22 Sv.
514 162 28 4 —
557 150 75 29 Prop.
646 150 44 23 N:o
706 150 38 23 23.

173 218 73 21 afsedt
262 218 108 22 ändamål
386 219 105 27 behöflig,
508 220 80 20 stånde
605 225 65 21 egare
686 220 25 20 af
722 219 129 21 återstoden
862 221 68 26 öppet

173 254 32 19 att
220 252 65 22 inom
300 255 32 19 tre
348 253 110 21 månader
472 254 56 20 efter
543 254 37 20 det
596 254 47 20 han
660 260 37 14 om
714 254 148 26 föryttringen
881 253 49 21 blif-

173 286 32 21 vit
227 286 148 22 underrättad
398 288 97 20 återlösa
519 288 66 20 delen
606 288 34 20 för
656 288 37 20 det
708 288 54 27 pris,
779 288 91 20 hvartill
885 287 44 21 den

173 320 122 28 föryttrats.

521 436 14 21 5
554 430 59 28 kap.

173 487 36 23 Om
233 487 175 28 skyndsammare
422 487 124 23 förfarande
561 488 33 22 vid
611 488 157 28 expropriation
784 488 5 22 i
805 488 59 22 vissa
878 488 44 22 fall.

522 546 26 20 57
565 546 19 26 $.

243 591 51 20 Kan
315 591 112 27 fastighet,
443 598 38 14 om
497 591 69 21 hvars
582 591 172 27 expropriation
770 592 135 26 anläggaren
922 591 7 20 i

172 624 44 22 den
241 625 33 20 uti
298 625 26 20 18
343 625 11 27 3
370 625 107 27 stadgade
494 625 98 27 ordning
607 625 103 25 anhållit,
726 625 34 21 till
776 625 55 27 följd
846 625 26 21 af
884 625 45 21 ärs-

172 658 63 22 tiden
250 659 54 21 eller
319 659 25 21 af
357 666 77 14 annan
451 660 68 20 orsak
535 659 49 21 icke
600 659 102 27 undergå
718 659 44 21 den
774 659 6 21 i
792 660 11 20 3
813 660 51 26 kap.
874 659 55 21 före-

172 693 89 21 skrifna
276 693 119 27 värdering
406 694 25 20 så
440 694 142 27 skyndsamt,
592 700 49 14 som
651 694 119 26 företagets
779 693 47 21 vikt
835 693 93 27 fordrar,

172 727 39 21 må
227 728 138 26 anläggaren
381 728 85 25 kunna,
482 734 83 20 genom
582 728 82 21 sådant
680 728 190 26 skyndsammare
886 728 43 20 för-

172 761 101 27 farande,
291 768 50 14 som
357 762 75 21 nedan
448 762 6 20 i
470 762 60 21 detta
547 762 84 28 kapitel
643 762 155 26 omförmäles,
807 762 69 20 vinna
884 764 44 19 rätt

171 798 33 18 att
227 796 48 20 före
298 796 211 27 expropriationens
532 796 133 21 fullbordan
680 796 46 21 tills
742 796 78 21 vidare
834 796 94 27 belägga

171 830 136 27 fastigheten
330 831 52 21 med
404 832 82 20 arbete.
518 832 65 20 Dock
606 831 38 21 må
666 831 44 21 slik
732 831 90 21 förmån
838 830 18 28 ej
873 833 55 18 utan

172 864 142 22 afträdarens
331 866 116 26 samtycke
463 866 107 26 åtnjutas,
587 865 75 21 såvidt
677 865 157 27 begagnandet
849 865 25 21 af
890 865 39 21 bo-

171 899 63 21 stads
250 900 54 20 eller
319 899 127 21 industriell
455 900 137 26 inrättnings
603 902 58 18 tomt
668 905 83 21 genom
762 899 166 27 anläggningen

172 932 7 21 i
195 933 98 27 märklig
309 934 54 20 mån
379 934 120 21 försvåras.

521 1032 27 20 58
565 1032 18 26 8.

241 1076 196 28 Skyndsammare
448 1077 130 21 förfarande
590 1083 38 21 ege
639 1084 52 14 rum
703 1077 81 21 endast
785 1072 10 37 i
808 1077 39 20 fall
855 1076 74 27 fastig-

172 1110 81 21 hetens
269 1110 141 26 afträdande,
422 1112 54 20 efter
486 1111 116 21 verkstäld
613 1111 135 26 utstakning
756 1111 25 21 af
786 1111 142 26 densamma,

171 1145 26 19 är
211 1144 54 21 med
281 1145 94 21 hänsikt
388 1145 34 21 till
439 1145 156 27 stadgandena
610 1145 8 21 i
634 1146 85 20 20—23
735 1146 25 26 88
776 1145 109 26 ostridigt.

241 1179 50 20 Kan
315 1179 133 27 utstakning
468 1179 18 27 ej
512 1179 112 27 snarligen
642 1180 40 20 ske
698 1180 43 20 och
758 1180 80 20 företer
854 1179 75 26 anläg-

170 1217 69 21 garen
263 1213 72 21 sädan
357 1213 65 21 karta
438 1214 62 20 öfver
516 1214 37 20 det
568 1214 128 20 ästundade
713 1214 104 20 omrädet
830 1216 32 18 att
877 1213 52 21 dess

170 1246 49 26 läge
243 1247 45 21 och
307 1248 93 25 gränser
415 1248 70 20 därur
500 1248 100 27 tydligen
616 1248 96 26 framgä,
728 1248 25 20 sä
770 1248 43 20 vck
828 1247 63 21 bevis
907 1247 25 21 af

170 1280 171 22 vederbörande
354 1281 118 27 jordegare
489 1284 60 18 samt
565 1282 149 21 innehafvare
731 1282 25 20 af
767 1282 163 27 nyttjanderätt

169 1314 54 21 eller
246 1321 78 15 annan
348 1315 95 21 därmed
466 1316 93 21 likstäld
582 1316 112 27 rättighet,
711 1318 32 18 att
758 1316 28 20 de
801 1316 78 20 bifalla
895 1316 33 20 till

169 1349 118 21 omrädets
303 1350 177 27 expropriation,
496 1351 29 20 dä
541 1351 38 20 mä
596 1350 192 28 skyndsammare
799 1350 129 21 förfarande

169 1383 135 27 medgifvas,
321 1384 95 21 såframt
431 1384 38 21 vid
485 1384 60 21 deni
558 1386 27 19 23
597 1385 11 26 $
618 1384 153 21 omförmälda
781 1384 147 27 granskning,

169 1416 116 28 företagen
308 1418 53 20 med
377 1418 92 27 ledning
485 1419 25 21 af
523 1418 103 22 nämnda
642 1419 72 26 karta,
730 1419 76 26 nägon
822 1418 107 21 anmärk-

169 1450 56 28 ning
241 1454 49 18 mot
305 1452 104 21 omrädet
424 1453 18 27 ej
459 1453 153 21 förekommit.
