1042 1656
335 144 27 23 U.
377 144 28 23 B.
422 158 28 3 —
466 144 74 30 Prop.
556 145 46 22 N:o
617 145 38 22 23.
839 144 30 23 43

116 210 87 29 förslag
223 218 37 14 om
281 211 43 21 den
345 211 105 22 säkerhet
466 211 142 22 tillträdaren
623 211 42 21 bör
680 211 66 21 ställa
762 210 35 22 för
812 210 57 22 inlö-

116 246 81 22 sandet
212 246 27 22 af
251 247 136 22 äterstoden.

188 282 120 22 Nämnden
323 285 85 19 utsätte
425 282 34 22 tid
474 283 36 21 för
525 283 123 28 värdering
662 283 26 21 af
696 283 43 25 det,
752 290 48 14 som
811 284 58 20 åter-

118 320 56 26 står;
198 318 72 22 utläte
292 318 36 30 sig
348 319 43 21 ock
411 318 40 22 vid
467 319 105 22 ärendets
588 319 94 29 slutliga
697 318 174 29 handläggning

118 361 37 15 om
170 354 44 22 den
230 355 132 29 ersättning,
380 362 48 14 som
444 355 44 22 kan
506 362 54 15 vara
575 355 108 29 päkallad
699 355 36 21 för
750 354 121 30 olägenhe-

118 393 64 19 terna
198 390 39 22 vid
253 391 141 22 äterstodens
410 391 149 29 begagnande
576 391 71 22 under
663 391 69 22 tiden.

459 458 13 26 8
494 457 35 21 37.

190 503 54 22 Kan
266 504 97 22 särskild
386 504 72 22 skada
480 505 55 21 eller
558 504 127 29 olägenhet,
711 511 48 15 som
774 503 97 24 förutses

119 542 84 27 uppstä
227 540 136 29 derigenom,
388 543 34 19 att
445 540 161 29 begagnandet
627 540 26 22 af
665 540 110 29 fastighet
791 540 81 22 under-

120 575 76 22 kastas
220 575 165 30 inskränkning
408 576 54 22 eller
486 579 35 19 att
545 576 36 21 del
600 576 27 22 af
639 576 111 29 fastighet
765 576 106 27 afträdes,

120 611 50 22 icke
192 613 31 27 pä
246 611 96 23 förhand
366 612 35 21 till
416 612 36 22 sin
472 612 56 22 vidd
543 612 76 22 säkert
636 612 116 28 beräknas,
770 613 43 26 mä,
831 611 39 22 der

120 647 130 22 afträdaren
273 648 81 22 sädant
378 648 38 21 vid
440 648 150 29 värderingen
616 648 75 29 yrkar,
716 647 156 29 ersättningen

120 682 48 22 tills
183 683 77 22 vidare
276 683 136 22 bestämmas
428 684 36 21 till
480 684 39 21 det
533 683 90 30 belopp,
641 683 92 22 hvartill
749 683 44 22 den
809 690 64 15 anses

120 719 73 21 under
208 719 44 21 alla
268 719 157 22 förhällanden
436 721 89 28 uppgä;
542 719 43 22 och
596 727 53 14 vare
660 719 141 22 tillträdaren
811 719 62 28 skyl-

122 754 40 29 dig
178 756 34 20 att
228 755 66 22 ställa
306 755 105 22 säkerhet
421 755 36 22 för
467 755 134 29 ytterligare
612 755 133 28 ersättning,
757 762 37 14 om
805 754 68 22 hvars

121 789 83 30 belopp
220 791 113 22 nämnden
348 791 42 22 bör
406 791 88 29 afgifva
510 791 93 28 förslag.

193 826 138 23 Afträdaren
352 835 41 21 ege
412 830 47 19 rätt
474 830 35 19 att
523 827 40 22 vid
580 827 99 22 domstol
694 827 49 21 föra
758 826 61 22 talan
837 833 36 14 om

122 861 78 22 vidare
219 863 127 29 ersättning
364 863 62 22 inom
444 866 35 19 tre
494 865 32 26 är,
542 863 107 27 räknade,
667 863 38 21 vid
721 862 152 29 öfvergäende

122 897 166 30 inskränkning
302 899 9 21 i
327 899 121 29 fastighets
469 899 150 29 begagnande
640 899 51 21 frän
707 898 38 21 det
761 897 63 22 tiden
839 897 36 21 för

122 932 195 31 inskränkningen
333 934 161 30 tilländalupit,
512 934 42 22 och
570 934 40 22 vid
621 942 75 14 annan
706 932 168 31 expropriation

122 968 53 22 frän
190 969 124 29 företagets
330 970 166 22 fullbordande.

464 1032 12 25 s
492 1030 42 27 38.

195 1076 132 23 Nämndens
344 1078 122 28 protokoll,
484 1078 65 22 hvari
565 1078 8 21 i
588 1077 93 22 korthet
696 1079 113 27 upptagas
825 1076 49 21 sak-

124 1120 106 19 egarenes
251 1113 145 28 anföranden,
418 1114 125 22 nämndens
564 1113 107 29 yttrande
692 1113 51 21 med
760 1112 49 22 dess
825 1112 51 21 huf-

124 1148 136 30 vudsakliga
279 1150 50 21 skäl
348 1152 60 20 samt
424 1149 121 29 skiljaktig
561 1149 99 29 mening,
677 1149 40 21 der
732 1148 71 22 sädan
817 1147 59 21 före-

124 1184 104 28 kommit,
253 1185 40 21 bör
312 1187 69 26 jemte
402 1186 107 28 samtliga
525 1185 202 29 delgifningsbevis
743 1184 44 22 och
802 1182 75 29 öfriga

124 1219 136 30 handlingar
282 1221 106 22 insändas
412 1222 36 21 till
471 1224 143 26 guvernören
636 1221 62 21 inom
719 1220 71 22 sextio
807 1219 70 29 dagar

125 1255 59 22 efter
211 1257 189 21 sammanträdets
424 1257 51 22 slut.
507 1257 12 21 I
541 1256 150 29 vidlyftigare
715 1255 98 23 ärenden
836 1262 41 22 ege

126 1290 59 22 dock
200 1295 143 25 guvernören
359 1292 64 22 makt
439 1294 35 20 att
490 1292 105 29 förlänga
610 1292 69 22 tiden.

197 1327 131 23 Nämndens
351 1329 107 28 yttrande
482 1328 58 22 skall
555 1328 36 22 för
607 1328 136 28 sakegarene
763 1326 114 22 afkunnas

126 1362 55 22 eller
196 1364 30 28 pä
242 1366 69 19 annat
326 1364 108 29 lämpligt
450 1364 43 22 och
504 1364 62 21 förut
576 1363 187 29 tillkännagifvet
774 1364 46 20 sätt
830 1362 47 21 häl-

126 1398 34 21 las
183 1399 51 21 dem
258 1399 112 22 tillhanda
393 1402 76 19 senast
484 1399 87 28 fjorton
587 1399 71 28 dagar
673 1399 48 21 före
737 1398 51 21 dess
803 1397 75 22 insän-

126 1433 83 28 dande;
231 1435 43 21 och
294 1438 26 18 är
335 1435 39 22 det
390 1435 108 29 sakegare
515 1435 107 28 obetaget
638 1437 35 19 att
688 1434 51 22 med
756 1433 122 30 päminnel-

198 1482 126 23 Lagutskottets
336 1482 108 19 betänkande
457 1482 37 19 N:o
506 1483 17 17 7.
