1039 1659
199 127 13 20 8
504 127 40 22 N:o
560 128 35 21 25.

169 196 79 26 23,000
267 196 66 21 mark.
364 196 33 21 Då
416 196 40 21 den
477 196 68 27 årliga
565 196 112 21 tillväxten
693 196 23 21 af
729 196 200 27 lärarepersonalen

169 230 37 21 vid
226 230 114 22 städernas
358 230 124 27 folkskolor,
502 230 7 22 i
525 230 94 28 enlighet
635 230 49 22 med
699 226 182 32 Öfverstyrelsens
897 230 33 22 för

170 264 153 22 skolväsendet
338 265 164 27 uppskattning,
518 265 34 21 för
567 265 147 21 instundande
727 265 203 27 bevillningsperiod

170 299 64 21 torde
253 299 73 27 uppgå
340 299 33 22 till
390 301 25 20 10
430 299 72 22 lärare
518 299 39 22 och
572 301 28 20 30
615 299 130 27 lärarinnor,
762 300 69 21 måste
847 300 82 21 städer-

171 339 40 16 nas
226 333 78 28 bidrag
319 334 32 21 till
365 334 141 22 förenämnda
521 334 52 22 fond
589 336 92 25 antagas
697 335 86 20 komma
799 335 33 20 att
848 334 82 27 årligen

171 368 53 21 ökas
247 369 49 21 med
318 369 164 27 pensionsafgift
499 369 34 21 för
548 369 95 22 nämnda
659 369 60 22 antal
734 369 71 21 lärare
821 369 38 21 och
874 369 56 20 lära-

170 402 76 21 rinnor
263 402 12 22 å
290 409 56 21 resp.
362 404 27 21 40
406 403 38 22 och
455 405 27 20 30
493 404 62 21 mark
566 403 52 22 eller
628 403 48 22 med
687 403 90 27 tillhopa
790 405 61 25 1,300
861 403 68 21 mark.

170 437 10 20 I
196 436 53 28 följd
264 437 64 22 häraf
340 437 40 22 bör
396 437 60 22 äfven
472 437 92 28 utgiften
581 438 24 21 af
617 437 212 28 bevillningsmedlen
844 438 33 21 för
893 439 37 20 än-

171 471 96 22 damälet
295 472 53 21 ökas
372 473 49 21 med
446 472 114 22 enahanda
584 472 86 27 belopp,
696 472 85 21 hvadan
807 473 123 21 densamma

171 505 86 22 komme
272 507 34 20 att
321 508 78 25 utgöra

278 576 53 21 1898
364 593 3 3 .
400 593 3 3 .
434 576 309 27 23,000
521 562 15 45 +
549 562 74 45 1,300
636 562 15 45 =
662 576 81 27 24,300
759 575 67 22 mark.

277 616 53 20 1899
361 632 4 4 .
397 633 3 4 .
433 617 77 25 24,300
520 616 221 28 +1,300
635 603 15 45 =
658 617 83 25 25,600
783 633 9 7 ,

278 656 54 21 1900
363 673 4 4 .
400 673 3 4 .
434 656 113 26 25,600
527 643 14 44 +
558 657 184 25 1,300
637 643 14 44 =
661 657 81 25 26,900
784 673 9 8 —,

562 702 88 22 Summa
667 703 76 25 76,800
759 702 67 21 mark.

240 782 44 21 Det
300 782 74 27 anslag
390 782 22 21 af
428 784 75 25 10,000
519 783 61 21 mark
597 783 88 26 årligen,
701 789 46 15 som
763 782 63 21 stälts
842 782 35 21 till
891 777 40 32 Öf-

171 817 152 27 verstyrelsens
334 817 42 27 för
391 817 148 22 skolväsendet
550 817 138 28 förfogande
703 816 34 22 för
753 817 34 20 att
802 816 84 21 utdelas
897 816 34 21 så-

171 857 47 14 som
234 851 120 22 understöd
368 851 32 22 till
410 851 163 22 folkskollärare
584 851 39 22 och
633 851 129 26 lärarinnor,
773 851 72 20 hvilka
855 856 75 21 genom

171 885 78 21 iråkad
265 885 99 28 sjukdom
380 885 69 22 blifvit
464 886 33 21 för
513 892 26 15 en
555 886 32 21 tid
602 885 153 22 urståndsatta
766 886 34 20 att
810 885 64 21 sköta
885 885 46 21 sina

171 919 93 27 tjenster
288 920 38 21 och
349 921 71 20 måsta
442 920 70 22 aflöna
535 920 98 27 vikarier,
653 920 40 21 har
711 919 136 22 fortfarande
865 919 66 26 tagits

171 954 138 27 synnerligen
326 955 72 20 starkt
412 955 7 20 i
439 955 95 26 anspråk
552 955 24 21 så
596 956 34 20 att
649 955 120 21 detsamma
783 953 70 22 måste
869 959 62 15 anses

170 988 49 21 icke
241 989 75 21 vidare
335 991 109 20 motsvara
462 989 105 26 behofvet,
587 989 56 21 helst
658 989 85 21 landets
759 987 172 22 folkskollärare-

171 1023 104 26 personal
297 1023 67 22 sedan
385 1025 60 25 1891,
464 1024 28 21 då
507 1024 97 27 anslaget
621 1024 22 21 af
657 1023 123 22 Ständerna
795 1023 73 26 höjdes
884 1022 47 21 från

171 1057 65 25 5,000
256 1057 32 21 till
311 1059 75 25 10,000
401 1058 67 26 mark,
485 1058 63 21 ökats
563 1058 48 21 med
627 1058 82 21 inemot
725 1059 26 20 30
760 1058 27 26 %/,
803 1057 39 21 och
857 1056 75 21 fortfa-

171 1091 69 21 rande
257 1093 25 20 är
297 1092 64 21 stadd
376 1093 7 20 i
399 1092 88 22 tillväxt.
510 1092 11 21 I
536 1093 108 21 anseende
659 1092 74 21 härtill
743 1093 107 25 upptages
862 1091 71 21 denna

171 1125 140 28 anslagspost
326 1126 40 22 här
376 1127 33 21 till
424 1127 23 21 af
459 1127 98 21 bemälda
573 1122 156 31 Öfverstyrelse
745 1126 78 21 äskadt
838 1125 95 27 förhöjdt

172 1159 78 28 belopp
268 1160 23 21 af
306 1162 76 25 15,000
397 1162 62 20 mark
473 1161 33 21 för
522 1162 24 21 är
562 1161 51 22 eller
628 1161 33 22 för
676 1161 49 21 hela
734 1160 198 27 bevillningsperio-

171 1193 43 22 den
230 1195 50 21 med
295 1195 141 22 tillsammans
452 1197 77 25 45,000
545 1196 67 21 mark.

241 1229 105 27 Anslaget
365 1229 23 21 af
403 1231 77 25 30,000
495 1231 61 20 mark
572 1237 35 14 om
623 1231 47 20 äret
686 1231 33 20 att
735 1229 110 22 användas
861 1230 71 21 säsom

173 1262 77 29 bidrag
265 1264 35 20 till
315 1264 140 27 uppförande
470 1265 30 26 af
508 1264 152 27 folkskolehus
670 1264 40 21 har
721 1263 61 22 äfven
794 1263 69 22 under
872 1263 61 22 inne-

171 1297 97 22 varande
290 1297 204 28 bevillningsperiod
513 1300 51 20 rönt
579 1305 26 15 en
621 1298 138 27 efterfrägan,
776 1304 45 15 som
837 1297 49 22 vida
901 1297 32 22 öf-

171 1332 101 27 verstigit
295 1333 36 21 det
353 1333 123 21 beräknade
498 1333 108 27 beloppet.
637 1332 72 28 Sagda
731 1332 76 27 anslag
829 1331 33 22 för
882 1332 51 21 ären

174 1366 54 21 1895
245 1367 40 21 och
303 1367 53 21 1896
373 1369 37 19 äro
427 1367 108 21 allaredan
552 1367 33 21 till
595 1367 52 21 fullo
659 1366 143 27 disponerade
813 1366 39 21 och
861 1365 72 21 halfva

171 1400 101 28 anslaget
294 1401 34 21 för
350 1402 25 20 år
395 1402 53 20 1897
468 1401 40 22 har
526 1402 66 27 tagits
607 1402 7 20 i
631 1402 95 26 anspråk
741 1400 33 22 för
789 1400 144 22 tillfredsstäl-

171 1434 65 22 lande
254 1435 24 21 af
295 1436 107 21 särskilda
421 1436 67 22 redan
508 1436 68 22 under
598 1437 53 20 1895
668 1436 103 21 inkomna
787 1435 146 27 ansökningar
