1039 1659
204 133 25 20 10
506 132 43 22 N:o
567 134 32 20 26.

172 203 80 19 västra
276 201 66 21 sidan
362 208 38 14 om
418 201 122 22 Kallavesi
558 202 81 28 väljes,
656 201 67 22 hvari
737 201 95 29 Kajana
847 201 85 21 härads

172 235 151 28 innevånare]
338 235 53 21 med
415 237 76 27 38,975
511 243 111 21 personer
641 235 164 29 inberäknats;
822 237 60 19 samt
898 237 34 19 att

171 269 165 28 folktätheten,
352 269 120 22 beräknad
488 270 60 21 efter
564 270 142 21 socknarnas
721 270 134 21 vidstäckta
867 277 64 14 area-

172 304 41 27 ler,
230 304 8 20 i
253 303 81 22 hvilka
351 304 70 21 äfven
438 304 122 22 obebodda
576 304 138 22 ödemarker
729 304 146 28 inbegripits,
887 304 45 21 vis-

173 338 104 28 serligen
292 338 20 28 ej
330 342 24 18 är
370 340 49 20 stor
434 352 29 2 —
478 338 139 22 varierande
634 338 100 22 emellan
752 341 25 19 10
789 338 44 22 och
846 340 25 20 18
882 346 50 20 per-

173 380 69 13 soner
264 373 30 27 på
314 373 98 27 qvadrat
432 373 44 21 km.
493 373 8 21 i
517 373 120 28 Karttula,
653 373 119 28 Wesanto,
789 372 142 29 Lapinlahti,

173 406 133 29 Maaninka,
322 407 76 21 Nilsiä
414 407 44 21 och
474 407 137 21 Tuusniemi
626 408 105 27 socknar,
749 410 32 25 6,7
794 407 38 21 för
844 406 89 22 Tisalmi

174 441 187 27 landskommun,
378 444 32 26 7,6
427 442 7 20 i
450 442 115 21 Pielavesi
583 442 92 28 socken,
693 444 31 26 3,8
741 442 4 20 i
755 441 122 21 Puolanko
889 441 44 21 och

173 476 73 21 minst
268 476 8 20 i
299 476 153 28 Hyrynsalmi
475 476 57 21 eller
554 479 33 25 0,9
608 476 143 22 innevånare
774 483 41 21 pro
835 475 98 29 gvadrat

173 511 46 20 km.
239 523 27 3 —
287 518 52 14 men
360 510 59 22 dock
438 513 79 26 större,
534 510 182 22 vidkommande
731 510 94 29 Kuopio
840 510 46 28 län,
903 514 30 17 än

175 545 8 21 i
194 546 87 27 många
297 545 26 21 af
337 545 29 21 de
377 545 105 29 socknar,
494 553 50 14 som
555 546 167 28 genomskäras
733 546 27 20 af
769 544 114 22 Savolaks
893 544 40 22 ba-

173 587 49 14 nan
244 580 57 21 eller
320 580 45 21 den
384 580 74 21 under
476 580 113 29 byggnad
604 580 103 22 varande
723 579 210 28 Keuruu—Jyväs-

174 614 57 28 kylä
244 614 107 29 jernväg.

244 650 44 26 2:0)
314 649 151 21 Beträffande
490 649 97 21 hvilken
610 648 252 30 jernvägssträckning
884 654 49 14 som

175 683 38 21 för
228 683 94 29 Kajana
338 683 85 21 härads
439 684 109 28 förening
563 684 54 20 med
632 683 93 21 landets
739 683 154 28 jernvägsnät
908 685 26 17 är

175 717 46 21 den
240 717 8 21 i
269 718 147 21 ekonomiskt
436 718 111 21 afseende
566 718 203 28 fördelaktigaste,
787 717 68 21 anför
869 716 64 21 kom-

175 751 127 22 missionen
322 754 35 19 att
375 752 45 21 den
440 752 60 22 enda
515 752 63 28 linie,
595 760 48 14 som
660 752 57 22 fullt
733 752 43 21 och
791 752 8 20 i
815 751 47 21 alla
877 750 56 22 hän-

175 786 102 21 seenden
299 786 79 22 kunde
402 787 93 29 betjena
518 787 65 21 detta
603 787 79 28 härad,
703 786 79 29 hjelpa
797 785 136 22 landsdelen

175 827 28 14 ur
218 820 53 22 dess
287 821 163 22 tillbakasatta
466 822 43 21 och
524 822 125 21 nödstälda
665 820 142 29 belägenhet
822 822 59 19 samt
896 819 37 21 til-

175 855 49 21 lika
240 855 76 21 blifva
332 856 8 20 i
355 856 73 28 nödig
444 856 54 21 mån
513 856 157 28 inbringande
686 856 38 21 för
739 857 84 25 staten,
839 862 54 14 vore
905 862 28 13 en

175 889 61 21 bana
256 890 54 20 från
328 890 94 28 Kuopio
441 891 39 21 via
498 890 90 22 Iisalmi
603 890 38 21 till
655 890 101 28 Kajana.
786 890 35 20 De
837 889 96 21 företrä-

175 924 52 28 den,
244 931 50 14 som
310 924 76 22 denna
402 924 62 22 bana
478 933 54 21 eger
542 925 100 21 framför
653 924 45 22 den
709 924 134 28 föreslagna
851 923 82 21 Waala

175 958 79 21 banan
270 958 44 22 och
330 959 77 21 banan
423 960 54 21 från
492 960 107 21 Joensuu
613 959 39 21 via
667 960 100 20 Nurmes
783 958 37 21 till
834 958 99 28 Kajana,

175 992 47 21 kan
239 992 75 28 enligt
329 993 195 22 kommissionens
540 993 176 28 framställning
727 992 179 22 sammanfattas
916 992 17 20 i:

175 1026 107 22 kortaste
304 1027 120 21 afståndet
447 1028 99 21 emellan
565 1028 94 28 Kajana
678 1027 74 21 härad
771 1026 43 22 och
830 1028 105 19 centrum

175 1061 27 21 af
219 1060 94 22 landets
330 1061 161 29 jernvägsnät,
511 1062 92 21 landets
623 1061 68 21 södra
707 1060 44 22 och
767 1060 74 22 delvis
857 1062 77 19 vestra

175 1095 100 21 hamnar
294 1098 60 19 samt
372 1096 156 28 vinterhamn,
544 1096 75 21 under
635 1096 39 21 det
690 1097 36 19 att
740 1098 77 25 vägen
833 1094 37 21 till
886 1094 49 22 Wi-

175 1129 59 28 borg
252 1129 20 29 ej
289 1129 79 22 blefve
384 1130 82 29 längre
481 1134 30 18 än
526 1130 68 28 längs
609 1130 74 21 linien
699 1130 67 21 öfver
781 1130 99 20 Nurmes
891 1128 44 22 och

175 1164 113 22 Joensuu.

246 1200 43 26 3:0)
309 1198 54 22 Med
380 1199 110 21 afseende
506 1200 13 20 å
534 1199 91 21 banans
640 1198 180 29 utgångspunkt
836 1198 13 20 å
865 1197 70 22 Savo-

175 1232 51 22 laks
243 1233 78 21 banan
337 1235 61 19 samt
414 1234 52 21 dess
482 1234 137 28 sträckning
634 1233 38 21 till
685 1232 90 22 Tisalmi
786 1232 75 21 finner
871 1232 64 21 kom-

175 1266 129 22 missionen
327 1267 39 21 det
388 1275 58 14 vara
469 1268 181 28 fördelaktigast
669 1266 66 22 såväl
755 1274 28 13 ur
799 1266 137 21 ekonomisk

175 1302 123 27 synpunkt
317 1309 49 14 som
385 1302 44 21 ock
449 1302 53 21 med
517 1302 92 28 hänsyn
625 1302 37 20 till
677 1301 164 29 pluralitetens
858 1300 26 21 af
897 1300 38 22 be-

175 1336 141 28 folkningen
336 1336 75 22 behof
428 1338 61 20 samt
506 1336 76 28 lägsta
599 1334 287 30 anläggningskostnader
901 1336 35 20 att

175 1370 113 22 fortsätta
312 1370 191 30 banbyggnaden
526 1371 53 21 från
603 1370 94 28 Kuopio
721 1370 93 28 station,
839 1368 97 28 öfvergå

174 1404 124 22 Kallavesi
317 1404 53 22 litet
389 1412 93 14 norrom
498 1405 98 21 Toivala
611 1407 60 19 samt
687 1404 26 21 så
729 1404 8 21 i
752 1403 135 22 hufvudsak
903 1403 33 21 åt-

175 1438 59 29 följa
259 1439 118 22 allmänna
400 1439 145 29 landsvägen
567 1440 30 28 på
621 1441 62 19 östra
703 1438 67 22 sidan
789 1445 38 14 om
847 1439 90 20 vatten-
