1061 2339
223 430 28 21 18
426 429 22 23 U.
466 430 21 22 B.
505 442 26 2 —
549 430 62 28 Prop.
629 430 36 22 N:o
682 429 38 22 29.

194 495 140 28 uppsåtligen
356 494 110 29 aflemnat
488 495 142 21 vilseledande
651 495 96 28 uppgift,
769 495 45 21 böte
829 495 61 28 högst
904 496 39 20 ett-

193 531 88 21 hundra
296 531 68 21 mark.

537 580 12 25 s
565 580 35 19 42.

263 627 51 20 Har
336 627 93 21 ledamot
452 627 10 20 i
483 627 145 28 besigtnings-
649 627 50 20 eller
714 625 233 29 utskrifningsnämnd

198 663 37 20 vid
250 663 79 27 förfall
343 663 108 21 uraklätit
465 665 33 19 att
512 663 37 27 för
563 663 33 27 sig
611 663 66 20 ställa
691 663 123 27 suppleant,
832 662 44 21 böte
886 661 61 28 högst

194 699 119 20 trehundra
328 699 69 20 mark.

536 759 12 26 s
565 759 34 20 43.

264 806 55 26 Den,
335 814 46 14 som
399 806 126 29 egenvilligt
540 806 151 28 undandrager
701 806 33 28 sig
744 808 32 19 att
786 805 92 29 fullgöra
887 803 58 23 hvad

197 842 79 21 honom
296 842 69 22 säsom
382 842 94 22 ledamot
491 843 7 20 i
515 842 142 28 besiginings-
674 842 51 21 eller
740 839 207 30 utskrifningsnämd

198 877 86 29 åligger,
299 878 88 22 straffes
403 878 49 22 med
468 878 62 22 böter
544 878 64 28 högst
624 880 84 19 ettusen
724 877 66 22 mark.

536 944 12 27 S
564 945 35 20 44.

264 991 129 22 Uraktläter
408 991 70 29 nägon
489 994 50 19 utan
551 992 49 28 laga
613 991 46 22 skäl
672 993 33 20 att
715 990 37 23 vid
762 990 123 28 besigtning
895 989 51 21 eller

194 1026 131 30 utskrifning
346 1027 157 22 frambefordra
528 1028 32 21 sin
582 1027 49 21 häst
653 1027 34 21 till
709 1026 117 29 behörigen
840 1024 106 30 kungjord

195 1063 165 29 samlingsplats,
383 1063 88 21 straffes
487 1063 35 21 för
533 1063 74 29 hvarje
626 1062 90 22 sälunda
733 1061 143 23 undanhällen
897 1060 49 22 häst

195 1098 50 22 med
266 1098 62 22 böter
342 1099 65 29 högst
421 1098 130 22 femhundra
566 1099 66 25 mark,
644 1099 41 21 och
699 1097 161 24 vederbörande
866 1097 80 29 besigt-

196 1135 72 28 nings-
289 1135 52 21 eller
363 1134 207 30 utskrifningsnämd
591 1134 66 23 hafve
679 1134 61 22 makt
760 1137 33 19 att
812 1136 76 26 genast
903 1132 43 22 låta

199 1170 66 22 sädan
281 1170 49 22 häst
345 1170 27 30 pä
388 1178 88 22 egarens
492 1170 121 22 bekostnad
628 1170 91 22 inställa.

536 1250 12 26 s
565 1250 34 20 45.

264 1295 73 26 Böter,
361 1303 47 14 som
432 1295 67 29 enligt
515 1296 74 21 denna
605 1296 34 27 lag
655 1295 94 27 ädömas,
764 1294 86 22 tillfalla
865 1293 81 22 kronan

195 1330 41 22 och
259 1331 124 22 förvandlas
406 1331 38 22 vid
465 1331 110 22 bristande
598 1330 91 29 tillgång
703 1331 33 22 till
752 1330 62 22 deras
829 1330 58 28 fulla
901 1329 45 28 gäl-

195 1366 70 23 dande
280 1368 68 27 enligt
362 1369 84 20 allmän
462 1367 106 28 sirafflag.

500 1474 81 21 KAP.
604 1473 30 22 X.

340 1539 43 22 Om
399 1538 145 23 kostnaderna
560 1538 38 22 vid
613 1537 186 29 hästutskrifning.

540 1599 12 27 8
569 1599 34 21 46.

265 1646 176 29 Reseersättning
472 1646 23 22 åt
523 1646 166 22 medlemmarne
714 1646 8 20 i
749 1643 198 30 hesigtningsnämd

198 1682 75 28 (utesl.)
297 1682 111 22 äfvensom
430 1682 70 29 öfriga
520 1681 50 22 med
585 1680 170 24 verkställandet
772 1680 24 22 af
810 1678 137 24 hästutskrif-

195 1718 52 29 ning
262 1718 102 22 förenade
379 1718 118 22 kostnader
512 1717 106 22 bestridas
634 1717 23 21 af
672 1716 88 22 kronan.

265 1759 210 19 Ekonomiutskottets
490 1759 124 19 betänkande
627 1758 38 19 N:o
679 1759 24 18 15
716 1763 19 14 a.
