1034 1659
305 98 28 22 U.
349 98 27 21 B.
393 110 26 4 —
435 98 74 27 Prop.
525 98 42 22 N:o
583 98 35 22 26.
788 98 27 22 29

84 154 130 28 tillförlitlig,
233 161 46 15 som
298 155 75 21 härvid
392 156 61 27 tages
472 155 91 27 behörig
582 155 82 28 hänsyn
681 156 32 21 till
729 156 42 21 alla
786 156 58 20 såväl

84 190 34 20 vid
134 189 41 21 den
192 196 41 14 ena
248 195 45 15 som
308 190 40 21 den
365 190 67 20 andra
450 189 24 21 af
493 190 26 20 de
539 190 156 26 komparerade
714 190 131 21 bandelarne

84 224 134 21 existerande
234 223 91 27 speciela
339 223 70 22 vilkor
423 223 34 22 för
472 224 145 27 uppkomsten
634 224 23 21 af
671 230 26 15 en
714 226 69 19 större
793 224 52 21 eller

84 258 82 21 mindre
178 257 71 27 trafik,
264 257 81 22 sådana
361 264 44 15 som
419 258 136 21 ekonomiskt
565 258 119 26 kraftigare
695 258 52 22 eller
757 264 88 22 svagare

85 292 136 26 ändpunkter
237 291 32 22 för
285 292 102 26 banorna,
399 294 70 19 tätare
485 292 53 21 eller
553 292 85 28 glesare
652 292 126 26 befolkning
789 292 56 22 inom

85 326 82 21 banans
186 326 159 26 trafikomräde,
364 326 43 21 till-
427 326 52 22 eller
497 326 116 22 fränvaron
636 327 57 21 invid
712 327 95 21 banorna
824 326 24 21 af

85 360 135 22 industriella
231 360 158 28 anläggningar,
398 360 66 28 högre
476 360 53 22 eller
537 361 58 27 lägre
604 360 123 28 uppdrifvet
733 361 112 27 jordbruk,

86 401 45 15 mer
146 395 53 21 eller
215 395 82 21 mindre
312 395 109 27 betydliga
437 395 78 27 skogar
528 401 28 15 m.
583 402 9 14 m
623 394 46 22 Och
686 395 111 21 föranleda
809 401 38 15 na-

84 429 109 27 turligtvis
208 429 62 21 dessa
285 429 228 27 specialförhällanden
534 430 34 20 vid
590 429 145 27 beräkningen
754 430 45 21 dels
815 430 32 20 till

86 463 56 21 vissa
161 463 140 21 reduktioner
321 463 22 21 af
360 463 27 21 de
405 464 12 21 &
437 464 41 21 den
495 464 134 26 jemförande
646 464 117 27 jernvägen
782 464 65 21 funna

85 497 224 27 trafikgvantiteterna
324 498 46 21 dels
386 498 31 21 till
429 498 99 27 lämpligt
539 498 119 21 förökande
670 498 23 21 af
702 498 143 22 densamma."

86 532 107 28 Kalkylen
209 534 24 19 är
249 532 89 21 baserad
354 532 27 27 pä
399 532 54 22 1894
469 532 34 22 ärs
517 533 203 27 jernvägsstatistik,
733 533 39 21 och
785 535 62 24 säges

86 566 73 22 vidare
175 566 7 22 i
198 566 134 28 inledningen
348 566 33 22 till
399 566 123 22 densamma
533 569 33 19 att
579 583 11 11 ,,
593 567 47 21 med
657 568 109 25 undantag
782 567 23 21 af
821 567 26 21 de

87 601 93 21 tillskott
191 601 6 21 i
210 600 69 27 trafik,
292 607 45 15 som
350 603 142 25 supponerats
507 601 79 27 uppstä
596 601 29 27 pä
632 602 69 26 grund
712 601 23 21 af
744 601 104 27 betydligt

88 636 119 26 förkortad,
225 648 26 2 —
267 642 48 14 man
331 636 71 20 kunde
418 638 51 26 säga
485 636 72 20 direkt
572 648 28 3 —
615 638 41 25 väg
672 636 89 21 emellan
777 636 71 20 H:fors

88 670 40 22 och
144 670 71 26 Borgä
231 670 48 21 med
292 670 47 21 dess
353 670 88 27 jernväg
456 670 13 21 ä
485 676 41 15 ena
541 670 61 21 sidan
622 672 57 20 samt
694 670 75 26 Hangö
785 670 63 21 hamn

90 705 39 21 och
145 699 48 27 Åbo
210 705 47 21 stad
271 704 14 22 å
300 704 41 21 den
356 704 73 27 andra,
440 704 43 22 kan
499 704 30 22 all
543 705 7 20 i
567 704 145 28 beräkningen
727 704 71 22 införd
813 711 36 20 ge-

89 739 133 27 nomgäende
237 738 64 22 trafik
317 738 114 22 betecknas
448 739 71 21 säsom
534 738 42 22 fult
591 739 71 26 exakt,
674 740 20 20 d.
706 746 19 14 v.
738 745 16 15 s.
767 745 45 15 som
823 745 25 15 en

88 773 72 27 trafik,
177 774 86 20 hvilken
279 773 156 27 otvifvelaktigt
449 773 57 21 hade
522 774 96 26 betjenat
633 774 32 26 sig
674 773 23 21 af
704 773 40 21 den
753 773 96 21 kortaste

86 807 248 28 jernvägsförbindelsen
354 808 89 21 emellan
464 808 93 20 nämnda
576 810 64 24 orter,
656 808 46 21 ifall
721 808 69 21 denna
807 807 42 20 för-

90 842 96 22 bindelse
209 842 66 22 redan
297 842 25 21 är
346 842 55 22 1894
420 842 82 21 funnits
522 842 38 21 till.
592 842 10 21 I
618 848 81 15 samma
715 842 49 21 män
780 842 69 20 denna

86 877 163 27 genomgäende
264 876 64 22 trafik
343 876 84 22 säledes
442 879 24 19 är
482 883 26 15 en
524 876 105 28 väsentlig
644 876 205 28 faktor
723 872 13 37 i
744 876 105 28 kalkylen,

90 911 84 21 stärker
190 911 42 21 den
247 911 162 21 sannolikheten
420 910 23 22 af
457 911 48 21 dess
517 911 141 21 slutresultat.
679 911 40 21 Till
735 910 115 30 måttstock

89 946 34 21 för
146 946 41 20 den
208 946 72 21 lokala
300 945 102 22 trafikens
421 946 154 26 uppskattning
594 945 48 21 åter
660 947 25 19 är
703 946 27 26 på
749 944 100 22 H:fors—

90 980 66 21 T:hus
169 980 90 27 jernväg
269 980 102 22 utbruten
383 986 25 15 en
421 980 86 26 bandel,
519 980 86 20 hvilken
617 980 39 21 har
667 980 32 21 sin
712 979 138 28 begynnelse-

91 1014 69 28 punkt
175 1014 7 21 i
197 1014 74 22 H:fors
283 1014 39 22 och
338 1014 67 22 slutar
420 1014 35 21 vid
472 1020 25 15 en
513 1014 71 27 punkt
599 1014 90 22 emellan
703 1014 96 28 Hyvinge
811 1013 39 21 och

91 1048 118 22 Riihimäki
227 1048 109 22 stationer.
368 1048 49 23 Med
433 1048 130 27 iaktagande
580 1048 22 22 af
615 1048 58 22 vissa
688 1048 162 25 eliminationer,

90 1082 69 22 såsom
180 1086 14 18 t.
214 1089 33 15 ex.
266 1082 27 22 af.
306 1083 28 21 all
349 1082 118 28 godstrafik
484 1082 47 22 från
546 1083 78 21 Jokela
639 1083 79 21 station
733 1082 28 27 på
777 1082 73 22 H:fors

90 1129 27 3 —
134 1118 189 26 representerande
338 1118 41 20 den
395 1119 80 20 största
490 1117 152 22 lokaltrafiken
658 1117 28 27 på
696 1117 93 21 nämnda
799 1116 52 22 ban-

90 1151 85 22 sektion
201 1164 24 3 —
249 1151 109 22 förefaller
377 1153 32 20 ett
427 1152 70 28 dylikt
511 1152 121 26 antagande
648 1151 49 22 fullt
711 1151 139 27 berättigadt.

89 1186 33 27 Ty
138 1186 188 27 utgångspunkten
338 1186 34 22 för
383 1186 28 21 de
420 1186 106 27 jemförda
539 1186 131 21 bandelarne
682 1188 24 19 är
718 1186 132 25 densamma;

89 1220 41 22 och
146 1226 34 16 om
196 1220 61 22 äfven
273 1220 90 22 trafiken
379 1220 28 27 pä
423 1220 168 22 H:fors--T:hus
604 1220 89 27 jernväg
708 1220 67 21 redan
783 1219 67 21 under

89 1254 115 23 decennier
219 1255 75 21 hunnit
308 1255 139 27 upparbetas,
463 1256 25 20 är
506 1254 71 22 banan
597 1255 96 21 deremot
711 1254 48 22 ledd
775 1260 74 20 genom

89 1296 28 15 en
139 1289 84 21 mindre
245 1291 43 19 tätt
308 1289 103 21 befolkad
435 1289 38 21 och
497 1289 83 21 mindre
598 1289 64 21 odlad
681 1289 57 21 trakt
757 1290 26 20 än
803 1289 47 26 den,

90 1324 139 26 hvarigenom
240 1319 92 36 H:fors—
344 1319 93 36 Gerknäs
448 1324 92 27 jernväg
552 1323 69 22 skulle
632 1324 84 21 komma
727 1325 32 20 att
767 1324 83 26 dragas.

90 1358 75 22 Säsom
181 1358 68 21 kändt
263 1360 24 20 är
301 1358 164 22 trafikomrädet
484 1358 34 22 för
538 1358 106 28 sistsagda
660 1358 90 27 jernväg
763 1358 46 27 just
825 1364 26 14 en

89 1392 25 22 af
134 1392 84 22 landets
241 1392 69 22 äldsta
328 1393 139 26 kulturorter,
484 1392 93 22 derifrän
597 1394 56 20 ännu
668 1392 7 21 i
692 1392 40 22 den
748 1392 41 26 dag
805 1398 45 15 som

158 1443 181 23 Jernvägsutskottets
352 1444 111 18 betänkande
476 1444 37 17 N:o
526 1444 15 17 1.
