1025 1659
106 505 10 22 8
126 501 20 33 5.

106 612 10 23 8
130 613 16 17 6.

106 1292 41 22 87.

209 142 26 20 16
409 142 22 22 U.
449 142 22 22 B.
488 154 30 3 —
535 142 62 28 Prop.
614 143 36 22 N:o
666 142 39 22 29.

178 220 46 14 som
245 212 69 22 måste
336 212 125 23 förutsättas
485 222 39 20 ega
546 213 124 29 tillförlitlig
685 213 121 22 kännedom
821 221 35 14 om
871 214 58 20 häst-

178 248 100 22 stockens
302 248 152 23 beskaffenhet
479 250 59 21 inom
560 250 27 21 de
610 250 34 20 till
664 249 53 21 hans
733 249 87 21 distrikt
835 248 94 22 hörande

178 283 131 22 kommuner.

250 319 67 22 Hvad
332 321 8 20 i
356 320 69 21 denna
441 322 12 26 8
472 321 87 28 stadgas
575 323 126 25 motsvaras,
713 320 49 21 med
773 320 42 21 den
825 320 104 22 afvikelse

177 356 8 20 i
200 355 103 22 afseende
319 356 13 21 å
348 356 121 29 ordalagen,
483 364 46 14 som
540 356 97 29 betingas
648 357 24 21 af
682 359 113 26 systemets
806 356 124 29 förändring

179 391 47 22 från
242 394 32 19 ett
290 392 266 29 utskrifningsförfarande
572 393 32 21 till
621 395 31 18 ett
662 392 150 29 obligatoriskt
822 391 107 22 aflåtande

178 427 23 21 af
222 428 58 21 vissa
302 428 59 21 förut
382 428 135 29 besigtigade
539 428 41 22 och
595 428 115 28 godkända
725 428 78 26 hästar,
818 428 23 21 af
856 435 73 14 senare

178 471 62 14 mom.
256 465 8 19 i
280 463 40 22 den
337 464 48 21 nåd.
402 465 172 28 propositionens
590 465 12 26 $
620 465 19 20 9.

252 499 71 22 Bland
345 499 26 22 de
393 500 108 21 allmänna
517 499 147 30 stadgandena
679 499 38 22 har
733 499 37 22 det
785 502 80 19 ansetts
882 499 48 22 sak-

179 535 67 28 enligt
262 538 32 19 att
308 535 71 22 införa
394 536 81 28 jemväl
491 535 43 27 det,
550 543 45 14 som
611 536 111 29 uttrycker
737 536 110 28 principen
859 543 34 14 om
903 543 27 14 en

179 570 119 22 individuel
315 571 114 29 värdering
445 571 22 22 af
482 571 74 28 hvarje
572 571 54 22 häst.

252 607 97 22 Emedan
369 607 128 29 stadgandet
513 615 35 14 om
564 607 41 22 den
621 607 101 22 befrielse
737 607 48 21 från
801 607 130 29 utskrifning

179 643 23 20 af
217 643 79 26 hästar,
312 651 47 13 som
376 643 67 29 enligt
458 643 41 22 den
515 643 49 22 nåd.
579 644 172 28 propositioneus
768 644 12 27 $
797 645 11 19 7
821 643 66 28 gäller
897 643 34 21 för

179 679 58 21 vissa
253 679 129 27 landsdelar,
399 681 23 19 är
437 679 24 21 så
477 679 103 22 affattadt
595 682 31 18 att
642 687 26 13 en
685 679 90 28 ändring
788 679 8 21 i
807 679 100 21 afseende
918 679 13 21 å

178 714 94 22 nämnda
288 715 101 21 befrielse
406 715 73 22 kunde
490 723 39 20 ega
539 723 46 13 rum
596 718 52 18 utan
659 715 131 21 Ständernas
801 715 129 21 medverkan

178 750 81 28 jemväl
274 750 88 27 derhän,
378 753 32 19 att
425 751 66 22 äfven
507 751 65 22 andra
583 751 124 22 landsdelar
717 752 26 19 än
754 750 27 22 de
792 750 138 29 nppräknade

178 786 73 21 kunde
274 787 75 21 tänkas
373 787 84 21 komma
479 789 32 19 att
532 787 68 21 blifva
620 787 137 28 undantagna
772 786 48 21 från
835 786 40 21 den
893 786 38 21 all-

178 823 78 20 männa
276 823 79 28 regeln,
375 831 48 13 men
445 831 26 13 en
488 823 66 21 sådan
570 823 141 21 eventualitet
725 822 85 21 komme
825 825 32 18 att
871 823 60 20 inne-

178 857 52 22 bära
246 865 26 14 en
289 858 120 29 kränkning
425 859 23 21 af
463 859 28 21 de
506 859 48 21 icke
565 858 137 29 undantagna
713 857 159 22 landsdelarnes
883 859 48 25 rätt,

179 893 38 22 har
238 893 38 22 det
298 897 60 26 synts
381 895 108 28 sakenligt
510 897 32 19 att
563 894 120 21 Ständerna
704 895 8 20 i
728 901 26 14 en
771 893 23 22 så
809 894 68 28 vigtig
893 894 37 21 sak

179 929 48 21 icke
243 929 100 30 frånsäga
360 931 33 28 sig
409 932 43 20 rätt
468 933 32 18 att
515 930 116 22 medverka
641 930 39 21 vid
691 937 25 14 en
727 930 100 28 möjligen
838 929 93 22 skeende

178 965 160 29 lagförändring
358 967 33 20 uti
407 966 163 29 ifrågavarande
586 966 112 25 afseende;
719 965 41 22 och
775 965 38 21 har
829 966 12 27 $
858 966 12 20 6
887 973 44 14 om-

178 1000 137 23 formulerats
331 1002 7 21 i
355 1002 77 21 sådant
448 1002 62 29 syfte.

509 1097 56 17 KAP.
578 1097 24 17 I.

252 1143 300 30 Utskrifningsförfarandets
572 1144 122 21 ersättande
714 1151 77 20 genom
809 1143 37 22 det
861 1143 23 22 af
899 1146 33 19 ut-

180 1179 82 22 skottet
283 1179 86 22 införda
385 1183 110 26 systemet,
511 1179 107 29 grundadt
633 1179 28 29 på
676 1179 164 22 kommunernas
856 1187 75 13 ansva-

180 1215 76 28 righet,
278 1215 38 21 har
337 1216 57 27 gjort
416 1216 37 21 det
477 1215 119 29 obehöfligt
616 1218 32 18 att
662 1215 107 22 bibehålla
785 1217 32 19 ett
832 1215 101 21 särskildt

179 1250 88 29 kapitel,
283 1251 152 22 motsvarande
451 1251 41 22 den
508 1251 48 22 nåd.
572 1252 172 28 propositionens
759 1251 49 28 kap.
824 1251 30 20 II.

252 1286 12 21 I
280 1287 136 21 motstående
433 1288 12 27 8
458 1287 142 21 omförmälda
612 1287 149 28 myndigheter
771 1288 37 19 äro
819 1286 113 25 desamma,

180 1329 46 14 som
242 1321 118 22 återfinnas
377 1323 8 20 i
401 1324 12 26 8
432 1324 26 20 10
475 1323 22 21 af
513 1323 41 21 den
570 1322 48 21 nåd.
634 1323 168 28 propositionen,
817 1322 56 21 dock
883 1322 49 21 med

179 1357 67 22 sådan
270 1358 113 27 afvikelse,
405 1361 32 19 att
460 1358 235 28 utskrifningsnämden
717 1361 77 18 ersatts
814 1365 77 21 genom
906 1365 26 14 en

179 1393 201 29 värderingsnämd,
397 1396 139 19 sammansatt
551 1394 23 20 af
589 1393 27 22 de
632 1401 108 21 personer,
749 1400 46 14 som
809 1392 50 29 ingå
873 1393 8 20 i
896 1392 37 22 be-

180 1429 205 29 sigtningsnämden.
413 1430 48 20 Här
476 1429 35 21 mä
527 1429 76 22 endast
618 1429 123 21 framhållas
757 1432 32 18 att
799 1428 134 29 värderings-

251 1470 212 19 Ekonomiutskottets
477 1470 127 19 betänkande
616 1470 38 18 N:o
667 1471 30 18 15.
