1031 1659
223 149 12 19 2
385 148 83 23 Ständ.
485 148 36 22 Sv.
537 161 28 3 —
581 148 71 28 Prop.
668 148 40 22 N:o
724 148 37 22 26.

195 212 127 22 Ständerna
336 213 8 21 i
360 214 117 21 enahanda
497 214 60 28 syfte
572 214 120 22 inlemnats
708 214 111 21 särskilda
833 214 117 28 petitions-

194 247 91 29 förslag,
305 248 24 21 af
349 248 78 21 hvilka
447 256 28 14 en
494 248 35 22 del
544 248 89 22 funnits
649 256 41 21 ega
706 252 55 18 nära
776 248 108 22 samband
899 248 52 22 med

194 282 121 22 innehället
337 282 7 21 i
367 290 32 14 nu
416 283 99 21 nämnda
532 283 148 28 proposition.
713 283 127 21 Ständerna
858 283 93 28 utbedja

194 316 35 28 sig
246 317 52 21 med
321 317 123 28 anledning
462 317 65 21 häraf
543 320 32 18 att
590 318 75 21 nedan
680 318 24 20 fä
719 317 7 21 i
743 320 31 18 ett
790 318 162 28 sammanhang

194 351 111 28 redogöra
320 352 35 20 för
371 352 104 28 samtliga
485 352 74 21 beslut
569 352 97 21 rörande
677 360 46 20 nya
733 352 78 25 banor,
823 359 48 14 som
882 352 70 28 enligt

195 386 137 21 Ständernas
351 386 67 22 tanke
441 386 56 22 böra
519 386 72 22 under
610 386 183 29 finansperioden
810 388 141 20 1898—1900

194 420 90 21 komma
302 420 33 22 till
351 420 126 22 utförande.

262 455 89 21 Främst
367 455 64 28 ingär
447 455 7 21 i
469 455 83 29 nädiga
567 456 173 28 propositionen
754 455 85 29 förslag
850 463 35 13 om
894 455 56 28 byg-

194 489 74 28 gande
291 489 22 21 af
333 497 28 13 en
377 489 98 29 järnväg
493 490 53 27 frän
574 490 102 28 Uleäborg
698 490 32 21 till
749 490 89 25 Torneä,
854 490 96 21 hvarom

191 524 85 28 jämväl
298 524 48 21 före
369 524 183 28 propositionens
573 524 158 28 emottagande
750 527 31 19 ett
796 524 153 28 underdänigt

195 558 192 29 petitionsförslag
405 558 103 29 ingifvits
524 559 33 21 till
571 559 200 28 Borgareständet.

262 593 82 21 Denna
366 593 64 29 fräga
448 594 40 20 har
505 596 53 18 stätt
573 596 29 26 pä
618 593 173 29 dagordningen
807 594 58 20 ända
880 593 70 21 sedan

196 630 52 18 1885
272 630 35 19 ärs
331 628 158 25 ständermöte,
513 628 28 21 dä
563 628 97 28 petition
679 628 7 21 i
706 628 80 21 sädant
804 628 60 28 syfte
879 627 71 21 första

193 664 90 26 gången
298 662 98 22 väcktes.
425 662 138 28 Betydelsen
579 663 26 21 af
617 662 71 29 sagda
701 662 249 28 järnvägsanläggning

193 697 40 21 har
257 697 112 21 därunder
392 697 105 28 utförligt
521 698 42 20 och
585 697 139 28 mångsidigt
747 696 140 25 framhållits,
906 696 43 21 och

192 731 69 21 hafva
281 731 113 21 åsikterna
409 731 50 21 icke
473 732 58 21 blott
547 739 36 13 om
598 732 86 21 banans
700 734 66 26 nytta
784 730 164 22 öfverhufvud-

192 768 69 26 taget,
277 768 55 19 utan
348 766 68 21 äfven
432 774 37 13 om
483 766 203 28 nödvändigheten
702 766 25 21 af
736 766 128 21 densamma
875 767 74 19 såsom

193 808 28 13 en
244 800 215 28 förbindningslänk
481 800 82 22 mellan
582 801 88 21 landets
686 800 148 28 järnvägsnät
853 800 42 21 och
911 800 38 21 det

193 835 98 21 svenska
312 835 83 21 vunnit
409 835 42 21 full
467 835 84 29 stadga.
585 835 126 22 Ständerna
726 835 69 21 hafva
810 835 67 21 äfven
892 835 56 20 kun-

192 872 39 18 nat
249 869 7 21 i
276 869 42 21 allo
341 870 80 21 förena
443 870 35 28 sig
501 877 36 14 om
561 870 26 20 de
608 870 7 20 i
631 869 172 29 propositionen
818 869 132 21 framhållna

193 904 100 21 motiven
308 904 35 21 för
359 904 74 21 denna
444 904 162 28 banbyggnad.
627 904 82 28 Någon
720 903 229 29 meningsskiljaktig-

192 939 37 21 het
245 939 41 21 har
304 938 19 28 ej
343 938 70 22 heller
435 943 82 24 yppats
539 946 36 14 om
594 946 55 14 vare
668 938 34 28 sig
718 938 86 22 banans
820 938 129 28 föreslagna

192 972 132 28 sträckning
339 973 44 21 och
392 972 208 29 byggnadssystem
610 973 53 21 eller
674 973 52 21 dess
737 972 79 22 broars
827 972 122 28 apterande

192 1006 35 22 för
241 1007 215 28 landsvägsrörelse.
480 1008 103 20 Fastmer
597 1008 42 20 har
655 1007 37 21 det
707 1009 85 19 ansetts
802 1007 68 28 högst
881 1006 67 21 önsk-

191 1041 73 26 värdt,
281 1044 32 18 att
327 1041 87 22 banans
429 1042 123 28 byggande
567 1042 72 21 skulle
654 1041 99 29 vidtaga,
770 1042 24 20 så
813 1043 62 19 snart
889 1040 59 22 blott

191 1076 107 28 lämpliga
320 1076 151 22 arbetsledare
496 1076 78 21 kunna
597 1076 101 25 erhållas,
724 1076 42 20 och
788 1075 69 21 hafva
883 1074 66 22 Stän-

192 1110 69 21 derna
277 1110 7 21 i
300 1110 100 29 enlighet
422 1111 92 21 härmed
537 1110 77 22 funnit
637 1110 81 28 nödigt
733 1113 32 18 att
780 1110 35 21 för
830 1109 119 29 banbygg-

191 1145 75 21 naden
281 1145 70 21 redan
366 1145 35 21 för
417 1145 153 21 instundande
588 1144 154 29 finansperiod
761 1144 79 21 anvisa
854 1144 34 21 till
906 1143 44 21 och

191 1179 51 21 med
266 1183 31 18 ett
320 1182 72 19 större
415 1179 84 29 anslag,
519 1182 28 18 än
562 1179 73 21 Eders
650 1178 128 29 Kejserliga
793 1178 105 28 Majestät
913 1178 36 21 för

192 1213 61 21 detta
269 1214 102 21 ändamål
387 1214 70 22 äskat.

259 1248 12 20 I
296 1248 44 22 den
364 1248 85 28 nådiga
478 1248 173 28 propositionen
680 1247 103 29 antydes,
812 1249 32 19 att
868 1246 80 26 stället,

190 1282 92 22 hvarest
305 1282 38 22 det
365 1283 98 21 svenska
483 1282 172 28 järnvägsnätet
680 1284 23 18 är
724 1281 73 21 afsedt
816 1283 32 19 att
868 1280 81 22 beröra

190 1316 153 29 riksgränsen,
363 1320 60 18 ännu
442 1317 49 21 icke
507 1320 24 18 är
546 1316 120 26 bestämdt,
684 1316 43 21 och
742 1315 94 22 föreslås
850 1315 8 21 i
874 1315 74 21 anled-

190 1351 57 28 ning
269 1351 71 25 häraf,
365 1354 32 19 att
417 1352 51 21 med
486 1351 132 29 byggandet
637 1350 23 22 af
677 1350 42 22 bro
736 1350 63 21 öfver
815 1349 88 22 Torneå
918 1349 31 21 elf

189 1385 71 22 borde
284 1385 125 22 tillsvidare
435 1388 70 19 anstå.
543 1386 80 21 Ehuru
648 1385 81 28 frågan
754 1384 128 22 sedermera
907 1383 41 21 vid

190 1420 98 21 svenska
307 1420 122 28 riksdagen
451 1420 108 22 förevarit
580 1420 34 21 till
632 1418 146 29 behandling,
795 1422 24 18 är
835 1418 37 21 det
888 1420 60 18 ännu

190 1454 121 28 oafgjordt,
328 1455 114 21 huruvida
459 1454 106 28 Sveriges
579 1461 69 14 norra
664 1453 117 22 stambana
796 1452 57 22 skall
864 1452 84 21 erhålla
