1039 1656
308 139 82 22 Ständ.
409 139 39 22 Sv.
466 151 25 3 —
507 139 75 28 Prop.
597 139 46 22 N:o
658 139 39 22 25.
857 141 10 18 7

109 209 165 24 Omedelbart
304 209 112 30 framgår
446 209 86 23 därför
563 211 36 21 att
626 210 78 22 ofvan
732 209 136 23 omordade

110 244 269 29 pensionsförhöjning
398 245 94 28 jämväl
511 244 47 22 bör
576 244 138 22 tillkomma
731 244 137 28 lärareper-

109 279 107 22 sonalen
234 279 44 21 vid
297 279 133 22 städernas
449 279 147 22 folkskolor.

181 313 49 22 För
237 313 175 22 bestridandet
420 313 25 22 af
457 313 198 29 ifrågavarande
665 313 203 28 pensionerings-

111 348 104 29 utgifter
234 348 28 21 är
280 347 90 29 hvarje
390 347 56 22 stad
466 347 101 29 skyldig
587 349 35 20 att
641 347 108 29 bidraga
767 347 57 22 med
838 353 30 16 en

111 382 65 29 årlig
199 381 164 29 inbetalning,
387 382 179 22 motsvarande
591 382 14 22 5
617 380 28 32 |,
664 382 26 21 af
707 381 162 29 pensionsbe-

110 417 88 28 loppet
216 416 39 22 för
274 423 30 15 en
323 416 65 21 hvar
408 416 7 22 i
429 416 57 22 dess
506 417 77 28 tjenst
602 416 100 22 anstäld
720 416 82 22 lärare
822 416 46 21 och

111 451 137 26 lärarinna,
272 457 54 15 som
348 451 50 21 kan
417 451 80 22 varda
516 451 273 28 pensionsberättigad,
810 450 59 22 eller

112 485 99 22 säledes
230 485 39 22 för
288 485 41 22 det
348 485 160 22 närvarande
527 485 57 22 med
604 486 34 21 ett
657 485 93 28 belopp
763 485 25 22 af
802 491 65 22 resp.

111 519 35 22 40
173 519 72 22 mark
273 519 45 22 och
343 519 33 22 30
404 519 72 22 mark
502 519 40 22 för
565 519 83 22 lärare
667 519 46 22 och
732 519 135 22 lärarinna.

112 554 90 22 Denna
232 554 252 29 bidragsskyldighet
513 554 99 22 komme
643 560 91 23 genom
761 554 49 22 den
835 560 34 15 nu

111 589 198 28 ifrägavarande
336 588 301 29 pensionsförhöjningen
665 590 36 20 att
727 588 62 22 ökas
812 588 56 21 med

111 621 73 33 259,
212 623 46 22 och
280 623 116 29 bidraget
415 623 39 22 för
473 623 89 29 hvarje
581 623 8 21 i
609 623 76 29 tjenst
704 622 113 23 varande
835 622 34 21 lä-

112 664 58 16 rare
189 658 47 22 och
254 658 129 21 lärarinna
402 659 36 20 att
456 658 91 28 utgöra
562 664 67 21 resp.
643 657 34 23 50
691 657 71 22 mark
776 657 45 22 och
835 657 32 22 37

113 692 72 22 mark
204 692 34 22 50
256 692 84 28 penni.
379 692 143 22 Ständerna
540 692 79 22 hafva
638 692 64 22 dock
719 692 54 21 icke
787 691 82 22 funnit

112 726 43 22 det
173 726 33 28 pä
226 726 118 22 städerna
371 726 151 22 kommande
545 726 131 22 tillskottet
695 732 62 16 vara
777 726 24 22 af
820 726 48 22 den

112 760 156 29 betydenhet
284 760 7 22 i
304 760 74 22 deras
397 760 104 29 budget,
522 762 35 20 att
575 760 33 28 pä
627 760 84 29 grund
727 760 74 22 häraf
814 760 55 22 skäl

112 795 112 29 föreläge
253 796 35 20 att
315 795 56 22 med
402 795 118 22 afseende
546 795 13 21 å
584 794 285 30 hbidragsskyldigheten

111 829 106 29 vidtaga
237 829 137 29 ändringar
387 830 8 21 i
407 836 35 15 nu
456 830 117 28 gällande
586 829 157 22 föreskrifter
756 829 7 21 i
777 830 90 20 ämnet.

181 863 165 23 Beträffande
365 864 43 22 det
422 864 57 22 från
492 864 237 28 bevillningsmedel
742 863 127 29 utgående

112 898 228 28 budgettillskottet
358 898 40 22 för
416 898 171 22 instundande
603 898 174 28 finansperiod
790 897 79 22 måste

110 932 190 29 förhöjningen,
320 932 32 22 då
372 932 193 29 anslagsposten
584 933 54 21 icke
657 932 127 22 beräknas
800 932 7 21 i
821 932 48 22 för-

112 966 119 22 hållande
250 966 36 22 till
305 967 211 28 pensionärernes
536 967 68 22 antal
617 967 40 22 för
669 967 77 25 tiden,
761 966 108 22 influera

111 1001 58 22 med
197 999 71 32 251,
296 1001 32 28 på
352 1001 57 22 hela
429 1001 193 29 anslagsposten
641 1002 47 21 och
707 1001 54 22 icke
780 1000 89 22 endast

111 1035 33 29 på
164 1035 191 27 årstillskotten;
384 1036 46 22 och
456 1036 106 22 erhålles
585 1036 78 28 enligt
682 1036 80 22 sådan
781 1034 88 23 beräk-

111 1070 169 28 ningsgrund,
299 1070 9 22 i
326 1070 83 22 stället
427 1070 39 22 för
486 1070 48 22 den
547 1070 8 22 i
568 1070 95 29 nådiga
678 1069 191 29 propositionen

111 1106 132 27 upptagna
263 1104 193 29 anslagsposten
473 1104 97 27 76,800
583 1104 80 26 mark,
677 1111 31 15 en
721 1104 148 22 slutsumma

112 1138 26 22 af
165 1138 96 26 96,000
288 1139 79 25 mark,
397 1139 60 21 eller
483 1145 66 22 resp.
578 1138 105 27 30,375,
707 1138 97 26 32,000
823 1137 46 22 och

111 1172 98 26 33,625
229 1173 71 22 mark
319 1173 39 22 för
377 1173 31 22 de
428 1173 82 22 skilda
529 1173 68 22 åren.

181 1207 11 22 I
212 1207 56 22 stöd
288 1207 25 22 af
331 1207 69 23 hvad
422 1208 108 22 sålunda
554 1208 96 22 anförts
669 1207 47 22 och
735 1207 32 22 då
781 1207 50 22 den
845 1206 25 22 af

112 1241 145 22 Ständerna
268 1237 105 27 afsedda
383 1242 186 29 förbättringen
575 1242 9 22 i
591 1242 278 27 folkskollärareperso-

110 1276 90 21 nalens
223 1276 248 28 pensionsförmåner
495 1276 196 29 nödvändiggör
710 1283 31 15 en
761 1275 108 28 ändring

112 1310 26 21 af
155 1317 35 15 nu
209 1311 117 28 gällande
345 1310 191 29 bestämningar
554 1311 8 21 i
582 1311 91 26 ämnet,
689 1311 24 21 få
726 1309 143 24 Ständerna

110 1344 47 22 hos
177 1344 81 23 Eders
274 1345 141 28 Kejserliga
428 1345 118 28 Majestät
558 1345 184 28 underdånigst
756 1343 112 23 anhålla:

386 1412 34 19 att
442 1411 24 20 de
487 1411 9 20 i
511 1411 83 27 nådiga
611 1411 160 26 förordningen
788 1409 30 28 af
829 1409 41 21 den

319 1445 15 20 5
353 1444 97 28 Augusti
472 1445 68 26 1886,
562 1445 111 27 angående
695 1444 175 27 folkskollärare-
