1045 1656
339 135 26 23 U.
382 135 28 22 B.
425 148 30 3 —
469 135 77 28 Prop.
562 134 44 23 N:o
622 135 39 22 23.
847 135 25 21 21

122 206 209 28 tionsförfarandet,
340 206 77 22 såvidt
428 206 102 22 området
541 208 77 28 angår.
635 206 158 22 Föreskriften
801 206 75 22 derom

123 244 36 20 att
179 242 141 29 kungörelse,
341 242 151 28 hvarigenom
508 242 170 22 vederbörande
694 244 126 27 rättsegare
836 248 39 15 un-

124 278 110 22 derrättas
250 285 35 15 om
301 278 97 22 berörda
412 278 147 29 förrättning,
568 278 65 28 skall,
647 278 54 27 ,der
712 277 165 30 expropriatio-

124 322 44 13 nen
185 315 71 27 angår
267 314 134 29 stadsjord”,
410 314 86 22 införas
515 314 21 28 ,i
552 316 76 27 någon
644 316 13 20 å
668 316 64 20 orten
744 313 79 30 spridd
833 312 43 22 tid-

123 350 78 29 ning",
218 350 41 22 har
274 350 120 22 Utskottet
410 350 51 21 med
478 350 106 22 afseende
599 352 14 20 å
623 350 44 22 den
679 350 115 22 allmänna
805 348 72 30 sprid-

124 386 64 28 ning,
207 393 48 14 som
271 386 195 28 tidningspressen
482 393 95 15 numera
593 386 98 27 erhållit,
707 388 77 20 ansett
799 385 78 21 kunna

124 421 109 29 utvidgas
249 421 91 28 derhän,
356 424 34 19 att
406 421 71 22 sådan
493 422 137 29 kungörelse
646 422 41 22 bör
703 422 8 21 i
728 421 79 28 hvarje
823 420 54 22 hän-

125 458 62 21 delse
202 457 8 22 i
225 458 75 28 någon
311 457 97 29 lämplig
418 457 94 29 tidning
523 458 62 29 ingå;
596 457 43 22 och
650 457 71 22 hafva
731 457 147 29 följaktligen

125 493 28 22 de
169 493 58 22 först
243 493 98 22 citerade
357 493 69 22 orden
443 501 28 13 ur
488 495 27 21 19
532 495 13 26 $
562 494 123 22 uteslutits.

197 529 42 22 Uti
263 531 28 20 23
314 531 18 26 $,
356 537 47 14 som
425 529 93 29 stadgar
540 537 36 14 om
593 530 44 21 den
653 537 27 14 ur
697 529 38 22 det
750 529 127 21 allmännas

125 565 120 29 synpunkt
253 565 147 28 erforderliga
410 565 174 29 granskningen
595 565 27 22 af
631 565 39 22 det
680 565 8 21 i
700 565 97 28 anspråk
808 567 70 26 tagna

126 601 113 22 områdets
260 601 136 28 lämplighet
416 601 43 21 och
480 601 147 29 behöflighet,
643 601 56 22 eller
714 608 36 15 om
766 601 44 21 den
825 607 16 14 s.
857 600 20 21 k.

126 637 154 29 provisoriska
308 637 224 28 planfastställelsen,
560 637 149 22 föreskrifves
737 635 141 23 beträffande

126 672 89 22 mindre
230 672 129 28 betydande
372 672 233 29 expropriationsfall,
619 675 35 20 att
665 680 28 14 en
704 672 71 22 sädan
785 671 93 30 gransk-

127 709 56 28 ning
215 708 41 21 bör
287 715 43 22 ega
362 715 50 14 rum
446 708 94 29 endast
566 708 39 22 der
636 708 98 22 särskild
754 707 125 28 anledning

128 743 77 22 dertill
225 743 171 22 förekommer".
426 743 54 22 Med
496 744 139 22 sistanförda
655 744 144 28 bestämning
815 742 64 22 torde

129 779 88 29 äsyftas
241 793 28 2 —
291 781 63 20 utom
377 779 171 30 förminskning
568 780 25 21 af
607 781 155 28 omgängarna
776 779 9 22 i
801 785 78 22 expro-

127 815 254 29 priationsförfarandet
397 829 23 2 —
438 817 35 20 att
488 816 9 21 i
512 815 88 22 mindre
621 816 92 28 vigtiga
738 815 42 22 fall
801 814 20 29 ej
843 814 36 22 be-

130 854 72 26 tunga
221 851 191 28 myndigheterna
431 851 51 22 med
500 851 256 29 granskningsgöromäl
778 850 26 21 af
821 849 58 22 före-

128 887 99 21 varande
259 887 54 29 slag;
348 895 52 13 men
431 887 28 21 dä
485 887 71 22 redan
582 887 137 28 afgörandet
742 886 25 22 af
792 886 88 28 frägan,

129 923 114 21 huruvida
266 923 142 28 granskning
430 923 60 21 skall
513 923 140 22 förekomma
677 923 54 21 eller
754 922 57 27 icke,
836 921 43 22 för-

129 960 99 20 utsätter
253 966 28 13 en
307 959 109 28 pröfning
442 959 26 21 af
492 959 38 21 det
551 958 148 22 förevarande
719 958 72 27 fallet,
812 964 67 21 synes

129 994 44 28 det,
206 994 138 21 åtminstone
373 994 29 22 dä
426 995 172 28 granskningen
621 994 59 22 skall
703 993 135 23 verkställas
857 992 26 22 af

129 1032 120 26 guvernör,
273 1037 47 14 som
349 1037 35 14 om
416 1031 77 28 någon
522 1030 126 21 nämnvärd
671 1030 86 28 ökning
779 1029 8 21 i
803 1029 74 21 arbta-

129 1065 114 29 mängden
269 1065 20 29 ej
314 1073 52 14 vore
390 1068 34 19 att
447 1065 84 29 befara,
556 1066 68 22 äfven
647 1073 36 14 om
707 1065 78 28 hvarje
801 1064 41 22 fall
859 1064 24 21 af

130 1101 169 29 expropriation
333 1102 74 21 skulle
437 1105 67 26 göras
533 1102 35 21 till
595 1101 95 22 föremål
723 1101 36 22 för
787 1099 94 23 berörda

129 1137 149 29 granskning.
298 1138 48 21 Och
362 1141 54 18 enär
424 1138 200 29 expropriationen
633 1138 36 21 till
681 1137 35 22 sin
727 1139 68 20 natur
806 1135 75 22 stedse

130 1175 69 26 utgör
219 1175 34 19 ett
274 1173 93 29 intrång
384 1174 6 21 i
406 1174 42 21 den
470 1173 114 22 enskildes
603 1175 52 26 rätt,
672 1174 72 21 måste
761 1173 39 21 det
816 1179 65 14 anses

130 1208 107 29 önskligt,
255 1211 34 19 att
298 1209 70 22 redan
380 1209 39 22 vid
430 1209 81 28 början
522 1209 26 21 af
557 1207 324 31 expropriationstörfarandet

131 1246 83 19 största
230 1244 94 29 möjliga
340 1245 105 21 säkerhet
460 1245 52 21 från
528 1245 39 21 det
583 1245 126 21 allmännas
720 1244 49 21 sida
779 1243 102 29 uppstäl-

130 1279 33 21 les
171 1279 36 22 för
213 1282 34 19 att
255 1280 50 21 icke
313 1282 34 19 ett
353 1280 37 21 för
398 1280 130 22 ändamålet
535 1280 113 22 måhända
656 1280 121 29 olämpligt
785 1279 54 21 eller
847 1278 35 22 för

131 1317 58 20 stort
203 1315 91 22 område
310 1317 36 20 må
361 1318 65 26 tagas
439 1315 8 22 i
457 1315 104 29 anspråk.
577 1315 120 22 Utskottet
708 1315 72 22 håller
791 1314 88 21 förden-

131 1350 60 22 skull
205 1350 54 28 före,
267 1353 35 19 att
313 1351 147 22 oftanämnda
470 1351 140 28 granskning
619 1351 64 22 alltid
694 1350 68 22 borde
774 1357 43 21 ega
825 1357 56 20 rum,

129 1386 43 21 och
187 1386 41 22 har
246 1387 7 21 i
265 1386 58 29 följd
336 1386 69 22 häraf
418 1387 54 21 sista
486 1387 123 28 meningen
624 1394 27 14 ur
663 1388 12 20 1
687 1393 65 15 mom.
767 1387 28 20 23
807 1387 13 25 8
834 1387 46 19 ute-

131 1421 82 22 slutits.

204 1469 136 23 Lagutskottets
354 1469 117 19 betänkande
485 1469 38 19 N:o
536 1469 16 18 7.

907 528 12 25 $
936 527 28 21 23
