1031 1656
265 150 81 23 Ständ.
364 150 37 24 Sv.
418 163 27 3 —
461 150 72 28 Prop.
550 151 42 22 N:o
607 151 37 21 26.
793 152 12 19 3

78 216 35 21 sin
136 216 124 28 afslutning
282 216 8 21 i
312 216 129 28 Korpikylä
463 216 40 22 vid
522 216 89 22 Torneä
629 216 36 25 elf,
686 216 104 28 omkring
808 218 27 19 30

77 250 117 22 kilometer
212 258 92 14 norrom
323 250 89 22 Torneä
432 251 57 25 stad,
507 251 58 25 eller,
583 252 74 20 säsom
673 250 67 22 äfven
755 251 80 28 ifräga-

78 288 62 22 satts,
157 285 140 28 framdragas
312 285 33 21 till
361 285 146 28 Haparanda.
530 286 12 20 ]
557 286 62 20 förra
635 285 62 21 fallet
712 286 75 21 blefve
799 286 37 20 det

78 320 37 20 väl
130 327 28 13 en
178 320 133 28 oundviklig
329 320 174 28 nödvändighet
519 322 32 19 att
566 320 121 21 framdeles
701 320 65 28 längs
782 320 54 21 Tor-

78 356 42 19 neä
136 354 67 21 elfdal
218 356 29 26 pä
262 354 58 21 finsk
337 354 50 21 sida
403 354 105 22 fortsätta
523 354 165 22 Torneäbanan
703 354 34 21 till
751 354 85 28 höjden

79 388 23 22 af
124 388 134 29 Korpikylä,
281 389 92 21 hvarest
398 388 36 22 för
457 389 132 27 anslutning
612 388 94 22 emellan
729 388 27 22 de
778 389 59 21 bäda

79 423 119 22 ländernas
212 422 150 29 järnvägsnät
377 423 140 29 anläggning
528 423 23 22 af
561 431 29 14 en
601 423 167 22 internationell
776 423 61 28 järn-

79 458 99 28 vägsbro
201 458 64 21 öfver
288 457 76 22 elfven
386 458 76 21 blefve
485 458 24 21 af
530 459 82 20 nöden.
643 459 53 20 Men
715 458 67 21 äfven
798 458 39 21 vid

80 493 74 21 denna
172 493 147 21 eventualitet
334 493 45 20 kan
396 495 29 26 pä
440 493 77 28 grund
532 493 23 21 af
571 493 99 21 rädande
685 493 152 28 bosättnings-

81 527 42 22 och
146 527 248 28 odlingsförhällanden
413 527 88 28 knappt
516 529 75 26 någon
607 535 83 20 genare
706 527 132 28 sträckning

82 562 34 21 för
132 561 177 29 fortsättningen
325 561 24 21 af
363 561 236 28 Uleäborg-—Torneä
612 561 98 28 järnväg
725 562 90 21 komma
830 561 8 21 i

81 596 64 29 fräga
160 599 29 18 än
204 596 45 21 den
264 595 70 22 ofvan
349 596 109 28 antydda,
475 596 42 21 och
533 596 69 21 hafva
617 596 96 21 anförda
720 596 118 28 järnvägs-

80 631 78 28 planer
177 633 13 28 å
208 631 84 20 svensk
315 630 48 21 sida
387 630 76 21 därför
482 630 50 22 icke
551 634 64 25 synts
635 631 127 21 Ständerna
777 631 61 20 inne-

80 665 55 21 bära
157 667 69 26 nägot
249 665 80 21 hinder
352 667 33 18 att
407 672 32 13 nu
462 665 57 21 fatta
540 665 74 21 beslut
638 673 36 13 om
696 665 143 28 Uleäborg—

82 699 88 22 Torneå
191 699 87 22 banans
297 699 175 28 framdragande
493 699 58 21 ända
569 699 34 21 till
618 702 61 19 östra
695 699 106 22 stranden
817 699 25 21 af

82 734 88 21 Torneä
186 734 36 21 elf.

150 769 11 20 I
178 773 32 16 ett
225 768 106 21 afseende
349 769 79 20 kunna
443 768 60 21 dock
519 769 27 20 de
561 769 80 25 beslut,
659 776 48 13 som
721 769 8 20 i
745 768 95 28 Sverige

82 803 89 21 komma
187 806 32 17 att
234 802 67 21 fattas
317 802 141 21 beträffande
473 803 99 20 nämnda
585 803 65 25 bana,
662 803 91 28 betinga
763 804 77 27 nägon

82 837 156 21 modifikation
254 837 25 21 af
292 840 153 25 programmet
461 837 35 20 för
512 837 159 21 motsvarande
687 837 54 28 linje
756 839 29 26 pä
796 837 44 20 den

82 871 74 22 finska
171 871 71 22 sidan.
265 871 45 22 Det
320 871 62 21 lider
398 871 37 22 väl
450 871 57 22 intet
522 872 87 25 tvifvel,
626 875 33 18 att
669 879 28 15 en
709 871 132 28 anslutning

82 906 34 21 till
139 906 106 28 Sveriges
266 906 150 28 järnvägsnät
439 913 54 14 vore
513 906 35 21 för
566 906 99 21 Finland
681 906 160 27 förmänligare

82 941 40 21 vid
141 940 88 22 Torneä
252 943 28 18 än
302 940 40 22 vid
360 942 77 26 nägon
456 940 129 29 nordligare
601 941 80 28 punkt,
697 943 53 18 enär
767 941 37 20 det
820 940 19 28 ej

83 975 87 21 mindre
192 975 36 21 för
252 975 44 21 den
320 975 127 21 eventuella
469 975 200 26 transitotrafiken,
687 975 28 21 dä
730 975 110 28 sjöfarten

84 1009 64 22 öfver
170 1009 82 28 Hangö
277 1012 24 17 är
324 1009 23 21 af
369 1009 102 21 ishinder
492 1009 112 26 afbruten,
623 1013 29 18 än
671 1009 67 22 äfven
753 1009 36 22 för
805 1017 36 13 ex-

83 1046 81 26 porten
179 1043 50 22 frän
244 1044 88 21 landets
348 1043 107 28 nordliga
471 1043 62 21 delar
548 1051 55 14 vore
618 1044 23 21 af
657 1047 82 18 största
748 1044 51 21 vikt
809 1046 33 19 att

83 1079 83 20 bereda
186 1080 24 19 sä
231 1079 52 20 kort
305 1081 45 26 väg
369 1085 48 14 som
432 1077 90 29 möjligt
537 1078 34 21 till
586 1085 29 14 en
630 1081 74 25 öppen
719 1079 68 20 hamn
802 1078 40 21 vid

83 1113 115 21 Atlanten.
228 1113 54 21 Men
301 1120 36 14 om
353 1120 29 14 en
399 1120 75 13 annan
490 1113 218 28 anslutningspunkt
723 1116 29 18 än
767 1113 75 27 Hapa-

84 1147 71 21 randa
169 1147 89 21 komme
274 1149 29 26 pä
319 1147 84 22 svensk
420 1147 49 22 sida
485 1149 32 19 att
532 1147 78 28 väljas,
621 1147 76 22 blefve
708 1147 57 22 bron
777 1147 65 21 öfver

84 1181 88 22 Torneä
188 1181 32 22 elf
234 1182 42 21 och
288 1181 202 29 gränsbangärden
501 1181 40 22 vid
551 1181 89 22 Torneä
651 1181 56 26 stad,
719 1181 35 22 för
765 1181 78 21 hvilka

84 1216 127 21 kostnaden
226 1216 121 21 beräknats
363 1216 34 21 till
413 1216 165 28 sammanlagdt
595 1218 112 23 1,210,000
722 1216 71 25 mark,
809 1215 34 21 öf-

84 1250 132 29 verflödiga,
233 1251 29 20 dä
280 1250 89 22 Torneå
386 1251 51 21 stad
451 1251 104 21 hvarken
569 1251 52 21 med
637 1250 105 22 afseende
758 1252 13 19 å
786 1249 57 22 folk-

84 1285 90 28 mängd,
193 1285 82 21 handel
299 1285 42 21 och
363 1285 97 21 industri
481 1285 54 21 eller
550 1285 225 21 hamnförhällanden
790 1291 53 21 eger

85 1327 29 14 en
128 1319 123 28 betydelse,
267 1319 121 28 tillräcklig
404 1322 33 19 att
452 1327 77 14 ensam
545 1319 36 22 för
596 1319 35 28 sig
642 1319 91 28 betinga
745 1326 27 14 en
783 1319 61 20 kost-

85 1361 48 14 sam
154 1353 188 28 hbroanläggning.
373 1354 12 20 I
405 1354 80 21 sådant
501 1353 40 22 fall
555 1354 90 21 komme
661 1353 43 22 den
719 1353 7 21 i
741 1352 103 29 proposi-

84 1388 79 21 tionen
178 1387 35 22 för
229 1395 28 14 en
272 1388 167 28 normalspärig
453 1388 60 21 bana
528 1391 118 25 upptagna
660 1387 184 22 totalkostnaden

86 1423 25 20 af
128 1424 127 23 10,400,000
277 1422 63 21 mark
359 1425 34 18 att
407 1423 76 28 nedgä
498 1422 34 21 till
547 1424 114 23 9,190,000
676 1422 69 21 mark.
776 1421 68 21 Deti

85 1457 84 28 nädiga
191 1457 171 28 propositionen
381 1457 82 28 gjorda
481 1456 116 29 förslaget,
618 1459 32 18 att
665 1456 88 21 Torneä
768 1456 76 21 banan
