1025 1661
210 143 13 19 2
408 143 21 22 U.
447 143 22 22 B.
486 155 29 2 —
531 143 62 28 Prop.
611 143 37 22 N:o
664 143 37 22 29.

178 212 112 27 nevänare,
310 213 51 21 eller
382 221 33 14 om
435 213 122 22 införandet
577 214 24 21 af
619 213 133 30 stadganden
770 213 74 22 härom
859 213 68 22 borde

178 248 38 21 ske
235 249 8 20 i
263 249 42 21 den
325 249 95 29 ordning,
440 257 47 14 som
502 250 34 21 för
552 249 103 22 stiftande
671 250 23 21 af
709 249 108 29 grundlag
833 251 24 20 är
872 249 57 22 före-

178 284 103 21 skrifven.

248 320 75 29 Enligt
337 320 163 29 Lagutskottets
516 321 121 29 åberopade
653 320 109 22 uttalande
774 328 51 15 vore
835 320 92 22 utskrif-

176 356 52 28 ning
243 356 23 21 af
277 356 73 22 hästar
364 356 34 22 för
408 356 125 29 krigsbehof
543 360 32 18 att
587 357 106 21 likställas
706 356 50 22 med
767 357 159 28 expropriation

176 392 41 20 och
227 392 58 29 förty
301 395 32 19 att
347 392 109 22 betraktas
472 392 71 31 säsom
559 400 26 14 en
600 392 166 29 nödfallsutväg,
777 393 89 21 hvilken
879 393 48 21 icke

175 427 67 22 borde
253 429 76 21 anlitas
339 429 8 20 i
358 429 65 21 andra
435 429 38 22 fall
486 431 27 19 än
524 432 31 18 att
568 429 37 22 det
616 429 106 22 allmänna
732 429 67 26 bästa,
811 437 46 13 som
872 436 49 14 man

176 463 89 22 sålunda
280 465 94 21 önskade
390 465 120 29 tillgodose,
520 465 48 22 icke
579 465 28 29 pä
617 468 65 18 annat
693 467 48 23 sätt,
752 465 20 21 d.
783 473 20 13 v.
815 473 16 13 s.
842 465 28 28 pä
883 464 42 22 den

175 499 102 30 frivilliga
293 501 242 21 öfverenskommelsens
551 503 47 26 väg,
614 501 72 22 kunde
697 501 68 26 ernäs,
780 501 84 21 hvilket
870 495 14 38 i
880 501 47 21 all

175 536 116 28 synnerhet
305 537 70 28 gällde
391 537 142 29 lösegendom,
545 545 46 13 som
603 537 76 21 lättare
690 539 27 18 än
728 537 41 21 den
781 537 55 21 fasta
850 536 72 21 kunde

173 578 78 21 genom
266 572 48 21 fritt
325 572 75 29 utbyte
410 573 117 21 anskaffas.
558 573 195 28 Nödvändigheten
764 572 23 21 af
798 580 25 13 en
835 572 87 29 tvängs-

174 607 60 21 lösen
254 607 35 21 för
307 608 37 21 det
358 608 142 22 tvifvelsutan
516 610 80 27 vigtiga
612 608 187 22 statsändamälets
815 608 108 21 vinnande

174 642 67 22 borde
262 644 37 21 vid
319 644 94 28 antydda
430 644 134 22 förhällande
580 652 51 14 vara
646 644 29 29 pä
690 644 92 21 förhand
799 644 76 21 utredd
891 644 32 20 in-

174 686 42 14 nan
237 687 26 13 en
283 679 65 22 sädan
368 688 76 20 genom
465 681 34 28 lag
520 680 139 27 anordnades,
679 680 93 22 hvarhos
788 687 49 14 man
853 680 50 20 icke
919 679 7 21 i

173 714 60 22 detta
249 723 57 13 mera
321 718 27 18 än
363 717 8 19 i
387 716 65 22 andra
468 716 38 21 fall
522 716 71 22 kunde
609 716 71 28 skjuta
691 716 13 21 å
714 716 47 21 sido
772 715 43 22 den
825 716 7 20 i
843 715 77 29 sjelfva

174 752 288 28 expropriationsbegreppet;
481 752 100 28 liggande
600 752 120 28 grundsats,
736 754 32 18 att
787 751 40 21 full
847 753 76 19 ersätt-

174 787 51 28 ning
244 787 81 21 lemnas
348 795 75 21 egaren
444 789 67 27 enligt
530 788 41 21 den
592 788 165 28 exproprierade
778 787 142 29 egendomens

173 822 35 21 för
222 822 60 21 tiden
297 824 98 27 gällande
411 824 49 28 pris.

246 858 136 22 Anslutande
402 860 32 27 sig
454 859 33 22 till
507 859 142 29 nyssberörda
667 859 200 28 uppfattningssätt,
885 858 38 21 har

174 893 106 22 utskottet
304 895 76 21 främst
399 896 55 28 tagit
473 895 68 22 under
563 895 165 29 öfvervägande,
748 893 107 22 huruvida
874 894 48 21 icke

172 929 74 22 landet
266 938 51 14 vore
336 932 8 20 i
360 931 83 21 tillfälle
462 934 32 18 att
510 931 37 22 vid
561 932 118 21 fre:lsbrott
695 931 53 29 fylla
764 930 157 29 krigsmaktens

172 964 67 23 behof
254 966 23 21 af
296 966 72 22 hästar
387 975 76 20 genom
479 967 108 21 anlitande
603 967 22 21 af
641 966 66 22 andra
723 968 90 27 utvägar
828 968 27 19 än
871 966 27 21 de
913 966 8 20 i

173 1001 41 21 den
234 1002 49 21 näd.
303 1004 160 27 propositionen
480 1003 120 28 föreslagna
615 1007 55 17 samt
690 1005 52 18 utan
758 1005 32 18 att
805 1002 42 21 den
862 1002 8 20 i
885 1002 32 20 af-

171 1037 79 22 seende
266 1038 13 21 ä
293 1041 127 25 truppernas
436 1039 145 28 mobilisering
597 1038 78 29 nödiga
690 1038 182 28 skyndsamheten
885 1037 38 21 be-

170 1073 67 21 höfde
255 1074 129 28 äfventyras.
416 1074 49 22 Och
480 1075 71 21 härtill
567 1075 38 21 har
621 1074 24 21 så
660 1074 86 28 mycket
762 1076 67 19 större
846 1073 73 21 anled-

170 1109 52 28 ning
242 1113 60 24 synts
326 1109 132 22 förekomma
481 1117 44 14 som
550 1109 327 29 hästutskrifningsförfarandet
897 1110 23 19 är

170 1143 68 30 bygdt
261 1145 28 28 på
307 1145 182 29 förutsättningar,
505 1145 98 22 hemtade
619 1145 48 21 från
682 1145 28 22 de
726 1148 59 18 stora
794 1145 123 20 militärsta-

169 1183 67 23 terna,
253 1184 54 18 samt
326 1181 51 28 föga
392 1181 113 29 afpassade
527 1182 54 21 efter
596 1181 83 22 landets
696 1183 90 26 säregna
801 1180 116 21 förhållan-

170 1215 42 22 den
228 1216 41 21 och
284 1217 49 21 dess
349 1217 96 29 förmåga
461 1220 31 18 att
507 1218 8 20 i
525 1217 119 28 föreslagen
655 1217 57 21 form
722 1217 52 21 bära
785 1216 41 21 den
837 1216 80 21 äskade

169 1254 87 26 tungan.
286 1253 49 20 Den
360 1253 134 28 redogörelse
515 1253 108 28 angående
643 1253 35 21 för
699 1253 106 20 utskottet
825 1251 93 22 bestäm-

169 1287 77 22 mande
263 1289 133 28 synpunkter
415 1289 132 28 härutinnan,
563 1297 46 13 som
625 1289 69 21 nedan
711 1289 54 20 skall
782 1288 139 28 framläggas,

169 1325 24 19 är
208 1323 86 22 hemtad
310 1324 48 21 från
378 1325 195 28 specialutskottets
590 1325 36 21 vid
645 1325 57 21 1894
718 1324 34 21 års
768 1323 103 28 landtdag
889 1323 31 21 af-

168 1359 98 22 lemnade
281 1360 141 21 betänkande.

241 1395 98 22 Nämnda
360 1396 89 27 utskott,
465 1396 83 21 hvilket
567 1396 76 21 främst
658 1396 109 28 redogjort
783 1395 34 21 för
832 1394 87 29 uppsla-

167 1433 37 26 get
219 1432 8 19 i
242 1431 75 28 frågan
333 1431 41 22 och
390 1432 49 21 dess
455 1431 155 22 förberedande
626 1431 130 28 behandling
772 1432 7 20 i
795 1439 26 13 en
833 1431 86 24 komité,

240 1473 207 19 Ekonomiutskottets
461 1473 125 19 betänkande
599 1473 38 18 N:o
650 1474 31 17 15.
