1036 1659
281 146 83 22 Ständ.
382 146 40 23 Sv.
438 159 27 3 —
480 147 76 28 Prop.
571 147 44 23 N:o
630 147 40 23 23.
826 148 45 24 15.

451 216 12 20 6
474 216 25 26 8.

169 266 61 21 Skall
252 267 169 27 expropriation
445 268 40 20 ske
506 268 34 21 för
558 268 143 26 anläggande
716 268 25 20 af
751 267 105 28 järnväg,

100 300 42 21 bör
162 300 137 28 järnvägens
321 301 132 27 sträckning
475 308 56 15 vara
550 302 105 21 faststäld
668 302 71 21 innan
750 301 105 21 ansökan

100 335 8 20 i
131 335 42 21 den
197 335 32 21 uti
248 336 12 20 3
276 336 52 27 kap.
344 336 109 27 stadgade
469 336 98 28 ordning
582 338 66 25 göres
666 343 39 14 om
726 335 130 29 expropria-

100 369 91 21 tionens
213 370 129 26 utförande;
365 370 60 21 dock
449 371 39 21 mä
509 371 90 21 mindre
614 370 126 28 väsentliga
755 370 63 21 delar
833 369 27 21 af

102 404 159 27 sträckningen
285 405 79 21 kunna
387 405 153 21 öfverlemnas
563 406 35 20 till
620 405 174 21 bestämmande
816 404 39 21 vid

103 438 80 28 själfva
195 439 135 21 utförandet.
353 439 106 21 Rörande
470 440 162 26 sträckningen
643 440 56 21 böra
707 440 150 27 jordegarene

103 473 43 21 och
173 473 177 21 innehafvarene
376 474 120 21 äfvensom
521 474 172 21 vederbörande
718 474 140 21 kommuner

103 508 87 20 lemnas
215 508 86 20 tillfälle
327 510 31 18 att
384 510 59 25 yttra
469 508 33 27 sig
526 508 39 21 vid
591 508 124 28 kungjordt
742 514 115 15 samman-

102 542 64 21 träde
188 542 7 20 i
218 542 77 27 hvarje
311 542 123 26 kommun;
451 543 44 21 och
511 542 65 22 skola
592 542 136 28 yttrandena
743 544 114 26 upptagas

103 576 7 21 i
133 577 120 27 protokoll,
277 584 49 14 som
349 576 42 22 bör
410 577 110 21 insändas
535 577 34 21 till
586 577 97 21 Senaten
699 577 7 21 i
722 576 105 22 afseende
843 576 14 20 ä

103 611 107 27 pröfning
225 611 25 20 af
263 610 117 22 desamma
396 610 39 22 vid
451 611 175 27 sträckningens
641 610 163 22 fastställande.

173 645 9 21 I
198 645 63 27 fråga
271 652 38 14 om
323 647 69 19 större
403 645 211 27 kanalanläggning
626 646 54 20 eller
692 647 70 19 annat
775 644 82 22 sådant

105 681 70 19 större
190 680 85 26 företag
289 680 43 20 bör
346 680 122 20 enahanda
485 680 130 21 förfarande
631 680 122 27 tillämpas.

456 749 11 20 7
484 750 19 25 8.

173 794 48 20 När
235 794 120 27 menighet,
371 794 68 27 bolag
455 795 54 21 eller
524 794 90 21 enskild
630 801 83 21 person
724 794 80 21 vinner
815 794 45 19 rätt

105 828 33 21 till
161 828 175 28 expropriation,
359 828 42 21 bör
425 828 47 22 viss
495 828 32 21 tid
551 830 103 25 utsättas,
677 828 64 22 inom
764 827 93 21 hvilken

105 863 104 20 ansökan
231 869 37 14 om
284 862 212 28 expropriationens
512 862 120 21 utförande
649 862 57 21 skall
722 864 76 25 göras;
814 861 44 21 och

105 903 52 15 vare
170 897 133 27 rättigheten
319 897 126 27 förverkad,
462 897 42 21 där
519 897 44 21 den
578 897 33 21 tid
627 897 49 21 icke
692 897 116 26 iakttages.

435 1000 15 16 2
471 994 59 28 kap.

198 1057 36 23 Om
249 1058 116 28 grunderna
379 1058 35 22 för
428 1058 158 28 ersättningens
602 1058 164 22 bestämmande.

459 1133 14 20 8
488 1133 19 26 5.

175 1177 45 21 För
242 1178 43 20 fast
307 1178 118 26 egendom,
449 1185 51 14 som
523 1178 35 20 för
580 1178 97 20 allmänt
698 1177 72 21 behof
783 1176 79 26 afstäs,

107 1211 57 21 skall
180 1217 93 21 egarens
289 1212 123 27 ersättning
427 1212 142 21 bestämmas
582 1212 55 21 efter
650 1212 146 26 fastighetens
807 1210 55 27 hög-

107 1248 33 18 sta
163 1246 114 26 gängbara
296 1246 52 28 pris,
364 1246 61 22 dock
440 1249 33 18 att
489 1246 72 21 sädan
578 1246 114 27 sänkning
707 1246 7 20 i
730 1244 133 29 prisförhäl-

107 1280 104 27 landena,
235 1288 50 14 som
306 1281 180 27 uppenbarligen
511 1282 25 19 är
555 1280 156 27 öfvergäende,
727 1280 50 21 icke
793 1279 39 21 mä
848 1279 13 20 ä

107 1314 242 28 ersättningsbeloppet
376 1315 101 21 inverka.
509 1315 43 21 Vid
579 1315 195 27 uppskattningen
802 1313 59 21 skall

106 1351 63 24 tagas
185 1349 90 27 hänsyn
291 1350 33 20 till
340 1350 176 26 olägenheterna
532 1350 54 20 eller
602 1349 128 21 fördelarna
741 1348 25 21 af
774 1348 88 21 sädana

107 1383 13 21 ä
135 1383 134 27 fastigheten
284 1384 111 26 upplätna
411 1384 137 26 rättigheter,
565 1390 50 15 som
631 1384 7 20 i
655 1384 23 20 11
695 1384 13 26 &
724 1384 105 20 nämnas.

174 1411 19 27 Ä
213 1417 145 27 möjligheten
380 1420 31 18 att
427 1418 121 20 framdeles
565 1418 173 26 fördelaktigare
754 1416 109 21 använda

107 1451 133 28 fastigheten
264 1452 38 20 mä
324 1452 70 21 fästas
417 1452 107 21 afseende
540 1452 81 21 endast
636 1452 7 20 i
658 1452 44 20 den
718 1451 55 21 män
790 1450 74 21 sådan
