1039 1659
180 153 13 19 2
411 151 24 22 U.
451 151 24 22 B.
490 164 28 2 —
534 152 65 28 Prop.
615 151 38 22 N:o
667 150 34 23 24.

180 219 50 21 tion
247 219 43 21 och
310 219 197 29 omformulering,
523 228 49 14 som
589 220 26 22 af
628 220 210 29 Borgareständets
854 219 84 22 omför-

181 253 76 22 mälda
273 254 76 22 beslut
363 254 140 28 päkallades.

249 289 209 23 Bondeständet
422 285 39 38 har
466 290 105 28 godkänt
579 290 134 22 Utskottets
721 289 147 22 betänkande
877 289 60 22 oför-

180 322 106 22 ändradt.

249 358 54 21 Med
326 358 127 29 anledning
471 359 68 21 häraf
555 359 70 22 hafva
644 359 42 22 hos
701 358 124 23 Utskottet
840 359 7 21 i
863 358 75 22 öfver-

181 392 105 28 vägande
303 392 97 22 kommit
415 393 103 29 följande
534 394 209 28 omständigheter:

249 427 35 21 De
307 427 121 29 intressen,
453 435 48 14 som
525 428 94 22 tillhöra
638 431 34 19 ett
688 428 110 22 samhälle
814 427 26 22 af
852 427 85 28 ifräga-

180 461 101 21 varande
297 461 56 29 slag,
371 462 159 22 saramanfalla
545 462 51 22 icke
613 463 52 21 med
678 462 45 22 den
733 462 130 25 kommuns,
875 462 62 21 inom

180 495 69 21 hvars
266 495 92 22 omräde
374 496 122 22 samhället
511 497 117 21 existerar.
648 496 188 30 Sjelfstyrelsens
851 496 86 29 grund-

181 531 54 27 sats,
252 530 121 29 tillämpad
388 531 8 21 i
412 530 150 23 förevarande
577 531 49 29 fall,
641 532 76 22 skulle
729 531 133 29 egentligen
873 531 65 21 inne-

180 564 61 28 bära,
265 566 35 20 att
323 565 122 22 samhället
465 566 64 28 sjelft
544 566 63 28 finge
623 566 72 22 ordna
711 566 51 21 sina
776 565 162 29 ifrägakomna

180 599 203 29 angelägenheter.
413 600 34 22 Pä
463 600 56 28 skäl,
536 608 49 14 som
601 600 63 22 förut
679 600 90 22 anförts
786 600 43 22 och
844 600 44 22 lätt
903 600 34 21 in-

181 640 42 20 ses,
247 634 46 21 kan
314 634 83 22 sädant
411 635 52 21 icke
478 636 141 21 ätminstone
634 635 37 22 för
686 634 144 22 närvarande
846 635 91 21 komma

179 668 9 21 i
210 668 73 28 fräga.
314 669 36 21 Dä
372 669 40 22 det
434 677 31 14 nu
487 670 88 28 yrkats,
595 672 35 20 att
645 670 51 22 icke
712 670 152 21 Guvernören
880 672 57 19 utan

181 702 45 22 den
249 702 117 29 kommun,
383 704 27 22 af
423 704 96 22 hvilken
535 705 122 21 samhället
672 707 70 26 utgör
757 712 29 14 en
802 704 44 27 del,
863 704 74 22 skulle

180 736 25 22 fä
219 736 40 22 det
275 737 126 29 afgörande
417 738 70 29 ordet,
500 740 25 20 sä
535 739 42 21 har
587 739 82 22 sädant
679 738 185 30 uppenbarligen
874 738 64 22 skett

181 770 26 22 af
219 771 97 29 farhäga
331 772 36 22 för
383 773 183 22 administrativt
581 774 122 28 godtycke.
730 774 54 21 Men
800 772 40 22 det
855 772 81 28 medel,

181 812 48 15 som
245 806 134 30 föreslagits
395 808 37 21 till
447 808 174 30 förebyggande
636 808 72 28 häraf,
717 811 25 18 är
755 808 75 28 enligt
840 807 97 22 Utskot-

180 842 45 20 tets
242 842 71 21 tanke
328 842 52 22 icke
396 842 39 22 det
450 845 66 20 rätta.
546 844 49 21 Hos
612 843 58 28 dem,
687 850 48 14 som
751 842 92 22 komme
858 844 35 20 att
908 842 29 28 pä

180 875 235 24 kommunalstämma
431 878 88 22 besluta
534 878 8 22 i
553 878 67 22 dessa
628 877 107 27 ärenden,
745 878 46 21 kan
799 878 52 21 icke
860 876 77 22 städse

181 910 138 23 förutsättas
335 911 45 22 den
396 912 73 29 insigt
484 913 8 21 i
507 912 62 22 hvad
584 912 91 22 landets
691 912 117 22 allmänna
823 912 43 22 och
880 919 57 14 sam-

181 944 84 23 hällets
291 949 98 25 säregna
411 947 115 22 intressen
548 947 89 27 kräfva,
660 954 49 15 som
731 954 56 14 vore
809 946 26 22 af
854 946 83 22 nöden.

181 979 44 21 Att
240 980 143 22 tillerkänna
397 981 53 22 dem
465 982 44 21 den
525 984 52 23 rätt,
594 989 48 15 som
658 988 32 15 nu
706 981 140 28 föreslagits,
860 980 77 22 kunde

180 1014 79 22 derför
281 1015 8 21 i
312 1015 55 22 flere
387 1016 41 21 fall
446 1016 51 22 leda
513 1016 84 27 dertill,
613 1018 34 20 att
663 1016 125 28 högeligen
803 1015 87 29 nödiga
905 1016 32 20 ät-

181 1048 84 28 gärder
281 1049 94 22 hindras
391 1050 8 21 i
414 1050 59 29 följd
489 1050 26 22 af
522 1050 119 22 bristande
648 1051 100 21 intresse
756 1050 56 22 eller
820 1049 118 22 bristande

179 1083 100 28 insigter
302 1091 37 14 om
360 1084 62 22 hvad
437 1084 176 22 förhällandena
628 1084 121 29 verkligen
765 1084 83 22 fordra.
878 1084 60 22 Mär-

179 1117 42 21 kas
240 1118 43 22 bör
301 1118 50 27 ock,
368 1121 35 19 att
419 1119 166 22 kommunerna
601 1120 36 21 för
652 1119 144 22 närvarande
811 1118 127 29 ingalunda

179 1155 39 19 äro
234 1152 8 22 i
258 1153 131 29 besittning
405 1154 25 21 af
442 1156 47 19 rätt
502 1157 35 19 att
547 1154 91 22 besluta
648 1153 120 29 angäende
779 1153 45 22 alla
834 1153 28 21 de
873 1156 64 18 ären-

181 1186 52 29 den,
250 1194 37 14 om
303 1187 82 22 hvilka
399 1195 32 14 nu
447 1192 24 18 är
486 1188 71 29 fräga.

248 1221 54 22 Med
317 1221 89 23 fästadt
421 1222 108 22 afseende
545 1223 13 21 &
573 1230 32 14 nu
620 1222 98 22 berörda
731 1222 205 28 omständigheter,

179 1256 44 21 och
239 1256 30 21 dä
283 1256 42 22 hos
341 1264 38 14 oss
395 1257 52 21 icke
455 1258 74 20 finnas
539 1258 72 27 några
621 1257 72 28 högre
704 1257 234 28 sjelfstyrelseorgan,

179 1290 93 22 hvilkas
286 1290 141 23 medverkan
444 1292 76 21 kunde
536 1294 66 26 tagas
617 1292 8 21 i
641 1291 107 29 anspräk,
764 1291 40 21 har
814 1291 124 22 Utskottet

178 1327 58 19 trott
259 1325 37 29 sig
319 1325 79 22 kunna
421 1326 142 28 tillmötesgä
581 1326 66 21 deras
662 1326 94 28 äsigter,
773 1332 49 15 som
838 1325 20 29 ej
875 1326 63 21 velat

178 1360 116 28 inrymma
309 1360 24 21 ät
348 1360 151 22 Guvernören
516 1360 44 22 den
575 1360 149 28 befogenhet,
736 1367 50 15 som
796 1360 45 21 den
852 1360 85 28 nädiga

177 1394 177 28 propositionen
377 1394 44 22 och
439 1395 134 21 Utskottets
593 1394 147 22 betänkande
756 1394 83 28 äsyfta,
856 1394 82 22 endast

177 1428 8 21 i
201 1428 26 21 sä
243 1429 72 21 mätto
331 1430 35 20 att
382 1429 121 22 Guvernör
518 1429 139 28 visserligen
673 1429 76 21 skulle
761 1429 79 21 kunna
856 1428 82 22 endast

248 1468 161 19 Kommunalutsk.
425 1470 174 23 sammanj.-förslag
615 1470 7 17 i
634 1470 37 17 anl.
685 1469 24 23 af
719 1469 96 18 Utskotists
828 1470 32 17 bet.
872 1468 34 19 N:o
920 1470 16 16 6.
