1036 1656
439 137 43 22 N:o
500 139 32 20 26.
811 139 23 19 17

111 205 57 22 dant
187 205 148 22 förhållande
354 213 69 21 synes
441 205 141 28 tillräckligt
597 205 51 22 skäl
664 205 22 29 ej
701 205 116 29 föreligga
832 207 35 20 att

109 239 147 22 beträffande
271 239 214 29 Kuopio-—TLisalmi
499 239 80 22 banan
594 240 86 27 frångå
693 239 45 22 den
749 239 116 30 spårvidd,

110 281 48 14 som
180 273 87 22 hittills
289 273 81 22 blifvit
393 273 94 22 använd
509 274 38 21 för
562 274 180 29 jernvägsnätet
756 275 9 20 i
780 274 85 22 landet.

178 307 83 23 Ehuru
280 308 113 21 Savolaks
411 308 111 29 jernvägs
541 308 165 29 utsträckning
721 308 38 21 till
774 308 93 29 Kajana

112 345 25 18 är
152 343 26 20 af
196 343 87 21 allmän
302 342 122 29 betydelse
443 345 60 19 samt
523 343 51 21 dess
591 350 69 13 snara
676 342 190 29 förverkligande

111 377 70 21 äfven
203 384 69 21 synes
296 377 134 28 önskvärdt,
453 377 42 21 vill
517 377 67 21 Hans
606 377 134 28 Kejserliga
757 377 110 28 Majestät

111 411 53 21 med
179 411 110 22 afseende
305 411 55 22 derå
376 413 34 20 att
425 411 105 22 hvarken
542 411 325 22 Kommunikationsfondens

111 445 128 29 tillgångar
259 445 56 21 eller
332 445 93 22 landets
445 445 233 28 byggnadsförmåga
693 446 8 21 i
716 445 74 28 öfrigt
804 445 63 21 med-

112 479 66 28 gifva
200 480 89 22 banans
310 480 147 28 beläggande
472 480 53 21 med
541 480 79 21 arbete
636 480 8 21 i
659 480 53 21 hela
728 480 52 21 dess
795 479 72 29 längd

112 514 73 21 under
207 513 188 30 finansperioden
420 517 140 19 1898--1900
583 515 38 20 till
645 514 131 22 Ständerna
792 514 75 21 öfver-

111 548 76 21 lemna
203 551 36 19 att
253 549 101 21 besluta:

317 625 33 14 om
362 618 105 22 Savolaks
473 619 105 28 jernvägs
588 619 146 26 fortsättande
740 619 58 26 från
807 617 60 22 Kuo-

246 653 38 27 pio
301 652 61 28 öfver
377 652 87 22 Iisalmi
478 654 35 20 till
530 653 104 27 Kajana;

319 689 31 19 att
366 687 104 21 bandelen
485 687 205 28 Kuopio—JIisalmi
704 688 84 26 utföres
803 687 65 27 enligt

251 728 82 14 samma
355 721 98 22 tekniska
472 729 104 21 program
595 729 45 14 som
660 722 105 21 Savolaks
775 722 93 28 jernväg

249 758 56 18 samt
327 755 96 29 belägges
445 756 48 21 med
516 756 70 21 arbete
608 756 128 21 omedelbart
759 756 56 27 efter
834 755 35 21 det

251 790 65 28 ledigt
339 790 132 28 arbetsbefäl
493 791 43 21 kan
560 791 95 21 erhållas
670 791 58 27 från
748 790 120 21 Keuruu—

251 824 250 28 Jyväskylä--Suolahti
511 826 99 27 jernväg,
626 828 56 18 samt

319 862 31 18 att
364 860 44 26 för
426 860 124 20 ändamålet
570 867 27 13 ur
615 859 254 26 Kommunikationsfon-

251 894 52 20 dens
325 894 119 28 tillgångar
462 894 42 27 för
521 894 178 28 finansperioden
723 894 145 21 1898—1900

251 928 75 20 anvisa
341 929 120 25 4,000,000
477 928 71 26 mark;

182 990 129 29 hvarjemte
335 990 27 22 de
386 991 37 21 för
446 991 116 22 bandelen
585 990 213 29 Iisalmi—-Kajana
813 996 56 22 upp-

115 1024 82 29 gjorda
213 1025 119 28 förslagen
348 1025 132 22 Ständerna
496 1026 123 28 delgifvas.

182 1066 31 27 E)
229 1065 82 21 Redan
334 1065 40 21 vid
398 1065 27 21 de
448 1066 210 28 undersökningar,
682 1072 49 14 som
746 1064 123 29 föregingo

115 1099 163 29 uppgörandet
301 1100 26 20 af
348 1100 115 28 förslaget
486 1100 37 21 för
543 1100 100 28 jernväg
662 1100 37 21 till
716 1098 153 30 Björneborg,

115 1134 78 28 afsägs
220 1134 89 21 banans
335 1134 147 28 utdragande
507 1134 37 22 till
570 1134 98 29 lämplig
692 1134 116 28 hamplats
830 1133 41 21 vid

116 1168 87 22 hafvet.
235 1168 82 22 Såsom
339 1168 74 22 sådan
435 1168 43 22 har
500 1169 138 28 ifrågasatts
661 1168 48 22 dels
731 1168 75 22 Räfsö
822 1167 48 22 dels

116 1203 44 22 den
182 1203 30 28 pä
235 1203 67 22 södra
321 1203 68 22 sidan
405 1204 26 20 af
444 1203 74 22 Räfsö
534 1203 58 22 redd
607 1203 101 28 belägna
722 1202 148 29 Mäntyluoto

115 1237 76 21 holme
215 1237 43 22 och
281 1237 71 22 hafva
375 1245 85 21 genom
479 1237 115 22 särskilda
608 1237 203 28 undersökningar
826 1237 45 21 den

117 1271 155 22 sistnämndas
298 1272 135 21 företräden
460 1272 79 21 blifvit
563 1271 105 22 utredda.
703 1272 71 21 Såväl
798 1271 74 22 under

116 1306 121 29 pågående
252 1306 112 29 byggnad
380 1307 27 21 af
426 1307 174 21 Tammerfors—
611 1306 149 29 Björneborgs
773 1306 98 29 jernväg

116 1347 48 14 som
187 1340 74 22 under
284 1341 45 20 den
344 1341 36 21 tid
396 1341 134 21 densamma
546 1341 61 22 varit
623 1341 37 21 till
675 1341 69 22 trafik
759 1340 112 29 uppläten

116 1374 42 22 har
173 1375 85 28 frågan
279 1383 36 14 om
331 1375 163 22 hamnbanans
509 1375 127 22 utförande
652 1379 29 18 än
696 1375 80 22 vidare
791 1376 81 26 trängt

116 1409 7 20 i
139 1409 144 28 förgrunden
299 1409 65 22 såväl
380 1409 98 22 emedan
493 1409 182 28 ifrågavarande
688 1409 100 29 jernväg
802 1410 70 26 utgör

116 1443 103 22 kortaste
242 1443 215 28 spårförbindelsen
483 1445 37 20 för
546 1443 44 22 den
617 1444 75 27 trafik,
716 1451 50 14 som
787 1449 85 22 genom

792 1491 11 11 2
