1050 1656
448 130 40 21 N:o
504 131 34 20 23.
819 128 25 21 19

113 202 132 26 guvernören
269 199 142 27 erforderliga
434 198 106 27 åtgärder,
564 204 52 16 vare
638 197 136 22 tillträdaren
798 196 76 28 pligtig

114 237 87 20 ersätta.
225 234 126 22 Kostnaden
366 234 34 21 för
415 233 119 22 nämndens
549 232 167 26 sammanträde,
732 238 45 15 som
788 231 86 22 instälts

114 270 7 21 i
136 269 54 28 följd
210 268 23 22 af
250 268 156 22 ordförandens
429 268 52 21 eller
503 268 105 21 ledamots
627 268 96 25 utevaro,
739 266 64 22 varde
820 265 54 22 dock

116 304 134 22 tillträdaren
265 302 115 28 godtgjord
396 302 24 22 af
434 302 41 21 den
490 302 134 26 försumlige.

186 338 39 22 Om
240 337 122 22 kostnaden
377 336 68 22 utlåte
456 336 32 27 sig
498 338 134 26 guvernören
643 336 7 21 i
660 335 155 27 sammanhang
825 334 49 22 med

115 372 156 22 hufvudsaken.
301 366 30 27 Är
354 370 72 28 någon
444 370 104 28 missnöjd
566 370 49 22 med
634 370 37 22 det
686 370 118 26 utlåtande,
820 370 55 26 gälle

116 407 56 21 hvad
187 407 7 20 i
210 408 27 19 42
252 406 12 28 $
282 407 9 20 1
309 412 64 15 mom.
389 407 55 25 sägs.

464 485 12 28 8
491 486 34 21 47.

186 525 142 22 Innehafvare
344 525 24 21 af
376 525 158 28 nyttjanderätt
547 525 52 22 eller
610 531 69 16 annan
690 525 87 22 dermed
787 525 89 22 likstäld

117 560 112 27 rättighet,
251 559 86 22 hvilken
358 559 46 22 icke
424 559 36 22 vid
478 560 115 21 nämndens
609 559 159 22 sammanträde
783 559 93 22 bevakat

118 595 32 21 sin
173 597 45 20 rätt
240 595 39 21 och
303 595 46 21 icke
368 595 68 21 heller
455 595 70 21 blifvit
544 595 24 20 af
586 594 224 27 ortsmyndigheterna
826 593 52 22 eller

116 629 130 27 jordegaren
261 629 116 27 uppgifven
393 629 71 21 såsom
480 631 126 25 rättsegare,
621 628 63 22 hafve
698 629 122 21 sedermera
830 628 48 21 icke

118 663 70 27 någon
212 663 59 22 talan
291 665 57 20 emot
366 663 143 27 tillträdaren,
529 669 49 16 men
593 669 51 16 vare
659 663 122 27 berättigad
796 664 34 21 att
844 662 35 22 för

119 697 75 27 skada,
210 703 47 16 som
272 697 150 22 innehafvaren
436 704 76 21 genom
522 697 142 28 rättighetens
675 697 131 28 frångående
816 697 62 26 lider,

120 732 54 21 söka
196 732 119 27 ersättning
335 732 23 21 af
374 732 135 27 jordegaren,
530 732 60 27 dock,
606 733 38 20 der
660 732 67 21 denne
741 732 59 22 varit
814 732 8 21 i
837 731 42 28 god

120 769 40 24 tro,
184 766 78 21 endast
282 765 72 22 såvidt
373 766 43 21 han
436 766 85 22 erhållit
536 766 56 22 vinst
608 773 74 20 genom
698 768 33 20 att
746 766 132 27 rättigheten

121 802 19 26 ej
163 801 111 21 bevakats.
304 800 62 22 Hvad
384 801 8 21 i
410 801 70 21 denna
500 801 12 28 &
530 803 25 20 är
578 801 63 28 sagdt
663 801 56 27 gälle
735 801 18 27 ej
770 801 47 27 den,
833 806 45 16 som

121 835 48 22 med
185 835 93 27 stadgad
293 835 89 22 åborätt
396 835 90 22 besitter
501 835 176 28 kronolägenhet.

428 956 24 16 4
470 957 106 19 kap.

161 1018 34 21 Om
212 1018 155 27 ersättningens
383 1018 100 27 gäldande
498 1019 38 21 och
552 1018 138 28 fastighetens
705 1018 138 22 tillträdande.

471 1086 12 28 8
498 1088 35 20 48.

193 1126 61 22 Inom
277 1128 33 19 tre
333 1126 103 21 mänader
458 1126 54 22 efter
535 1127 36 21 det
593 1129 144 25 guvernörens
756 1127 72 27 utslag
846 1132 35 16 om

124 1160 147 27 ersättningen
289 1160 80 27 gifvits,
386 1160 56 22 skall
458 1161 141 27 tillträdaren,
615 1162 35 21 vid
666 1162 215 27 expropriationsrät-

124 1198 48 19 tens
194 1194 85 27 förlust,
298 1195 88 31 erlägga
406 1195 52 21 eller
472 1195 7 21 i
495 1195 143 22 landtränteri
653 1196 52 22 eller
721 1202 69 15 annan
806 1195 24 22 af
844 1202 37 20 gu-

124 1231 104 20 vernören
244 1229 101 27 godkänd
360 1230 188 27 penningeanstalt
562 1230 100 22 nedsätta
677 1230 37 22 det
727 1230 80 22 enhvar
816 1231 67 21 rätts-

124 1270 64 21 egare
207 1264 89 26 tillagda
314 1264 107 28 beloppet,
438 1264 37 22 der
491 1265 36 21 det
543 1265 19 27 ej
578 1265 103 21 bestämts
698 1267 32 19 att
744 1266 52 26 utgä
812 1266 71 20 säsom

125 1298 54 27 årlig
205 1298 69 27 afgift,
301 1298 22 21 sä
347 1298 41 22 ock
410 1299 63 21 ställa
496 1299 42 21 den
561 1299 100 21 säkerhet
682 1301 135 25 guvernören
840 1299 43 21 kan

125 1332 64 22 hafva
204 1332 138 22 föreskrifvit.
365 1333 11 21 I
392 1333 72 21 hvilka
480 1333 38 21 fall
534 1334 145 26 ersättningen
696 1334 72 21 städse
782 1334 40 21 bör
832 1333 51 21 ned-

126 1369 69 19 sättas
211 1367 89 27 stadgas
316 1368 7 20 i
339 1368 35 26 50,
390 1368 25 21 51
434 1368 39 21 och
489 1368 27 21 52
533 1368 31 27 88.

195 1402 46 21 Har
258 1402 122 21 tillträdare
399 1402 35 21 vid
452 1402 153 21 nedsättandet
620 1402 169 28 tillkännagifvit
804 1402 33 21 sin
853 1401 31 22 af-

126 1435 42 28 sigt
192 1437 32 20 att
243 1435 48 22 föra
309 1436 60 21 talan
394 1442 33 15 om
448 1437 126 21 minskande
594 1436 24 22 af
631 1437 41 20 den
687 1436 48 22 utaf
748 1437 136 26 guvernören
