1028 1661
206 135 12 20 6
402 135 22 22 U.
442 135 22 22 B.
481 147 27 2 —
526 135 62 27 Prop.
606 135 37 22 N:o
659 134 37 22 29.

175 205 42 21 alla
239 205 154 26 förhållanden,
415 205 19 22 d.
458 214 19 13 v.
501 213 15 14 s.
541 205 65 22 äfven
628 205 55 22 efter
699 205 110 21 eventuelt
824 204 100 29 vidtagen

176 241 80 28 ökning
272 241 22 21 af
309 241 27 22 de
352 241 34 22 för
405 241 90 29 krigstid
511 241 99 29 gällande
626 244 99 23 staterna,
740 241 73 21 kunna
828 240 37 22 vid
880 248 45 13 mo-

176 276 110 29 bilisering
301 277 131 28 tillgodoses,
448 280 70 18 ansett
534 277 76 28 nödigt
624 277 77 21 fastslå
715 277 81 21 antalet
811 276 34 21 för
857 276 68 21 mobi-

176 312 114 28 liseringen
305 312 79 29 nödiga
399 312 73 22 hästar
487 313 32 21 till
537 314 71 25 6,000,
623 312 150 22 motsvarande
789 312 37 22 det
842 320 45 13 som
903 312 23 21 af

176 348 187 29 specialutskottet
386 348 37 22 vid
446 350 57 20 1894
526 348 34 22 års
585 348 102 29 landtdag
708 349 65 28 tagits
794 348 33 22 till
842 348 84 21 norm
913 344 17 38 i

176 384 61 28 fråga
252 392 35 14 om
303 384 27 22 de
346 384 144 29 förpligtelser
506 384 74 22 landet
596 384 37 22 vid
643 388 127 25 truppernas
781 384 145 28 mobilisering

176 420 66 21 borde
264 420 72 22 ikläda
352 421 38 28 sig.
420 421 52 21 Men
488 421 33 21 till
539 420 92 22 nämnda
647 420 58 22 antal
720 420 68 22 måste
803 420 122 28 ytterligare

176 456 72 28 läggas
267 457 26 20 10
304 456 29 28 ?/o
349 456 23 21 af
388 464 95 14 summan
499 456 49 22 med
564 458 42 20 600
620 456 77 27 hästar,
707 456 74 21 hvilka
791 456 66 21 borde
868 455 58 22 bilda

176 491 42 22 den
237 499 79 19 reserv,
338 500 26 13 ur
383 492 88 22 hvilken
491 492 67 22 under
574 492 70 29 kriget
660 492 145 28 tilläfventyrs
821 491 104 29 uppkom-

176 528 76 21 mande
268 528 76 21 luckor
359 530 36 19 äro
411 528 90 22 afsedda
517 531 31 19 att
564 528 70 29 fyllas.
665 528 97 21 Emedan
776 527 149 21 häststockens

176 563 80 21 storlek
276 563 15 22 f.
311 571 20 14 n.
353 563 42 22 kan
415 564 71 21 anslås
506 564 32 21 till
555 565 6 20 i
579 564 64 21 rundt
658 564 30 21 tal
705 564 94 26 270,000
814 563 112 21 fullvuxna

175 599 78 27 hästar,
274 603 157 25 representerar
451 600 126 21 förberörda
594 601 62 25 6,600
672 600 73 21 hästar
760 599 97 28 omkring
873 600 12 19 2
898 599 26 25 !/2

175 638 89 25 procent
280 636 22 21 af
322 635 28 22 de
366 636 114 22 fullvuxna
496 636 110 21 hästarnes
622 635 123 22 nuvarande
760 637 103 19 numerär.

250 671 12 21 I
288 671 119 29 åberopade
430 671 137 22 betänkande
589 671 49 30 ingå
654 671 73 22 vidare
743 670 94 29 följande
856 671 71 20 ämnet

176 706 116 29 belysande
307 707 125 22 uttalanden
450 707 40 22 och
506 708 115 28 uppgifter:

250 743 87 21 >Redan
356 743 26 22 de
401 743 91 22 anförda
508 743 102 22 siffrorna
626 743 87 29 angifva
729 743 66 28 enligt
811 742 115 21 utskottets

175 778 63 22 tanke
255 779 141 28 oförtydbart,
416 782 32 19 att
472 787 34 14 om
524 779 40 22 ock
581 779 120 22 Ständerna
715 778 34 21 till
764 778 54 21 fullo
834 777 93 22 erkänna

174 814 48 21 vårt
242 814 58 22 folks
324 815 123 28 skyldighet
467 818 32 18 att
520 815 55 21 efter
599 815 95 28 förmåga
714 815 56 27 sörja
790 813 33 21 för
842 813 84 21 landets

174 850 90 26 försvar,
285 850 61 21 häraf
366 850 56 22 dock
440 851 49 21 icke
507 851 63 28 följer
586 850 186 28 nödvändigheten
789 852 32 18 att
836 849 38 21 hos
891 856 35 14 oss

175 886 96 21 anordna
286 886 44 21 lika
346 886 132 22 omfattande
498 886 195 28 försvarsåtgärder
704 893 45 13 som
761 885 32 26 de,
804 884 74 22 hvilka
889 884 38 28 på-

174 921 67 21 kallas
262 922 8 20 i
290 922 170 28 Kejsaredömet.
492 922 40 22 Uti
553 921 158 23 tättbefolkade
733 921 79 28 nejder,
832 920 38 22 der
890 920 37 22 vid

174 957 132 21 inträffande
328 958 48 28 krig
391 958 27 21 de
435 958 155 28 tjänstdugliga
606 958 99 21 hästarna
721 956 68 22 måste
805 956 32 21 till
853 963 26 14 en
894 956 33 20 öf-

173 993 137 29 vervägande
330 993 35 21 del
386 994 52 20 eller
461 993 107 22 måhända
588 994 45 21 helt
652 993 40 21 och
711 992 66 22 hället
792 995 60 24 tagas
868 992 7 20 i
890 999 37 13 an-

175 1028 63 29 språk
255 1029 71 21 såsom
341 1029 189 29 trausportmedel,
545 1029 42 22 kan
604 1029 40 22 alla
662 1029 83 21 hästars
758 1027 126 22 inställande
895 1027 33 21 till

175 1064 123 29 besigtning
317 1073 52 14 vara
388 1073 26 14 en
434 1066 92 28 naturlig
543 1065 40 21 och
599 1068 14 18 t.
629 1073 18 13 o.
667 1073 26 13 m.
709 1064 124 28 nödvändig
848 1063 80 29 åtgärd.

174 1100 142 22 Annorlunda
336 1101 103 28 gestaltar
460 1102 32 26 sig
512 1101 148 21 förhållandet
680 1102 6 19 i
707 1100 48 21 vårt
771 1099 55 26 land,
842 1099 38 21 der
895 1099 34 21 för

173 1136 66 21 redan
259 1136 128 22 framhållna
411 1137 87 21 orsaker
517 1136 104 22 behofvet
642 1136 23 21 af
686 1136 74 21 hästar
781 1135 67 28 aldrig
868 1134 60 22 torde

175 1172 85 21 komma
277 1175 32 18 att
325 1172 72 29 uppgå
412 1173 33 21 till
461 1180 45 14 mer
522 1174 26 19 än
565 1180 26 14 en
607 1173 63 27 ringa
681 1175 90 25 procent
781 1171 24 21 af
814 1170 47 22 hela
872 1170 57 21 häst-

176 1208 96 26 stocken,
285 1208 88 21 hvarför
384 1208 64 22 äfven
460 1208 99 28 samtliga
572 1208 82 21 hästars
667 1206 129 23 inställande
806 1206 33 22 till
849 1208 80 19 mönst-

175 1244 70 28 ringar
265 1244 73 21 blefve
358 1252 26 13 en
407 1244 126 28 uppoffring
552 1244 22 21 af
591 1243 106 22 arbetstid
713 1246 51 18 utan
779 1242 151 21 motsvarande

177 1286 55 22 gagn
248 1279 35 21 för
298 1279 37 21 det
350 1279 50 22 med
416 1280 172 28 mönstringarna
604 1279 90 21 afsedda
709 1278 126 22 ändamålet.

249 1315 45 21 För
310 1318 32 18 att
357 1315 74 29 belysa
448 1316 137 28 svårigheten
600 1315 23 21 af
638 1314 171 28 utskrifningens
822 1313 109 29 praktiska

179 1350 169 29 genomförande
370 1351 29 29 på
420 1351 42 22 den
484 1351 62 21 korta
566 1351 38 26 tid,
624 1352 58 20 inom
702 1350 88 22 hvilken
809 1349 123 22 densamma

179 1385 54 22 skall
249 1386 39 21 ske
304 1386 34 21 för
354 1389 32 18 att
402 1390 108 18 motsvara
527 1387 37 21 sitt
580 1386 103 26 ändamål,
693 1385 40 22 bör
743 1385 114 22 Utskottet
867 1384 65 21 fram-

251 1427 211 19 Ekonomiutskottets
477 1428 127 18 betänkande
616 1428 37 17 N:o
667 1428 29 17 15.
