1039 1659
166 143 13 20 8
354 142 83 22 Ständ.
456 141 38 23 Sv.
512 155 27 3 —
554 141 77 29 Prop.
647 142 42 22 N:o
705 141 38 23 25.

372 211 142 27 personalens
529 210 10 21 i
553 210 105 21 städerna
677 210 38 22 och
731 210 32 28 på
783 210 74 21 landet
867 217 58 21 pen-

372 244 118 28 sionering,
506 244 167 28 folkskollärare
688 244 39 21 och
743 244 128 22 lärarinnor
882 244 43 21 till-

373 278 127 27 försäkrade
525 278 223 28 pensionsförmäner
777 278 67 21 måtte
873 278 53 27 utgå

373 312 54 27 efter
442 319 27 14 en
486 313 120 27 beräkning
620 313 29 27 af
655 313 68 26 1,000
733 313 64 20 mark
806 312 36 27 för
855 313 71 20 lärare

373 347 39 20 och
438 347 46 20 750
506 347 64 20 mark
591 347 37 27 för
651 347 118 21 lärarinna
791 346 73 22 såsom
881 346 45 27 full

370 381 101 28 pension,
490 381 115 28 äfvensom
621 383 33 19 att
669 381 70 28 häraf
752 381 101 28 betingad
867 381 56 20 änd-

373 415 51 28 ring
446 415 66 22 måtte
527 416 9 20 i
552 416 96 27 lydelsen
668 416 29 27 af
707 416 68 27 sagda
794 415 131 28 förordning

372 449 112 28 vidtagas;

236 509 53 22 Och
317 509 25 22 få
374 509 142 22 Ständerna
545 509 124 29 därjämte
692 510 7 21 i
722 509 204 29 underdänighet

167 544 111 22 anmäla:

442 589 33 18 att
498 587 126 21 Ständerna
645 587 35 27 för
702 587 53 21 åren
773 588 153 20 1898—1900

373 621 99 28 anslagit
487 621 35 21 till
534 621 159 29 pensionering
708 622 29 27 af
749 622 71 20 lärare
836 622 38 20 och
890 621 33 21 lä-

374 655 106 21 rarinnor
502 655 37 21 vid
558 655 117 27 folkskolor
687 656 32 27 pä
734 656 75 21 landet
822 656 103 26 130,800

372 690 63 21 mark
456 689 38 21 och
516 689 36 27 för
571 690 159 27 pensionering
753 690 29 27 af
797 690 71 21 lärare
886 690 39 21 och

372 724 129 21 lärarinnor
534 724 38 21 vid
603 724 149 27 folkskolorna
784 724 10 21 i
821 725 104 20 städerna

376 759 86 26 96,000
476 759 69 20 mark.

235 898 165 23 Beträffande
423 899 41 21 det
488 899 203 32 anslagsbelopp,
715 905 54 16 som
787 898 8 22 i
815 898 48 22 den
882 899 42 21 nå-

165 932 60 29 diga
235 933 190 28 propositionen
438 932 76 23 äskas
527 933 36 22 till
577 933 217 28 Öfverstyrelsens
808 933 38 22 för
859 932 64 23 skol-

165 967 124 22 väsendet
307 967 158 29 förfogande,
486 967 78 22 hafva
585 967 142 23 Ständerna
747 967 62 22 intet
828 968 35 21 att
882 973 41 16 an-

164 1001 89 22 märka
273 1001 45 22 och
336 1001 26 22 få
381 1001 67 29 förty
466 1002 185 29 underdånigst
671 1001 109 23 anmäla:

440 1069 33 20 att
496 1067 126 22 Ständerna
644 1068 37 27 för
701 1067 54 21 åren
771 1068 152 20 1898-1900

371 1101 89 28 beviljat
477 1104 30 19 ett
527 1103 79 26 anslag
621 1102 30 27 af
661 1102 81 21 inalles
757 1102 88 26 45,000
859 1101 64 21 mark

370 1138 32 19 att
417 1137 77 20 ställas
510 1137 36 20 till
559 1132 183 32 Öfverstyrelsens
752 1136 36 27 för
797 1136 124 21 skolväsen-

370 1170 35 21 det
421 1171 131 27 förfogande
569 1171 37 27 för
621 1173 33 18 att
667 1171 86 20 utdelas
769 1170 34 21 till
817 1169 103 28 folkskol-

371 1205 71 20 lärare
464 1205 39 20 och
524 1205 135 26 lärarinnor,
679 1211 48 14 som
745 1211 79 20 genom
844 1204 80 21 iräkad

369 1238 100 27 sjukdom
488 1239 74 27 blifvit
580 1239 37 27 för
632 1245 27 14 en
675 1239 32 20 tid
722 1238 152 21 urståndsatta
889 1240 34 19 att

370 1272 62 21 sköta
448 1273 37 20 sin
501 1273 70 26 tjenst.

232 1410 87 22 Under
342 1411 174 23 innevarande
541 1412 174 28 finansperiod
737 1412 47 22 har
807 1412 115 28 anslaget

161 1444 39 22 för
230 1444 93 30 bidrag
348 1445 36 22 till
408 1446 160 28 uppförande
597 1446 25 22 af
641 1446 173 22 folkskolehus
839 1446 83 29 utgått
