1031 1659
214 126 25 21 28
517 127 40 21 N:o
574 128 33 20 29.

185 195 144 27 mobilisering
351 195 24 21 af
395 196 41 21 den
458 197 25 20 12
497 196 105 21 Februari
620 197 53 21 1889
690 198 68 25 säges,
776 196 100 22 afsändas
892 195 26 22 de
935 196 6 20 i

184 228 129 28 föregående
335 230 12 27 $
371 230 128 21 omnämnda
517 230 138 22 kallelsebref
668 230 39 22 och
722 230 141 28 kungörelser
876 230 66 28 jemte

184 263 96 22 vehikler
302 264 32 21 till
357 264 26 22 de
401 264 7 21 i
424 270 81 16 samma
521 265 11 27 &
548 265 142 27 uppräknade
705 264 155 28 myndigheter.
891 264 10 22 I
916 264 26 22 de

184 298 37 21 fall
245 298 27 21 då
294 300 49 25 post
363 298 32 22 till
415 299 164 21 adressorterna
594 299 47 21 icke
657 299 60 27 afgår
732 300 58 20 inom
806 305 35 15 sex
857 299 86 21 timmar

186 332 53 22 efter
259 332 36 22 det
314 333 174 22 försändelserna
503 333 32 22 till
551 334 133 27 postanstalt
700 333 118 27 aflemnats,
834 334 61 21 skola
910 333 33 21 för

186 366 62 22 deras
264 367 199 23 frambefordrande
478 368 101 22 stafetter
595 368 84 22 anlitas.

255 402 175 27 Kungörelserna
452 403 32 21 till
507 404 66 25 orter,
593 409 46 15 som
655 405 37 19 äro
708 409 60 15 mera
784 402 95 28 aflägsna
894 402 48 22 från

186 436 40 21 den
247 438 41 24 ort,
305 436 38 22 der
358 437 193 27 uppbådsnämden
566 437 40 21 har
621 438 39 21 sitt
675 439 53 25 säte,
745 437 62 22 skola
821 437 76 21 främst
913 437 30 21 af-

186 470 86 27 sändas,
289 471 38 21 och
343 471 39 21 bör
398 472 91 21 nämden
501 472 28 27 på
539 472 92 21 förhand
642 472 130 21 underrätta
782 472 159 27 postanstalten

186 511 34 15 om
244 505 36 21 det
303 506 99 27 möjligen
420 506 137 22 förestående
572 506 99 22 behofvet
688 506 22 21 af
724 506 101 22 stafetter
839 506 34 21 för
888 506 54 21 kun-

186 539 134 27 görelsernas
335 540 204 22 frambefordrande.

537 604 11 27 S
567 606 31 19 11.

256 643 60 21 Inom
337 645 33 20 tre
385 644 77 22 veckor
477 644 54 22 efter
547 644 36 22 det
599 644 193 27 uppbädsnämden
808 643 84 22 erhållit
908 642 35 22 be-

186 677 90 27 fallning
292 684 34 15 om
341 678 132 28 utskrifning
488 678 23 22 af
519 678 74 22 hästar
604 678 34 22 för
648 680 132 26 truppernas
792 677 150 27 mobilisering,

187 711 54 21 skall
261 712 92 22 nämden
369 712 59 22 öfver
443 713 47 21 sina
505 713 144 27 tillgöranden
664 712 133 22 härutinnan
814 712 32 21 till
861 712 81 22 Guver-

187 748 67 19 nören
278 746 78 27 afgifva
379 747 121 27 berättelse,
524 747 140 27 upptagande
687 747 65 26 tiden,
772 747 28 21 dä
815 746 129 28 kungörelse

187 780 32 21 till
234 780 74 28 hvarje
324 784 35 18 ort
374 781 69 27 afgätt
459 782 39 21 och
514 782 27 21 dä
557 782 108 21 desamma
680 782 90 20 kommit
783 780 161 22 vederbörande

187 814 174 28 kronolänsmän,
378 816 137 27 magistrater
531 816 38 22 och
585 816 175 28 ordningsrätter
774 815 112 22 tillhanda.
904 815 40 22 Be-

187 850 105 21 rättelsen
310 850 40 21 bör
366 850 85 28 ätföljas
467 851 22 21 af
503 852 31 20 ett
549 851 34 21 för
598 851 188 27 uppbädskretsen
802 850 72 28 gjordt
889 856 55 16 sam-

187 884 105 27 mandrag
317 884 23 21 af
361 885 26 21 de
409 885 48 21 frän
473 885 261 27 utskrifningsnämderna
749 884 91 22 insända
855 884 89 28 redogö-

188 919 97 21 relserna
300 919 59 22 öfver
374 920 169 27 utskrifningens
558 920 160 22 verkställande
733 919 122 28 (Formulär
864 918 40 22 N:o
915 920 29 25 6).

538 984 11 27 8
568 984 31 20 12.

257 1022 197 28 Uppbädsnämden
471 1023 80 27 äligger
561 1023 56 21 förse
628 1022 162 22 vederbörande
801 1022 142 27 besigtnings-

189 1057 89 21 nämder
300 1058 48 21 med
367 1058 134 27 erforderligt
521 1058 60 21 antal
600 1057 108 27 exemplar
723 1056 23 22 af
758 1056 62 27 lagen
837 1062 33 15 om
886 1056 59 21 häst-

189 1092 136 27 utskrifning,
346 1092 71 22 denna
432 1093 138 26 instruktion,
586 1092 171 28 kungörelserna
773 1091 110 27 angäende
898 1097 47 21 reg-

187 1126 62 21 lerna
271 1126 34 22 för
327 1126 161 22 bestämmande
511 1126 22 22 af
553 1127 86 21 hästars
656 1126 110 28 duglighet
782 1126 39 21 och
835 1125 111 27 indelning

188 1160 6 20 i
214 1160 83 22 klasser
319 1163 57 19 samt
396 1168 33 14 om
449 1162 26 21 de
490 1161 47 21 från
554 1161 131 27 utskrifning
700 1160 96 22 befriade
811 1160 81 25 hästar,
908 1160 38 20 nö-

189 1194 49 28 diga
261 1195 148 22 marschrutor
431 1196 39 21 och
485 1196 123 21 blanketter
624 1196 31 21 till
671 1196 26 21 de
712 1195 96 27 längder,
823 1194 72 21 hvilka
910 1194 36 21 be-

189 1229 200 27 sigtningsnämden
405 1237 50 21 eger
470 1232 104 25 uppgöra,
591 1230 108 21 äfvensom
714 1229 49 21 med
778 1228 114 22 lottsedlar
907 1228 39 22 och

188 1263 111 22 hästmått.

258 1298 104 22 Förutom
386 1298 157 22 ofvannämnda
561 1298 153 27 författningar
730 1298 39 21 bör
785 1296 160 28 uppbådsnäm-

189 1332 40 22 den
254 1332 164 22 tillhandahålla
440 1333 234 27 utskrifningsnämden
698 1332 33 21 för
754 1332 91 21 nämden
868 1331 78 27 nödiga

188 1366 125 22 blanketter
335 1368 39 20 och
397 1367 33 22 för
453 1368 26 21 de
498 1368 7 20 i
522 1368 23 27 $$
562 1368 27 20 35
605 1366 39 22 och
660 1368 27 20 36
703 1365 141 22 omförmälda
858 1364 88 22 utskrif-

189 1401 122 27 ningsbevis
335 1402 40 21 och
399 1402 138 26 anvisningar
552 1402 13 20 å
579 1401 143 27 hästegarene
738 1398 161 23 tillkommande
914 1404 33 16 er-

189 1436 188 27 sättningsbelopp
395 1436 88 22 afsedda
498 1436 84 26 böcker,
598 1437 63 20 taxor
676 1434 34 22 för
726 1434 26 22 de
768 1434 75 27 afdrag
857 1433 48 21 från
922 1433 25 21 de
