1039 1656
163 118 30 21 34

163 189 61 29 ligen
249 189 89 29 ,drifva
354 190 148 29 advokatyr*,
519 190 83 30 riktigt
617 191 146 22 beräknande
779 192 36 20 att
829 190 89 22 inkom-

163 227 50 19 sten
228 225 69 22 häraf
310 227 73 20 såsom
398 226 133 29 biförtjenst
547 226 45 22 kan
603 234 54 14 vara
669 234 28 14 en
707 226 58 27 artig
776 233 52 22 nog,
841 233 37 15 om
889 229 29 19 än

163 261 35 21 för
214 261 77 30 knapp
308 261 41 22 och
364 262 108 29 vilkorlig
488 269 49 15 som
553 263 144 21 uteslutande
713 261 181 23 existensmedel.

235 297 85 22 Såvida
336 298 43 21 den
395 297 142 23 förestående
553 298 246 29 rättegångsreformen
812 298 50 21 icke
872 298 46 21 kan

163 333 79 28 bygga
257 335 30 27 på
304 334 27 21 de
347 334 7 22 i
370 334 66 21 tiotal
452 337 66 18 tusen
534 333 187 23 förekommande
737 336 181 27 rättegängsom-

162 369 76 22 buden
263 369 26 22 af
306 370 99 21 nämnda
426 370 128 27 kategorier
574 370 7 21 i
597 370 84 28 landet,
698 373 57 19 utan
770 370 87 29 nödgas
873 369 45 22 för-

162 407 88 19 utsätta
273 405 108 22 tillvaron
404 406 27 21 af
445 406 162 29 rättskunnige
623 406 116 21 sakförare
755 406 35 21 till
806 406 72 29 yrket,
896 405 26 22 af

163 441 79 22 hvilka
258 442 200 21 sammanräknadt
473 442 70 29 högst
558 445 85 19 tvänne
659 442 67 21 tiotal
736 442 8 21 i
755 444 72 27 några
837 441 27 22 af
870 441 48 22 lan-

163 477 50 22 dets
222 480 84 19 största
315 478 75 21 städer
400 478 125 22 tillsvidare
537 478 84 27 arbeta,
627 480 26 19 sä
659 478 58 21 hade
723 477 145 29 följaktligen
875 478 44 21 den

162 513 158 29 föreliggande
329 514 67 29 lagen
409 514 51 21 bort
470 514 106 29 aflägsna
589 514 67 22 elleri
663 513 80 30 hvarje
752 514 41 21 fall
804 514 115 21 verksamt

164 549 110 29 begränsa
297 550 27 21 de
348 549 140 22 förstnämda
514 550 351 29 ombudsmannakategoriernas
881 557 38 13 ex-

162 585 122 28 ploitation
308 585 26 22 af
354 588 34 19 ett
410 586 169 29 yrkesområde,
602 586 89 21 hvilket
714 585 102 22 hvarken
836 585 27 22 af
875 585 44 22 den

163 621 117 29 okunnige
296 621 54 22 eller
366 621 26 22 af
404 622 44 21 den
464 622 80 21 endast
560 621 115 30 tillfälligt
691 621 148 22 intresserade
856 621 63 21 arbe-

162 659 65 19 taren
244 657 45 22 kan
305 658 70 21 varda
391 658 118 28 betjenadt
535 660 30 27 på
591 660 46 20 sätt
665 657 190 22 allmänintresset
880 657 39 21 det

162 693 99 22 kräfver.
292 686 90 36 Åtgärd
405 694 7 21 i
436 694 73 22 denna
529 694 104 29 riktning
655 694 82 21 saknas
753 692 125 22 emellertid
894 694 25 20 så

162 729 58 29 godt
240 736 49 15 som
308 729 152 29 fullständigt.
492 730 88 22 Nästan
601 729 127 22 illusoriskt
747 729 52 21 med
814 728 105 22 afseende

163 766 13 20 å
192 765 64 21 detta
272 765 107 29 syftemäl
396 768 24 18 är
435 766 116 28 nämligen
567 765 173 29 bestämningen
756 765 7 21 i
780 766 13 20 2
810 766 13 26 8
834 764 85 28 derom,

162 802 35 20 att
218 801 143 29 ombudskap
380 802 40 21 vid
436 801 166 22 öfverrätterna
618 804 59 19 samt
692 800 227 22 underdomstolarna

161 836 8 21 i
192 836 171 22 hufvudstaden
386 838 43 20 och
445 838 28 21 de
490 840 79 19 trenne
585 837 198 21 hofrättstäderna
799 836 23 22 få
838 836 81 22 endast

162 872 27 21 af
199 872 113 28 juridiskt
327 873 91 21 bildade
433 880 107 22 personer
555 873 152 22 handhafvas.
739 872 12 22 I
769 872 44 22 den
829 872 36 21 del
880 872 38 21 be-

162 908 144 29 stämningen
322 909 108 21 beträffar
446 910 27 20 de
490 909 105 29 åsyftade
610 909 53 29 fyra
673 908 173 22 underrätterna
857 908 61 21 med-

161 943 37 22 för
214 944 133 22 densamma
363 945 113 29 knappast
492 947 77 27 någon
584 945 87 22 verkan
688 944 42 22 alls
746 944 36 22 för
797 944 121 22 tillväxten

161 979 40 22 vid
229 980 51 21 dem
308 980 27 22 af
353 983 33 19 ett
407 981 184 21 sakförarestånd
611 980 8 22 i
643 980 100 28 egentlig
765 980 100 28 mening,
890 980 28 21 då

161 1016 45 21 den
228 1016 8 21 i
258 1016 65 22 dessa
354 1017 75 21 städer
456 1016 84 22 talrika
568 1016 276 29 tjenstemannaklassens,
874 1018 44 19 sär-

161 1052 72 21 skildt
250 1052 27 22 de
292 1060 72 21 yngre
388 1052 193 29 tjenstemännens
605 1052 72 22 behof
690 1052 27 21 af
730 1051 132 29 biförtjänst
878 1051 41 21 allt

161 1088 117 28 framgent
293 1088 148 22 understödes
456 1096 84 22 genom
551 1088 44 22 den
605 1088 133 22 tillochmed
749 1087 99 29 vidgade
858 1087 60 21 tillå-

161 1123 55 22 telse
228 1124 37 20 till
276 1124 134 29 advokatyr,
423 1132 49 14 som
482 1124 35 22 för
528 1124 52 22 dem
590 1124 128 28 inneligger
728 1123 8 21 i
749 1122 169 30 berättigandet

161 1161 35 19 att
219 1161 75 20 såsom
319 1160 147 22 medlemmar
489 1160 93 21 tillhöra
606 1159 228 29 sakförareförening.
870 1158 48 22 Och

161 1194 180 23 vidkommande
362 1198 49 19 åter
429 1196 167 22 öfverrätterna
612 1196 41 21 har
669 1195 138 29 stadgandet
823 1194 96 22 allenast

161 1239 29 13 en
213 1234 51 18 rent
280 1231 88 22 formell
387 1232 116 26 innebörd,
523 1232 8 21 i
555 1232 39 21 det
615 1234 34 19 att
671 1231 108 22 förbudet
802 1230 35 22 för
858 1230 59 21 icke-

158 1266 96 29 jurister
271 1270 34 19 att
320 1267 145 30 personligen
480 1268 115 29 uppträda
609 1267 61 22 inför
685 1267 173 22 öfverdomaren
873 1266 45 22 vis-

161 1303 101 29 serligen
288 1303 110 22 behedrar
423 1304 79 27 denne,
520 1311 52 14 men
588 1303 114 29 knappast
726 1303 76 27 saken,
825 1302 93 29 sålänge

161 1339 39 21 det
223 1339 101 22 faktiska
348 1339 167 29 ombudskapet
539 1339 118 28 sjelffallet
679 1339 8 21 i
708 1339 79 28 regeln
801 1338 59 21 skall
876 1338 42 21 och

157 1374 88 29 jemväl
261 1375 41 22 bör
317 1375 93 22 utöfvas
425 1375 26 22 af
464 1375 50 28 den,
532 1375 96 22 hvilken
644 1375 39 22 vid
697 1375 148 21 underrätten
855 1373 63 29 gjort

160 1410 36 29 sig
207 1411 53 22 med
270 1411 70 22 målet
351 1411 116 30 förtrogen
476 1411 42 22 och
527 1418 49 15 som
584 1411 49 21 helt
639 1411 57 22 visst
704 1410 76 22 städse
791 1410 58 21 skall
857 1409 61 23 finna
