1042 1659
170 148 32 38 38
391 152 27 23 U.
434 153 26 22 B.
474 166 30 3 —
520 153 73 29 Prop.
608 153 45 23 N:o
669 152 38 23 23.

170 218 57 22 hvar
250 218 171 22 tillkommande
444 219 134 29 ersättning,
602 219 99 21 inlemne
724 218 142 22 tillträdaren
889 218 35 22 till

171 257 144 25 guvernören
334 254 44 22 den
397 255 77 21 derom
490 255 137 29 upprättade
643 254 112 30 handling
767 254 72 29 jemte
855 254 69 22 afträ-

171 289 73 22 dande
261 290 132 29 jordegares
410 290 115 29 skriftliga
541 290 118 22 försäkran
675 293 35 19 att
725 290 70 22 andre
811 293 29 19 än
855 290 69 22 redan

170 325 112 29 uppgifne
307 326 147 22 innehafvare
476 326 26 22 af
520 326 170 29 nyttjanderätt
705 326 54 22 eller
775 326 92 22 dermed
881 326 42 22 lik-

171 361 60 21 stäld
246 362 112 28 rättighet
374 362 50 22 icke
440 362 82 27 finnas;
539 362 92 29 bilägge
647 362 43 22 ock
705 362 64 22 bevis
785 362 26 22 af
819 362 58 28 dem,
888 362 36 21 till

170 396 80 23 hvilka
262 397 145 29 fastigheten,
424 400 30 27 på
469 398 75 29 grund
560 398 27 22 af
599 398 134 28 inteckning
748 398 54 22 eller
817 398 106 29 stadgan-

170 432 59 22 dena
250 440 38 15 om
311 434 99 28 ogulden
431 434 164 29 köpeskillings
615 436 52 26 rätt,
687 434 76 21 häftar
781 434 36 22 för
832 434 91 22 fordran

171 468 55 22 eller
240 469 36 21 för
296 472 47 19 rätt
364 472 34 20 att
419 470 102 29 uppbära
537 470 104 22 bestämd
657 470 103 22 afkomst
775 470 8 21 i
797 470 126 29 penningar

172 504 55 22 eller
242 512 74 20 varor,
336 508 35 19 att
393 506 27 21 de
444 508 61 19 emot
529 506 244 22 öfverenskommelsen
787 506 51 22 icke
853 506 70 22 hafva

170 542 73 28 något
258 543 36 19 att
309 542 114 21 anmärka.

243 576 148 23 Guvernören
414 585 113 22 uppmane
551 585 83 21 genom
657 578 142 28 kungörelse,
819 585 48 14 som
883 578 40 21 bör

170 612 86 23 införas
273 616 33 19 tre
322 616 88 26 gånger
424 614 8 21 i
443 614 89 22 landets
543 614 114 22 allmänna
668 614 117 29 tidningar
795 614 43 22 och
849 621 74 15 annan

171 651 14 19 å
201 651 65 19 orten
284 649 77 29 spridd
385 649 91 30 tidning
491 652 59 19 samt
566 650 75 21 anslås
655 650 9 21 i
679 649 95 22 rådhus-
790 650 55 22 eller
859 650 63 21 kom-

170 685 188 22 munalstämmas
374 685 165 30 samlingsrum,
556 686 88 21 okände
660 688 131 26 rättsegare,
808 693 48 15 som
867 685 56 29 vilja

170 723 56 26 göra
242 721 39 29 jäf
293 724 61 19 emot
370 722 247 22 öfverenskommelsen
632 722 55 21 eller
702 721 126 22 framställa
844 723 79 20 ersätt-

170 756 174 30 ningsanspråk,
361 760 35 19 att
412 758 42 21 hos
469 760 143 26 guvernören
627 757 36 29 sig
679 757 90 22 anmäla
778 757 63 22 inom
851 757 72 22 sextio

171 792 71 29 dagar
262 793 58 21 efter
338 793 39 22 det
394 794 159 28 kungörandet
568 793 9 21 i
593 794 114 21 allmänna
722 793 146 29 tidningarna
879 792 44 23 för-

172 828 95 29 siggått.

242 864 83 23 Såvidt
340 865 245 22 öfverenskommelsen
601 866 49 21 icke
666 868 114 26 motsäges
796 865 26 22 af
829 865 94 29 behörig

171 902 132 27 rättsegare,
320 901 112 22 stadfäste
447 904 143 26 guvernören
605 902 132 21 densamma
747 908 83 22 genom
840 900 82 29 utslag,

172 935 66 22 hvari
250 936 88 28 jemväl
353 937 114 22 områdets
482 940 94 26 gränser
591 937 54 22 böra
661 939 30 27 på
707 936 106 30 lämpligt
829 938 46 20 sätt
885 943 38 14 an-

171 971 83 29 gifvas.
285 972 77 22 Sådan
385 973 144 21 stadfästelse
553 980 53 14 vare
627 972 85 22 ansedd
733 972 47 22 lika
795 972 52 22 med
862 971 62 22 det
911 967 17 37 i

171 1007 29 21 39
216 1009 12 26 $
244 1008 100 22 nämnda
360 1009 82 29 utslag.

518 1064 14 26 8
549 1063 35 21 25.

244 1116 49 22 Har
312 1116 230 22 öfverenskommelse
561 1124 38 14 om
619 1116 156 28 ersättningen
791 1115 50 22 icke
856 1116 67 27 skett,

172 1152 54 21 eller
247 1152 45 22 kan
313 1152 44 22 den
377 1152 51 22 icke
450 1152 132 28 stadfästas,
599 1152 58 22 skall
673 1159 28 14 en
716 1151 85 22 nämnd
816 1151 108 22 tillsättas

171 1186 36 22 för
234 1190 41 25 att,
306 1187 58 22 efter
390 1196 43 20 syn
457 1190 13 20 &
495 1188 145 29 fastigheten,
663 1187 90 29 afgifva
767 1187 107 29 yttrande
890 1189 34 19 sä-

171 1223 39 21 väl
228 1224 53 21 med
300 1224 124 29 anledning
440 1224 25 22 af
477 1224 62 22 hvad
555 1226 61 20 emot
632 1224 39 21 det
686 1223 121 22 utstakade
823 1222 102 22 området

171 1258 46 22 kan
240 1259 71 22 hafva
334 1260 122 28 anmärkts,
482 1267 48 15 som
550 1260 43 22 ock
612 1259 141 22 beträffande
769 1258 156 30 ersättningen

171 1294 43 22 och
230 1295 75 29 öfriga
321 1296 91 21 dermed
428 1296 223 28 sammanhängande
667 1295 84 29 frågor.

515 1363 14 26 g
545 1361 36 22 26.

243 1409 121 21 Nämnden
380 1409 76 22 består
472 1409 26 22 af
510 1417 28 14 en
553 1409 54 21 utaf
613 1411 143 27 guvernören
767 1408 158 22 tillförordnad

172 1444 137 22 ordförande
332 1447 60 19 samt
415 1448 40 19 två
479 1445 26 22 af
520 1444 186 23 domhafvanden
725 1444 8 22 i
751 1444 44 22 den
817 1444 109 28 domsaga

244 1492 131 24 Lagutskottets
388 1493 107 19 betänkande
508 1492 35 19 N:o
557 1494 16 17 7.
