1039 1656
328 145 28 22 U.
373 146 27 22 B.
417 158 27 4 —
460 145 74 29 Prop.
551 145 44 23 N:o
611 146 38 22 23.
837 145 29 22 49

462 219 12 25 8
490 218 35 21 51.

187 264 76 29 Utgör
288 264 139 30 fastigheten
452 265 168 28 fideikommiss,
647 273 54 14 vare
726 265 141 22 tillträdaren

118 300 86 29 pligtig
224 302 35 20 att
280 301 104 21 nedsätta
399 301 228 29 ersättningsbelopp,
645 308 48 15 som
708 301 110 22 bestämts
834 303 34 19 att

113 338 34 26 pä
163 344 27 14 en
206 338 63 27 gång
284 338 63 26 utgå;
360 336 42 22 och
414 344 40 21 ege
466 336 108 22 Senatens
585 337 283 29 Ekonomiedepartement

117 374 31 26 pä
171 375 153 26 guvernörens
347 372 168 30 framställning
539 373 42 21 och
607 373 58 22 efter
689 372 179 23 vederbörandes

117 408 103 22 hörande
242 408 107 22 förordna
372 416 36 14 om
429 408 100 22 medlens
549 408 142 30 förvaltning
706 411 30 27 pä
751 410 52 26 sätt,
820 416 48 14 som

119 446 100 19 närmast
235 444 46 21 kan
296 452 65 14 anses
377 444 201 22 öfverensstämma
593 445 52 21 med
661 444 115 22 stiftarens
792 444 75 29 afsigt.

189 480 139 22 Afträdaren
350 488 54 14 vare
426 480 129 29 berättigad
579 483 33 19 att
635 480 60 30 lyfta
714 480 95 28 medlen,
830 480 39 22 der

121 515 43 22 han
182 516 60 22 visar
258 516 36 28 sig
308 516 71 22 hafva
394 524 80 19 genom
489 516 62 29 fång,
568 516 72 23 hvarå
655 516 52 29 laga
723 516 67 22 stånd
805 516 63 22 kom-

119 551 47 28 mit,
188 551 128 22 förvärfvat
336 559 74 14 annan
431 552 109 29 fastighet
561 552 26 22 af
603 552 48 22 lika
666 552 69 22 värde
755 552 51 22 med
825 552 44 22 den

121 586 106 22 afträdda
242 587 59 28 eller,
318 587 8 21 i
342 587 40 22 fall
398 588 80 21 endast
492 588 87 22 mindre
596 588 37 21 del
649 588 26 22 af
687 584 137 32 fastigheten
836 587 32 22 af-

119 623 79 25 trädts,
220 623 94 29 nedlagt
335 626 13 19 &
369 624 156 22 förbättrande
544 624 27 22 af
583 624 130 22 återstoden
730 626 25 19 så
770 624 97 28 mycket,

119 666 49 14 som
184 666 77 15 svarar
276 662 47 19 mot
338 660 254 29 ersättningsbeloppet;
609 660 43 21 och
663 660 97 21 förklare
771 660 97 21 Senaten

118 695 9 21 i
142 694 61 22 förra
218 695 70 27 fallet,
306 698 34 18 att
356 696 44 21 den
414 695 145 22 förvärfvade
575 696 139 28 fastigheten
730 696 58 21 skall
798 696 8 20 i
815 696 53 21 stäl-

117 731 34 21 let
166 733 74 19 såsom
255 731 161 22 fideikommiss
432 739 70 14 anses.

464 799 13 25 8
493 798 36 21 52.

190 844 49 22 Har
256 844 26 22 af
295 852 75 14 annan
386 845 72 28 orsak,
475 848 29 18 än
520 845 7 21 i
544 846 29 20 50
589 847 12 26 $
618 848 58 26 sägs,
688 845 66 29 fråga
764 846 105 28 uppstått

116 887 41 14 om
180 880 74 22 bättre
277 883 47 19 rätt
344 881 35 21 till
402 881 61 21 hvad
479 883 74 19 såsom
569 882 126 28 ersättning
710 881 109 21 bestämts
835 882 35 20 att

122 918 64 26 utgå,
202 916 64 22 skola
282 916 88 22 medlen
387 917 42 21 ock
444 917 123 27 nedsättas,
583 918 36 20 till
635 917 50 21 dess
701 916 98 22 domstol
814 916 54 22 slut-

120 952 62 28 ligen
204 952 86 29 afgjort
306 953 68 21 saken
391 953 54 21 eller
460 960 37 14 om
513 953 100 21 medlens
628 953 103 29 lyftning
746 952 122 22 förordnat.

466 1026 13 25 s
495 1025 36 20 53.

192 1071 32 22 Sä
240 1074 63 19 snart
318 1071 141 22 tillträdaren
475 1071 42 22 hos
532 1074 142 27 guvernören
685 1071 60 22 visat
756 1071 35 29 sig
801 1071 70 22 hafva

121 1107 124 29 behörigen
260 1107 106 29 fullgjort
381 1108 61 21 hvad
458 1107 8 22 i
480 1108 31 21 48
527 1109 12 26 &
555 1107 152 28 föreskrifves,
725 1107 97 22 förklare
830 1114 41 21 gu-

123 1145 111 19 vernören
250 1143 196 29 expropriationen
462 1143 138 28 fullbordad;
617 1143 43 22 och
676 1143 58 22 skall
749 1143 69 28 förty,
833 1142 39 21 der

123 1179 117 21 atstäende
256 1179 26 22 af
294 1179 46 22 fast
356 1179 111 29 egendom
483 1183 24 18 är
522 1180 5 21 i
540 1179 71 30 fråga,
624 1179 141 22 tillträdaren
776 1178 96 22 derefter

122 1221 64 15 anses
211 1217 75 20 såsom
309 1223 66 21 egare
400 1215 26 22 af
444 1215 138 29 fastigheten
603 1217 58 20 samt
682 1215 73 22 denna
773 1221 55 16 vara
843 1213 29 22 fri

121 1250 52 22 frän
198 1251 54 21 derä
276 1251 106 22 hvilande
405 1253 104 27 panträtt
531 1251 42 22 och
589 1251 70 22 andra
675 1251 102 22 enskilda
792 1249 80 29 rättig-

121 1286 71 28 heter,
212 1289 65 19 utom
292 1289 46 20 rätt
354 1287 36 22 till
404 1290 52 26 väg,
473 1295 49 14 som
537 1287 20 28 ej
574 1287 52 22 med
641 1289 151 26 rättsegarens
808 1285 65 22 bifall

122 1321 79 22 blifvit
216 1322 75 22 inlöst.

194 1358 129 29 Fastighet,
345 1365 48 15 som
414 1358 97 22 afträdts
531 1358 35 22 för
582 1358 95 22 allmänt
691 1357 76 28 behof,
784 1356 89 29 ätnjute

120 1393 50 27 ock,
196 1395 25 20 sä
245 1393 69 29 länge
337 1394 44 21 den
401 1393 35 22 för
452 1393 81 22 sådant
548 1393 105 23 ändamål
669 1393 120 26 användes,
804 1392 70 22 frihet

121 1429 52 21 frän
190 1429 115 22 allmänna
320 1429 43 22 och
379 1429 146 22 kommunala
539 1429 120 29 utskylder
673 1429 43 22 och
731 1429 87 22 besvär.

194 1476 129 23 Lagutskottets
335 1477 107 18 betänkande
455 1477 35 18 N:o
505 1478 16 17 7.
790 1476 12 17 4
