1025 1656
194 130 27 20 42
396 130 21 22 U.
436 130 21 22 B.
474 143 28 2 —
521 131 61 27 Prop.
601 131 36 22 N:o
653 131 38 22 29.

165 200 140 22 underkastas
327 200 66 22 sådan
414 201 150 28 omarbetning
579 209 47 13 som
641 201 99 29 betingas
755 201 23 22 af
793 201 124 29 systemför-

167 236 118 29 ändringen
304 237 8 20 i
328 237 77 28 sjelfva
420 237 70 28 lagen,
507 237 66 22 bland
589 240 66 18 annat
669 237 88 26 därhän,
772 240 32 18 att
819 237 38 22 det
871 245 46 14 som

167 272 62 22 berör
244 272 139 29 hästegarene
394 273 100 21 hänföres
506 272 35 22 till
552 273 159 21 kommunerna.
736 273 110 28 Derjemte
856 273 61 21 torde

168 308 107 21 särskilda
297 308 135 22 föreskrifter
447 308 53 22 böra
524 312 112 25 upptagas,
651 309 91 21 rörande
758 309 159 22 vederbörande

166 344 210 23 mantalsskrifvares
392 344 133 29 åligganden,
539 344 72 22 såvidt
624 344 66 29 angår
701 345 111 21 hästarnes
824 344 94 22 förteck-

166 379 71 22 nande
256 381 8 20 i
284 380 190 29 mantalslängden,
490 383 56 18 samt
562 383 31 18 ett
609 380 119 29 stadgande
743 381 81 20 införas
840 380 79 27 derom,

166 419 33 18 att
214 416 158 27 kommunerna,
388 416 27 21 de
431 416 23 21 år
470 416 28 21 då
515 416 111 21 hästarnas
642 416 155 21 förtecknande
813 416 54 21 skall
880 423 39 22 ega

165 459 54 19 rum,
240 452 7 20 i
269 452 43 28 god
333 452 32 21 tid
380 452 47 21 före
448 452 226 29 mantalsskrifningen
690 459 76 22 genom
782 452 137 28 kungörelser

166 487 74 22 härom
256 488 86 21 erinras.

237 523 46 22 Det
303 524 80 28 förslag
404 524 32 21 till
460 523 135 29 kungörelse,
611 531 45 14 som
673 523 65 29 angår
752 523 78 27 hästar,
845 523 74 22 hvilka

168 561 36 19 äro
220 559 97 22 befriade
332 559 48 22 från
396 559 167 28 utskrifningen,
579 560 61 21 torde
655 559 32 29 få”
694 559 91 22 förfalla.

237 595 12 21 I
271 595 101 22 afseende
393 595 13 22 å
426 596 105 28 förslaget
549 596 33 21 till
598 596 134 28 kungörelse,
748 595 109 29 angående
872 603 47 20 reg-

167 631 60 21 lerna
247 631 34 21 för
300 631 161 22 bestämmande
482 631 22 22 af
525 631 84 22 hästars
625 631 112 29 duglighet
752 631 40 22 och
807 631 35 21 för
856 631 61 22 deras

166 666 123 30 besigtning
312 670 55 18 samt
389 667 111 29 indelning
521 668 8 20 i
554 668 88 26 klasser,
663 668 71 21 finner
751 667 106 21 utskottet
872 667 46 21 skäl

166 703 50 21 icke
239 703 134 21 förekomma
396 704 33 20 till
451 703 66 21 andra
533 704 118 28 erinringar
669 706 33 24 än,
718 706 32 19 att
764 703 60 21 detta
839 703 80 29 förslag

168 746 63 21 synes
247 738 52 22 böra
315 739 95 29 undergå
426 740 149 28 omarbetning
589 740 58 21 hvad
663 739 66 29 angår
744 746 61 14 mom.
824 740 10 20 1
848 738 23 22 af
882 740 12 26 $
905 740 13 20 3

168 774 112 22 äfvensom
302 778 32 18 att
353 776 102 21 rubriken
476 776 33 21 till
528 776 48 28 kap.
596 777 12 20 3
625 775 67 22 borde
708 775 106 21 förkortas
831 774 40 22 och
887 782 32 14 er-

166 810 57 21 hålla
246 810 94 29 följande
364 811 90 29 lydelse:
490 811 127 29 Ordningen
637 811 34 21 för
691 811 83 21 hästars
792 810 126 29 besigtning.

238 888 138 28 Helsingfors
393 888 71 30 den
454 884 16 38 3
481 889 45 28 Maj
545 890 62 20 1897.

238 1025 13 21 I
267 1025 99 21 ärendets
382 1025 134 29 behandling
531 1025 66 22 hafva
613 1025 90 29 deltagit
718 1024 143 22 ordföranden
876 1024 43 21 Rå-

167 1060 73 29 bergh,
264 1061 145 21 ledamöterne
434 1061 100 21 Friherre
558 1068 43 20 von
624 1061 116 28 Knorring,
762 1060 158 29 Björkenheim,

166 1097 28 21 A.
210 1097 25 21 L.
251 1104 43 14 von
310 1097 116 29 Knorring,
442 1104 44 14 von
501 1097 66 26 Julin,
583 1096 19 22 J.
613 1096 128 26 Johansson,
752 1096 106 28 Tallgren,
869 1096 50 21 We-

166 1132 75 28 gelius,
258 1132 106 26 Renlund,
380 1132 116 27 Forselius,
512 1132 107 26 Brofeldt,
634 1132 97 26 Pentzin,
746 1132 108 26 Hollm6n,
867 1132 53 20 Bre-

166 1175 51 19 mer,
241 1168 130 28 Lagerstedt
394 1168 40 22 och
459 1168 107 29 Haanpää
590 1171 55 18 samt
665 1168 70 21 delvis
756 1168 164 28 suppleanterne

167 1203 140 28 Wartiainen,
323 1204 106 29 Nykänen
447 1204 41 22 och
503 1205 81 28 Björni.

240 1459 213 19 Ekonomiutskottets
467 1459 127 18 betänkande
607 1459 38 18 N:o
657 1459 30 18 15.
