1031 1656
420 131 40 21 N:o
477 132 34 20 29.
789 132 25 20 31

437 200 12 27 $
466 202 33 20 20.

156 239 60 22 Efter
231 239 94 22 slutförd
335 240 124 27 besigtning
469 240 39 22 och
519 240 66 22 sedan
597 240 92 27 erfarits,
700 240 57 22 huru
767 240 78 26 många

87 274 76 21 hästar
185 274 23 21 af
228 274 73 27 hvarje
324 274 59 22 klass
399 274 96 28 frivilligt
511 274 110 28 erbjudits,
639 274 101 22 anställes
756 274 47 22 med
820 274 26 21 de

88 307 68 28 öfriga
174 308 101 28 lottning,
292 308 103 22 särskildt
411 308 33 22 för
459 309 74 27 hvarje
547 309 66 27 klass,
629 309 104 27 börjande
748 308 48 22 med
812 315 33 15 ar-

88 342 74 22 tilleri-
185 342 38 22 och
246 342 120 22 ridklassen
389 346 56 18 samt
467 344 101 21 slutande
583 344 49 21 med
648 343 162 22 trosshästarna
825 342 23 22 af

89 376 68 22 andra
172 377 120 27 kategorin.
323 377 83 22 Härvid
420 378 55 21 böra
489 378 94 28 följande
599 378 69 27 regler
683 378 119 26 iakttagas:

159 412 41 26 1:0)
216 412 56 21 Från
296 412 39 21 N:o
361 414 7 19 1
394 412 69 27 uppåt
486 412 95 28 afskiljas
604 412 34 22 för
657 412 73 27 hvarje
748 412 58 21 klass
822 412 24 21 så

88 446 78 27 många
180 446 138 27 lottnumror,
334 453 46 16 som
395 449 110 20 motsvara
520 447 83 22 antalet
619 447 22 22 af
655 447 25 22 de
695 447 95 26 lottning
805 453 39 14 un-

89 480 129 22 derkastade
240 481 105 22 hästarna
367 482 57 21 inom
447 488 82 15 samma
551 482 65 22 klass,
647 482 69 21 Dessa
733 481 113 22 lottsedlar

89 514 113 28 (formulär
217 515 40 22 N:o
275 517 34 25 10)
326 516 68 22 förses
405 517 48 21 med
464 519 32 19 ett
506 517 241 27 igenkänningstecken,
758 515 87 28 hoprul-

88 549 38 26 las,
143 550 125 22 omblandas
284 551 39 21 och
338 551 117 28 nedläggas
469 552 8 21 i
492 558 26 15 en
534 551 47 22 skål
596 551 80 28 (urna).

157 585 64 20 Amn.
252 585 31 21 De
303 585 32 22 uti
353 585 175 28 lottdragningen
546 586 128 27 deltagande
689 586 41 27 må,
746 585 7 21 i
767 584 37 22 fall
820 585 26 20 de

89 618 79 21 sädant
183 619 74 26 önska,
273 620 33 27 sig
322 620 89 21 emellan
427 621 49 20 utse
492 620 79 22 ombud
581 620 34 21 för
626 621 33 20 att
670 620 113 21 öfvervaka
793 619 53 27 hop-

89 652 145 28 blandningen
251 653 23 22 af
286 653 150 28 lottsedlarna,
452 655 67 21 innan
535 655 109 21 desamma
658 655 74 27 läggas
746 654 8 21 i
769 660 77 15 urnan.

158 688 43 26 2:0)
216 688 99 22 Derefter
333 695 112 21 uppropas
465 689 142 27 hästegarene
623 689 50 22 eller
689 689 62 21 deras
768 688 78 22 ombud

89 721 6 21 i
112 721 40 22 den
169 722 91 27 ordning
275 723 104 22 hästarna
395 725 36 20 äro
447 723 85 22 införda
542 724 7 21 i
560 724 41 21 den
612 724 68 21 under
690 723 129 28 föregående
834 723 12 27 8

89 756 130 21 omnämnda
234 756 162 29 förteckningen
413 757 112 28 (formulär
540 758 39 21 N:o
595 758 23 27 8)
633 758 33 21 för
682 759 33 20 att
730 757 33 22 för
773 757 73 28 hvarje

89 789 50 22 häst
154 792 77 26 uttaga
246 791 48 22 lott.

159 825 43 28 3:0)
218 826 31 21 De
266 827 82 26 dragna
363 827 162 22 lottnumrorna
539 827 104 27 uppläsas
657 827 52 28 högt
720 827 66 28 jemte
797 832 49 21 ega-

89 865 50 15 rens
156 859 42 21 för-
214 860 39 21 och
268 861 98 21 tillnamn
383 861 38 21 och
436 861 77 22 hästen
529 862 118 21 antecknas
663 861 47 22 med
726 861 48 22 dess
786 867 60 15 num-

90 899 45 15 mer
150 894 7 20 i
172 901 26 14 en
214 895 92 21 lottlista
322 895 113 27 (formulär
449 895 41 22 N:o
508 897 41 26 11).

159 929 43 26 4:0)
218 929 131 28 Lottsedeln,
372 929 87 22 försedd
481 930 48 22 med
550 931 130 27 päteckning
703 936 34 16 om
759 930 88 21 hästens

90 968 69 20 egare,
179 963 42 21 kön
237 964 39 20 och
291 964 48 27 färg
355 964 140 22 öfverlemnas
511 964 32 22 till
559 964 48 27 den,
623 971 45 15 som
685 965 71 27 dragit
770 964 76 21 lotten.

441 1045 11 27 8
469 1046 34 20 21.
725 1060 2 2 :

159 1083 58 21 Skall
232 1084 95 28 lottning
341 1085 7 21 i
365 1085 93 27 enlighet
474 1085 48 21 med
537 1085 12 27 $
565 1086 27 20 28
608 1085 7 21 i
630 1085 62 27 lagen
709 1092 34 14 om
759 1085 89 21 utskrif-

91 1117 51 27 ning
164 1118 23 20 af
208 1118 74 22 hästar
305 1125 39 21 ega
367 1126 48 15 rum
431 1120 90 21 emellan
537 1120 26 21 de
579 1120 95 26 frivilligt
690 1120 106 26 erbjudna
810 1118 38 22 hä-

90 1153 82 24 starna,
188 1152 71 27 tillgär
275 1153 74 21 dervid
364 1154 29 26 pä
409 1155 44 20 sätt
469 1154 63 21 ofvan
548 1154 105 27 stadgats.

441 1228 12 27 $
470 1230 33 20 22.

159 1266 43 22 Det
223 1266 34 22 för
272 1268 159 27 utskrifningen
450 1268 139 27 erforderliga
609 1268 81 21 antalet
704 1267 76 21 hästar
794 1266 54 22 infö-

90 1306 35 16 res
147 1300 54 22 härä
223 1302 32 20 uti
278 1308 26 15 en
319 1302 34 21 för
368 1302 73 28 hvarje
457 1302 58 22 klass
531 1303 7 21 i
554 1303 37 21 tvä
607 1302 107 27 exemplar
728 1300 120 28 upprättad

90 1335 93 21 särskild
206 1336 208 28 utskrifningslängd
437 1337 114 28 (formulär
573 1336 40 22 N:o
638 1337 34 27 12)
694 1336 98 25 sälunda,
816 1336 32 20 att

90 1368 55 22 först
160 1370 32 26 de,
209 1376 45 16 som
270 1371 92 27 uttagits
377 1373 54 19 utan
447 1372 100 26 lottning,
564 1371 38 21 och
618 1370 98 27 derefter,
732 1376 34 16 om
777 1370 25 21 sä
816 1376 32 15 er-

90 1403 91 26 fordras,
202 1404 31 26 de,
249 1405 48 21 med
313 1404 73 22 hvilka
400 1405 150 27 lottdragning
565 1406 36 26 egt
617 1411 53 20 rum,
686 1404 118 22 antecknas
820 1403 29 21 ef-

91 1440 34 19 ter
150 1437 171 24 lottnumrornas
345 1439 163 28 ordningsföljd,
531 1439 141 27 begynnande
694 1438 49 22 med
765 1437 40 22 N:o
831 1439 17 19 1.
