1031 1656
287 129 84 23 Ständ.
389 129 38 22 Sv.
443 142 26 2 —
486 129 74 28 Prop.
577 128 45 22 N:o
639 128 36 22 32.
845 128 13 20 3

100 200 77 22 hafva
203 200 142 23 Ständerna
369 201 82 21 ansett
479 200 38 29 sig
535 200 88 22 kunna
642 200 36 22 till
697 198 161 30 granskning

100 235 114 28 upptaga
239 235 30 21 de
288 234 8 22 i
315 241 97 15 samma
437 234 97 29 förslag
553 234 127 29 ingående
700 233 159 29 stadganden

102 269 25 22 af
146 268 157 23 allmännare
322 268 139 30 betydelse.

172 303 98 22 Härvid
290 304 77 21 hafva
389 303 142 23 Ständerna
551 303 39 22 för
606 303 38 22 sin
664 303 40 22 del
727 302 133 28 ifrågasatt

101 338 182 29 lämpligheten
307 338 26 22 af
351 338 49 22 den
418 338 37 22 uti
473 338 16 22 9
509 338 15 28 &
552 338 7 22 2
579 344 74 15 mom.
674 337 25 22 af
717 336 142 22 förordnin-

102 379 54 22 gen
176 372 131 29 angående
327 372 192 30 verkställighet
539 372 25 22 af
582 372 156 22 bötesbeslut
756 371 104 28 intagna

103 407 202 29 bestämningen,
327 408 36 21 att
381 407 136 22 exekutors
531 406 119 23 anhållan
663 413 40 16 om
722 405 138 23 handräck-

104 441 63 29 ning
186 441 35 22 uti
241 442 42 21 det
301 442 7 21 i
327 441 109 23 berörda
450 443 109 20 moment
572 441 134 22 förutsatta
720 441 43 22 fall
776 440 84 22 städse

108 476 80 22 borde
207 483 62 15 vara
289 476 100 29 åtföljdt
403 476 25 22 af
440 476 73 29 intyg
531 476 57 22 från
607 475 192 22 vederbörande
818 481 43 22 pa-

105 510 164 22 storsembete
294 511 45 22 och
359 511 33 28 på
410 511 87 22 landet
519 510 94 29 jemväl
631 510 57 22 från
707 509 153 23 kommunal-

105 545 93 22 nämnd
218 545 71 22 öfver
308 545 48 22 den
376 545 125 22 bötfäldes
520 545 143 22 vistelseort
679 545 59 22 eller
752 545 35 21 att
800 550 61 21 upp-

104 579 102 29 lysning
231 579 85 22 derom
343 580 24 21 af
391 579 116 22 bemälda
526 579 177 29 myndigheter
722 579 21 28 ej
764 579 98 21 kunnat

106 614 136 22 meddelas.
268 614 181 29 Ifrågakomna
469 614 129 22 föreskrift
617 614 80 21 skulle
716 613 145 28 antagligen

108 648 54 22 icke
187 648 57 22 leda
265 649 36 21 till
327 649 112 28 åsyftadt
463 649 118 22 ändamål
600 649 7 21 i
627 649 42 21 det
687 647 51 27 fall,
759 649 35 20 att
812 647 49 22 den

106 683 119 26 bötfälde,
246 683 83 22 såsom
342 683 77 22 oftast
438 684 27 21 är
484 683 77 26 fallet,
581 683 84 22 tillhör
684 683 48 22 den
751 683 53 21 lösa
820 681 41 22 be-

106 717 148 29 folkningen
273 718 45 21 och
339 718 25 21 af
382 724 31 15 en
432 717 60 22 eller
511 724 84 15 annan
615 717 75 22 orsak
706 717 94 22 lemnat
812 716 49 22 den

107 753 46 24 ort,
173 751 45 22 der
239 752 51 21 han
309 753 28 20 är
361 752 217 22 mantalskrifven.
616 752 39 21 Då
683 753 27 21 är
735 751 126 28 nämligen

106 786 64 22 hans
181 786 124 29 tillfälliga
321 787 174 28 uppehållsort
510 787 118 28 vanligen
638 786 54 23 icke
703 786 39 22 för
752 785 109 22 nämnda

106 821 176 28 myndigheter
301 821 76 26 känd,
391 821 132 22 hvaremot
533 821 119 28 kunskap
662 821 199 22 om-densamma

106 855 108 29 mången
233 855 69 29 gång
320 855 86 22 kunde
425 856 108 21 erhållas
547 855 56 22 från
618 857 77 20 annat
710 855 58 26 håll,
781 861 80 15 exem-

105 889 81 28 pelvis
208 889 56 22 från
289 890 203 28 poliskammare,
515 890 161 29 sjömanshus
695 897 31 14 m.
746 889 26 22 fl.
792 895 69 22 myn-

105 924 122 29 digheter.
264 924 179 23 Förevarande
467 925 142 28 stadgande
628 924 79 22 borde
726 924 85 22 derför
825 930 35 15 er-

106 959 77 21 sättas
203 959 56 22 med
278 965 31 16 en
327 966 69 15 mera
411 959 102 22 allmänt
525 959 85 22 hållen
623 959 129 22 föreskrift
765 958 94 25 derom,

106 994 35 21 att
168 993 128 29 möjligast
321 993 158 30 tillförlitliga
504 993 137 29 utredning
660 993 132 29 angående
812 993 48 22 den

105 1027 124 22 bötfäldes
249 1027 143 23 vistelseort
410 1028 79 22 borde
509 1028 100 29 bifogas
629 1028 174 28 ansökningen
820 1033 40 16 om

105 1061 200 30 handräckning.
342 1063 12 21 I
380 1063 118 21 ändamål
525 1064 36 21 att
584 1062 144 22 underlätta
747 1061 113 23 sakfälde

105 1103 134 21 personers
270 1097 171 22 befordrande
469 1097 35 22 till
532 1097 181 28 undergående
738 1097 26 21 af
788 1095 73 23 straff

104 1131 78 21 hafva
202 1131 143 22 Ständerna
365 1131 120 29 derjemte
499 1133 82 20 ansett
595 1131 147 26 önskvärdt,
758 1132 34 21 att
806 1130 54 22 sak-

105 1165 197 29 öreslängderna
321 1166 126 21 innehölle
462 1166 27 21 så
506 1173 151 22 noggranna
668 1165 128 29 uppgifter
806 1171 53 16 som

104 1199 98 29 möjligt
221 1200 132 29 angående
373 1201 48 21 den
441 1200 125 22 bötfäldes
585 1200 157 29 boningsort.

172 1234 36 21 På
227 1235 83 28 grund
330 1235 25 21 af
373 1235 68 21 hvad
465 1235 78 22 ofvan
562 1235 96 22 anförts
677 1235 25 21 få
717 1234 143 22 Ständerna

104 1268 36 22 till
159 1275 59 15 svar
237 1269 14 21 å
271 1269 48 22 den
338 1269 95 28 nådiga
455 1269 190 28 propositionen
664 1269 8 22 i
691 1268 169 29 underdånig-

104 1302 42 22 het
165 1303 112 22 anmäla:

379 1339 37 20 att
447 1338 146 22 Ständerna
621 1338 57 21 med
705 1337 83 29 några
816 1337 44 22 än-

311 1372 110 28 dringar
444 1373 113 28 godkänt
576 1373 49 21 den
644 1373 147 28 föreslagna
811 1371 49 22 för-

311 1407 150 28 ordningen,
493 1407 103 22 hvilken
623 1407 113 22 sålunda
764 1405 95 22 erhölle

311 1440 115 29 följande
445 1441 110 28 lydelse:
