1039 1659
177 141 30 21 10
362 141 85 23 Ständ.
465 141 38 23 Sv.
519 154 28 3 —
563 142 74 28 Prop.
653 141 45 23 N:o
714 141 37 23 25.

382 210 66 21 skildt
462 210 43 27 fall
520 210 115 21 användas
649 210 73 21 såsom
738 210 76 28 bidrag
829 210 37 27 för
881 217 54 21 upp-

382 244 92 28 förande
489 244 30 28 af
529 244 146 28 folkskolehus
695 244 39 21 och
749 244 145 28 anskaffande
910 244 29 28 af

383 278 142 28 slöjdlokaler.

247 451 48 22 Vid
317 452 155 29 landtdagen
492 453 28 21 år
541 452 65 23 1891
632 454 113 27 upptogo
765 451 143 23 Ständerna
926 451 7 22 i

179 486 254 29 folkskolebudgeten
457 493 30 16 en
511 487 161 28 anslagspost
694 487 25 21 af
738 486 96 26 51,000
853 486 79 26 mark,

177 522 36 21 att
232 520 81 22 under
340 521 205 28 finansperioden
571 521 174 22 1892—1894
767 521 112 28 utgifvas
898 520 36 22 till

177 555 144 22 inrättande
341 555 25 22 af
384 555 120 22 bibliotek
523 556 7 21 i
549 556 259 22 landskommunerna
821 555 39 22 för
872 555 61 22 folk-

177 589 140 22 skollärare
340 590 46 21 och
407 590 149 22 lärarinnor.
595 591 74 21 Detta
690 590 88 28 anslag
798 589 135 28 förnyades

177 624 29 22 är
227 623 68 23 1894
323 624 39 22 för
380 624 173 23 innevarande
581 624 173 29 finansperiod
785 624 45 22 och
859 623 74 22 äskas

177 658 140 22 detsamma
336 659 76 22 äfven
431 665 34 16 nu
481 659 39 22 för
533 659 204 28 treärsperioden
755 658 64 23 1898
837 653 95 38 —1900.

177 693 38 22 De
234 693 129 26 bibliotek,
384 699 53 16 som
456 693 124 24 härintills
599 693 180 30 organiserats,
794 693 79 22 förete
886 692 48 22 vis-

177 727 110 29 serligen
313 734 30 15 en
368 727 145 29 päfallande
536 728 130 29 ojämnhet
688 728 7 21 i
715 727 119 22 afseende
854 727 14 22 ä
886 727 48 22 för-

177 761 136 29 delningen
343 762 33 28 pä
404 762 81 23 skilda
512 762 267 29 inspektionsdistrikt,
807 761 126 22 beroende

177 796 81 26 däraf,
288 797 35 21 att
350 796 67 22 olika
440 798 93 27 system
555 797 76 28 följts,
651 797 8 21 i
677 797 42 22 det
739 797 34 21 att
792 796 36 22 uti
847 797 34 20 ett
900 795 34 22 di-

176 830 75 23 strikt
264 831 81 28 nägra
358 831 80 22 större
454 831 121 22 bibliotek
589 831 124 26 inrättats,
727 831 92 21 medan
832 830 8 21 i
854 830 78 22 andra

175 865 102 22 distrikt
296 867 35 20 ett
349 865 82 22 flertal
444 866 95 21 smärre
552 865 121 22 bibliotek
687 865 145 22 anordnats.
862 864 70 22 Stän-

175 899 80 22 derna
274 899 78 22 hafva
371 899 137 23 emellertid
528 901 81 21 ansett
629 901 35 21 att
682 899 81 29 nägra
781 905 101 16 normer
897 899 36 22 till

174 933 151 29 reglerande
345 934 25 21 af
388 934 69 22 detta
475 934 158 22 förhällande
653 934 38 22 för
704 933 162 22 närvarande
878 933 54 22 icke

175 967 64 23 böra
259 968 110 26 fastsläs,
389 970 61 20 utan
469 969 90 28 frägan
578 969 95 21 lemnas
693 969 83 27 öppen
795 967 64 22 intill
874 967 58 22 dess

174 1002 106 22 säkrare
308 1002 144 23 erfarenhet
479 1003 102 22 vunnits
608 1003 132 28 angående
764 1001 168 23 bibliotekens

173 1036 161 29 lämpligaste
347 1037 173 28 organisation
536 1037 47 22 och
596 1037 31 22 de
642 1037 127 29 åtgärder,
781 1043 53 15 som
847 1036 85 22 kunde

173 1077 64 15 vara
247 1071 100 28 egnade
357 1073 36 20 att
400 1071 143 22 underlätta
549 1071 157 29 utlåningen,
715 1070 217 29 hvilken
831 1066 11 38 i
853 1070 79 29 många

173 1104 44 22 fall
244 1105 130 22 försvåras
402 1112 91 23 genom
521 1112 30 16 en
578 1106 112 22 kostsam
716 1105 167 28 försändning
908 1105 25 21 af

173 1139 95 22 böcker
295 1139 56 22 från
379 1146 31 16 en
438 1143 39 19 ort
504 1140 35 22 till
567 1147 30 15 en
620 1146 92 16 annan.
750 1139 11 22 I
780 1139 90 28 hvarje
889 1139 43 22 fall

173 1179 77 22 synes
270 1174 42 22 det
328 1174 112 29 önskligt
462 1176 35 21 att
515 1174 226 29 uppmärksamhet
760 1180 78 22 egnas
858 1173 73 22 dessa

173 1213 92 23 genom
293 1208 235 29 bevillningsmedel
556 1209 133 28 grundade
707 1208 130 25 bibliotek,
860 1207 72 22 öfver

173 1241 102 23 hvilkas
299 1243 145 28 utveckling
462 1243 46 22 och
526 1243 95 22 rörelse
640 1249 31 16 en
689 1243 118 22 närmare
825 1242 106 22 relation

172 1275 81 23 borde
272 1276 137 23 utarbetas.

242 1311 49 22 Det
319 1311 95 22 äskade
442 1311 221 29 anslagsbeloppet
689 1311 78 22 hafva
789 1309 142 24 Ständerna

172 1344 116 29 godkänt
307 1345 46 22 och
372 1345 25 22 fä
416 1345 67 29 förty
501 1345 185 29 underdänigst
706 1345 111 22 anmäla:

449 1413 33 19 att
497 1411 126 21 Ständerna
640 1411 67 27 äfven
721 1410 37 28 för
771 1410 55 21 ären
841 1410 90 20 1898—

380 1446 62 20 1900
457 1446 97 26 anslagit
569 1452 27 14 en
611 1452 88 14 summa
714 1444 29 28 af
754 1444 80 21 inalles
849 1444 83 26 51,000
