1028 1656
212 155 12 20 2
516 155 40 21 N:o
572 156 33 20 32.

183 223 135 27 ställigheten
333 224 23 21 af
370 224 131 21 bötesbeslut
517 224 39 22 och
573 224 160 27 redovisningen
748 223 72 22 derför
835 224 62 21 äfven
912 230 25 15 ur

183 258 68 21 andra
266 258 130 27 synpunkter
410 258 48 22 icke
474 258 166 22 tillfredsställer
656 258 26 22 de
698 258 122 27 fordringar
835 258 28 28 på
873 258 64 27 nödig

183 292 157 27 skyndsamhet,
356 299 45 16 som
417 295 31 19 ett
464 294 108 21 verksamt
587 293 166 22 handhafvande
768 292 24 22 af
804 293 133 21 rättsvården

183 326 7 21 i
205 326 103 22 brottmål
328 327 92 26 kräfver,
438 327 39 22 har
492 327 198 28 Lagberedningen,
706 328 65 20 sedan
787 327 82 21 landets
885 327 52 21 Hof-

183 362 66 20 rätter
267 361 37 22 och
320 362 145 21 Prokuratorn
481 362 7 21 i
502 362 93 22 Senaten
606 362 83 27 afgifvit
699 362 115 27 yttranden
825 362 7 21 i
843 362 94 26 ärendet,

183 395 66 27 enligt
265 396 95 27 uppdrag
376 396 100 27 uppgjort
491 396 81 27 förslag
585 396 33 21 till
630 396 134 27 stadganden
776 402 34 15 om
821 396 116 21 befordran

183 428 32 22 till
236 429 163 28 verkställighet
414 430 23 21 af
450 430 140 27 bötesbeslut,
606 433 57 19 samt
678 431 108 26 angående
802 430 135 27 redovisning

183 463 33 22 för
234 463 189 28 verkställigheten
440 465 24 20 af
476 465 84 21 sådana
575 465 69 21 beslut
660 465 40 21 och
716 464 33 22 för
765 464 90 22 influtna
870 464 67 22 böter.

183 497 10 22 I
213 497 147 23 förstnämnda
378 499 99 22 afseende
495 499 40 22 har
550 499 65 22 bland
630 502 64 19 annat
709 499 122 27 föreslagits
847 499 20 27 ej
882 499 55 22 blott

182 533 151 22 fastställande
349 533 23 22 af
385 534 112 21 bestämda
512 535 101 21 terminer
629 534 33 22 för
677 534 135 21 aflemnande
827 534 33 21 till
876 534 61 21 verk-

183 567 108 27 ställighet
307 567 23 22 af
343 569 77 26 utdrag
435 575 26 15 ur
476 569 158 21 domstolarnas
649 569 188 27 saköreslängder:
852 569 33 21 för
900 569 36 20 hä-

183 602 148 22 radsrätterne
350 603 43 21 viss
411 603 49 22 kort
479 603 33 22 tid
530 603 55 22 efter
603 603 73 27 hvarje
692 603 107 22 ordinarie
815 603 57 28 tings
887 603 49 26 slut,

183 635 32 22 för
231 637 203 22 stadsdomstolarne
450 637 53 22 efter
518 637 106 28 utgången
640 638 23 21 af
677 637 73 28 hvarje
766 637 77 22 månad
854 638 39 21 och
904 637 33 22 för

183 671 155 23 öfverrätterne
361 672 55 22 efter
438 673 72 26 hvarje
533 672 115 28 fjerdedels
668 672 35 22 års
725 672 85 27 utgång,
829 675 52 19 utan
897 672 40 22 ock

183 706 100 21 närmare
301 706 134 22 föreskrifter
455 707 109 27 angående
579 707 98 21 förandet
692 706 24 22 af
728 707 154 27 saköreslängd
897 707 39 21 och

182 739 56 22 hvad
262 740 65 22 sådan
350 741 39 22 bör
412 741 113 28 innehålla,
549 741 107 22 äfvensom
676 741 120 27 skyldighet
815 741 33 21 för
863 741 74 22 veder-

182 774 95 22 börande
297 775 113 22 exekutiva
428 776 149 27 myndigheter
595 778 32 19 att
643 775 152 28 ofördröjligen
812 776 39 21 och
865 779 72 18 senast

182 808 58 22 inom
260 809 43 22 viss
323 810 48 21 kort
390 810 31 21 tid
440 810 99 22 befordra
558 812 119 25 emottaget
692 810 245 27 saköreslängdsutdrag

182 843 33 21 till
238 843 169 28 verkställighet.
437 844 61 22 Hvad
520 845 162 26 redovisningen
701 844 33 22 för
750 844 187 27 verkställigheten

182 877 23 21 af
223 877 133 23 bötesbeslut
375 879 74 27 angår,
468 879 40 21 har
525 879 187 28 Lagberedningen
728 881 70 20 ansett
814 879 123 22 densamma

182 910 52 22 böra
257 912 74 27 skiljas
354 912 47 22 från
424 913 36 21 det
482 913 109 27 samband,
611 913 61 21 hvari
692 913 40 21 den
753 912 33 22 för
805 913 132 21 närvarande

183 944 44 22 står
247 946 48 21 med
313 947 163 27 redovisningen
495 947 33 21 för
542 947 202 27 skatteuppbörden,
758 947 66 27 jemte
840 947 37 21 det
891 949 45 19 sär-

183 979 70 22 skilda
269 981 133 27 stadganden
417 981 121 27 föreslagits
554 982 7 20 i
576 981 54 27 syfte
646 984 32 19 att
688 981 104 27 befrämja
803 988 25 14 en
840 981 96 22 verksam

182 1014 93 22 kontroll
291 1015 59 21 öfver
365 1016 195 27 verkställigheten.

250 1049 43 21 För
307 1050 105 21 vinnande
427 1050 23 21 af
464 1050 131 21 sistnämnda
610 1050 100 27 syftemål
726 1050 39 21 och
776 1052 51 19 enär
837 1056 26 15 en
873 1050 63 21 säker

182 1082 71 28 tillsyn
278 1084 97 22 deröfver
397 1086 32 20 att
452 1085 100 27 samtliga
575 1085 129 26 bötesstraff,
729 1090 45 16 som
794 1084 84 22 ådömts
897 1084 39 21 och

182 1117 94 27 lagligen
295 1118 42 22 fått
357 1119 133 27 verkställas,
507 1120 6 20 i
528 1119 75 27 sjelfva
618 1119 74 21 verket
708 1119 70 21 blifvit
793 1121 57 19 satta
866 1119 6 21 i
888 1118 48 22 full-

182 1152 88 26 bordan,
293 1153 46 21 icke
355 1154 42 20 kan
416 1154 70 27 ernås,
505 1154 45 21 ifall
566 1154 18 26 ej
600 1153 138 27 fullständiga
754 1153 108 27 uppgifter
877 1153 59 21 öfver

181 1186 160 22 bötesbesluten
359 1187 48 22 från
422 1188 93 21 domstol
531 1188 39 21 och
585 1194 69 15 annan
671 1187 131 27 myndighet,
817 1193 46 16 som
879 1187 57 27 ålagt

181 1220 98 27 böterna,
295 1222 133 22 omedelbart
443 1222 109 22 tillställas
570 1222 25 21 de
610 1222 156 27 myndigheter,
782 1222 73 21 hvilka
871 1222 64 21 hand-

181 1254 64 22 hafva
266 1256 69 21 denna
355 1256 77 27 tillsyn,
452 1256 40 22 har
506 1256 188 28 Lagberedningen
710 1259 71 19 ansett
797 1256 72 27 dylika
884 1262 52 22 upp-

181 1289 64 27 gifter
260 1290 34 21 för
309 1290 114 22 framtiden
440 1291 52 21 böra
507 1291 6 21 i
528 1291 79 27 antydd
618 1291 90 26 ordning
719 1290 108 22 meddelas
838 1290 26 22 de
875 1296 61 22 gran-

181 1323 82 22 skande
292 1325 184 27 myndigheterna,
506 1326 39 20 och
574 1326 39 20 har
640 1326 85 21 landets
751 1324 185 22 underdomstolar

181 1361 58 24 synts
255 1359 8 21 i
278 1360 72 20 stället
373 1360 52 21 böra
447 1360 90 21 beredas
561 1360 39 22 den
624 1360 92 27 lättnad,
740 1362 32 19 att
788 1360 26 21 de
830 1359 106 22 befriades

181 1392 47 21 från
245 1392 47 26 den,
307 1394 85 26 jemlikt
407 1395 13 20 2
435 1394 49 27 kap.
496 1395 12 20 6
520 1394 11 27 &
543 1394 38 21 och
593 1396 12 19 6
616 1395 50 26 kap.
677 1396 13 19 4
701 1394 11 27 $
724 1394 211 27 rättegångsbalken,

181 1426 132 23 sistnämnda
336 1428 82 27 lagrum
442 1428 77 21 sådant
543 1428 34 21 det
594 1428 59 27 lyder
668 1428 6 21 i
691 1427 78 28 nådiga
784 1427 151 28 förordningen

181 1461 39 21 den
244 1463 27 20 27
297 1463 54 26 april
377 1463 60 27 1868,
460 1466 55 18 samt
533 1464 8 19 1
559 1463 11 27 $
586 1463 6 20 i
609 1463 152 26 förordningen
784 1462 40 21 den
847 1463 26 20 23
894 1463 41 26 maj
