1036 1656
279 147 84 23 Ständ.
380 146 39 23 Sv.
436 159 25 3 —
478 147 74 28 Prop.
568 147 46 22 N:o
630 147 36 22 25.
824 147 26 20 13

96 218 36 22 till
160 218 157 22 anställande
342 218 25 22 af
391 218 150 22 biträdande
560 218 156 29 slöjdlärare.
754 217 96 23 Beträf-

96 252 76 22 fande
190 252 83 22 denna
295 252 166 29 kungörelses
480 252 111 22 innehäll
610 252 78 22 hafva
708 252 142 22 Ständerna

96 288 60 21 trott
174 286 39 29 sig
231 286 62 22 böra
313 287 129 26 anmärka,
463 288 35 21 att
513 293 40 15 om
567 286 282 30 slöjdundervisningen

97 321 88 22 endast
215 321 32 22 dä
275 321 109 22 särskild
411 321 82 22 lärare
520 322 54 21 icke
602 321 85 22 kunde
720 321 130 22 anskaffas

97 355 67 29 finge
183 356 126 22 ombetros
329 356 101 21 skolans
449 356 137 26 lärarinna,
606 356 108 28 mängen
733 355 68 29 gäng
820 362 30 15 en

97 390 162 29 olämpligare
280 390 142 28 anordning
440 390 85 22 kunde
544 390 80 22 blifva
642 390 102 29 följden,
766 390 31 22 än
810 396 40 15 om

97 424 96 22 barnen
219 424 36 22 uti
283 424 283 29 slöjdundervisningen
593 424 87 22 leddes
703 424 25 22 af
746 430 31 16 en
795 423 56 22 fullt

97 459 144 28 kompetent
253 459 46 21 och
312 459 8 21 i
333 458 169 29 pedagogiskt
518 459 120 22 afseende
652 465 49 16 van
714 458 135 23 lärarinna.

99 493 142 22 Ständerna
253 493 68 22 hålla
334 493 148 29 visserligen
495 493 53 22 före
562 495 36 20 att
610 493 156 26 folkskolans
776 492 75 29 slöjd-

97 527 183 29 undervisning
298 527 47 23 bör
364 527 32 29 gä
415 527 7 22 i
441 534 31 15 en
491 527 115 29 praktisk
625 527 113 29 riktning
756 527 46 22 och
816 528 35 21 att

97 561 90 27 lärare,
207 562 86 21 hvilka
313 562 122 29 därjämte
455 563 44 21 äro
518 562 104 29 dugliga
640 562 143 29 yrkesmän,
799 561 8 22 i
820 561 31 22 de

97 596 73 22 flesta
196 596 51 26 fall,
275 596 47 22 där
348 596 97 22 sädana
472 596 63 23 blott
558 597 38 22 stä
617 598 35 21 att
671 596 114 26 erhällas,
806 597 44 20 äro

97 631 80 22 värda
195 631 134 26 företräde,
349 637 57 16 men
425 631 77 22 hafva
521 631 65 22 dock
605 632 82 21 ansett
703 630 147 23 förberörda

97 665 145 22 restriktion
261 665 138 22 tillsvidare
418 665 53 22 icke
490 665 127 28 påkallad.
655 665 11 22 1
686 665 74 29 öfrigt
773 665 78 22 hafva

100 698 143 23 Ständerna
261 699 83 22 funnit
357 699 48 22 den
420 700 112 28 antydda
545 700 183 29 kungörelsens
741 699 110 22 innehåll

99 733 145 30 sammangå
263 734 57 22 med
340 733 155 23 Ständernas
515 734 28 22 år
564 734 68 22 1894
650 734 111 22 uttalade
778 733 73 22 önsk-

98 768 131 29 ningsmål.

165 803 36 21 På
220 803 83 28 grund
323 803 24 22 af
365 803 42 22 det
431 803 105 22 anförda
555 803 26 22 få
602 803 142 22 Ständerna
762 802 90 22 under-

101 836 100 29 dånigst
221 837 108 22 anmäla:

372 882 33 19 att
417 880 125 21 Ständerna
554 881 37 27 för
602 880 179 28 finansperioden
791 881 63 20 1898

306 915 89 21 —1900
416 914 90 22 anvisat
528 915 21 27 a)
575 915 80 20 inalles
680 915 86 26 99,000
791 914 64 20 mark

303 948 73 22 såsom
394 949 77 27 bidrag
487 949 35 21 till
537 949 117 27 aflönande
669 949 28 27 af
708 948 144 22 handarbets-

306 983 129 21 lärarinnor
450 983 37 21 vid
501 983 86 21 sädana
600 983 36 27 för
644 990 76 20 gossar
730 983 39 21 och
778 982 77 28 flickor

304 1024 163 20 gyemensamma
483 1017 117 27 folkskolor
607 1017 32 28 pä
650 1018 78 26 landet,
741 1024 46 14 som
798 1016 57 28 före-

304 1051 46 21 stäs
370 1052 28 26 af
415 1052 101 27 manliga
538 1052 77 27 lärare,
636 1052 38 20 och
689 1052 37 20 vid
740 1051 75 21 hvilka
830 1050 29 28 af

305 1087 72 19 staten
397 1086 195 21 subventionerade
614 1086 128 21 biträdande
758 1085 97 21 lärarin-

308 1127 42 13 nor
359 1120 45 21 icke
414 1120 77 27 finnas
501 1121 109 26 anstälda,
619 1120 113 28 äfvensom
740 1120 21 27 b)
770 1120 86 26 54,000

306 1154 63 21 mark
395 1154 73 21 såsom
493 1155 77 27 bidrag
594 1155 36 27 för
654 1154 153 22 anordnandet
831 1154 29 26 af

305 1189 216 27 slöjdundervisning
536 1189 36 27 för
586 1196 76 20 gossar
677 1189 36 21 vid
724 1188 86 22 sådana
820 1188 36 27 för

303 1230 77 20 gossar
401 1223 38 21 och
461 1223 77 27 flickor
558 1230 163 20 gemensamma
739 1222 117 28 folkskolor

305 1257 30 27 på
357 1258 79 26 landet,
457 1264 47 14 som
519 1258 94 27 förestås
628 1258 28 27 af
668 1258 123 26 lärarinna,
808 1257 48 21 med

305 1292 42 20 den
363 1292 138 27 bestämning
516 1292 112 27 angående
643 1292 58 20 detta
710 1292 90 26 anslags
810 1291 46 27 för-

306 1326 97 27 delning,
418 1327 34 19 att
467 1326 76 27 bidrag
558 1326 66 27 utgår
638 1326 49 20 med
705 1327 29 19 75
748 1326 64 20 mark
821 1325 36 27 för

307 1360 75 26 hvarje
397 1360 68 26 skola,
481 1360 52 20 dock
547 1360 45 20 icke
608 1360 35 20 till
658 1360 63 27 högre
737 1359 74 27 belopp
826 1360 30 20 än

306 1394 40 26 det,
368 1394 50 20 med
438 1394 81 20 hvilket
542 1394 133 20 kommunen
697 1394 102 26 bidrager
822 1393 35 20 till

307 1427 99 21 lärarens
422 1427 106 28 aflöning.
