<?xml version="1.0" encoding="UTF-8"?>
<alto xmlns="http://www.loc.gov/standards/alto/ns-v3#" xmlns:xlink="http://www.w3.org/1999/xlink" xmlns:xsi="http://www.w3.org/2001/XMLSchema-instance" xsi:schemaLocation="http://www.loc.gov/standards/alto/ns-v3# http://www.loc.gov/alto/v3/alto-3-0.xsd">
	<Description>
		<MeasurementUnit>pixel</MeasurementUnit>
		<sourceImageInformation>
			<fileName>/tmp/tess_gqmwb_fj_input.PNG</fileName>
		</sourceImageInformation>
		<OCRProcessing ID="OCR_0">
			<ocrProcessingStep>
				<processingSoftware>
					<softwareName>tesseract 5.3.4</softwareName>
				</processingSoftware>
			</ocrProcessingStep>
		</OCRProcessing>
	</Description>
	<Layout>
		<Page WIDTH="1025" HEIGHT="1656" PHYSICAL_IMG_NR="0" ID="page_0">
			<PrintSpace HPOS="0" VPOS="0" WIDTH="1025" HEIGHT="1656">
				<ComposedBlock ID="cblock_0" HPOS="414" VPOS="128" WIDTH="122" HEIGHT="24">
					<TextBlock ID="block_0" HPOS="414" VPOS="128" WIDTH="122" HEIGHT="24">
						<TextLine ID="line_0" HPOS="414" VPOS="128" WIDTH="122" HEIGHT="24">
							<String ID="string_0" HPOS="414" VPOS="129" WIDTH="54" HEIGHT="23" WC="0.95" CONTENT="N:o"/><SP WIDTH="15" VPOS="129" HPOS="468"/>
							<String ID="string_1" HPOS="483" VPOS="128" WIDTH="53" HEIGHT="23" WC="0.85" CONTENT="81."/>
						</TextLine>
					</TextBlock>
				</ComposedBlock>
				<ComposedBlock ID="cblock_1" HPOS="232" VPOS="519" WIDTH="622" HEIGHT="262">
					<TextBlock ID="block_1" HPOS="232" VPOS="519" WIDTH="622" HEIGHT="262">
						<TextLine ID="line_1" HPOS="301" VPOS="519" WIDTH="552" HEIGHT="32">
							<String ID="string_2" HPOS="301" VPOS="519" WIDTH="76" HEIGHT="25" WC="0.96" CONTENT="Hans"/><SP WIDTH="19" VPOS="519" HPOS="377"/>
							<String ID="string_3" HPOS="396" VPOS="519" WIDTH="180" HEIGHT="32" WC="0.96" CONTENT="Kejserliga"/><SP WIDTH="19" VPOS="519" HPOS="576"/>
							<String ID="string_4" HPOS="595" VPOS="519" WIDTH="163" HEIGHT="32" WC="0.96" CONTENT="Majestäts"/><SP WIDTH="14" VPOS="519" HPOS="758"/>
							<String ID="string_5" HPOS="772" VPOS="519" WIDTH="81" HEIGHT="32" WC="0.96" CONTENT="nådiga"/>
						</TextLine>
						<TextLine ID="line_2" HPOS="233" VPOS="565" WIDTH="620" HEIGHT="32">
							<String ID="string_6" HPOS="233" VPOS="565" WIDTH="140" HEIGHT="32" WC="0.96" CONTENT="proposition"/><SP WIDTH="13" VPOS="565" HPOS="373"/>
							<String ID="string_7" HPOS="386" VPOS="565" WIDTH="34" HEIGHT="25" WC="0.96" CONTENT="till"/><SP WIDTH="9" VPOS="565" HPOS="420"/>
							<String ID="string_8" HPOS="429" VPOS="565" WIDTH="105" HEIGHT="25" WC="0.93" CONTENT="Finlands"/><SP WIDTH="9" VPOS="565" HPOS="534"/>
							<String ID="string_9" HPOS="543" VPOS="565" WIDTH="103" HEIGHT="32" WC="0.91" CONTENT="Ständer,"/><SP WIDTH="10" VPOS="565" HPOS="646"/>
							<String ID="string_10" HPOS="656" VPOS="565" WIDTH="115" HEIGHT="32" WC="0.96" CONTENT="angående"/><SP WIDTH="10" VPOS="565" HPOS="771"/>
							<String ID="string_11" HPOS="781" VPOS="565" WIDTH="26" HEIGHT="25" WC="0.96" CONTENT="de"/><SP WIDTH="9" VPOS="565" HPOS="807"/>
							<String ID="string_12" HPOS="816" VPOS="565" WIDTH="37" HEIGHT="25" WC="0.95" CONTENT="vid"/>
						</TextLine>
						<TextLine ID="line_3" HPOS="232" VPOS="610" WIDTH="621" HEIGHT="33">
							<String ID="string_13" HPOS="232" VPOS="610" WIDTH="134" HEIGHT="33" WC="0.91" CONTENT="landtdagen"/><SP WIDTH="23" VPOS="610" HPOS="366"/>
							<String ID="string_14" HPOS="389" VPOS="610" WIDTH="28" HEIGHT="26" WC="0.96" CONTENT="år"/><SP WIDTH="20" VPOS="610" HPOS="417"/>
							<String ID="string_15" HPOS="437" VPOS="611" WIDTH="65" HEIGHT="25" WC="0.92" CONTENT="1897"/><SP WIDTH="20" VPOS="611" HPOS="502"/>
							<String ID="string_16" HPOS="522" VPOS="611" WIDTH="85" HEIGHT="26" WC="0.92" CONTENT="äskade"/><SP WIDTH="19" VPOS="611" HPOS="607"/>
							<String ID="string_17" HPOS="626" VPOS="611" WIDTH="79" HEIGHT="32" WC="0.96" CONTENT="anslag"/><SP WIDTH="18" VPOS="611" HPOS="705"/>
							<String ID="string_18" HPOS="723" VPOS="612" WIDTH="39" HEIGHT="24" WC="0.93" CONTENT="för"/><SP WIDTH="17" VPOS="612" HPOS="762"/>
							<String ID="string_19" HPOS="779" VPOS="611" WIDTH="74" HEIGHT="25" WC="0.92" CONTENT="betäc-"/>
						</TextLine>
						<TextLine ID="line_4" HPOS="234" VPOS="656" WIDTH="620" HEIGHT="33">
							<String ID="string_20" HPOS="234" VPOS="656" WIDTH="73" HEIGHT="26" WC="0.96" CONTENT="kande"/><SP WIDTH="19" VPOS="656" HPOS="307"/>
							<String ID="string_21" HPOS="326" VPOS="657" WIDTH="27" HEIGHT="25" WC="0.93" CONTENT="af"/><SP WIDTH="16" VPOS="657" HPOS="353"/>
							<String ID="string_22" HPOS="369" VPOS="657" WIDTH="249" HEIGHT="32" WC="0.90" CONTENT="landtdagskostnader,"/><SP WIDTH="14" VPOS="657" HPOS="618"/>
							<String ID="string_23" HPOS="632" VPOS="658" WIDTH="37" HEIGHT="25" WC="0.91" CONTENT="för"/><SP WIDTH="13" VPOS="658" HPOS="669"/>
							<String ID="string_24" HPOS="682" VPOS="657" WIDTH="172" HEIGHT="26" WC="0.90" CONTENT="folkskolornas"/>
						</TextLine>
						<TextLine ID="line_5" HPOS="233" VPOS="702" WIDTH="621" HEIGHT="27">
							<String ID="string_25" HPOS="233" VPOS="703" WIDTH="8" HEIGHT="24" WC="0.95" CONTENT="i"/><SP WIDTH="12" VPOS="703" HPOS="241"/>
							<String ID="string_26" HPOS="253" VPOS="702" WIDTH="75" HEIGHT="26" WC="0.95" CONTENT="landet"/><SP WIDTH="18" VPOS="702" HPOS="328"/>
							<String ID="string_27" HPOS="346" VPOS="702" WIDTH="118" HEIGHT="26" WC="0.95" CONTENT="underhåll"/><SP WIDTH="19" VPOS="702" HPOS="464"/>
							<String ID="string_28" HPOS="483" VPOS="704" WIDTH="40" HEIGHT="24" WC="0.96" CONTENT="och"/><SP WIDTH="17" VPOS="704" HPOS="523"/>
							<String ID="string_29" HPOS="540" VPOS="704" WIDTH="38" HEIGHT="25" WC="0.96" CONTENT="för"/><SP WIDTH="11" VPOS="704" HPOS="578"/>
							<String ID="string_30" HPOS="589" VPOS="704" WIDTH="74" HEIGHT="25" WC="0.96" CONTENT="finska"/><SP WIDTH="11" VPOS="704" HPOS="663"/>
							<String ID="string_31" HPOS="674" VPOS="704" WIDTH="111" HEIGHT="25" WC="0.96" CONTENT="militären"/><SP WIDTH="14" VPOS="704" HPOS="785"/>
							<String ID="string_32" HPOS="799" VPOS="706" WIDTH="55" HEIGHT="22" WC="0.96" CONTENT="samt"/>
						</TextLine>
						<TextLine ID="line_6" HPOS="234" VPOS="748" WIDTH="620" HEIGHT="33">
							<String ID="string_33" HPOS="234" VPOS="756" WIDTH="34" HEIGHT="17" WC="0.90" CONTENT="om"/><SP WIDTH="26" VPOS="756" HPOS="268"/>
							<String ID="string_34" HPOS="294" VPOS="750" WIDTH="128" HEIGHT="30" WC="0.86" CONTENT="utvägarna"/><SP WIDTH="27" VPOS="750" HPOS="422"/>
							<String ID="string_35" HPOS="449" VPOS="749" WIDTH="34" HEIGHT="25" WC="0.96" CONTENT="till"/><SP WIDTH="28" VPOS="749" HPOS="483"/>
							<String ID="string_36" HPOS="511" VPOS="749" WIDTH="65" HEIGHT="25" WC="0.95" CONTENT="dessa"/><SP WIDTH="18" VPOS="749" HPOS="576"/>
							<String ID="string_37" HPOS="594" VPOS="749" WIDTH="92" HEIGHT="32" WC="0.94" CONTENT="anslags"/><SP WIDTH="18" VPOS="749" HPOS="686"/>
							<String ID="string_38" HPOS="704" VPOS="748" WIDTH="150" HEIGHT="26" WC="0.95" CONTENT="bestridande."/>
						</TextLine>
					</TextBlock>
				</ComposedBlock>
				<ComposedBlock ID="cblock_2" HPOS="94" VPOS="823" WIDTH="762" HEIGHT="97">
					<TextBlock ID="block_2" HPOS="94" VPOS="823" WIDTH="762" HEIGHT="97">
						<TextLine ID="line_7" HPOS="164" VPOS="823" WIDTH="689" HEIGHT="27">
							<String ID="string_39" HPOS="164" VPOS="823" WIDTH="38" HEIGHT="22" WC="0.96" CONTENT="Uti"/><SP WIDTH="22" VPOS="823" HPOS="202"/>
							<String ID="string_40" HPOS="224" VPOS="823" WIDTH="106" HEIGHT="21" WC="0.96" CONTENT="särskilda"/><SP WIDTH="19" VPOS="823" HPOS="330"/>
							<String ID="string_41" HPOS="349" VPOS="823" WIDTH="34" HEIGHT="22" WC="0.93" CONTENT="till"/><SP WIDTH="20" VPOS="823" HPOS="383"/>
							<String ID="string_42" HPOS="403" VPOS="823" WIDTH="120" HEIGHT="22" WC="0.92" CONTENT="Ständerna"/><SP WIDTH="15" VPOS="823" HPOS="523"/>
							<String ID="string_43" HPOS="538" VPOS="823" WIDTH="82" HEIGHT="22" WC="0.92" CONTENT="aflåtna"/><SP WIDTH="14" VPOS="823" HPOS="620"/>
							<String ID="string_44" HPOS="634" VPOS="823" WIDTH="79" HEIGHT="27" WC="0.93" CONTENT="nådiga"/><SP WIDTH="14" VPOS="823" HPOS="713"/>
							<String ID="string_45" HPOS="727" VPOS="823" WIDTH="126" HEIGHT="27" WC="0.92" CONTENT="propositio-"/>
						</TextLine>
						<TextLine ID="line_8" HPOS="94" VPOS="858" WIDTH="762" HEIGHT="28">
							<String ID="string_46" HPOS="94" VPOS="864" WIDTH="39" HEIGHT="16" WC="0.96" CONTENT="ner"/><SP WIDTH="24" VPOS="864" HPOS="133"/>
							<String ID="string_47" HPOS="157" VPOS="858" WIDTH="40" HEIGHT="21" WC="0.96" CONTENT="har"/><SP WIDTH="24" VPOS="858" HPOS="197"/>
							<String ID="string_48" HPOS="221" VPOS="858" WIDTH="61" HEIGHT="21" WC="0.96" CONTENT="Hans"/><SP WIDTH="24" VPOS="858" HPOS="282"/>
							<String ID="string_49" HPOS="306" VPOS="858" WIDTH="123" HEIGHT="27" WC="0.96" CONTENT="Kejserliga"/><SP WIDTH="25" VPOS="858" HPOS="429"/>
							<String ID="string_50" HPOS="454" VPOS="858" WIDTH="103" HEIGHT="28" WC="0.96" CONTENT="Majestät"/><SP WIDTH="24" VPOS="858" HPOS="557"/>
							<String ID="string_51" HPOS="581" VPOS="858" WIDTH="33" HEIGHT="22" WC="0.96" CONTENT="för"/><SP WIDTH="26" VPOS="858" HPOS="614"/>
							<String ID="string_52" HPOS="640" VPOS="858" WIDTH="50" HEIGHT="22" WC="0.93" CONTENT="åren"/><SP WIDTH="25" VPOS="858" HPOS="690"/>
							<String ID="string_53" HPOS="715" VPOS="858" WIDTH="141" HEIGHT="21" WC="0.87" CONTENT="1898—1900"/>
						</TextLine>
						<TextLine ID="line_9" HPOS="95" VPOS="892" WIDTH="154" HEIGHT="28">
							<String ID="string_54" HPOS="95" VPOS="892" WIDTH="64" HEIGHT="22" WC="0.91" CONTENT="äskat"/><SP WIDTH="15" VPOS="892" HPOS="159"/>
							<String ID="string_55" HPOS="174" VPOS="892" WIDTH="75" HEIGHT="28" WC="0.95" CONTENT="anslag"/>
						</TextLine>
					</TextBlock>
				</ComposedBlock>
				<ComposedBlock ID="cblock_3" HPOS="94" VPOS="950" WIDTH="762" HEIGHT="200">
					<TextBlock ID="block_3" HPOS="94" VPOS="950" WIDTH="570" HEIGHT="27">
						<TextLine ID="line_10" HPOS="94" VPOS="950" WIDTH="570" HEIGHT="27">
							<String ID="string_56" HPOS="94" VPOS="950" WIDTH="34" HEIGHT="22" WC="0.93" CONTENT="för"/><SP WIDTH="22" VPOS="950" HPOS="128"/>
							<String ID="string_57" HPOS="150" VPOS="950" WIDTH="132" HEIGHT="27" WC="0.92" CONTENT="landtdagen"/><SP WIDTH="24" VPOS="950" HPOS="282"/>
							<String ID="string_58" HPOS="306" VPOS="951" WIDTH="24" HEIGHT="21" WC="0.96" CONTENT="år"/><SP WIDTH="21" VPOS="951" HPOS="330"/>
							<String ID="string_59" HPOS="351" VPOS="951" WIDTH="54" HEIGHT="21" WC="0.96" CONTENT="1900"/><SP WIDTH="20" VPOS="951" HPOS="405"/>
							<String ID="string_60" HPOS="425" VPOS="952" WIDTH="56" HEIGHT="20" WC="0.95" CONTENT="samt"/><SP WIDTH="15" VPOS="952" HPOS="481"/>
							<String ID="string_61" HPOS="496" VPOS="950" WIDTH="33" HEIGHT="22" WC="0.96" CONTENT="för"/><SP WIDTH="15" VPOS="950" HPOS="529"/>
							<String ID="string_62" HPOS="544" VPOS="950" WIDTH="80" HEIGHT="22" WC="0.96" CONTENT="vården"/><SP WIDTH="16" VPOS="950" HPOS="624"/>
							<String ID="string_63" HPOS="640" VPOS="950" WIDTH="24" HEIGHT="22" WC="0.96" CONTENT="af"/>
						</TextLine>
					</TextBlock>
					<TextBlock ID="block_4" HPOS="95" VPOS="984" WIDTH="761" HEIGHT="57">
						<TextLine ID="line_11" HPOS="164" VPOS="984" WIDTH="692" HEIGHT="27">
							<String ID="string_64" HPOS="164" VPOS="984" WIDTH="152" HEIGHT="22" WC="0.92" CONTENT="ständerhuset"/><SP WIDTH="16" VPOS="984" HPOS="316"/>
							<String ID="string_65" HPOS="332" VPOS="985" WIDTH="41" HEIGHT="21" WC="0.93" CONTENT="och"/><SP WIDTH="10" VPOS="985" HPOS="373"/>
							<String ID="string_66" HPOS="383" VPOS="984" WIDTH="132" HEIGHT="22" WC="0.92" CONTENT="Ständernas"/><SP WIDTH="11" VPOS="984" HPOS="515"/>
							<String ID="string_67" HPOS="526" VPOS="985" WIDTH="61" HEIGHT="21" WC="0.95" CONTENT="arkiv"/><SP WIDTH="8" VPOS="985" HPOS="587"/>
							<String ID="string_68" HPOS="595" VPOS="991" WIDTH="64" HEIGHT="15" WC="0.85" CONTENT="m.m."/><SP WIDTH="28" VPOS="991" HPOS="659"/>
							<String ID="string_69" HPOS="687" VPOS="980" WIDTH="16" HEIGHT="35" WC="0.57" CONTENT="—"/><SP WIDTH="10" VPOS="980" HPOS="703"/>
							<String ID="string_70" HPOS="713" VPOS="985" WIDTH="99" HEIGHT="26" WC="0.84" CONTENT="435,000:"/><SP WIDTH="15" VPOS="985" HPOS="812"/>
							<String ID="string_71" HPOS="827" VPOS="996" WIDTH="29" HEIGHT="4" WC="0.91" CONTENT="—"/>
						</TextLine>
						<TextLine ID="line_12" HPOS="95" VPOS="1018" WIDTH="567" HEIGHT="23">
							<String ID="string_72" HPOS="95" VPOS="1018" WIDTH="34" HEIGHT="22" WC="0.93" CONTENT="för"/><SP WIDTH="15" VPOS="1018" HPOS="129"/>
							<String ID="string_73" HPOS="144" VPOS="1019" WIDTH="148" HEIGHT="21" WC="0.92" CONTENT="folkskolorna"/><SP WIDTH="16" VPOS="1019" HPOS="292"/>
							<String ID="string_74" HPOS="308" VPOS="1019" WIDTH="8" HEIGHT="21" WC="0.93" CONTENT="i"/><SP WIDTH="15" VPOS="1019" HPOS="316"/>
							<String ID="string_75" HPOS="331" VPOS="1019" WIDTH="70" HEIGHT="21" WC="0.91" CONTENT="stads-"/><SP WIDTH="14" VPOS="1019" HPOS="401"/>
							<String ID="string_76" HPOS="415" VPOS="1019" WIDTH="41" HEIGHT="22" WC="0.93" CONTENT="och"/><SP WIDTH="15" VPOS="1019" HPOS="456"/>
							<String ID="string_77" HPOS="471" VPOS="1020" WIDTH="191" HEIGHT="21" WC="0.91" CONTENT="landskommuner"/>
						</TextLine>
					</TextBlock>
					<TextBlock ID="block_5" HPOS="96" VPOS="1053" WIDTH="759" HEIGHT="61">
						<TextLine ID="line_13" HPOS="164" VPOS="1053" WIDTH="691" HEIGHT="28">
							<String ID="string_78" HPOS="164" VPOS="1055" WIDTH="57" HEIGHT="20" WC="0.93" CONTENT="samt"/><SP WIDTH="15" VPOS="1055" HPOS="221"/>
							<String ID="string_79" HPOS="236" VPOS="1053" WIDTH="177" HEIGHT="22" WC="0.93" CONTENT="folkskollärares"/><SP WIDTH="15" VPOS="1053" HPOS="413"/>
							<String ID="string_80" HPOS="428" VPOS="1054" WIDTH="150" HEIGHT="27" WC="0.91" CONTENT="pensionering"/><SP WIDTH="15" VPOS="1054" HPOS="578"/>
							<String ID="string_81" HPOS="593" VPOS="1060" WIDTH="28" HEIGHT="15" WC="0.94" CONTENT="m."/><SP WIDTH="11" VPOS="1060" HPOS="621"/>
							<String ID="string_82" HPOS="632" VPOS="1060" WIDTH="28" HEIGHT="16" WC="0.91" CONTENT="m."/><SP WIDTH="32" VPOS="1060" HPOS="660"/>
							<String ID="string_83" HPOS="692" VPOS="1054" WIDTH="120" HEIGHT="27" WC="0.91" CONTENT="6,544,600:"/><SP WIDTH="16" VPOS="1054" HPOS="812"/>
							<String ID="string_84" HPOS="828" VPOS="1065" WIDTH="27" HEIGHT="4" WC="0.92" CONTENT="—"/>
						</TextLine>
						<TextLine ID="line_14" HPOS="96" VPOS="1087" WIDTH="567" HEIGHT="27">
							<String ID="string_85" HPOS="96" VPOS="1087" WIDTH="34" HEIGHT="22" WC="0.92" CONTENT="för"/><SP WIDTH="22" VPOS="1087" HPOS="130"/>
							<String ID="string_86" HPOS="152" VPOS="1087" WIDTH="192" HEIGHT="27" WC="0.92" CONTENT="militärväsendet,"/><SP WIDTH="19" VPOS="1087" HPOS="344"/>
							<String ID="string_87" HPOS="363" VPOS="1089" WIDTH="71" HEIGHT="21" WC="0.92" CONTENT="säsom"/><SP WIDTH="15" VPOS="1089" HPOS="434"/>
							<String ID="string_88" HPOS="449" VPOS="1088" WIDTH="95" HEIGHT="22" WC="0.93" CONTENT="tillskott"/><SP WIDTH="14" VPOS="1088" HPOS="544"/>
							<String ID="string_89" HPOS="558" VPOS="1088" WIDTH="34" HEIGHT="22" WC="0.93" CONTENT="till"/><SP WIDTH="15" VPOS="1088" HPOS="592"/>
							<String ID="string_90" HPOS="607" VPOS="1088" WIDTH="56" HEIGHT="21" WC="0.92" CONTENT="mili-"/>
						</TextLine>
					</TextBlock>
					<TextBlock ID="block_6" HPOS="166" VPOS="1122" WIDTH="689" HEIGHT="28">
						<TextLine ID="line_15" HPOS="166" VPOS="1122" WIDTH="689" HEIGHT="28">
							<String ID="string_91" HPOS="166" VPOS="1122" WIDTH="120" HEIGHT="22" WC="0.92" CONTENT="tiefondens"/><SP WIDTH="16" VPOS="1122" HPOS="286"/>
							<String ID="string_92" HPOS="302" VPOS="1122" WIDTH="109" HEIGHT="22" WC="0.96" CONTENT="ordinarie"/><SP WIDTH="15" VPOS="1122" HPOS="411"/>
							<String ID="string_93" HPOS="426" VPOS="1123" WIDTH="126" HEIGHT="27" WC="0.93" CONTENT="tillgångar."/><SP WIDTH="32" VPOS="1123" HPOS="552"/>
							<String ID="string_94" HPOS="584" VPOS="1140" WIDTH="5" HEIGHT="4" WC="0.86" CONTENT="."/><SP WIDTH="31" VPOS="1140" HPOS="589"/>
							<String ID="string_95" HPOS="620" VPOS="1140" WIDTH="5" HEIGHT="4" WC="0.90" CONTENT="."/><SP WIDTH="33" VPOS="1140" HPOS="625"/>
							<String ID="string_96" HPOS="658" VPOS="1123" WIDTH="155" HEIGHT="27" WC="0.60" CONTENT=".15,299,609:"/><SP WIDTH="16" VPOS="1123" HPOS="813"/>
							<String ID="string_97" HPOS="829" VPOS="1134" WIDTH="26" HEIGHT="4" WC="0.93" CONTENT="—"/>
						</TextLine>
					</TextBlock>
				</ComposedBlock>
				<ComposedBlock ID="cblock_4" HPOS="575" VPOS="1168" WIDTH="280" HEIGHT="28">
					<TextBlock ID="block_7" HPOS="575" VPOS="1168" WIDTH="280" HEIGHT="28">
						<TextLine ID="line_16" HPOS="575" VPOS="1168" WIDTH="280" HEIGHT="28">
							<String ID="string_98" HPOS="575" VPOS="1168" WIDTH="87" HEIGHT="23" WC="0.93" CONTENT="Summa"/><SP WIDTH="16" VPOS="1168" HPOS="662"/>
							<String ID="string_99" HPOS="678" VPOS="1170" WIDTH="135" HEIGHT="26" WC="0.89" CONTENT="22,279,209:"/><SP WIDTH="15" VPOS="1170" HPOS="813"/>
							<String ID="string_100" HPOS="828" VPOS="1181" WIDTH="27" HEIGHT="3" WC="0.93" CONTENT="—"/>
						</TextLine>
					</TextBlock>
				</ComposedBlock>
				<ComposedBlock ID="cblock_5" HPOS="95" VPOS="1231" WIDTH="762" HEIGHT="234">
					<TextBlock ID="block_8" HPOS="95" VPOS="1231" WIDTH="761" HEIGHT="166">
						<TextLine ID="line_17" HPOS="165" VPOS="1231" WIDTH="691" HEIGHT="28">
							<String ID="string_101" HPOS="165" VPOS="1231" WIDTH="70" HEIGHT="22" WC="0.93" CONTENT="Bland"/><SP WIDTH="15" VPOS="1231" HPOS="235"/>
							<String ID="string_102" HPOS="250" VPOS="1233" WIDTH="121" HEIGHT="26" WC="0.92" CONTENT="utvägarna"/><SP WIDTH="15" VPOS="1233" HPOS="371"/>
							<String ID="string_103" HPOS="386" VPOS="1234" WIDTH="33" HEIGHT="19" WC="0.93" CONTENT="att"/><SP WIDTH="10" VPOS="1234" HPOS="419"/>
							<String ID="string_104" HPOS="429" VPOS="1232" WIDTH="93" HEIGHT="21" WC="0.92" CONTENT="betäcka"/><SP WIDTH="10" VPOS="1232" HPOS="522"/>
							<String ID="string_105" HPOS="532" VPOS="1233" WIDTH="69" HEIGHT="21" WC="0.96" CONTENT="denna"/><SP WIDTH="10" VPOS="1233" HPOS="601"/>
							<String ID="string_106" HPOS="611" VPOS="1238" WIDTH="85" HEIGHT="15" WC="0.93" CONTENT="summa"/><SP WIDTH="10" VPOS="1238" HPOS="696"/>
							<String ID="string_107" HPOS="706" VPOS="1231" WIDTH="64" HEIGHT="22" WC="0.91" CONTENT="hafva"/><SP WIDTH="10" VPOS="1231" HPOS="770"/>
							<String ID="string_108" HPOS="780" VPOS="1231" WIDTH="76" HEIGHT="22" WC="0.97" CONTENT="främst"/>
						</TextLine>
						<TextLine ID="line_18" HPOS="96" VPOS="1265" WIDTH="758" HEIGHT="29">
							<String ID="string_109" HPOS="96" VPOS="1265" WIDTH="66" HEIGHT="28" WC="0.91" CONTENT="tagits"/><SP WIDTH="16" VPOS="1265" HPOS="162"/>
							<String ID="string_110" HPOS="178" VPOS="1267" WIDTH="7" HEIGHT="20" WC="0.93" CONTENT="i"/><SP WIDTH="15" VPOS="1267" HPOS="185"/>
							<String ID="string_111" HPOS="200" VPOS="1267" WIDTH="94" HEIGHT="26" WC="0.92" CONTENT="anspräk"/><SP WIDTH="15" VPOS="1267" HPOS="294"/>
							<String ID="string_112" HPOS="309" VPOS="1267" WIDTH="122" HEIGHT="21" WC="0.92" CONTENT="inkomsten"/><SP WIDTH="16" VPOS="1267" HPOS="431"/>
							<String ID="string_113" HPOS="447" VPOS="1267" WIDTH="24" HEIGHT="21" WC="0.96" CONTENT="af"/><SP WIDTH="11" VPOS="1267" HPOS="471"/>
							<String ID="string_114" HPOS="482" VPOS="1267" WIDTH="93" HEIGHT="27" WC="0.93" CONTENT="följande"/><SP WIDTH="11" VPOS="1267" HPOS="575"/>
							<String ID="string_115" HPOS="586" VPOS="1267" WIDTH="147" HEIGHT="27" WC="0.92" CONTENT="bevillningar,"/><SP WIDTH="12" VPOS="1267" HPOS="733"/>
							<String ID="string_116" HPOS="745" VPOS="1266" WIDTH="109" HEIGHT="27" WC="0.91" CONTENT="angäende"/>
						</TextLine>
						<TextLine ID="line_19" HPOS="95" VPOS="1299" WIDTH="761" HEIGHT="30">
							<String ID="string_117" HPOS="95" VPOS="1300" WIDTH="85" HEIGHT="22" WC="0.96" CONTENT="hvilkas"/><SP WIDTH="30" VPOS="1300" HPOS="180"/>
							<String ID="string_118" HPOS="210" VPOS="1301" WIDTH="118" HEIGHT="26" WC="0.96" CONTENT="utgörande"/><SP WIDTH="31" VPOS="1301" HPOS="328"/>
							<String ID="string_119" HPOS="359" VPOS="1301" WIDTH="79" HEIGHT="27" WC="0.94" CONTENT="nådiga"/><SP WIDTH="22" VPOS="1301" HPOS="438"/>
							<String ID="string_120" HPOS="460" VPOS="1301" WIDTH="160" HEIGHT="28" WC="0.96" CONTENT="propositioner"/><SP WIDTH="23" VPOS="1301" HPOS="620"/>
							<String ID="string_121" HPOS="643" VPOS="1300" WIDTH="70" HEIGHT="23" WC="0.95" CONTENT="blifvit"/><SP WIDTH="22" VPOS="1300" HPOS="713"/>
							<String ID="string_122" HPOS="735" VPOS="1301" WIDTH="34" HEIGHT="21" WC="0.93" CONTENT="till"/><SP WIDTH="24" VPOS="1301" HPOS="769"/>
							<String ID="string_123" HPOS="793" VPOS="1299" WIDTH="63" HEIGHT="22" WC="0.92" CONTENT="Stän-"/>
						</TextLine>
						<TextLine ID="line_20" HPOS="97" VPOS="1334" WIDTH="758" HEIGHT="29">
							<String ID="string_124" HPOS="97" VPOS="1335" WIDTH="67" HEIGHT="21" WC="0.91" CONTENT="derna"/><SP WIDTH="16" VPOS="1335" HPOS="164"/>
							<String ID="string_125" HPOS="180" VPOS="1334" WIDTH="166" HEIGHT="28" WC="0.91" CONTENT="öfverlemnade,"/><SP WIDTH="16" VPOS="1334" HPOS="346"/>
							<String ID="string_126" HPOS="362" VPOS="1335" WIDTH="107" HEIGHT="28" WC="0.91" CONTENT="nemligen"/><SP WIDTH="16" VPOS="1335" HPOS="469"/>
							<String ID="string_127" HPOS="485" VPOS="1335" WIDTH="244" HEIGHT="28" WC="0.92" CONTENT="stämpelbevillningen,"/><SP WIDTH="13" VPOS="1335" HPOS="729"/>
							<String ID="string_128" HPOS="742" VPOS="1334" WIDTH="113" HEIGHT="22" WC="0.93" CONTENT="bevillnin-"/>
						</TextLine>
						<TextLine ID="line_21" HPOS="96" VPOS="1369" WIDTH="608" HEIGHT="28">
							<String ID="string_129" HPOS="96" VPOS="1375" WIDTH="42" HEIGHT="21" WC="0.93" CONTENT="gen"/><SP WIDTH="16" VPOS="1375" HPOS="138"/>
							<String ID="string_130" HPOS="154" VPOS="1369" WIDTH="13" HEIGHT="21" WC="0.93" CONTENT="å"/><SP WIDTH="14" VPOS="1369" HPOS="167"/>
							<String ID="string_131" HPOS="181" VPOS="1369" WIDTH="144" HEIGHT="27" WC="0.92" CONTENT="maltdrycker"/><SP WIDTH="16" VPOS="1369" HPOS="325"/>
							<String ID="string_132" HPOS="341" VPOS="1371" WIDTH="56" HEIGHT="20" WC="0.93" CONTENT="samt"/><SP WIDTH="15" VPOS="1371" HPOS="397"/>
							<String ID="string_133" HPOS="412" VPOS="1370" WIDTH="145" HEIGHT="27" WC="0.92" CONTENT="bevillningen"/><SP WIDTH="15" VPOS="1370" HPOS="557"/>
							<String ID="string_134" HPOS="572" VPOS="1371" WIDTH="13" HEIGHT="20" WC="0.90" CONTENT="å"/><SP WIDTH="15" VPOS="1371" HPOS="585"/>
							<String ID="string_135" HPOS="600" VPOS="1370" WIDTH="104" HEIGHT="27" WC="0.96" CONTENT="spelkort."/>
						</TextLine>
					</TextBlock>
					<TextBlock ID="block_9" HPOS="96" VPOS="1403" WIDTH="761" HEIGHT="62">
						<TextLine ID="line_22" HPOS="165" VPOS="1403" WIDTH="691" HEIGHT="28">
							<String ID="string_136" HPOS="165" VPOS="1403" WIDTH="103" HEIGHT="22" WC="0.92" CONTENT="Deremot"/><SP WIDTH="15" VPOS="1403" HPOS="268"/>
							<String ID="string_137" HPOS="283" VPOS="1404" WIDTH="40" HEIGHT="21" WC="0.96" CONTENT="har"/><SP WIDTH="14" VPOS="1404" HPOS="323"/>
							<String ID="string_138" HPOS="337" VPOS="1404" WIDTH="61" HEIGHT="21" WC="0.96" CONTENT="Hans"/><SP WIDTH="16" VPOS="1404" HPOS="398"/>
							<String ID="string_139" HPOS="414" VPOS="1404" WIDTH="121" HEIGHT="27" WC="0.96" CONTENT="Kejserliga"/><SP WIDTH="14" VPOS="1404" HPOS="535"/>
							<String ID="string_140" HPOS="549" VPOS="1404" WIDTH="102" HEIGHT="27" WC="0.96" CONTENT="Majestät"/><SP WIDTH="15" VPOS="1404" HPOS="651"/>
							<String ID="string_141" HPOS="666" VPOS="1404" WIDTH="23" HEIGHT="21" WC="0.96" CONTENT="af"/><SP WIDTH="14" VPOS="1404" HPOS="689"/>
							<String ID="string_142" HPOS="703" VPOS="1404" WIDTH="54" HEIGHT="26" WC="0.96" CONTENT="skäl,"/><SP WIDTH="11" VPOS="1404" HPOS="757"/>
							<String ID="string_143" HPOS="768" VPOS="1409" WIDTH="46" HEIGHT="16" WC="0.96" CONTENT="som"/><SP WIDTH="10" VPOS="1409" HPOS="814"/>
							<String ID="string_144" HPOS="824" VPOS="1403" WIDTH="32" HEIGHT="21" WC="0.96" CONTENT="uti"/>
						</TextLine>
						<TextLine ID="line_23" HPOS="96" VPOS="1437" WIDTH="761" HEIGHT="28">
							<String ID="string_145" HPOS="96" VPOS="1437" WIDTH="41" HEIGHT="22" WC="0.96" CONTENT="den"/><SP WIDTH="16" VPOS="1437" HPOS="137"/>
							<String ID="string_146" HPOS="153" VPOS="1437" WIDTH="79" HEIGHT="28" WC="0.95" CONTENT="nådiga"/><SP WIDTH="11" VPOS="1437" HPOS="232"/>
							<String ID="string_147" HPOS="243" VPOS="1438" WIDTH="164" HEIGHT="27" WC="0.95" CONTENT="propositionen"/><SP WIDTH="11" VPOS="1438" HPOS="407"/>
							<String ID="string_148" HPOS="418" VPOS="1438" WIDTH="112" HEIGHT="27" WC="0.93" CONTENT="angående"/><SP WIDTH="12" VPOS="1438" HPOS="530"/>
							<String ID="string_149" HPOS="542" VPOS="1439" WIDTH="207" HEIGHT="26" WC="0.91" CONTENT="stämpelbevillning"/><SP WIDTH="8" VPOS="1439" HPOS="749"/>
							<String ID="string_150" HPOS="757" VPOS="1439" WIDTH="100" HEIGHT="20" WC="0.95" CONTENT="närmare"/>
						</TextLine>
					</TextBlock>
				</ComposedBlock>
			</PrintSpace>
		</Page>
	</Layout>
</alto>
