1036 1659
197 129 13 20 4
500 129 41 21 N:o
557 130 34 21 29.

167 196 33 22 för
215 197 131 27 krigsbehof;
371 198 38 21 och
431 198 109 22 meddelas
563 198 103 28 derjemte
685 197 124 22 Ständerna
824 197 33 21 till
872 204 55 20 upp-

166 232 86 27 lysning
268 232 26 21 de
309 232 110 27 samtidigt
430 232 122 28 uppgjorda
562 232 109 28 förslagen
682 232 32 21 till
725 232 108 22 särskilda
842 232 85 27 Nådiga

167 266 152 27 författningar
342 267 7 20 i
370 268 78 25 ämnet,
472 273 46 15 som
541 267 62 21 skola
625 266 99 22 utfärdas
742 266 8 21 i
768 266 157 21 administrativ

166 300 196 28 lagstiftningsväg,
378 301 114 28 nemligen:

237 335 21 28 1)
273 335 80 28 förslag
368 336 32 21 till
414 336 127 27 förordning
552 336 111 27 angående
673 335 153 28 uppställande
838 335 22 22 af
867 335 59 22 häst-

166 376 72 16 reserv
253 370 33 21 för
301 370 157 27 krigsmaktens
473 370 66 22 behof
551 371 70 20 under
636 370 102 27 krigstid;

236 405 22 27 2)
273 404 80 28 förslag
369 405 32 21 till
415 405 133 22 instruktion
565 404 34 21 för
614 405 26 21 de
655 404 155 27 myndigheter,
828 405 12 20 å
856 403 71 22 hvilka

167 438 131 28 utskrifning
313 439 23 21 af
348 439 75 22 hästar
438 441 97 19 närmast
551 439 135 26 ankommer;

236 474 22 26 3)
274 473 79 27 förslag
368 473 32 21 till
415 473 126 28 förordning
551 473 112 28 angående
675 473 25 22 de
712 473 134 28 åligganden,
856 473 70 21 hvilka

166 507 120 22 tillkomma
306 507 25 22 de
347 507 107 22 allmänna
470 508 173 21 administrativa
659 508 38 21 och
713 507 139 22 kommunala
866 513 60 21 myn-

167 542 126 27 digheterna
307 542 8 21 i
331 542 99 22 afseende
445 543 13 21 å
472 542 132 27 utskrifning
619 542 24 22 af
655 542 76 22 hästar
745 542 34 21 för
794 541 130 28 krigsbehof;

235 577 22 27 4)
273 577 80 27 förslag
375 577 33 22 till
430 577 128 28 kungörelse
581 577 111 28 angående
716 577 26 21 de
757 577 82 26 hästar,
854 576 71 21 hvilka

165 612 30 27 pä
210 612 70 27 grund
296 611 23 22 af
333 612 11 27 $
360 613 13 20 2
388 612 8 21 i
410 612 62 27 lagen
488 619 33 14 om
538 611 133 28 utskrifning
687 611 23 22 af
723 611 75 22 hästar
813 611 34 22 för
857 611 67 27 krigs-

165 646 66 21 behof
244 648 38 19 äro
297 646 95 22 befriade
406 647 48 21 frän
470 646 141 27 utskrifning;
627 648 57 20 samt

234 681 22 27 5)
272 681 80 27 förslag
367 681 32 21 till
414 681 128 27 kungörelse
558 681 112 27 angående
680 681 100 27 reglerna
789 680 33 21 för
832 680 92 22 bestäm-

166 715 78 22 mande
266 715 22 22 af
309 715 85 22 hästars
418 716 109 27 duglighet
549 715 40 22 och
603 715 34 22 för
653 715 63 22 deras
730 715 123 27 besigtning
868 716 56 20 samt

165 749 111 28 indelning
290 750 7 21 i
312 750 83 21 klasser
410 750 35 21 vid
460 749 131 28 utskrifning
606 749 33 22 för
654 749 130 28 krigsbehof.

374 837 124 26 Förslag
520 836 29 21 till
569 837 30 26 lag
619 841 32 16 om
672 835 120 28 utskrifning
813 836 21 21 af
852 836 71 21 hästar

303 878 31 21 för
349 877 123 27 krigsbehof.

485 929 75 21 KAP.
582 929 16 21 1

402 974 108 20 Allmänna
522 973 163 27 bestämningar.

519 1021 47 26 81.

233 1060 43 21 För
299 1059 93 28 fyllande
411 1059 23 22 af
452 1060 25 21 de
495 1059 70 22 finska
585 1059 40 21 och
643 1059 26 21 de
688 1059 7 20 i
714 1058 93 21 Finland
825 1057 97 28 förlagda

164 1095 66 27 ryska
244 1096 132 26 truppernas
391 1094 67 22 behof
471 1093 23 22 af
507 1094 82 26 hästar,
606 1093 28 22 dä
649 1093 26 21 de
690 1092 76 22 ställas
781 1093 29 26 pä
824 1092 97 27 krigsfot,

164 1131 57 20 samt
235 1129 34 22 för
285 1130 33 20 att
333 1129 70 21 under
417 1128 93 28 krigstid
524 1128 107 22 bibehålla
647 1128 26 21 de
683 1128 7 21 i
700 1127 75 22 landet
790 1127 133 27 opererande

164 1166 122 25 trupperna
311 1163 35 22 vid
372 1163 38 21 full
432 1163 159 26 hästnumerär,
619 1165 38 19 äro
684 1161 100 28 samtlige
808 1161 115 27 hästegare

164 1198 89 27 pligtige
273 1199 34 20 att
325 1199 45 20 mot
390 1198 122 27 ersättning
530 1197 56 22 afstä
601 1197 76 21 hästar
692 1197 72 21 säsom
778 1197 7 20 i
802 1196 70 21 denna
887 1196 35 27 lag

163 1233 96 27 stadgas.

519 1261 12 27 8
547 1262 19 20 2.

231 1300 101 22 Befriade
347 1300 48 22 frän
410 1300 131 27 utskrifning
558 1302 47 19 äro:

232 1335 23 28 a)
270 1335 106 22 hästarna
390 1335 7 22 i
412 1335 119 28 Kejserliga
545 1334 106 28 familjens
667 1333 98 27 hofstall;

232 1370 21 27 0)
269 1370 117 21 utländska
401 1370 122 22 sändebuds
539 1369 39 22 och
592 1369 178 27 beskickningars
780 1369 75 21 hästar
865 1370 56 19 samt

162 1404 76 22 hästar
260 1404 109 27 tillhöriga
390 1404 131 22 undersätar
538 1404 8 20 i
564 1403 134 21 främmande
716 1404 70 20 stater
803 1402 8 22 i
828 1402 93 27 enlighet

161 1438 49 22 med
226 1438 74 22 derom
316 1438 107 22 afslutade
437 1438 165 26 konventioner;
