1034 1659
178 113 13 19 6
403 112 28 22 U.
447 112 27 23 B.
490 126 30 3 —
536 113 74 29 Prop.
626 113 44 23 N:o
687 113 37 23 33.

178 183 69 27 tyddä
266 184 193 23 missförhällande
478 187 26 19 är
520 185 82 27 egnadt
618 188 33 19 att
667 185 87 22 minska
769 186 160 21 allmänhetens

177 218 128 23 förtroende
320 219 35 23 för
371 220 144 23 sakförarene
531 223 57 20 samt
604 222 93 21 sälunda
715 221 66 22 äfven
797 223 33 20 att
845 220 85 22 afhälla

178 261 113 22 personer,
311 256 76 22 hvilka
403 257 82 22 besitta
500 258 45 21 alla
560 257 178 27 gvalifikationer
754 257 34 21 för
803 256 126 23 sakförare-

176 291 73 27 yrket,
265 292 51 21 frän
335 295 33 19 att
383 299 57 21 egna
455 293 36 27 sig
505 294 25 21 ät
546 294 68 21 sädan
630 294 148 22 verksamhet.

248 328 174 22 Vidkommande
445 330 54 21 vära
519 330 109 27 juridiskt
650 330 89 22 bildade
759 329 115 22 sakförare
889 330 41 21 bör

176 363 39 21 det
230 364 37 21 väl
283 364 110 22 erkännas
410 367 33 19 att
458 365 28 22 de
501 366 8 21 i
525 366 121 22 allmänhet
662 366 49 22 med
728 365 103 23 afseende
847 366 14 21 ä
873 367 55 20 rätt-

177 398 104 28 rädighet
298 400 101 28 uppfylla
414 401 140 28 berättigade
570 402 132 28 fordringar,
727 408 49 16 men
792 402 80 27 klagan
888 402 41 21 har

178 434 46 23 ofta
239 435 110 28 försports
365 437 104 23 deröfver
484 440 34 20 att
534 438 28 22 de
577 438 49 22 icke
642 438 50 22 med
708 438 108 28 tillbörlig
826 438 103 22 omtanke

178 471 41 21 och
240 472 136 28 skicklighet
402 473 77 22 drifvit
503 474 49 22 dem
576 474 143 22 anförtrodda
742 474 49 28 mäl,
815 473 114 23 äfvensom

179 508 34 20 att
236 509 125 26 anspräken
385 510 28 26 pä
437 510 82 22 arvode
543 510 101 22 stundom
668 510 60 22 varit
753 510 76 22 alltför
852 510 76 27 dryga,

178 543 72 27 nägon
273 544 60 28 gäng
355 547 15 20 t.
395 552 18 15 o.
437 552 26 16 m.
486 546 98 28 oskäligt
604 546 66 28 höga;
694 546 40 22 och
750 548 33 20 att
798 546 67 22 äfven
881 546 48 21 häri

176 579 74 27 ligger
273 582 33 20 ett
329 581 199 29 missförhällande,
549 588 46 16 som
614 584 26 20 är
655 583 7 21 i
677 583 45 27 hög
737 582 55 28 grad
807 582 122 27 hinderligt

178 615 36 22 för
236 616 236 24 sakförareväsendets
496 619 137 27 utveckling,
657 619 61 21 inses
741 619 48 21 lätt.
821 618 108 22 Anmärk-

177 652 108 27 ningarna
301 654 114 26 angående
430 654 115 22 bristande
556 655 103 21 omtanke
670 655 40 21 och
720 654 136 28 skicklighet
866 654 63 22 torde

177 688 125 22 emellertid
317 690 8 20 i
341 690 27 21 de
383 690 63 22 flesta
463 690 40 22 fall
519 690 67 23 hafva
597 691 56 27 gällt
664 691 84 21 sådana
762 696 57 22 unga
827 690 99 28 jurister,

175 730 48 15 som
247 725 70 21 under
341 726 42 22 den
406 726 71 22 första
498 727 62 21 tiden
584 727 58 22 efter
665 727 70 27 aflagd
752 727 177 21 embetsexamen

175 760 42 21 och
232 760 68 22 innan
317 762 26 21 de
359 762 78 22 hunnit
453 762 108 22 förskaffa
577 763 35 27 sig
627 763 67 27 nödig
710 762 128 22 erfarenhet
853 762 8 21 i
874 762 55 27 juri-

179 795 64 22 diska
259 796 57 28 värf,
333 798 7 20 i
356 797 106 23 afvaktan
477 799 29 26 på
524 798 45 22 fast
585 799 137 27 anställning
737 799 7 21 i
760 801 85 19 statens
861 798 68 28 tjenst

175 831 42 23 och
236 833 78 22 medan
335 833 27 23 de
383 835 114 27 samtidigt
517 835 36 21 för
571 835 111 22 vinnande
698 835 26 22 af
737 835 60 22 detta
812 835 44 21 mål
873 840 56 22 egna

176 868 36 28 sig
234 869 25 21 åt
282 876 72 16 annan
375 871 149 27 verksamhet,
545 871 73 27 syssla
639 878 46 15 mer
706 872 56 21 eller
780 870 85 22 mindre
884 870 44 22 till-

176 903 75 29 fälligt
267 906 49 21 med
332 906 129 28 advokatyr.

248 940 76 23 Såsom
348 948 27 16 en
398 942 63 28 brist,
485 943 93 22 hvilken
601 943 25 21 sä
645 943 66 27 länge
727 942 42 22 den
785 941 80 23 fortfar
889 942 40 21 har

174 976 36 22 till
227 976 84 28 päföljä
327 979 32 20 att
376 978 44 21 alla
436 978 69 22 andra
520 978 106 27 ätgärder
642 978 35 22 för
693 977 235 23 sakförareväsendets

174 1012 96 27 höjande
292 1012 70 23 blifva
385 1014 51 27 föga
457 1014 146 26 verksamma,
623 1014 40 21 bör
684 1014 105 26 slutligen
808 1013 120 21 betecknas

174 1048 44 21 den
240 1048 146 28 fullständiga
412 1050 114 21 saknaden
550 1049 24 21 af
595 1050 150 27 organisation
768 1049 28 27 på
819 1048 110 28 ifrågava-

176 1084 70 21 rande
269 1085 94 21 område.
399 1085 63 21 Intill
485 1086 73 21 denna
581 1085 43 27 dag
652 1084 67 22 hafva
742 1084 112 27 nämligen
877 1084 52 27 inga

176 1120 136 21 nämnvärda
335 1120 106 28 åtgärder
461 1121 25 21 af
507 1122 27 21 de
551 1121 107 27 juridiskt
678 1120 88 22 bildade
785 1119 144 23 sakförarene

176 1155 107 27 vidtagits
306 1156 35 22 för
364 1156 147 22 befordrande
531 1156 25 22 af
572 1157 27 21 de
623 1157 102 21 enskilda
748 1156 181 22 medlemmarnes

175 1192 207 28 yrkesskicklighet
398 1193 40 21 och
454 1193 116 27 duglighet
585 1193 40 21 och
636 1192 35 22 för
682 1192 97 22 kontroll
790 1192 63 21 öfver
863 1192 66 21 deras

175 1228 144 22 verksamhet
335 1235 26 15 m.
382 1235 26 15 m.
425 1229 78 27 dylikt,
522 1235 44 15 som
584 1231 97 19 närmast
698 1228 72 22 skulle
785 1228 115 21 ankomma
915 1227 14 21 å

174 1262 146 24 sakförarene
336 1264 85 27 sjelfva.

248 1299 90 27 Frågan
361 1306 34 16 om
419 1300 236 22 sakförareväsendets
678 1299 94 28 höjande
795 1299 41 21 har
858 1298 71 21 likväl

176 1335 69 22 sedan
260 1336 78 27 början
354 1336 25 22 af
395 1337 56 21 1870
468 1337 56 21 talet
539 1336 58 21 inom
613 1336 75 21 derför
704 1334 150 23 intresserade
867 1334 61 21 kret-

176 1377 37 16 sar
229 1372 40 21 och
285 1372 109 21 särskildt
405 1372 57 22 inom
473 1372 117 22 Juridiska
598 1371 131 27 föreningen
737 1370 128 28 upprepade
875 1369 53 27 gån-

175 1413 41 21 ger
235 1408 84 27 utgjort
334 1407 93 22 föremål
444 1408 35 21 för
500 1407 133 27 diskussion,
650 1407 79 22 dervid
747 1406 114 27 åsigterna
880 1405 49 22 icke

250 1456 138 22 Lagutskottets
402 1456 117 18 betänkande
533 1456 37 17 N:o
583 1456 26 18 11.
