1031 1656
420 124 40 22 N:o
476 124 34 22 27.
801 124 14 21 5

155 192 99 23 Fondens
276 192 89 28 utgifter
387 193 88 22 komma
494 195 32 20 att
541 195 88 25 utgöras
645 193 24 21 af
683 193 26 22 de
724 193 68 27 årliga
807 199 37 15 an-

87 228 122 22 nuiteterna
233 228 13 21 å
266 228 164 27 jernvägslånen
446 228 40 22 och
501 230 105 20 räntorna
621 228 33 21 till
669 228 176 27 Lagmanstings-

87 262 189 28 gästningsfonden
299 264 56 20 samt
378 262 144 22 kostnaderna
538 262 32 22 för
586 262 115 22 utförande
717 262 23 22 af
753 262 92 28 nybygg-

87 297 143 22 nadsarbeten
246 297 39 22 och
301 297 141 22 anskaffande
456 297 24 21 af
492 304 26 21 ny
529 297 66 28 rörlig
606 297 103 27 materiel,
720 297 73 21 hvilka
804 297 41 27 öka

89 332 25 21 de
130 331 83 28 färdiga
227 332 107 21 banornas
350 332 155 27 kapitalvärde.

157 366 63 22 Hvad
235 366 243 28 nybyggnadsarbetena
493 365 140 28 vidkommer,
649 366 91 22 föreslås
751 366 24 21 af
783 366 62 22 Jern-

88 401 157 27 vägsstyrelsen
261 403 33 19 att
309 400 84 23 utföras
410 401 5 21 i
427 401 40 22 den
483 403 109 20 närmaste
607 400 114 22 framtiden
737 400 108 27 åtskilliga

89 437 69 20 större
174 435 78 28 dylika,
263 436 104 21 särskildt
382 437 6 20 å
396 436 195 27 bansträckningen
602 435 197 28 Helsingfors—S:t
806 435 39 21 Pe-

90 470 106 27 tersburg.
217 470 84 22 Sådana
312 471 88 21 arbeten
411 472 48 20 äro:
471 471 124 27 utläggning
606 470 23 22 af
638 472 32 20 ett
681 471 68 20 andra
758 471 50 26 spår
819 469 27 28 på

90 505 126 22 sträckorna
235 505 273 26 Lewaschowo-—Raivola,
535 505 251 27 Fredriksberg—Malm
807 504 38 21 och

90 539 281 28 Dickursby—Träskända,
396 539 14 22 å
432 540 72 21 hvilka
529 539 99 22 sträckor
653 541 123 26 tågmötena
801 539 46 21 icke

90 574 74 22 vidare
183 574 73 21 kunna
271 574 28 27 på
315 576 30 19 ett
365 573 199 23 tillfredsställande
583 576 44 19 sätt
642 574 109 21 anordnas
771 579 75 22 genom

90 609 130 27 anläggning
235 609 23 21 af
272 615 41 21 nya
329 609 177 26 omfartsställen;
522 608 126 27 utvidgning
659 608 23 21 af
691 609 106 21 stationen
808 607 39 22 och

91 643 126 28 omändring
227 643 24 22 af
259 643 124 28 bangården
394 644 7 21 i
412 643 134 27 Helsingfors
561 646 56 19 samt
631 644 83 21 inlösen
726 643 33 22 för
769 643 78 21 sådant

91 677 99 22 ändamål
201 677 24 22 af
237 677 79 28 gården
331 678 39 21 N:o
383 679 11 20 7
406 678 34 21 vid
454 678 161 27 Brunnsgatan;
631 677 133 28 uppförande
775 677 23 22 af
807 683 40 22 nya

91 712 133 22 stationshus
240 712 13 21 å
263 712 147 22 Walkeasaari
426 713 39 21 och
480 712 99 28 Wiborgs
595 713 104 21 stationer
709 713 6 20 i
726 713 73 21 stället
814 711 33 22 för

91 747 27 21 de
128 747 123 21 nuvarande
267 747 127 27 otidsenliga
409 747 39 21 och
464 747 143 27 otillräckliga
622 747 79 26 husen;
716 746 131 28 uppförande

91 781 23 21 af
123 782 32 20 ett
170 781 130 27 boningshus
316 781 33 21 för
363 781 127 28 jernvägens
505 781 93 28 betjente
609 782 7 21 i
628 781 31 22 S:t
674 781 136 27 Petersburg,
826 781 23 21 af

91 816 74 21 hvilka
187 816 98 27 omkring
302 817 40 21 150
359 818 57 20 ännu
432 816 66 21 sakna
514 816 112 22 förmånen
642 817 24 21 af
680 816 76 22 bostad
772 816 6 21 i
792 816 56 27 jern-

91 853 80 25 vägens
195 857 54 21 egna
266 851 49 26 hus;
333 851 157 22 förberedande
506 852 100 27 åtgärder
621 851 34 22 för
670 858 25 15 en
711 850 138 22 förestående

92 886 56 21 total
171 885 133 28 ombyggnad
324 885 23 22 af
362 886 118 27 jernvägen
495 886 91 21 emellan
603 887 41 20 den
659 886 124 21 nuvarande
798 885 50 21 ved-

92 920 123 27 bangården
238 921 7 20 i
268 920 31 22 S:t
318 921 132 27 Petersburg
466 921 41 22 och
522 921 41 22 den
578 921 91 22 emellan
685 920 108 27 Lanskaja
809 919 38 22 och

92 954 106 28 Udelnaja
217 955 103 22 stationer
339 955 91 28 belägna
449 955 122 28 Kejserliga
584 955 136 28 jagtparken,
737 955 12 21 å
763 954 85 22 hvilken

92 989 87 22 sträcka
201 990 211 27 Jernvägsstyrelsen
428 993 72 19 ansett
513 991 127 26 jernvägens
657 991 90 20 ledande
762 989 28 28 på
805 990 44 21 via-

92 1024 55 22 dukt
169 1023 60 22 öfver
251 1025 37 21 der
310 1025 178 21 förekommande
510 1027 68 25 gator,
598 1025 114 22 chausseer
728 1025 40 21 och
784 1026 65 25 vägar

92 1059 47 21 icke
155 1059 73 27 längre
238 1059 71 22 kunna
320 1059 111 22 undvikas.
454 1059 150 22 Kostnaderna
616 1060 32 21 för
659 1060 63 21 dessa
732 1059 40 22 och
783 1059 67 21 andra

92 1095 69 20 större
177 1093 86 22 arbeten
279 1094 109 21 äfvensom
404 1094 33 21 för
452 1095 26 21 de
489 1094 80 27 årligen
580 1094 175 21 återkommande
766 1093 83 22 mindre

93 1129 242 27 nybyggnadsarbetena
357 1129 64 21 hafva
444 1129 24 22 af
480 1130 209 27 Jernvägsstyrelsen
705 1129 31 22 uti
752 1129 98 26 bifogadt

93 1163 82 28 förslag
190 1163 137 28 uppskattats
342 1164 34 21 till
392 1165 115 25 7,513,000
523 1164 66 21 mark.

162 1197 149 22 Kostnaderna
335 1198 33 21 för
390 1199 138 21 anskaffande
544 1198 22 22 af
580 1199 118 21 lokomotiv
713 1199 40 22 och
769 1204 82 21 vagnar

92 1231 41 22 har
147 1232 8 21 i
170 1239 81 15 samma
266 1233 81 27 förslag
361 1233 119 22 beräknats
495 1233 33 22 till
544 1234 113 26 3,600,000
673 1234 68 21 mark.

163 1262 69 26 Äfven
247 1267 71 22 kunde
333 1267 62 28 fråga
410 1268 78 27 uppstå
504 1270 32 19 att
551 1268 35 21 vid
602 1268 139 22 anskaffande
757 1268 23 21 af
789 1268 62 21 sken-

93 1301 100 22 material
208 1301 33 22 för
258 1301 24 22 de
302 1301 128 28 ifrägasatta
449 1309 42 20 nya
504 1303 143 27 jernvägarne
663 1303 48 21 med
726 1303 41 21 lätt
783 1303 68 20 öfver-

92 1335 98 28 byggnad
213 1336 118 21 verkställa
353 1337 75 27 utbyte
447 1337 24 21 af
493 1337 107 22 skenorna
619 1337 13 22 &
650 1337 201 22 Kotka—Kouvola

94 1370 40 21 och
149 1370 405 27 Wiborg—Imatra—Wuoksenniska
576 1372 130 21 bandelarne
723 1374 56 19 samt
795 1371 7 22 i
818 1372 33 20 sä-

93 1405 54 21 dant
169 1405 99 22 afseende
283 1405 34 22 för
333 1405 63 22 dessa
410 1406 68 22 banor
493 1406 99 22 tillverka
608 1407 52 21 rails
676 1407 23 21 af
713 1407 28 21 30
756 1407 35 26 kg.
807 1405 45 27 vigt

93 1439 41 22 och
156 1440 99 21 använda
279 1440 36 22 det
338 1441 102 21 utbrutna
463 1441 72 27 späret
552 1441 8 21 i
575 1441 176 28 jernvägsnätets
773 1442 80 26 ytterst
