1025 1659
201 126 26 21 72
505 126 40 23 N:o
561 128 37 22 29.

527 231 12 28 8
555 232 20 20 5.

245 270 78 28 Sjelfva
336 270 150 29 besigtningen
501 271 128 22 verkställes
644 272 8 21 i
666 271 94 28 följande
777 270 100 28 ordning:

239 310 30 28 A)
285 311 95 22 Hästens
397 311 60 23 ålder
471 312 136 22 bestämmes.

241 358 28 27 B)
284 358 85 27 Höjden
389 360 115 26 uppmätes
519 358 34 22 för
567 358 163 22 bestämmande
746 358 23 22 af
783 358 48 22 dess
847 358 58 22 klass
923 358 7 21 i

171 392 94 28 enlighet
279 392 48 22 med
343 393 11 27 $
370 394 20 25 3,
406 393 67 22 hvarä
488 394 60 21 sker:

243 438 25 27 C)
283 438 127 28 Besigtning
432 439 23 21 af
475 439 89 22 hästens
586 438 90 23 framdel
691 439 70 21 under
776 439 153 26 stillastående,

172 472 75 22 dervid
261 473 40 21 bör
316 473 136 23 observeras:

241 514 23 26 a)
279 512 160 24 framhofvarna
454 514 107 28 (sprickor
576 514 29 27 på
619 514 146 27 hornväggen,
776 514 81 27 fullhof,
868 514 63 22 strål-

172 549 67 25 röta);

241 576 21 27 0)
277 576 125 23 frambenen
423 577 116 28 (öfverben,
559 578 152 26 bockbenthet,
730 577 34 22 för
779 578 109 21 ridhästar
904 590 25 3 —

172 611 104 27 darrning
291 612 7 20 i
313 612 88 27 knäna);

241 646 20 26 e)
276 646 85 22 bröstet
372 647 212 27 (trängbröstighet);

244 681 23 27 d)
283 680 107 28 läpparna
406 682 139 27 (hängande);

242 716 19 26 e)
278 716 82 26 tungan
377 716 43 27 (hel
436 716 51 22 eller
502 717 35 27 ej);

235 750 30 26 f)
279 750 99 22 käkarna
397 750 86 28 (knölar
498 751 69 21 under
581 752 98 21 käkarna
695 752 70 20 såsom
781 750 147 22 kännetecken

172 784 29 26 på
216 784 82 21 kvarka
313 784 51 22 eller
380 785 61 27 rots);

240 819 23 27 9)
279 820 83 26 ögonen
379 819 126 29 (blindhet);

242 854 23 27 1)
281 856 81 20 öronen
378 854 102 28 (sloköra,
497 857 50 25 ömt,
564 855 103 27 derjemte
682 854 110 28 orörligt);

242 888 17 24 1)
275 888 85 22 halsens
380 889 104 28 ställning
498 889 33 22 för
546 889 163 22 bestämmande
724 889 24 21 af
760 888 125 28 lämplighet
900 888 32 22 till

173 922 44 21 ridt
233 922 52 22 eller
299 923 103 27 körning;

242 968 32 28 D)
290 968 126 28 Besigtning
430 969 49 22 från
494 970 61 21 sidan
571 970 70 21 under
655 969 160 22 stillastående:

243 1003 22 27 a)
281 1010 80 20 ryggen
381 1004 98 27 (bruten;
495 1004 92 28 längden
603 1004 33 22 för
651 1004 163 22 bestämmande
830 1003 23 21 af
865 1003 68 27 lämp-

174 1037 67 27 lighet
256 1037 33 22 för
304 1038 44 21 ridt
364 1038 52 22 eller
430 1039 113 27 körning);

243 1072 21 28 &)
279 1072 72 22 buken
367 1073 132 27 (kvickdrag,
514 1073 86 27 bråck);

243 1118 32 28 E)
291 1118 128 28 Besigtning
442 1118 23 22 af
485 1119 88 22 hästens
595 1119 79 22 bakdel
690 1119 69 21 under
775 1118 157 22 stillastående:

244 1159 23 27 a)
283 1159 75 21 korset
372 1158 112 29 (afbruten
500 1159 170 28 höftbenspets);

245 1193 21 27 b)
281 1192 113 23 bakbenen
410 1194 118 27 (öfverben,
544 1194 84 27 mugg);

243 1227 32 28 F)
289 1227 128 29 Besigtning
432 1229 69 21 under
516 1228 91 22 rörelse:

243 1262 24 28 a)
289 1262 81 22 rörelse
392 1263 70 21 bakut
485 1263 38 22 och
547 1263 92 22 derefter
659 1262 73 28 hastig
755 1262 81 22 rörelse
855 1261 79 22 framåt

175 1297 138 27 (ryckningar
328 1297 7 21 i
350 1297 147 28 bakfötterna,
513 1299 80 26 spatt);

244 1331 21 27 8)
286 1332 92 22 ledande
394 1332 23 22 af
430 1332 77 22 hästen
522 1333 8 21 i
545 1332 76 27 skridt,
637 1332 91 22 hvarvid
742 1330 193 28 uppmärksamhet

174 1366 55 21 skall
244 1366 68 22 fästas
329 1366 37 22 vid
380 1366 80 22 lätthet
475 1367 7 21 i
492 1367 129 26 rörelserna,
633 1366 155 28 (regelbunden
799 1366 63 27 gång,
873 1365 62 27 ryck-

174 1400 79 28 ningar
267 1401 7 21 i
290 1400 140 23 bakfötterna
453 1401 39 22 och
514 1401 98 22 vadande
631 1402 57 26 gång
708 1413 20 3 —
748 1400 37 22 det
800 1399 135 23 sistnämnda

175 1434 128 28 angifvande
318 1435 126 29 fullständig
459 1436 119 27 blindhet);
