<?xml version="1.0" encoding="UTF-8"?>
<alto xmlns="http://www.loc.gov/standards/alto/ns-v3#" xmlns:xlink="http://www.w3.org/1999/xlink" xmlns:xsi="http://www.w3.org/2001/XMLSchema-instance" xsi:schemaLocation="http://www.loc.gov/standards/alto/ns-v3# http://www.loc.gov/alto/v3/alto-3-0.xsd">
	<Description>
		<MeasurementUnit>pixel</MeasurementUnit>
		<sourceImageInformation>
			<fileName>/tmp/tess_kbtam6dz_input.PNG</fileName>
		</sourceImageInformation>
		<OCRProcessing ID="OCR_0">
			<ocrProcessingStep>
				<processingSoftware>
					<softwareName>tesseract 5.3.4</softwareName>
				</processingSoftware>
			</ocrProcessingStep>
		</OCRProcessing>
	</Description>
	<Layout>
		<Page WIDTH="1031" HEIGHT="1659" PHYSICAL_IMG_NR="0" ID="page_0">
			<PrintSpace HPOS="0" VPOS="0" WIDTH="1031" HEIGHT="1659">
				<ComposedBlock ID="cblock_0" HPOS="207" VPOS="130" WIDTH="395" HEIGHT="22">
					<TextBlock ID="block_0" HPOS="207" VPOS="130" WIDTH="395" HEIGHT="22">
						<TextLine ID="line_0" HPOS="207" VPOS="130" WIDTH="395" HEIGHT="22">
							<String ID="string_0" HPOS="207" VPOS="131" WIDTH="27" HEIGHT="20" WC="0.96" CONTENT="42"/><SP WIDTH="278" VPOS="131" HPOS="234"/>
							<String ID="string_1" HPOS="512" VPOS="130" WIDTH="40" HEIGHT="22" WC="0.96" CONTENT="N:o"/><SP WIDTH="16" VPOS="130" HPOS="552"/>
							<String ID="string_2" HPOS="568" VPOS="131" WIDTH="34" HEIGHT="21" WC="0.96" CONTENT="29."/>
						</TextLine>
					</TextBlock>
				</ComposedBlock>
				<ComposedBlock ID="cblock_1" HPOS="178" VPOS="300" WIDTH="729" HEIGHT="28">
					<TextBlock ID="block_1" HPOS="178" VPOS="300" WIDTH="729" HEIGHT="28">
						<TextLine ID="line_1" HPOS="178" VPOS="300" WIDTH="729" HEIGHT="28">
							<String ID="string_3" HPOS="178" VPOS="300" WIDTH="65" HEIGHT="22" WC="0.92" CONTENT="Instr."/><SP WIDTH="18" VPOS="300" HPOS="243"/>
							<String ID="string_4" HPOS="261" VPOS="301" WIDTH="11" HEIGHT="27" WC="0.92" CONTENT="$"/><SP WIDTH="18" VPOS="301" HPOS="272"/>
							<String ID="string_5" HPOS="290" VPOS="302" WIDTH="18" HEIGHT="20" WC="0.96" CONTENT="9."/><SP WIDTH="212" VPOS="302" HPOS="308"/>
							<String ID="string_6" HPOS="520" VPOS="301" WIDTH="194" HEIGHT="27" WC="0.92" CONTENT="Hästutskrifning."/><SP WIDTH="32" VPOS="301" HPOS="714"/>
							<String ID="string_7" HPOS="746" VPOS="301" WIDTH="70" HEIGHT="21" WC="0.96" CONTENT="Form."/><SP WIDTH="16" VPOS="301" HPOS="816"/>
							<String ID="string_8" HPOS="832" VPOS="301" WIDTH="39" HEIGHT="22" WC="0.96" CONTENT="N:o"/><SP WIDTH="17" VPOS="301" HPOS="871"/>
							<String ID="string_9" HPOS="888" VPOS="303" WIDTH="19" HEIGHT="20" WC="0.96" CONTENT="3."/>
						</TextLine>
					</TextBlock>
				</ComposedBlock>
				<ComposedBlock ID="cblock_2" HPOS="488" VPOS="399" WIDTH="140" HEIGHT="27">
					<TextBlock ID="block_2" HPOS="488" VPOS="399" WIDTH="140" HEIGHT="27">
						<TextLine ID="line_2" HPOS="488" VPOS="399" WIDTH="140" HEIGHT="27">
							<String ID="string_10" HPOS="488" VPOS="399" WIDTH="140" HEIGHT="27" WC="0.92" CONTENT="Kungörelse."/>
						</TextLine>
					</TextBlock>
				</ComposedBlock>
				<ComposedBlock ID="cblock_3" HPOS="178" VPOS="462" WIDTH="759" HEIGHT="470">
					<TextBlock ID="block_3" HPOS="178" VPOS="462" WIDTH="759" HEIGHT="130">
						<TextLine ID="line_3" HPOS="248" VPOS="462" WIDTH="689" HEIGHT="28">
							<String ID="string_11" HPOS="248" VPOS="462" WIDTH="32" HEIGHT="21" WC="0.92" CONTENT="Pä"/><SP WIDTH="14" VPOS="462" HPOS="280"/>
							<String ID="string_12" HPOS="294" VPOS="462" WIDTH="70" HEIGHT="27" WC="0.96" CONTENT="grund"/><SP WIDTH="19" VPOS="462" HPOS="364"/>
							<String ID="string_13" HPOS="383" VPOS="462" WIDTH="23" HEIGHT="22" WC="0.93" CONTENT="af"/><SP WIDTH="14" VPOS="462" HPOS="406"/>
							<String ID="string_14" HPOS="420" VPOS="462" WIDTH="64" HEIGHT="28" WC="0.90" CONTENT="nädig"/><SP WIDTH="15" VPOS="462" HPOS="484"/>
							<String ID="string_15" HPOS="499" VPOS="462" WIDTH="116" HEIGHT="28" WC="0.92" CONTENT="befallning"/><SP WIDTH="15" VPOS="462" HPOS="615"/>
							<String ID="string_16" HPOS="630" VPOS="468" WIDTH="34" HEIGHT="16" WC="0.93" CONTENT="om"/><SP WIDTH="16" VPOS="468" HPOS="664"/>
							<String ID="string_17" HPOS="680" VPOS="462" WIDTH="131" HEIGHT="27" WC="0.91" CONTENT="utskrifning"/><SP WIDTH="15" VPOS="462" HPOS="811"/>
							<String ID="string_18" HPOS="826" VPOS="462" WIDTH="23" HEIGHT="22" WC="0.93" CONTENT="af"/><SP WIDTH="13" VPOS="462" HPOS="849"/>
							<String ID="string_19" HPOS="862" VPOS="462" WIDTH="75" HEIGHT="22" WC="0.92" CONTENT="hästar"/>
						</TextLine>
						<TextLine ID="line_4" HPOS="178" VPOS="495" WIDTH="758" HEIGHT="29">
							<String ID="string_20" HPOS="178" VPOS="495" WIDTH="34" HEIGHT="21" WC="0.88" CONTENT="för"/><SP WIDTH="23" VPOS="495" HPOS="212"/>
							<String ID="string_21" HPOS="235" VPOS="496" WIDTH="119" HEIGHT="22" WC="0.93" CONTENT="militärens"/><SP WIDTH="23" VPOS="496" HPOS="354"/>
							<String ID="string_22" HPOS="377" VPOS="496" WIDTH="65" HEIGHT="22" WC="0.92" CONTENT="behof"/><SP WIDTH="21" VPOS="496" HPOS="442"/>
							<String ID="string_23" HPOS="463" VPOS="498" WIDTH="56" HEIGHT="20" WC="0.96" CONTENT="samt"/><SP WIDTH="23" VPOS="498" HPOS="519"/>
							<String ID="string_24" HPOS="542" VPOS="496" WIDTH="66" HEIGHT="28" WC="0.92" CONTENT="enligt"/><SP WIDTH="15" VPOS="496" HPOS="608"/>
							<String ID="string_25" HPOS="623" VPOS="496" WIDTH="101" HEIGHT="22" WC="0.92" CONTENT="faststäld"/><SP WIDTH="16" VPOS="496" HPOS="724"/>
							<String ID="string_26" HPOS="740" VPOS="496" WIDTH="122" HEIGHT="28" WC="0.96" CONTENT="fördelning"/><SP WIDTH="14" VPOS="496" HPOS="862"/>
							<String ID="string_27" HPOS="876" VPOS="496" WIDTH="60" HEIGHT="22" WC="0.96" CONTENT="skola"/>
						</TextLine>
						<TextLine ID="line_5" HPOS="179" VPOS="529" WIDTH="758" HEIGHT="29">
							<String ID="string_28" HPOS="179" VPOS="529" WIDTH="47" HEIGHT="22" WC="0.93" CONTENT="frän"/><SP WIDTH="158" VPOS="529" HPOS="226"/>
							<String ID="string_29" HPOS="384" VPOS="531" WIDTH="194" HEIGHT="27" WC="0.86" CONTENT="lottningsomräde"/><SP WIDTH="15" VPOS="531" HPOS="578"/>
							<String ID="string_30" HPOS="593" VPOS="532" WIDTH="88" HEIGHT="26" WC="0.91" CONTENT="uttagas"/><SP WIDTH="157" VPOS="532" HPOS="681"/>
							<String ID="string_31" HPOS="838" VPOS="530" WIDTH="99" HEIGHT="22" WC="0.86" CONTENT="artilleri-"/>
						</TextLine>
						<TextLine ID="line_6" HPOS="179" VPOS="564" WIDTH="757" HEIGHT="28">
							<String ID="string_32" HPOS="179" VPOS="564" WIDTH="39" HEIGHT="22" WC="0.93" CONTENT="och"/><SP WIDTH="16" VPOS="564" HPOS="218"/>
							<String ID="string_33" HPOS="234" VPOS="564" WIDTH="115" HEIGHT="27" WC="0.91" CONTENT="ridhästar,"/><SP WIDTH="140" VPOS="564" HPOS="349"/>
							<String ID="string_34" HPOS="489" VPOS="565" WIDTH="133" HEIGHT="22" WC="0.92" CONTENT="trosshästar"/><SP WIDTH="16" VPOS="565" HPOS="622"/>
							<String ID="string_35" HPOS="638" VPOS="565" WIDTH="23" HEIGHT="22" WC="0.96" CONTENT="af"/><SP WIDTH="13" VPOS="565" HPOS="661"/>
							<String ID="string_36" HPOS="674" VPOS="566" WIDTH="69" HEIGHT="21" WC="0.93" CONTENT="första"/><SP WIDTH="14" VPOS="566" HPOS="743"/>
							<String ID="string_37" HPOS="757" VPOS="565" WIDTH="113" HEIGHT="27" WC="0.92" CONTENT="kategorin"/><SP WIDTH="11" VPOS="565" HPOS="870"/>
							<String ID="string_38" HPOS="881" VPOS="567" WIDTH="55" HEIGHT="19" WC="0.96" CONTENT="samt"/>
						</TextLine>
					</TextBlock>
					<TextBlock ID="block_4" HPOS="178" VPOS="599" WIDTH="759" HEIGHT="236">
						<TextLine ID="line_7" HPOS="284" VPOS="599" WIDTH="652" HEIGHT="29">
							<String ID="string_39" HPOS="284" VPOS="600" WIDTH="134" HEIGHT="22" WC="0.92" CONTENT="trosshästar"/><SP WIDTH="15" VPOS="600" HPOS="418"/>
							<String ID="string_40" HPOS="433" VPOS="600" WIDTH="23" HEIGHT="22" WC="0.96" CONTENT="af"/><SP WIDTH="13" VPOS="600" HPOS="456"/>
							<String ID="string_41" HPOS="469" VPOS="600" WIDTH="68" HEIGHT="22" WC="0.93" CONTENT="andra"/><SP WIDTH="15" VPOS="600" HPOS="537"/>
							<String ID="string_42" HPOS="552" VPOS="600" WIDTH="123" HEIGHT="28" WC="0.91" CONTENT="kategorin;"/><SP WIDTH="17" VPOS="600" HPOS="675"/>
							<String ID="string_43" HPOS="692" VPOS="600" WIDTH="39" HEIGHT="22" WC="0.93" CONTENT="och"/><SP WIDTH="15" VPOS="600" HPOS="731"/>
							<String ID="string_44" HPOS="746" VPOS="606" WIDTH="122" HEIGHT="21" WC="0.92" CONTENT="uppmanas"/><SP WIDTH="12" VPOS="606" HPOS="868"/>
							<String ID="string_45" HPOS="880" VPOS="599" WIDTH="56" HEIGHT="27" WC="0.93" CONTENT="förty"/>
						</TextLine>
						<TextLine ID="line_8" HPOS="178" VPOS="634" WIDTH="729" HEIGHT="28">
							<String ID="string_46" HPOS="178" VPOS="634" WIDTH="163" HEIGHT="22" WC="0.93" CONTENT="vederbörande"/><SP WIDTH="15" VPOS="634" HPOS="341"/>
							<String ID="string_47" HPOS="356" VPOS="634" WIDTH="114" HEIGHT="28" WC="0.92" CONTENT="hästegare"/><SP WIDTH="16" VPOS="634" HPOS="470"/>
							<String ID="string_48" HPOS="486" VPOS="636" WIDTH="33" HEIGHT="20" WC="0.96" CONTENT="att"/><SP WIDTH="16" VPOS="636" HPOS="519"/>
							<String ID="string_49" HPOS="535" VPOS="635" WIDTH="40" HEIGHT="21" WC="0.97" CONTENT="den"/><SP WIDTH="308" VPOS="635" HPOS="575"/>
							<String ID="string_50" HPOS="883" VPOS="634" WIDTH="24" HEIGHT="21" WC="0.96" CONTENT="18"/>
						</TextLine>
						<TextLine ID="line_9" HPOS="178" VPOS="668" WIDTH="759" HEIGHT="28">
							<String ID="string_51" HPOS="178" VPOS="668" WIDTH="29" HEIGHT="21" WC="0.96" CONTENT="kl."/><SP WIDTH="73" VPOS="668" HPOS="207"/>
							<String ID="string_52" HPOS="280" VPOS="669" WIDTH="12" HEIGHT="21" WC="0.93" CONTENT="å"/><SP WIDTH="16" VPOS="669" HPOS="292"/>
							<String ID="string_53" HPOS="308" VPOS="669" WIDTH="186" HEIGHT="27" WC="0.90" CONTENT="samlingsplatsen"/><SP WIDTH="16" VPOS="669" HPOS="494"/>
							<String ID="string_54" HPOS="510" VPOS="669" WIDTH="6" HEIGHT="21" WC="0.96" CONTENT="i"/><SP WIDTH="217" VPOS="669" HPOS="516"/>
							<String ID="string_55" HPOS="733" VPOS="668" WIDTH="87" HEIGHT="22" WC="0.92" CONTENT="inställa"/><SP WIDTH="18" VPOS="668" HPOS="820"/>
							<String ID="string_56" HPOS="838" VPOS="668" WIDTH="99" HEIGHT="27" WC="0.96" CONTENT="samtliga"/>
						</TextLine>
						<TextLine ID="line_10" HPOS="178" VPOS="702" WIDTH="759" HEIGHT="28">
							<String ID="string_57" HPOS="178" VPOS="702" WIDTH="48" HEIGHT="22" WC="0.89" CONTENT="dem"/><SP WIDTH="24" VPOS="702" HPOS="226"/>
							<String ID="string_58" HPOS="250" VPOS="702" WIDTH="108" HEIGHT="28" WC="0.89" CONTENT="tillhöriga"/><SP WIDTH="22" VPOS="702" HPOS="358"/>
							<String ID="string_59" HPOS="380" VPOS="703" WIDTH="81" HEIGHT="27" WC="0.92" CONTENT="hästar,"/><SP WIDTH="23" VPOS="703" HPOS="461"/>
							<String ID="string_60" HPOS="484" VPOS="703" WIDTH="72" HEIGHT="22" WC="0.91" CONTENT="hvilka"/><SP WIDTH="22" VPOS="703" HPOS="556"/>
							<String ID="string_61" HPOS="578" VPOS="703" WIDTH="44" HEIGHT="21" WC="0.96" CONTENT="före"/><SP WIDTH="22" VPOS="703" HPOS="622"/>
							<String ID="string_62" HPOS="644" VPOS="703" WIDTH="40" HEIGHT="21" WC="0.96" CONTENT="den"/><SP WIDTH="19" VPOS="703" HPOS="684"/>
							<String ID="string_63" HPOS="703" VPOS="704" WIDTH="8" HEIGHT="20" WC="0.96" CONTENT="1"/><SP WIDTH="17" VPOS="704" HPOS="711"/>
							<String ID="string_64" HPOS="728" VPOS="702" WIDTH="93" HEIGHT="22" WC="0.96" CONTENT="Januari"/><SP WIDTH="16" VPOS="702" HPOS="821"/>
							<String ID="string_65" HPOS="837" VPOS="702" WIDTH="60" HEIGHT="21" WC="0.96" CONTENT="detta"/><SP WIDTH="16" VPOS="702" HPOS="897"/>
							<String ID="string_66" HPOS="913" VPOS="702" WIDTH="24" HEIGHT="21" WC="0.96" CONTENT="är"/>
						</TextLine>
						<TextLine ID="line_11" HPOS="178" VPOS="736" WIDTH="757" HEIGHT="29">
							<String ID="string_67" HPOS="178" VPOS="736" WIDTH="48" HEIGHT="28" WC="0.92" CONTENT="fyllt"/><SP WIDTH="22" VPOS="736" HPOS="226"/>
							<String ID="string_68" HPOS="248" VPOS="736" WIDTH="42" HEIGHT="22" WC="0.94" CONTENT="fem"/><SP WIDTH="24" VPOS="736" HPOS="290"/>
							<String ID="string_69" HPOS="314" VPOS="738" WIDTH="24" HEIGHT="20" WC="0.93" CONTENT="är"/><SP WIDTH="15" VPOS="738" HPOS="338"/>
							<String ID="string_70" HPOS="353" VPOS="738" WIDTH="49" HEIGHT="21" WC="0.93" CONTENT="med"/><SP WIDTH="15" VPOS="738" HPOS="402"/>
							<String ID="string_71" HPOS="417" VPOS="738" WIDTH="112" HEIGHT="27" WC="0.90" CONTENT="undantag"/><SP WIDTH="16" VPOS="738" HPOS="529"/>
							<String ID="string_72" HPOS="545" VPOS="738" WIDTH="23" HEIGHT="21" WC="0.93" CONTENT="af"/><SP WIDTH="12" VPOS="738" HPOS="568"/>
							<String ID="string_73" HPOS="580" VPOS="739" WIDTH="56" HEIGHT="25" WC="0.92" CONTENT="ston,"/><SP WIDTH="17" VPOS="739" HPOS="636"/>
							<String ID="string_74" HPOS="653" VPOS="744" WIDTH="46" HEIGHT="15" WC="0.93" CONTENT="som"/><SP WIDTH="16" VPOS="744" HPOS="699"/>
							<String ID="string_75" HPOS="715" VPOS="736" WIDTH="167" HEIGHT="28" WC="0.92" CONTENT="ögonskenligen"/><SP WIDTH="16" VPOS="736" HPOS="882"/>
							<String ID="string_76" HPOS="898" VPOS="738" WIDTH="37" HEIGHT="20" WC="0.93" CONTENT="äro"/>
						</TextLine>
						<TextLine ID="line_12" HPOS="180" VPOS="771" WIDTH="756" HEIGHT="27">
							<String ID="string_77" HPOS="180" VPOS="771" WIDTH="100" HEIGHT="27" WC="0.90" CONTENT="drägtiga"/><SP WIDTH="18" VPOS="771" HPOS="280"/>
							<String ID="string_78" HPOS="298" VPOS="772" WIDTH="50" HEIGHT="21" WC="0.93" CONTENT="eller"/><SP WIDTH="15" VPOS="772" HPOS="348"/>
							<String ID="string_79" HPOS="363" VPOS="772" WIDTH="63" HEIGHT="22" WC="0.93" CONTENT="hafva"/><SP WIDTH="16" VPOS="772" HPOS="426"/>
							<String ID="string_80" HPOS="442" VPOS="772" WIDTH="56" HEIGHT="26" WC="0.91" CONTENT="diföl,"/><SP WIDTH="17" VPOS="772" HPOS="498"/>
							<String ID="string_81" HPOS="515" VPOS="772" WIDTH="108" HEIGHT="22" WC="0.92" CONTENT="äfvensom"/><SP WIDTH="15" VPOS="772" HPOS="623"/>
							<String ID="string_82" HPOS="638" VPOS="772" WIDTH="82" HEIGHT="26" WC="0.91" CONTENT="hästar,"/><SP WIDTH="16" VPOS="772" HPOS="720"/>
							<String ID="string_83" HPOS="736" VPOS="771" WIDTH="72" HEIGHT="22" WC="0.93" CONTENT="hvilka"/><SP WIDTH="15" VPOS="771" HPOS="808"/>
							<String ID="string_84" HPOS="823" VPOS="772" WIDTH="29" HEIGHT="26" WC="0.96" CONTENT="pä"/><SP WIDTH="14" VPOS="772" HPOS="852"/>
							<String ID="string_85" HPOS="866" VPOS="771" WIDTH="70" HEIGHT="27" WC="0.96" CONTENT="grund"/>
						</TextLine>
						<TextLine ID="line_13" HPOS="179" VPOS="805" WIDTH="652" HEIGHT="30">
							<String ID="string_86" HPOS="179" VPOS="805" WIDTH="23" HEIGHT="22" WC="0.93" CONTENT="af"/><SP WIDTH="20" VPOS="805" HPOS="202"/>
							<String ID="string_87" HPOS="222" VPOS="806" WIDTH="6" HEIGHT="27" WC="0.92" CONTENT="$"/><SP WIDTH="17" VPOS="806" HPOS="228"/>
							<String ID="string_88" HPOS="245" VPOS="807" WIDTH="13" HEIGHT="20" WC="0.92" CONTENT="2"/><SP WIDTH="16" VPOS="807" HPOS="258"/>
							<String ID="string_89" HPOS="274" VPOS="806" WIDTH="6" HEIGHT="21" WC="0.92" CONTENT="i"/><SP WIDTH="16" VPOS="806" HPOS="280"/>
							<String ID="string_90" HPOS="296" VPOS="806" WIDTH="61" HEIGHT="28" WC="0.95" CONTENT="lagen"/><SP WIDTH="17" VPOS="806" HPOS="357"/>
							<String ID="string_91" HPOS="374" VPOS="813" WIDTH="34" HEIGHT="15" WC="0.93" CONTENT="om"/><SP WIDTH="16" VPOS="813" HPOS="408"/>
							<String ID="string_92" HPOS="424" VPOS="806" WIDTH="132" HEIGHT="29" WC="0.91" CONTENT="utskrifning"/><SP WIDTH="15" VPOS="806" HPOS="556"/>
							<String ID="string_93" HPOS="571" VPOS="806" WIDTH="23" HEIGHT="22" WC="0.93" CONTENT="af"/><SP WIDTH="12" VPOS="806" HPOS="594"/>
							<String ID="string_94" HPOS="606" VPOS="806" WIDTH="82" HEIGHT="27" WC="0.93" CONTENT="hästar,"/><SP WIDTH="16" VPOS="806" HPOS="688"/>
							<String ID="string_95" HPOS="704" VPOS="806" WIDTH="69" HEIGHT="28" WC="0.93" CONTENT="gifven"/><SP WIDTH="17" VPOS="806" HPOS="773"/>
							<String ID="string_96" HPOS="790" VPOS="806" WIDTH="41" HEIGHT="21" WC="0.96" CONTENT="den"/>
						</TextLine>
					</TextBlock>
					<TextBlock ID="block_5" HPOS="413" VPOS="840" WIDTH="523" HEIGHT="30">
						<TextLine ID="line_14" HPOS="413" VPOS="840" WIDTH="523" HEIGHT="30">
							<String ID="string_97" HPOS="413" VPOS="843" WIDTH="25" HEIGHT="20" WC="0.83" CONTENT="18"/><SP WIDTH="30" VPOS="843" HPOS="438"/>
							<String ID="string_98" HPOS="468" VPOS="859" WIDTH="5" HEIGHT="9" WC="0.83" CONTENT=","/><SP WIDTH="15" VPOS="859" HPOS="473"/>
							<String ID="string_99" HPOS="488" VPOS="842" WIDTH="92" HEIGHT="28" WC="0.92" CONTENT="jemförd"/><SP WIDTH="15" VPOS="842" HPOS="580"/>
							<String ID="string_100" HPOS="595" VPOS="842" WIDTH="48" HEIGHT="21" WC="0.93" CONTENT="med"/><SP WIDTH="15" VPOS="842" HPOS="643"/>
							<String ID="string_101" HPOS="658" VPOS="841" WIDTH="120" HEIGHT="27" WC="0.96" CONTENT="Kejserliga"/><SP WIDTH="15" VPOS="841" HPOS="778"/>
							<String ID="string_102" HPOS="793" VPOS="840" WIDTH="143" HEIGHT="28" WC="0.95" CONTENT="kungörelsen"/>
						</TextLine>
					</TextBlock>
					<TextBlock ID="block_6" HPOS="179" VPOS="874" WIDTH="758" HEIGHT="58">
						<TextLine ID="line_15" HPOS="180" VPOS="874" WIDTH="757" HEIGHT="28">
							<String ID="string_103" HPOS="180" VPOS="875" WIDTH="40" HEIGHT="22" WC="0.96" CONTENT="den"/><SP WIDTH="383" VPOS="875" HPOS="220"/>
							<String ID="string_104" HPOS="603" VPOS="878" WIDTH="24" HEIGHT="20" WC="0.96" CONTENT="18"/><SP WIDTH="60" VPOS="878" HPOS="627"/>
							<String ID="string_105" HPOS="687" VPOS="878" WIDTH="37" HEIGHT="19" WC="0.89" CONTENT="äro"/><SP WIDTH="18" VPOS="878" HPOS="724"/>
							<String ID="string_106" HPOS="742" VPOS="875" WIDTH="48" HEIGHT="21" WC="0.89" CONTENT="frän"/><SP WIDTH="16" VPOS="875" HPOS="790"/>
							<String ID="string_107" HPOS="806" VPOS="874" WIDTH="131" HEIGHT="28" WC="0.92" CONTENT="utskrifning"/>
						</TextLine>
						<TextLine ID="line_16" HPOS="179" VPOS="910" WIDTH="95" HEIGHT="22">
							<String ID="string_108" HPOS="179" VPOS="910" WIDTH="95" HEIGHT="22" WC="0.95" CONTENT="befriade"/>
						</TextLine>
					</TextBlock>
				</ComposedBlock>
				<ComposedBlock ID="cblock_4" HPOS="178" VPOS="978" WIDTH="759" HEIGHT="160">
					<TextBlock ID="block_7" HPOS="248" VPOS="978" WIDTH="688" HEIGHT="28">
						<TextLine ID="line_17" HPOS="248" VPOS="978" WIDTH="688" HEIGHT="28">
							<String ID="string_109" HPOS="248" VPOS="978" WIDTH="74" HEIGHT="28" WC="0.93" CONTENT="Enligt"/><SP WIDTH="22" VPOS="978" HPOS="322"/>
							<String ID="string_110" HPOS="344" VPOS="978" WIDTH="116" HEIGHT="22" WC="0.92" CONTENT="faststälda"/><SP WIDTH="23" VPOS="978" HPOS="460"/>
							<String ID="string_111" HPOS="483" VPOS="979" WIDTH="113" HEIGHT="27" WC="0.92" CONTENT="medelpris"/><SP WIDTH="23" VPOS="979" HPOS="596"/>
							<String ID="string_112" HPOS="619" VPOS="979" WIDTH="96" HEIGHT="27" WC="0.96" CONTENT="erlägges"/><SP WIDTH="23" VPOS="979" HPOS="715"/>
							<String ID="string_113" HPOS="738" VPOS="978" WIDTH="33" HEIGHT="21" WC="0.95" CONTENT="för"/><SP WIDTH="22" VPOS="978" HPOS="771"/>
							<String ID="string_114" HPOS="793" VPOS="978" WIDTH="74" HEIGHT="27" WC="0.95" CONTENT="hvarje"/><SP WIDTH="22" VPOS="978" HPOS="867"/>
							<String ID="string_115" HPOS="889" VPOS="978" WIDTH="47" HEIGHT="20" WC="0.96" CONTENT="från"/>
						</TextLine>
					</TextBlock>
					<TextBlock ID="block_8" HPOS="386" VPOS="1012" WIDTH="551" HEIGHT="28">
						<TextLine ID="line_18" HPOS="386" VPOS="1012" WIDTH="551" HEIGHT="28">
							<String ID="string_116" HPOS="386" VPOS="1013" WIDTH="194" HEIGHT="27" WC="0.91" CONTENT="lottningsområde"/><SP WIDTH="16" VPOS="1013" HPOS="580"/>
							<String ID="string_117" HPOS="596" VPOS="1013" WIDTH="118" HEIGHT="22" WC="0.91" CONTENT="utskrifven"/><SP WIDTH="16" VPOS="1013" HPOS="714"/>
							<String ID="string_118" HPOS="730" VPOS="1012" WIDTH="57" HEIGHT="27" WC="0.96" CONTENT="häst,"/><SP WIDTH="17" VPOS="1012" HPOS="787"/>
							<String ID="string_119" HPOS="804" VPOS="1012" WIDTH="22" HEIGHT="22" WC="0.93" CONTENT="af"/><SP WIDTH="14" VPOS="1012" HPOS="826"/>
							<String ID="string_120" HPOS="840" VPOS="1012" WIDTH="42" HEIGHT="21" WC="0.92" CONTENT="rid-"/><SP WIDTH="16" VPOS="1012" HPOS="882"/>
							<String ID="string_121" HPOS="898" VPOS="1012" WIDTH="39" HEIGHT="21" WC="0.96" CONTENT="och"/>
						</TextLine>
					</TextBlock>
					<TextBlock ID="block_9" HPOS="179" VPOS="1046" WIDTH="758" HEIGHT="28">
						<TextLine ID="line_19" HPOS="179" VPOS="1046" WIDTH="758" HEIGHT="28">
							<String ID="string_122" HPOS="179" VPOS="1046" WIDTH="177" HEIGHT="22" WC="0.91" CONTENT="artilleriklassen"/><SP WIDTH="119" VPOS="1046" HPOS="356"/>
							<String ID="string_123" HPOS="475" VPOS="1048" WIDTH="67" HEIGHT="26" WC="0.96" CONTENT="mark,"/><SP WIDTH="17" VPOS="1048" HPOS="542"/>
							<String ID="string_124" HPOS="559" VPOS="1048" WIDTH="33" HEIGHT="21" WC="0.93" CONTENT="för"/><SP WIDTH="16" VPOS="1048" HPOS="592"/>
							<String ID="string_125" HPOS="608" VPOS="1047" WIDTH="133" HEIGHT="22" WC="0.92" CONTENT="trosshästar"/><SP WIDTH="16" VPOS="1047" HPOS="741"/>
							<String ID="string_126" HPOS="757" VPOS="1046" WIDTH="23" HEIGHT="22" WC="0.96" CONTENT="af"/><SP WIDTH="12" VPOS="1046" HPOS="780"/>
							<String ID="string_127" HPOS="792" VPOS="1046" WIDTH="70" HEIGHT="22" WC="0.93" CONTENT="första"/><SP WIDTH="15" VPOS="1046" HPOS="862"/>
							<String ID="string_128" HPOS="877" VPOS="1046" WIDTH="60" HEIGHT="22" WC="0.91" CONTENT="kate-"/>
						</TextLine>
					</TextBlock>
					<TextBlock ID="block_10" HPOS="178" VPOS="1080" WIDTH="758" HEIGHT="58">
						<TextLine ID="line_20" HPOS="178" VPOS="1080" WIDTH="758" HEIGHT="29">
							<String ID="string_129" HPOS="178" VPOS="1082" WIDTH="62" HEIGHT="27" WC="0.91" CONTENT="gorin"/><SP WIDTH="118" VPOS="1082" HPOS="240"/>
							<String ID="string_130" HPOS="358" VPOS="1082" WIDTH="61" HEIGHT="21" WC="0.96" CONTENT="mark"/><SP WIDTH="16" VPOS="1082" HPOS="419"/>
							<String ID="string_131" HPOS="435" VPOS="1084" WIDTH="55" HEIGHT="20" WC="0.96" CONTENT="samt"/><SP WIDTH="16" VPOS="1084" HPOS="490"/>
							<String ID="string_132" HPOS="506" VPOS="1082" WIDTH="33" HEIGHT="22" WC="0.93" CONTENT="för"/><SP WIDTH="15" VPOS="1082" HPOS="539"/>
							<String ID="string_133" HPOS="554" VPOS="1082" WIDTH="134" HEIGHT="22" WC="0.90" CONTENT="trosshästar"/><SP WIDTH="16" VPOS="1082" HPOS="688"/>
							<String ID="string_134" HPOS="704" VPOS="1081" WIDTH="23" HEIGHT="21" WC="0.96" CONTENT="af"/><SP WIDTH="13" VPOS="1081" HPOS="727"/>
							<String ID="string_135" HPOS="740" VPOS="1081" WIDTH="69" HEIGHT="21" WC="0.96" CONTENT="andra"/><SP WIDTH="15" VPOS="1081" HPOS="809"/>
							<String ID="string_136" HPOS="824" VPOS="1080" WIDTH="112" HEIGHT="28" WC="0.96" CONTENT="kategorin"/>
						</TextLine>
						<TextLine ID="line_21" HPOS="248" VPOS="1116" WIDTH="68" HEIGHT="22">
							<String ID="string_137" HPOS="248" VPOS="1116" WIDTH="68" HEIGHT="22" WC="0.95" CONTENT="mark."/>
						</TextLine>
					</TextBlock>
				</ComposedBlock>
				<ComposedBlock ID="cblock_5" HPOS="179" VPOS="1183" WIDTH="761" HEIGHT="98">
					<TextBlock ID="block_11" HPOS="179" VPOS="1183" WIDTH="761" HEIGHT="98">
						<TextLine ID="line_22" HPOS="249" VPOS="1183" WIDTH="688" HEIGHT="23">
							<String ID="string_138" HPOS="249" VPOS="1184" WIDTH="45" HEIGHT="22" WC="0.93" CONTENT="Och"/><SP WIDTH="19" VPOS="1184" HPOS="294"/>
							<String ID="string_139" HPOS="313" VPOS="1185" WIDTH="83" HEIGHT="21" WC="0.92" CONTENT="erinras"/><SP WIDTH="14" VPOS="1185" HPOS="396"/>
							<String ID="string_140" HPOS="410" VPOS="1184" WIDTH="161" HEIGHT="22" WC="0.96" CONTENT="vederbörande"/><SP WIDTH="15" VPOS="1184" HPOS="571"/>
							<String ID="string_141" HPOS="586" VPOS="1190" WIDTH="34" HEIGHT="16" WC="0.96" CONTENT="om"/><SP WIDTH="16" VPOS="1190" HPOS="620"/>
							<String ID="string_142" HPOS="636" VPOS="1184" WIDTH="26" HEIGHT="22" WC="0.96" CONTENT="de"/><SP WIDTH="14" VPOS="1184" HPOS="662"/>
							<String ID="string_143" HPOS="676" VPOS="1184" WIDTH="34" HEIGHT="22" WC="0.93" CONTENT="för"/><SP WIDTH="16" VPOS="1184" HPOS="710"/>
							<String ID="string_144" HPOS="726" VPOS="1183" WIDTH="163" HEIGHT="22" WC="0.91" CONTENT="uraktlåtenhet"/><SP WIDTH="15" VPOS="1183" HPOS="889"/>
							<String ID="string_145" HPOS="904" VPOS="1184" WIDTH="33" HEIGHT="20" WC="0.96" CONTENT="att"/>
						</TextLine>
						<TextLine ID="line_23" HPOS="179" VPOS="1217" WIDTH="761" HEIGHT="29">
							<String ID="string_146" HPOS="179" VPOS="1218" WIDTH="141" HEIGHT="22" WC="0.91" CONTENT="efterkomma"/><SP WIDTH="19" VPOS="1218" HPOS="320"/>
							<String ID="string_147" HPOS="339" VPOS="1218" WIDTH="137" HEIGHT="23" WC="0.96" CONTENT="förestående"/><SP WIDTH="15" VPOS="1218" HPOS="476"/>
							<String ID="string_148" HPOS="491" VPOS="1219" WIDTH="87" HEIGHT="21" WC="0.96" CONTENT="kallelse"/><SP WIDTH="15" VPOS="1219" HPOS="578"/>
							<String ID="string_149" HPOS="593" VPOS="1219" WIDTH="32" HEIGHT="21" WC="0.96" CONTENT="uti"/><SP WIDTH="15" VPOS="1219" HPOS="625"/>
							<String ID="string_150" HPOS="640" VPOS="1219" WIDTH="63" HEIGHT="27" WC="0.96" CONTENT="lagen"/><SP WIDTH="17" VPOS="1219" HPOS="703"/>
							<String ID="string_151" HPOS="720" VPOS="1224" WIDTH="34" HEIGHT="16" WC="0.90" CONTENT="om"/><SP WIDTH="15" VPOS="1224" HPOS="754"/>
							<String ID="string_152" HPOS="769" VPOS="1217" WIDTH="133" HEIGHT="27" WC="0.90" CONTENT="utskrifning"/><SP WIDTH="15" VPOS="1217" HPOS="902"/>
							<String ID="string_153" HPOS="917" VPOS="1217" WIDTH="23" HEIGHT="21" WC="0.96" CONTENT="af"/>
						</TextLine>
						<TextLine ID="line_24" HPOS="179" VPOS="1253" WIDTH="322" HEIGHT="28">
							<String ID="string_154" HPOS="179" VPOS="1253" WIDTH="76" HEIGHT="21" WC="0.96" CONTENT="hästar"/><SP WIDTH="16" VPOS="1253" HPOS="255"/>
							<String ID="string_155" HPOS="271" VPOS="1254" WIDTH="105" HEIGHT="26" WC="0.96" CONTENT="stadgade"/><SP WIDTH="14" VPOS="1254" HPOS="376"/>
							<String ID="string_156" HPOS="390" VPOS="1254" WIDTH="111" HEIGHT="27" WC="0.96" CONTENT="påföljder."/>
						</TextLine>
					</TextBlock>
				</ComposedBlock>
			</PrintSpace>
		</Page>
	</Layout>
</alto>
