1036 1656
316 154 30 22 U.
361 154 27 22 B.
406 167 27 2 —
448 154 76 28 Prop.
540 154 43 22 N:o
598 154 36 22 27.
821 154 25 21 19

91 221 36 21 att
141 219 35 23 till
186 219 124 23 likartade
320 219 118 23 ändamål
448 226 91 22 genom
550 219 31 23 de
591 219 40 22 för
642 219 67 23 1895
720 219 47 23 och
778 218 68 24 1896

90 253 133 23 faststälda
242 254 154 22 ärsstaterna
416 254 159 28 disponerats
599 252 43 26 fi
660 254 149 26 3,089,530.
826 252 20 29 *)

91 288 46 22 och
151 288 14 22 ä
176 288 68 22 1897
256 288 40 22 års
305 288 140 29 utgiftsstat
454 288 118 28 beviljats
611 297 12 11 >»
663 288 147 26 1,971,600.

474 334 103 22 Summa
595 332 48 27 ny
662 334 149 27 5,061,130,

90 396 96 23 hvilket
213 396 92 29 belopp
332 397 57 22 med
416 396 63 22 Fmk
503 396 114 27 388,130
639 396 139 30 öfverstiga
796 396 49 23 den

91 432 159 22 totalsumma
276 431 24 22 af
321 431 64 22 Fmk
408 431 149 27 4,673,000,
582 438 53 15 som
659 431 26 22 af
704 431 142 23 Ständerna

91 466 39 22 för
147 466 279 29 nybyggnadsarbeten
444 466 116 28 uppförts
584 466 3 22 i
606 466 240 22 kommunikations-

91 501 107 22 fondens
220 501 95 29 budget
337 501 38 22 för
402 500 182 29 1895—1897,
602 507 58 16 men
679 500 56 23 med
753 501 93 22 inemot

93 535 11 22 1
172 535 94 22 million
293 535 159 29 understiger
474 535 43 22 det
540 541 35 16 nu
595 535 25 22 af
638 535 127 22 Utskottet
783 535 63 22 före-

91 569 89 30 slagna
191 569 221 30 anslagsbeloppet
423 569 25 22 af
458 569 15 23 6
481 567 28 27 '/;
518 569 102 22 million.
649 569 89 22 Denna
749 576 96 15 summa

90 604 47 22 bör
156 604 86 22 därför
260 604 42 22 väl
320 604 85 26 förslä,
426 604 27 22 sä
472 604 59 22 vida
551 604 21 29 ej
594 604 49 22 den
662 604 80 22 under
754 604 47 22 N:o
812 603 33 23 30

91 638 165 22 omförmälda
280 638 197 29 ombyggnaden
499 638 25 22 af
545 638 171 23 bansträckan
734 639 112 21 närmast

93 672 37 23 S:t
148 673 153 28 Petersburg
319 672 83 23 blefve
420 673 133 29 företagen
571 673 68 22 inom
653 673 82 22 denna
748 672 96 29 period,

91 720 34 2 —
145 713 30 16 en
199 707 162 22 eventualitet
382 713 54 16 som
458 707 26 22 af
504 707 127 22 Utskottet
649 707 33 29 pä
701 708 77 21 annat
796 707 50 22 sätt

91 741 76 30 tagits
186 741 7 22 i
212 741 149 30 beräkning.

234 845 54 22 Den
306 845 99 29 rörliga
424 845 161 22 materielens
604 845 103 29 ökning.

159 913 265 29 Jernvägsstyrelsens
451 913 96 30 förslag
571 915 125 28 upptager
720 914 39 22 för
777 913 69 23 detta

91 947 125 27 ändamål,
242 949 14 20 a
284 947 138 27 1,200,000
441 948 72 22 mark
532 948 105 29 årligen,
657 949 34 21 ett
709 948 93 28 belopp
821 948 25 22 af

91 982 141 26 3,600,000
259 982 71 22 mark
357 982 40 22 för
418 982 58 23 hela
495 983 211 28 treärsperioden.
745 982 33 23 Af
796 982 49 23 den

90 1016 94 29 nädiga
216 1017 190 28 propositionen
438 1017 51 22 kan
516 1017 22 29 ej
567 1017 124 22 inhemtas
718 1017 128 22 huruvida

90 1051 81 29 nägra
197 1051 116 22 närmare
340 1051 173 29 beräkningar
537 1051 26 22 af
586 1051 120 23 behofvet
724 1051 68 30 legat
810 1051 36 22 till

90 1085 83 29 grund
192 1085 39 22 för
250 1085 82 22 denna
350 1085 216 30 förslagssumma.

159 1119 49 23 Det
235 1120 27 22 är
289 1120 8 21 i
324 1120 91 29 sjelfva
443 1120 88 23 verket
558 1121 21 28 ej
603 1120 28 23 sä
654 1120 46 22 lätt
721 1121 36 22 att
775 1120 71 22 finna

89 1154 115 22 hällbara
223 1154 112 29 grunder
352 1154 40 23 för
404 1155 169 22 bedömandet
587 1155 25 22 af
630 1155 49 22 den
695 1154 151 29 omfattning

89 1189 74 22 hvari
187 1189 49 22 den
260 1189 94 29 rörliga
376 1189 144 22 materielen
544 1189 47 22 bör
611 1189 62 22 ökas
692 1190 39 22 för
750 1190 36 21 att
804 1189 42 22 väl

90 1224 128 21 motsvara
236 1223 49 22 den
304 1223 118 22 växande
440 1223 123 22 trafikens
576 1223 84 23 behof.
686 1224 55 22 Den
751 1223 95 29 rörliga

89 1257 158 22 materielens
266 1257 177 23 förstärkande
461 1258 47 22 har
526 1258 9 22 i
553 1258 137 23 allmänhet
707 1258 54 22 icke
780 1257 66 23 skett

89 1291 57 23 med
170 1292 86 29 jämna
275 1294 62 27 steg.
376 1292 90 23 Såsom
484 1292 72 22 bevis
575 1293 80 28 härpå
674 1293 40 22 mä
733 1291 113 30 följande

90 1326 85 22 siffror
194 1326 110 22 anföras.
333 1326 45 23 Till
392 1327 31 22 de
433 1327 101 28 färdiga
543 1327 116 22 banorna
670 1326 174 23 anskaffades:

159 1437 16 23 +)
189 1437 129 19 Oberäknadt
331 1438 33 18 det
376 1438 78 23 belopp,
467 1444 45 12 som
523 1438 32 18 till
567 1438 147 24 nybyggnader
723 1437 69 24 utgått
800 1437 46 18 från

90 1465 24 18 de
126 1465 7 18 i
144 1465 165 24 jernvägsstaten
321 1466 32 19 till
366 1467 98 18 Senatens
478 1466 121 24 disposition
611 1469 105 21 upptagna
728 1466 70 19 medel.

158 1506 161 18 Statsutskottets
331 1506 119 19 betänkande
462 1507 39 18 N:o
514 1507 11 16 9
537 1507 22 17 A.
