1050 1661
198 124 12 20 2
504 123 40 22 N:o
560 125 34 20 23.

168 193 99 21 enskilda
281 193 114 27 jernvägar
410 193 33 21 för
454 193 80 21 allmän
544 193 135 22 samfärdsel.
702 193 63 21 Hvad
776 193 26 20 de
812 192 117 22 materielt-

168 227 101 27 rättsliga
284 227 168 27 grundsatserna
466 227 110 26 beträffar,
592 227 25 22 så
633 227 94 27 framgår
743 227 23 21 af
782 226 147 22 förstnämnda

168 261 224 28 författningsförslag,
418 263 82 21 hvilket
527 262 61 27 eljest
611 262 6 21 i
642 262 69 21 denna
739 262 35 20 del
800 261 129 21 hufvudsak-

168 296 56 27 ligen
243 296 96 22 ansluter
358 296 32 27 sig
404 297 34 21 till
456 296 40 21 den
512 296 100 27 gällande
628 298 77 24 rätten,
722 297 33 20 att
770 295 159 27 expropriation

168 330 42 22 kan
234 337 40 21 ega
292 337 47 15 rum
358 331 19 27 ej
396 331 55 21 blott
474 330 34 22 för
530 331 106 21 vinnande
656 330 22 22 af
696 330 128 28 eganderätt
838 330 34 21 till
887 329 42 22 fast

168 365 104 27 egendom
295 367 51 19 utan
370 366 39 21 ock
431 365 33 21 för
488 365 42 21 viss
551 365 155 27 inskränkning
721 365 7 21 i
744 364 149 28 begagnandet
908 364 23 21 af

168 400 66 21 sådan
264 400 110 27 egendom,
403 400 24 21 så
452 400 66 21 framt
543 400 18 26 ej
588 405 77 21 genom
692 400 58 26 dylik
775 399 154 26 inskränkning

168 434 119 27 synnerligt
312 440 48 15 men
383 434 98 21 förorkas
505 440 85 21 egaren.
623 434 26 27 Ej
673 434 69 21 sällan
766 436 24 18 är
814 433 34 22 det
870 439 59 15 nem-

168 468 56 27 ligen
248 468 34 21 för
301 469 36 20 det
357 469 107 20 allmänna
480 468 102 22 behofvet
596 469 33 20 till
646 468 63 27 fylles
725 474 34 15 om
776 467 152 27 eganderätten

168 503 76 21 endast
260 503 144 21 underkastas
420 509 26 15 en
462 503 153 21 servitutartad
632 503 151 26 begränsning,
797 501 28 28 pä
835 504 43 19 sätt
889 501 39 22 ock

167 537 139 21 härförinnan
321 537 7 21 i
345 538 56 20 vissa
420 537 37 21 fall
476 537 84 21 kunnat
576 537 48 26 ske;
639 543 48 15 men
704 537 90 21 emedan
809 535 119 22 beskaffen-

167 571 64 21 heten
253 571 24 21 af
290 572 72 27 dylika
380 572 182 26 inskränkningar
578 572 44 20 lika
639 571 47 22 litet
701 578 46 14 som
764 571 25 21 de
806 571 32 21 till
854 576 74 21 expro-

167 606 93 26 priation
283 606 150 27 berättigande
457 606 105 21 behofven
585 606 73 21 kunna
677 606 7 21 i
700 606 37 26 lag
755 605 28 27 pä
805 607 30 19 ett
850 606 78 20 uttöm-

167 640 77 22 mande
260 642 43 20 sätt
314 640 96 27 angifvas
422 643 52 19 utan
486 640 68 22 mäste
565 640 51 22 bero
628 640 24 21 af
660 640 166 21 förhällandena
837 640 6 20 i
854 639 74 27 hvarje

167 674 44 27 fall,
228 675 39 21 har
282 674 129 27 stadgandet
426 675 49 21 bort
491 674 81 22 erhälla
588 681 26 15 en
630 674 87 27 generel
732 674 120 26 affattning.
884 673 43 21 Til-

167 709 45 21 lika
234 709 41 21 har
294 709 112 27 möjlighet
424 709 92 27 inrymts
534 711 32 19 att
582 709 69 21 under
666 709 57 21 vissa
739 708 69 21 vilkor
823 708 62 21 äfven
900 707 28 27 pä

167 743 99 21 bestämd
282 743 38 25 tid,
337 743 18 27 ej
368 743 160 27 öfverstigande
538 743 46 27 fyra
595 742 30 28 är,
636 743 133 21 underkasta
779 742 149 28 begagnandet

167 777 23 21 af
207 778 43 20 fast
271 777 101 27 egendom
396 777 164 27 inskränkning,
576 777 71 21 säsom
666 777 66 21 redan
751 783 29 15 nu
796 777 7 21 i
818 776 60 27 fräga
893 782 34 14 om

167 812 160 27 expropriation
350 811 34 21 för
407 812 82 20 enskild
511 811 89 27 jernväg
623 811 41 21 kan
680 817 41 20 ega
737 817 52 15 rum.
807 822 26 4 —
848 810 80 21 Vidare

167 846 63 21 hafva
257 846 123 27 grunderna
407 846 33 21 för
469 846 158 26 ersättningens
654 845 164 21 bestämmande
840 843 88 22 erhållit

168 887 25 14 en
210 887 148 20 noggrannare
374 880 120 27 affattning,
511 880 108 21 äfvensom
635 880 66 21 bland
715 882 65 19 annat
792 879 24 22 de
828 879 6 21 i
846 878 82 22 förord-

168 915 78 27 ningen
264 915 40 21 den
323 916 24 20 15
358 915 61 27 April
433 915 55 21 1889
499 915 106 27 ingående
616 915 134 26 stadganden
762 920 34 15 om
808 913 120 28 skyldighet

167 949 34 22 för
217 955 65 21 egare
298 949 23 21 af
335 949 83 21 enskild
427 949 91 27 jernväg
529 952 32 18 att
571 949 83 21 inrätta
664 949 40 21 och
715 948 129 21 underhålla
854 949 74 24 stäng-

168 984 31 21 sel
222 984 64 27 kring
306 984 200 27 jernvägsområdet
529 986 56 18 samt
608 983 148 27 afloppsdiken
775 982 68 21 under
857 981 71 22 banan

167 1018 119 22 utsträckts
305 1021 32 18 att
355 1018 57 27 gälla
428 1019 100 26 samtliga
544 1018 58 21 såväl
617 1017 141 22 härförinnan
774 1016 92 27 anlagda
882 1022 46 15 som

167 1053 116 21 framdeles
291 1053 133 26 uppstående
434 1055 66 19 stats-
508 1053 40 21 och
556 1053 145 26 privatbanor.
713 1063 24 4 —
747 1051 140 22 Beträffande
895 1057 33 14 se-

168 1087 41 21 dan
220 1087 310 27 expropriationsförfarandet,
542 1087 40 21 har
593 1087 118 21 detsamma
721 1087 7 20 i
740 1086 118 26 väsentliga
870 1085 59 21 delar

168 1122 150 26 omgestaltats
333 1122 6 20 i
356 1122 54 26 syfte
430 1124 32 19 att
482 1122 80 20 bereda
576 1121 143 27 fastighetens
735 1127 65 20 egare
814 1120 40 21 och
869 1120 59 20 inne-

167 1156 89 21 hafvare
272 1156 86 21 tillfälle
374 1159 32 18 att
422 1156 7 21 i
445 1158 69 19 större
529 1156 49 21 mån
595 1158 26 18 än
638 1156 70 21 hittils
724 1154 70 22 uttala
809 1155 47 20 sina
866 1153 62 22 önsk-

170 1190 107 26 ningsmål
288 1190 110 27 angående
409 1190 108 21 storleken
529 1190 37 21 och
577 1192 117 24 gränserna
705 1189 23 21 af
736 1189 37 22 det
782 1188 93 26 område,
884 1194 44 14 som

167 1228 61 23 tages
245 1225 7 20 i
269 1225 100 26 anspråk,
393 1227 57 19 samt
472 1224 52 21 ernå
548 1230 25 15 en
598 1224 125 27 lämpligare
739 1222 191 26 sammansättning

167 1259 23 21 af
199 1259 287 27 expropriationsnämnden,
496 1259 118 27 hvarjemte
624 1259 56 21 vissa
691 1258 58 22 tider
758 1258 104 26 stadgats,
870 1256 58 21 inom

167 1294 75 20 hvilka
257 1295 127 25 rättsegare,
400 1300 46 15 som
462 1294 18 26 ej
496 1294 60 26 nöjes
570 1293 22 21 åt
601 1295 145 25 guvernörens
757 1292 71 26 utslag
839 1290 90 22 rörande

166 1328 151 27 ersättningen,
342 1328 40 21 bör
399 1328 35 21 vid
454 1328 92 22 domstol
566 1328 46 21 föra
637 1328 58 21 talan
719 1333 34 15 om
770 1326 89 21 rättelse
874 1325 54 21 deri.

166 1362 114 22 Dessutom
289 1362 40 21 har
337 1364 32 20 ett
377 1362 123 22 förenkladt
509 1362 121 22 förfarande
638 1362 77 21 införts
721 1361 34 21 för
761 1360 81 22 sådana
849 1360 45 26 fall,
902 1359 26 21 då

166 1396 126 21 afträdaren
305 1396 37 21 och
354 1397 136 20 tillträdaren
502 1399 37 19 äro
550 1403 51 14 ense
611 1396 59 21 såväl
681 1401 34 16 om
728 1395 109 21 områdets
848 1393 82 22 storlek

167 1431 39 21 och
214 1433 89 24 gränser
311 1437 45 15 som
365 1432 112 26 angående
486 1431 154 27 ersättningen,
649 1431 108 20 äfvensom
765 1432 33 19 ett
803 1429 124 26 skyndsam-
