1025 1656
240 123 81 23 Ständ.
336 123 38 23 Sv.
389 135 28 3 —
431 123 73 28 Prop.
520 122 42 23 N:o
578 123 37 23 31.
764 125 12 18 5

116 189 37 22 Dä
176 189 74 22 denna
268 189 208 28 sammanställning
491 188 87 22 utvisar
594 191 32 18 att
641 187 128 22 medeltalet
783 187 24 22 af

48 223 172 22 tullinkomsten
242 223 36 22 för
299 223 80 28 hvarje
403 223 152 28 treärsperiod
574 223 79 22 endast
668 224 90 27 engäng
773 225 33 18 ut-

48 258 58 22 fallit
121 258 128 29 obetydligt
264 271 27 2 —
308 259 68 26 1,2%
392 271 28 2 —
434 258 69 29 lägre,
519 265 53 14 men
586 257 36 22 för
638 257 28 22 de
682 257 73 28 öfriga
769 263 37 22 pe-

48 293 106 21 rioderna
176 293 52 21 stält
247 293 34 28 sig
296 293 71 28 högre
383 295 29 18 än
427 292 137 29 föregäende
579 292 87 28 period,
681 292 46 21 kan
742 290 64 22 häraf

48 327 51 22 med
122 327 30 22 all
174 327 143 22 sannolikhet
340 327 69 22 slutas
432 330 33 19 att
483 327 204 22 medelinkomsten
701 326 36 22 för
752 328 54 19 ären

50 364 143 19 1898—1900
209 362 56 21 skall
280 362 79 21 utfalla
375 362 136 21 åtminstone
526 362 46 21 lika
587 362 46 28 hög
648 369 49 13 som
707 361 36 21 för
751 362 54 19 åren

50 399 148 23 1894—1896,
214 396 53 21 eller
282 396 8 21 i
306 396 123 21 afrundadt
443 397 31 21 tal
489 398 129 24 24,300,000
633 396 70 21 mark.
734 396 12 20 I
757 395 48 22 sak-

48 431 45 21 nad
108 431 23 21 af
146 431 28 21 de
189 431 59 25 data,
264 431 70 28 enligt
348 431 78 21 hvilka
441 431 161 28 afkastningen
616 430 26 22 af
655 429 151 23 sockertullen

48 465 70 22 borde
137 465 138 26 nedskattas,
290 465 41 22 har
345 465 82 22 härvid
441 465 122 29 tillämpats
579 473 85 14 samma
679 465 63 21 siffra
757 471 48 14 som

48 500 8 21 i
70 499 258 29 Finansexpeditionens
351 499 83 29 kalkyl,
458 500 53 21 eller
530 501 93 24 800,000
640 499 71 26 mark,
726 499 7 21 i
749 498 57 28 följd

48 534 83 22 hvaraf
143 534 198 22 tullinkomsterna
355 534 36 22 för
406 537 65 19 nästa
486 534 167 29 budgetperiod
661 533 144 29 uppskattats

48 569 34 21 till
97 571 129 24 23,500,000
241 569 63 21 mark
319 569 7 21 i
343 569 67 28 årligt
424 569 111 22 medeltal.
559 569 159 21 Inkomsterna
733 567 72 22 under

48 603 72 28 tredje
135 603 66 22 titeln
216 607 38 18 äro
271 603 62 29 förty
346 603 129 22 beräknade
491 603 34 22 till
540 605 129 24 24,163,000
685 603 70 21 mark.

115 638 12 21 I
142 639 144 21 konsekvens
302 638 51 22 med
369 638 140 22 förfarandet
524 638 40 22 vid
581 640 54 19 1894
651 639 36 20 års
698 637 108 28 landtdag

48 672 40 22 har
110 673 72 21 under
198 673 73 28 fjärde
285 673 166 22 inkomsttiteln
465 673 85 29 tillagts
565 673 107 28 beloppet
687 673 25 21 af
725 671 80 23 elevaf-

47 707 99 28 gifterna
160 707 41 22 vid
216 708 256 21 elementarläroverken
487 710 93 24 225,000
594 708 71 25 mark,
677 708 43 20 och
730 706 75 22 ställer

48 742 36 28 sig
99 742 74 21 denna
188 742 60 21 titels
264 742 133 22 slutsumma
413 742 76 22 därför
505 744 13 19 ä
533 744 114 24 4,435,000
662 742 71 21 mark.

116 776 110 22 Däremot
245 777 47 25 har,
308 778 74 20 säsom
397 784 29 14 en
441 776 57 29 följd
514 777 26 21 af
551 777 97 21 berörda
663 776 86 28 tillägg,
765 783 40 13 un-

48 810 40 22 der
102 811 70 22 femte
186 811 66 21 titeln
268 811 109 27 ,Diverse
393 812 127 28 uppbörd*,
537 812 44 21 den
595 812 35 20 till
648 813 78 23 29,400
741 810 64 22 mark

47 845 129 22 beräknade
192 846 155 28 ersättningen
361 846 52 21 frän
428 846 137 21 skolfonden
573 846 36 22 för
616 846 123 28 upphyrda
746 844 58 22 skol-

47 880 85 21 lokaler
147 880 121 22 uteslutits.
291 880 65 22 Efter
372 880 73 22 denna
460 880 142 29 uteslutning
618 881 43 21 och
671 880 52 21 med
732 879 73 28 skälig

48 915 140 28 afrundning
206 915 25 21 af
248 915 78 21 siffran
340 915 69 21 hafva
424 915 156 22 inkomsterna
594 915 72 21 under
682 917 43 19 5:te
740 914 65 22 titeln

48 949 117 29 upptagits
180 949 35 21 till
230 952 92 24 870,000
337 950 70 21 mark.

117 983 79 29 Enligt
212 984 65 22 dessa
292 984 151 28 beräkningar
455 984 55 22 böra
518 984 153 22 statsfondens
679 984 124 20 inkomster

47 1018 7 20 i
81 1018 67 28 årligt
177 1018 104 22 medeltal
310 1018 73 22 under
413 1019 110 27 perioden
554 1020 141 20 1898—1900
723 1020 81 26 utgöra

48 1054 128 24 37,669,000
191 1054 71 20 mark.

90 1128 171 23 Statsfondens
277 1128 123 23 ordinarie
415 1128 107 28 utgifter
537 1128 59 22 åren
612 1128 149 22 1898-1900.

116 1186 259 29 Finansexpeditionens
389 1186 84 29 kalkyl,
489 1186 95 22 hvilken
598 1187 67 28 utgår
681 1186 52 21 från
741 1188 64 19 stats-

47 1220 109 29 förslaget
178 1221 36 21 för
233 1221 153 22 innevarande
402 1223 30 24 år,
448 1221 41 21 har
504 1221 26 21 af
543 1221 127 21 Ständerna
684 1220 8 21 i
707 1219 98 22 hufvud-

48 1255 39 21 sak
102 1255 77 21 blifvit
194 1255 113 28 godkänd.

116 1289 53 22 Med
192 1290 92 21 hänsikt
305 1289 34 22 till
359 1290 49 21 7:de
423 1290 163 25 hufvudtiteln,
602 1289 202 28 förvaltningsgre-

47 1331 40 14 nar
102 1324 102 21 hörande
218 1324 34 21 till
268 1324 318 29 Ecklesiastikexpeditionen,
602 1325 40 20 har
660 1324 59 21 dock
736 1323 69 28 tagits

47 1358 7 21 i
69 1358 150 21 betraktande
234 1366 28 13 en
278 1359 7 20 i
300 1359 259 28 Finansexpeditionens
574 1359 77 28 kalkyl
666 1358 73 21 under
755 1357 50 22 8:de

47 1392 156 22 hufvudtiteln
219 1393 81 22 anförd
316 1393 174 29 omständighet,
505 1393 115 28 nämligen
636 1395 32 19 att
684 1393 58 26 ,,den
750 1393 55 27 hög-

47 1430 34 19 sta
101 1427 334 29 jordbruksundervisningens
454 1428 176 28 öfverflyttande
646 1428 33 21 till
695 1426 109 23 universi-
