1025 1659
105 344 11 22 s
129 344 28 18 29.

214 130 28 20 24
408 129 23 23 U.
449 130 22 22 B.
490 142 27 3 —
534 130 63 28 Prop.
613 129 38 23 N:o
667 130 38 21 29.

182 200 85 22 fordras
287 208 77 21 genom
384 200 141 22 kommunens
546 200 90 29 försorg.
668 200 49 22 Och
740 200 29 28 pä
790 199 38 22 det
851 202 31 19 att
897 201 38 20 nö-

182 236 37 28 dig
240 236 92 28 ordning
353 236 41 22 och
410 236 154 29 skyndsamhet
579 236 77 21 härvid
671 236 36 21 mä
722 243 39 21 ega
777 243 52 19 rum,
845 235 38 22 har
897 235 38 22 det

182 274 61 26 synts
259 271 75 29 nödigt
349 272 137 27 föreskrifva,
502 274 32 20 att
550 271 211 23 frambefordrandet
777 272 54 21 skall
847 270 42 23 ske
896 279 39 14 un-

182 307 38 22 der
236 308 74 28 tillsyn
325 308 24 21 af
365 308 160 22 vederbörande
541 308 112 28 polisman.

254 343 48 21 Här
323 343 105 29 ingäende
449 343 118 29 stadgande
591 351 34 14 om
642 344 118 28 ersättning
775 343 35 21 för
826 343 109 29 utfodring

182 378 23 22 af
220 378 56 28 häst,
292 386 46 14 som
355 387 76 21 egaren
447 380 48 22 icke
511 379 43 23 fått
570 380 84 21 tillfälle
669 382 33 19 att
717 379 66 22 afläta
795 380 59 21 inom
864 380 70 28 tjugu-

181 414 49 29 fyra
245 415 85 21 timmar
346 415 66 22 sedan
429 415 123 22 densamma
567 416 33 21 till
616 416 73 28 slutlig
699 414 124 30 besigtning
833 415 41 22 och
887 416 48 21 vär-

181 450 77 29 dering
278 451 93 27 instälts,
392 451 38 22 har
452 452 33 21 sin
507 451 156 29 motsvarighet
682 452 8 20 i
711 452 12 27 $
745 452 28 20 33
789 451 24 21 af
827 450 43 23 den
885 450 48 23 nåd.

182 486 167 30 propositionen.

254 522 139 30 Angifvande
413 525 66 20 sättet
497 523 34 22 för
547 523 153 29 värderingens
716 522 165 28 verkställande,
895 522 39 22 har

180 558 72 22 denna
268 560 13 26 $
298 562 81 18 ansetts
398 558 53 23 böra
466 562 95 26 upptaga
576 562 32 19 ett
624 558 118 30 stadgande
758 566 35 14 om
809 558 76 22 sådant
901 559 32 21 af-

180 593 54 30 drag
255 594 35 22 för
310 594 110 22 bristande
443 595 91 29 skoning
560 598 56 18 samt
636 596 91 28 grimma
750 594 41 22 och
813 595 120 29 grimskaft,

181 638 45 13 som
243 630 42 22 den
301 630 48 22 nåd.
365 632 171 28 propositionens
553 632 12 26 &
582 632 26 20 31
626 630 124 22 innehåller.

248 666 53 22 Den
312 667 35 21 för
358 667 73 29 hvarje
442 668 6 20 i
460 666 92 30 anspräk
563 670 64 26 tagen
639 667 50 21 häst
696 666 113 23 faststälda
818 668 113 20 ersättnin-

179 709 41 21 gen
229 702 67 22 borde
307 702 106 30 sakenligt
423 706 75 26 genast
506 703 95 29 utgifvas
609 704 8 20 i
625 703 52 22 reda
685 704 123 28 penningar.
825 703 34 21 De
869 702 62 30 prak-

179 738 58 21 tiska
253 738 160 29 svärigheterna
429 739 37 22 vid
482 741 30 20 att
528 739 94 22 beräkna
634 739 38 22 det
682 738 192 30 penningebelopp,
885 746 46 14 som

180 774 66 22 borde
270 774 224 30 besigtningsnämden
516 776 34 21 för
574 775 121 21 ändamälet
711 774 114 27 ombetros,
840 774 91 22 likasom

179 810 41 22 ock
237 818 108 15 summans
361 810 110 30 betydliga
486 812 86 27 storlek,
588 812 66 22 hafva
670 811 67 29 enligt
752 810 107 23 utskottet
871 810 59 23 med-

178 846 64 22 delad
259 848 130 28 upplysning
409 848 95 28 påkallat
524 848 138 29 tillgripande
678 848 23 21 af
716 847 42 22 den
775 849 66 27 utväg
856 847 34 21 för
904 847 26 22 li-

178 883 92 29 gvidens
292 883 159 22 verkställande
472 892 76 21 genom
570 885 119 28 anvisning,
709 891 46 14 som
771 883 135 22 omförmäles
922 884 8 20 i

179 920 13 27 8
208 920 28 21 35
253 920 23 21 af
296 919 42 22 den
354 920 48 22 näd.
418 921 160 28 propositionen
594 920 82 29 bilagdt
692 920 81 28 förslag
788 919 32 21 till
836 919 93 22 instruk-

178 956 46 20 tion
240 955 34 21 för
290 955 26 22 de
334 956 154 28 myndigheter,
505 956 13 21 &
533 956 74 22 hvilka
622 956 132 28 utskrifning
769 955 24 22 af
807 955 73 22 hästar
895 956 34 21 för

178 990 127 30 krigsbehof
326 994 97 19 närmare
438 992 129 22 ankommer.
598 992 35 22 Dä
648 1000 49 13 man
713 991 49 22 icke
777 991 62 22 torde
858 991 72 22 kunna

178 1026 141 23 underskatta
340 1028 125 29 betydelsen
487 1028 23 21 af
525 1028 143 28 nyssberörda
691 1027 138 29 svärigheter,
845 1027 39 21 har
899 1030 30 18 ut-

178 1063 83 21 skottet
282 1066 70 19 ansett
375 1065 32 27 sig
429 1064 48 22 icke
499 1064 72 22 kunna
592 1064 80 22 föreslä
691 1063 42 22 den
749 1063 123 29 principielt
887 1063 43 21 rik-

177 1099 46 29 tiga
244 1099 147 29 anordningen
413 1100 47 22 med
483 1100 90 22 kontant
595 1100 134 28 utbetalning
748 1099 23 21 af
791 1100 138 28 ersättnings-

178 1134 109 30 beloppet.
318 1136 102 21 Deremot
442 1144 63 20 synes
527 1144 26 14 en
576 1136 24 21 sä
620 1136 69 28 vigtig
704 1134 165 30 omständighet,
884 1142 45 14 som

177 1170 43 22 den
235 1170 165 30 ifrågavarande
416 1174 51 19 utan
483 1172 124 28 gensägelse
623 1174 23 18 är
662 1171 50 22 med
727 1171 87 27 hänsigt
829 1170 33 22 till
872 1170 58 22 häst-

177 1206 129 22 aflätarenes
330 1208 49 25 rätt,
401 1207 53 22 böra
477 1209 74 27 utgöra
574 1207 89 22 föremål
686 1207 35 21 för
743 1206 159 30 bestämningar
922 1208 7 20 i

176 1242 80 28 sjelfva
278 1242 68 28 lagen.
377 1243 50 21 Och
448 1243 39 21 har
507 1243 106 22 utskottet
628 1243 58 29 förty
702 1243 32 21 uti
749 1242 71 22 denna
835 1244 13 26 $
864 1243 66 21 infört

176 1277 135 29 stadganden
333 1278 80 22 härom.
444 1279 12 21 I
478 1279 77 21 sakens
578 1282 63 18 natur
662 1279 74 29 ligger,
755 1281 32 19 att
803 1278 41 22 den
859 1279 71 21 anvis-

176 1314 58 28 ning,
245 1321 46 15 som
303 1318 159 25 representerar
473 1315 123 29 egvivalent
606 1314 34 22 för
650 1314 82 22 afläten
743 1314 105 29 egendom
860 1327 27 3 —
898 1315 32 21 uti

176 1357 30 13 nu
218 1349 165 29 ifrägavarande
397 1351 38 21 fall
447 1351 41 21 den
496 1351 33 21 till
543 1350 158 30 krigsmaktens
713 1350 128 28 förfogande
852 1358 77 20 genom

175 1385 129 29 försäljning
321 1386 71 22 stälda
408 1386 75 22 hästen
500 1400 27 2 —
540 1386 40 22 bör
596 1389 51 19 utan
660 1388 69 20 större
746 1385 101 29 dröjsmäl
857 1386 73 21 kunna

175 1420 127 23 förvandlas
322 1422 8 21 i
350 1423 124 28 penningar.
504 1422 45 22 Det
570 1422 39 22 har
628 1422 59 29 förty
703 1424 60 27 synts
779 1422 104 28 lämpligt,
898 1424 32 19 att

248 1463 208 19 Ekonomiutskottets
470 1464 126 18 betänkande
609 1464 38 18 N:o
661 1464 30 18 15.
