1036 1661
208 153 13 20 6
400 153 29 22 U.
445 154 29 21 B.
489 167 27 2 —
532 154 73 28 Prop.
620 154 46 22 N:o
682 154 36 22 28.

179 225 32 15 m.
237 225 32 15 m.
298 218 59 29 dyl.,
380 225 61 16 vore
459 219 189 22 underkastade
668 219 47 22 alla
734 219 31 22 de
785 219 147 29 omgångar,

179 252 87 22 hvilka
293 253 96 28 jemlikt
408 253 140 29 Kejserliga
567 254 181 28 förordningen
768 253 49 22 den
838 254 31 22 19
888 253 45 29 juli

181 286 67 22 1892
277 287 45 21 och
350 287 78 22 andra
456 288 179 28 författningar
662 288 42 22 äro
723 288 153 22 föreskrifna
894 288 39 22 för

178 321 202 29 presterskapets
406 322 8 22 i
438 322 31 22 de
488 322 288 29 evangelisk-lutherska
795 322 138 22 församlin-

179 362 80 22 garna
287 356 36 22 uti
347 356 106 22 Finland
472 356 132 27 boställen,
624 364 57 15 men
700 357 90 22 sädant
809 356 123 30 klarligen

178 390 54 22 icke
254 390 66 22 varit
339 391 55 21 med
414 391 284 29 författningsförslaget
717 391 89 26 afsedt,
826 391 46 22 har
892 391 41 23 Ut-

178 424 94 23 skottet
291 425 69 22 aktat
372 426 95 28 nödigt,
481 425 39 23 för
532 426 165 22 undvikande
710 426 26 22 af
748 426 183 26 missförständ,

178 459 90 28 utbyta
295 459 78 22 orden
397 460 161 29 »rättigheter
576 461 46 21 och
642 461 141 21 förmåner»
807 462 66 21 emot
891 460 42 22 det

177 493 149 29 lämpligare
349 494 126 29 uttrycket
495 495 88 22 »frihet
601 495 56 22 frän
677 495 131 28 utskylder
826 495 46 22 och
891 495 42 22 all-

177 528 94 21 männa
290 528 115 22 besvär».

246 706 36 22 På
310 706 82 28 grund
420 707 25 21 af
472 708 68 21 hvad
569 708 77 22 ofvan
666 708 148 22 framhållits
833 708 38 21 får
891 708 40 21 Ut-

177 739 94 24 skottet
289 740 129 23 vördsamt
436 742 105 22 föreslå:

451 839 38 22 att
516 838 146 23 Ständerna
689 838 61 22 ville
776 838 39 22 uti
842 839 89 21 under-

383 873 81 28 dänig
490 873 206 22 svarsskrifvelse
722 873 42 21 till
782 873 76 22 Hans
876 873 55 28 Kej-

382 908 95 28 serliga
502 907 122 29 Majestät
642 907 116 27 anmäla,
778 908 38 21 att
834 907 41 23 det
893 908 38 22 uti

383 942 169 23 förevarande
578 942 100 29 nädiga
701 942 163 28 proposition
891 942 40 22 till

382 976 146 23 Ständerna
546 976 190 23 öfverlemnade
755 976 176 29 författnings-

382 1010 122 30 förslaget
531 1011 87 22 blifvit
644 1011 33 22 af
695 1011 145 23 Ständerna
860 1012 71 21 anta-

380 1047 40 27 get
447 1046 58 22 med
526 1046 83 28 nägra
628 1046 101 22 mindre
748 1046 153 28 ändringar,
921 1046 10 21 i

382 1080 66 28 följd
475 1080 98 23 hvaraf
596 1080 84 29 sagda
708 1080 98 28 förslag
834 1080 97 22 komme

380 1115 38 21 att
436 1114 100 23 erhålla
556 1114 116 29 följande
691 1114 110 29 lydelse:

447 1153 194 26 Förordning,
654 1151 147 28 angående
816 1151 114 22 kleresi-

374 1187 126 26 friheter
511 1187 49 26 för
577 1187 47 21 det
641 1187 217 26 grekisk-ryska
864 1192 67 20 pre-

379 1221 173 26 sterskapets
566 1222 12 21 i
594 1221 133 21 Finland
742 1221 147 21 boställen.

448 1258 188 29 Presterskapet
660 1258 10 21 i
693 1257 31 22 de
742 1257 189 29 grekisk-ryska

380 1292 222 29 församlingarna
627 1293 11 21 i
656 1292 116 22 Finland
791 1291 112 29 åtnjuter
921 1292 10 21 i

378 1327 119 22 afseende
532 1327 16 22 å
584 1327 60 22 sina
680 1326 175 22 boställen
886 1326 44 29 på

378 1361 117 22 landet
515 1362 57 21 och
593 1361 11 22 i
622 1361 76 22 stad
716 1361 140 22 enahanda
875 1361 54 22 fri-

378 1396 52 22 het
449 1395 75 23 från
538 1396 172 28 utskylder
723 1395 57 22 och
793 1394 136 23 allmän-

378 1436 40 17 na
437 1431 121 25 besvär,
578 1437 54 16 som
651 1429 164 24 beträffande
834 1429 91 29 dylika

239 1473 48 22 Lag-
300 1473 33 17 och
345 1473 183 18 Ekonomiutskottets
539 1473 110 18 betänkande
662 1473 37 18 N:o
712 1474 18 17 5.
