1039 1659
173 108 28 20 26
401 106 28 22 U.
446 106 28 23 B.
490 120 29 3 —
535 106 75 29 Prop.
625 106 46 23 N:o
687 106 37 23 38.

173 178 40 21 ock
237 178 84 28 skäligt
344 178 87 28 arvode,
455 179 95 27 hvilket,
567 179 40 22 der
623 178 19 28 ej
659 179 58 22 visst
732 178 55 22 aftal
803 180 26 20 är
844 178 79 28 gjordt,

173 213 58 22 skall
254 214 132 22 bestämmas
410 214 70 28 enligt
503 216 58 20 taxa.
593 214 138 28 Fullmäktig
755 220 40 21 ege
818 214 41 22 ock
879 215 46 21 rätt

173 250 33 21 att
228 249 61 23 hålla
309 250 27 21 de
356 250 228 27 rättegångsskritter
599 250 59 27 inne,
675 256 45 16 som
737 250 44 22 han
797 250 127 22 omhänder-

172 284 50 28 fått,
236 285 36 22 till
288 286 51 21 dess
356 286 44 21 han
415 286 35 22 sin
466 286 116 27 betalning
597 286 105 22 erhåller.

245 320 83 28 Sämjas
352 322 20 27 ej
396 321 129 29 fullmäktig
548 322 40 22 och
612 322 134 22 hufvudman
770 328 34 16 om
822 322 102 22 arvodets

172 356 86 28 belopp,
275 357 35 21 må
326 357 37 22 det
379 357 123 23 fastställas
518 357 25 22 af
557 358 42 22 den
616 358 100 28 domstol,
728 364 46 15 som
786 358 41 22 sist
837 358 8 21 i
856 358 68 21 saken

173 392 67 23 dömt:
263 394 40 21 och
324 393 67 23 hafve
414 394 94 22 domstol
522 394 85 27 jemväl
623 394 61 21 makt
695 396 32 20 att
741 394 75 27 jemka
832 393 93 22 aftaladt

173 429 87 28 arvode,
277 436 34 15 om
327 429 37 22 det
380 430 112 28 betydligt
509 429 136 28 öfverstiger
660 430 59 22 hvad
735 430 84 27 skäligt
831 432 26 19 är
867 431 58 21 samt

172 466 184 27 hufvudmannen
378 467 37 21 vid
438 467 88 27 aftalets
549 466 109 28 ingående
673 465 45 23 icke
732 466 87 22 kunnat
834 467 91 21 bedöma

172 502 137 26 uppdragets
325 502 143 26 beskaffenhet
483 502 38 22 och
537 502 112 28 omfånget
664 503 29 26 af
705 503 42 21 den
763 503 90 21 dermed
866 502 58 27 före-

172 537 58 22 nade
245 538 73 21 möda.

525 581 12 19 6
555 579 19 29 8

244 626 223 28 Sakförareförening
482 628 40 21 har
539 627 35 22 till
589 627 103 22 ändamål
703 629 32 19 att
745 627 122 22 öfvervaka
877 627 48 21 sina

173 662 152 23 medlemmars
348 664 143 21 verksamhet
510 664 40 21 och
565 663 109 28 befrämja
690 662 235 23 sakförareväsendets

173 699 135 27 utveckling.

244 734 45 22 Till
313 735 93 22 medlem
425 736 7 20 i
448 734 221 28 sakförareförening
685 735 44 21 kan
745 735 87 27 intagas
849 734 77 22 endast

173 771 41 21 den
243 776 45 16 som
312 778 50 20 eger
388 778 26 15 en
437 772 97 21 välkänd
557 772 166 27 lefnadsvandel
747 772 37 21 och
807 770 119 28 undergätt

173 807 26 21 de
229 807 39 27 för
301 808 102 27 utöfning
436 808 26 27 af
494 808 171 21 domareembete
695 808 138 27 föreskrifna
871 806 54 22 kun-

173 842 122 27 skapsprof
315 845 59 20 samt
397 844 94 27 derefter
512 850 79 21 genom
617 844 174 27 sysselsättning,
815 844 69 21 minst
899 845 27 20 ett

173 878 41 22 års
232 878 40 26 tid,
287 879 37 21 vid
340 880 93 21 domstol
448 880 51 21 eller
514 879 75 22 såsom
605 880 86 22 biträde
706 879 23 22 åt
745 880 116 26 sakförare
875 880 51 21 eller

173 915 132 21 annorledes
320 916 79 20 vunnit
414 916 66 26 nödig
496 916 125 26 erfarenhet
636 916 9 21 i
659 916 185 26 rättskipningen.

245 948 87 23 Sådana
348 949 128 29 föreningar
492 950 62 22 skola
570 950 80 22 finnas:
668 956 27 16 en
705 950 8 22 i
724 950 141 28 Helsingfors
877 950 48 22 stad

173 987 57 19 samt
254 991 27 15 en
305 986 7 20 i
328 986 78 27 hvarje
421 986 25 21 af
459 986 27 22 de
503 986 82 27 städer,
603 986 39 22 der
657 986 85 22 hofrätt
757 988 31 20 är.
818 978 21 29 Å
854 992 71 16 annan

172 1023 36 19 ort
226 1020 45 22 kan
290 1020 62 28 dylik
371 1021 102 28 förening
488 1022 41 21 ock
545 1021 78 27 bildas,
640 1028 34 15 om
690 1022 40 22 der
745 1022 70 22 finnes
826 1022 99 21 tillräck-

173 1056 42 27 ligt
230 1057 61 21 antal
307 1057 83 22 sådana
402 1064 108 21 personer
526 1064 47 15 som
589 1058 42 22 här
647 1060 41 20 äro
703 1058 108 22 nämnda.

526 1129 49 29 78.

244 1176 84 28 Hvarje
352 1176 218 28 sakförareförening
592 1177 58 22 skall
671 1177 67 21 bland
759 1177 48 22 sina
822 1177 103 22 medlem-

173 1218 47 15 mar
234 1214 51 20 utse
302 1218 27 16 en
345 1213 103 27 styrelse,
466 1219 45 15 som
526 1213 74 21 kallas
617 1212 163 22 sakförareräd.

524 1286 13 20 8
554 1284 19 29 8.

245 1331 185 23 Sakförarerädet
455 1332 135 22 tillkommer
615 1334 34 20 att
674 1332 79 27 pröfva
778 1332 149 26 ansökningar

173 1374 34 15 om
237 1368 89 22 inträde
359 1368 9 21 i
396 1368 141 27 föreningen;
559 1368 42 22 och
625 1368 34 21 mä
675 1367 106 28 sökande,
798 1373 46 16 som
874 1374 53 21 wpp-

170 1404 68 27 fyller
254 1404 26 22 de
295 1405 9 21 i
320 1404 14 22 6
349 1406 14 24 $
376 1404 139 27 föreskrifna
530 1404 71 22 vilkor
617 1404 38 22 och
678 1404 45 21 har
743 1404 39 27 för
804 1404 69 26 afsigt
895 1405 33 21 att

244 1451 138 23 Lagutskottets
395 1451 117 19 betänkande
524 1451 38 19 N:o
574 1451 27 19 11.
