1039 1659
208 132 14 21 2
546 134 51 21 N:0:
606 136 33 20 26.

180 199 105 22 kommer
300 200 45 22 den
361 202 34 20 att
410 201 83 21 beröra
508 209 29 13 en
552 202 145 29 folkmängd,
710 210 49 14 som
770 203 48 21 kan
828 203 112 28 uppskat-

181 236 36 19 tas
232 234 39 21 till
287 236 77 26 50,000
379 243 116 21 personer,
513 236 44 22 och
572 236 95 29 betjena
683 238 34 20 ett
728 237 150 28 trafikbehof,
890 244 48 14 som

180 269 185 28 proportionsvis
388 270 74 21 mäste
486 278 67 14 anses
573 273 74 19 större
667 275 29 17 än
715 272 40 21 det
771 279 50 14 som
836 274 104 19 närmast

180 304 102 28 belägna
297 304 69 22 andel
381 305 27 21 af
421 304 162 30 Uleäborgska
597 305 130 29 jernvägen
743 306 68 22 söder
822 314 37 14 om
870 306 69 22 Uleä-

180 338 59 29 borg
250 338 145 28 tillgodoser.
417 339 88 22 Norrut
516 340 145 22 förekomma
673 341 137 27 elfdalarna,
823 341 28 21 de
860 343 79 26 egent-

180 372 49 30 liga
251 373 119 28 platserna
389 374 37 20 för
447 375 74 20 tätare
537 374 140 30 befolkning
694 375 44 21 och
754 375 86 28 kultur,
856 377 82 25 tätare,

181 407 43 21 och
248 411 39 17 äro
310 408 73 28 några
407 408 26 21 af
454 408 123 29 desamma,
598 410 75 21 såsom
692 410 70 20 Kemi
781 410 45 21 och
841 410 96 27 Torneå,

180 442 91 28 ganska
294 442 163 22 framstäende.
488 443 110 22 Förbises
618 444 47 21 kan
685 444 21 28 ej
726 444 73 21 heller
816 444 82 28 vigten
914 444 26 21 af

181 478 35 20 att
244 476 37 22 för
308 476 66 22 dessa
401 477 53 21 frän
480 477 92 22 landets
602 480 106 20 centrum
737 478 68 28 längt
834 478 105 29 aflägsna

180 510 161 29 gränstrakter
356 511 134 22 underlätta
505 512 156 22 samfärdseln
676 513 53 21 med
745 513 78 28 öfriga
839 512 64 22 delar
913 513 27 21 af

179 545 88 22 landet.
293 543 79 24 Äfven
388 550 39 17 äro
443 548 62 20 stora
521 546 98 28 tjenster
635 547 38 21 för
688 547 53 21 hela
754 547 82 21 landet
846 549 35 19 att
892 547 46 21 för-

179 582 74 20 vänta
273 580 27 21 af
313 580 78 22 banan
406 580 40 22 vid
461 580 28 22 de
506 581 49 27 fall,
573 581 29 21 dä
618 582 137 28 navigation
771 582 29 28 pä
818 578 119 32 Östersjön

180 615 44 21 och
246 615 126 21 Bottniska
390 615 71 21 viken
480 619 25 18 är
521 615 117 22 afbruten.
669 616 123 22 Ehuruväl
806 616 78 28 någon
900 615 37 21 del

180 650 26 21 af
223 649 100 21 trafiken
338 650 30 28 pä
383 649 131 29 Uleäborgs
528 650 99 29 jernväg
642 651 75 21 under
732 651 63 21 vissa
810 650 127 22 förhällan-

179 684 46 22 den
243 684 104 21 kommer
366 686 35 19 att
416 686 55 27 taga
486 688 76 24 vägen
577 685 80 22 utmed
672 685 181 29 ifrägavarande
868 685 68 27 bana,

179 720 26 20 sä
228 726 69 21 synes
321 718 118 22 det'dock
458 719 177 29 otvifvelaktigt
653 722 36 19 att
703 720 78 21 denna
796 720 62 21 bana
864 714 13 39 i
896 719 41 21 all-

179 753 97 21 mänhet
291 753 60 21 skall
367 753 44 21 öka
426 754 103 21 rörelsen
545 754 30 28 pä
590 754 29 21 de
634 754 94 28 färdiga
741 754 162 28 jernvägarne.

248 787 183 29 Undersökning
454 788 27 21 af
495 788 186 28 jernvägslinien
700 788 43 21 har
759 788 26 21 är
801 790 53 19 1892
870 788 66 21 verk-

178 822 69 21 stälts
270 829 85 21 genom
378 819 199 31 Öfverstyrelsens
597 822 38 21 för
649 826 56 25 väg-
721 822 44 22 och
779 822 157 28 vattenbygg-

178 856 105 22 naderna
301 856 92 29 försorg
409 856 43 22 och
469 860 38 18 äro
524 856 53 22 med
592 857 53 21 stöd
660 856 72 22 häraf
745 858 87 20 tvänne
847 856 89 29 förslag

179 890 149 29 upprättade:
345 890 40 22 det
400 898 43 14 ena
459 891 74 29 enligt
543 898 88 14 samma
642 890 109 22 tekniska
762 898 115 21 program,
887 898 48 14 som

179 925 36 21 för
231 925 131 28 Uleäborgs
377 925 84 28 banan,
478 925 59 21 dock
554 925 52 21 med
622 925 125 21 maximala
762 924 133 30 stigningar
911 926 27 20 af

178 964 70 24 0,012,
272 960 37 21 för
332 967 29 13 en
383 959 106 28 kostnad,
513 959 96 22 hvilken
633 960 72 20 sluter
724 959 37 29 sig
779 959 14 21 &
810 961 125 26 10,400,000

178 994 66 22 mark
268 994 55 21 eller
343 996 78 26 81,060
440 994 66 21 mark
522 1001 41 21 pro
579 994 53 28 km.,
649 995 60 20 samt
725 994 40 21 det
781 993 73 21 andra
870 993 37 21 för
925 996 8 18 1

177 1030 85 20 meters
285 1028 111 28 spärvidd
419 1028 52 21 med
494 1028 110 28 skenvigt
627 1029 27 20 af
672 1030 25 20 17
716 1028 38 28 kg.
774 1035 42 21 pro
835 1028 100 28 löpande

176 1065 75 20 meter
267 1063 43 21 och
326 1070 49 14 som
391 1063 182 28 approximativt
583 1063 116 21 beräknas
710 1062 111 28 medtaga
833 1070 28 13 en
872 1062 63 22 kost-

178 1097 46 22 nad
243 1098 28 20 af
287 1099 113 26 9,100,000
419 1097 66 21 mark
506 1097 56 21 eller
578 1098 76 27 70,935
670 1097 67 21 mark
752 1104 42 21 pro
809 1096 53 28 km.,
880 1096 56 22 eller

177 1132 100 22 sålunda
299 1139 29 13 en
350 1131 126 29 besparing
499 1132 26 21 af
548 1134 111 26 1,300,000
678 1132 73 27 mark,
770 1131 164 21 motsvarande

178 1168 45 26 12,5
236 1168 35 26 9/,,
289 1166 38 22 till
345 1166 93 21 förmån
456 1166 37 21 för
509 1166 39 21 det
563 1166 99 21 smalare
678 1166 84 28 spåret.
793 1165 12 21 I
820 1165 114 21 hvardera

176 1201 69 21 fallet
268 1200 78 22 blefve
368 1200 91 22 banans
481 1200 73 29 längd
576 1200 8 21 i
607 1200 40 22 det
669 1202 119 20 närmaste
809 1201 59 26 128,3
888 1199 46 22 km.

175 1234 167 22 Betecknande
366 1235 38 21 för
427 1235 76 21 denna
523 1234 101 29 jernväg
647 1239 40 16 äro
711 1234 28 21 de
761 1234 63 28 höga
840 1233 97 22 kostna-

176 1268 41 22 der
239 1268 296 22 konstarbetena
431 1263 11 38 -
453 1268 82 22 kräfva.
567 1269 73 21 Dessa
663 1268 84 28 belöpa
771 1268 36 28 sig
826 1267 47 22 till:
893 1268 41 21 vid

175 1303 103 22 normalt
301 1303 53 28 spår
377 1304 110 26 3,995,321
511 1302 74 29 mark,
601 1303 57 21 eller
677 1304 45 26 38,4
739 1303 34 27 9/4,
791 1302 44 21 och
849 1302 41 21 vid
906 1309 27 13 en

175 1340 85 20 meters
284 1338 111 28 spårvidd
419 1340 112 26 3,234,283
554 1338 73 28 mark,
648 1338 57 21 eller
723 1338 46 27 35,5
782 1338 35 26 %.
847 1336 46 22 Det
908 1340 26 17 är

174 1373 31 27 pä
224 1372 77 22 denna
321 1372 132 28 arbetspost
471 1374 60 20 samt
549 1373 30 27 pä
595 1371 218 29 öfverbyggnaden,
830 1378 49 14 som
895 1370 38 22 be-

174 1406 133 29 sparingen,
319 1406 8 21 i
338 1406 129 22 afrundadt
478 1406 33 22 tal
523 1409 90 25 761,000
624 1406 67 21 mark
702 1406 44 21 och
757 1407 92 26 329,800
860 1404 72 28 mark,

174 1440 136 30 egentligen
327 1440 93 28 vinnes;
440 1441 37 21 för
492 1441 77 28 öfriga
585 1440 98 22 arbeten
699 1444 25 17 är
740 1438 124 22 skilnaden
880 1438 53 22 obe-
