1036 1661
167 115 11 17 2

145 173 20 17 så
177 173 71 17 utvisar
260 171 93 24 kalkylen,
366 177 66 17 genom
445 175 27 15 att
484 172 203 18 lefnadskostnaderna
698 171 124 23 nedbringats
834 171 29 18 till
873 171 31 18 det

144 201 101 22 minimala,
258 203 26 16 ett
296 201 101 17 öfverskott
410 201 20 17 af
440 201 34 18 242
487 201 52 18 mark
552 203 51 16 utom
616 201 37 17 fria
665 206 41 12 rum
715 201 35 17 och
760 200 81 18 bränsle.
861 200 43 18 Med

145 230 50 18 detta
210 229 103 18 öfverskott
329 229 53 18 skola
394 229 38 18 alla
448 229 23 18 de
484 230 71 23 otaliga
568 230 39 17 små
620 229 84 23 utgifter,
717 235 39 12 som
768 229 117 18 förekomma
897 229 7 17 i

145 261 26 16 ett
183 259 75 18 hushåll
272 258 73 18 utöfver
358 258 101 22 utgifterna
471 259 30 17 för
514 261 37 15 mat
564 259 35 23 och
612 258 71 21 kläder,
696 258 98 18 bestridas.
819 258 23 17 Vi
855 258 49 17 med-

144 287 50 23 gifva
207 286 106 19 emellertid
326 288 27 16 att
365 286 55 18 dessa
432 287 33 17 242
478 287 52 17 mark
543 287 65 17 kunna
620 287 58 17 räcka
690 286 29 18 till
732 286 29 18 för
772 287 32 17 sitt
813 286 90 22 ändamål,

144 322 29 12 om
186 316 74 17 läraren
276 317 22 15 är
310 317 66 21 ytterst
388 320 90 18 sparsam,
491 316 34 17 och
539 318 57 15 annat
609 316 34 16 har
655 316 37 17 han
702 316 21 22 ju
737 315 15 22 ej
766 317 38 15 rätt
817 317 27 15 att
856 320 48 12 vara.

145 344 52 18 Hvad
212 344 31 18 vid
260 344 48 18 dock
326 344 42 17 icke
384 344 64 18 kunna
463 344 93 22 medgifva
571 346 22 16 är
608 346 27 15 att
651 349 84 12 summan
752 343 48 18 skall
817 344 40 17 visa
876 344 28 21 sig

144 373 102 23 tillräcklig
264 372 54 18 äfven
339 372 56 18 sedan
411 372 84 24 familjen
508 373 54 17 ökats
579 373 42 17 med
638 375 27 15 ett
681 373 48 17 eller
745 373 31 17 tvä
792 372 52 18 barn.
869 372 35 18 Be-

145 402 60 17 räkna
218 402 18 17 vi
252 401 29 18 för
298 401 54 18 dessa
368 406 22 12 en
406 401 155 18 lefnadskostnad
577 401 20 18 af
607 402 23 17 25
643 401 56 23 penni
711 406 34 18 per
758 401 36 22 dag
806 403 48 15 samt
865 401 40 17 lika

144 431 74 22 mycket
231 430 29 17 för
273 435 23 12 en
308 430 110 22 tjenarinna,
432 430 54 17 hvars
499 430 31 17 lön
544 430 95 17 dessutom
652 430 35 17 bör
698 430 44 22 utgå
755 429 42 18 med
810 429 22 18 75
846 430 57 21 mark,

145 459 21 18 sä
178 459 49 22 stiga
240 459 56 17 dessa
308 458 76 23 utgifter
396 459 30 17 till
438 459 34 18 348
486 459 57 21 mark,
557 459 56 18 alltsä
626 464 23 13 en
662 464 72 12 summa
742 464 39 12 som
790 458 112 23 öfverstiger

145 488 32 18 det
192 487 107 18 beräknade
316 487 122 18 öfverskottet
454 487 28 18 till
500 488 33 17 och
551 487 41 18 med
606 488 58 17 sedan
677 488 73 17 läraren
764 487 47 18 efter
824 487 37 18 fem
874 488 29 17 ärs

145 517 57 22 tjenst
215 516 35 18 fätt
264 517 28 17 sin
306 516 57 18 första
375 516 156 23 löneförhöjning.

214 545 37 17 För
271 545 107 18 lärarinnan
397 545 65 18 ställer
480 546 29 22 sig
527 546 59 17 saken
603 546 57 22 nägot
674 550 134 18 gynsammare,
825 545 78 17 emedan

145 574 36 18 hon
195 574 43 18 icke
252 574 34 17 har
298 576 27 15 att
337 574 62 18 betala
412 574 57 18 enke-
483 574 34 18 och
530 574 119 22 pupillkassa
661 573 55 23 afgift
728 573 34 18 och
775 574 85 22 vanligen
871 574 32 16 har

146 608 23 12 en
182 602 73 18 mindre
268 602 119 18 skuldbörda.
407 603 28 17 Dä
447 603 70 17 hennes
531 602 31 18 lön
575 602 107 18 emellertid
692 604 21 16 är
720 602 34 18 200
763 602 53 18 mark
825 602 79 20 mindre,

146 632 20 17 sä
184 632 37 17 blir
237 631 100 18 resultatet
354 631 20 17 af
388 636 23 13 en
428 631 104 23 beräkning
549 631 52 18 öfver
616 632 71 18 hennes
704 631 104 17 inkomster
825 631 34 17 och
876 633 28 15 ut-

146 660 56 23 gifter
215 660 79 23 ungefär
307 660 102 18 detsamma
422 666 38 12 som
474 660 51 18 öfver
537 660 91 18 lärarens.

215 689 29 18 Då
267 695 26 11 nu
317 688 125 19 förhållandet
463 691 22 16 är
507 689 68 18 sådant
595 690 35 16 och
653 694 42 13 man
718 689 62 18 tillika
800 689 43 18 icke
866 689 37 17 kan

145 718 79 18 förneka
245 718 103 22 sanningen
370 718 20 17 af
410 718 45 18 1894
476 718 30 18 års
528 718 161 18 Besvärsutskotts
712 718 38 21 ord,
772 720 28 15 att
820 718 21 17 de
860 718 43 22 dag-

145 746 50 23 ligen
218 746 152 18 återkommande
393 746 100 24 bekymren
516 746 27 18 för
564 746 109 18 ekonomisk
691 746 81 18 utkomst
791 747 58 17 måste
868 746 37 18 för-

146 775 85 17 lamande
248 775 79 17 inverka
342 775 23 23 på
381 775 85 18 lärarens
482 776 59 20 sinne,
557 775 37 23 håg
607 776 34 17 och
653 775 55 21 kraft,
722 776 20 16 så
754 775 36 17 kan
806 780 42 12 man
862 775 42 17 icke

146 803 90 19 förundra
250 804 28 22 sig
291 803 52 19 öfver
355 805 27 16 att
395 804 91 18 utskottet
498 804 61 18 kände
573 804 30 23 sig
615 804 52 23 böjdt
679 804 29 17 för
720 806 28 15 att
760 804 5 17 i
777 804 125 22 väsentligare

147 832 42 17 mån
202 833 24 16 än
239 837 38 12 som
290 831 70 18 skedde
373 832 59 18 redan
445 832 31 17 vid
493 832 44 17 1894
553 833 30 17 års
599 832 90 23 landtdag
701 832 76 18 förorda
790 838 22 12 en
825 832 78 18 förbätt-

146 861 42 22 ring
206 860 20 17 af
242 860 211 19 folkskollärarekårens
472 861 122 18 ekonomiska
609 861 65 18 vilkor.
698 861 28 18 De
742 861 72 21 hinder,
828 866 37 13 som
880 861 23 18 då

147 889 67 17 ställde
228 889 29 22 sig
269 889 6 17 i
288 891 59 20 vägen
360 889 28 17 för
402 891 26 16 ett
440 889 67 18 sådant
519 889 135 23 förbättrande,
667 895 43 12 voro
723 889 32 18 det
770 889 72 18 mindre
855 889 48 23 goda

146 917 99 18 finansiela
258 917 51 23 läget
321 918 6 17 i
340 917 70 18 landet.
429 918 57 18 Detta
497 918 69 18 hinder
578 918 60 18 finnes
651 918 30 18 vid
692 918 62 18 denna
762 918 90 23 landtdag
860 919 42 17 icke

146 951 51 12 mera
215 946 34 17 till.
274 946 62 17 Sällan
356 946 34 17 har
408 946 32 18 det
458 946 99 19 finansiela
572 947 51 22 läget
636 947 48 18 varit
695 952 127 18 gynsammare
835 949 23 15 än
872 953 30 11 nu.

147 974 123 18 Folkskolans
290 975 83 18 arbetare
392 977 56 16 vänta
466 975 61 18 därför
543 981 25 12 nu
585 978 28 15 att
624 976 74 17 landets
711 975 77 19 ständer
801 975 59 22 skola,
871 975 32 18 be-

146 1003 98 23 hjärtande
258 1003 53 18 deras
325 1003 117 23 belägenhet,
455 1004 117 22 ihågkomma
588 1004 42 18 dem
647 1004 42 18 med
702 1004 128 18 förbättrande
843 1004 59 18 löner.

146 1032 43 17 Man
208 1032 38 17 kan
264 1032 110 23 visserligen
386 1033 81 17 invända
479 1035 27 16 att
518 1033 37 18 den
568 1033 30 18 vid
614 1033 127 18 innevarande
754 1033 89 22 landtdag
856 1033 46 18 före-

146 1060 87 23 liggande
246 1061 115 23 proposition
374 1067 28 12 om
416 1061 68 18 allmän
498 1062 90 23 skolpligt
601 1062 94 18 sannolikt
703 1062 83 17 kommer
795 1064 27 15 att
829 1062 74 23 påkalla

146 1089 106 23 betydande
266 1089 78 23 utgifter
356 1089 41 18 från
407 1090 121 18 statsverkets
537 1091 47 17 sida.
603 1091 67 17 Härtill
682 1095 63 13 svaras
756 1090 48 18 dock
814 1093 27 15 att
849 1090 54 18 dessa

145 1118 78 22 utgifter
241 1118 43 18 icke
297 1118 73 18 komma
382 1120 27 16 att
425 1118 93 18 erfordras
536 1119 61 18 under
610 1121 94 16 närmaste
717 1118 126 24 finansperiod
856 1121 47 15 samt

146 1148 27 16 att
188 1147 41 21 just
242 1146 23 18 de
279 1146 117 18 förestående
410 1148 102 22 utgifterna
526 1148 29 17 för
567 1153 36 18 nya
616 1148 63 18 skolor
691 1148 45 18 böra
749 1153 54 12 mana
815 1148 30 17 till
858 1150 26 15 att
896 1148 6 17 i

145 1175 27 17 tid
186 1175 112 18 säkerställa
311 1176 74 17 skolans
398 1176 86 18 arbetare
496 1176 29 18 för
537 1177 119 17 ekonomiskt
667 1176 85 23 betryck.
776 1177 82 17 Läraren
870 1178 33 20 gör

147 1203 47 18 dock
212 1204 65 17 skolan
291 1204 34 18 och
339 1204 65 18 endast
416 1205 6 17 i
435 1205 33 17 fall
482 1206 17 16 vi
512 1206 54 17 hafva
582 1205 116 23 tillgodosett
714 1205 131 18 lärarekårens
858 1204 44 18 nöd-

146 1232 77 22 torftiga
241 1232 62 22 behof,
321 1232 54 17 hafva
393 1234 17 16 vi
424 1235 38 16 rätt
474 1236 28 15 att
517 1234 60 17 skaffa
589 1239 30 13 oss
632 1239 36 17 nya
681 1234 66 17 skolor.
772 1234 26 17 På
810 1234 61 22 grund
885 1234 20 16 af

146 1260 34 18 allt
193 1260 52 18 detta
257 1260 29 18 får
296 1262 33 22 jag
341 1262 95 18 vördsamt
448 1262 74 18 anhålla
535 1268 28 12 om
577 1262 167 23 Borgareståndets
758 1262 85 22 benägna
852 1262 50 18 med-

146 1289 69 17 verkan
228 1289 29 17 till
270 1294 23 13 en
307 1290 79 22 petition
399 1291 6 17 i
418 1291 48 22 syfte
479 1293 27 15 att

352 1319 135 23 statsbidragen
505 1320 29 17 till
554 1320 98 22 aflönande
674 1320 24 22 af
712 1320 138 22 folkskollärare
869 1319 32 17 och

284 1347 109 17 lärarinnor
403 1348 27 22 på
442 1348 61 18 landet
514 1348 55 18 måtte
583 1348 90 22 förhöjas.

656 1389 19 20 F.
690 1388 27 21 W.
733 1388 100 21 Sundvall.

317 1441 113 32 Helsingfors,
442 1451 16 17 J.
471 1451 18 18 C.
502 1451 89 17 Frenckell
604 1451 15 17 &
631 1450 40 21 Son,
683 1441 67 27 1897.
747 1437 7 42 -
