1042 1659
176 129 30 22 46
396 131 28 23 U.
441 132 25 22 B.
484 146 26 2 —
527 132 74 30 Prop.
616 133 45 23 N:o
677 134 37 23 23.

248 202 48 22 Der
311 205 74 19 rätten
402 203 35 22 för
452 204 81 22 sakens
549 205 141 23 bedömande
706 206 73 22 finner
794 207 81 22 sådant
890 211 39 19 nö-

178 237 56 29 digt,
259 240 39 20 bör
321 246 41 22 syn
384 241 30 27 på
438 240 76 22 stället
537 241 72 22 hållas
629 242 43 21 och
688 242 142 30 sakkunnige
843 243 87 29 jemväl

176 273 116 23 tillkallas.

248 310 87 22 Rätten
358 318 41 22 ege
423 312 92 34 afgöra
523 312 69 22 saken
608 313 59 22 efter
682 314 29 22 fri
727 314 109 30 pröfning
851 315 26 22 af
890 316 40 21 allt

177 346 61 21 hvad
254 346 48 22 deri
317 346 151 23 förekommit.
500 349 34 21 Är
549 349 132 29 någondera
691 354 80 25 parten
782 351 51 21 med
843 354 86 19 rättens

176 382 78 29 utslag
274 382 116 30 missnöjd,
408 384 54 21 söke
477 384 98 29 ändring
591 385 47 21 deri
654 387 75 20 såsom
745 386 38 29 lag
799 394 37 14 om
852 387 77 22 tviste-

177 418 45 22 mål
239 418 97 29 stadgar.

524 476 13 25 8
553 475 36 21 45.

249 520 63 28 Vilja
334 521 109 29 sakegare
466 522 70 21 hellre
560 522 140 22 öfverlemna
723 523 7 21 i
751 524 28 21 37
801 526 14 25 &
831 524 13 22 2
860 532 67 15 mom.

177 556 54 22 eller
245 556 8 21 i
269 557 29 21 42
314 556 54 22 eller
383 558 29 21 43
428 559 14 26 &
458 558 135 22 omförmäld
609 558 57 22 tvist
677 561 34 19 att
722 559 90 29 afgöras
821 560 26 22 af
855 560 74 30 skilje-

177 595 58 25 män,
252 592 196 23 öfverenskomme
464 594 131 29 skriftligen
609 594 76 22 derom
697 595 43 21 och
751 602 36 15 om
799 596 129 29 skiljedom-

177 628 85 22 stolens
278 630 210 29 sammansättning.
506 630 89 29 Vägrar
610 631 131 29 någondera
757 632 124 29 sakegaren
897 640 31 14 se-

177 664 45 22 dan
240 667 35 19 att
290 668 83 18 nämna
389 665 125 29 skiljemän,
532 674 47 21 ege,
597 666 7 21 i
620 666 41 22 fall
677 666 19 29 ej
715 668 140 22 annorlunda
871 668 57 22 afta-

176 700 50 28 lats,
244 700 185 23 domhafvanden
444 704 30 26 på
490 702 78 21 landet
583 702 54 22 eller
652 702 197 23 rådstufvurätten
860 704 6 21 i
878 704 50 22 stad

176 738 30 27 på
223 736 105 22 anmälan
344 737 26 21 af
382 740 128 26 motparten
527 740 50 20 utse
593 738 58 22 dem.
683 738 143 30 Sakegarene
837 742 38 19 må
886 740 42 21 ock

176 772 78 22 kunna
280 772 77 28 aftala,
382 776 35 18 att
442 781 28 14 en
494 774 55 21 eller
571 774 53 21 flere
649 774 120 28 skiljemän
788 775 64 21 skola
867 778 61 19 utses

176 808 140 23 omedelbart
332 809 26 22 af
371 810 185 22 domhafvanden
571 810 54 22 eller
641 811 203 22 rådstufvurätten.

248 846 67 21 Hvad
327 846 165 28 skiljemännen
503 846 64 22 dömt
578 847 58 21 skall
646 847 69 21 lända
725 847 36 21 till
772 847 155 22 efterrättelse.

524 914 13 26 8
553 912 35 22 46.

248 960 38 21 All
302 960 198 28 undersöknings-,
518 960 143 29 värderings-
678 960 43 22 och
737 968 74 14 annan
825 961 103 27 kostnad,

176 1003 48 14 som
240 996 128 21 förorsakas
384 1003 83 21 genom
483 996 27 21 de
526 996 36 21 för
577 996 274 29 expropriationsärendes
864 996 63 29 afgö-

174 1032 70 21 rande
267 1032 41 21 hos
331 1034 141 26 guvernören
489 1031 146 28 erforderliga
650 1032 113 28 åtgärder,
780 1039 53 14 vare
849 1032 79 22 tillträ-

176 1067 68 22 daren
260 1067 86 29 pligtig
361 1070 90 19 ersätta.
483 1068 133 21 Kostnaden
632 1067 36 22 för
681 1068 125 21 nämndens
817 1075 110 15 samman-

175 1103 70 27 träde,
262 1110 49 14 som
326 1103 91 21 instälts
432 1103 8 21 i
456 1102 57 30 följd
530 1103 27 22 af
569 1103 163 22 ordförandens
748 1103 54 21 eller
817 1103 110 22 ledamots

174 1141 102 25 utevaro,
300 1139 70 22 varde
393 1139 59 21 dock
475 1139 142 22 tillträdaren
640 1138 125 30 godtgjord
785 1139 26 21 af
824 1139 43 21 den
883 1139 44 22 för-

175 1175 103 29 sumlige.

247 1211 43 21 Om
306 1211 126 21 kostnaden
448 1211 73 22 utläte
537 1211 35 29 sig
587 1214 144 26 guvernören
745 1211 9 21 i
765 1211 164 29 sammanhang

174 1248 52 20 med
248 1247 166 21 hufvudsaken.
446 1242 33 26 Är
501 1249 76 27 någon
601 1246 110 29 missnöjd
734 1246 52 22 med
807 1247 40 21 det
868 1247 59 21 utlä-

175 1282 75 28 tande,
267 1282 59 29 gälle
342 1282 62 22 hvad
420 1283 8 21 i
444 1284 28 20 42
489 1284 13 26 8
525 1284 5 20 1
549 1290 66 14 mom.
633 1286 58 25 sägs.

246 1320 130 26 Afträdare,
401 1326 48 16 som
471 1319 31 28 pä
523 1320 77 26 grund
622 1320 29 26 af
669 1319 132 27 stadgandet
816 1320 9 20 i
839 1320 30 20 37
884 1321 14 24 8
913 1320 15 20 2

174 1362 66 14 mom.
265 1356 37 20 vid
325 1356 95 20 domstol
440 1356 46 26 fört
506 1356 62 21 talan
591 1361 36 15 om
642 1355 78 21 vidare
735 1355 130 26 ersättning,
882 1354 45 27 mä,

174 1390 62 23 ändä
252 1393 32 20 att
300 1391 74 21 sädan
389 1392 45 21 icke
450 1392 107 21 tilldömes
572 1391 87 26 honom,
671 1391 54 27 efter
732 1391 109 27 pröfning
851 1390 77 22 kunna

174 1428 103 26 tilläggas
291 1428 135 26 godtgörelse
439 1428 39 26 för
492 1427 120 22 kostnaden
628 1427 37 21 vid
680 1427 153 21 underräiten.

246 1474 127 22 Lagutskottets
385 1474 109 18 betänkande
506 1474 36 18 N:o
555 1474 16 18 7.
