1036 1661
313 101 28 23 U.
357 101 27 22 B.
403 113 23 4 —
444 101 73 27 Prop.
533 101 40 22 N:o
589 101 35 21 26.
810 101 12 20 7

93 161 67 20 redan
176 159 35 21 vid
229 159 52 22 1877
299 159 34 22 års
348 159 103 26 landtdag
468 171 25 3 —
510 159 86 20 väcktes
616 158 61 27 fråga
692 164 34 15 om
741 157 111 28 byggande

95 195 23 21 af
132 201 25 14 en
171 194 89 27 jernväg
283 194 88 21 emellan
395 193 109 26 Uleäborg
526 193 39 21 och
584 193 121 21 Uleäträsk.
736 192 63 21 Säväl
818 192 35 21 vid

95 229 66 26 sagda
176 234 46 15 som
239 228 54 21 1882
308 228 35 21 ärs
358 228 146 21 ständermöte
519 227 70 28 gällde
605 227 127 27 spörsmälet
748 233 25 14 en
789 226 64 21 rund-

95 264 30 26 lig
129 262 192 22 statssubvention
341 262 33 21 för
394 262 118 27 företagets
527 261 144 21 realiserande
687 261 27 27 pä
729 261 69 27 privat
814 261 38 20 ini-

97 298 67 20 tiativ.
195 296 124 22 Sedermera
341 296 39 22 har
403 296 76 27 frågan
502 302 33 15 om
556 297 70 20 denna
642 296 140 27 banbyggnad
798 296 55 20 varit

97 332 46 21 före
159 331 34 21 vid
210 331 52 21 1891
280 331 38 21 och
340 331 54 21 1894
413 331 35 21 ärs
467 331 134 26 landtdagar.
631 330 42 22 Vid
690 330 39 21 den
744 330 58 22 förra
818 330 34 21 be-

98 367 55 21 slöto
170 366 118 21 Ständerna
307 366 31 20 att
356 366 33 20 till
408 365 60 21 Hans
487 365 120 27 Kejserliga
623 365 102 26 Majestät
740 363 49 29 ingä
804 364 48 21 med

97 408 27 15 en
141 400 132 27 underdänig
292 400 125 21 hemställan
438 400 83 21 derom:
538 401 52 26 ,,att,
607 400 83 21 säsnart
704 399 148 21 kommunika-

96 435 147 22 tionsfondens
267 435 113 26 tillgängar
402 435 78 21 sädant
501 434 113 27 medgifva,
637 435 65 26 nädig
720 434 132 27 proposition

96 477 35 15 om
154 470 110 27 byggande
288 469 22 22 af
332 476 25 14 en
379 470 57 21 bana
460 469 46 22 frän
529 469 67 22 Vaala
616 469 31 21 till
664 469 108 26 Uleäborg
786 468 66 21 mätte

96 505 120 21 Ständerna
238 504 140 27 föreläggas.'*
409 504 41 21 Vid
474 504 40 21 den
538 510 74 15 senare
637 503 46 22 åter
705 503 100 21 förenade
822 503 31 26 sig

97 539 126 25 Ständerna,
241 539 68 20 säsom
325 538 63 21 äfven
404 539 6 20 i
426 539 41 20 den
484 539 77 26 nädiga
576 538 159 26 propositionen
751 537 101 21 framhäl-

96 573 38 27 les,
151 580 33 14 om
200 579 25 15 en
242 572 130 27 underdänig
388 572 91 27 petition
494 573 7 20 i
517 572 64 28 syfte:
598 574 47 24 ,att
659 572 60 21 Hans
734 572 119 26 Kejserliga

96 608 100 26 Majestät
211 608 6 20 i
234 607 64 21 näder
320 607 110 27 behagade
452 607 44 21 läta
517 606 116 21 verkställa
648 606 149 21 instrumental
813 606 38 20 och

96 642 126 21 ekonomisk
243 642 157 26 undersökning
420 640 22 22 af
462 647 26 15 en
505 641 89 27 jernväg
612 640 47 22 frän
678 640 107 27 Uleäborg
802 640 50 21 eller

97 676 139 27 närliggande
253 676 68 26 punkt
337 676 12 20 å
364 675 121 27 Uleåborgs
502 676 89 26 jernväg
607 675 32 21 till
654 675 114 21 Uleäträsk
784 676 68 20 antin-

96 717 40 21 gen
152 717 50 15 norr
218 710 51 21 eller
284 710 61 21 söder
360 716 35 15 om
410 710 91 26 Uleäelf,
521 712 55 19 samt
595 712 32 19 att
642 709 63 27 nädig
720 710 131 26 proposition

96 752 35 14 om
147 745 109 27 byggande
272 744 22 22 af
308 744 69 22 denna
390 744 90 28 jernväg
492 744 66 21 mätte
568 744 176 22 nästkommande
760 744 92 22 Ständer

96 772 139 40 föreläggas.''
760 775 2 3 i

165 814 41 21 Vid
229 814 26 20 de
277 815 75 19 tvenne
376 815 85 19 senaste
484 814 155 25 landtdagarne
655 813 89 21 likasom
760 813 35 20 vid
810 813 40 21 den

97 854 29 15 nu
141 847 110 28 pågående
266 847 38 21 har
323 847 122 21 derutöfver
465 853 76 20 genom
559 847 5 21 i
580 847 106 21 särskilda
700 847 63 21 stånd
778 847 74 21 inlem-

97 882 55 21 nade
168 882 209 27 petitionsmemorial
393 881 68 22 under
481 882 129 21 Ständernas
627 882 129 27 behandling
772 882 80 27 dragits

96 917 80 26 förslag
199 923 34 15 om
254 916 224 28 jernvägsbyggnader
500 916 58 22 såväl
580 917 7 20 i
606 923 63 15 norra
689 917 103 21 Savolaks
808 923 44 15 som

96 958 65 14 norra
176 951 98 21 Karelen.
297 950 45 22 Och
353 952 40 20 har
403 957 49 15 man
463 952 6 20 i
482 952 62 20 deras
554 951 165 27 hufvudsakliga
730 951 52 27 drag
792 951 61 21 tänkt

97 986 32 26 sig
154 986 62 20 dessa
236 986 114 26 jernbanor
370 986 70 20 såsom
459 986 160 27 förlängningar
638 986 23 20 af
675 986 26 20 de
716 986 66 20 redan
797 986 55 20 före-

96 1020 84 26 fintliga
202 1020 102 21 Savolaks
325 1020 39 21 och
386 1020 108 21 Karelska
513 1020 142 28 jernvägarna
674 1026 76 20 genom
769 1020 84 26 Kajana

96 1055 68 21 härad
178 1055 33 21 till
227 1055 127 21 förbindelse
370 1055 47 21 med
433 1055 85 21 landets
533 1055 124 26 vestligaste
673 1055 39 21 och
722 1055 131 27 nordligaste

93 1090 90 26 jernväg
198 1089 196 27 Uleåborgsbanan,
410 1089 107 21 utsträckt
533 1089 56 20 ända
603 1089 32 20 till
651 1089 83 21 Torneå
750 1089 47 21 stad
813 1089 40 20 och

97 1123 137 27 riksgränsen
250 1123 114 21 derstädes.
396 1123 76 21 Såsom
488 1123 65 21 redan
569 1129 26 15 en
611 1123 46 21 före
674 1124 54 21 1882
739 1123 34 21 års
784 1123 68 21 landt-

96 1157 42 27 dag
153 1157 33 22 för
201 1157 140 22 utarbetande
356 1157 23 22 af
392 1157 81 28 förslag
489 1158 32 21 till
537 1158 84 21 landets
635 1157 100 22 framtida
743 1158 109 27 jernvägs-

84 1193 50 19 "nät
150 1192 76 21 tillsatt
241 1191 136 22 kommission
394 1192 118 26 föreslagit,
527 1192 69 21 skulle
610 1192 161 27 förlängningen
783 1192 23 21 af
815 1192 38 21 Sa-

96 1226 146 21 volaksbanan
265 1227 64 20 ledas:
345 1233 76 20 genom
445 1227 81 20 TIisalmi
549 1227 39 21 och
610 1227 84 26 Kajana
716 1227 72 21 städer
803 1233 50 14 norr

97 1261 52 20 eller
165 1261 62 20 söder
242 1267 33 15 om
291 1261 113 21 Uleåträsk
420 1261 33 20 till
470 1261 67 21 Vaala
553 1261 39 21 och
605 1261 113 27 Uleåborg.
743 1261 110 21 Utsträck-

96 1295 78 26 ningen
190 1295 22 20 af
227 1295 41 21 den
282 1295 105 21 Karelska
402 1295 71 21 banan
489 1295 46 21 åter
551 1295 69 21 skulle
635 1296 48 21 med
694 1296 96 21 Joensuu
802 1295 51 22 eller

97 1329 94 21 Värtsilä
206 1329 69 21 såsom
291 1329 160 26 utgångspunkt
466 1331 57 20 samt
537 1330 48 21 med
601 1330 99 26 beröring
715 1330 28 27 pä
758 1332 32 19 ett
802 1330 51 21 eller

96 1365 65 19 annat
183 1365 43 20 sätt
248 1363 22 21 af
291 1363 91 21 Nurmes
401 1364 80 26 köping
501 1364 38 21 och
558 1364 83 27 Kajana
657 1365 47 20 stad
719 1365 49 25 löpa
783 1365 70 20 vester

96 1398 51 21 eller
171 1399 57 20 öster
251 1403 33 16 om
307 1397 120 28 Pielisjärvi
450 1398 32 27 sjö
506 1404 75 21 genom
605 1398 101 22 Sotkamo
731 1398 78 21 socken
826 1398 27 27 pä

164 1448 179 23 Jernvägsutskottets
355 1449 112 18 betänkande
479 1449 38 17 N:o
529 1449 15 18 1.
