1031 1661
218 102 27 21 82
412 102 28 22 U.
455 102 27 22 B.
499 115 26 2 —
541 102 72 27 Prop.
631 101 42 22 N:o
689 101 36 22 26.

187 160 90 27 jernväg
295 159 89 22 medför.
415 160 66 21 Detta
500 160 42 21 kan
562 159 118 22 emellertid
696 159 106 28 afhjelpas
818 159 128 27 derigenom,

190 195 31 21 att
236 194 105 22 Karelska
360 194 69 21 banan
449 196 56 20 öster
525 195 52 21 eller
597 196 69 20 vester
682 200 34 15 om
732 194 121 27 Pielisjärvi
868 194 31 27 sjö
914 195 34 20 ut-

189 229 96 22 sträckes
299 229 32 21 till
346 229 97 22 Nurmes.
467 229 10 21 I
492 229 59 22 förra
566 229 61 21 fallet
642 229 40 21 blir
698 229 110 21 afståndet
823 229 46 21 från
881 229 65 21 Joen-

189 269 40 15 suu
251 263 33 21 till
309 263 92 21 Nurmes
427 264 40 21 138
493 263 39 21 och
552 264 6 20 i
578 263 36 21 det
632 270 76 14 senare
728 264 40 20 113
791 263 42 21 km.
864 263 83 26 Droges

189 298 65 26 linjen
273 298 56 21 öster
349 304 34 14 om
401 298 125 27 Pielisjärvi,
543 298 134 21 erfordrades
696 297 92 22 sålunda
806 298 28 21 45
850 298 42 25 km,
909 296 39 22 och

189 338 34 15 om
239 332 124 21 densamma
377 332 74 22 leddes
465 334 71 20 vester
551 339 33 15 om
598 332 46 27 sjön
662 333 28 21 20
709 332 35 21 km
760 332 89 27 jernväg
863 332 85 21 utöfver

189 366 55 21 hvad
267 372 45 16 som
334 367 153 27 inbesparades
507 367 128 27 derigenom,
651 368 32 20 att
704 366 104 26 Uleåborg
819 366 126 22 —Iisalmi—

190 400 84 28 Kuopio
283 401 39 21 och
330 401 47 21 icke
385 401 354 27 Uleåborg—Nurmes—Joensuu
749 401 63 27 linjen
822 401 84 27 gjordes
916 400 32 21 till

190 436 118 21 stambana.
332 436 45 21 Och
393 436 59 22 detta
467 437 42 21 kan
525 436 18 28 ej
560 442 61 16 anses
636 436 58 26 gälla
710 436 85 27 mycket
810 436 7 21 i
825 435 123 27 jemförelse

191 470 47 21 med
256 470 26 21 de
297 470 77 26 många
390 470 99 27 fördelar,
506 471 72 21 hvilka
593 477 50 15 vore
659 472 33 20 att
708 472 80 20 emotse
804 470 23 22 af
836 470 112 22 Savolaks-

192 504 81 22 banans
289 505 142 21 fortsättande
447 506 32 21 till
496 506 83 26 Kajana
594 505 39 21 och
649 505 115 27 Uleåborg.

261 539 105 27 Slutligen
393 540 68 21 måste
488 542 57 19 ännu
571 540 86 27 bringas
684 540 33 21 till
744 540 40 20 tals
814 540 132 26 Uleäborg—

191 573 68 22 Vaala
279 573 38 22 och
337 574 195 27 Iisalmi--Kuopio
552 574 130 22 bandelarna
701 574 71 21 såsom
792 574 86 21 sådana.
908 574 42 21 Det

190 608 41 21 kan
251 608 47 21 icke
318 607 104 28 betviflas,
442 610 32 20 att
493 609 206 26 Ule&borg—Vaala
723 609 69 21 banan
815 609 83 20 komme
918 609 32 20 att

191 643 67 26 draga
279 643 33 20 till
335 643 32 26 sig
389 649 25 15 en
437 643 47 22 icke
507 643 88 22 alldeles
618 643 60 27 ringa
700 643 159 27 genomgående
879 641 69 22 trafik.

190 677 51 22 Men
257 677 135 27 synnerligen
408 677 51 27 högt
474 677 41 22 kan
532 677 69 22 denna
611 677 64 22 trafik
686 678 56 21 dock
754 677 47 22 icke
817 677 132 27 uppskattas.

190 711 142 22 Båtfärderna
347 711 28 27 på
390 711 86 22 Uleåälf
489 714 37 19 äro
543 712 23 21 så
581 718 166 15 sammanvuxna
756 713 48 20 med
816 711 134 26 befolknings

191 752 66 15 vanor
279 746 38 21 och
339 746 31 25 lif,
389 748 31 19 att
440 747 107 20 desamma
566 747 47 21 icke
632 747 23 20 så
675 747 41 21 lätt
735 747 60 20 torde
816 746 132 27 öfvergifvas,

191 781 38 21 och
253 781 37 20 det
312 780 32 21 får
363 781 46 21 icke
429 781 67 21 heller
514 781 97 27 förbises,
630 783 31 19 att
680 781 117 21 invånarne
817 781 31 20 uti
867 781 82 27 Kajana

192 815 66 21 härad
271 815 7 21 i
292 815 74 27 hvarje
383 815 108 26 händelse,
507 816 71 20 derest
594 817 71 19 ortens
680 815 66 21 trafik
762 815 18 27 ej
797 815 152 21 heltochhållet

191 849 150 21 koncentreras
361 849 6 21 i
386 849 89 27 Kajana,
491 850 80 27 nödgas
591 850 79 21 bésöka
689 849 110 27 Uleåborg
815 849 32 21 för
863 850 31 20 att
911 849 37 21 der

191 883 117 21 värkställa
323 884 86 26 uppköp
425 884 23 21 af
463 884 247 21 förnödenhetsartiklar.
735 884 112 26 Ingenting
864 886 23 18 är
902 884 46 20 der-

192 918 45 20 före
253 918 138 26 naturligare,
407 920 26 19 än
449 920 33 20 att
494 919 27 27 på
537 925 88 15 resorna
640 919 32 21 till
688 918 111 27 Uleåborg
815 918 60 21 äfven
892 918 57 21 med-

192 954 60 25 tages
268 953 55 27 tjära
339 952 39 22 och
394 954 67 20 andra
477 960 63 14 varor
556 954 32 20 till
605 953 52 21 salu.
680 953 62 21 Hvad
755 952 193 27 Iisalmi
848 948 9 36 —
869 952 79 27 Kuopio

190 987 91 27 jernväg
297 988 72 26 angår,
381 987 39 21 har
435 988 123 21 densamma
573 994 26 14 en
615 988 97 21 starkare
728 987 111 27 ändpunkt
849 989 25 19 än
886 987 64 21 Uleå-

192 1022 151 26 borg—Vaala
362 1022 75 21 banan.
469 1022 78 21 Iisalmi
563 1022 47 21 stad
625 1022 81 21 drifver
723 1022 65 21 redan
803 1028 29 14 nu
848 1028 25 14 en
890 1022 58 27 bety-

192 1057 69 20 dande
277 1056 176 27 handelsrörelse,
465 1057 37 21 och
519 1057 56 21 klart
590 1059 29 24 är,
631 1058 32 20 att
679 1057 124 21 densamma
818 1057 76 20 endast
908 1056 41 21 kan

192 1091 89 21 tillväxa
303 1091 84 21 säsnart
410 1091 76 21 staden
513 1091 85 21 erhällit
617 1091 97 27 jernväg.
748 1091 136 21 Förutsättas
907 1091 41 20 kan

193 1125 71 27 ocksä,
280 1126 32 20 att
326 1125 84 27 Kajana
429 1125 48 22 stad
496 1126 39 20 och
554 1126 65 20 härad
636 1126 66 20 redan
715 1126 7 20 i
738 1126 59 20 detta
812 1125 38 21 fall
865 1124 84 22 komme

193 1161 32 20 att
241 1166 58 14 mera
314 1162 27 18 än
357 1160 68 21 hittils
440 1160 72 22 hemta
527 1160 46 22 sina
589 1160 167 21 förnödenheter
772 1160 46 20 frän
834 1159 86 21 Iisalmi.

262 1194 62 22 Hvad
339 1194 150 22 lokaltrafiken
505 1195 28 27 pä
547 1195 125 26 Ule&borg—
682 1189 64 37 Vaala
762 1194 70 21 banan
843 1193 107 27 beträffar,

193 1228 44 22 kan
253 1229 123 21 densamma
391 1229 19 27 ej
423 1229 66 21 blifva
502 1231 65 19 annat
578 1231 26 19 än
615 1229 101 27 temligen
728 1235 57 19 svag,
796 1229 76 20 medan
883 1228 67 22 lokal-

193 1262 92 22 trafiken
301 1263 27 27 pä
343 1258 81 37 Iisalmi
451 1263 89 27 Kuopio
557 1264 68 20 banan
641 1264 98 20 däremot
754 1263 67 21 måste
833 1262 81 22 erhålla
925 1269 25 15 en

193 1297 134 27 synnerligen
350 1298 45 20 stor
418 1298 115 27 betydelse.
563 1298 61 20 Hvad
648 1298 7 20 i
678 1298 60 21 detta
757 1297 101 21 afseende
877 1298 24 20 är
920 1298 31 20 att

193 1331 105 27 förvänta,
321 1331 94 27 framgår
441 1332 48 21 bäst
515 1332 22 21 af
563 1331 300 28 folkmängdsförhällandena
889 1331 62 27 kring

193 1365 106 21 hvardera
314 1365 72 27 linjen,
402 1366 87 21 hvarför
505 1366 38 21 här
558 1366 83 27 intages
656 1366 95 27 följande
767 1366 103 26 öfversigt
885 1366 67 26 enligt

193 1399 164 22 förhällandena
372 1400 41 21 den
429 1401 26 20 31
472 1400 112 21 december
601 1400 60 22 1895:

263 1456 180 23 Jernvägsutskottets
456 1457 109 18 betänkande
578 1457 37 17 N:o
627 1457 15 17 1.
