1031 1656
332 234 300 28 Petitionsmemorial.

203 327 75 23 Ridd.
294 333 21 17 o.
331 327 86 23 Adeln.
661 327 43 23 N:o
719 327 38 23 23.

168 621 55 19 Till
241 621 162 24 Höglofliga
420 621 200 25 Ridderskapet
638 621 47 20 och
703 620 90 20 Adeln.

170 699 47 21 Med
233 701 145 23 godkännande
394 701 21 19 af
429 704 68 16 senast
512 701 119 20 församlade
643 702 92 19 ständers
750 700 66 20 beslut
825 701 38 19 och

99 730 138 28 underdäniga
252 730 145 24 framställning
411 730 104 24 angående
531 730 112 24 byggandet
658 730 22 20 af
691 736 22 13 en
723 730 84 24 jernväy
818 729 44 20 från

98 752 45 26 Äbo
162 759 45 19 stad
222 758 31 20 till
268 758 59 20 Karis
343 760 73 18 station
433 759 12 19 &
461 759 69 24 Hangö
545 759 66 19 banan
627 759 36 19 har
679 759 54 19 Hans
749 758 115 28 Kejserliga

98 787 97 24 Majestät
210 787 96 19 anbefallt
321 787 116 20 utförandet
451 787 22 20 af
487 788 66 19 denna
566 787 221 25 jernvägsanläggning.
817 780 46 27 Äbo

99 816 89 20 —Karis
209 816 65 19 banan
297 818 23 17 är
342 816 52 20 dock
417 816 72 20 endast
511 819 29 17 ett
561 816 98 24 fragment
678 816 21 19 af
713 822 24 13 en
753 816 66 20 säsom
834 818 30 17 ett

98 844 43 20 helt
164 845 129 23 genomtänkt
313 844 38 20 och
373 845 106 19 utarbetad
499 845 147 25 jernvägsplan.
676 839 45 25 Åbo
736 844 71 20 vinner
821 844 42 20 för-

99 873 58 20 delen
174 873 21 20 af
208 873 123 20 förbindelse
346 874 44 19 med
406 874 37 19 den
460 876 55 17 öster
531 879 30 14 om
577 874 70 19 staden
661 874 83 23 belägna
756 873 107 24 landsbyg-

100 902 37 19 den
162 902 37 20 och
222 901 22 20 af
264 908 73 18 genare
357 904 38 22 väg
413 902 30 20 till
459 902 78 24 Hangö.
567 903 48 19 Men
631 903 45 19 dess
692 902 172 20 kommunikation

101 931 43 19 med
168 930 128 24 Helsingfors
320 930 38 20 blir
377 931 113 24 derigenom
506 932 18 23 ej
541 931 118 20 förbättrad.
690 930 41 21 Och
747 930 116 20 hufvudsta-

99 960 49 18 dens
171 959 61 20 behof
254 959 21 19 af
294 960 129 19 underlättad
444 960 117 20 samfärdsel
581 960 44 19 med
641 960 38 19 den
695 960 85 24 vestliga
795 959 67 19 lands-

98 988 86 28 bygden,
204 988 45 19 med
268 988 51 24 Lojo
340 988 111 24 sjöområde
471 989 37 19 och
523 989 45 19 med
583 989 78 24 Hangö,
677 989 70 19 liksom
763 988 39 20 ock
818 988 45 19 med

98 1011 53 29 Åbo,
173 1016 72 20 förblir
267 1016 126 25 fullständigt
411 1017 116 24 obeaktadt,
543 1023 32 14 om
590 1018 18 23 ej
624 1018 73 24 planen
712 1018 7 18 i
735 1018 46 18 dess
796 1016 67 20 helhet

100 1045 124 24 genomföres
239 1046 75 19 medels
329 1046 118 24 anläggning
463 1046 22 19 af
499 1028 97 47 bandelen
609 1045 253 25 Helsingfors—Gerknäs.

168 1074 30 20 De
214 1073 130 21 härförinnan
361 1075 103 19 tillkomna
479 1075 146 24 handlingarna
639 1075 7 19 i
659 1075 56 19 detta
727 1074 82 24 ärende,
820 1076 43 17 sär-

98 1102 62 20 skildt
192 1104 203 23 —jernvägsutskottets
431 1104 127 19 betänkande
588 1104 33 19 vid
651 1105 79 18 senaste
760 1102 104 24 landtdag,

99 1132 102 19 innehålla
216 1132 22 19 sä
253 1132 108 24 rikhaltiga
376 1132 143 24 upplysningar
534 1132 101 24 angående
648 1132 117 24 betydelsen
777 1132 21 19 af
807 1132 57 19 säväl

99 1160 129 20 förenämnda
244 1160 141 25 jernvägsplan
401 1160 108 20 betraktad
524 1161 6 19 i
546 1162 45 18 dess
606 1162 89 18 totalitet
709 1166 42 14 som
767 1160 39 20 ock
821 1162 42 17 sär-

99 1189 61 19 skildt
180 1189 97 20 bandelen
292 1188 254 26 Helsingfors—-Gerknäs,
562 1190 100 20 äfvensom
673 1190 124 19 beträffande
808 1189 56 20 detta

98 1217 88 25 företags
208 1218 131 26 rentabilitet,
353 1221 31 17 att
405 1224 25 13 cu
451 1219 84 24 förnyad
557 1219 116 24 utläggning
693 1218 58 20 häraf
769 1218 58 20 torde
843 1217 23 20 få

98 1252 59 14 anses
174 1246 124 25 öfverflödig.
328 1247 48 19 Men
392 1247 65 20 såsom
472 1249 31 18 ett
517 1248 55 19 bevis
588 1248 26 24 på
629 1248 38 19 den
683 1248 40 23 vigt
739 1253 44 14 man
796 1247 6 18 i
815 1246 48 19 Hel-

98 1275 87 24 singfors
206 1275 62 20 fäster
289 1275 34 20 vid
343 1276 84 24 planens
442 1276 140 20 fullbordande
597 1278 44 17 tror
653 1277 35 24 jag
702 1277 39 23 mig
756 1276 51 19 böra
822 1281 42 13 om-

98 1304 84 20 förmäla
201 1307 31 17 att
251 1303 110 21 förstärkte
383 1304 180 25 stadsfullmäktige
584 1305 104 20 härstädes
711 1305 6 19 i
737 1305 47 19 Juni
806 1303 59 20 1896

98 1333 64 24 ingått
176 1333 31 19 till
222 1332 117 25 regeringen
355 1334 45 19 med
421 1334 124 24 underdänig
560 1334 93 20 anhållan
669 1334 74 23 derom,
759 1334 30 19 att
803 1333 61 23 nådig

98 1362 126 24 proposition
247 1361 60 20 måtte
328 1362 31 19 till
379 1361 54 20 1897
450 1363 33 18 års
498 1363 95 24 landtdag
609 1362 72 20 aflåtas
697 1362 102 25 angående
815 1361 48 24 byg-

98 1390 64 24 gande
184 1390 32 20 för
235 1390 132 20 statsverkets
387 1391 85 24 räkning
494 1391 22 20 af
533 1397 23 14 en
576 1392 85 25 jernväg
678 1391 43 20 från
737 1389 126 24 Helsingfors

98 1419 32 19 till
146 1419 80 25 lämplig
240 1419 64 24 punkt
319 1419 12 20 &
347 1419 71 25 Hangö
433 1420 66 20 banan
515 1420 7 19 i
534 1421 135 24 grannskapet
679 1419 21 20 af
708 1419 91 20 Gerknäs
810 1418 55 20 halt-
