1034 1659
304 107 28 22 U.
347 107 28 22 B.
391 120 28 3 —
435 108 72 27 Prop.
525 107 40 23 N:o
581 108 35 21 26.
784 108 28 21 23

84 165 39 21 har
137 165 113 21 Utskottet
264 165 46 21 från
323 166 153 28 jernvägarnes
492 165 174 21 kontrollkontor
677 165 105 21 inhämtat
792 167 48 19 när-

84 206 57 14 mare
164 200 157 27 upplysningar,
345 200 39 21 och
406 200 94 26 framgår
519 200 23 21 af
559 206 26 14 en
607 199 47 21 från
674 200 66 26 sagda
762 200 78 20 kontor

84 234 33 21 till
138 233 112 22 Utskottet
271 234 85 21 lemnad
379 234 119 28 utredning,
518 235 33 20 att
571 234 7 21 i
597 234 76 26 antydt
690 234 101 21 afseende
810 235 30 19 ett

85 268 83 27 mycket
185 268 115 27 väsentligt
317 268 89 27 misstag
428 268 122 28 föreligger.
580 268 11 21 I
612 268 228 27 månadsrapporterna

84 302 65 22 hafva
163 302 65 22 bland
243 304 66 20 annat
326 303 131 21 utelemnats
476 303 40 21 och
536 303 103 21 tilldelats
658 297 47 27 Åbo
721 302 70 22 banan
806 302 34 21 till

84 337 49 21 hela
151 337 48 21 dess
218 337 77 27 belopp
315 338 27 20 all
361 337 98 27 uppbörd
477 337 34 21 för
530 337 61 27 gods,
610 343 45 15 som
674 337 47 21 från
738 337 102 21 stationer

85 372 13 20 &
112 366 221 27 Åbo—Tammerfors
345 372 90 27 jernväg
454 372 96 21 afsändts
568 372 33 21 till
616 372 172 26 Björneborgska
804 372 36 20 ba-

85 412 48 20 nan,
145 406 40 21 och
200 406 86 21 hvilken
301 407 84 20 ensamt
399 406 33 21 för
447 408 98 19 trävaror
559 406 47 21 frän
618 406 99 21 Lembois
728 406 40 21 och
779 406 61 21 Tam-

85 440 89 21 merfors
194 440 103 21 stationer
315 440 33 21 till
367 440 93 22 Haistila
479 440 40 22 och
537 440 139 28 Björneborg,
695 440 33 21 till
747 440 40 21 den
806 440 34 21 del

86 474 41 21 den
148 474 54 22 efter
221 474 167 22 kilometertalet
408 475 40 21 bör
470 474 85 22 tillfalla
573 474 173 28 Björneborgska
763 475 77 25 banan,

86 509 67 21 under
170 508 24 22 år
211 509 54 21 1896
281 509 60 27 stigit
355 509 32 21 till
408 509 92 26 174,633
518 509 68 21 mark.
603 521 26 3 —
645 509 37 21 Ett
697 509 64 21 exakt
775 509 65 21 bedö-

85 543 77 21 mande
178 542 23 22 af
215 542 90 22 trafiken
321 543 27 27 pä
363 544 173 26 Björneborgska
547 543 71 21 banan
629 544 41 20 blir
681 544 64 21 likväl
759 544 82 26 möjligt

85 577 60 26 först,
162 578 66 21 sedan
248 578 127 26 jernvägens
397 578 146 27 räkenskaper
565 578 33 21 för
621 578 36 20 det
679 577 161 28 ifrägavarande

85 612 112 21 trafikäret
219 612 98 21 afslutats
340 612 39 21 och
399 612 146 22 inkomsterna
564 612 103 22 fördelats
686 612 27 26 pä
731 612 26 21 de
772 612 68 21 skilda

85 646 96 21 banorna
196 646 55 21 efter
266 646 79 21 enhvar
361 646 24 21 af
398 646 48 21 dem
461 646 163 22 tillkommande
638 652 88 21 person-
741 646 39 21 och
794 648 46 19 ton-

84 680 149 22 kilometertal.

153 720 31 22 Pä
199 721 68 27 grund
283 720 23 22 af
319 721 37 21 det
367 720 91 22 anförda
468 721 33 21 fär
513 720 114 22 Utskottet
637 721 109 21 vördsamt
756 720 84 26 föreslä,

86 756 31 20 att
134 755 120 21 Ständerna
269 756 47 21 med
332 755 156 28 godkännande
504 755 24 22 af
542 755 41 21 den
593 755 77 27 nädiga
681 755 159 27 propositionen

84 790 33 21 för
135 790 32 20 sin
183 790 34 21 del
232 790 50 21 ville
297 790 94 21 besluta:

291 884 32 19 att
349 880 177 30 Björneborgska
548 881 75 22 banan
645 882 114 27 fortsättes
783 880 57 21 ända

222 916 61 28 fram
302 917 35 21 till
355 916 266 28 hamnanläggningarna
638 916 37 21 vid
698 915 142 28 Mäntyluoto

222 951 69 27 enligt
305 958 87 14 samma
408 951 100 21 tekniska
522 958 112 20 program,
652 957 48 15 som
716 950 124 27 tillämpats

223 985 38 21 vid
274 986 69 27 sagda
358 985 70 21 banas
443 986 152 27 anläggande;
611 987 69 19 samt:

291 1062 33 18 att
338 1059 37 28 för
390 1059 109 28 arbetena,
510 1066 49 15 som
574 1059 131 21 omedelbart
718 1059 64 21 borde
794 1058 47 22 vid-

223 1096 57 26 taga,
289 1094 80 21 anvisa
383 1100 29 15 ur
428 1094 309 27 Kommunikationsfondens
746 1092 93 28 tillgän-

221 1134 42 21 gar
277 1128 131 27 1,200,000
426 1128 70 21 mark.
