1036 1659
301 100 31 23 U.
347 101 28 22 B.
389 112 29 5 —
433 100 73 28 Prop.
522 100 41 22 N:o
578 100 36 22 26.
788 100 25 22 17

84 157 128 21 underhålla
231 164 26 15 en
275 156 71 24 sådan
360 158 23 22 ät
401 158 88 22 sidorna
505 158 47 21 från
568 157 177 22 hufvudfarleden
761 157 82 27 gående

84 192 90 26 rörelse,
190 194 45 19 möt
249 192 13 21 9
278 192 103 27 ångbåtar
397 193 12 21 &
425 193 76 21 denna.
518 192 79 21 Härtill
613 192 97 22 kommer
725 194 32 20 att
773 191 68 22 banan

85 226 70 22 skulle
176 226 76 22 korsas
276 226 22 22 af
319 226 77 28 många
418 226 62 28 lifligt
505 226 277 27 trafikerade:landsvägar
804 226 39 21 och

85 260 58 27 ligga
163 261 89 21 emellan
272 263 76 19 tvenne
367 260 79 22 städer.
477 261 39 21 Att
535 261 40 21 den
596 260 132 22 beträffande
745 260 98 22 motsedd

82 294 66 22 trafik
176 295 86 21 därföre
275 290 10 37 .
288 294 69 23 skulle
382 296 86 20 komma
494 297 32 19 att
552 295 64 21 ställa
635 295 33 27 sig
686 295 46 21 icke
756 295 86 27 obetyd-

86 329 40 27 ligt
140 329 71 21 bättre
226 330 26 20 än
268 330 41 21 den
324 330 122 26 nordligare
460 330 64 21 delen
537 329 23 21 af
578 329 175 22 Savolaksbanan
765 329 78 21 mellan

85 363 32 21 S:t
131 364 78 21 Michel
225 364 39 21 och
280 364 82 27 Kuopio
378 364 54 21 lider
447 365 56 21 intet
518 364 81 21 tvifvel.
622 364 43 21 För
681 364 69 21 denna
765 363 77 22 bandel

87 398 92 27 uppgick
195 398 89 22 trafiken
301 398 67 22 under
383 399 24 21 &r
425 399 56 21 1895
497 398 31 22 till
546 397 114 29 7,606,966
676 398 167 27 personkilome-

86 434 33 20 ter
135 432 38 22 och
190 433 126 26 10,436,412
328 432 157 27 tonkilometer,
502 434 56 20 samt
572 432 99 27 utgjorde
686 435 59 19 netto
761 432 82 21 inkom-

87 469 47 19 sten
157 467 47 21 från
227 467 50 21 hela
298 466 173 22 Savolaksbanan
495 467 67 22 under
584 473 84 15 samma
690 467 24 21 är
733 468 44 25 0,909
830 467 13 21 å

87 502 251 27 anläggningskapitalet.
369 502 47 21 Den
439 502 119 21 förnämsta
580 501 84 27 artikel,
684 507 44 15 som
749 501 13 21 &
777 501 66 21 Savo-

86 536 118 21 laksbanan
223 538 164 25 transporteras,
407 538 24 19 är
453 538 65 24 smör;
538 536 39 21 och
597 536 98 26 utgjorde
711 536 131 26 gvantiteten

85 570 64 21 häraf
170 570 67 22 under
260 570 54 22 1895
336 570 114 26 3,297,419
473 570 111 27 kilogram,
609 570 75 21 hvaraf
706 570 27 27 pä
756 570 84 26 Kuopio

86 605 81 21 station
183 604 72 22 allena
270 604 48 21 kom
336 604 112 28 1,500,963
464 604 112 27 kilogram,
593 604 71 22 hvilka
680 604 113 28 uppgifvas
809 604 33 21 till

85 645 27 15 en.
132 641 46 19 stor
198 639 34 21 del
251 638 63 22 hafva
329 639 88 21 samlats
432 639 47 21 från
495 642 86 18 orterna
596 645 51 15 norr
662 645 34 15 om
712 638 91 27 Kuopio.
833 638 9 21 I

84 673 83 26 Tisalmi
175 675 15 19 t.
199 680 31 14 ex.
238 672 67 22 finnas
314 675 57 19 utom
380 673 51 21 flere
438 675 70 19 större
516 673 127 27 bymejerier
651 675 76 19 tvenne
736 673 107 27 uppköps-

85 706 106 28 mejerier,
205 708 81 21 hvilkas
298 708 137 26 tillverkoing
452 708 68 26 enligt
535 708 85 27 uppgift
631 708 74 21 tidtals
717 708 82 26 uppgår
810 707 32 21 till

87 742 80 22 11412
180 742 86 21 drittlar
277 748 33 15 om
322 742 75 28 dagen;
405 742 39 21 och
453 742 61 22 skola
522 742 51 22 flera
581 748 40 21 nya
628 742 111 22 enahanda
747 742 96 27 mejerier

86 782 52 16 vara
153 777 68 21 under
236 776 101 27 bildning.
361 776 42 21 Till
417 776 196 28 Kuopio—lisalmi
622 776 153 28 jernvägslinie
786 778 57 20 stöta

86 811 40 21 ock
138 811 109 27 åtskilliga
259 811 151 27 kronoparker,
423 811 24 21 så
459 813 32 19 att
503 811 105 21 måhända
620 811 63 21 äfven
695 812 64 26 något
769 811 74 26 skogs-

88 845 118 27 produkter
228 846 69 20 såsom
320 845 155 21 trafikföremål
495 846 33 20 för
547 846 70 20 banan
636 846 71 21 kunde
729 845 113 27 påräknas.

87 880 39 21 Att
145 880 95 21 hvarken
260 880 132 22 vattenkraft
411 880 53 21 eller
484 880 122 27 sjömalmer
625 880 78 21 saknas
719 880 31 21 uti
766 880 77 26 ifråga-

87 914 93 22 varande
204 915 81 21 trakter
305 916 24 20 är
349 921 27 15 en
394 914 58 22 känd
471 915 46 21 sak.
546 915 38 21 Ett
603 915 47 21 skäl
665 914 33 22 för
713 915 130 26 bananlägg-

86 950 78 26 ningen
180 951 24 19 är
221 949 65 23 också
302 950 42 25 det,
360 950 32 20 att
407 951 141 25 vattenvägen
565 949 46 22 från
624 949 84 28 Kuopio
721 949 32 21 till
763 948 92 22 Iisalmi.

86 985 25 20 är
131 984 76 27 grund,
222 984 123 28 isynnerhet
361 984 34 21 vid
411 984 88 21 Nerkko
515 984 70 27 kanal,
600 984 39 21 der
649 990 35 15 om
694 984 103 21 höstarna
808 983 34 21 vid

85 1018 46 26 lågt
150 1018 136 22 vattenstånd
305 1018 128 28 omlastning
453 1018 24 22 af
490 1024 63 16 varor
569 1018 68 21 måste
651 1018 115 26 företagas.
797 1017 44 21 Och

85 1052 101 26 slutligen
199 1052 39 21 har
251 1052 69 21 såsom
334 1054 30 19 ett
379 1052 47 22 icke
438 1053 65 21 minst
511 1053 77 28 vigtigt
596 1053 65 21 motiv
670 1052 128 22 framhållits
807 1052 36 20 det

85 1085 83 22 afbrott
182 1086 7 21 i
205 1086 89 22 trafiken
307 1086 76 22 mellan
396 1088 86 20 orterna
495 1088 27 26 på
533 1087 105 21 hvardera
650 1087 61 21 sidan
724 1093 33 14 om
769 1086 73 21 Kalla-

87 1120 66 21 lavesi
172 1120 38 27 sjö,
231 1126 45 16 som
295 1121 56 21 vissa
369 1121 57 21 tider
441 1121 28 27 på
485 1121 46 22 året
546 1121 122 21 förorsakas
683 1127 76 22 genom
776 1120 66 27 omöj-

86 1154 96 27 ligheten
197 1157 32 19 att
244 1154 84 22 komma
343 1155 59 21 öfver
415 1155 90 22 Toivala
519 1162 57 20 pass,
592 1162 47 15 men
655 1156 85 21 hvilken
757 1155 85 26 olägen-

85 1188 37 22 het
142 1188 69 22 skulle
229 1189 134 27 fullständigt
381 1190 108 27 afhjelpas
508 1196 76 21 genom
604 1189 163 29 ifrågavarande
784 1189 57 27 jern-

85 1225 53 25 vägs
153 1223 110 21 tillkomst.

154 1257 50 21 Med
219 1257 100 22 afseende
335 1258 57 27 derä,
409 1260 32 20 att
456 1258 64 22 äfven
536 1258 196 28 Kuopio—Iisalmi
743 1259 76 21 banan
835 1259 6 21 i

80 1291 164 27 jernvägsnätet
263 1292 107 22 eventuelt
388 1292 41 22 kan
450 1293 86 21 komma
554 1293 6 21 i
579 1293 61 27 fråga
660 1294 69 21 såsom
750 1300 25 14 en
791 1293 51 21 länk

85 1325 23 22 af
125 1325 42 22 den
184 1326 199 27 genomgångsbana
404 1327 78 21 melian
503 1326 31 26 S:t
548 1327 131 28 Petersburg
694 1328 39 22 och
750 1328 91 25 Torneå,

84 1360 87 22 hvarom
193 1360 63 22 ofvan
278 1361 80 27 ordats,
381 1361 40 21 har
443 1359 112 25 Utskottet
577 1364 71 19 ansett
667 1364 32 20 att
717 1362 72 22 banan
808 1362 34 20 för

82 1394 136 22 undvikande
241 1394 23 22 af
286 1396 191 27 varu-omlastning
500 1396 39 22 och
562 1396 62 22 deraf
646 1396 126 22 föranledda
795 1396 46 20 olä-

152 1445 180 23 Jernvägsutskottets
344 1446 113 18 betänkande
469 1446 35 18 N:o
517 1448 14 16 1.
