1025 1659
194 116 27 20 54
446 117 140 23 Reservation
603 118 27 22 IV.

377 188 99 28 förlagda
496 189 67 27 ryska
585 191 132 26 truppernas
733 190 125 28 krigsbehof
870 190 41 21 lät-

379 226 42 19 tast
436 224 38 22 och
489 225 210 27 ändamålsenligast
714 225 76 21 kunna
807 226 55 21 lösas
875 226 36 21 så-

377 261 74 27 lunda,
475 263 33 19 att
531 262 125 27 regeringen
683 264 85 26 uppgör
791 262 122 21 kontrakter

378 297 48 21 med
447 297 98 21 enskilda
567 298 111 27 hästegare
700 304 35 14 om
751 298 111 27 aflätande
877 298 37 21 vid

379 332 124 28 krigsbehof
515 334 29 26 af
556 335 29 19 ett
600 334 63 20 antal
677 334 29 27 af
718 334 59 28 högst
795 335 70 26 6,600
876 334 37 21 hä-

377 370 52 24 star,
446 371 58 19 samt
519 371 32 19 att
568 370 125 20 Ständerna
708 370 36 27 för
752 369 83 29 'sakens
845 370 66 21 reali-

377 406 90 20 serande
488 405 29 27 af
534 406 197 27 bevillningsmedel
746 406 60 28 uppå
822 406 89 21 militie-

379 441 103 28 budgeten
499 442 89 20 anvisat
602 442 80 28 nödiga
698 442 87 28 belopp;
803 442 110 21 äfvensom

449 479 32 19 alt
497 478 120 20 ständerna
634 478 66 20 måtte
716 478 117 28 hänskjuta
849 479 65 21 saken

381 514 34 20 till
437 514 157 20 statsulskottet
620 514 35 27 för
678 514 133 27 föresläende
834 514 29 28 af
881 515 34 20 det

380 550 182 27 tillskottsbelopp,
582 550 128 27 förslagsvis
733 550 100 26 100,000
853 551 62 20 mark

379 592 33 14 om
429 586 52 26 året,
499 586 35 20 till
549 586 190 28 militiebudgeten,
755 593 46 14 som
817 586 28 28 af
857 586 56 21 detta

377 622 68 20 beslut
458 622 107 27 päkallas.

234 764 73 22 Skulle
330 764 121 22 Ständerna
473 765 118 22 emellertid
614 765 90 21 omfatta
725 764 41 22 den
789 765 22 21 af
828 765 85 29 plurali-

162 802 59 19 teten
244 800 8 21 i
272 800 107 22 utskottet
394 801 85 29 hyllade
495 801 89 29 äsigten,
599 801 67 22 måste
682 802 36 28 jag
733 801 70 21 säsom
819 809 26 14 en
861 801 53 22 brist

162 838 8 20 i
186 836 37 22 det
238 836 148 23 betänkandet
401 838 117 28 ätföljande
535 838 137 28 lagförslaget
689 838 110 21 anmärka:
821 840 32 19 att
869 838 44 21 deri

164 872 49 22 icke
235 872 71 22 finnes
328 873 70 29 någon
399 868 8 38 :
420 874 112 21 föreskrift
553 882 34 13 om
604 876 31 19 att
650 874 55 26 häst,
721 874 27 21 dä
763 874 102 21 kontrakt
880 882 33 13 om

163 908 51 22 dess
237 908 109 23 aflåtande
368 910 34 20 för
417 910 125 28 krigsbehof
558 912 112 26 uppgöres,
687 910 64 21 äfven
767 910 53 21 skall
837 910 77 21 under-

162 944 74 22 kastas
254 953 25 13 en
296 945 67 21 första
379 946 119 28 värdering,
511 946 137 28 hvarigenom
660 946 38 21 det
708 946 75 28 högsta
795 946 40 21 och
846 946 67 28 lägsta

161 982 51 27 pris,
232 988 46 14 som
300 981 34 22 för
349 982 75 21 hästen
441 982 53 21 skall
511 982 103 28 erläggas,
630 982 133 21 bestämmes.
796 982 34 21 En
847 981 64 22 sådan

162 1016 114 30 värdering
292 1025 62 14 anser
369 1018 35 28 jag
420 1018 118 21 emellertid
554 1026 51 14 vara
620 1017 153 29 oundvikligen
785 1017 128 29 nödvändig,

162 1053 18 28 ej
204 1053 76 21 endast
302 1053 74 21 derför
397 1056 32 19 att
451 1054 66 28 enligt
538 1054 44 20 min
604 1054 144 28 öfvertygelse
769 1054 63 28 ingen
855 1053 58 21 häst-

162 1096 62 21 egare
240 1090 8 20 i
264 1089 73 22 landet
353 1090 54 20 skall
423 1090 50 28 ingå
489 1090 27 28 på
535 1090 101 21 kontrakt
652 1097 34 14 om
703 1089 108 22 aflåtande
827 1089 23 21 af
865 1089 48 21 häst

161 1124 35 21 för
216 1124 131 29 krigsbehof,
367 1125 71 22 derest
454 1126 41 21 han
511 1126 48 21 icke
575 1126 81 21 känner
671 1126 38 22 det
725 1126 132 28 ungefärliga
873 1125 40 22 och

160 1161 8 20 i
184 1160 28 21 all
229 1161 117 28 synnerhet
361 1161 38 21 det
413 1162 69 28 lägsta
497 1162 51 28 pris,
564 1169 46 14 som
626 1162 40 21 han
684 1162 84 21 komme
785 1164 31 19 att
832 1161 33 21 för
875 1161 37 21 hä-

161 1199 47 18 sten
230 1196 84 27 erhålla,
331 1200 51 18 utan
399 1198 66 21 måste
481 1198 49 28 nöja
546 1199 32 27 sig
594 1198 49 21 med
658 1198 39 22 det
712 1197 27 29 på
755 1197 92 22 förhand
863 1198 48 21 obe-

161 1232 110 28 räkneliga
286 1234 51 27 pris,
356 1241 44 13 som
419 1233 38 23 vid
471 1234 173 28 mobiliseringen
661 1234 43 21 kan
720 1234 123 21 densamma
859 1234 54 21 efter

162 1268 115 29 värdering
300 1268 86 28 åsättas,
410 1272 51 19 utan
485 1270 65 21 äfven
574 1270 72 21 derför
667 1272 32 19 att
720 1269 143 22 kostnaderna
878 1270 34 21 för

160 1304 48 21 hela
231 1304 173 30 mobiliseringen
429 1306 50 28 eljes
503 1306 48 21 icke
575 1306 41 21 kan
640 1306 27 28 på
691 1306 92 21 förhand
808 1306 103 21 beräknas

161 1340 41 22 och
224 1340 42 22 den
288 1340 64 22 andel
373 1341 68 27 deraf,
460 1350 45 13 som
522 1342 68 21 skulle
606 1342 78 28 belöpa
701 1342 32 28 sig
748 1342 28 28 på
791 1341 42 22 den
848 1342 65 28 ryska

161 1376 113 27 militären,
290 1377 48 21 icke
354 1377 42 21 kan
412 1378 35 21 för
462 1378 26 21 de
505 1378 64 29 ryska
585 1378 176 28 myndigheterna
777 1378 28 28 på
819 1378 92 21 förhand

161 1412 123 29 uppgifvas.

233 1454 209 19 Ekonomiutskottets
457 1455 127 18 betänkande
597 1456 37 17 N:o
648 1456 30 17 15.
