1028 1659
203 130 27 20 60
509 129 40 21 N:o
565 130 33 20 29.

529 200 12 24 $
557 199 19 21 8.

243 238 29 21 Så
286 240 62 20 snart
364 238 139 22 Guvernören
519 238 86 22 erhållit
620 239 120 21 kännedom
757 245 34 15 om
806 238 55 22 huru
873 239 57 21 stort

174 272 59 21 antal
252 272 74 22 hästar
342 272 22 22 af
377 273 72 27 hvarje
464 272 59 22 klass
539 273 66 27 enligt
620 273 147 27 fördelningen
784 273 40 21 bör
838 272 48 22 från
902 272 26 22 de

174 306 57 22 olika
253 307 216 27 uppbådsområdena
491 308 59 26 utgå,
574 308 54 21 skall
651 308 42 21 han
710 308 72 21 derom
799 307 131 21 oförtöfvadt

174 341 128 21 underrätta
318 342 198 26 uppbådsnämden.

529 406 12 26 8
557 407 18 19 9.

243 444 140 22 Guvernören
399 446 6 20 i
420 446 73 26 hvarje
511 445 36 21 län
565 446 77 26 drager
656 445 85 27 försorg
757 445 73 21 derom
845 446 33 20 att
893 444 36 22 vid

175 479 25 21 de
218 479 68 27 årliga
302 480 295 26 markegångssättningarna
613 479 60 22 äfven
690 480 104 20 hästarna
809 479 67 21 varda
890 485 39 15 un-

175 514 129 21 derkastade
325 514 114 27 värdering
462 514 54 21 efter
539 514 26 21 de
589 514 57 21 olika
666 514 90 26 klasser,
775 514 6 20 i
799 513 71 21 hvilka
893 513 35 21 de-

174 554 81 15 samma
274 549 47 21 med
337 548 100 22 afseende
453 549 13 21 å
481 549 131 27 utskrifning
627 548 99 22 indelats.
757 548 42 21 För
815 548 61 21 detta
890 549 38 20 än-

174 582 69 22 damål
270 582 39 22 bör
335 583 139 21 Guvernören
500 589 77 21 genom
601 583 161 21 vederbörande
784 582 144 27 kronofogdar

173 618 75 21 härom
270 618 97 21 infordra
389 618 102 26 yttrande
513 618 24 21 af
553 618 145 22 ordföranden
713 618 7 20 i
735 617 193 27 besigtningsnäm-

174 652 68 21 derna
260 653 33 20 att
307 652 66 27 jemte
388 652 158 28 kronofogdens
562 654 49 26 eget
626 652 114 22 utlåtande
754 652 7 20 i
776 651 154 26 sammanhang

173 686 49 21 med
237 686 27 21 de
279 686 68 27 öfriga
362 686 138 27 uppgifterna
515 686 33 22 för
563 686 268 27 markegångssättningen
842 685 31 21 till
885 684 44 22 Gu-

173 722 105 20 vernören
294 721 108 21 insändas.

520 785 11 27 8
550 786 31 19 10.

242 823 34 21 Då
300 823 109 23 föreskrift
431 831 34 15 om
489 826 131 26 truppernas
643 824 145 26 mobilisering
804 823 124 26 meddelats,

174 858 99 21 utfärdar
290 858 140 22 Guvernören
446 859 87 21 kallelse
548 858 112 28 (formulär
675 858 40 22 N:o
732 858 22 27 3)
769 858 32 21 till
817 857 112 22 ordföran-

174 892 40 21 den
231 892 39 21 och
285 892 244 22 kommunalledamoten
545 893 7 21 i
568 892 234 28 utskrifningsnämden
819 891 108 22 äfvensom

173 926 33 22 till
224 926 171 28 suppleanterna
412 928 33 21 för
461 928 39 20 den
518 927 132 22 sistnämnde
666 929 33 19 att
715 927 13 21 å
742 926 139 22 föreskrifven
897 926 32 20 tid

172 960 83 22 infinna
278 962 32 26 sig
328 962 13 21 å
356 962 214 27 utskrifningsstället
586 964 56 19 samt
657 962 112 21 tillsänder
784 960 143 22 ordföranden

173 995 79 27 nödiga
275 996 67 21 medel
367 996 33 21 för
415 996 26 22 de
456 996 96 27 utgifter,
568 1002 46 16 som
626 996 85 27 jemlikt
726 996 12 27 $
753 996 26 20 45
796 995 23 21 af
831 994 95 22 instruk-

173 1030 74 21 tionen
262 1030 34 21 för
311 1030 25 22 de
352 1031 153 27 myndigheter,
523 1031 12 21 å
550 1030 71 22 hvilka
636 1030 188 26 verkställigheten
838 1028 23 22 af
869 1028 59 22 häst-

172 1064 157 28 utskrifningen
354 1067 95 19 närmast
473 1066 130 25 ankommer,
626 1064 54 21 böra
696 1064 22 21 af
732 1063 143 22 ordföranden
891 1063 36 21 be-

173 1098 88 22 stridas.

242 1133 32 21 På
296 1140 81 14 samma
399 1134 56 26 gång
477 1133 115 21 förordnar
615 1133 139 21 Guvernören
777 1132 152 27 utskrifnings-

173 1167 92 21 nämden
282 1167 31 21 till
329 1167 85 21 biträde
429 1168 108 20 veterinär
552 1167 51 21 eller
619 1174 71 14 annan
706 1166 122 27 sakkunnig
842 1172 86 21 person.

521 1266 10 26 &
551 1266 30 20 11.

242 1305 60 21 Inom
318 1311 25 15 en
360 1306 78 20 månad
454 1306 54 21 efter
523 1306 37 20 det
570 1304 180 27 hästutskrifning
761 1303 106 22 anbefalts
878 1309 50 21 eger

173 1339 140 21 Guvernören
336 1340 30 26 på
388 1340 69 26 grund
473 1339 23 21 af
509 1340 26 20 de
550 1345 77 21 genom
642 1338 161 22 vederbörande
818 1338 109 27 uppbåds-

172 1373 90 21 nämder
285 1373 140 22 Guvernören
442 1374 92 27 delgifna
549 1373 110 27 uppgifter
673 1373 33 21 till
721 1372 94 22 Senaten
830 1372 40 22 och
885 1371 41 22 Ge-

172 1407 195 28 neralguvernören
391 1408 108 22 inberätta
522 1415 34 15 om
579 1408 168 27 utskrifningens
769 1407 85 27 förlopp
870 1408 57 20 inom

172 1441 64 21 länet.
