1025 1656
228 148 27 20 36
424 149 22 22 U.
464 149 21 22 B.
503 162 27 2 —
549 149 62 28 Prop.
628 149 38 23 N:o
682 149 38 22 29.

268 212 13 21 I
296 212 42 22 den
354 213 91 30 ordning
460 214 100 21 hästarne
576 215 92 22 anlända
684 214 61 22 skola
757 214 108 22 desamma
878 214 69 29 besig-

196 248 62 28 tigas,
274 248 101 22 värderas
396 249 41 22 och
457 249 144 22 öfverlämnas
622 251 33 21 till
671 253 128 26 truppernas
815 250 132 22 utskickade.

541 322 12 27 8
571 323 34 20 27.

268 361 120 29 Angående
404 362 42 22 den
461 365 97 20 närmare
575 363 117 30 tillgången
703 363 38 23 vid
751 363 122 30 besigtning
883 364 66 29 gäller

196 396 58 22 hvad
270 397 73 22 derom
359 398 104 23 särskildt
478 399 78 22 varder
572 399 106 29 stadgadt.

541 471 12 27 8
570 471 34 21 28.

267 511 43 21 Till
334 511 72 22 stället
429 511 34 22 för
486 512 111 22 hästarnes
620 512 108 22 aflåtande
751 512 60 21 skola
833 512 114 26 desamma,

198 545 83 23 skodda
297 550 56 19 samt
368 547 101 22 försedda
484 548 50 21 med
550 549 102 28 grimmor
667 548 42 22 och
724 548 119 28 grimskaft,
855 548 92 22 frambe-

196 581 84 23 fordras
296 583 69 21 under
379 583 74 30 tillsyn
468 584 23 21 af
506 583 162 23 vederbörande
683 584 111 29 polisman.

539 663 13 27 8
568 664 34 20 29.

266 702 46 22 Der
332 702 112 30 hästegare
463 704 49 21 icke
533 704 59 21 inom
610 704 110 29 tjugufyra
735 704 85 21 timmar
835 703 55 22 efter
905 704 42 21 den

194 736 39 28 tid,
253 737 28 22 då
301 738 49 22 häst
369 739 84 28 jemlikt
473 740 12 27 $
506 741 28 20 23
557 739 39 23 bör
618 740 102 24 inställas,
736 739 88 27 försatts
839 740 8 20 i
862 739 85 22 tillfälle

194 775 32 19 att
246 773 67 22 aflåta
333 774 130 28 densamma,
483 776 130 21 tillkommer
632 776 79 21 honom
731 775 35 21 för
785 775 86 22 hästens
890 775 57 21 utfo-

194 808 64 29 dring
278 809 68 23 under
363 810 74 29 hvarje
458 811 178 29 öfverskjutande
656 811 58 29 dygn
735 811 51 21 eller
801 811 35 21 del
851 811 24 21 af
889 810 57 30 dygn

194 846 118 28 ersättning
332 846 67 29 enligt
419 850 56 23 taxa,
495 854 46 14 som
558 847 23 21 af
602 848 92 21 Senaten
714 846 124 22 fastställes.

539 925 12 27 s
568 925 34 21 30.

265 964 123 30 Värdering
409 966 22 20 af
449 966 103 28 godkänd
567 966 49 21 häst
631 966 127 22 verkställes
773 973 77 21 genom
866 966 79 28 besigt-

193 999 167 29 ningsnämdens
377 1000 129 23 ordförande
522 1001 41 22 och
579 1002 122 21 ledamöter.

264 1035 167 29 Förrättningen
452 1037 49 21 sker
522 1037 90 21 sålunda
632 1040 32 18 att
684 1037 74 29 hvarje
778 1037 49 21 häst
841 1036 105 22 införes
935 1031 15 40 i

193 1070 93 23 särskild
301 1072 71 28 längd,
387 1073 8 20 i
410 1072 88 22 hvilken
514 1073 217 29 värderingsmännen
747 1073 54 21 hvar
815 1072 35 22 för
865 1073 33 28 sig
907 1080 38 14 an-

192 1106 80 22 teckna
287 1106 76 22 värdet
379 1108 67 28 enligt
461 1108 12 21 å
489 1111 60 19 orten
565 1108 105 29 gångbart
685 1109 50 28 pris.
760 1108 13 21 I
789 1108 94 29 enlighet
895 1108 49 22 med

192 1140 38 22 det
244 1142 69 22 funna
328 1143 147 23 medelvärdet
491 1144 62 29 utgår
568 1145 119 28 ersättning
702 1144 33 21 till
749 1144 87 22 hästens
852 1151 67 21 egare.

264 1173 34 26 Är
308 1178 81 22 aflåten
401 1179 49 22 häst
460 1180 18 28 ej
491 1180 133 27 skoddfeller
639 1180 49 22 icke
698 1180 87 21 försedd
797 1180 48 21 med
855 1180 90 29 grimma

194 1213 41 21 och
247 1214 120 27 grimskaft,
379 1223 51 14 vare
441 1223 77 20 egaren
530 1216 77 29 pligtig
619 1219 32 18 att
663 1215 120 23 vidkännas
793 1215 150 23 motsvarande

192 1248 77 29 afdrag
288 1249 48 22 från
358 1250 38 22 det
411 1251 78 22 honom
505 1251 162 22 tillkommande
684 1251 208 29 ersättningsbelopp
907 1259 37 14 en-

191 1283 41 28 ligt
247 1285 24 21 af
286 1285 94 23 Senaten
396 1287 73 22 därför
484 1287 102 22 faststäld
601 1291 55 18 taxa.

534 1366 12 27 s
564 1366 33 20 31.

263 1404 142 23 Omedelbart
421 1406 54 22 efter
490 1406 38 22 det
541 1400 53 27 häst
604 1406 74 22 blifvit
689 1405 104 23 värderad
804 1405 76 22 aflåtes
891 1405 52 22 den-

192 1446 80 15 samma
288 1441 32 20 till
337 1441 161 22 vederbörande
514 1442 165 29 militärperson,
696 1441 92 23 hvarvid
801 1441 142 29 besigtnings-

262 1481 209 21 Ekonomiutskottets
485 1483 127 19 betänkande
625 1483 37 18 N:o
676 1483 30 18 15.
