1028 1659
803 126 20 20 3-

89 190 65 19 hällan
166 189 89 24 gifvetvis
267 189 128 23 innefattade,
408 192 29 16 att
452 189 59 20 sedan
524 190 83 23 tidigare
619 189 90 19 beslutna
719 190 127 23 jernvägsan-

89 218 114 24 läggoingar
217 218 43 19 nått
275 218 29 19 sin
320 218 112 19 fullbordan
447 218 37 20 och
502 218 63 19 medel
580 218 30 19 till
622 224 38 18 nya
677 217 170 25 jernvägsföretag

89 247 64 19 blifvit
168 247 126 23 tillgängliga,
309 247 149 23 ifrågavarande
473 247 50 19 bana
538 252 45 14 vore
596 247 38 19 den
646 246 62 20 första
720 246 7 19 i
740 246 106 24 ordningen

89 276 59 19 bland
170 276 61 19 banor
251 275 65 19 hvilka
339 276 61 19 borde
422 275 79 24 byggas,
517 276 22 19 så
554 276 61 18 drista
634 276 30 23 sig
679 275 166 23 undertecknade,

89 304 126 24 öfvertygade
238 310 30 13 om
291 304 72 20 banans
384 307 53 16 stora
453 304 99 24 betydelse
567 304 44 20 icke
626 304 83 20 allenast
724 304 30 19 för
769 304 77 23 Kajana

67 342 2 2 +
89 333 62 19 härad
169 333 37 19 och
221 334 38 18 den
274 333 32 19 del
321 332 21 20 af
356 332 51 20 Uleå
421 333 67 25 härad,
504 339 41 13 som
560 333 62 19 banan
638 333 77 19 komme
726 336 29 16 att
766 334 79 18 nämare

89 362 77 25 beröra,
189 366 46 15 utan
250 362 87 19 indirekt
352 361 32 20 för
399 362 44 18 hela
458 362 73 25 landet,
547 364 29 17 att
590 362 48 24 hysa
657 362 37 19 den
715 361 130 25 förhoppning

89 393 30 17 att
130 390 105 20 ständerna
249 390 121 20 fortfarande
386 390 76 20 skänka
476 393 29 17 ett
520 390 82 24 kraftigt
616 390 108 20 understöd
736 390 30 19 till
778 390 65 19 åstad-

89 420 124 18 kommandet
228 418 21 20 af
264 420 63 18 denna
343 419 55 20 bana.

157 453 10 19 I
183 454 54 18 detta
251 453 136 24 sammanhang
402 454 65 19 kunna
482 454 18 18 vi
516 454 51 19 dock
581 453 45 20 icke
640 453 104 19 underlåta
760 455 29 17 att
804 454 41 18 sär-

89 482 61 20 skildt
165 482 106 23 framhålla,
287 485 36 21 att,
340 488 31 14 om
387 482 37 20 ock
440 488 22 14 en
477 483 81 23 jernväg
574 482 42 19 från
632 482 99 24 Uleåborg
743 482 30 18 till
784 481 61 20 Vaala

89 512 60 18 redan
167 512 7 18 i
189 511 37 19 och
241 510 30 20 för
287 512 28 22 sig
330 511 94 19 komme
415 506 13 33 i
440 512 37 23 bög
489 512 47 23 grad
552 514 29 16 att
597 511 80 23 bidraga
692 511 30 19 till
736 510 108 20 kommuni-

88 540 125 19 kationernas
229 539 134 20 förbättrande
379 540 6 18 i
398 539 124 20 omförmäldt
534 539 98 24 afseende,
644 539 64 20 banan
720 539 52 19 dock
784 538 61 20 borde

89 569 100 19 betraktas
211 574 41 14 som
275 569 68 19 endast
366 574 24 13 en
403 569 31 19 del
449 568 21 20 af
484 569 38 19 den
537 568 106 25 stambana,
658 574 41 14 som
715 568 35 19 har
766 568 28 19 till
810 570 33 17 än-

67 608 4 3 +
89 598 63 19 damål
171 600 30 17 att
219 597 90 19 förbinda
328 597 90 23 nordliga
432 593 126 23 Österbotten
574 598 43 18 med
633 598 24 18 de
672 598 43 18 inre
730 596 80 20 delarna
825 595 22 20 af

88 626 67 20 landet
170 626 35 19 och
222 626 79 19 hvilken
316 626 62 19 borde
393 626 103 19 fortsättas
510 626 93 24 antingen
617 626 26 24 pä
655 632 59 13 norra
726 626 48 18 eller
786 624 59 20 södra

88 656 55 18 sidan
162 654 21 20 af
196 654 105 20 Uleäträsk
316 654 55 20 öfver
386 654 73 20 Iisalmi
475 655 29 19 till
519 655 78 24 Kuopio
612 655 48 19 eller
675 654 25 25 pä
715 660 59 14 norra
788 654 56 19 sidan

88 683 21 20 af
123 684 69 19 nämda
207 684 30 23 sjö
253 683 54 19 öfver
322 683 83 19 Nurmes
420 684 30 18 till
465 684 97 19 Karelska
576 684 68 19 banan.

156 717 28 19 Af
197 718 57 19 dessa
269 718 106 19 sistnämda
390 718 174 24 bansträckningar
576 720 21 17 är
612 718 70 19 endast
694 718 60 23 linjen
766 716 78 24 Kuopio

88 758 18 3 —
117 746 77 24 Kajana
207 746 122 20 ekonomiskt
344 746 116 24 undersökt,
476 752 42 14 men
534 747 87 19 deremot
636 746 84 20 återstår
732 749 29 16 att
773 745 70 19 under-

89 775 48 19 söka
159 776 26 22 pä
206 775 127 19 hvilkendera
353 775 55 19 sidan
423 781 30 13 om
469 775 105 20 Uleäträsk
589 775 61 19 Vaala
665 775 73 19 banans
754 774 89 19 fortsätt-

89 804 46 23 ning
150 804 103 24 lämpligen
269 804 59 19 borde
344 804 70 23 dragas
430 804 36 20 och
481 804 95 20 huruvida
591 804 63 19 denna
668 804 52 19 bana
732 803 60 19 borde
804 802 39 20 för-

89 833 69 19 bindas
181 834 42 18 med
247 833 159 19 Savolaksbanan
428 833 49 20 eller
494 833 97 20 Karelska
609 833 69 19 banan.
708 833 42 19 Den
773 831 20 20 af
808 834 39 21 sty-

89 862 64 19 relsen
172 862 30 19 för
217 862 114 19 ekonomisk
347 862 147 24 undersökning
508 862 22 20 af
544 862 120 24 lämpligaste
678 860 168 26 jernvägssträek-

89 890 70 24 ningen
175 890 43 20 frän
233 890 158 20 Savolaksbanan
406 896 68 18 genom
490 890 74 20 Iisalmi
576 891 29 19 till
614 891 76 24 Kajana
698 889 149 21 tillförordnade

89 919 86 19 komitéa
196 920 35 18 har
250 920 112 22 visserligen
385 920 7 18 i
409 920 34 18 sitt
463 920 124 19 betänkande
607 920 77 24 uttalat,
705 919 57 19 bland
778 920 69 18 annat:

91 951 44 19 sätt
149 948 38 19 den
202 948 50 19 enda
265 948 147 24 jernvägslinje,
429 954 41 14 som
486 948 45 20 fullt
546 949 53 19 och
590 942 12 35 i
614 948 39 20 alla
664 948 105 19 afseenden
781 946 66 20 kunde

90 976 79 24 betjena
185 977 54 20 detta
255 976 93 26 (Kajana)
364 977 61 19 härad
440 988 28 4 —
477 988 27 4 —
513 988 26 3 —
555 983 46 13 vore
613 983 25 13 en
650 977 50 19 bana
712 976 44 20 frän
768 975 79 25 Kuopio

90 1006 32 18 via
144 1006 72 19 Iisalmi
236 1006 30 18 till
289 1006 76 24 Kajana
386 1005 65 20 stad'.
481 1006 46 19 Men
546 1006 54 19 detta
620 1006 92 24 yttrande
730 1005 57 19 torde
802 1004 45 20 icke

90 1034 65 19 kunna
170 1034 89 24 tilläggas
274 1034 63 24 någon
353 1034 106 24 afgörande
472 1034 105 27 betyeelse,
590 1038 27 20 ty,
628 1034 78 20 oafsedt
718 1036 29 17 att
759 1032 88 20 komiten

90 1064 7 18 i
113 1063 42 19 sina
168 1063 89 19 uttalade
272 1063 73 23 äsigter
359 1064 100 22 angäende
472 1064 61 18 andra
546 1064 174 22 bansträckningar
732 1065 24 17 än
768 1062 79 24 Kuopio

86 1087 18 35 —
90 1092 112 24 Kajana,
221 1091 126 20 öfverskridit
367 1092 29 19 sin
415 1092 152 25 befogenhet”),
583 1092 35 20 bör
633 1092 67 19 vidare
716 1091 88 23 beaktas,
818 1093 30 16 att

90 1120 87 19 komiten
198 1120 45 20 icke
266 1126 34 14 ens
322 1120 50 20 varit
395 1123 125 17 sammansatt
541 1121 43 19 med
607 1121 37 19 den
664 1120 140 22 förutsättning
819 1121 30 17 att

90 1148 77 25 Kajana
181 1149 71 19 härads
265 1149 148 24 jernvägsfräga
428 1150 6 18 i
450 1149 44 19 hela
505 1150 45 19 dess
562 1150 45 18 vidd
620 1150 76 18 komme
708 1149 62 19 under
785 1148 62 20 komi-

90 1177 43 19 téns
143 1178 124 25 granskning,
283 1178 78 19 hvartill
374 1178 38 19 kan
427 1178 90 24 tilläggas
530 1181 29 17 att
567 1178 85 19 komit6n
664 1178 72 19 uttalat
748 1178 29 18 sin
788 1176 60 20 tanke

90 1206 7 19 i
114 1206 110 20 omförmält
243 1206 110 20 hänseende
372 1210 46 16 utan
438 1210 30 16 att
483 1206 58 20 hafva
556 1207 29 19 till
600 1207 44 19 stöd
659 1206 32 20 för
706 1207 35 19 sitt
756 1205 91 25 yttrande

90 1234 104 20 förskaffat
213 1235 30 23 sig
262 1241 24 13 en
306 1235 21 19 sä
347 1235 107 23 mängsidig
471 1236 108 19 kännedom
595 1235 99 24 angäende
710 1233 137 21 lokaltrafiken

90 1263 38 19 och
143 1263 63 24 öfriga
217 1263 203 26 tra&ikförhällanden,
435 1270 41 13 som
492 1264 31 20 för
538 1270 24 14 en
577 1264 54 24 dylik
644 1264 113 24 jemförelse
769 1263 38 19 och
817 1262 31 20 för

91 1294 29 17 ett
135 1292 21 19 sä
171 1292 161 20 vidtomfattande
348 1293 100 19 uttalande
463 1293 51 19 hade
529 1293 50 19 varit
594 1292 21 20 af
629 1293 71 19 nöden.

159 1326 68 20 Under
249 1326 69 20 sädant
339 1326 123 20 förhällande
484 1332 47 14 anse
551 1327 18 19 vi
588 1327 34 19 det
642 1332 46 14 vara
707 1326 21 20 af
743 1329 42 17 stor
800 1326 47 24 vigt,

91 1357 29 17 att
132 1360 23 14 en
166 1355 114 19 ekonomisk
292 1355 145 24 undersökning
450 1358 76 17 snarast
539 1355 125 20 föranstaltas
679 1355 100 24 angäende
787 1354 62 24 lämp-

90 1383 71 23 ligaste
183 1384 137 24 sträckningen
339 1384 22 19 af
382 1384 62 20 Vaala
462 1384 64 20 banan
540 1384 30 20 till
585 1384 76 20 landets
681 1384 43 19 inre
739 1384 55 19 delar
808 1382 39 21 och

159 1445 18 24 *)
190 1445 25 19 Se
227 1445 100 19 komitens
340 1445 129 19 betänkande
482 1445 32 19 sid
525 1446 17 18 3.
