1039 1656
316 140 28 23 U.
360 141 28 22 B.
403 153 28 3 —
446 140 75 28 Prop.
537 140 43 23 N:o
595 140 39 22 27.
842 140 13 20 9

592 220 94 18 Inkomst
711 220 12 18 på
735 220 67 24 grund
814 220 23 18 af

431 239 132 32 Medeltrans-
641 243 147 19 tonkilometer.

464 274 55 22 Pto
570 279 66 19 ket
658 270 55 44 1886]
724 285 66 16 Enligt
802 283 44 17 1897

212 293 106 37 Varuslag.
462 301 67 23 längd.
559 285 15 45 |
575 295 71 23 Enligt
659 294 44 19 1886|
731 289 36 35 vs
768 289 72 40 gle

591 323 32 19 års
636 326 54 16 taxa.
746 331 72 16 mente.

436 372 115 32 Kilometer.
611 372 56 31 Fmk.
755 375 56 18 Fmk.

104 450 2 34 |
126 455 61 24 Tögela
206 469 202 6 som
373 446 40 42 Aa
490 458 22 17 43
606 448 77 37 191,300
749 456 75 20 163.000

126 484 60 24 TyJÄTE:
207 479 32 34 «oa
255 479 41 34 164
309 479 29 34 160
348 499 4 4 a
377 499 3 4 6
479 480 34 34 100
616 480 67 34 57,800
761 485 63 23 34,800

104 510 1 17 |
126 513 162 24 Pappersmassa,
301 516 31 16 trä
348 528 4 3 .
377 528 3 4 .
406 528 3 4 .
480 515 31 18 187
605 508 73 34 211,300
686 515 9 10 *
748 514 74 23 140,900

104 564 2 4 |
126 542 105 18 Trävirke:
244 543 72 18 bräder
348 557 4 4 .
377 557 3 4 .
406 557 3 4 .
490 544 23 17 93
605 540 79 33 387,900
749 543 75 20 372,500

105 582 1 14 |
172 585 10 8 ”
240 571 86 24 plankor
349 585 4 4 .
377 586 5 4 .
406 569 20 24 .;
491 573 22 17 93
606 568 80 31 351,500
750 571 74 23 337,500

105 600 1 14 |
171 613 10 10 5
240 601 57 18 stock
304 601 16 18 &
330 601 80 18 timmer
424 599 2 6 |
492 602 22 17 54
613 595 69 33 65,800
761 600 63 22 63,500

105 638 1 10 I
126 628 118 19 Trädrullar
266 643 2 4 .
292 643 4 4 .
320 643 4 4 «
354 643 27 4 ov
425 652 1 3 |
481 630 33 17 292
618 626 63 30 30,700
761 629 63 22 29,600

105 657 73 18 Laval
206 671 203 6 Joke.
481 659 34 17 319
614 653 71 34 68,400
762 658 62 22 67,600

125 685 109 22 Väfnader,
248 687 78 18 diverse
350 700 4 4 .
379 700 3 4 .
407 701 3 3 .
481 687 34 18 313
569 701 1 8 j
608 687 73 22 127,100
713 704 1 5 |
751 686 73 23 115,600

328 709 82 41 Summa
489 733 18 2 =
590 722 91 23 5,234,800
713 721 1 23 |
733 721 92 23 4,737,200

172 767 9 10 +
199 767 11 18 I
228 767 36 18 fall
281 767 49 24 gods
351 768 90 18 hörande
454 768 31 18 till
497 769 10 16 5
521 768 37 18 och
570 768 11 17 6
593 768 54 17 klass
661 767 105 19 befordras
780 766 11 19 ä
803 766 57 18 täckt

103 801 59 18 vagn,
176 795 90 24 erlägges
278 796 56 18 frakt
346 795 11 19 å
369 797 42 18 4:de
424 797 61 17 klass.

174 855 138 24 Skilnaden
330 857 91 22 mellan
444 857 134 29 afgifterna
594 857 8 22 i
612 856 160 23 förestående
789 855 68 23 tablå

104 891 74 28 utgör
198 890 113 27 497,600
330 892 78 26 mark,
429 891 60 22 eller
507 891 68 22 cirka
597 889 56 33 10'|
671 892 110 27 procent.
820 890 38 22 Då

104 925 142 22 inkomsten
270 925 39 22 för
336 926 56 22 hela
420 926 175 29 godstrafiken
622 926 39 22 för
681 926 27 21 är
729 925 75 26 1895,
824 925 36 21 in-

105 959 93 22 elusive
225 960 195 29 mjölkbiljetter,
446 961 112 28 paketer,
586 960 118 22 lefvande
729 960 59 28 djur
813 959 46 22 och

105 994 84 22 äkdon
213 995 75 28 utgör
308 995 8 21 i
337 995 77 22 rundt
436 995 35 22 tal
495 994 142 27 9,212,500
661 995 79 25 mark,
768 993 92 22 hvaraf

105 1028 169 29 fraktafgifter
292 1029 36 22 till
347 1031 35 20 ett
400 1029 92 28 belopp
512 1029 25 22 af
555 1029 142 26 5,234,800
717 1028 72 23 mark
802 1028 58 22 alla-

105 1063 79 22 redan
206 1063 60 29 ingä
288 1063 8 22 i
318 1063 80 30 sagda
420 1064 77 26 tablä,
520 1063 27 22 sä
573 1063 108 22 äterstär
703 1063 35 22 till
759 1063 101 22 fortsatt

104 1097 143 29 jämförelse
266 1098 90 22 mellan
377 1098 67 23 1886
464 1098 45 22 och
530 1098 67 22 1897
618 1098 41 22 ärs
678 1100 59 20 taxa
757 1097 45 22 och
820 1103 39 16 re-

105 1131 123 29 glemente
247 1132 141 27 3,877,700
409 1133 80 22 mark.
527 1132 201 29 Nedsättningen
747 1132 39 21 för
806 1131 54 22 sist-

105 1167 110 22 nämnda
237 1173 95 16 summa
351 1167 51 22 kan
420 1167 54 22 icke
494 1167 81 29 gärna
598 1168 72 27 tagas
690 1167 27 22 sä
736 1167 52 28 hög
808 1172 53 15 som

105 1200 39 22 för
162 1201 31 22 de
212 1201 120 29 varuslag
351 1207 53 16 som
423 1201 60 29 ingä
502 1201 7 22 i
529 1201 94 26 tablän,
643 1202 62 21 enär
725 1200 135 23 skilnaden

105 1235 8 21 i
137 1235 83 22 denna
239 1235 143 29 jämförelse
404 1236 92 21 mellan
518 1235 31 22 de
571 1236 7 21 i
602 1235 178 29 verkligheten
799 1241 62 22 upp-

106 1269 145 23 debiterade
276 1270 203 29 fraktafgifterna
501 1270 46 22 och
566 1270 196 28 fraktbeloppen
782 1269 79 28 enligt

108 1303 66 23 1897
195 1304 40 22 ärs
254 1305 152 28 reglemente
424 1305 54 21 icke
497 1304 48 22 blir
565 1304 27 22 sä
612 1305 51 21 stor
677 1311 53 15 som
745 1304 48 22 den
804 1303 58 22 frän

107 1338 85 22 tablän
217 1339 131 28 utgängna
370 1339 141 22 skilnaden.
547 1339 168 22 Procenttalet
741 1338 14 22 ä
778 1337 84 22 denna

106 1372 143 29 jämförelse
268 1373 79 22 borde
366 1373 98 22 säledes
476 1373 55 22 icke
545 1374 72 27 tagas
634 1373 36 22 till
679 1379 53 16 mer
744 1373 32 21 än
787 1372 76 28 högst

107 1407 14 22 5
141 1404 31 34 %,
192 1407 104 22 hvadan
314 1407 49 22 den
381 1407 53 22 risk
453 1407 160 22 beträffande
631 1407 172 22 inkomsterna
824 1406 39 21 för

107 1441 182 28 godstrafiken,
318 1448 53 15 som
398 1441 144 22 införandet
569 1441 26 22 af
624 1441 66 22 1897
721 1441 41 22 års
784 1440 79 29 regle-
