1039 1659
185 148 28 21 30
372 148 84 22 Ständ.
473 148 38 22 Sv.
528 161 28 3 —
572 148 74 28 Prop.
663 148 44 22 N:o
723 148 38 22 23.

184 216 72 21 rande
279 217 43 21 hos
345 218 141 25 guvernören
508 216 146 27 erforderliga
670 216 111 27 åtgärder,
798 223 52 14 vare
866 216 77 22 tillträ-

184 250 71 22 daren
272 251 80 27 pliktig
367 252 88 20 ersätta.
488 251 132 21 Kostnaden
637 251 34 21 för
687 251 130 21 nämndens
829 258 114 14 samman-

185 285 70 26 träde,
272 291 50 15 som
338 285 89 21 instälts
443 285 7 20 i
466 285 56 27 följd
539 285 24 20 af
577 285 168 21 ordförandens
761 285 55 20 eller
831 285 111 21 ledamots

184 321 102 24 utevaro,
309 319 68 21 varde
400 319 60 21 dock
482 319 142 21 tillträdaren
647 319 121 27 godtgjord
791 319 25 21 af
836 319 44 21 den
900 319 42 21 för-

185 353 103 27 sumlige.

254 387 45 21 Om
315 388 128 21 kostnaden
460 388 70 21 utlåte
548 387 33 27 sig
597 389 142 25 guvernören
755 387 7 21 i
773 387 169 27 sammanhang

184 421 53 21 med
253 422 168 21 hufvudsaken.
445 419 30 24 Är
490 422 77 27 någon
580 421 115 28 missnöjd
706 421 53 21 med
770 421 38 22 det
818 421 123 27 utlåtande,

183 456 58 26 gälle
257 456 62 20 hvad
334 456 7 20 i
357 457 27 20 42
406 457 7 26 $
435 457 4 20 1
457 463 70 14 mom.
544 457 57 26 sägs.

252 490 125 26 Afträdare,
393 497 50 14 som
460 491 29 27 på
501 491 75 26 grund
587 491 26 20 af
621 490 136 27 stadgandet
768 490 6 21 i
786 491 26 20 37
824 491 13 26 8
848 491 12 20 2
871 497 69 14 mom.

183 523 39 21 vid
237 523 100 22 domstol
354 524 34 21 för
402 525 62 20 talan
480 531 38 14 om
535 525 77 20 vidare
629 525 134 26 ersättning,
779 525 45 26 må,
838 525 61 20 ändå
909 527 32 18 att

183 558 73 21 sådan
275 558 50 21 icke
340 558 115 21 tilldömes
471 559 94 26 honom,
582 559 55 20 efter
652 559 108 27 pröfning
776 559 80 20 kunna
870 559 71 26 tilläg-

183 597 40 22 gas
239 592 140 27 godtgörelse
395 593 35 20 för
445 593 128 21 kostnaden
589 593 39 21 vid
644 593 154 20 underrätten.

529 668 27 19 47
573 668 18 25 8.

253 712 150 21 Innehafvare
419 713 25 20 af
457 713 163 27 nyttjanderätt
635 714 54 20 eller
705 719 78 14 annan
794 713 94 21 därmed
900 713 40 20 lik-

183 746 58 21 stäld
266 747 111 26 rättighet,
393 747 93 20 hvilken
503 747 49 21 icke
568 747 39 21 vid
623 747 130 21 nämndens
769 747 171 21 sammanträde

182 780 99 21 bevakat
304 781 34 20 sin
362 783 43 19 rätt
428 782 43 21 och
491 781 50 21 icke
563 782 71 21 heller
656 781 75 21 blifvit
751 782 25 20 af
790 781 150 28 ortsmyndig-

181 815 95 20 heterna
292 815 53 21 eller
358 815 134 27 jordegaren
506 816 125 27 uppgifven
643 816 78 21 såsom
732 817 128 26 rättsegare,
871 816 67 21 hafve

181 849 129 21 sedermera
333 849 49 21 icke
406 850 75 27 någon
497 851 62 20 talan
576 853 61 18 emot
652 850 149 27 tillträdaren,
818 857 52 14 men
885 857 53 14 vare

180 883 127 26 berättigad
325 886 32 18 att
373 884 34 21 för
423 884 78 27 skada,
518 891 50 14 som
584 885 166 20 innehafvaren
766 890 83 21 genom
864 884 74 27 rättig-

181 917 80 21 hetens
285 917 138 27 frångående
445 918 64 27 lider,
533 919 56 20 söka
612 919 126 26 ersättning
761 919 25 20 af
796 918 141 27 jordegaren,

180 951 67 26 dock,
263 951 42 21 där
320 952 74 21 denne
411 952 56 21 varit
482 953 7 20 i
505 953 44 26 god
564 955 42 23 tro,
622 953 81 20 endast
719 953 75 20 såvidt
809 953 46 20 han
866 952 72 21 erhål-

180 985 26 21 lit
220 985 63 21 vinst
297 991 82 21 genom
396 989 32 18 att
443 987 134 26 rättigheten
593 987 18 27 ej
624 987 117 20 bevakats.
767 987 66 20 Hvad
844 987 7 20 i
862 987 75 20 denna

180 1020 109 26 paragraf
301 1021 26 19 är
343 1020 64 27 sagdt
422 1021 57 26 gälle
495 1021 18 26 ej
531 1021 51 26 den,
599 1027 50 15 som
666 1021 53 20 med
736 1021 95 26 stadgad
849 1021 89 20 åborätt

180 1053 94 21 besitter
289 1054 186 27 kronolägenhet.

513 1169 16 22 4
545 1163 59 28 kap.

211 1225 37 23 Om
265 1226 156 28 ersättningens
435 1227 104 34 gäldande
554 1227 39 22 och
609 1227 144 28 fastighetens
768 1227 140 22 tillträdande.

525 1302 28 20 48
569 1303 18 25 8.

248 1346 67 21 Inom
337 1349 33 18 tre
389 1347 110 21 månader
515 1347 54 21 efter
584 1347 38 21 det
637 1349 155 25 guvernörens
809 1348 73 26 utslag
898 1354 38 14 om

178 1380 154 26 ersättningen
353 1380 82 27 gifvits,
452 1381 58 21 skall
525 1381 149 27 tillträdaren,
690 1381 39 21 vid
745 1381 191 27 expropriations-

177 1414 86 20 rättens
286 1414 86 25 förlust,
389 1415 89 27 erlägga
493 1416 54 20 eller
563 1415 6 20 i
586 1415 149 21 landtränteri
751 1416 55 20 eller
821 1422 77 14 annan
914 1415 25 21 af

177 1449 143 25 guvernören
336 1448 109 26 godkänd
461 1450 200 26 penningeanstalt
676 1449 105 21 nedsätta
797 1449 38 21 det
850 1450 86 20 enhvar
