1025 1656
420 110 40 22 N:o
476 111 34 21 30.
806 110 12 20 3

86 179 67 22 fattar
176 179 115 28 uppgifter,
314 180 7 20 i
344 179 65 27 afsigt
432 180 33 20 att
488 179 93 27 delgifva
600 179 80 27 kopian
697 179 51 21 eller
762 178 85 28 uppgif-

86 215 63 20 terna
166 214 140 27 främmande,
322 214 6 21 i
345 214 48 27 krig
412 214 48 21 med
477 214 108 27 Ryssland
604 214 47 21 icke
665 214 96 21 varande
776 214 71 21 makts

86 248 99 28 regering
203 248 51 22 eller
270 250 71 26 agent,
358 248 39 22 och
412 248 188 28 planteckningen,
617 248 116 28 ritningen,
749 248 98 22 handlin-

86 288 40 22 gen
150 282 52 22 eller
224 282 139 28 uppgifterna
384 282 68 22 borde
476 283 41 21 den
535 282 97 28 skyldige
647 282 124 28 veterligen,
787 282 8 21 i
810 288 37 15 an-

86 317 79 21 seende
189 317 32 21 till
242 317 73 27 Ryska
337 317 76 21 Rikets
436 318 58 26 yttre
517 316 108 27 säkerhet,
648 316 148 28 hemlighållas
814 316 34 21 för

86 351 133 22 främmande
235 353 52 20 stat.

156 386 83 22 Försök
255 388 24 20 är
294 386 121 22 straffbart.

157 421 11 27 8
185 422 18 20 3.
234 420 66 27 Hvar,
320 426 52 21 som,
388 422 54 20 utan
458 420 117 27 styrelsens
592 420 104 26 tillstånd,
712 426 77 21 genom
804 418 43 22 för-

88 455 100 27 döljande
206 455 22 21 af
241 456 39 21 sitt
295 455 71 26 stånd,
382 455 39 21 sitt
437 462 64 15 namn
518 455 51 21 eller
585 455 33 21 sin
634 454 144 27 nationalitet,
796 454 50 21 eller

88 496 76 20 genom
187 491 67 20 annat
276 490 57 26 svek,
356 488 114 23 förskaffar
486 490 33 27 sig
534 490 97 21 tillträde
646 489 33 22 till
694 490 67 26 något
775 488 73 28 Ryska

87 524 75 22 Rikets
173 524 160 28 fästningsverk
341 524 51 22 eller
402 524 143 27 örlogshamn,
554 524 141 22 förskansadt
702 524 66 27 läger,
779 523 68 27 krigs-

88 558 77 28 fartyg,
185 559 51 21 eller
256 565 71 15 annan
347 558 148 28 krigsanstalt,
517 558 75 22 afsedd
608 558 33 22 för
656 558 85 22 landets
757 557 89 27 försvar,

88 593 85 22 straffes
195 594 48 21 med
265 594 91 21 tukthus
371 594 7 20 i
393 593 65 28 högst
476 594 37 21 två
529 594 24 20 år
569 593 50 22 eller
634 593 96 27 fängelse
746 592 17 28 ej
780 592 68 22 under

88 634 36 15 sex
140 628 102 21 månader
257 629 56 20 samt
328 627 78 22 förlust
422 627 23 21 af
459 628 166 27 medborgerligt
640 626 131 22 förtroende.

156 662 84 22 Försök
255 664 24 20 är
295 662 122 22 straffbart.

158 697 11 27 8
189 698 20 20 4.
239 696 46 22 Har
304 697 129 27 tjensteman
449 703 77 21 genom
541 696 142 27 vårdslöshet,
700 695 148 23 försummelse

89 731 51 21 eller
156 731 137 22 oaktsamhet
308 731 72 27 vållat,
397 732 34 20 att
446 731 161 27 planteckning,
622 731 83 27 ritning
720 730 51 22 eller
781 729 67 22 hand-

88 766 50 27 ling,
162 766 84 21 hvilken
269 766 79 21 honom
370 765 116 27 veterligen
509 766 57 26 bort,
582 766 7 21 i
605 765 109 22 anseende
729 764 33 22 till
776 764 72 28 Ryska

88 800 75 22 Rikets
179 802 58 26 yttre
252 800 107 27 säkerhet,
375 800 148 27 hemlighållas
538 800 34 21 för
587 799 133 22 främmande
735 800 51 26 stat,
801 798 47 22 blif-

88 835 32 21 vit
138 835 159 26 undansnillad,
316 834 102 22 förstörts
435 834 51 22 eller
500 834 131 27 förkommit,
648 834 51 22 eller
714 834 40 21 har
768 833 43 21 han
828 832 23 22 af

90 869 137 22 oaktsamhet
245 870 68 26 yppat
331 869 42 21 slik
392 868 180 28 statshemlighet,
589 868 85 22 straffes
690 868 48 22 med
754 867 94 27 fängelse

90 904 17 28 ej
131 904 70 22 under
223 905 32 20 ett
278 904 24 21 år
325 904 39 21 och
386 910 36 15 sex
444 904 104 21 månader
567 904 56 20 samt
638 903 67 21 varde
720 902 67 22 afsatt
802 902 45 26 och,

90 939 38 21 der
144 938 212 28 omständigheterna
372 940 37 20 äro
425 938 136 27 synnerligen
577 938 147 26 försvårande,
739 938 109 21 dessutom

89 972 110 23 förklarad
215 973 88 27 ovärdig
318 974 34 20 att
367 973 81 27 nyttjas
464 972 8 22 i
486 972 86 22 landets
587 972 74 28 tjenst.

364 1103 11 21 I
390 1104 73 21 Nåder
485 1103 101 28 godkänd
602 1103 7 22 i
624 1103 102 28 Zarskoje
744 1102 47 22 Selo
808 1102 40 21 den

297 1140 11 20 7
324 1139 59 22 Mars
401 1139 61 21 1897.

256 1236 293 22 Ministerstatssekreterare
565 1236 26 21 W.
608 1241 37 16 von
686 1236 13 21 DA
711 1235 69 22 EHN.
