1036 1659
171 151 13 20 4
358 150 83 23 Ständ.
458 151 39 23 Sv.
512 164 28 3 —
555 151 75 29 Prop.
648 152 42 22 N:o
706 151 38 22 25.

169 229 49 22 gen
237 222 100 22 komma
356 224 36 20 att
410 224 72 27 tagas
501 222 7 22 i
528 222 119 29 anspråk.
674 222 34 22 På
728 222 74 23 dessa
815 222 112 30 grunder

170 256 107 23 erhålles
296 256 129 29 kalkylen:

197 324 68 23 1898
286 342 4 4 .
312 342 5 4 .
338 342 4 4 .
364 325 139 26 1,215,000
523 324 31 30 +
576 325 114 27 115,000
709 335 31 9 =
762 325 137 29 1,330,000

197 359 68 23 1899
286 377 5 4 .
312 376 4 5 .
338 377 4 4 .
364 359 139 27 1,830,000
523 359 30 29 +
575 360 113 26 115,000
708 369 31 9 =
761 360 139 26 1,445,000

197 394 68 22 1900
285 411 5 4 .
311 411 5 4 .
337 411 4 4 .
364 394 139 26 1,445,000
523 394 30 28 +
576 394 112 26 115,000
708 404 30 8 =
760 394 139 26 1,560,000

554 440 103 22 Summa
676 440 62 22 Fmk
758 440 140 26 4,335,000

238 508 12 22 I
276 508 55 23 stöd
356 509 25 22 af
405 509 82 22 denna
512 509 143 29 beräkning
680 509 76 22 hafva
782 508 141 24 Ständerna

168 542 113 23 beslutit:

443 612 33 18 att
497 610 35 20 till
548 610 116 27 aflönande
680 610 28 27 af
721 610 71 20 lärare
808 610 37 21 och
861 610 60 21 lära-

374 644 79 20 rinnor
468 644 38 20 vid
519 644 118 27 folkskolor
648 644 32 27 pä
696 644 74 21 landet
785 644 71 21 under
870 644 54 21 åren

374 678 151 21 1898-—1900
540 678 65 21 anslå
620 678 163 28 sammanlagdt
798 679 126 27 4,335,000

375 712 67 21 mark.

238 845 49 23 Vid
314 846 119 29 pröfning
461 846 26 23 af
513 846 31 22 de
569 846 36 23 till
632 846 234 29 löneförhöjningar
884 846 39 22 för

168 880 83 22 lärare
279 880 45 22 och
350 880 142 23 lärarinnor
519 881 43 22 vid
589 881 173 22 folkskolorna
786 881 33 28 pä
838 881 85 22 landet

168 914 167 29 erforderliga
366 916 196 28 anslagsbelopp
592 916 78 21 hafva
699 915 142 22 Ständerna
869 916 53 21 icke

168 948 83 22 funnit
271 949 54 22 skäl
344 949 35 22 till
398 950 84 29 nägon
503 950 121 22 afvikelse
643 949 57 23 frän
718 949 122 29 förslaget
852 950 8 21 i
873 950 49 21 den

168 982 95 30 nädiga
281 984 189 28 propositionen
489 984 45 22 och
553 984 25 22 fä
598 984 86 22 därför
700 984 7 22 i
720 984 203 29 underdänighet

168 1017 113 22 anmäla:

442 1085 33 19 att
496 1083 126 22 Ständerna
642 1084 36 27 för
699 1084 54 21 ären
771 1084 152 20 1898—1900

374 1118 99 27 anslagit
486 1118 81 21 inalles
582 1119 104 25 433,000
700 1118 64 21 mark
779 1118 35 21 till
830 1118 93 27 löneför-

373 1152 120 27 höjningar
508 1152 23 21 ät
542 1152 72 21 lärare
626 1152 38 21 och
678 1152 128 21 lärarinnor
818 1152 38 21 vid
867 1152 55 27 folk-

372 1186 101 21 skolorna
486 1186 31 28 pä
534 1187 78 21 landet.

234 1319 12 21 I
276 1319 260 23 öfverensstämmelse
563 1320 57 22 med
648 1320 125 29 gällande,
802 1320 8 22 i
829 1320 94 29 nädiga

166 1352 183 30 förordningen
378 1354 25 22 af
430 1354 48 22 den
506 1356 14 21 5
550 1355 109 29 Augusti
689 1354 75 27 1886,
790 1354 133 29 angäende

167 1387 98 23 ändrad
289 1388 95 28 lydelse
409 1389 25 22 af
459 1389 14 29 $
501 1389 48 22 135
578 1390 7 21 i
604 1389 319 29 Folkskoleförordningen

166 1422 25 21 af
210 1422 49 22 den
281 1423 29 21 11
331 1422 49 30 Maj
404 1423 75 27 1866,
499 1424 123 28 stadgade
641 1423 157 23 föreskrifter
817 1430 40 16 om
873 1424 49 22 den

165 1456 193 23 folkskollärare
378 1458 46 22 och
443 1458 128 22 lärarinna
589 1458 33 28 pä
634 1458 87 22 landet
734 1458 187 22 tillkommande
