1036 1661
312 109 28 22 U.
355 109 27 21 B.
399 121 27 3 —
442 109 72 26 Prop.
531 108 41 22 N:o
587 108 36 22 26.
806 107 14 22 5

93 166 40 21 och
149 166 98 27 djupaste
262 172 72 15 armen
350 165 23 22 af
386 165 86 22 Torneä
487 165 40 22 elfs
537 165 96 22 utflöden
644 165 7 21 i
661 165 81 27 hafvet,
754 167 23 20 är
787 164 62 21 hvar-

93 200 42 21 ken
157 200 47 21 med
227 200 99 21 afseende
348 200 13 21 &
378 199 133 27 folkmängd,
530 199 79 22 handel
629 199 40 22 och
687 199 91 21 industri
798 199 51 21 eller

93 234 209 22 hamnförhällanden
323 234 22 21 af
362 235 40 20 den
420 234 117 27 betydelse,
557 236 32 19 att
611 234 41 21 den
673 239 72 16 ensam
764 233 33 21 för
816 233 32 26 sig

93 268 115 26 betingade
223 275 25 14 en
264 269 65 21 sädan
345 269 95 21 kostsam
456 269 175 27 broanläggning.

162 302 142 22 Emotseende
320 304 31 20 att
367 303 125 27 regeringen
508 302 47 22 icke
569 302 55 22 skall
635 302 113 22 underläta
758 303 32 20 att
800 303 50 26 taga

93 336 68 22 under
176 336 135 28 ompröfning
326 336 73 27 frägan
415 343 35 15 om
466 337 26 21 de
507 336 70 22 finska
591 337 40 21 och
641 337 92 21 svenska
740 336 110 28 jernvägs-

94 372 76 20 nätens
188 372 121 26 anslutning
331 372 33 20 till
386 371 120 21 hvarandra
528 372 35 20 vid
583 378 25 14 en
627 371 52 21 eller
696 377 70 15 annan
782 370 68 28 punkt

95 405 57 22 invid
167 406 84 21 Torneä
266 405 35 26 elf,
317 406 32 21 fär
364 405 112 22 Utskottet
492 406 48 21 med
555 406 50 21 stöd
619 406 24 21 af
656 406 36 21 det
708 405 63 22 ofvan
784 404 66 27 sagda

95 440 110 21 vördsamt
225 440 84 26 föreslä,
329 441 33 20 att
384 440 121 21 Ständerna
524 441 49 20 ville
592 441 39 20 hos
654 440 59 21 Hans
733 439 118 28 Kejserliga

95 474 101 27 Majestät
215 475 7 21 i
242 475 169 27 underdänighet
429 475 91 26 anmäla,
540 476 32 20 att
591 475 125 26 Ständerna,
736 475 48 21 med
798 473 52 28 god-

95 509 113 21 kännande
224 509 6 21 i
250 509 118 22 hufvudsak
388 509 24 21 af
430 510 40 20 den
489 509 78 27 nädiga
586 509 159 27 propositionen
760 509 7 21 i
782 509 69 21 denna

96 543 41 26 del,
153 543 97 22 beslutit:

301 602 32 20 att
356 608 27 14 en
402 600 167 28 normalspårig
583 601 96 27 jernväg
701 600 77 28 bygges
796 600 55 28 från

238 635 107 27 Uleäborg
362 635 35 21 till
411 635 67 21 Kemi
493 636 50 20 stad
557 635 40 21 och
612 635 103 27 derifrän
725 635 75 21 vidare
816 634 36 21 till

234 672 60 19 östra
308 670 105 21 stranden
430 670 29 28 af
472 670 85 21 Torneä
573 670 34 28 elf
618 670 10 21 i
641 670 107 21 närheten
758 670 30 27 af
796 669 53 21 Tor-

234 704 42 22 neä
290 704 62 26 stad;

302 752 33 19 att
349 750 103 21 arbetena
467 750 14 21 ä
497 750 129 22 densamma
636 750 95 28 vidtaga,
746 750 26 21 sä
787 750 65 21 snart

235 785 105 27 lämpliga
355 785 146 21 arbetsledare
516 784 76 28 derför
607 785 78 21 kunna
700 784 108 25 erhällas;

302 832 33 19 att
358 830 93 21 broarne
474 831 62 27 öfver
558 830 42 28 Ijo,
621 831 66 21 Kemi
705 831 39 20 och
761 830 89 21 Raumo

234 864 72 28 elfvar
325 865 88 27 utföras
436 865 50 21 med
504 865 102 27 afseende
625 865 14 21 å
657 865 140 28 möjligheten
816 864 36 27 för

235 899 81 28 fordon
331 901 32 20 att
379 899 107 28 trafikera
501 900 118 27 desamma,
637 901 58 20 samt
708 901 33 20 att
759 899 93 21 broarne

235 934 61 28 öfver
318 934 149 28 Haukipudas
491 934 39 22 och
554 934 62 21 Simo
640 934 101 22 likaledes
763 936 88 26 apteras

235 968 37 28 för
289 976 85 14 samma
393 968 113 28 ändamål,
525 968 73 22 sävidt
621 969 134 27 landsvägen
777 968 29 28 af
825 968 25 20 de

234 1002 252 29 vägbyggnadsskyldige
508 1003 121 27 framföres
653 1003 34 21 till
710 1002 142 26 broställena;

234 1040 59 18 samt

303 1080 33 19 att
353 1078 37 28 för
408 1078 75 21 denna
501 1078 144 28 anläggning,
664 1085 48 14 som
736 1077 116 21 beräknats

236 1113 100 27 medtaga
354 1119 27 14 en
400 1113 94 20 kostnad
512 1112 29 28 af
555 1113 126 26 9,190,000
695 1111 71 28 mark,
782 1111 72 21 under

233 1147 181 28 finansperioden
435 1147 156 20 1898—1900
613 1147 89 20 anvisas
721 1145 133 28 4,500,000

236 1181 70 22 mark.

168 1244 94 21 Härmed
277 1245 39 20 har
331 1244 111 23 Utskottet
458 1245 61 21 äfven
535 1245 116 21 behandlat
661 1245 35 21 det
706 1244 34 21 till
751 1244 103 26 Borgare-

99 1278 85 21 ständet
207 1279 120 21 inlemnade
346 1279 38 21 och
405 1279 33 21 till
456 1279 113 21 Utskottet
587 1279 137 21 remitterade
744 1278 111 27 petitions-

99 1313 132 22 memorialet
246 1313 39 22 N:o
301 1314 28 21 49
344 1320 34 15 om
394 1313 112 27 byggande
521 1313 22 22 af
557 1319 25 16 en
592 1314 88 27 jernväg
690 1313 90 22 emellan
791 1311 64 22 Uleä-

99 1347 54 27 borg
167 1347 40 22 och
222 1347 89 22 Torneä.

168 1455 180 23 Jernvägsutskottets
360 1455 112 18 betänkande
485 1455 37 18 N:o
534 1457 15 16 1.
