1034 1659
226 100 26 22 18
424 101 27 23 U.
467 102 28 22 B.
512 114 27 4 —
555 101 73 28 Prop.
643 101 42 22 N:o
701 101 35 22 26.

194 158 104 27 genheter
312 158 66 22 borde
393 159 81 22 utföras
489 159 157 27 normalspårig
662 159 39 21 och
717 159 7 21 i
741 158 63 27 öfrigt
820 158 71 22 såsom
910 158 41 22 den

195 192 60 22 äldre
275 193 89 21 andelen
383 193 24 21 af
425 193 105 22 Savolaks
548 194 95 26 jernväg.
675 194 43 21 För
738 195 31 20 ett
784 194 77 20 sådant
877 193 76 27 bansy-

196 230 54 18 stem
266 227 40 22 har
322 223 169 32 Öfverstyrelsen
509 228 34 22 för
558 230 50 24 väg-
624 228 40 21 och
680 228 226 27 vattenbyggnaderna
921 228 35 20 be-

196 262 77 20 räknat
287 262 124 21 kostnaden
434 262 34 21 för
486 262 42 21 den
547 262 58 26 85,33
625 262 114 21 kilometer
757 262 62 26 långa
839 262 113 26 Kuopio—

195 295 83 22 lisalmi
285 295 103 22 bandelen
401 296 32 21 till
447 297 116 26 6,224,000
571 296 60 21 mark
639 296 53 21 eller
700 296 7 21 i
715 297 37 20 det
761 298 106 19 närmaste
879 296 78 26 72,940

196 329 61 22 mark
279 336 38 21 per
339 330 123 26 kilometer;
479 331 39 21 och
538 331 38 20 har
600 331 126 26 regeringen
745 330 34 21 för
793 330 122 21 ändamålet
931 336 25 15 ur

196 364 285 22 kommunikationsfondens
499 365 117 26 tillgångar
635 365 37 27 för;
689 367 108 19 närmaste
812 364 143 27 finansperiod

195 398 63 21 äskat
274 405 25 14 en
315 399 111 27 anvisning
441 399 13 21 &
469 399 117 26 4,000,000
601 399 68 22 mark.

265 433 31 21 På
314 433 69 26 grund
401 433 24 21 af
443 434 40 21 allt
503 434 36 21 det
559 433 89 22 anförda
667 433 34 22 får
720 433 111 22 Utskottet
847 433 109 22 vördsamt

195 467 120 27 hemställa,
335 469 31 19 att
385 467 126 28 Ständerna,
528 468 48 21 med
591 468 116 27 afböjande
723 468 40 21 den
779 468 78 26 nådiga
871 474 79 21 propo-

196 501 98 27 sitionen,
309 502 34 21 för
361 502 70 21 såvidt
450 503 41 20 den
510 502 58 22 afser
587 503 81 20 besluts
685 503 96 20 fattande
796 508 33 15 om
846 502 105 21 bandelen

196 536 201 27 Tisalmi—Kajana,
414 537 49 21 ville
479 537 32 21 för
526 537 32 21 sin
574 537 34 21 del
624 537 95 21 besluta:

403 590 33 19 att
457 596 26 14 en
501 589 168 28 normalspårig
683 589 97 27 jernväg
795 588 55 28 från
865 588 90 28 Kuopio

335 623 36 20 till
386 622 90 22 Iisalmi
490 623 69 28 enligt
571 630 87 14 samma
674 623 100 21 tekniska
787 629 106 22 program
907 629 48 14 som

336 657 183 22 Savolaksbanan
547 658 39 21 och
608 658 49 21 med
683 665 25 14 en
737 657 110 22 beräknad
865 657 90 27 anlägg-

335 691 160 28 ningskostnad
514 692 30 27 af
557 693 131 26 6,224,000
704 691 64 22 mark
782 692 57 21 skall
853 691 101 28 utföras;

335 728 59 19 samt

403 773 34 20 att
452 772 37 27 för
503 772 212 28 Kuopio—-lTisalmi
730 772 74 21 banan
818 772 79 21 anvisa
913 772 44 21 den

339 805 28 28 af
386 807 128 27 regeringen
539 807 80 20 äskade
645 813 107 14 summan
775 806 26 27 af
825 807 133 26 4,000,000

335 841 76 25 mark;
427 840 117 28 äfvensom

404 893 33 28 att
459 899 28 14 en
505 892 102 21 likaledes
630 892 167 28 normalspårig
820 891 57 22 bana
902 892 57 27 efter

334 932 87 15 samma
451 926 193 28 byggnadssystem
673 933 48 14 som
757 926 201 27 Uleäborgsbanan,

336 960 48 21 med
398 967 27 14 en
443 960 112 21 beräknad
570 961 208 28 byggnadskostnad
788 960 30 28 af
825 961 135 26 4,260,000

334 995 70 26 mark,
417 995 69 28 blefve
497 995 73 21 under
584 995 153 21 instundande
753 994 155 29 finansperiod
919 996 37 19 ut-

335 1029 52 27 förd
405 1029 56 28 frän
489 1029 106 28 Uleäborg
616 1030 51 21 stad
686 1029 36 22 till
745 1029 70 21 Vaala
833 1029 68 21 hamn
921 1029 39 21 vid

340 1063 127 27 Uleäträsk;
485 1064 39 21 och

403 1117 33 19 att
451 1115 80 21 anvisa
544 1115 37 28 för
598 1115 137 28 Uleäborg—
744 1115 68 21 Vaala
823 1114 74 21 banan
909 1115 49 21 hela

334 1149 42 20 den
397 1148 122 23 beräknade
536 1147 273 30 anläggningskostnaden
827 1149 132 27 4,260,000

335 1183 70 21 mark.

267 1234 45 21 Och
329 1235 32 20 fär
373 1235 112 22 Utskottet
499 1235 104 27 derjemte
614 1235 87 30 föreslä,
714 1237 33 20 att
759 1235 118 22 Ständerna
891 1235 68 22 mätte

196 1268 97 21 anhålla:

405 1311 34 20 att
457 1310 37 27 för
519 1310 136 28 Uleåborg—
663 1310 70 22 Vaala
749 1310 87 28 banans
851 1309 105 28 fortsätt-

335 1343 56 28 ning
407 1351 56 14 norr
478 1345 53 20 eller
546 1345 63 20 söder
624 1351 36 14 om
681 1344 119 29 Uleåträsk
811 1351 81 20 genom
903 1343 52 22 Sot-

336 1378 64 21 kamo
420 1379 40 20 och
480 1377 98 24 Nurmes
593 1380 57 20 öster
665 1379 54 21 eller
734 1376 70 24 vester
814 1379 41 30 om
871 1377 85 29 Pielis-

267 1428 182 23 Jernvägsutskoitets
463 1430 110 18 betänkande
585 1430 38 17 N:o
635 1431 15 17 1.
