1031 1656
432 134 40 22 N:o
490 136 34 20 29.
804 135 26 20 37

451 203 11 27 $
478 204 33 20 40.

169 242 73 22 Skulle
261 242 253 28 fyllnadsutskrifningen
533 243 49 21 från
598 243 201 27 lottningsområde,
817 249 45 15 som

98 278 48 21 icke
168 278 81 21 lemnat
272 278 48 21 hela
343 278 36 21 det
402 277 140 28 erforderliga
561 278 102 27 beloppet
679 278 86 27 dugliga
780 278 81 27 hästar,

99 312 33 20 till
155 311 52 28 följd
231 312 22 21 af
270 312 71 21 tidens
357 312 113 27 knapphet
486 312 38 22 och
540 312 111 22 områdets
667 312 132 27 aflägsenhet
815 312 48 21 från

100 346 215 27 utskrifningsstället
337 346 47 22 icke
407 347 75 21 kunna
504 346 128 22 verkställas
655 347 57 21 inom
731 346 132 27 ofvansagda

100 380 38 27 tid,
163 381 51 21 eller
237 387 33 15 om
293 381 105 21 hästarna
416 381 46 21 icke
477 382 77 21 hunnit
571 382 57 21 inom
644 381 41 21 den
701 382 85 21 utsatta
802 381 60 21 tiden

99 415 106 26 inställas,
230 421 49 21 eger
302 415 235 27 utskrifningsnämden
562 415 52 28 fylla
632 415 83 22 bristen
731 415 48 22 med
795 415 68 21 öfver-

100 449 67 22 blifna
190 449 39 22 och
249 450 12 21 å
279 449 217 28 utskrifningsstället
509 450 85 27 jemlikt
611 450 11 27 $
639 451 27 20 38
683 449 126 28 gvarhällna
825 449 38 21 hä-

100 485 47 20 star
163 483 47 22 frän
227 485 68 20 andra
311 484 109 21 omräden.

452 548 11 27 8
480 550 34 19 41.

170 587 99 22 Anlända
292 588 33 21 för
343 587 225 28 fyllnadsutskrifning
587 588 88 21 afsedda
690 588 76 21 hästar
781 587 32 22 till
829 589 35 20 ut-

102 621 191 28 skrifningsstället
315 622 54 22 efter
394 623 40 21 den
459 623 23 21 af
498 623 237 27 utskrifningsnämden
751 621 114 22 bestämda

102 657 66 26 tiden,
184 663 48 15 men
248 657 65 21 innan
330 657 26 21 de
371 657 82 26 hästar,
470 657 72 22 hvilka
556 658 7 21 i
580 657 62 22 deras
659 657 62 22 ställe
736 657 47 21 frän
795 656 70 21 andra

102 691 102 21 omräden
220 691 128 27 utskrifvits,
363 691 69 22 blifvit
442 692 118 28 bortförda,
574 692 80 27 äligger
665 691 36 22 det
711 690 153 27 utskrifnings-

102 726 93 21 nämden
218 727 33 20 att
273 726 78 27 utbyta
374 726 26 21 de
424 726 22 21 af
467 727 68 21 sådan
556 727 64 21 orsak
636 725 108 22 utskrifna
759 725 106 22 hästarna

102 760 48 21 med
166 761 152 21 motsvarande
334 761 60 21 antal
411 761 23 21 af
448 761 26 21 de
490 761 78 21 efterät
582 761 115 26 ankomna,
709 761 24 20 sä
743 760 50 21 vida
804 759 61 21 detta

102 795 43 21 kan
169 796 38 20 ske
229 796 53 20 utan
299 797 33 19 att
348 795 40 22 den
405 795 33 22 för
454 797 148 26 emottagaren
619 795 66 27 enligt
700 795 53 21 hans
769 793 96 22 marsch-

102 831 51 20 ruta
175 829 33 22 till
231 829 101 27 uppehäll
351 830 13 21 &
380 830 216 27 utskrifningsstället
612 829 107 28 medgifna
734 829 32 21 tid
782 828 82 27 derige-

103 871 50 15 nom
169 864 149 22 öfverskrides.

453 928 11 27 8
480 929 34 20 42.

172 968 88 26 Hästar,
283 968 72 21 hvilka
378 968 30 26 pä
422 968 70 27 grund
509 967 23 22 af
546 968 24 28 8$
587 969 34 25 38,
638 968 34 26 39,
689 969 26 19 40
733 967 39 21 och
787 968 26 19 41
832 968 35 19 ut-

103 1001 99 27 skrifvas,
226 1002 61 21 skola
309 1002 104 22 särskildt
435 1002 34 21 för
492 1002 32 27 sig
543 1001 81 22 införas
639 1002 7 20 i
661 1000 205 28 utskrifningsläng-

104 1036 68 22 derna
194 1036 33 22 för
251 1036 25 22 de
298 1036 216 28 lottningsomräden,
538 1036 48 21 frän
606 1036 72 21 hvilka
696 1036 25 20 de
738 1034 128 22 utskrifvits.

454 1100 11 26 8
482 1100 34 20 43.

173 1140 46 21 Har
241 1140 185 26 hästemottagare
448 1139 92 27 nödgats
559 1138 71 22 afresa
649 1138 48 22 frän
713 1138 154 26 utskrifnings-

104 1174 81 26 stället,
208 1174 73 21 förrän
304 1174 48 21 hela
375 1174 36 21 det
432 1174 60 21 antal
507 1174 81 26 hästar,
606 1180 45 15 som
667 1172 200 28 uppbädsomrädet

104 1209 40 22 bör
167 1208 116 28 uppställa,
308 1208 96 26 anländt,
429 1208 52 21 eller
504 1208 80 21 uteblir
602 1209 148 25 emottagaren
767 1206 45 22 helt
828 1206 39 21 och

104 1243 74 26 hållet,
193 1243 54 21 böra
263 1243 26 21 de
304 1242 109 22 utskrifna
429 1242 105 22 hästarna
550 1248 76 21 genom
643 1241 156 23 ordförandens
815 1240 7 21 i
832 1242 35 19 ut-

106 1277 210 27 skrifningsnämden
329 1276 85 28 försorg
424 1277 112 21 befordras
547 1276 32 22 till
591 1276 161 22 vederbörande
768 1277 99 25 trupper.

456 1340 11 27 $
484 1341 34 20 44.

174 1380 61 21 Efter
250 1380 93 22 slutförd
359 1380 133 27 utskrifning
506 1380 49 21 med
567 1381 32 19 ett
609 1378 196 28 lottningsomräde
816 1377 52 27 älig-

106 1421 38 21 ger
166 1414 235 27 utskrifningsnämden
425 1414 32 21 uti
478 1414 54 21 sista
546 1413 117 22 kolumnen
679 1413 23 21 af
715 1411 154 27 utskrifnings-

105 1449 121 27 längderna
240 1449 34 21 för
288 1449 74 27 hvarje
377 1449 59 21 klass
451 1450 54 25 göra
519 1448 94 27 följande
629 1447 165 26 anteckningar:
