1025 1659
307 134 30 22 U.
353 134 27 22 B.
398 147 28 3 —
441 134 74 29 Prop.
532 134 45 24 N:o
594 135 36 23 31.
819 140 27 22 27

87 196 78 27 bidrag
182 196 32 21 till
232 196 146 22 bekostandet
397 197 23 21 af
433 204 42 20 nya
489 198 265 28 järnvägsanläggningar.
785 198 62 28 Upp-

87 230 107 27 tagandet
217 230 25 21 af
257 231 127 27 ytterligare
397 231 139 28 järnvägslån
551 232 72 21 kunde
639 233 126 27 därigenom
781 234 67 19 antin-

88 271 42 20 gen
146 264 135 27 framskjutas
296 266 7 20 i
318 266 66 24 tiden,
394 266 51 20 eller
460 268 7 18 i
481 266 74 26 hvarje
571 266 36 21 fall
622 266 39 22 ske
676 267 32 21 till
722 268 24 20 så
761 267 87 27 mycket

88 299 60 27 lägre
170 299 82 27 belopp
274 306 47 14 som
342 300 101 27 bidraget
458 300 70 27 utgör.
558 301 33 20 En
607 301 127 21 hemställan
749 302 24 20 af
786 301 62 21 Stän-

88 334 66 20 derna
170 335 6 19 i
192 334 61 21 detta
268 334 58 26 syfte
342 342 52 13 vore
410 335 73 20 därför
499 335 24 20 af
536 335 98 27 sakläget
650 336 126 20 motiverad.

158 368 29 21 På
209 368 69 27 grund
299 368 25 21 af
342 369 59 20 hvad
417 370 6 20 i
439 370 37 20 det
491 369 133 27 föregående
642 370 70 21 blifvit
727 370 121 21 framstäldt

89 402 31 20 får
136 402 169 22 Statsutskottet
320 403 112 21 vördsamt
448 403 79 21 föreslå

366 475 33 17 att
407 473 44 26 för
464 472 136 21 bestridande
614 474 30 25 af
654 473 68 27 ofvan
731 475 116 24 upptagna,

297 506 35 20 till
345 506 231 27 bevillningsbudgeten
582 507 46 26 för
637 507 53 20 åren
702 506 146 28 1898—1900

296 540 112 28 hänförda
431 541 96 27 utgifter,
550 541 27 20 så
600 541 47 20 vidt
668 540 26 21 de
715 541 22 27 ej
755 540 52 27 utgå
822 547 26 13 ur

297 574 164 25 militiefondens
476 575 108 21 ordinarie
595 575 126 27 tillgångar,
734 574 115 21 användas

297 609 22 27 ej
338 609 84 20 mindre
445 609 26 20 de
494 615 118 22 9,000,000
637 609 68 25 mark,
732 616 44 13 som
801 608 50 21 med

294 649 121 20 3,000,000
431 643 63 20 mark
505 643 83 27 ärligen
600 643 61 21 skola
670 643 58 27 frän
737 643 112 20 allmänna

296 678 135 26 statsfonden
447 678 35 20 till
495 678 206 26 bevillninesjonden
717 678 130 26 öfverföras,

297 712 29 20 än
342 712 37 20 ock
395 712 40 20 den
450 712 37 20 del
500 712 30 27 af
542 712 188 20 bränvinsskatten
745 718 44 14 som
802 711 47 27 blif-

298 746 31 20 vit
343 746 121 21 sistnämda
474 746 62 27 fond
548 746 91 27 tillagd;
654 747 112 26 äfvensom

367 784 33 17 att
422 781 35 20 till
476 788 84 13 samma
579 781 110 20 ändamål
701 780 75 21 vidare
791 787 58 13 anvi-

297 822 37 14 sas
356 816 69 20 såväl
444 816 117 20 inkomsten
576 816 30 27 af
618 815 232 28 stämpelbevillningen

292 850 73 28 jämte
390 850 174 27 bevillningarna
580 851 45 26 för
645 850 148 27 maltdrycker
813 849 38 21 och

297 885 98 27 spelkort,
411 892 45 13 som
472 885 37 20 ock
526 885 138 27 erforderligt
679 885 72 27 belopp
766 885 30 26 af
803 884 48 20 Fin-

298 919 65 20 lands
391 920 76 19 Banks
491 920 45 26 för
563 920 143 20 närvarande
732 918 119 28 disponibla

299 954 130 24 vinstmedel,
461 954 105 20 eventuelt
590 953 60 21 ända
675 954 36 20 till
732 952 119 28 4,665,230

298 988 70 25 mark,
385 991 33 17 att
433 988 67 26 lyftas
515 988 10 20 i
539 991 61 17 rater
613 995 34 13 om
662 988 63 26 högst
736 986 115 28 1,560,000

300 1022 63 20 mark
379 1022 95 27 årligen;

93 1100 56 17 samt
170 1096 106 26 därjämte
298 1096 112 20 vördsamt
425 1096 107 26 tillstyrka
548 1099 32 17 att
596 1095 121 22 Ständerna
732 1098 6 18 i
754 1099 71 17 svaret
841 1096 12 20 å

93 1130 142 22 förevarande
258 1131 78 26 nådiga
360 1132 138 26 proposition
516 1130 50 20 ville
581 1134 99 23 upptaga
695 1134 32 18 ett
742 1130 111 22 uttalande

96 1165 82 21 därhän

370 1230 33 18 att
419 1227 124 21 Ständerna
559 1228 9 20 i
580 1227 143 27 beräkningen
741 1228 64 26 öfver
816 1227 38 20 ali-

301 1263 81 19 männa
399 1261 153 27 Statsfondens
567 1262 123 26 tillgångar
693 1262 44 26 för
748 1261 40 21 den
798 1264 56 17 stun-

302 1296 71 20 dande
381 1296 180 27 budgetperwoden
563 1296 80 27 funnit
648 1296 51 20 stöd
699 1296 44 27 för
749 1295 34 21 det
795 1298 60 17 anta-

298 1330 80 27 gande,
395 1334 34 16 att
451 1330 62 21 dessa
533 1330 122 26 tillgångar
667 1330 61 20 skola
743 1336 56 14 vara
815 1329 40 20 till-

303 1364 98 27 räckhga
425 1368 32 17 att
479 1366 67 26 äfven
569 1364 70 20 under
661 1364 40 20 den
721 1362 134 29 påföljande

298 1398 105 27 perioden
419 1398 88 21 betäcka
524 1406 24 13 en
564 1398 94 26 betydlig
670 1398 37 20 del
719 1398 31 27 af
759 1397 26 21 de
793 1400 62 17 stats-

303 1433 68 27 behof,
386 1440 45 12 som
447 1434 40 18 äro
501 1432 113 27 hänförda
630 1432 36 20 till
678 1430 177 28 bevillningsbud-

165 1478 144 18 Statsutskottets
322 1478 111 17 betänkande
445 1478 37 18 N:o
495 1478 29 17 15.
