1031 1656
287 137 82 23 Ständ.
384 137 39 23 Sv.
439 150 28 2 —
482 137 74 27 Prop.
572 137 42 23 N:o
629 137 36 22 26.
800 138 25 20 13

163 203 34 21 Af
211 202 148 22 omförmälda
374 203 120 21 alternativ
510 203 72 21 skulle
594 202 87 22 således
693 203 38 21 det
742 202 33 22 till
785 202 69 21 Num-

94 238 58 21 mela
175 237 102 21 erfordra
300 237 83 21 minsta
404 237 70 29 längd
496 245 32 21 ny
551 237 58 21 bana
629 237 43 21 och
690 237 8 21 i
717 237 58 28 följd
789 236 66 22 häraf

96 272 68 21 äfven
179 272 102 21 medföra
296 271 83 22 minsta
394 272 79 28 utgift;
489 279 51 14 men
557 272 28 20 då
601 272 38 21 det
655 272 70 28 gäller
741 274 32 19 att
788 271 66 22 träffa

96 309 31 19 ett
150 306 79 28 riktigt
251 306 38 21 val
311 306 25 21 af
357 306 132 28 sträckning
511 306 36 21 för
570 306 45 21 den
637 306 91 21 felande
748 306 65 21 delen
831 305 25 21 af

95 323 130 39 kustbanan
239 336 83 37 mellan
336 319 151 54 Helsingfors
498 340 42 21 och
556 333 58 32 Åbo,
626 340 45 21 kan
681 340 99 21 nämnda
790 340 63 21 alter-

95 375 64 21 nativ
177 375 50 21 icke
242 375 115 21 betraktas
372 376 75 20 såsom
462 375 38 21 det
515 374 70 22 bästa.
617 374 54 22 Med
686 375 168 28 godkännande

96 410 24 20 af
137 410 123 20 detsamma
283 409 72 21 skulle
373 417 54 13 man
444 409 114 28 nämligen
573 392 143 45 väsentligen
732 408 122 22 åsidosätta

95 443 87 22 banans
205 443 157 28 hufvudsyfte,
381 443 89 22 hvilket
485 443 49 22 icke
551 446 23 18 är
590 446 32 18 att
639 445 28 26 på
683 443 100 22 kortaste
799 443 54 28 möj-

95 478 46 28 liga
156 481 45 25 väg
216 477 105 22 förbinda
337 477 144 29 Helsingfors
497 477 52 22 med
564 477 82 28 Hangö
665 477 79 26 banan,
756 480 54 19 utan
822 480 32 19 att

96 513 155 21 åstadkomma
277 512 225 29 ändamålsenligaste
532 512 138 21 förbindelse
695 513 52 21 med
771 513 82 28 Hangö

95 547 70 22 hamn
188 547 43 22 och
253 540 50 28 Åbo
327 547 56 21 stad.
414 530 46 38 För
484 547 43 22 den
546 547 129 28 föreslagna
693 547 75 21 banan
787 550 23 18 är
826 555 27 13 en

96 582 62 21 stark
181 582 171 29 genomgående
375 581 66 22 trafik
460 582 123 25 emotsedd,
602 589 53 14 men
670 582 37 21 det
722 589 55 14 vore
792 581 62 28 inga-

95 617 70 21 lunda
184 616 148 28 fördelaktigt
355 619 32 18 att
409 616 80 28 tvinga
507 616 74 21 denna
597 616 33 21 till
646 623 28 14 en
691 619 82 25 omväg
789 616 24 21 af
828 618 25 19 10

95 651 118 21 kilometer
232 651 53 21 eller
307 658 68 18 mera,
391 651 83 20 hvaraf
488 650 71 21 skulle
575 652 83 26 uppstå
673 658 29 13 en
717 650 85 28 onödig
818 651 35 20 de-

95 685 106 28 bitering,
217 693 49 13 som
277 685 36 21 för
325 685 43 21 den
379 685 151 21 trafikerande
542 685 151 21 allmänheten
703 685 75 22 blefve
789 685 64 21 desto

96 727 61 14 mera
172 719 109 26 kännbar,
296 719 26 28 ju
339 722 72 18 större
426 719 116 28 betydelse
559 719 74 21 denna
648 719 67 21 trafik
726 719 56 22 efter
793 719 59 21 hand

96 754 87 21 vinner.
205 754 126 21 Ständerna
347 754 69 21 hafva
432 754 86 21 således
529 753 50 22 icke
591 753 75 22 funnit
677 761 29 14 en
716 753 138 22 förbindelse

96 789 65 21 öfver
176 788 118 21 Nummela
310 788 120 29 tillgodose
446 788 37 21 det
498 788 52 21 med
564 788 174 28 ifrågavarande
753 788 58 21 bana
823 788 31 21 af-

96 823 71 21 sedda
185 823 102 21 ändamål
303 823 43 21 och
361 823 7 20 i
384 823 57 28 följd
456 823 65 20 häraf
536 823 82 21 lemnat
635 823 27 20 de
678 825 83 19 tvenne
776 823 77 20 härom

96 857 88 28 ingifna
200 857 223 28 petitionsförslagen
438 861 56 17 utan
509 857 112 21 afseende.

165 891 54 21 Med
234 891 107 21 afseende
357 893 12 19 å
385 892 28 20 de
428 891 59 21 båda
502 892 141 20 återstående
659 891 149 22 alternativen
819 898 35 20 sy-

96 933 40 13 nes
153 926 101 20 däremot
269 928 77 26 någon
361 926 115 28 svårighet
493 926 111 28 föreligga
619 929 32 18 att
667 926 66 20 träffa
749 926 37 20 det
802 925 52 21 defi-

96 960 72 21 nitiva
183 960 66 25 valet,
267 960 28 21 då
310 960 126 28 väsentliga
455 960 143 28 synpunkter
613 960 34 21 till
663 960 50 21 stöd
729 960 35 21 för
779 960 75 21 hvart-

97 995 54 20 dera
172 995 78 21 kunna
273 994 114 29 åberopas.
418 995 46 21 För
482 994 102 22 Gerknäs
601 996 74 20 såsom
691 994 163 28 anknytnings-

96 1029 74 28 punkt
185 1029 64 25 talar,
266 1029 89 21 oafsedt
367 1029 61 28 lägre
439 1029 280 29 anläggningskostnader,
732 1028 67 22 äfven
811 1028 44 22 den

97 1063 197 29 omständigheten
310 1067 31 17 att
358 1064 102 21 Gerknäs
476 1064 72 28 linjen
562 1064 89 21 komme
667 1066 31 19 att
712 1065 28 27 på
751 1066 32 18 ett
793 1071 62 13 mera

95 1098 208 21 tillfredsställande
325 1101 43 18 sätt
391 1098 120 28 tillgodose
533 1098 142 21 landsortens
693 1098 94 21 emellan
802 1098 53 20 Hel-

97 1132 99 28 singfors
212 1133 43 20 och
270 1133 83 28 Hangö
368 1133 76 21 banan
460 1136 57 18 samt
533 1133 126 21 trakternas
673 1133 68 27 kring
752 1132 56 28 Lojo
820 1132 33 28 sjö

96 1166 143 22 trafikbehof.
263 1167 71 22 Utom
349 1170 33 18 att
395 1167 127 28 järnvägen
536 1167 133 28 härigenom
684 1169 69 26 något
769 1170 85 18 centra-

95 1201 47 21 lare
157 1202 152 27 genomskure
325 1202 44 20 den
384 1201 104 29 triangel,
504 1208 48 14 som
567 1201 64 21 faller
644 1202 95 20 emellan
750 1201 104 28 Helsing-

96 1236 220 21 fors—Tavastehus
333 1236 42 21 och
391 1236 82 28 Hangö
490 1236 108 25 banorna,
610 1236 71 21 skulle
693 1236 43 20 den
747 1235 68 21 äfven
826 1237 29 26 gå

96 1277 83 21 genom
202 1270 27 21 de
252 1272 67 19 tätast
342 1269 120 22 befolkade
486 1270 42 21 och
551 1270 50 21 bäst
624 1270 79 21 odlade
722 1270 92 20 delarna
832 1270 25 20 af

96 1304 121 28 Kyrkslätt
233 1304 42 21 och
291 1304 101 28 Sjundeå
407 1305 139 20 kommuner.
568 1304 45 21 För
628 1304 68 22 Karis
712 1304 143 21 alternativet

96 1339 57 21 talar
171 1341 54 23 åter,
244 1339 100 21 förutom
363 1339 109 28 Degerby
488 1339 42 21 och
546 1339 57 27 Ingo
619 1339 145 21 kommuners
779 1338 76 21 trafik-

95 1373 76 25 behof,
191 1373 44 21 den
258 1374 125 27 synpunkt,
408 1376 31 18 att
462 1373 70 28 linjen
551 1373 71 21 skulle
641 1373 33 21 till
691 1376 30 18 ett
737 1372 117 21 minimum

96 1407 110 33 reducera
226 1407 113 20 afståndet
356 1407 51 21 från
421 1407 144 28 Helsingfors
580 1407 34 20 till
630 1407 62 21 såväl
707 1407 82 27 Hangö
806 1413 49 14 som

97 1434 50 28 Åbo
171 1444 58 17 samt
252 1441 139 21 tidsutdräkt
414 1442 42 20 och
479 1441 179 25 resekostnader,
682 1441 118 22 äfvensom
823 1443 32 18 att
