1025 1659
137 132 25 20 16

580 429 103 23 Transport

134 458 2 2 |
153 464 157 23 förutsättningar
321 464 63 18 kunna
396 464 103 22 utgifterna
507 463 29 18 för
544 464 80 18 nämnda
632 464 50 22 sjuk-

153 498 146 18 värdsanstalter
316 498 59 18 under
393 498 151 18 nästkommande
559 498 123 22 finansperiod

153 533 143 23 approximativt
314 532 62 19 anslås
394 532 29 18 för
441 532 93 19 anstalten
549 532 11 18 ä
572 532 111 18 Pitkäniemi

152 568 30 17 till
201 568 75 21 833,333
290 567 32 18 mk
334 568 48 17 samt
393 567 30 18 för
435 567 100 23 sjukhusen
548 567 6 17 i
566 566 117 24 Helsingfors

153 602 34 18 och
205 601 126 19 Kristinestad
347 602 29 18 till
391 607 48 17 resp.
451 602 63 22 30,000
526 601 34 18 och
572 602 62 21 23,333
646 601 36 22 mk,

153 636 102 22 utgörande
273 636 80 23 tillhopa
371 637 74 21 386,666
460 636 31 18 mk
508 636 44 18 eller
564 641 33 17 per
609 636 21 18 är
642 638 41 16 när-

152 676 50 12 mare
216 671 74 21 129,000
302 671 36 17 mk.
363 662 3 2 |

176 704 29 18 En
217 704 107 24 förhöjning
335 705 6 17 i
351 705 79 23 utgifter
438 705 40 18 med
491 705 5 17 i
505 705 85 18 medeltal
599 705 86 22 omkring

153 740 65 21 20,000
230 739 31 18 mk
274 740 78 22 uppstår
362 740 68 22 jemväl
439 740 5 17 i
453 740 47 22 följd
509 740 20 18 af
536 740 31 17 det
575 740 109 18 kronoläns-

152 779 48 17 man,
213 774 59 23 enligt
287 774 69 23 nådiga
373 774 122 23 kungörelsen
508 774 34 18 den
554 776 11 16 9
578 774 106 23 September

154 809 49 21 1896,
222 808 114 18 tillerkända
355 808 67 18 arvode
438 809 55 18 redan
509 808 47 19 efter
569 810 11 16 5
592 809 30 17 års
635 809 48 17 oför-

154 843 53 22 vitlig
219 843 59 23 tjenst
290 843 39 18 med
344 844 34 17 300
390 843 37 18 mk.

176 877 78 18 Jemlikt
271 877 68 23 nådiga
357 877 131 23 förordningen
506 877 34 19 den
557 878 21 16 10
594 877 89 18 Februari

154 912 42 18 1891
216 912 112 18 tillkommer
347 912 145 23 poliskonstapel
507 912 11 18 &
532 912 63 18 landet
613 912 48 18 efter
672 913 11 17 5

152 946 34 18 och
206 947 22 17 10
245 946 31 18 års
294 946 95 23 oförvitlig
407 947 58 22 tjenst
481 947 2 17 i
496 952 68 12 samma
578 946 105 22 befattning

152 980 185 24 arvodesförhöjning
355 981 40 18 med
413 982 22 17 60
453 981 31 17 mk
501 980 91 19 hvardera
606 981 77 22 gången.

152 1014 65 23 Enligt
235 1015 153 23 utgiftsstaterna
407 1016 30 18 för
455 1016 43 18 åren
517 1016 49 21 1893,
587 1016 44 17 1894
649 1014 34 18 och

153 1050 44 17 1895
216 1050 86 22 utgjorde
320 1050 72 18 antalet
409 1050 157 23 poliskonstaplar
581 1055 46 17 resp.
642 1050 40 21 529,

152 1084 34 17 535
203 1083 34 18 och
254 1085 39 21 547,
305 1084 77 18 hvarför
394 1084 35 18 den
442 1084 40 18 dem
495 1084 57 18 under
564 1084 118 23 finansperio-

152 1117 35 18 den
205 1118 113 18 tillfallande
336 1118 183 24 arvodesförhöjning
537 1119 71 22 uppgår
626 1119 5 17 i
647 1124 35 12 me-

152 1151 57 18 deltal
222 1152 70 22 årligen
305 1152 29 18 till
348 1153 56 22 något
416 1158 49 12 mera
477 1154 24 16 än
513 1153 63 21 32,000
588 1153 36 17 mk.

128 1185 43 19 Med
183 1186 72 23 hänsyn
267 1186 29 18 till
309 1187 55 17 ofvan
376 1187 77 22 angifna
460 1187 121 22 tillökningar
590 1187 5 17 i
605 1187 78 22 utgifter

152 1222 48 16 samt
215 1220 24 18 då
254 1220 154 24 tillgodoseendet
423 1221 20 18 af
454 1221 84 18 behofvet
550 1222 16 22 ej
580 1221 70 18 mindre
662 1221 22 18 af

152 1254 105 19 förstärkta
269 1256 135 18 arbetskrafter
415 1256 31 17 vid
458 1256 159 22 länestyrelserna,
630 1258 23 15 än
662 1255 22 19 af

151 1289 109 23 ytterligare
268 1290 170 18 kommunalläkare
445 1290 75 18 kräfver
528 1290 64 22 anslag
599 1296 21 12 ur
626 1292 56 16 stats-

151 1323 68 18 fonden
232 1324 35 17 och
279 1324 58 18 ökade
351 1324 78 22 utgifter
439 1324 68 23 jemväl
519 1324 63 18 kunna
594 1324 69 18 förestå
676 1325 6 17 i

151 1358 47 22 följd
211 1358 21 18 af
242 1358 84 18 eventuel
341 1358 128 23 förstärkning
481 1358 20 18 af
512 1359 128 23 landtpolisen,
654 1364 28 18 sy-

151 1397 33 13 nas
202 1392 23 18 de
243 1393 59 22 årliga
314 1393 103 23 utgifterna
429 1393 58 18 under
498 1393 60 18 denna
569 1393 112 19 hufvudtitel

151 1426 41 18 icke
204 1427 64 18 kunna
280 1429 92 21 upptagas
385 1428 5 17 i
402 1428 87 18 medeltal
501 1428 29 17 till
543 1428 50 22 lägre
606 1430 23 16 än
648 1442 4 4 .
676 1441 5 5 .

565 1469 2 2 *
579 1469 103 23 Transport

713 216 65 22 Enligt
789 217 56 17 stats-
850 211 9 31 |
869 215 8 17 I
889 215 56 22 årligt
957 219 36 13 me-

712 245 90 22 förslaget
816 244 30 18 för|
880 243 57 19 deltal
954 242 29 18 för

708 429 101 22 10,406,891

707 1470 100 21 10,406,891

735 274 22 17 år
772 274 50 17 1897.

873 272 119 18 1898—1900.

823 333 23 21 7]
893 330 102 22 Fr
953 317 47 46 |7ä

822 429 21 17 31|
868 428 91 22 5,190,000|
971 437 23 3 —

823 1438 21 2 =
868 1403 95 53 5.750,000]
978 1437 15 3 —

822 1469 19 17 31
858 1459 105 31 [10,940,000]
977 1462 27 18 —
