1036 1661
209 131 11 16 2

184 188 50 22 gifva
252 188 30 22 sig
299 187 20 18 in
337 187 23 23 pä
376 193 22 12 en
414 193 61 12 annan
490 188 55 21 bana,
561 193 38 12 som
613 188 7 17 i
633 187 73 18 mindre
722 187 46 22 grad
781 189 42 20 toge
836 187 46 17 hans
895 186 47 18 eller

185 217 71 17 hennes
275 216 52 23 själs-
345 216 34 17 och
399 216 141 23 kroppskrafter
558 216 6 17 i
584 216 87 23 anspråk.
696 215 39 18 Och
754 215 107 23 säkerligen
881 215 60 18 skulle

185 250 24 12 en
228 245 52 22 dylik
298 244 138 24 öfverflyttning
454 250 52 13 mera
523 249 62 18 gagna
603 247 23 15 än
646 244 59 18 skada
720 243 187 22 folkskoleväsendet,
923 246 18 20 ty

185 273 79 18 sålunda
280 273 60 18 skulle
355 273 115 18 folkskolans
485 273 72 23 viktiga
576 273 99 17 arbetsfält
690 273 72 17 erhålla
778 273 59 17 friska
852 272 89 18 krafter
931 268 14 33 i

185 302 65 17 stället
256 301 30 18 för
292 302 116 17 utarbetade.
420 301 44 17 Med
470 302 71 22 hänsyn
549 302 64 17 härtill
621 306 42 13 vore
671 301 31 18 det
710 301 73 17 således
789 302 39 16 rätt
834 300 34 18 och
875 300 66 23 billigt,

185 333 27 15 att
224 330 144 18 folkskollärare
382 330 46 18 eller
440 330 101 22 lärarinna,
555 335 40 13 som
608 330 43 18 ville
665 330 42 22 afgå
720 330 41 17 från
774 330 30 17 sin
814 330 59 22 tjänst
879 328 62 18 förrän

185 360 36 16 han
241 359 47 18 eller
303 359 36 17 hon
354 359 68 17 hunnit
438 360 52 22 tjäna
505 360 65 16 trettio
586 360 26 20 år,
629 359 71 17 erhölle
716 359 62 21 någon
793 359 50 21 slags
856 358 85 22 pension.

185 388 65 22 Enligt
261 388 33 17 vår
306 388 76 22 mening
393 388 63 17 kunde
469 388 30 17 vid
512 387 149 18 bestämmandet
674 387 20 17 af
704 388 114 22 pensionens
830 386 66 22 belopp
905 386 35 18 den

186 422 52 12 norm
254 416 99 23 tillämpas,
369 417 59 22 enligt
446 417 75 18 hvilken
539 416 157 18 seminariilärare
712 416 35 17 och
762 415 105 18 lärarinnor
882 415 7 17 i
905 414 35 18 lik-

186 445 64 18 artade
269 445 34 18 fall
321 448 32 15 äro
373 446 115 22 berättigade
504 445 30 18 till
551 446 85 22 pension.
661 445 8 18 I
683 446 8 21 $
704 445 22 17 44
742 444 20 18 af
776 444 73 23 Nådiga
861 443 80 18 Förord-

186 474 69 22 ningen
272 474 36 18 den
324 475 20 16 11
360 475 37 22 Maj
415 474 44 18 1866
476 474 95 23 angående
589 474 126 22 organisation
729 473 20 18 af
760 472 182 19 folkskoleväsendet

186 503 76 22 stadgas
280 503 94 22 nemligen
390 505 27 15 att
432 508 28 13 om
478 503 60 17 lärare
555 503 46 18 eller
616 503 95 17 lärarinna
727 502 81 22 tidigare
824 503 23 16 än
860 501 47 18 efter
919 501 22 18 30

186 531 30 18 års
229 532 58 22 tjänst
299 534 28 15 tar
343 532 65 17 afsked
423 532 40 17 från
476 533 29 16 sin
520 531 111 22 befattning,
644 532 37 17 han
695 531 47 18 eller
754 531 36 17 hon
803 530 82 19 erhåller
897 535 43 18 pen-

186 560 42 17 sion
246 560 129 17 motsvarande
392 560 29 18 för
439 560 36 18 den
494 565 38 13 som
545 560 62 22 tjänat
624 559 92 23 tjugufem
734 560 26 20 år,
776 561 28 15 tre
823 558 117 23 fjerdedelar,

186 588 30 18 för
230 587 37 19 den
283 594 38 12 som
337 589 60 23 tjänat
412 589 52 23 tjugu
479 590 21 16 år
515 589 72 17 hälften
609 589 36 17 och
658 588 29 18 för
699 588 35 18 den
748 594 39 12 som
800 588 60 22 tjänat
872 587 68 18 femton

186 617 22 17 år
226 617 116 23 fjerdedelen
357 617 20 18 af
390 618 62 18 lönen.
476 618 29 17 Då
519 623 24 13 en
559 617 58 18 sådan
633 617 117 22 bestämning
762 617 7 17 i
781 616 53 23 fråga
847 622 28 12 om
888 616 52 18 semi-

186 646 112 18 nariilärare
316 646 34 18 och
365 646 105 18 lärarinnor
485 648 71 16 ansetts
571 647 66 17 rättvis
653 646 35 18 och
703 646 61 22 billig,
780 650 44 13 vore
840 645 32 17 det
887 644 52 18 äfven

186 674 72 22 riktigt,
271 676 27 16 att
311 674 106 18 densamma
430 676 112 17 utsträcktes
556 676 57 17 också
625 675 29 17 till
668 674 73 18 landets
753 674 142 18 folkskollärare
907 674 33 17 och

186 702 112 18 lärarinnor.

255 732 24 17 Vi
292 732 45 22 våga
349 732 63 18 därför
428 733 94 17 vördsamt
537 732 82 22 anhålla,
633 734 26 16 att
675 732 114 22 högvördiga
800 731 140 18 Presteståndet

186 760 44 18 ville
244 761 123 23 understödja
380 767 22 12 en
416 762 78 22 petition
508 762 64 17 därom

461 798 26 16 att
499 796 52 18 såväl
563 795 137 23 folkskollärare
708 800 40 12 som
756 794 106 22 lärarinna,
870 794 69 18 hvilken

392 824 56 23 afgår
459 825 45 22 från
515 825 33 16 sin
560 824 102 23 befattning
675 824 62 17 innan
748 824 38 16 han
799 823 42 17 eller
852 823 36 17 hon
896 823 45 17 hun-

392 853 30 17 nit
434 853 53 22 tjäna
499 853 44 22 fullt
554 855 25 20 ut,
593 853 65 17 erhölle
670 858 22 12 en
704 852 78 23 pension
795 851 24 22 af
826 851 45 22 efter
882 851 59 22 tjugu-

392 881 38 22 fem
442 882 32 17 års
486 882 55 22 tjänst
554 883 26 16 tre
595 881 113 23 fjerdedelar,
720 881 44 22 efter
776 881 53 22 tjugu
840 880 32 17 års
884 880 57 22 tjänst

393 910 69 23 hälften
479 911 33 17 och
529 910 44 23 efter
591 911 69 22 femton
677 910 32 18 års
727 910 57 22 tjänst
801 909 108 22 fjerdedelen
921 908 23 22 af

394 940 34 16 den
440 945 23 12 ur
475 940 104 17 statsmedel
591 939 88 23 utgående
690 938 136 24 ursprungliga
838 938 57 17 lönen.

256 985 117 23 Helsingfors
386 985 36 19 den
434 986 12 17 8
458 985 91 19 Februari
563 985 50 18 1897.

234 1054 22 22 G.
272 1054 20 22 A.
309 1055 82 21 Heman.
462 1055 15 21 J.
493 1056 19 20 V.
527 1054 126 22 Vartiainen.
724 1054 20 21 A.
761 1053 21 21 0.
798 1052 97 22 Törnudd.

344 1435 124 40 Helsingfors,
480 1449 15 16 J.
510 1439 23 27 0.
543 1434 103 40 Frenckell
656 1447 15 18 &
683 1443 44 30 Son,
741 1433 49 39 1897.
