1039 1656
452 131 39 22 N:o
508 133 34 20 25.
837 133 12 20 5

119 200 85 27 gående
220 200 92 28 aflöning
327 201 33 21 för
376 200 257 22 handarbetslärarinnor
648 201 36 21 vid
695 201 82 21 sådana
787 200 33 22 för
830 207 49 21 gos-

119 240 36 15 sar
172 235 39 21 och
225 234 75 22 flickor
314 241 160 21 gemensamma
488 235 119 21 folkskolor
622 235 29 27 på
666 235 80 26 landet,
763 241 46 16 som
823 234 56 22 före-

119 269 46 21 stås
186 268 23 22 af
226 269 93 27 manliga
338 269 78 26 lärare,
431 269 69 21 blifvit
516 275 77 21 genom
609 269 6 21 i
632 271 73 20 ämnet
721 269 40 22 den
779 270 25 21 13
820 269 58 22 Mars

122 303 53 21 1895
191 303 115 22 utfärdade
321 303 154 28 författningar
491 303 96 22 ordnade
602 303 7 22 i
625 303 94 28 enlighet
733 303 48 22 med
797 303 26 22 de
836 303 43 22 för-

119 337 48 28 slag
182 337 6 22 i
205 338 65 21 saken
287 344 45 15 som
348 338 69 21 blifvit
433 337 23 22 af
470 337 123 22 Ständerna
609 338 122 27 godkända.

190 452 72 27 Enligt
289 453 22 21 af
335 448 170 33 Öfverstyrelsen
532 453 34 22 för
589 453 151 22 skolväsendet
762 453 118 28 uppgjordt

121 486 81 27 förslag
223 487 31 21 till
275 487 122 27 utgiftsstat
412 487 33 22 för
460 487 212 22 folkskoleväsendet
687 488 7 21 i
710 487 74 22 landet
799 487 34 22 för
847 487 33 21 in-

121 521 124 22 stundande
267 521 208 28 bevillningsperiod,
496 523 33 21 till
549 523 41 21 den
611 523 33 21 del
665 523 70 21 denna
753 521 66 28 utgift
834 522 46 21 icke

122 557 24 19 är
168 555 99 22 bestämd
290 558 32 19 att
344 557 88 26 påföras
455 557 109 21 allmänna
587 556 142 27 statsfonden,
749 556 69 22 skulle
832 556 48 21 med

121 590 89 27 ledning
228 591 24 20 af
267 590 144 23 förhållandet
426 592 70 21 under
512 592 25 21 de
553 591 42 22 fem
611 591 100 22 sistlidna
726 592 51 20 åren
792 591 34 21 för
841 597 39 14 un-

122 625 86 21 derhåll
224 625 30 27 af
264 626 114 21 städernas
388 626 126 27 folkskolor
525 625 108 22 erfordras
645 627 77 25 30,000
734 626 72 21 marks
818 625 63 27 årligt

123 660 99 21 tillskott.
253 660 33 21 Då
302 660 26 22 de
342 660 104 28 beviljade
462 661 142 27 årsbidragen
619 660 33 22 för
663 661 61 21 detta
735 660 100 22 ändamål
846 660 35 21 vid

122 694 110 27 utgången
252 694 23 22 af
288 695 24 21 år
330 696 52 20 1895
399 695 110 27 uppgingo
525 695 33 21 till
575 696 92 26 385,350
684 696 61 20 mark
761 696 56 20 samt
832 694 49 21 här-

123 728 32 22 till
174 729 74 27 läggas
269 729 25 21 de
314 729 22 21 af
352 729 123 22 Ständerna
490 730 33 21 för
540 730 52 21 åren
610 731 53 20 1896
680 730 39 21 och
735 730 53 21 1897
804 729 77 21 beräk-

123 762 56 22 nade
202 763 167 27 tillökningarna
392 764 23 21 af
436 765 78 25 25,000
532 764 63 21 mark
615 770 33 15 om
664 764 53 26 året,
733 764 62 21 torde
811 764 70 20 årsut-

123 798 67 27 giften
207 798 33 21 för
255 798 108 28 sistsagda
379 799 24 21 år
418 799 86 21 komma
520 800 34 20 att
569 799 74 27 uppgå
658 799 32 21 till
706 799 92 26 435,000
813 798 68 21 mark.

123 832 50 22 Med
192 832 62 22 detta
271 833 77 27 belopp
367 834 33 20 till
419 834 166 26 utgångspunkt
603 834 34 21 för
651 833 146 27 beräkningen
813 832 68 26 torde,

124 867 104 21 särskildt
250 868 7 20 i
278 868 106 21 anseende
403 868 32 21 till
450 867 222 22 folkskoleväsendets
688 868 7 20 i
711 868 26 20 de
752 868 71 20 större
838 868 44 20 stä-

125 901 67 22 derna
214 901 127 28 fortgående
363 902 129 28 utveckling,
517 902 35 22 det
576 902 23 22 af
616 898 169 31 Öfverstyrelsen
802 901 80 21 äskade

123 935 117 23 tillskottet
264 936 22 21 af
307 938 77 25 30,000
404 937 60 21 mark
484 943 34 15 om
538 937 47 21 året
600 936 97 22 befinnas
711 936 34 22 för
761 935 122 22 ändamålet

123 970 109 28 behöfligt.
263 971 42 21 För
334 972 146 20 instundande
510 971 203 27 bevillningsperiod
743 971 139 21 1898—1900

123 1004 69 22 blefve
208 1005 32 22 till
255 1006 52 27 följd
323 1006 61 21 deraf
397 1006 94 27 följande
508 1005 75 27 anslag
599 1005 32 21 till
642 1006 114 21 städernas
767 1004 114 22 folkskole-

124 1040 94 21 väsende
233 1040 148 28 erforderliga:

230 1104 54 21 1898
313 1121 4 4 .
348 1121 4 4 .
384 1120 4 4 .
420 1104 358 27 435,000
524 1090 17 45 4
555 1090 79 45 30,000
647 1090 18 45 =
679 1104 99 27 465,000.

230 1145 54 21 1899
313 1161 4 4 .
348 1161 4 5 .
384 1162 3 3 .
419 1144 358 28 465,000
526 1131 19 45 4
557 1131 80 45 30,000
653 1131 16 45 =
678 1144 99 28 495,000.

231 1185 53 21 1900
314 1201 4 4 .
349 1201 3 4 .
385 1202 4 3 =.
421 1184 358 27 495,000
526 1171 18 44 +
557 1171 81 44 30,000
652 1171 19 44 ==
681 1184 98 27 525,000.

556 1230 88 22 Summa
661 1231 118 26 1,495,000.

194 1299 32 22 På
248 1301 46 20 sätt
316 1299 62 22 ofvan
402 1299 82 22 anförts
509 1299 39 21 har
568 1299 33 21 uti
621 1299 36 21 det
675 1299 22 21 af
712 1298 123 22 Ständerna
849 1297 36 21 vid

125 1335 87 20 senaste
228 1333 104 28 landtdag
347 1333 33 22 för
395 1334 117 27 alönande
528 1333 30 26 af
570 1334 73 20 lärare
659 1334 38 20 och
712 1333 127 21 lärarinnor
849 1331 36 21 vid

125 1367 123 27 folkskolor
270 1369 32 26 pä
326 1368 72 21 landet
421 1368 69 21 under
514 1368 24 21 är
563 1368 53 21 1895
639 1367 104 27 beviljade
766 1366 75 27 anslag
865 1365 22 22 af

126 1403 92 25 957,000
241 1403 62 20 mark
326 1403 100 26 uppstätt
449 1409 26 14 en
498 1401 124 28 behällning
645 1401 22 22 af
684 1402 77 26 31,330
780 1400 62 21 mark
858 1401 27 20 40

125 1436 66 27 penni
214 1436 39 21 och
276 1436 77 21 endast
376 1436 98 27 omkring
497 1437 92 25 926,000
612 1435 61 22 mark
692 1434 126 26 utbetalats,
837 1440 48 15 men
