1039 1656
331 123 29 22 U.
376 124 29 21 B.
427 135 20 3 —
464 123 73 28 Prop.
555 123 46 22 N:o
617 123 36 22 27.
858 123 11 20 9

111 189 67 22 törer
206 189 64 22 hvar
298 189 39 22 för
365 189 39 28 sig
431 195 90 22 genom
546 189 149 22 utlåtanden
708 189 107 28 bidraga
835 188 36 22 till

112 223 86 28 dylika
226 223 124 22 ärendens
377 223 144 29 utredning.
559 223 57 22 Men
638 223 42 22 det
698 223 172 22 konsultativa

111 257 141 22 utlåtandet
279 257 107 29 betyder
410 258 21 28 ej
452 257 147 27 detsamma,
619 264 54 15 som
692 259 35 20 ett
745 257 125 29 sjelfstän-

112 292 54 29 digt
184 292 152 29 deltagande
354 292 7 21 i
380 292 135 29 kollegiala
534 292 90 22 beslut.
662 292 31 29 Ej
713 292 78 22 heller
809 298 61 22 upp-

112 327 52 21 står
174 326 7 22 i
192 326 68 22 förra
270 326 69 22 fallet
352 327 42 21 det
406 327 212 28 meningsutbyte,
633 333 53 16 som
699 327 8 21 i
717 327 43 22 det
773 332 95 16 senare.

112 361 53 22 Och
184 361 90 22 endast
292 361 42 22 det
352 361 135 29 kollegiala
500 362 127 27 systemet,
642 361 140 28 tillämpadt
800 361 8 21 i
822 360 47 22 alla

111 395 87 29 frågor
218 395 25 22 af
261 396 79 21 större
368 395 117 27 bärvidd,
512 395 95 23 förmår
633 395 47 22 hos
699 395 171 29 jernvägsför-

112 430 148 29 valtningen
278 430 172 28 upprätthålla
469 431 49 21 den
537 430 100 26 fasthet,
661 429 207 30 planmässighet,

112 465 104 28 stränga
234 464 164 29 hushållning
417 465 46 22 och
477 465 175 22 konsekventa
665 464 117 29 ordning,
796 464 74 22 hvar-

113 499 25 22 af
156 505 31 16 en
206 499 189 28 framgångsrik
418 499 158 22 omvårdnad
595 505 40 16 om
654 499 75 22 dessa
748 500 68 21 stora
835 498 35 22 in-

112 535 97 21 tressen
228 533 28 22 så
274 533 137 29 väsentligt
435 533 82 23 beror.
552 533 187 30 Oberäkneliga
762 533 108 22 omkast-

112 568 91 29 ningar
221 568 8 22 i
248 568 31 21 de
298 568 108 22 ledande
424 569 200 28 grundsatserna
643 568 84 23 kunde
745 567 80 23 blifva
838 573 31 16 en

112 603 62 28 följd
199 602 74 23 däraf
296 603 35 21 att
350 603 80 28 sagda
450 605 93 26 system
561 603 84 22 blefve
664 603 140 28 upphäfvet
824 602 45 21 och

113 637 32 22 all
172 637 148 29 myndighet
346 637 61 29 lagd
434 637 8 23 i
469 637 132 23 händerna
628 637 33 29 på
689 644 31 16 en
743 637 63 26 chef,
826 636 44 22 vid

112 672 77 22 hvars
216 672 43 22 val
283 671 127 23 måhända
429 673 35 21 ett
481 672 86 22 säkert
586 672 46 22 och
651 672 125 29 objektivt
793 671 76 22 bedö-

112 706 91 22 mande
222 706 26 22 af
265 706 179 29 lämpligheten
464 707 45 21 och
528 707 181 28 kompetensen
727 706 55 22 icke
800 705 69 23 alltid

112 747 61 15 vore
193 742 35 20 att
246 740 136 28 påräknas.

182 775 32 22 Af
233 775 74 22 dessa
326 775 55 22 skäl
396 775 47 22 har
456 775 127 23 Utskottet
595 777 59 21 trott
669 776 38 28 sig
720 775 62 22 böra
796 774 73 22 vörd-

111 811 63 21 samt
194 810 92 22 föreslå

386 909 35 21 att
443 907 132 24 Ständerna
592 907 57 29 ville,
674 908 4 22 i
696 906 172 31 sammanhang

317 941 51 24 med
385 941 79 32 öfriga
481 942 136 23 uttalanden
635 941 76 24 hvilka
729 941 31 29 af
768 941 43 23 den
823 939 45 25 nä-

317 976 54 31 diga
393 976 177 31 propositionen
597 974 116 33 angående
737 974 131 25 kommuni-

317 1010 178 31 kationsfonden
521 1010 140 31 föranledas,
689 1010 135 31 framställa
842 1017 27 15 en

316 1043 146 33 underdånig
486 1044 112 25 anhållan
617 1045 81 23 därom
715 1047 35 21 att
768 1044 35 24 det
821 1044 46 23 kol-

317 1079 81 31 legiala
416 1082 108 28 systemet
543 1078 72 25 måtte
633 1080 10 22 i
655 1080 35 23 det
705 1078 74 25 under
792 1078 75 24 bered-

317 1114 57 31 ning
400 1114 103 24 varande
525 1122 50 23 nya
592 1114 141 32 reglementet
751 1114 37 23 för
801 1113 67 31 jern-

317 1148 170 32 vägsstyrelsen
515 1147 126 25 bibehållas
668 1148 11 24 i
704 1146 164 33 hufvudsaklig

317 1182 234 31 öfverensstämmelse
563 1183 52 24 med
623 1182 159 33 stadgandena
793 1182 11 23 i
813 1182 55 31 gäl-

317 1217 69 24 lande
398 1217 131 32 reglemente
542 1218 30 31 af
581 1218 42 23 den
637 1218 32 23 31
681 1217 96 32 augusti
788 1216 80 24 1888.

180 1463 141 18 Statsutskottets
334 1463 110 20 betänkande
456 1463 38 20 N:o
507 1463 12 16 9
531 1466 22 19 B.
