1036 1661
225 108 14 21 2
419 109 27 22 U.
463 109 27 22 B.
506 121 28 4 —
549 109 73 27 Prop.
637 108 42 23 N:o
694 108 36 22 26.

194 165 52 27 ning
259 165 97 28 utförligt
368 166 39 21 och
419 167 131 26 mångsidigt
557 166 134 22 framhållits.
715 161 115 31 Äsigterna
840 166 47 21 icke
898 166 56 21 blott

195 206 34 15 om
241 200 82 21 banans
334 202 60 25 nytta
405 201 207 27 öfverhufvudtaget,
621 203 51 18 utan
683 200 61 21 äfven
754 206 33 15 om
795 200 159 28 nödvändighe-

194 235 35 20 ten
238 234 23 21 af
267 235 119 21 densamma
395 235 69 21 såsom
472 241 25 15 en
504 235 199 26 förbindningslänk
710 234 78 21 mellan
795 234 45 21 vårt
849 235 104 27 jernvägs-

194 270 37 19 nät
247 269 39 20 och
300 269 36 21 det
348 269 95 27 svenska,
462 269 63 21 hafva
540 270 75 20 vunnit
630 269 38 21 full
686 269 82 27 stadga.
800 268 73 22 Såsom
889 269 64 21 också

194 302 6 21 i
216 304 160 26 propositionen
391 304 101 26 angifves,
503 303 64 22 hafva
584 304 120 21 Ständerna
720 303 33 21 för
766 303 40 21 den
823 303 55 21 skull
891 303 61 21 äfven

194 337 35 21 vid
245 337 58 21 såväl
324 338 54 21 1888
398 344 44 15 som
464 338 53 21 1891
539 338 34 21 års
589 338 129 26 landtdagar
738 337 90 21 anhållit
843 344 33 14 om
893 338 59 21 Hans

194 371 119 27 Kejserliga
329 372 109 27 Majestäts
453 372 78 27 nådiga
546 372 81 27 förslag
641 373 7 21 i
661 374 77 19 ämnet.
762 372 111 21 Utskottet
884 372 68 22 finner

194 405 84 22 derföre
293 406 71 27 hvarje
379 407 122 27 ytterligare
516 407 113 26 utredning
645 407 22 20 af
676 406 164 27 ifrågavarande
849 407 44 26 jern
902 408 48 26 vägs

193 440 148 27 berättigande
364 441 23 21 så
409 441 85 27 mycket
514 441 81 21 mindre
613 447 52 15 vara
684 441 22 21 af
724 441 101 21 behofvet
843 441 107 26 påkallad,

193 481 45 14 som
258 475 110 21 Utskottet
387 476 6 21 i
412 476 41 21 allo
474 476 41 21 kan
534 476 73 21 förena
626 476 32 26 sig
677 482 34 15 om
728 476 26 20 de
769 475 7 21 i
792 476 158 26 propositionen

193 509 127 22 framhållna
335 511 91 20 motiven
439 510 33 21 för
486 511 68 20 denna
565 510 149 27 banbyggnad.
734 510 45 21 Och
792 510 39 21 har
842 510 56 21 inom
911 510 39 21 Ut-

194 544 82 21 skottet
294 545 19 26 ej
332 545 66 21 heller
418 546 68 26 någon
506 545 246 26 meningsskiljaktighet
771 547 77 24 yppats
871 545 78 25 derom,

194 579 32 20 att
242 578 118 22 Ständerna
379 586 29 14 nu
426 580 73 26 borde,
515 580 32 20 till
567 580 39 20 den
626 579 34 21 del
677 579 39 21 den
732 578 66 28 angår
814 578 134 27 Uleåborg
930 574 21 36 —

194 612 83 22 Torneå
297 614 94 26 jernväg,
412 614 113 26 godkänna
549 614 40 21 den
612 614 78 26 nådiga
712 614 157 26 propositionen
891 613 58 21 såväl

192 646 56 22 hvad
256 647 81 22 banans
343 648 119 27 föreslagna
469 648 123 27 sträckning
599 648 40 21 och
646 647 188 27 byggnadssystem
840 654 45 14 som
890 648 58 26 jern-

193 682 127 26 vägsbroars
336 683 115 26 apterande
467 682 33 22 för
510 683 194 26 landsvägsrörelse
721 682 107 21 beträffar.
851 682 97 21 Fastmer

193 716 39 20 har
247 716 110 22 Utskottet
377 719 68 19 ansett
464 717 63 27 högst
546 717 123 26 önskvärdt,
686 718 32 19 att
738 717 48 20 med
802 716 80 21 banans
898 716 52 27 byg-

193 751 70 26 gande
281 751 69 21 skulle
369 752 102 27 vidtagas,
488 752 24 20 så
530 754 59 18 snart
609 752 55 20 blott
684 751 101 27 lämpliga
804 751 145 21 arbetsledare

193 785 73 21 kunna
281 786 97 26 erhållas,
390 787 55 20 samt
460 786 33 21 för
504 786 169 27 banbyggnaden
687 786 65 21 redan
762 785 33 21 för
806 785 143 21 instundande

192 820 145 27 finansperiod
359 821 83 20 anvisas
465 821 32 20 till
517 821 40 20 och
576 821 48 20 med
644 823 31 18 ett
694 822 69 19 större
782 820 79 26 anslag,
882 822 27 18 än
928 820 22 20 af

193 854 125 27 regeringen
334 854 32 21 för
382 855 59 21 detta
456 855 97 21 ändamål
569 855 79 21 äskats.

262 889 11 20 I
288 889 40 21 den
344 889 76 27 nådiga
436 890 158 26 propositionen
610 890 96 27 antydes,
722 891 32 19 att
769 889 79 25 stället,
863 888 86 21 hvarest

193 922 37 21 det
248 923 91 21 svenska
354 923 160 28 jernvägsnätet
533 925 24 19 är
575 923 70 22 afsedt
665 925 32 20 att
712 923 77 22 beröra
804 923 144 26 riksgränsen,

193 959 57 19 änpu
265 957 48 21 icke
328 959 24 19 är
367 958 113 21 bestämdt.
504 957 165 28 Propositionen
684 957 118 22 innehåller
818 957 6 21 i
835 957 113 26 anledning

192 991 64 21 häraf
274 992 35 21 det
325 992 84 27 förslag,
430 994 31 19 att
480 993 47 21 med
546 993 123 27 byggandet
689 992 22 21 af
728 993 39 20 bro
787 991 59 21 öfver
865 991 83 21 Torneå

193 1025 30 22 elf
236 1026 68 21 borde
319 1027 115 21 tillsvidare
450 1027 67 21 anstå.
541 1027 49 21 Med
607 1027 99 21 afseende
717 1026 53 21 härå
781 1026 39 21 har
831 1025 116 26 Utskottet,

193 1066 44 15 som
256 1060 47 21 haft
321 1061 84 21 tillfälle
424 1063 32 20 att
476 1063 49 25 taga
545 1061 120 22 kännedom
685 1067 32 15 om
735 1061 40 21 den
790 1060 33 21 till
839 1060 109 27 pågående

193 1095 87 26 riksdag
295 1095 7 20 i
318 1095 85 27 Sverige
420 1096 78 20 aflåtna
513 1096 71 27 kongl.
595 1096 159 26 propositionen
766 1101 34 15 om
810 1101 63 14 norra
884 1097 64 18 stam-

193 1128 81 22 banans
294 1130 108 20 derstädes
422 1130 141 21 fortsättande
582 1130 47 20 från
648 1130 74 21 Boden
738 1129 80 21 station
833 1130 44 19 mot
893 1128 54 21 riks-

192 1164 98 26 gränsen,
307 1166 52 18 trott
375 1164 31 27 sig
422 1164 52 21 böra
490 1164 96 21 meddela
602 1164 99 27 följande.

261 1198 11 20 I
287 1198 77 26 Kongl.
379 1198 72 27 Maj:ts
467 1199 131 26 proposition
614 1198 7 21 i
637 1199 77 25 ämnet,
726 1198 70 26 gifven
814 1197 134 21 Stockholms

192 1231 52 21 slott
267 1232 40 21 den
329 1233 26 21 26
379 1232 102 22 Februari
504 1233 141 21 innevarande
665 1233 29 25 år,
714 1232 91 21 föreslås
824 1231 28 21 bl.
871 1238 26 19 a.,
916 1232 32 20 att

191 1265 73 21 beslut
279 1266 65 21 måtte
363 1266 66 22 fattas
448 1273 34 15 om
501 1267 112 27 byggande
632 1266 23 22 af
669 1273 26 15 en
708 1267 89 27 jernväg
812 1266 47 20 från
874 1265 73 21 Boden

192 1300 60 21 öfver
267 1301 91 27 Buddby
374 1302 39 20 och
429 1302 114 21 Niemifors
559 1302 32 20 till
607 1301 167 27 Ytter-Morjärv
790 1300 35 22 vid
840 1300 63 21 Kalix
919 1299 31 21 elf

191 1334 33 22 för
239 1341 26 15 en
280 1336 91 20 kostnad
388 1336 23 21 af.
424 1337 115 26 4,371,000
554 1336 85 26 kronor,
651 1337 55 20 samt
722 1336 32 20 att
769 1335 33 21 för
817 1334 130 27 påbörjande

191 1368 23 22 af
236 1370 92 21 nämnda
347 1370 229 27 jernvägsanläggning
595 1370 34 21 för
647 1370 24 20 år
683 1370 63 21 -1898
765 1369 71 21 skulle
854 1368 23 21 af
894 1369 53 20 riks-

191 1403 69 27 dagen
281 1404 82 21 anvisas
386 1405 112 26 1,300,000
516 1405 85 20 kronor.
632 1404 45 21 Och
696 1403 124 22 framhålles
838 1403 8 20 i
864 1404 32 19 ett
915 1402 31 21 till

260 1454 180 22 Jernvägsutskottets
453 1455 110 18 betänkande
575 1455 37 17 N:o
624 1455 17 17 1.
