1039 1659
176 151 28 20 28
368 150 84 23 Ständ.
468 150 39 23 Sv.
524 164 26 2 —
566 151 75 27 Prop.
657 150 42 23 N:o
715 150 38 23 23.

247 219 48 21 Har
316 220 153 26 anmärkning
485 220 70 26 gjorts
571 222 48 18 mot
635 220 38 20 det
688 219 120 21 utstakade
824 219 110 25 området,

176 254 55 20 eller
251 254 114 26 undergår
383 254 61 21 detta
460 254 98 27 ändring
573 254 30 28 på
619 254 74 27 grund
709 254 25 20 af
747 254 120 26 föreskrift,
884 260 50 14 som

176 287 7 21 i
200 288 27 20 23
249 288 6 26 $
272 288 12 20 2
300 295 70 14 mom.
387 288 66 27 afses,
469 288 65 27 skall,
551 288 75 21 ehvad
643 288 71 21 sådan
731 288 116 26 anmälan,
864 294 49 14 som
927 287 7 20 i

176 322 28 20 33
220 322 12 26 $
255 323 6 19 3
277 329 70 14 mom.
368 324 104 25 nämnes,
489 322 59 21 skett
563 323 54 21 eller
633 322 56 27 icke,
705 323 97 26 utslaget
816 321 118 27 angående

176 356 105 21 området
302 356 57 21 först
378 356 97 27 utgifvas
491 357 44 21 och
551 356 53 21 med
620 356 133 27 afgörandet
768 356 25 21 af
805 356 72 26 öfriga
892 355 42 21 frå-

176 395 41 21 gor
232 390 55 22 bero
303 390 34 21 till
353 390 52 22 dess
420 391 38 21 det
473 391 75 27 utslag
563 390 83 21 vunnit
661 391 51 26 laga
728 390 65 21 kraft.

524 483 29 20 40
568 483 19 25 8.

247 528 85 26 Utslag,
355 535 50 14 som
425 530 97 19 nämnes
538 528 7 21 i
561 529 27 20 39
604 529 19 25 8,
640 528 58 20 skall
714 528 98 26 utgifvas
827 527 55 21 efter
896 534 39 14 an-

177 562 49 27 slag
242 565 60 18 samt
317 563 163 21 underrättelse
497 570 38 14 om
552 562 141 27 utgifvandet
709 564 77 24 genast
800 562 39 21 ske
852 562 32 20 uti
896 562 38 20 all-

177 598 87 19 männa
287 596 146 28 tidningarna
456 598 44 20 och
525 604 78 14 annan
626 597 13 21 å
655 599 72 24 orten,
743 596 41 21 där
799 596 134 26 fastigheten

177 632 26 19 är
225 631 103 27 belägen,
352 632 79 26 spridd
446 632 95 26 tidning.
573 632 88 20 Genom
677 632 155 26 guvernörens
847 630 87 26 försorg

176 665 44 21 bör
243 666 44 20 ock
310 666 90 20 afskrift
415 666 25 20 af
453 666 96 26 utslaget
565 666 81 24 hållas,
663 665 133 21 afträdande
812 666 121 24 rättsegare

176 699 35 21 till
233 699 140 27 kännedom,
396 700 135 26 tillgängligt
553 700 44 21 hos
620 700 146 26 magistraten
782 699 54 21 eller
852 699 82 20 krono-

177 734 155 20 länsmannen
349 734 6 20 i
372 736 70 19 orten.

524 798 27 19 41
568 798 19 25 8.

247 842 57 27 Den,
328 849 49 14 som
401 844 25 19 är
449 842 112 28 missnöjd
585 843 52 21 med
659 844 153 25 guvernörens
838 842 7 20 i
869 842 27 20 39
921 842 13 25 $

178 876 14 21 3
204 883 71 14 mom.
292 876 102 22 nämnda
410 878 80 26 utslag,
501 877 55 21 söke
568 877 97 27 ändring
675 877 50 20 däri
736 876 7 21 i
754 876 108 21 Senatens
876 876 59 20 Eko-

178 910 236 28 nomiedepartement
435 911 63 21 inom
515 911 129 27 fyratiofem
659 911 71 27 dagar
745 911 55 21 efter
814 910 38 21 det
867 910 68 20 utsla-

177 946 36 24 get
228 944 55 27 gafs.

525 998 28 20 42
569 998 18 26 8.

248 1042 69 27 Nöjes
340 1042 18 28 ej
383 1044 121 26 rättsegare
527 1043 22 20 åt
571 1044 154 25 guvernörens
748 1042 74 26 utslag
838 1040 97 22 rörande

177 1076 155 27 ersättningen
352 1077 44 21 och
411 1077 72 26 öfriga
498 1077 95 21 därmed
610 1076 229 26 sammanhängande
855 1075 81 26 frågor,

178 1110 74 21 utföre
268 1110 36 21 sin
320 1111 62 20 talan
398 1111 39 21 vid
452 1111 100 21 domstol
569 1111 29 27 på
615 1110 122 27 stämning,
754 1117 50 14 som
820 1110 43 20 bör
875 1108 61 22 med-

178 1144 64 22 delas
257 1145 150 27 vederparten
423 1145 7 20 i
446 1145 50 21 stad
512 1145 64 21 inom
587 1151 39 15 sex
635 1144 111 22 månader
756 1144 55 21 efter
820 1144 38 20 det
868 1143 68 21 utsla-

177 1181 36 23 get
228 1179 50 26 gafs
294 1179 44 21 och
354 1179 30 27 på
399 1179 77 21 landet
491 1179 41 21 sist
547 1179 34 21 till
597 1179 38 21 det
650 1179 93 27 lagtima
753 1178 55 26 ting,
820 1184 50 14 som
881 1177 55 21 efter

178 1212 70 26 sagda
264 1213 45 21 tids
325 1213 90 27 förlopp
432 1213 55 21 först
502 1213 96 21 infaller.

247 1246 47 22 Gör
308 1247 149 21 innehafvare
472 1247 25 21 af
510 1247 163 27 nyttjanderätt
686 1247 55 21 eller
752 1252 78 15 annan
841 1244 96 22 därmed

178 1280 95 21 likstäld
295 1280 106 27 rättighet
423 1287 82 21 genom
521 1281 65 27 dylik
601 1282 62 20 talan
679 1280 165 22 vidsträcktare
860 1280 76 20 ersätt-

177 1314 172 28 ningsanspråk
372 1315 112 27 gällande,
506 1322 53 14 vare
583 1315 142 21 tillträdaren
740 1314 126 26 berättigad
882 1316 32 18 att
929 1312 8 21 i

178 1350 171 26 sammanhang
371 1350 53 20 med
446 1350 45 20 den
514 1350 62 20 talan
600 1350 88 26 påyrka
706 1348 68 22 däraf
786 1348 152 26 tilläfventyrs

177 1382 109 28 betingad
306 1383 124 27 jämkning
444 1384 8 20 i
467 1384 45 20 den
532 1383 136 28 jordegaren
689 1382 93 27 tillagda
805 1381 132 26 ersättning,

177 1417 62 21 ändå
256 1420 32 18 att
304 1417 82 21 sådant
402 1418 103 27 yrkande
521 1418 50 20 icke
586 1417 80 21 väckts
681 1417 64 21 inom
761 1416 44 22 den
821 1416 8 20 i
843 1416 9 20 1
866 1422 70 14 mom.

177 1450 139 22 föreskrifna
331 1451 39 21 tid.
