1036 1656
318 112 28 22 U.
362 112 27 22 B:
407 124 26 4 —
450 112 75 28 Prop.
540 112 36 22 No
592 112 39 22 53.
831 114 26 20 19

106 184 126 27 väsentliga
246 183 103 23 fördelar.
382 184 135 28 Härigenom
532 184 84 22 befrias
632 184 44 21 han
691 184 8 21 i
713 184 96 22 flertalet
819 183 40 22 fall

107 218 51 22 frän
179 219 192 28 nödvändigheten
393 221 34 20 att
447 220 28 26 pä
497 219 94 22 förhand
612 220 50 21 med
680 219 179 23 hufvudmannen

107 255 135 22 kontrahera
260 262 34 14 om
310 256 39 21 sitt
369 256 88 27 arvode,
473 256 88 21 hvilket
576 256 72 21 mäste
663 262 55 15 vara
730 254 36 22 för
781 255 78 21 honom

107 290 52 28 föga
174 293 118 25 angenämt
307 292 131 26 isynnerhet
453 292 7 21 i
477 292 28 21 de
520 291 47 28 fall,
584 291 28 22 dä
628 291 27 22 de
671 292 29 26 pä
708 290 103 23 arvodets
822 291 36 21 be-

107 327 51 27 lopp
182 327 112 22 verkande
317 328 217 27 omständigheterna
557 328 50 22 icke
631 328 74 20 kunna
721 327 28 27 pä
765 326 94 22 förhand

107 363 117 22 beräknas.
255 363 81 21 Vidare
357 369 67 21 synes
444 366 67 19 taxan
530 370 56 15 vara
601 363 72 27 egnad
689 365 33 19 att
737 362 122 28 förebygga

108 399 27 22 de
161 399 75 21 odiösa
261 405 116 21 processer
402 400 115 27 angående
532 398 260 28 ombudsmannaarvode,
813 404 45 16 som

108 441 81 16 annars
204 435 116 27 lätteligen
336 436 86 27 uppstä,
439 438 57 19 samt
512 435 35 22 för
558 435 131 22 sakföraren
700 435 98 22 medföra
809 435 50 22 säk-

108 477 51 16 rare
180 471 112 27 garantier
312 471 35 22 för
368 474 33 19 ett
421 472 92 22 rättvist
533 471 164 28 uppskattande
722 470 25 22 af
760 471 55 21 hans
831 470 28 27 pä

109 507 69 22 saken
196 507 109 27 nedlagda
321 507 76 22 arbete
413 509 28 20 än
457 514 33 15 om
515 507 131 28 pröfningen
663 507 68 22 häraf
744 508 53 20 utan
813 506 45 22 led-

108 543 55 27 ning
180 543 25 21 af
223 543 72 27 nägon
316 543 147 28 allmängiltig
479 550 61 15 norm
556 543 148 22 öfverlemnas
720 541 139 23 uteslutande

108 579 25 21 ät
148 579 114 22 domarens
278 579 127 27 subjektiva
420 579 104 22 omdöme.

180 615 42 21 Att
238 614 40 22 fall
294 615 75 22 kunna
383 615 80 27 gifvas,
481 615 28 22 dä
524 615 104 22 arvodets
643 614 143 22 beräknande
802 613 58 22 efter

108 652 53 19 taxa
182 650 50 22 icke
250 651 73 22 skulle
338 651 81 22 bereda
435 650 131 22 sakföraren
580 651 74 27 skälig
669 650 142 28 godtgörelse
825 649 35 22 för

108 687 55 21 hans
179 687 87 27 besvär,
282 689 26 19 är
323 687 37 21 väl
376 687 146 27 obestridligt.
546 687 51 21 Men
610 686 35 22 för
653 687 66 21 dessa
727 685 132 27 undantags-

109 722 40 21 fall
171 722 41 21 har
235 722 43 21 han
295 722 25 27 ju
336 724 96 25 utvägen
448 724 33 19 att
497 728 77 21 genom
591 721 135 28 föregäende
741 721 55 22 aftal
812 721 49 22 med

109 760 79 25 parten
210 758 24 21 ät
254 758 35 27 sig
310 758 83 22 utfästa
414 758 37 21 det
470 758 88 27 arvode,
578 764 46 16 som
640 761 123 18 motsvarar
779 757 81 22 sakens

109 793 48 28 vigt
177 796 57 19 samt
255 794 78 22 mättet
355 794 25 21 af
399 794 42 22 den
463 794 102 21 omtanke
586 794 40 21 och
650 793 63 22 möda
737 793 50 22 dess
803 792 56 22 utfö-

109 829 68 22 rande
199 830 44 21 kan
262 829 85 23 kräfva.
378 830 33 27 Ty
431 829 66 23 äfven
518 829 145 28 lagförslaget
682 829 131 27 uppställer,
832 828 29 27 pä

110 871 82 16 samma
212 867 45 20 sätt
277 871 46 16 som
344 872 28 15 nu
388 865 104 28 gällande
513 865 43 28 lag,
573 865 55 22 aftal
644 865 70 22 säsom
732 865 42 21 den
790 864 71 21 första

109 901 101 27 grunden
230 901 35 22 för
285 901 164 22 bestämmande
465 901 24 22 af
503 901 103 22 arvodets
623 901 78 27 belopp
718 901 40 21 och
774 899 85 22 medde-

109 937 34 21 lar
166 936 117 23 föreskrift
305 943 33 16 om
362 937 51 22 dess
432 937 144 22 beräknande
591 936 58 23 efter
664 938 53 20 taxa
733 936 78 22 endast
826 935 35 22 för

110 972 37 22 det
166 971 40 22 fall
230 974 32 20 att
288 972 54 22 aftal
365 973 50 22 icke
431 972 93 23 träffats,

182 1008 172 22 Vidkommande
378 1008 133 27 pästäendet
530 1010 33 19 att
578 1008 86 21 mindre
680 1009 181 26 samvetsgranna

110 1043 79 23 ombud
208 1044 43 21 lätt
266 1043 68 22 funne
349 1045 69 26 utväg
434 1046 34 19 att
483 1043 96 28 kringgå
595 1043 43 22 den
654 1043 118 22 faststälda
787 1045 74 24 taxan,

110 1080 45 21 kan
180 1080 37 21 väl
240 1080 50 21 icke
313 1079 110 22 bestridas
447 1082 34 19 att
503 1079 65 22 fallet
586 1079 100 22 stundom
702 1079 75 22 kunde
792 1077 70 22 blifva

111 1115 85 28 sädant,
222 1122 50 15 men
295 1115 72 22 denna
382 1115 119 28 olägenhet
516 1117 26 20 är
558 1115 55 22 dock
629 1114 25 22 af
667 1115 65 27 ringa
747 1113 115 28 betydelse

110 1151 8 21 i
138 1151 129 27 jemförelse
290 1151 49 22 med
362 1151 27 22 de
413 1151 104 28 fördelar,
542 1157 45 15 som
611 1157 78 21 genom
708 1149 116 23 införande
840 1149 24 22 af

110 1189 53 19 taxa
181 1189 38 20 äro
235 1189 33 20 att
283 1187 106 27 päräkna.
420 1186 35 22 En
471 1193 73 15 annan
559 1187 41 21 sak
616 1188 24 20 är
657 1189 33 19 att
704 1185 158 28 upprättandet

111 1222 25 23 af
149 1229 28 16 en
192 1223 92 28 lämplig
299 1225 52 20 taxa
366 1225 26 20 är
408 1229 27 16 en
446 1223 120 28 ingalunda
576 1223 43 22 lätt
630 1222 92 28 uppgift.
747 1222 115 22 Utskottet

111 1259 71 22 häller
206 1259 56 22 dock
278 1259 48 22 före
342 1261 33 20 att
389 1262 65 19 taxor
470 1259 75 21 kunna
561 1259 25 21 sä
602 1260 123 25 upprättas,
742 1260 33 19 att
794 1257 3 22 i
813 1257 49 22 dem

111 1295 91 27 lämplig
224 1295 87 27 hänsyn
327 1297 62 25 tages
405 1295 36 21 till
457 1295 155 22 arbetsmättet
628 1295 40 22 och
684 1294 68 22 andra
767 1295 95 22 omstän-

111 1330 103 27 digheter
224 1331 7 21 i
242 1331 38 21 det
290 1330 101 22 enskilda
401 1329 72 29 fallet,
484 1331 58 21 blott
550 1330 204 26 arvodesbeloppen
765 1328 97 28 uppstäl-

111 1365 34 22 las
161 1366 49 22 med
225 1366 134 27 tillräekligt
372 1365 140 22 vidsträckta
525 1365 112 22 latituder.
663 1365 46 22 Till
717 1365 72 22 denna
799 1363 64 28 fräga

111 1401 36 22 får
170 1401 116 22 Utskottet
308 1401 36 22 för
367 1401 69 28 öfrigt
458 1401 91 23 tillfälle
570 1403 33 20 att
622 1407 78 16 senare
720 1400 142 23 återkomma.

183 1449 138 22 Lagutskottets
334 1449 116 18 betänkande
463 1448 38 19 N:o
514 1449 25 18 11.
