1036 1659
304 108 28 22 U.
348 107 27 22 B.
393 120 24 3 —
434 108 73 27 Prop.
522 108 42 22 N:o
579 108 35 22 26.

287 371 233 28 Jernvägsutskottets
541 370 140 23 betänkande
700 369 36 23 N:o
754 371 8 20 1
779 370 7 22 i
801 376 36 15 an-

221 405 89 28 ledning
326 405 24 22 af
363 405 58 22 Hans
438 405 125 28 Kejserliga
576 405 113 28 Majestäts
701 404 80 29 nädiga
791 411 47 22 pro-

220 440 93 28 position
332 439 34 22 till
386 439 104 22 Finlands
509 439 101 28 Ständer,
630 439 113 28 angäende
763 439 76 22 vidare

217 474 238 29 jernvägsbyggnader
469 474 7 21 i
493 473 82 23 landet.

153 579 75 20 Denna
246 578 78 27 nädiga
343 579 133 26 proposition
492 577 64 22 hafva
571 577 99 28 samtliga
686 577 67 22 Ständ
771 577 68 22 öfver-

83 614 81 21 lemnat
179 613 32 21 till
225 612 221 27 Jernvägsutskottets
457 612 156 22 förberedande
623 612 165 27 handläggning,
800 613 38 20 och

83 648 40 21 har
137 647 112 22 Utskottet
264 647 103 26 derjemte
386 646 41 22 fätt
446 648 109 25 emottaga
570 646 197 27 protokollsutdrag
782 646 58 21 öfver

84 683 40 20 den
145 681 126 26 diskussion,
291 687 45 15 som
354 681 7 21 i
377 681 96 21 Ständen
489 683 36 24 egt
545 687 46 15 rum
611 681 35 21 vid
669 681 171 27 propositionens

84 716 81 21 remiss.
196 715 31 22 På
246 715 72 21 derom
337 715 60 27 gjord
416 715 94 27 begäran
530 715 39 21 har
588 715 111 22 Utskottet
719 715 61 21 äfven
803 715 36 21 be-

85 751 89 21 kommit
196 749 23 22 af
241 745 169 31 Öfverstyrelsen
433 750 33 21 för
484 751 50 26 väg-
554 749 38 22 och
616 749 225 28 vattenbyggnaderna

85 785 119 27 uppgjorda
229 785 78 25 kartor,
331 783 86 27 profiler
441 785 39 20 och
504 784 183 27 kostnadsförslag
709 784 32 21 för
763 785 6 20 i
793 791 46 20 pro-

86 819 118 27 positionen
221 819 32 20 till
272 818 113 21 utförande
402 818 120 28 föreslagna
538 819 52 21 eller
606 819 38 20 der
658 825 76 14 annars
750 819 91 21 berörda

83 853 258 28 jernvägsanläggningar,
365 855 56 19 samt
443 853 106 21 särskilda
575 853 132 27 handlingar,
731 853 110 21 tillkomna

86 888 28 26 på
129 887 68 28 grund
213 887 23 21 af
254 887 45 21 dels
318 887 210 27 ständerpetitioner,
548 887 45 22 dels
612 888 81 21 städers
713 888 38 21 och
771 888 70 21 lands-

86 922 137 21 kommuners
239 922 146 26 underdåniga
401 921 144 27 ansökningar
560 928 34 15 om
610 922 124 21 ekonomisk
747 922 38 21 och
796 922 46 21 tek-

87 957 47 20 nisk
153 957 160 26 undersökning
336 956 33 21 för
389 956 224 27 jernvägsbyggnader
635 957 7 20 i
665 957 56 20 vissa
743 957 59 20 delar
820 956 23 21 af

87 991 78 26 landet,
176 990 107 22 äfvensom
300 991 107 26 protokoll
423 990 60 21 öfver
499 991 39 20 den
554 991 34 20 vid
605 991 61 21 dessa
677 991 99 21 ärenders
787 991 55 21 före-

87 1025 104 28 dragning
206 1025 6 21 i
228 1025 119 27 Kejserliga
363 1025 94 21 Senaten
473 1025 113 21 förefallna
602 1025 136 28 omröstning.

276 1231 250 34 Tleäborg—Torneä
541 1233 113 33 jernvåg.

157 1301 83 27 Frågan
259 1307 34 16 om
312 1301 111 28 byggande
443 1301 22 22 af
483 1308 24 15 en
522 1301 90 28 jernväg
626 1301 46 22 från
688 1301 108 27 Uleåborg
811 1301 32 22 till

87 1335 84 22 Torneå
188 1335 40 22 har
247 1336 55 21 ända
318 1336 65 21 sedan
402 1336 54 21 1885
472 1336 35 21 års
523 1336 145 21 ständermöte
683 1336 52 21 stått
749 1336 29 27 på
793 1336 50 27 dag-

87 1370 127 26 ordningen,
238 1370 26 20 då
290 1370 89 26 petition
407 1376 34 15 om
468 1371 49 20 dess
539 1371 112 21 utförande
673 1370 66 21 första
761 1371 82 27 gången

88 1404 94 21 väcktes.
212 1404 114 21 Härunder
344 1404 39 21 har
399 1404 123 28 betydelsen
539 1404 23 22 af
576 1404 69 22 denna
657 1404 187 28 jernvägsanlägg-

156 1454 181 24 Jernvägsutskottets
349 1455 112 18 betänkande
474 1456 37 17 N:o
526 1456 14 17 1.
