1036 1659
188 140 27 19 18
405 138 28 22 U.
449 138 28 22 B.
494 150 24 4 —
536 138 74 28 Prop.
626 138 42 22 N:o
684 138 34 22 24.

187 206 95 28 stadgas
304 206 7 21 i
334 206 106 28 gällande
462 206 144 28 förordning,
625 206 118 29 angående
763 205 179 23 kommunalför-

189 240 107 29 valtning
311 241 30 28 på
354 240 85 22 landet.

540 307 14 25 8
570 306 19 21 7.

257 345 46 22 Vid
318 346 111 28 pröfning
444 346 26 22 af
483 346 243 22 kommunalstämmas
742 346 78 21 beslut
832 352 53 22 eger
895 346 47 20 Gu-

190 383 85 18 vernör
291 380 109 22 särskildt
415 380 90 29 beakta,
521 383 35 19 att
570 381 37 21 för
622 381 110 21 samhälle
748 380 121 22 tillernade
884 379 59 22 före-

189 414 96 22 skrifter
300 417 115 20 motsvara
430 418 78 19 ortens
524 416 43 21 och
583 416 152 21 kommunens
754 415 74 21 behof
841 417 59 19 samt
910 417 34 19 att

188 448 67 22 deras
270 449 179 29 genomförande
465 450 77 22 sävidt
557 450 94 29 möjligt
666 450 51 22 icke
732 450 81 21 varder
828 449 36 22 för
880 449 63 22 kom-

189 491 55 14 mun
266 484 56 21 eller
337 485 109 21 samhälle
462 485 156 29 betungande;
636 485 7 21 i
659 485 90 21 hvilket
764 484 109 22 afseende
888 484 55 21 full-

189 518 95 28 ständig
302 519 117 29 reglering
437 519 26 22 af
479 520 117 26 samhälle,
616 519 81 22 endast
712 519 40 21 der
767 518 176 22 förhällandena

189 553 82 21 sädant
293 553 123 29 medgifva,
441 554 36 21 mä
495 562 42 20 ega
552 562 50 14 rum
619 556 88 26 genast,
724 561 52 14 men
792 554 7 21 i
816 555 70 19 annat
901 553 42 21 fall

188 587 95 29 gradvis
306 588 43 21 och
372 588 127 28 efterhand,
522 588 74 22 under
618 589 48 21 viss
686 589 79 27 längre
780 588 56 22 eller
852 588 91 21 kortare

189 622 110 28 tidrymd,
314 622 42 22 allt
371 622 108 22 eftersom
495 623 229 29 omständigheterna
739 622 39 22 det
794 622 81 22 tilläta.

541 688 13 26 8
570 688 19 21 8.

257 726 83 22 Derest
362 727 8 21 i
392 727 110 21 samhälle
524 727 63 21 vissa
610 727 148 21 kommunala
773 726 168 27 förhållanden,

189 761 76 21 såsom
286 761 201 28 upprätthållande
511 762 25 21 af
556 762 86 21 allmän
664 761 106 28 ordning,
794 761 81 27 fattig-
898 760 43 21 och

188 794 124 23 helsovård
334 803 28 13 m.
381 803 36 20 m.,
433 796 51 21 icke
499 796 79 21 kunna
594 795 216 22 tillfredsställande
826 794 90 27 ordnas,
933 795 7 20 i

188 832 27 26 ty
237 832 36 19 att
294 830 107 28 gällande
420 830 166 29 författningar
600 831 97 21 rörande
713 829 228 23 kommunalförvalt-

188 864 59 28 ning
269 865 56 21 eller
346 865 72 22 andra
439 865 91 22 dermed
554 864 225 30 sammanhängande
798 864 143 28 stadganden

188 898 52 22 icke
259 898 117 29 medgifva
391 907 29 14 en
436 900 67 28 billig
518 900 43 21 och
576 900 84 21 rättvis
676 899 132 28 fördelning
824 898 26 22 af
862 899 80 27 rättig-

188 933 66 21 heter
269 933 42 21 och
327 933 160 29 skyldigheter
502 934 98 22 emellan
616 934 44 22 den
677 934 115 27 kommun,
808 933 64 21 hvari
884 940 57 14 sam-

188 968 73 21 hället
276 971 24 18 är
316 968 96 28 beläget,
425 968 43 22 och
478 968 172 29 närgränsande
661 976 76 14 annan
748 968 117 28 kommun,
876 968 66 21 hvar-

188 1002 37 21 till
248 1002 122 22 samhället
387 1003 8 21 i
414 1005 33 19 ett
463 1003 55 21 eller
533 1006 73 19 annat
621 1003 107 21 afseende
744 1006 25 18 är
784 1002 36 22 för
835 1002 50 21 sina
901 1001 41 22 lef-

187 1036 219 22 nadsförhållanden
422 1038 128 28 hänvisadt,
567 1045 53 14 vare
636 1038 67 21 dessa
719 1038 135 21 kommuner
870 1036 71 22 berät-

187 1070 86 29 tigade,
289 1078 52 15 men
357 1071 41 21 der
411 1072 82 21 sådant
508 1072 26 22 af
545 1072 132 28 någondera
688 1072 140 22 kommunen
839 1072 46 21 eller
896 1071 47 21 Gu-

187 1108 85 18 vernör
287 1106 80 27 (utesl.)
382 1106 99 28 påyrkas
497 1107 56 21 eller
568 1108 27 26 af
608 1107 90 22 Senaten
714 1106 132 26 anbefalles,
856 1106 86 28 jemväl

187 1140 111 28 skyldiga
306 1142 35 19 att
348 1140 201 22 öfverenskomma
557 1141 50 27 och,
616 1141 87 21 enhvar
710 1141 30 28 på
748 1141 36 21 sin
793 1142 43 26 ort,
846 1140 96 25 besluta,

188 1174 29 28 på
239 1174 62 22 hvad
324 1174 107 28 lämpligt
449 1178 46 18 sätt
513 1175 100 21 nämnda
628 1175 138 28 rättigheter
782 1174 42 22 och
840 1174 103 28 skyldig-

189 1208 67 21 heter
278 1208 55 22 böra
356 1208 166 23 kommunerna
540 1210 99 21 emellan
657 1209 107 22 fördelas.
802 1209 70 21 Varda
887 1209 56 21 kom-

187 1250 108 14 munerna
311 1250 34 15 om
360 1244 70 22 sådan
445 1244 125 28 fördelning
585 1252 55 20 ense,
655 1244 59 22 skola
725 1244 61 22 deras
797 1244 66 21 beslut
873 1244 69 21 derom

187 1277 142 27 öfverlemnas
351 1278 33 21 till
407 1278 145 27 Guvernören,
574 1279 30 27 på
618 1279 85 21 hvilken
720 1278 34 22 det
768 1278 122 22 ankommer
905 1280 38 24 att,

188 1311 68 22 derest
271 1311 91 22 besluten
378 1312 44 22 icke
437 1312 84 23 kränka
538 1313 93 21 enskilds
645 1315 44 19 rätt
704 1312 50 22 eller
768 1312 49 28 eljes
832 1312 111 23 innehålla

187 1346 68 27 något
271 1348 52 19 emot
338 1347 36 27 lag
388 1347 117 27 stridande,
523 1348 107 21 desamma
644 1347 116 28 fastställa.
775 1348 53 21 Kan
841 1348 103 26 öfverens-

186 1380 114 22 kommelse
322 1388 32 14 om
377 1381 168 23 kommunernas
566 1382 172 28 ifrågavarande
759 1382 126 28 rättigheter
907 1382 36 21 och

186 1416 145 27 skyldigheter
353 1416 45 20 icke
416 1417 69 26 ernås,
505 1417 59 21 skola
582 1418 62 20 deras
662 1416 77 22 beslut
755 1416 7 22 i
778 1416 71 22 saken
865 1416 78 28 (utesl.)

257 1455 205 19 Kommunalutskottets
474 1457 110 17 betänkande
596 1456 35 18 N:o
645 1458 15 16 6.
