1031 1656
332 147 301 28 Petitionsmemorial.

169 215 74 25 Ridd.
259 222 24 18 o.
297 216 81 24 Adeln
698 216 46 24 N:o
759 216 36 24 17.

640 379 154 27 (Översättning).

178 441 54 20 Till
247 441 156 25 Höglofliga
417 441 200 26 Ridderskapet
631 442 46 20 och
693 441 91 20 Adeln.

170 505 32 20 Då
222 499 135 25 Äbo—Karis
377 505 84 24 jernväg
482 505 65 20 under
569 505 134 19 instundande
728 504 135 25 finansperiod

99 533 59 21 torde
174 533 61 20 +lifva
250 533 71 26 färdig,
337 535 23 18 är
375 533 34 20 det
421 533 104 25 naturligt,
536 535 30 18 att
576 534 63 19 under
649 533 135 20 innevarande
796 533 67 20 landt-

99 562 40 25 dag
153 562 67 20 beslut
235 563 88 18 kommer
338 564 29 17 att
383 562 60 19 fattas
456 563 104 24 angående
576 562 97 20 bandelen
689 563 71 19 mellan
770 561 93 25 Helsing»

100 591 42 20 fors
158 591 37 20 och
211 591 70 24 Hangö
297 591 72 19 banan.

168 619 43 21 Allt
230 620 61 19 sedan
311 619 78 24 förslag
409 619 82 20 väcktes
507 625 31 14 om
554 620 103 24 byggande
672 619 22 20 af
711 625 23 14 en
750 619 52 20 bana
817 619 47 20 från

98 648 126 25 Helsingfors
246 652 39 16 mot
307 651 72 23 vester,
399 649 60 19 hafva
475 649 102 23 äsigterna
593 649 103 24 angående
711 649 47 19 dess
771 648 91 24 riktning

98 678 52 19 varit
168 677 79 24 delade,
265 677 75 20 hvilket
354 677 7 19 i
377 677 39 24 hög
431 677 49 24 grad
495 677 90 24 fördröjt
599 677 109 24 företagets
719 677 142 20 realiserande.

167 706 133 20 Alldenstund
321 706 116 24 regeringen
457 706 28 25 pä
504 707 58 23 gjord
581 706 92 20 anhällan
693 706 45 20 icke
754 705 62 25 ansäg
831 705 33 25 sig

98 734 68 20 kunna
187 735 60 19 afläta
268 735 60 23 nådig
350 735 126 24 proposition
496 740 32 15 om
546 735 122 24 anläggande
684 734 22 21 af
716 735 84 24 jernväg
813 733 47 21 mel-

98 763 32 20 lan
146 762 125 26 Helsingfors
287 763 36 20 och
339 763 110 24 Nummela,
463 764 76 24 nödgas
549 763 32 20 för
596 763 62 20 saken
669 758 135 34 intresserade
813 758 52 34 per-

98 797 60 14 soner
178 793 65 19 vända
265 792 30 24 sig
316 792 31 19 till
369 793 116 19 ständerna.
515 793 62 19 Detta
595 792 107 20 fördristar
718 792 35 25 jag
773 792 41 24 mig
829 793 33 18 att

98 823 48 22 göra
161 821 44 20 med
221 821 22 19 sä
257 821 79 24 mycket
351 822 64 18 större
431 821 45 20 skäl
491 821 6 19 i
510 821 133 20 betraktande
657 821 21 20 af
688 821 44 20 vårt
743 821 59 19 lands
811 825 49 20 gyn-

97 855 75 15 samma
193 849 108 25 finansläge
320 849 37 20 och
381 849 26 20 dä
425 850 87 19 nämnda
529 850 148 24 jernvägslinie,
697 855 31 14 om
748 849 64 24 nägon
840 848 23 21 af

98 879 32 18 vid
150 878 65 21 denna
233 878 82 24 landtag
333 877 114 25 föreslagna
462 884 40 19 nya
517 879 80 24 sädana,
613 878 93 25 erbjuder
718 878 60 20 säkra
790 883 71 19 garan-

98 907 38 19 tier
156 907 32 20 för
206 907 31 20 sin
257 907 123 19 rentabilitet
395 907 66 19 deruti
477 909 31 17 att
523 907 38 19 den
576 907 68 20 direkt
658 907 159 20 sammanbinder
831 908 30 18 ett

98 934 72 21 sådant
188 935 156 26 trafikcentrum,
366 941 42 14 som
427 935 146 21 hufvudstaden
589 936 8 19 i
612 936 48 20 våra
675 935 139 20 förhållanden
830 937 32 23 är,

97 964 45 20 med
157 970 24 14 en
202 964 8 20 i
225 964 125 20 ekonomiskt
365 963 114 21 hänseende
494 964 97 20 vällottad
605 963 118 26 landsbygd,
738 966 52 18 samt
805 964 55 20 dess-

97 994 53 18 utom
170 993 93 25 bidrager
283 995 30 18 att
330 994 51 23 göra
398 993 58 19 äfven
473 993 38 20 den
533 993 114 20 nuvarande
665 994 108 24 jernvägen
788 992 32 20 till
836 998 24 14 en

97 1022 65 24 nyttig
179 1022 38 20 och
233 1022 78 24 lifaktig
326 1022 48 19 länk
389 1022 7 19 i
411 1022 48 20 vära
473 1022 245 20 kommunikationsleder.

166 1049 125 26 Helsingfors
311 1050 38 20 och
368 1050 45 20 dess
429 1050 126 25 omgifvande
569 1050 115 25 landsbygd
699 1051 68 19 kunna
781 1050 7 19 i
804 1050 57 19 detta

97 1080 113 19 hänseende
229 1080 45 19 icke
294 1079 59 20 hafva
367 1082 96 17 motsatta
481 1080 107 23 intressen,
608 1079 26 21 då
650 1080 23 24 ju
692 1079 65 24 begge
773 1077 88 21 behöfva

96 1108 120 21 hvarandra.
246 1108 30 20 En
299 1108 94 24 riktning,
414 1114 43 14 som
479 1108 32 20 för
526 1108 136 25 landsbygden
678 1111 22 17 är
715 1107 92 25 gagnelig
822 1106 38 20 och

96 1138 7 18 i
118 1137 206 20 öfverensstämmelse
336 1137 44 19 med
393 1137 46 20 dess
451 1138 108 23 intressen,
569 1139 23 18 är
602 1137 58 19 äfven
670 1137 72 19 staden
752 1136 32 20 till
795 1137 65 23 nytta.

96 1166 35 20 Må
153 1166 37 20 här
210 1166 51 19 blott
282 1166 90 25 påpekas
395 1167 31 18 att
446 1166 128 24 Helsingfors
596 1166 63 20 under
679 1167 102 19 närmaste
798 1164 62 20 fram-

96 1194 30 20 tid
141 1194 130 24 ovilkorligen
290 1197 23 17 är
327 1195 7 19 i
348 1194 63 20 behof
425 1194 22 20 af
461 1197 30 17 ett
505 1194 104 24 utvidgadt
623 1194 81 20 område
720 1193 31 21 för
765 1192 95 22 vedleve-

96 1228 55 19 rans,
172 1223 77 20 hvilket
264 1223 91 20 ändamål
371 1223 40 19 kan
426 1223 79 25 uppnås
521 1224 71 19 endast
606 1228 70 19 genom
692 1228 24 15 en
730 1223 83 24 jernväg
828 1221 32 20 till

96 1251 110 21 Nummela.

166 1280 30 20 De
208 1281 7 19 i
225 1286 60 14 norra
301 1281 58 19 delen
373 1280 22 20 af
403 1280 84 25 Nylard
495 1281 85 24 belägna
590 1280 119 20 industriela
718 1279 144 24 inrättningar,

95 1309 70 20 hvilka
191 1310 62 19 redan
276 1312 35 17 äro
335 1309 22 20 sä
381 1315 46 19 pass
449 1312 63 21 stora,
533 1312 30 17 att
584 1314 25 15 en
624 1309 78 20 enskild
716 1309 84 24 jernväg
814 1307 46 19 med

96 1338 65 20 fördel
180 1338 41 20 kan
242 1338 93 24 anläggas
357 1338 72 20 mellan
449 1337 109 26 Pyhäjärvi
574 1338 37 20 och
627 1338 90 23 Numela,
732 1337 78 19 komma
825 1341 34 19 ge-

96 1372 46 14 nom
160 1366 178 20 Nummela-banan
360 1369 29 17 att
405 1367 146 25 uppblomstra,
571 1372 45 14 men
635 1372 25 14 en
675 1364 184 26 kompromissbana

95 1395 31 19 till
142 1395 91 20 Gerknäs
249 1401 74 19 gagnar
339 1395 44 19 dem
398 1396 37 19 alls
451 1396 53 19 icke.
528 1395 47 20 Med
591 1396 38 19 den
645 1395 55 20 förra
710 1395 39 19 kan
760 1394 26 25 pä
796 1394 64 23 lämp-

95 1424 39 24 ligt
149 1426 40 17 sätt
203 1423 176 20 Jockis--Forssa
395 1424 93 20 enskilda
501 1425 84 24 jernväg
600 1423 168 21 sammanbindas.
