1025 1659
199 124 13 21 2

163 183 114 28 ——
354 183 101 28 a
167 192 761 12 A——ao—-x—

191 216 58 18 Extra
265 217 91 17 ordinarie
373 218 80 22 utgifter,
472 218 55 17 delvis
545 219 139 22 approximativt
702 224 42 17 upp-

261 253 64 21 tagna:

190 279 114 24 Återstoden
323 286 20 17 af
360 286 88 23 anslagen
467 287 30 17 för
515 287 124 18 utarbetande
655 287 21 18 af
687 286 57 23 ryska

213 320 36 18 och
262 320 62 18 finska
335 322 49 17 samt
391 321 61 18 finska
460 321 35 18 och
504 321 57 23 ryska
570 321 69 21 lexika,
647 321 96 18 äfvensom

213 355 30 17 för
261 355 105 18 ordböcker
384 355 41 18 från
444 356 57 23 ryska
517 355 30 18 till
560 356 81 17 svenska
653 356 36 17 och
702 355 42 19 från

213 389 82 18 svenska
306 390 29 17 till
348 391 58 22 ryska
418 389 81 24 språken
509 403 4 5 .
539 404 3 4 .
567 404 4 4 .
625 403 32 5 sa

189 423 27 18 Af
227 423 94 23 beviljade
333 425 65 22 anslag
410 425 30 18 för
452 425 118 23 uppförande
579 401 24 51 af
610 404 133 39 folkskolehus

212 458 6 18 i
231 459 94 18 särskilda
340 459 81 18 socknar
436 459 50 18 inom
499 459 104 24 Uleåborgs
616 459 31 18 län
660 459 82 19 återstår

211 495 29 16 att
252 493 58 24 lyftas
335 507 3 3 .
363 507 4 5 .
392 507 4 5 .
710 507 3 4 =

187 527 38 19 För
243 528 121 18 bestridande
382 529 21 18 af
420 508 127 39 Kostaädarna
563 508 34 39 för
605 504 137 51 maataagarsa

210 561 46 20 åren
271 563 43 18 1897
327 563 35 18 och
376 564 49 21 1900,
438 563 62 19 sävidt
512 564 55 18 dessa
580 563 102 18 kostnader
695 563 45 23 utgå

210 603 23 12 ur
245 597 124 23 statsfonden,
382 598 109 23 förslagsvis
508 612 1 4 .
535 612 3 4 .
564 611 4 5 .
593 611 4 4 .
622 611 4 5 .
680 611 32 5 aa
737 611 3 4 6

187 632 8 17 I
214 633 105 22 ersättning
337 633 30 18 för
385 633 23 18 de
426 633 137 22 militieräntor,
583 631 38 20 som
640 612 61 39 änder
719 633 21 17 år

211 667 44 18 1896
267 666 62 24 ingått
340 667 29 18 till
382 667 124 22 statsfonden,
519 666 81 19 återstår
612 669 27 16 att
648 667 91 22 godtgöra

209 701 138 18 militiefonden
360 702 87 23 omkring
477 715 4 4 .
506 715 4 4 .
535 715 4 4 .
564 715 3 4 .
621 714 62 5 säi
736 715 4 4 6

185 736 38 17 För
235 736 98 18 aflönande
342 737 21 17 af
370 738 54 17 extra
432 737 106 22 ingeniörer
547 736 32 18 vid
588 711 150 52 Öfverstyrelsen

207 771 30 17 för
244 773 43 20 väg-
294 771 35 18 och
336 771 199 23 vattenbyggnaderna
542 773 21 16 är
568 771 21 18 år
597 771 44 18 1896
647 770 93 23 beviljadt

185 805 27 17 Af
223 805 86 23 anslaget
321 805 29 18 för
362 805 111 23 uppgående
485 805 21 18 af
516 808 81 20 gränsen
606 805 80 18 emellan
695 805 44 18 Fin-

207 839 45 18 land
265 840 35 17 och
313 840 63 23 Norge
388 839 81 19 återstår
481 840 30 18 till
524 840 119 23 användning

183 874 39 18 För
236 874 78 18 teknisk
329 875 142 22 undersökning
483 875 21 17 af
515 880 22 12 en
548 874 134 23 jernvägslinie
694 873 43 19 från

205 908 106 23 Jyväskylä
329 909 43 18 stad
387 909 30 18 till
434 909 67 22 Kieppi
517 909 2 17 i
533 909 121 22 Mäntyharju
667 908 70 18 socken

207 943 82 18 återstår
302 943 21 18 af
333 943 76 23 nädigst
420 943 91 23 beviljadt
523 943 67 22 anslag
620 957 3 3 .
648 946 33 14 -'.
706 955 4 4 -
735 945 20 25 .|

183 977 38 18 För
233 978 58 22 inköp
305 977 20 18 af
335 977 71 23 gärden
419 977 35 18 N:o
467 978 22 17 29
501 977 31 18 vid
545 977 172 23 Boulevardsgatan
733 977 6 17 i

206 1012 120 23 Helsingfors
339 1013 51 17 stad.
416 1025 4 5 .
444 1026 4 5 .
474 1026 3 3 .
503 1026 4 4 .
532 1025 4 5 .
675 1025 4 5 «

182 1047 38 18 För
232 1047 58 22 inköp
303 1047 21 18 af
335 1047 62 22 Oijala
410 1047 35 18 och
460 1047 64 18 halfva
542 1026 69 39 Mikki
618 1025 120 40 kattöloms

205 1086 43 13 man
261 1081 7 18 i
281 1081 67 18 Siitola
360 1082 24 22 by
396 1082 21 17 af
427 1081 111 18 Ruokolaks
551 1081 70 18 socken
646 1095 3 3 .
675 1094 4 5 .
705 1094 4 4 .
734 1094 4 5 «

181 1115 38 18 För
237 1116 59 22 inköp
315 1115 20 18 af
352 1116 108 17 hemmanet
478 1115 34 18 N:o
533 1116 20 17 15
568 1115 6 18 i
589 1115 79 18 Raivola
680 1115 25 22 by
718 1115 20 18 af

204 1150 95 18 Kivinebb
312 1150 74 21 socken,
402 1151 60 20 18,500
475 1150 58 20 rubel,
547 1149 130 18 motsvarande
704 1163 5 4 .

181 1184 38 18 För
231 1184 100 18 utförande
350 1184 21 18 af
387 1184 179 23 landsvägsarbeten
581 1184 79 18 emellan
673 1183 63 18 Kemi-

203 1219 55 18 träsk
271 1219 35 17 och
319 1219 110 22 Kuolajärvi
446 1219 90 18 socknars
549 1219 71 22 kyrkor
632 1221 48 15 samt
693 1217 42 18 frän

203 1253 108 23 Wikajärvi
323 1253 87 18 hemman
423 1254 6 17 i
442 1253 109 18 Rovaniemi
564 1253 69 18 socken
641 1253 30 17 till
681 1254 55 21 grän-

204 1293 33 12 sen
250 1289 39 16 mot
302 1287 108 23 Sodankylä
423 1288 82 17 socken
494 1283 14 31 .
589 1301 3 4 4

179 1321 39 18 För
237 1322 151 23 vägbyggnader,
401 1322 57 18 bland
471 1322 41 18 dem
525 1327 23 12 en
562 1297 79 52 asua.
645 1300 91 39 emellan

203 1356 85 23 Terijoki
305 1357 160 22 jernvägsstation
484 1357 35 17 och
535 1356 83 23 Terijoki
638 1355 97 22 villastad,

201 1391 151 22 approximativt
387 1404 3 4 .
416 1404 3 4 .
445 1404 3 4 .
473 1404 4 4 .
645 1403 32 5 sr
704 1404 3 3 a
732 1403 4 5 a

178 1425 38 18 För
229 1426 119 22 uppförande
361 1426 20 17 af
392 1431 22 12 en
428 1404 111 44 aabiytäön
548 1404 31 39 viä
588 1404 86 44 Hogland
686 1424 49 18 åter-

201 1458 40 19 står
254 1460 20 18 af
285 1460 91 22 anslaget,
391 1461 72 21 126,000
475 1460 37 21 mk,
525 1460 30 18 till
569 1460 110 22 disposition
702 1473 4 3 .
731 1472 3 5 .

819 391 61 21 57,491

820 494 62 21 15,000

808 597 73 22 100,000]

807 701 73 21 105,900

827 770 52 21 5,145]

815 839 64 21 29,980)

816 938 65 26 11,014!

803 1012 74 21 225,000

803 1079 78 23 260,000;

813 1149 67 21 46,250;

802 1287 73 22 147,000

800 1390 75 21 300,000

811 1459 67 20 56,000;

627 1500 105 22 Transport

783 1500 94 21 1,858,780]

890 771 21 16 81

885 1500 33 20 93
912 1496 10 31 |
