1045 1656
335 138 28 22 U.
379 138 27 22 B.
423 151 29 4 —
467 138 73 29 Prop.
557 138 45 22 N:o
618 138 38 22 23.
846 139 27 21 17

118 209 36 29 jas
174 216 81 22 genom
271 211 40 25 att,
326 210 8 21 i
350 210 104 28 enlighet
469 210 52 22 med
537 210 63 22 hvad
616 210 8 21 i
639 210 160 28 lagförslagets
817 210 28 21 10
860 211 13 25 8

120 245 140 22 beträffande
276 246 127 28 ersättning
419 246 36 21 för
470 246 170 28 inskränkning
656 246 8 21 i
680 244 159 30 begagnandet
850 244 26 22 af

121 281 46 21 fast
182 281 111 29 egendom
309 284 25 18 är
349 281 115 29 stadgadt,
481 281 139 22 föreskrifva
644 283 34 19 att
694 281 44 21 den
754 280 119 29 jordegare

121 316 37 23 för
174 316 149 29 öfverflyttad
339 316 240 30 hägnadsskyldighet
595 316 172 22 tillkommande
776 316 97 29 godtgö-

122 352 57 22 relse
200 352 69 22 äfven
291 352 51 27 kan,
361 352 41 22 der
415 352 138 30 jordegaren
569 352 39 22 det
624 352 89 28 önskar,
728 353 57 27 utgå
801 352 72 22 såsom

122 388 60 29 årlig
198 388 82 28 afgäld.

194 424 176 29 Ifrågavarande
393 431 66 15 mom.
483 424 127 22 innehåller
633 424 79 23 vidare
733 432 28 14 en
777 424 97 22 bestäm-

123 460 62 29 ning,
201 467 48 14 som
264 459 73 30 enligt
354 459 131 23 Utskottets
501 460 70 22 tanke
586 460 51 22 icke
653 460 9 21 i
677 460 125 29 tillräcklig
817 459 57 30 grad

123 496 158 29 tillvaratager
297 495 150 30 jordegarens
469 497 103 21 intresse.
611 496 53 22 Med
691 496 37 21 det
754 496 48 21 deri
827 503 47 14 om-

123 531 101 22 nämnda
239 531 112 30 stängslet
367 532 58 21 afses
442 535 34 19 att
491 532 121 22 förhindra
627 532 81 21 endast
732 531 77 22 hästar
831 532 43 22 och

124 567 86 30 boskap
226 569 35 20 att
276 567 93 22 beträda
385 567 82 23 banan.
498 568 132 22 Utskottets
645 567 75 22 flertal
735 567 72 22 håller
817 567 57 22 dock

124 603 48 22 före
188 605 34 20 att
237 603 74 29 öfriga
327 603 98 28 kreatur,
440 605 73 20 såsom
529 603 139 29 exempelvis
684 603 40 28 får,
741 611 51 14 vore
813 603 8 22 i
837 604 38 21 be-

124 639 43 22 hof
188 639 27 22 af
235 639 117 22 enahanda
377 639 80 29 skydd.
488 639 71 23 Utom
585 641 35 20 att
636 642 62 19 snart
713 639 67 29 sagdt
795 639 80 28 hvarje

123 674 269 30 lägenhetsinnehafvare
408 675 8 22 i
432 675 79 22 landet
536 677 13 20 å
570 675 36 22 sin
631 675 107 29 lägenhet
763 675 112 29 uppföder

124 713 34 19 ett
173 713 71 20 större
259 711 54 22 eller
328 711 89 22 mindre
428 711 63 22 antal
502 711 41 28 får,
553 711 76 29 gifves
638 711 38 22 det
686 711 138 29 lägenheter,
835 711 40 21 der

125 747 114 21 fårafveln
255 747 114 22 bedrifves
385 747 9 21 i
409 750 73 19 större
497 747 164 28 utsträckning
676 751 30 18 än
716 747 159 29 boskapssköt-

125 783 56 26 seln;
197 783 43 21 och
256 783 38 21 det
309 790 68 21 synes
393 783 89 29 ganska
499 783 92 28 obilligt
605 785 35 20 att
656 783 51 22 med
730 783 106 22 afseende
862 784 13 20 å

124 818 143 22 afhållandet
283 818 24 22 af
321 818 36 22 får
372 819 53 21 från
438 819 214 28 jernvägsområdet
669 819 86 22 belasta
769 818 106 29 jordega-

125 861 40 14 ren
184 854 52 21 med
252 861 28 14 en
296 857 78 26 tunga,
390 855 36 21 för
441 854 96 23 hvilken
553 855 46 21 han
614 855 20 28 ej
653 857 25 18 är
694 854 129 29 berättigad
838 854 37 21 till

124 891 77 27 någon
216 890 133 29 ersättning.

196 925 34 22 På
244 925 75 29 grund
335 925 26 22 af
375 925 39 22 det
424 926 164 22 ofvanstående
604 926 86 22 tillåter
705 926 36 29 sig
755 925 120 23 Utskottet

124 963 35 20 att
167 961 37 22 till
220 961 137 22 Ständernas
373 961 168 29 godkännande
556 962 84 21 föreslå
650 969 28 14 en
688 961 187 29 omformulering

125 997 26 22 af
164 998 14 21 3
194 1004 65 15 mom.
276 999 27 20 17
319 999 13 26 8
348 997 9 22 i
372 997 40 22 det
426 997 63 29 syfte
504 1000 36 19 att
556 997 178 30 jernvägsegare
754 997 121 29 förpligta-

125 1033 40 22 des
187 1035 40 26 att,
248 1033 94 22 såframt
365 1033 20 29 ej
411 1033 142 22 annorlunda
577 1033 215 28 öfverenskommits,
807 1033 8 21 i
831 1033 44 22 den

126 1069 52 21 mån
194 1069 43 22 och
253 1070 29 28 på
297 1069 28 22 de
341 1069 89 28 ställen,
447 1069 40 22 der
503 1069 82 22 sådant
600 1069 78 22 kunde
693 1076 54 15 vara
762 1069 26 22 af
794 1068 81 25 nöden,

125 1104 69 29 kring
206 1105 137 28 jernvägens
359 1105 92 22 område
466 1105 85 22 inrätta
567 1105 42 22 och
625 1105 134 22 underhålla
774 1105 101 28 stängsel

124 1140 27 21 af
171 1140 71 22 sådan
264 1140 156 22 beskaffenhet
443 1142 36 20 att
499 1141 93 22 kreatur
608 1141 131 28 derigenom
755 1139 120 22 hindrades

125 1175 51 22 från
198 1176 88 22 banans
304 1176 144 27 beträdande,
479 1177 118 22 äfvensom
612 1178 36 20 att
659 1176 93 22 berörda
762 1175 113 29 hägnads-

125 1211 134 30 skyldighet
274 1212 68 29 finge,
359 1219 36 15 om
409 1212 179 29 jernvägsegare
602 1212 82 22 sådant
706 1212 75 29 yrkar,
802 1211 73 22 öfver-

126 1247 78 29 flyttas
228 1249 30 28 på
277 1248 137 29 jordegaren
436 1252 49 18 mot
507 1248 45 21 full
575 1248 134 29 ersättning,
732 1255 47 15 som
799 1247 76 22 kunde

125 1283 125 22 fastställas
266 1286 35 19 att
310 1285 62 28 utgå
387 1285 74 21 såsom
476 1283 61 30 årlig
552 1284 84 29 afgäld.

196 1319 13 21 I
236 1319 149 22 förevarande
409 1320 66 29 fråga
498 1320 72 22 hafva
593 1320 63 22 inom
679 1320 120 22 Utskottet
819 1320 56 27 jem-

125 1355 38 21 väl
180 1355 71 22 andra
266 1356 85 28 åsigter
361 1358 92 27 yppats.
479 1355 37 22 En
527 1355 36 22 del
573 1355 123 22 ledamöter
706 1356 46 28 har,
763 1355 113 22 ställande

125 1391 36 28 sig
184 1391 29 28 pä
236 1397 84 15 samma
343 1391 143 29 ståndpunkt
503 1398 49 15 som
566 1391 177 29 Lagutskottets
759 1390 117 29 pluralitet

125 1426 40 21 vid
196 1427 58 22 1894
283 1427 35 21 års
348 1426 117 29 landtdag,
495 1427 72 22 afsett
591 1429 35 20 att
651 1427 101 22 likställa
777 1425 100 30 lagstift-

197 1473 136 24 Lagutskottets
346 1475 117 18 betänkande
476 1475 37 18 N:o
526 1475 16 19 7.
793 1475 10 16 2
