1045 1656
330 139 27 22 U.
373 139 27 22 B.
417 152 28 3 —
460 138 74 30 Prop.
549 139 45 23 N:o
609 139 38 22 23.
836 139 27 23 15

113 210 38 22 der
174 210 44 22 den
233 210 62 30 löper
310 218 82 22 genom
408 210 108 22 ödemark
532 211 55 22 eller
602 211 155 26 annorstädes,
772 210 93 22 hvarest

112 246 94 22 kreatur
228 246 50 22 icke
301 248 30 27 gå
353 246 54 27 lösa,
431 246 45 22 kan
502 246 20 29 ej
548 241 65 27 auses
638 247 8 21 i
662 248 76 28 någon
758 248 53 20 män
826 246 38 22 be-

113 282 83 29 höfligt
212 284 57 20 samt
284 285 24 19 är
323 282 43 22 ock
375 282 51 22 med
442 282 107 22 afseende
572 284 13 20 å
603 282 45 22 den
663 284 62 20 stora
740 283 86 28 åtgång
841 282 26 22 af

113 318 113 29 ungskog,
244 325 47 15 som
307 326 28 14 en
351 318 65 28 dylik
432 318 237 29 stängselskyldighet
680 318 94 28 medför,
790 326 27 14 ur
827 325 37 14 na-

114 354 203 22 tionalekonomisk
341 354 120 28 synpunkt
483 354 141 29 förkastligt.
655 354 50 21 Den
724 358 77 25 tunga,
817 360 48 15 som

113 397 83 22 genom
222 389 43 22 den
290 389 137 29 ifrågasatta
442 389 139 29 ovilkorliga
597 389 268 29 hägnadsskyldigheten

114 425 72 22 skulle
212 425 86 22 drabba
316 425 201 28 jernvägsegaren,
542 425 77 22 blefve
645 426 24 21 så
685 425 92 28 mycket
793 427 71 20 större

116 469 47 14 som
188 461 45 22 han
256 461 73 28 enligt
345 461 43 21 den
404 460 131 29 föreslagna
551 461 174 28 bestämningen
741 461 50 21 icke
807 460 56 29 egde

114 499 47 20 rätt
184 499 35 20 att
241 496 134 29 öfverflytta
393 496 75 22 denna
484 497 137 28 skyldighet
636 497 30 28 på
679 497 143 29 jordegaren.
852 496 13 21 I

115 533 66 28 fråga
205 539 36 15 om
261 531 148 22 härförinnan
425 532 101 29 anlagda
540 532 125 29 jernvägar
680 532 73 21 skulle
768 531 97 22 visserli-

115 576 51 21 gen,
185 568 8 21 i
209 567 41 22 fall
268 567 266 29 stängselskyldigheten
550 568 41 21 vid
606 568 169 29 expropriation
791 567 74 22 öfver-

115 603 91 30 flyttats
229 605 13 20 å
264 603 168 22 vederbörande
445 603 129 29 jordegare,
592 604 63 21 detta
669 603 142 22 förhållande
827 610 38 15 en-

115 639 45 30 ligt
176 640 29 22 70
220 641 13 26 $
245 639 9 22 i
268 639 151 29 lagförslaget
433 639 69 22 äfven
518 639 121 22 framdeles
654 639 145 30 respekteras,
815 645 50 15 men

115 674 141 23 beträffande
276 675 129 29 jernvägar,
432 674 80 23 hvilka
535 675 100 22 härefter
660 675 77 22 blefve
762 674 103 29 anlagda,

115 711 80 28 skulle,
211 712 25 21 så
254 711 71 22 framt
345 711 115 29 godvillig
482 710 229 22 öfverenskommelse
734 710 49 22 icke
801 711 64 21 ernås

115 747 55 21 eller
193 746 87 22 således
300 747 9 21 i
333 747 38 21 det
393 749 61 19 stora
477 746 100 22 flertalet
599 746 48 28 fall,
664 754 27 14 en
707 746 69 22 sådan
793 745 72 23 öfver-

115 782 113 29 flyttning
243 782 50 22 icke
309 781 172 30 ifrägakomma.

186 818 54 21 Med
256 818 105 21 afseende
373 819 12 20 å
401 818 39 22 det
455 818 97 22 anförda
560 825 67 22 synes
635 817 118 30 principen
762 825 35 14 om
803 817 62 28 jern-

114 853 160 30 vägsomrädes
289 853 137 29 ovilkorliga
441 853 119 22 förseende
576 853 51 22 med
643 853 100 29 stängsel
751 853 51 22 icke
811 853 54 21 böra

115 889 175 29 upprätthållas,
310 892 56 18 utan
381 889 40 21 vid
437 889 201 29 expropriationen
654 889 27 21 af
693 889 106 27 området,
815 888 51 22 med

114 924 96 29 ledning
225 924 26 22 af
264 924 37 22 till
317 925 58 21 buds
391 925 94 21 stående
500 925 131 29 utredning,
646 925 8 21 i
665 924 77 22 stället
751 926 116 27 noggrant

118 960 136 22 bestämmas
276 960 8 22 i
307 960 62 22 hvad
391 962 53 20 mån
468 960 43 22 och
527 961 30 28 på
572 960 81 22 hvilka
669 960 82 22 ställen
767 960 100 28 stängsel

115 1000 25 17 är
162 996 149 30 nödvändigt.
341 996 70 22 Detta
434 996 169 22 bestämmande
627 996 74 22 skulle
717 995 149 29 naturligtvis

115 1032 82 21 främst
205 1033 39 20 ske
254 1032 40 22 vid
301 1032 206 28 expropriationen,
517 1032 98 22 hvarvid
623 1032 8 21 i
639 1031 150 23 betraktande
798 1030 68 23 borde

115 1070 65 26 tagas
201 1067 87 29 jemväl
310 1068 85 21 sådana
418 1068 162 28 förändringar
595 1069 7 19 i
617 1068 28 21 de
661 1068 29 21 då
705 1067 100 22 rådande
820 1066 46 22 för-

115 1103 143 28 hällandena,
274 1110 48 15 som
341 1104 52 21 med
415 1104 107 22 säkerhet
545 1104 77 21 kunde
645 1103 103 22 förutses.
778 1102 89 23 Under-

114 1139 71 28 ginge
208 1138 173 23 förhållandena
404 1139 83 22 efteråt
508 1139 71 22 sådan
595 1139 98 29 ändring
709 1141 34 20 att
758 1138 72 22 behof
843 1138 26 22 af

114 1174 113 29 stängsels
242 1174 132 23 inrättande
390 1175 112 29 uppstode
514 1175 69 22 äfven
594 1175 148 21 annorstädes
752 1178 29 18 än
790 1174 77 22 derom

114 1210 40 22 vid
179 1211 201 29 expropriationen
403 1212 117 27 bestämts,
546 1211 65 29 ålåge
637 1211 39 21 det
703 1211 163 29 jernvägsega-

114 1254 41 14 ren
171 1249 35 19 att
221 1247 100 29 uppföra
337 1247 44 22 den
396 1247 84 21 äskade
496 1247 129 29 hägnaden,
648 1247 96 22 hvartill
764 1246 103 30 jordega-

113 1289 46 21 ren,
176 1282 7 22 i
199 1282 108 22 händelse
323 1282 27 22 af
363 1283 93 22 tredska
471 1282 53 22 från
538 1282 206 30 jernvägsegarens
759 1282 56 27 sida,
826 1282 40 22 vid

115 1318 97 22 domstol
238 1318 75 22 kunde
336 1318 56 22 söka
417 1318 85 22 dennes
526 1318 161 29 förpligtande.
717 1318 150 22 Försummad

114 1354 236 30 stängselskyldighet
357 1354 117 22 medförde
481 1354 75 29 enligt
564 1354 132 22 Utskottets
707 1354 92 28 förslag,
809 1353 58 22 lika-

114 1396 48 15 som
190 1390 74 28 enligt
286 1390 176 29 propositionen,
486 1389 117 29 sjelffallet
625 1389 36 22 för
675 1390 192 29 jernvägsegaren

115 1425 124 29 ovilkorlig
254 1425 143 29 förpligtelse
413 1427 35 20 att
463 1433 98 14 ansvara
576 1425 36 22 för
628 1425 31 22 all
670 1425 131 29 derigenom
811 1432 56 21 upp-

188 1473 137 24 Lagutskottets
338 1473 116 18 betänkande
466 1473 39 19 N:o
518 1474 17 17 7.
