1028 1661
243 209 45 20 Den
307 210 97 20 oväntade
423 210 79 26 utgång,
521 209 70 25 frågan
610 210 84 19 sålunda
710 209 99 20 härintills
825 210 57 24 tagit,
897 209 37 20 har

176 239 110 26 sjelffalletj
302 238 31 21 för
355 239 164 20 Nord-Karelens
537 239 117 24 befolkning
669 239 75 24 utgjort
759 244 24 14 en
799 239 61 19 bitter
878 239 56 19 miss-

176 268 91 25 räkning,
284 268 22 19 så
321 268 78 24 mycket
414 274 61 17 mera,
491 273 42 14 som
548 268 113 24 uppenbart
676 270 29 20 är,
722 269 29 17 att
767 268 65 19 denna
843 267 91 19 landsdel

176 297 7 18 i
204 296 27 20 all
254 296 80 20 framtid
356 296 51 20 skall
427 296 93 20 förblifva
539 299 48 17 utan
605 296 224 24 jernvägsförbindelse,
848 296 44 20 ifall
916 296 17 24 ej

175 326 109 23 jernvägen
307 325 31 19 till
361 325 77 25 Kajana
461 326 62 19 bärad
546 325 38 20 och
606 325 119 20 Uleåträsks
747 327 142 23 vattensystem
908 330 27 14 nu

178 354 55 20 ledes
252 360 70 18 genom
343 354 44 20 dess
407 354 86 20 område.
524 354 29 24 Ty
573 354 102 24 sjelffallet
695 354 67 20 kunna
780 354 33 19 två
826 354 109 24 jernbanor

178 382 31 20 till
228 383 79 24 Kajana
326 383 62 19 härad
409 384 17 23 ej
446 383 79 19 komma
543 382 70 25 ifråga,
629 383 38 19 och
684 383 138 19 Nordkarelen
837 383 39 19 kan
892 382 43 20 åter

178 412 120 24 näppeligen
321 411 76 25 hoppas
417 412 53 24 uppå
489 412 66 24 någon
572 412 84 24 jernväg
676 414 76 17 ensamt
772 411 31 20 för
822 412 36 24 sig,
878 411 57 19 hvar-

179 442 52 18 emot
249 446 61 14 norra
328 440 95 20 Savolaks
442 441 66 19 kunde
524 440 20 20 få
559 441 30 19 sin
603 441 83 24 jernväg
709 440 25 20 då
750 445 24 15 en
789 440 147 24 förbindnings-

178 470 52 19 bana
245 469 84 20 emellan
345 470 141 19 Savolaksiska
507 470 36 19 och
560 466 162 23 Österbottniska
741 470 95 23 banorna,
856 469 79 19 hvarom

180 498 57 20 äfven
254 498 99 24 anhållits,
370 498 42 20 förr
427 498 49 20 eller
491 504 70 14 senare
577 498 79 24 tvingar
671 498 29 24 sig
716 498 56 20 fram.

249 532 59 20 Hvad
327 532 44 20 åter
390 533 94 20 inbördes
500 532 111 20 företrädet
625 533 7 19 i
648 532 61 25 öfrigt
725 533 83 19 emellan
824 533 24 19 de
864 532 72 24 ifråga-

180 563 53 18 satta
256 563 72 18 tvenne
350 561 83 21 linierne
454 561 102 26 beträffar,
577 567 57 19 synes
654 561 97 24 viktigare
772 561 37 20 och
829 567 53 14 mera
901 561 35 20 all-

180 591 124 24 mäntgiltiga
322 591 122 24 synpunkter
459 591 41 19 tala
515 590 30 20 till
562 590 75 20 förmån
654 590 31 19 för
701 591 37 18 den
754 589 100 20 Karelska
868 589 67 20 linien.

180 619 43 20 Den
243 619 88 20 kommer
351 621 29 18 att
399 619 73 20 beröra
492 619 33 20 två
543 619 23 20 så
589 619 102 24 ansenliga
714 619 158 20 vattenbassiner
894 624 42 14 som

181 649 121 24 Höytiäinen
321 648 36 19 och
376 649 118 24 Pielisjärvi,
511 649 122 18 sistnämnda
648 649 119 23 vattendrag
781 648 27 25 på
823 647 50 20 flere
888 647 48 20 stäl-

181 677 42 24 len;
239 677 39 20 den
297 677 62 19 skulle
375 677 60 20 skära
451 677 66 24 Pielis,
532 676 67 20 Koida
615 677 36 20 och
666 677 75 19 Lieksa
756 677 63 19 elfvar
833 677 44 19 med
892 677 44 18 des-

181 711 32 15 sas
236 706 74 19 talrika
329 705 69 24 forsar,
418 706 69 19 hvilka
507 706 71 19 endast
597 708 59 17 vänta
674 706 54 25 uppå
744 705 123 20 förbättrade
882 705 54 20 kom-

182 735 146 19 munikationer
343 734 30 20 för
389 737 29 17 att
431 735 57 20 träda
500 735 7 19 i
519 735 109 19 industrins
642 735 61 24 tjenst
717 735 36 19 och
766 734 21 20 af
798 734 68 20 hvilka
876 735 61 18 redan

182 769 24 14 en
221 763 52 20 efter
288 769 65 14 annan
368 764 79 24 inköpts
464 763 21 20 af
499 763 135 25 spekulanter,
650 769 41 14 som
705 764 76 24 hoppas
794 763 53 25 uppå
856 763 82 24 jernväg

182 792 30 20 till
228 793 59 19 dessa
301 792 83 20 trakter.

251 827 155 25 Vattendragen,
427 832 42 14 som
489 827 21 19 af
528 828 65 19 denna
611 828 82 23 jernväg
712 827 77 19 komme
805 829 30 17 att
850 827 88 23 beröras,

182 858 35 18 äro
233 856 143 19 malmförande
392 856 37 20 och
444 856 65 24 hafva,
526 858 50 18 trots
593 856 23 19 de
632 856 68 24 dåliga
715 856 226 23 kommunikationerna,

183 884 114 20 framkallat
317 884 33 20 två
369 884 22 20 så
408 884 112 25 betydande
537 885 101 24 jernverk,
654 890 42 14 som
712 884 136 24 Pankakoski,
863 884 78 24 beläget

184 914 26 24 på
229 913 12 19 7
261 914 113 19 kilometers
390 913 79 20 afstånd
484 914 44 19 från
544 914 73 20 Lieksa
632 914 38 19 elfs
685 914 100 25 mynning,
800 912 101 20 hvarifrån
917 919 24 13 en

184 942 125 24 smalspårig,
328 948 41 14 som
384 942 45 20 bäst
444 943 63 19 under
523 943 68 19 arbete
606 942 88 20 varande
710 942 161 20 lokomotivbana
886 942 56 19 leder

184 971 30 19 till
233 971 80 24 bruket,
333 974 50 17 samt
403 971 196 25 Kuokkastenkoski,
620 972 79 24 beläget
719 971 38 20 tolf
776 971 104 19 kilometer
897 970 44 20 från

184 1000 85 20 Nurmes
288 1000 80 24 köping.
399 1000 38 20 Det
456 1000 63 25 årliga
537 1000 233 25 tillverkningsbeloppet
788 1000 12 19 å
815 1000 126 19 Pankakoski

184 1029 51 20 bruk
256 1030 59 23 utgör
334 1028 31 21 för
385 1030 122 19 närvarande
528 1029 90 25 omkring
637 1028 114 27 2,500,000
771 1029 42 19 kilo
837 1028 105 20 allehanda

183 1057 163 25 jernfabrikater,
367 1064 43 14 men
433 1064 58 14 anses
514 1058 79 20 komma
615 1060 30 18 att
668 1058 125 24 fördubblas,
816 1058 25 19 då
863 1057 79 24 bruket,

184 1087 82 19 hvarest
288 1087 78 24 nyligen
389 1087 88 25 tillbygts
497 1088 98 23 valsverk,
615 1087 129 23 martinverk,
763 1087 71 23 gjuteri
855 1086 36 20 och
911 1092 30 14 re-

185 1115 156 26 montverkstad,
362 1116 44 19 med
426 1116 34 20 det
479 1118 90 26 snaraste
590 1116 87 19 kommer
697 1118 30 17 att
747 1116 64 19 förses
826 1114 58 20 äfven
898 1115 44 19 med

185 1144 150 20 bessemerverk
351 1144 36 20 och
403 1150 88 18 masugn.
513 1145 70 24 Årliga
597 1144 234 25 tillverkningsbeloppet
846 1144 12 19 å
873 1143 68 19 Kuok-

186 1173 133 20 kastenkoski
343 1174 43 19 åter
410 1174 77 24 uppgår
509 1174 32 19 för
565 1174 123 19 närvarande
712 1174 31 19 till
766 1172 113 26 2,700,000
901 1172 41 20 kilo

186 1202 99 24 tackjern.
315 1202 105 20 Dessutom
441 1202 64 20 skulle
520 1202 58 20 äfven
594 1208 24 14 en
633 1206 43 16 stor
692 1202 32 20 del
739 1202 22 20 af
775 1202 31 19 för
821 1202 75 19 bruken
912 1206 30 14 er-

186 1230 105 25 forderligt
311 1231 112 20 råmaterial
438 1232 77 19 komma
528 1231 182 25 jernvägstrafiken
725 1231 31 19 till
772 1231 57 24 godo.

256 1260 69 19 Kändt
346 1262 23 18 är
391 1260 75 26 vidare,
487 1263 30 17 att
538 1260 62 20 redan
622 1266 26 14 nu
671 1266 24 14 en
716 1259 51 25 liflig
782 1258 111 21 varutrafik
908 1258 36 25 går

188 1288 56 20 öfver
267 1288 60 20 Pielis
348 1289 36 19 och
405 1289 84 20 Nurmes
511 1289 53 19 ifrån
587 1289 38 19 och
648 1290 30 18 till
702 1288 83 25 Repola,
806 1288 137 20 Vuokkiniemi

186 1322 25 14 m.
227 1316 22 20 fl.
267 1319 54 18 orter
335 1318 26 24 pä
376 1318 63 20 andra
454 1318 56 20 sidan
526 1320 91 22 gränsen,
630 1318 22 24 ja
667 1318 53 20 ända
736 1317 30 20 till
779 1317 37 20 och
828 1317 43 19 från
883 1316 61 20 Hvita

187 1345 75 20 hafvet.
293 1346 58 20 Stora
373 1348 76 23 partier
471 1347 46 24 mjöl
540 1346 37 20 och
597 1347 39 19 salt
654 1353 25 13 m.
699 1352 26 14 m.
745 1346 76 20 införas
838 1346 31 19 till
885 1346 59 19 dessa

187 1374 79 20 trakter
284 1377 49 17 samt
352 1375 59 26 fogel,
429 1376 46 23 fisk,
494 1376 117 19 skinnvaror
628 1382 25 13 m.
669 1382 25 13 m.
711 1378 117 21 exporteras
842 1374 52 19 ifrån
910 1374 32 19 de-

188 1409 81 14 samma.
286 1403 197 25 Mjölomsättningen
495 1405 70 19 endast
575 1404 7 19 i
593 1403 80 25 Lieksa,
681 1405 82 19 hvarest
771 1403 52 20 elfva
831 1403 112 20 handlande

188 1431 32 20 för
241 1433 124 19 närvarande
385 1435 35 18 äro
441 1433 120 24 etablerade,
579 1433 103 24 uppgifves
703 1433 30 19 till
749 1432 78 25 mycket
843 1431 101 24 ansenliga

188 1461 81 27 helopp.
300 1461 67 20 Skulle
386 1467 24 14 en
424 1463 83 25 jernväg
522 1463 71 24 dragas
609 1467 69 19 genom
694 1463 59 19 dessa
769 1461 83 24 trakter,
867 1461 76 19 komme
