1039 1656
173 116 28 19 22
390 114 29 22 U.
434 114 28 22 B.
478 127 29 4 —
523 114 76 29 Prop.
615 114 44 23 N:o
675 114 39 22 33.

244 185 46 22 För
312 188 34 20 att
371 185 50 23 från
438 186 275 28 sakförareföreningarna
728 187 35 21 må
779 186 98 22 afhållas
893 186 34 22 så-

173 221 56 21 dana
252 222 101 27 element,
378 228 46 16 som
447 222 50 22 icke
522 229 54 15 vore
603 223 36 21 till
653 225 65 25 nytta
733 222 36 22 för
784 222 143 28 föreningens

172 258 149 27 verksamhet,
337 260 54 20 utan
406 264 92 16 snarare
507 258 7 22 i
525 259 62 21 detta
598 258 105 22 afseende
714 258 132 28 hinderliga,
856 258 71 22 håller

172 293 116 23 Utskottet
304 294 48 22 före
368 297 32 19 att
416 294 79 22 endast
510 300 113 21 personer,
639 294 77 23 hvilka
732 294 118 27 verkligen
861 293 66 23 hafva

173 328 36 22 för
232 329 68 28 afsigt
315 332 33 19 att
363 336 53 16 vare
432 330 36 27 sig
483 330 7 21 i
506 332 74 20 större
597 330 55 22 eller
669 330 84 22 mindre
769 330 157 26 utsträckning

174 364 76 23 ntöfva
266 365 265 28 sakförareverksamhet,
548 366 36 21 må
599 366 75 22 kunna
689 369 110 24 upptagas
816 366 35 21 till
867 365 58 22 med-

172 400 91 22 lemmar
286 401 8 21 i
317 401 136 28 föreningen.
484 402 147 27 Bestämning
657 402 76 21 härom
756 402 41 21 har
817 401 82 22 införts
919 401 8 21 i

173 438 13 19 8
202 436 20 29 $,
239 443 46 15 som
308 436 35 23 för
358 436 69 28 öfrigt
442 438 121 27 undergått
580 444 27 16 en
623 437 26 22 af
661 438 106 27 tillägget
782 438 36 22 till
841 440 6 18 2
863 444 62 15 mom.

171 472 16 27 6
204 472 12 29 &
232 472 104 27 påkallad
352 473 100 27 ändring.

243 508 61 22 Inom
320 509 116 22 Utskottet
450 510 41 21 har
507 508 65 28 fråga
589 510 85 27 väckts,
691 509 109 22 huruvida
812 515 113 21 personer,

171 550 47 15 som
241 546 38 20 äro
305 545 87 21 bosatta
417 546 28 26 på
468 552 73 15 annan
565 549 42 23 ort,
633 547 28 20 än
677 545 50 25 den,
745 545 40 22 der
801 545 124 22 sakförare-

172 578 131 29 föreningen
328 580 78 28 finnes,
430 581 74 22 kunde
520 581 73 27 enligt
608 581 147 27 lagförslaget
771 587 65 16 anses
852 582 73 21 berät-

171 615 75 28 tigade
262 619 32 19 att
310 616 83 22 erhålla
410 617 88 22 inträde
514 617 8 21 i
538 616 137 28 föreningen.
699 617 11 21 I
726 617 121 27 anledning
861 616 67 22 häraf

171 651 36 22 får
222 652 116 22 Utskottet
355 653 72 22 såsom
444 653 34 22 sin
489 652 144 28 uppfattning
643 653 115 27 angående
769 653 156 27 lagförslagets

172 687 138 27 ståndpunkt
328 689 8 21 i
353 689 71 22 denna
441 689 63 28 fråga
520 690 77 27 uttala,
615 691 32 20 att
663 689 38 22 det
718 689 7 21 i
741 689 78 27 hvarje
834 688 47 28 fall,
897 689 28 21 då

170 722 89 24 inträde
284 724 95 22 ansökes
402 724 25 22 af
441 725 68 22 sådan
526 731 87 21 person,
631 726 70 21 måste
717 726 52 20 bero
786 725 29 27 på
831 727 94 20 omstän-

171 759 138 28 digheterna,
333 760 108 22 huruvida
462 761 154 27 ansökningen
632 761 44 21 kan
692 760 89 22 bifallas
798 761 55 21 eller
868 760 56 22 icke.

172 794 86 23 Härvid
274 795 35 22 får
324 796 92 22 framför
433 797 40 21 allt
489 797 19 26 ej
526 797 85 21 lemnas
627 803 26 15 ur
664 797 59 27 sigto
733 799 34 19 att
778 796 43 22 den
831 796 94 22 hufvud-

172 830 94 28 uppgift,
293 838 45 15 som
364 832 276 28 sakförareföreningarna
666 832 67 22 hafva
757 832 35 27 sig
817 832 106 28 förelagd,

172 866 111 28 nämligen
309 867 120 23 utöfvande
453 868 25 21 af
502 868 130 27 disciplinär
655 868 99 22 kontroll
780 867 63 23 öfver
867 868 57 22 med-

171 901 121 23 lemmarna
314 903 54 27 deri,
392 904 50 21 icke
466 904 34 21 må
524 903 102 27 förfelas;
648 904 40 21 och
704 904 62 21 detta
782 903 74 22 blefve
871 903 54 22 ovil-

171 937 101 28 korligen
301 938 69 28 fallet,
399 946 35 15 om
463 940 89 26 mycket
580 940 93 27 aflägset
699 939 85 22 boende
810 938 115 23 sakförare

171 973 79 23 kunde;
268 974 94 28 inväljas
391 975 35 21 till
446 976 142 21 medlemmar
609 976 7 21 i
637 975 138 27 föreningen.
806 975 61 21 Enär
888 975 37 22 det

171 1009 45 22 kan
239 1012 91 25 antagas
350 1013 33 20 att
402 1011 168 22 förhällandena
586 1012 31 21 uti
633 1011 172 27 ifrägavarande
821 1010 104 23 afseende

171 1044 86 22 komma
280 1048 34 19 att
334 1047 104 22 utveckla
460 1047 34 27 sig
513 1047 7 21 i
536 1053 28 16 en
580 1047 104 28 naturlig,
702 1047 49 21 med
767 1046 158 28 lagförslagets

171 1080 137 28 ständpunkt
329 1082 242 23 öfverensstämmande
591 1083 107 27 riktning,
716 1083 41 21 har
772 1083 117 21 Utskottet
905 1083 19 27 ej

170 1119 75 19 ansett
261 1117 77 28 nödigt
354 1117 83 24 föreslä
452 1119 68 27 nägot
536 1119 122 27 stadgande
674 1119 83 21 härom.

243 1153 39 21 Uti
306 1155 12 20 9
342 1153 13 29 $
379 1155 40 21 har
442 1161 28 16 en
485 1155 85 22 mindre
587 1155 95 27 ändring
697 1154 26 22 af
736 1154 140 23 redaktionel
890 1157 35 19 art

171 1187 114 28 vidtagits.

243 1224 116 23 Utskottet
390 1225 40 22 har
453 1228 74 20 ansett
551 1226 131 27 billigheten
706 1225 81 23 kräfva
810 1227 34 20 att
867 1225 58 22 före-

169 1259 161 27 ningsmedlem
361 1267 45 16 som
438 1261 25 22 af
490 1261 181 23 sakförarerädet
699 1261 91 23 undfätt
823 1261 100 28 varning,

170 1295 106 28 tillägges
292 1296 116 23 enahanda
423 1299 47 20 rätt
485 1299 33 20 att
534 1297 105 23 häröfver
654 1298 68 27 klaga
737 1297 7 22 i
758 1297 167 22 vederbörande

169 1330 91 29 hofrätt,
285 1338 45 15 som
353 1334 26 20 är
402 1333 78 22 honom
503 1333 127 28 medgifven
654 1334 49 21 med
727 1333 107 22 afseende
854 1333 13 21 ä
888 1333 36 22 be-

169 1366 52 28 slut,
246 1367 142 28 hvarigenom
412 1369 43 21 han
478 1369 115 22 uteslutits
615 1375 26 16 ur
661 1369 142 27 föreningen;
825 1369 40 22 och
885 1369 40 22 har

169 1401 60 29 förty
256 1403 6 21 i
289 1405 25 20 11
338 1403 12 29 &
371 1403 81 23 införts
470 1405 36 21 ett
526 1405 80 27 tillägg
627 1405 8 21 i
657 1405 62 22 detta
738 1404 65 28 syfte.
830 1404 11 21 I
857 1404 68 28 öfrigt

242 1450 138 23 Lagutskottets
392 1452 118 18 betänkande
522 1452 39 18 N:o
573 1452 27 18 11.
