1034 1661
238 119 27 22 74
431 119 27 23 U.
474 120 27 22 B.
518 132 27 5 —
562 120 73 27 Prop.
651 120 41 22 N:o
708 120 35 22 26.

276 177 68 22 Bland
367 179 138 26 exportvaror
527 177 47 22 frän
598 178 84 27 Kajana
700 177 68 22 härad
791 177 96 22 kommer
911 179 55 20 smö-

206 213 33 20 ret
261 213 52 20 utan
336 211 72 22 tvifvel
430 213 32 20 att
485 212 49 22 med
556 212 59 21 tiden
638 212 82 21 erhälla
745 213 80 20 största
848 212 117 27 betydelse.

206 246 66 21 Detta
290 246 116 28 medgifves
425 246 62 22 äfven
506 247 7 21 i
532 247 154 26 betänkandet,
702 253 48 15 men
769 253 50 15 man
839 247 64 21 söker
919 246 48 22 der-

204 280 67 26 jämte
286 282 53 25 göra
353 280 80 28 troligt,
448 282 32 20 att
495 280 206 22 fraktkostnaderna
716 280 34 22 för
761 280 34 22 tili
811 280 76 27 Hangö
899 282 68 20 trans-

206 314 111 27 porteradt
335 317 56 19 smör
409 315 19 27 ej
447 315 69 21 skulle
536 315 66 22 blifva
621 316 84 26 mycket
724 316 70 20 större
810 315 34 21 via
858 314 108 28 Uleäborg

206 348 52 22 eller
273 349 94 21 Joensuu
387 351 27 19 än
433 350 34 20 via
486 350 91 27 Kuopio.
608 350 46 21 Och
674 349 72 22 därtill
765 349 61 27 fogas
841 350 125 27 ytterligare

205 383 132 27 pästäendet,
360 385 33 20 att
411 385 47 20 med
477 384 121 22 kostnaden
620 385 7 21 i
646 385 64 27 ingen
728 384 102 21 händelse
845 386 121 19 motsvarar

205 417 26 22 de
247 417 69 22 ökade
330 418 116 28 utgifterna
460 418 34 22 för
509 418 117 28 forslingen
634 419 58 21 inom
701 419 101 21 häradets
811 421 48 24 eget
869 419 94 26 omräde,

204 451 46 22 ifall
256 452 115 28 jernvägen
379 453 19 27 ej
406 453 138 27 genomlöper
552 453 134 27 landskapet.
696 453 57 21 Frän
761 453 84 26 Kajana
853 452 32 22 till
906 453 59 26 Hangö

204 488 24 19 är
246 487 118 21 emellertid
379 487 108 22 afständet
503 488 60 26 1,021
580 488 36 21 km
631 488 35 21 via
680 487 111 27 Uleäborg
809 487 40 22 och
868 487 42 22 950
929 487 35 22 km

204 520 35 22 via
253 521 102 26 Joensuu,
371 521 67 22 under
453 522 37 21 det
505 523 67 26 vägen
588 528 77 21 genom
680 521 87 28 Kuopio
783 521 88 28 belöper
885 522 32 27 sig
933 521 32 22 till

204 554 76 22 endast
299 556 40 21 721
360 555 43 22 km.
432 556 43 21 Det
493 558 24 20 är
532 556 90 22 sälunda
637 556 65 26 klart,
718 558 32 19 att
765 555 171 22 fraktskilnaden
952 556 13 21 &

204 589 63 23 dessa
282 590 57 22 olika
354 592 65 26 vägar
438 590 19 28 ej
476 591 42 21 kan
537 597 52 15 vara
607 590 25 22 sä
650 590 90 22 alldeles
756 590 116 27 obetydlig.
902 590 63 22 Hvad

203 624 47 21 äter
265 624 132 22 vidkommer
415 624 127 28 pästäendet
562 627 32 20 att
613 626 80 21 smöret
712 625 69 21 mäste
800 624 77 22 forslas
892 625 73 27 längre

203 658 97 22 sträckor
315 665 38 20 per
366 659 109 27 landsväg,
491 660 6 21 i
513 660 102 21 händelse
630 660 116 28 jernvägen
758 660 18 26 ej
788 658 71 22 blefve
869 659 49 22 ledd
928 665 36 21 ge-

202 698 49 16 nom
264 693 133 27 landskapet,
409 694 68 21 häller
489 694 18 27 ej
523 694 69 22 heller
607 694 59 22 detta
678 694 79 22 streck.
781 693 85 22 Smöret
874 693 89 22 likasom

202 727 70 27 tjäran
287 729 156 25 transporteras
453 728 8 22 i
470 728 85 28 Kajana
564 728 68 22 härad
646 728 154 22 företrädesvis
811 728 60 28 längs
881 729 82 20 vatten-

202 761 93 22 lederna.
323 762 44 22 Och
383 762 71 22 härtill
470 763 97 22 kommer
582 765 62 25 ännu,
661 765 32 19 att
710 769 26 15 en
750 763 90 27 jernväg
855 762 108 27 Uleäborg

200 807 18 4 —
230 796 103 27 Joensuu,
349 796 40 22 den
407 796 35 22 mä
458 797 78 27 dragas
551 797 55 22 huru
619 804 46 16 som
680 797 63 26 helst,
760 797 6 21 i
781 797 64 27 ingen
860 796 103 22 händelse

201 831 58 20 öster
274 836 34 16 om
324 831 114 22 Uleäträsk
453 831 42 22 kan
511 831 87 22 komma
614 834 32 19 att
661 832 79 21 beröra
756 831 64 26 nägot
835 833 70 20 större
918 837 44 15 om-

200 864 52 22 räde
274 864 23 22 af
311 865 82 27 Kajana
407 865 74 22 härad.
515 865 41 22 Om
572 866 69 22 banan
657 866 60 21 ledes
732 871 77 22 genom
826 865 91 27 Kajana,
933 865 28 27 pä

201 900 44 20 sätt
263 899 40 21 den
326 899 23 22 af
371 899 110 22 Utskottet
502 900 120 27 uppgjorda
644 900 80 21 kartan
746 899 87 26 utvisar,
856 899 47 22 icke
926 905 37 16 ens

201 933 63 22 berör
279 933 122 22 densamma
420 934 112 22 Sotkamo.
562 935 49 21 Men
632 935 64 21 äfven
715 934 69 21 under
802 934 159 27 förutsättning,

200 968 33 21 att
251 967 71 22 banan
336 968 47 21 frän
398 969 115 22 nordöstra
528 969 76 22 hörnet
618 969 24 22 af
659 968 117 23 Uleäträsk
792 968 73 22 leddes
879 968 83 21 direkte

200 1001 34 22 till
250 1002 117 21 sistnämda
381 1003 86 26 socken,
482 1003 7 22 i
505 1003 86 22 hvilken
607 1003 103 22 händelse
722 1003 85 27 Kajana
818 1003 47 21 stad
876 1002 87 22 komme

200 1037 34 20 att
256 1036 57 28 ligga
331 1037 28 26 pä
377 1038 28 21 23
420 1037 55 22 km:s
494 1037 87 22 afständ
600 1037 46 22 från
660 1037 126 28 jernvägen,
802 1037 70 22 skulle
887 1043 26 15 en
928 1037 33 21 sä-

199 1070 66 22 lunda
281 1070 78 27 dragen
375 1071 61 26 bana,
445 1072 44 21 lika
500 1072 49 21 litet
560 1078 45 16 som
614 1079 26 14 en
648 1071 122 22 söderifrän
778 1071 134 26 kommande,
922 1071 41 22 öka

199 1104 53 22 eller
266 1105 83 21 minska
367 1106 257 27 transportkostnaderna
642 1106 34 22 för
692 1107 89 25 smöret,
801 1107 51 19 enär
871 1105 92 21 nämnda

198 1144 52 16 vara
265 1139 7 21 i
287 1139 74 27 hvarje
375 1140 103 22 händelse
491 1140 35 22 för
540 1140 38 22 det
592 1143 68 21 mesta
675 1140 88 22 komme
779 1141 32 20 att
825 1139 134 22 framforslas

198 1173 49 21 med
266 1173 37 21 båt
326 1174 40 22 och
391 1174 19 27 ej
437 1174 124 28 landvägen.
592 1174 139 22 Beträffande
755 1175 72 21 vestra
853 1173 61 22 delen
941 1174 23 21 af

198 1206 41 22 den
267 1208 104 27 landsdel,
393 1214 77 21 genom
496 1209 86 21 hvilken
604 1208 356 28 Uleåborg-—Nurmes—Joensuu

195 1241 91 27 jernväg
303 1242 78 22 tänkes
400 1242 85 28 dragen,
501 1243 40 22 bör
559 1243 155 27 ihågkommas,
730 1245 34 20 att
782 1242 112 22 trakterna
912 1248 50 16 norr

198 1281 34 16 om
252 1276 115 22 Uleåträsk
386 1278 37 20 äro
443 1277 101 28 temligen
562 1278 56 27 glest
637 1277 101 22 bebodda
757 1277 40 21 och
812 1276 49 28 föga
877 1276 83 22 odlade.

196 1309 100 22 Derifrån
312 1310 91 22 likasom
419 1311 47 21 från
482 1312 137 22 Säräisniemi
634 1312 43 22 kan
694 1314 81 19 smöret
791 1312 109 20 dessutom
911 1312 48 20 med

197 1344 78 21 lätthet
290 1346 157 26 transporteras
463 1346 32 21 till
510 1346 92 28 Kajana,
618 1346 126 28 isynnerhet
760 1352 34 15 om
810 1345 150 27 ångbåtskom-

196 1378 134 21 munikation
353 1379 13 20 å
388 1378 116 23 Uleåträsk
527 1380 96 27 uppstår.
653 1380 97 21 Sålunda
773 1379 86 22 komme
881 1381 80 19 smöret

265 1463 181 23 Jernvägsutskottets
459 1465 111 18 betänkande
582 1465 35 18 N:o
629 1465 15 18 1.
