1031 1659
335 118 300 30 Petitionsmemorial.

155 188 75 28 Borg.
245 189 31 22 st.
699 187 43 23 N:o
757 186 39 23 47.

613 394 179 28 (Öfversättning.)

253 493 51 19 Till
320 492 145 25 Vällofliga
480 493 229 24 Borgareståndet.

169 546 69 20 Redan
257 546 31 19 vid
310 546 54 20 1877
385 546 32 19 års
437 546 93 24 landtdag
545 546 81 19 väcktes
642 545 56 24 fråga
713 551 30 13 om
759 544 104 26 byggande

101 574 21 20 af
145 580 24 14 en
188 576 81 23 jernväg
289 575 70 19 mellan
380 575 68 19 staden
469 574 99 24 Uleåborg
588 574 37 20 och
645 574 112 20 Uleåträsk.
792 573 68 20 Ehuru

98 604 190 24 jernvägsutskottet
308 604 25 19 då
353 604 90 18 förordat
458 609 23 13 en
497 603 166 19 statssubvention
679 603 21 19 af
714 603 42 24 fyra
771 603 90 24 miljoner

100 632 64 26 mark,
179 638 31 14 om
227 632 60 20 banan
300 632 65 20 kunde
381 632 144 20 åstadkommas
537 638 69 17 genom
622 632 76 19 enskild
709 631 152 24 företagsamhet

102 661 37 20 och
160 661 53 19 såväl
229 661 162 23 borgareståndet
406 666 40 14 som
463 661 144 19 bondeståndet
622 660 77 20 förenat
717 661 30 23 sig
757 666 30 14 om
801 660 60 19 bevil-

100 690 70 24 jandet
189 690 21 19 af
228 690 60 23 sagda
309 690 122 23 subvention,
446 690 67 19 förföll
529 690 51 19 dock
595 689 68 24 frågan
679 689 32 19 för
725 690 64 18 denna
803 688 56 25 gång,

100 718 22 20 af
143 718 59 20 orsak
224 721 30 17 att
272 718 138 24 ridderskapet
429 718 38 20 och
487 719 56 19 adeln
569 721 50 17 samt
644 718 145 24 presteståndet
815 717 45 20 icke

102 747 72 24 ansågo
195 748 29 23 sig
243 747 65 19 kunna
328 747 67 19 bifalla
409 748 30 18 till
454 747 120 24 beviljandet
589 746 21 20 af
624 747 65 19 dertill
705 747 71 23 nödiga
791 746 69 19 medel.

171 776 31 19 Då
221 775 68 25 frågan
308 776 32 19 vid
357 776 55 19 1882
427 776 32 19 års
475 776 93 24 landtdag
583 776 50 24 ånyo
648 778 91 22 upptogs,
755 774 106 20 förordade

100 804 190 24 jernvägsutskottet
305 804 43 20 åter
361 805 118 23 beviljandet
492 804 21 20 af
523 803 174 24 statssubvention,
711 810 43 14 men
767 804 94 23 förslaget

102 839 50 14 vann
167 834 44 20 icke
226 833 62 20 heller
302 840 27 13 nu
347 834 114 19 ständernas
474 833 149 25 godkännande,
636 833 110 25 antagligen
758 833 7 19 i
780 832 81 20 främsta

101 865 83 17 rummet
204 862 20 20 af
242 863 34 19 det
295 863 42 19 skäl
357 866 29 16 att
406 863 32 18 vid
453 868 73 14 samma
541 863 93 23 landtdag
650 862 63 20 beslut
728 862 86 20 fattades
829 867 30 14 om

102 891 101 24 byggande
218 891 21 19 af
252 891 181 24 Uleåborgsbanan.

171 920 115 19 Sedermera
306 920 36 19 har
361 920 68 24 frågan
441 914 59 35 varit
514 920 48 19 före
580 920 31 19 vid
633 920 53 20 1891
704 920 37 19 och
757 918 55 21 1894
827 918 32 20 års

101 948 123 24 landtdagar.
261 949 37 19 Vid
319 950 37 18 den
377 948 118 24 föregående
515 949 118 23 landtdagen
654 949 75 19 beslöto
754 948 106 19 ständerna

101 980 30 16 att
145 977 46 24 ingå
206 978 43 19 med
264 984 23 13 en
303 978 121 24 underdänig
439 978 115 19 hemställan
567 978 74 25 derom,
654 980 43 22 ,,att
717 977 76 19 säsnart
805 976 56 20 kom-

100 1006 215 20 munikationsfondens
335 1006 105 24 tillgångar
459 1007 70 19 sådant
545 1006 104 24 medgifva,
664 1006 59 24 nådig
738 1005 122 25 proposition

100 1040 32 14 om
151 1035 110 24 byggandet
280 1035 21 19 af
319 1041 23 13 en
359 1035 50 19 bana
429 1034 42 20 från
488 1035 61 19 Vaala
564 1035 31 19 till
610 1034 105 24 Uleåborg,
731 1035 60 19 måtte
807 1036 52 17 stän-

101 1063 61 19 derna
182 1063 130 24 föreläggas''.
343 1063 37 19 Vid
397 1064 36 19 den
449 1069 70 14 senare
534 1064 118 23 landtdagen
667 1064 44 19 åter
725 1062 94 20 förenade
831 1062 30 24 sig

101 1092 107 20 ständerna
230 1098 30 14 om
276 1098 23 13 en
314 1092 121 24 underdänig
449 1093 85 23 petition
549 1093 6 18 i
571 1092 51 24 syfte
637 1095 29 17 att
681 1092 54 19 Hans
750 1091 111 25 Kejserliga

100 1121 96 23 Majestät
211 1121 20 23 ,,i
246 1121 62 19 nåder
323 1121 99 24 behagade
438 1121 41 19 låta
494 1121 107 19 verkställa
615 1121 136 19 instrumental
763 1120 37 20 och
813 1120 46 19 eko-

100 1149 77 19 nomisk
191 1150 145 23 undersökning
349 1150 20 19 af
384 1156 23 13 en
418 1150 82 24 jernväg
512 1150 43 19 från
568 1149 98 24 Uleåborg
679 1149 48 20 eller
734 1148 127 24 närliggande

100 1178 63 24 punkt
178 1178 12 19 å
205 1178 108 23 Uleåborgs
326 1179 81 23 jernväg
423 1178 30 20 till
468 1178 105 20 Uleåträsk
585 1178 90 24 antingen
686 1184 47 14 norr
744 1178 48 19 eller
803 1177 58 19 söder

100 1212 31 14 om
151 1206 84 24 Uleåelf,
255 1210 49 16 samt
323 1209 30 17 att
371 1207 59 24 nådig
449 1207 123 25 proposition
592 1212 31 14 om
639 1208 109 23 byggandet
763 1206 21 20 af
798 1206 63 19 derna

98 1236 82 23 jernväg
195 1236 59 19 måtte
269 1236 226 19 nästsammanträdande
510 1236 80 19 ständer
605 1235 130 25 föreläggas''.

168 1264 38 19 Vid
222 1264 88 24 samtliga
324 1265 23 19 de
360 1264 123 25 landtdagar,
495 1264 26 20 då
532 1264 69 24 frågan
612 1270 29 14 om
655 1264 100 24 byggande
767 1263 22 20 af
799 1262 62 20 Vaala

100 1292 63 20 banan
184 1292 100 26 förevarit,
304 1293 36 19 bar
359 1294 64 18 denna
443 1293 59 19 banas
522 1296 54 16 stora
595 1293 100 24 betydelse
713 1292 65 20 städse
797 1291 64 20 blifvit

99 1321 82 20 erkänd.
211 1322 9 18 I
240 1322 115 19 ständernas
375 1322 134 23 underdåniga
530 1322 83 24 petition
630 1322 31 19 vid
677 1324 77 17 senaste
767 1320 94 23 landtdag

99 1350 73 19 uttalas
192 1350 67 19 derom
278 1350 59 19 bland
352 1353 65 17 annat.
448 1365 5 11 ,
456 1350 41 23 Uti
512 1353 29 17 ett
555 1350 26 24 på
595 1351 43 19 inre
653 1351 116 23 vattendrag
783 1350 22 18 så
820 1348 41 20 rikt

100 1378 46 20 land
169 1384 41 14 som
234 1378 83 20 Finland
341 1379 67 25 måste,
429 1379 32 19 vid
481 1379 224 19 kommunikationernas
725 1377 136 21 förbättrande

99 1406 64 20 såsom
183 1409 29 17 ett
231 1406 21 20 af
266 1408 24 18 de
306 1406 81 21 främsta
402 1407 115 24 syftemålen
533 1407 53 20 afses
601 1408 24 19 de
641 1408 42 19 inre
699 1408 162 22 vattenvägarnes

99 1435 129 20 förbindande
244 1436 44 19 med
303 1435 68 21 hafvet
387 1436 36 20 och
439 1436 44 19 med
498 1436 77 20 landets
585 1436 134 24 jernvägsnät.
745 1435 28 20 Af
783 1434 77 20 landets
