1036 1656
93 869 12 20 6
117 852 24 49 8.

172 117 28 20 20
386 114 26 23 U.
429 115 27 22 B.
473 127 27 4 —
516 115 74 28 Prop.
606 114 45 23 N:o
666 113 38 23 33.

242 187 12 22 I
270 187 232 23 öfverensstämmelse
524 187 50 22 med
589 187 104 28 gällande
708 187 39 27 lag
762 187 41 21 har
819 181 103 27 arvodets

171 223 165 22 bestämmande
359 223 8 22 i
389 224 56 21 sista
469 223 60 22 hand
552 223 40 22 och
616 223 28 22 då
668 223 56 22 tvist
739 222 75 22 derom
830 221 92 28 uppstår

172 259 80 22 mellan
275 259 178 22 hufvudmannen
476 260 41 21 och
540 259 104 22 ombudet
672 259 70 27 gjorts
766 258 111 22 beroende
900 257 25 22 af

171 297 87 20 rättens
274 295 110 28 pröfning.
411 295 82 22 Likväl
509 295 41 28 går
566 295 163 27 propositionen
745 294 71 27 enligt
831 293 91 23 Utskot-

172 333 44 20 tets
239 331 68 22 tanke
330 331 8 21 i
361 331 61 22 detta
445 330 105 23 afseende
570 331 68 27 något
653 331 78 27 längre
747 332 28 20 än
791 330 77 27 nödigt
882 329 40 22 och

172 366 74 28 billigt
268 373 59 16 vore.
357 367 78 27 Enligt
455 369 13 20 2
493 374 62 15 mom.
578 369 13 20 5
615 367 13 28 &
652 367 73 21 skulle
747 366 94 22 domstol
857 365 66 22 hafva

172 403 61 21 makt
256 404 34 20 att
310 403 75 27 jemka
397 403 84 28 jemväl
496 403 94 22 aftaladt
605 403 88 27 arvode,
710 409 35 15 om
760 402 38 22 det
813 401 110 28 betydligt

172 438 135 28 öfverstiger
330 439 58 22 hvad
408 439 85 28 skäligt
508 441 31 20 är.
570 439 79 22 Denna
664 438 146 28 bestämning,
827 438 95 21 tillkom-

172 481 49 16 men
236 475 8 21 i
261 474 60 28 syfte
341 477 33 20 att
389 475 136 22 säkerställa
540 477 51 26 part
606 477 58 20 emot
680 474 163 23 öfverträdelse
858 473 24 22 af
896 473 27 22 de

175 513 10 19 1
202 517 62 16 mom.
281 513 12 20 5
313 510 9 30 &
345 511 129 22 meddelade
497 511 149 28 föreskrifter,
670 517 67 21 synes
761 510 129 27 emellertid,
915 510 7 21 i

172 547 51 22 dess
246 547 127 28 föreslagna
395 547 93 28 lydelse,
504 547 107 22 innebära
626 549 34 20 ett
674 546 68 22 altför
757 548 58 20 stort
829 546 93 27 ingrepp

172 583 8 22 i
202 583 164 22 aftalsfriheten
389 583 40 22 och
453 590 55 16 vara
528 583 72 28 egnad
624 585 32 20 att
672 583 117 21 framkalla
805 581 117 28 missbruk,

172 618 92 23 hvarför
279 619 122 28 Utskottet,
419 625 45 16 som
481 621 73 20 ansett
567 619 117 28 jemkning
696 618 26 22 af
730 618 94 22 aftaladt
835 617 87 28 arvode,

173 661 45 15 som
239 655 99 22 befinnes
358 656 7 21 i
386 656 44 27 hög
450 656 57 27 grad
527 655 123 27 öfverstiga
666 655 37 22 det
716 654 94 28 skäliga,
826 654 54 22 böra
900 654 23 22 få

172 691 136 22 verkställas
327 691 78 22 endast
423 692 71 21 under
509 690 161 28 förutsättning
685 693 34 19 att
733 693 57 24 part,
807 690 8 22 i
831 690 55 28 följd
899 689 26 22 af

172 727 114 22 bristande
302 727 123 22 kännedom
435 734 34 15 om
481 727 168 22 förhållandena
657 726 36 23 vid
706 726 90 22 aftalets
807 726 115 28 ingående,

173 762 49 23 icke
244 763 86 21 kunnat
352 763 91 22 bedöma
470 763 136 27 uppdragets
629 765 36 19 art
688 762 39 22 och
748 762 43 22 den
807 762 49 22 med
871 762 51 22 dess

172 798 118 22 utförande
306 798 104 23 förenade
427 799 69 27 möda,
513 799 63 21 aktat
586 798 77 28 nödigt
673 799 7 21 i
691 798 100 28 enlighet
799 798 50 22 med
858 798 64 22 dessa

173 834 139 28 synpunkter
335 834 155 23 omformulera
506 834 94 22 berörda
615 834 146 28 bestämning.

244 870 75 22 Jemte
341 871 38 21 det
397 873 10 19 1
425 878 62 15 mom.
505 873 12 19 6
534 871 12 29 &
568 870 102 28 angifver
693 870 230 28 sakförareförenings

174 906 110 22 allmänna
308 906 106 28 ändamål,
438 908 125 26 uppställer
584 909 12 19 2
618 913 62 15 mom.
696 907 8 21 i
720 912 83 16 samma
818 906 20 28 8,
855 906 69 22 under

173 942 135 28 hänvisning
332 942 35 22 till
393 944 12 20 2
430 942 20 30 8,
472 943 112 27 juridisk"
595 942 102 28 bildning
712 942 73 22 såsom
801 942 73 22 vilkor
888 942 36 22 för

173 978 137 27 rättigheten
326 980 33 20 att
375 979 68 21 vinna
453 978 89 22 inträde
552 979 8 21 i
571 978 225 27 sakförareförening.
820 978 104 27 Tidigare

174 1014 40 21 har
236 1016 96 25 nämnts,
348 1016 33 20 att
397 1014 7 22 i
419 1014 80 22 länder
514 1014 49 22 med
579 1020 60 16 mera
654 1014 130 22 utveckladt
799 1013 124 23 sakförare-

173 1052 69 20 väsen
264 1049 34 22 för
314 1050 136 27 rättigheten
466 1052 33 20 att
515 1050 75 22 utöfva
606 1049 259 23 sakförareverksamhet
880 1049 43 22 for-

172 1086 60 27 dras,
249 1088 59 19 utom
323 1086 156 27 undergående
495 1086 25 22 af
531 1086 110 28 juridiska
657 1086 106 27 examina,
780 1085 67 22 bland
858 1088 66 18 annat

173 1120 68 24 äfven
256 1121 64 27 intyg
336 1121 63 22 öfver
414 1122 103 26 praktisk
528 1122 134 26 utbildning;
673 1122 40 21 och
721 1123 39 19 äro
771 1120 153 28 fordringarna

173 1157 8 21 i
204 1157 138 21 sistberörda
362 1156 105 23 afseende
484 1157 46 22 ofta
544 1158 90 26 mycket
648 1157 55 27 högt
719 1157 78 21 stälda.
829 1156 95 22 Sålunda

173 1192 88 22 fordras
284 1192 8 22 i
316 1186 117 29 Österrike
449 1193 34 28 sju
499 1194 37 21 års
552 1193 97 22 domare-
665 1192 57 23 eller
737 1192 187 28 advokatpraktik

173 1231 58 19 samt
246 1229 113 21 särskilda
374 1229 56 27 prof,
447 1229 8 22 i
470 1229 112 28 Ryssland
598 1229 43 22 fem
657 1229 37 22 års
710 1229 105 27 praktisk
828 1229 96 27 juridisk

172 1264 151 28 verksamhet,
346 1264 8 21 i
378 1264 127 22 Frankrike
531 1264 35 22 för
592 1264 28 22 de
642 1264 113 27 egentliga
781 1263 143 23 sakförarene

173 1299 101 29 (avoués)
291 1306 27 15 en
334 1299 123 28 öfningstid
472 1301 39 21 hos
522 1300 140 27 legitimerad
678 1299 115 22 sakförare
810 1300 70 21 under
890 1303 34 19 tre

173 1336 36 21 till
224 1335 45 22 fem
284 1336 27 21 är
326 1342 18 15 o.
360 1342 17 15 s.
393 1342 20 16 v.
444 1336 116 22 Utskottet
584 1342 66 16 anser
672 1336 39 22 det
726 1336 117 27 högeligen
859 1336 65 22 önsk-

173 1371 43 28 ligt
239 1373 33 20 att
295 1371 66 22 äfven
385 1372 40 21 hos
447 1378 37 15 oss
500 1372 136 27 rättigheten
652 1373 34 20 att
700 1371 50 22 föra
765 1377 84 16 annans
864 1372 61 22 talan

172 1407 37 22 till
226 1407 48 22 viss
293 1407 56 27 grad
364 1409 65 26 göres
445 1407 111 22 beroende
570 1407 26 22 af
609 1407 103 27 praktisk
729 1407 130 28 utbildning.
891 1408 34 22 Dä

245 1454 130 23 Lagutskotteis
387 1455 111 18 betänkande
510 1454 35 19 N:o
558 1455 28 18 11.
