1039 1659
322 143 29 21 U.
366 142 28 22 B.
412 155 24 3 —
452 142 74 28 Prop.
544 143 42 21 N:o
602 142 38 22 28.

380 465 78 27 Lag-
490 465 55 23 och
572 465 287 22 Ekonomiutskot-

309 500 66 22 tets
390 500 207 22 betänkande
612 500 45 22 N:o
673 500 14 22 5
702 500 9 22 i
727 499 133 28 anledning

309 534 28 22 af
359 534 65 22 Hans
455 534 137 28 Kejserliga
621 534 123 28 Majestäts
771 534 89 27 nädiga

309 568 156 28 proposition
502 568 126 28 angående
662 568 198 22 kleresifriheter

308 602 41 23 för
372 602 41 22 det
436 602 183 28 grekisk-ryska
642 602 194 28 presterskapets
852 602 9 22 i

310 636 103 22 Finland
430 636 131 23 boställen.

173 708 55 22 Den
259 708 184 22 förberedande
472 707 225 29 handläggningen
726 708 25 22 af
778 708 82 22 denna

105 742 93 30 nädiga
217 742 156 29 proposition
392 742 46 22 har
458 742 26 22 af
502 742 117 29 samtliga
638 742 74 22 ständ
732 742 129 22 öfverlem-

105 778 56 21 nats
189 777 36 22 till
251 777 63 29 Lag-
341 776 46 23 och
416 776 256 27 Ekonomiutskottet,
697 783 53 16 som
769 776 91 22 derhos

106 811 99 23 erhällit
231 812 40 22 del
297 812 25 22 af
349 811 42 22 det
409 811 138 27 uttalande,
567 811 97 22 hvilket
682 811 43 22 vid
745 811 116 22 ärendets

106 846 88 22 remiss
222 846 82 22 blifvit
331 845 85 29 gjordt
434 846 47 22 hos
500 845 187 29 Ridderskapet
705 846 46 22 och
771 846 89 22 Adeln.

107 880 34 22 Pä
169 880 113 30 begäran
309 880 47 22 har
378 880 128 22 Utskottet
525 880 142 22 sedermera
687 880 56 22 frän
762 880 100 22 Ekono-

107 915 260 29 miedepartementets
386 915 7 21 i
412 914 141 30 Kejserliga
574 914 110 23 Senaten
703 915 39 22 för
755 914 107 22 Finland

107 946 88 26 Kahsli
222 950 47 22 fått
296 950 134 28 emottaga,
458 949 76 29 jemte
561 949 93 29 utdrag
672 956 30 16 ur
722 949 140 29 Kejserliga

108 984 123 22 Senatens
250 984 43 22 vid
312 984 117 22 ärendets
445 984 183 29 föredragning
642 984 72 22 förda
727 984 134 28 protokoll,

106 1018 134 23 utvisande
268 1020 35 21 att
329 1018 85 29 någon
438 1018 291 30 meningsskiljaktighet
748 1018 88 22 dervid
855 1018 8 21 i

107 1053 141 29 Kejserliga
267 1053 111 23 Senaten
396 1052 54 22 icke
470 1054 42 28 egt
530 1059 63 20 rum,
614 1053 124 22 särskilda
757 1053 7 21 i
784 1052 79 22 saken

107 1087 129 23 tillkomna
255 1087 159 29 handlingar.

176 1242 72 23 Efter
278 1243 42 22 det
348 1243 120 22 Ilomants
498 1242 190 30 grekisk-ryska
715 1242 148 28 församling

107 1283 90 23 genom
215 1277 85 23 utsedt
317 1277 95 22 ombud
430 1277 36 22 uti
485 1284 31 15 en
535 1277 49 23 den
603 1278 15 21 7
638 1277 137 22 november
796 1276 67 22 1894

107 1312 36 22 till
162 1311 166 23 Guvernören
347 1312 7 21 i
374 1312 100 28 Kuopio
490 1312 42 22 län
546 1312 114 28 ingifven
673 1312 74 22 skrift
760 1310 104 23 anhållit

107 1352 40 16 om
175 1346 196 22 kleresifriheter
393 1346 39 22 för
450 1346 44 22 två
512 1346 36 22 till
566 1346 124 22 boställen
710 1346 25 22 åt
753 1344 111 24 nämnda

108 1380 159 29 församlings
296 1380 162 29 kyrkoherde
489 1380 46 22 och
562 1380 214 29 kyrkobetjening
803 1385 61 22 upp-

107 1415 68 22 lätna
201 1414 148 30 lägenheter
367 1414 7 22 i
393 1414 121 22 Ilomants
533 1414 34 28 by
586 1414 46 22 och
652 1414 99 26 socken,
772 1414 27 22 så
818 1414 47 21 har

109 1448 256 24 Guvernörsembetet
378 1449 8 21 i
398 1448 109 22 berörda
526 1449 42 21 län
587 1449 36 21 uti
642 1448 167 29 underdänig,
829 1448 37 22 till

177 1492 48 22 Lag-
237 1492 33 17 och
283 1491 182 18 Ekonomiutskottets
477 1491 113 18 betänkande
602 1491 38 18 N:o
654 1492 17 16 5.
