1039 1656
313 138 26 22 U.
355 138 28 22 B.
398 150 28 4 —
442 138 75 27 Prop.
532 138 42 22 N:o
589 138 36 22 24.
838 139 12 19 9

91 206 135 28 stadganden
245 207 114 27 angäende
374 206 169 28 expropriation;
561 207 38 21 och
614 206 83 22 tilläter
711 206 35 27 sig
761 206 90 22 Utskot-

91 243 32 20 tet
141 243 34 20 att
190 241 7 21 i
213 241 78 22 sädant
307 241 102 22 afseende
423 242 94 26 päpeka,
534 241 100 22 hurusom
649 240 143 22 förevarande
807 239 43 22 för-

91 275 190 28 fattningsförslag
303 276 47 22 icke
373 276 90 21 innebär
485 276 72 27 någon
573 275 94 27 ändring
682 275 7 21 i
706 277 10 19 7
733 276 12 26 8
761 274 25 22 af
798 275 22 21 k.
835 274 15 22 f.

93 310 40 22 den
151 312 25 19 12
192 310 118 22 December
327 311 55 21 1864
397 316 50 21 ang.
459 310 167 27 expropriation,
639 310 69 27 enligt
718 310 65 21 hvars
794 308 57 22 stad-

92 344 86 27 ganden
201 344 298 27 expropriationsförfarande
515 344 55 22 skall
587 350 41 22 ega
644 350 53 20 rum,
713 346 38 19 när
767 342 84 23 enskild

93 385 48 15 man
164 378 97 28 tillhörig
283 380 52 20 eller
358 379 25 21 af
403 379 76 21 honom
499 379 68 21 under
583 379 87 21 åborätt
685 378 103 22 innehafd
801 377 50 27 jord

92 413 103 22 behöfves
213 413 45 27 ,till
274 413 133 28 anläggning
423 413 25 22 af
461 416 52 25 torg,
523 416 57 25 gata,
591 415 50 25 väg,
653 413 70 27 hamn,
734 412 117 27 lastnings-

93 448 64 27 plats,
172 448 77 27 kyrka,
265 448 199 27 begrafningsplats
479 448 53 21 eller
547 450 67 19 annat
630 448 90 27 dylikt”,
731 448 70 21 såsom
812 447 40 21 ock

93 485 39 19 när
156 483 154 27 ,trångbyggd
332 484 54 20 tomt
404 482 7 21 i
429 482 51 22 stad
496 483 51 21 eller
563 483 32 21 uti
610 485 67 19 större
692 483 31 26 by,
739 488 44 15 som
799 483 53 20 stor-

93 516 66 22 skifte
174 517 138 27 undergätt*,
328 517 67 22 finnes
413 517 109 26 ,medföra
537 516 84 23 eldfara
637 517 52 22 eller
698 517 78 21 hindra
787 516 65 21 ända-

93 551 114 28 mälsenlig
222 551 125 22 helsovärd*
365 553 56 20 samt
435 551 124 28 ,reglering
569 551 52 22 eller
631 551 150 27 ombyggnad"
794 550 58 27 förty

93 585 68 22 finnes
183 586 129 27 nödvändig.
343 586 102 21 Deremot
468 586 69 21 mäste
561 586 36 21 det
617 586 112 27 erkännas,
746 588 33 19 att
794 585 58 22 stad-

94 621 85 26 ganden
195 620 25 21 af
233 620 142 22 förevarande
391 620 48 28 slag
454 621 139 27 naturligtvis
609 627 43 20 nog
668 621 81 20 komme
765 622 34 19 att
811 619 41 22 för-

94 661 62 16 mena
174 661 66 22 egare
256 655 51 22 eller
322 655 141 22 innehafvare
479 655 25 22 af
515 655 50 28 jord
581 655 144 27 vidtagandet
741 654 24 22 af
778 654 74 21 ätskil-

93 689 46 28 liga
155 689 60 28 slags
231 690 108 27 åtgärder,
355 696 44 15 som
415 690 42 21 han
473 690 72 21 kunde
559 690 59 21 finna
628 689 34 22 för
673 689 33 28 sig
716 689 136 27 förmånliga,

95 730 47 15 men
164 724 75 21 hvilka
253 724 69 21 skulle
337 724 104 21 innebära
455 724 98 21 sanitära
569 723 68 22 vädor
653 724 52 21 eller
720 723 84 22 eldfara
819 722 34 22 för

95 758 77 27 andra;
196 758 54 22 dock
273 758 70 27 ligger
362 759 37 21 det
413 759 8 21 i
435 759 79 21 sakens
529 760 70 25 natur,
617 760 33 19 att
666 760 119 25 tomtegare
802 757 51 22 eller

95 792 142 23 innehafvare
259 793 68 21 mäste
347 793 132 21 underkasta
495 793 34 27 sig
544 793 86 21 sädant.
661 793 39 21 Om
716 793 71 26 nägon
803 792 49 21 eko-

95 827 82 21 nomisk
196 827 77 22 förlust
288 827 7 21 i
310 827 54 28 följd
379 827 24 22 af
417 827 56 22 slika
488 827 201 28 politistadganden
704 827 42 21 kan
763 827 40 20 ock
818 832 36 21 ge-

95 861 107 28 menligen
225 861 47 22 icke
295 862 68 21 varda
385 862 40 26 tal;
451 862 40 21 har
510 864 32 19 ett
558 862 86 21 omräde
660 862 28 27 pä
703 861 150 27 landsbygden

95 896 66 21 räkat
179 896 68 22 blifva
263 898 70 20 tätare
349 897 117 24 befolkadt,
482 898 25 20 sä
523 897 39 21 har
577 903 80 21 egaren
674 897 39 21 ock
729 895 67 22 oftast
810 895 43 22 fätt

95 930 125 28 rundligare
235 931 112 27 betalning
361 931 34 21 för
409 931 33 22 sin
455 931 59 27 jord;
529 931 40 22 och
579 937 32 16 om
623 931 164 21 förhällandena
798 930 56 21 inom

96 967 32 20 ett
149 965 104 22 samhälle
275 967 37 20 äro
335 965 35 22 väl
393 965 101 27 ordnade,
517 966 25 21 sä
565 966 94 21 kommer
677 965 79 22 sädant
773 964 81 27 jemväl

96 1001 117 20 tomternas
229 1005 65 22 egare
310 1000 39 21 och
364 999 141 22 innehafvare
521 999 33 22 till
571 1000 60 27 godo.

166 1034 115 21 Likaledes
303 1035 34 20 mä
360 1034 115 27 erkännas,
499 1036 33 19 att
551 1034 158 27 författningen
725 1034 43 21 kan
783 1033 72 21 lemna

96 1075 46 14 rum
164 1067 34 22 för
221 1068 116 22 afvikelser
359 1068 49 22 frän
424 1069 57 21 hvad
497 1075 44 15 som
557 1068 34 22 för
607 1068 135 22 närvarande
757 1070 25 19 är
797 1067 58 22 stad-

97 1103 54 28 gadt
174 1109 32 15 om
229 1103 172 22 landskommuns
423 1105 46 20 rätt
492 1103 134 22 beträffande
649 1101 206 28 ordningsstadgars

97 1137 124 27 antagande
237 1138 38 21 och
291 1139 33 20 att
338 1137 140 28 Regeringen
493 1140 56 19 samt
560 1138 123 21 densamma
694 1135 161 28 underlydande

96 1171 139 22 förvaltande
250 1172 149 27 myndigheter
415 1172 125 27 härigenom
556 1172 73 21 kunna
640 1172 84 21 komma
735 1172 34 20 att
779 1169 76 22 utöfva

97 1212 26 15 en
146 1205 136 28 befogenhet,
302 1213 44 14 som
366 1206 6 21 i
389 1206 97 27 antydda
501 1206 39 21 fall
555 1206 48 21 icke
619 1206 126 21 förutsättes
760 1204 33 22 uti
808 1204 46 27 gäl-

97 1240 64 21 lande
176 1240 43 27 lag.
249 1241 50 20 Men
315 1242 32 20 ett
362 1240 117 27 afböjande
495 1239 25 22 af
534 1240 41 22 den
590 1240 49 21 näd.
656 1239 160 28 propositionen
826 1238 30 27 pä

98 1275 70 21 denna
183 1275 70 26 grund
268 1275 69 21 skulle
352 1275 113 22 Utskottet
481 1274 48 22 icke
545 1281 51 15 anse
610 1275 35 27 sig
655 1275 73 21 kunna
738 1273 117 27 tillstyrka.

165 1309 44 21 Det
232 1311 24 20 är
275 1309 107 28 nemligen
397 1309 48 22 icke
461 1309 42 22 lätt
519 1311 33 19 att
568 1309 114 27 uppdraga
697 1311 95 25 gränsen
806 1307 50 21 mel-

97 1344 37 21 lan
157 1343 26 22 de
205 1343 143 28 stadganden,
371 1350 44 15 som
438 1343 7 22 i
467 1343 144 22 förevarande
629 1343 102 22 afseende
745 1341 73 22 kunde
834 1341 26 22 af

97 1377 140 28 Regeringen
259 1378 98 21 utfärdas
380 1378 33 21 till
436 1377 111 22 ordnande
570 1377 24 22 af
614 1377 164 22 förhällandena
799 1376 57 21 inom

97 1412 161 27 landsbygdens
278 1413 117 21 samhällen
410 1412 48 22 med
477 1412 177 27 sammanträngd
669 1411 133 26 befolkning,
818 1409 39 22 och

167 1451 208 19 Kommunalutskottets
387 1451 112 18 betänkande
512 1451 34 18 N:o
560 1452 16 17 6.
