1039 1656
327 148 28 22 U.
372 148 30 23 B.
417 160 28 3 —
460 148 74 28 Prop.
550 148 43 22 N:o
609 148 37 22 27.
849 149 12 19 3

102 214 106 22 räknats
233 213 62 23 efter
317 214 169 28 enhetspriset
504 214 40 22 för
562 219 94 16 zonens
675 212 185 30 meddellängd,

103 248 72 22 såväl
200 248 63 22 efter
282 248 68 22 1886
370 248 41 22 års
430 248 146 26 trafiktaxa,
596 254 53 16 som
669 248 62 22 efter
750 247 42 23 det
810 253 51 23 nya

102 282 241 29 trafikreglementet
368 282 25 22 af
412 282 28 22 år
460 282 76 22 1897.
574 282 141 22 Resultatet
734 282 26 22 af
777 282 84 22 denna

102 316 142 29 jemförelse
269 316 112 30 framgår
404 316 58 22 från
481 316 157 22 sistnämnda
657 316 86 29 bilaga
761 316 47 22 och
827 316 34 22 vi-

103 357 42 16 sar
172 351 84 22 denna
283 357 31 16 en
342 351 99 22 skilnad
466 351 8 21 i
497 351 12 22 I
528 351 69 21 klass
616 351 57 22 med
692 350 78 27 5,263
789 350 72 22 mark

105 386 31 22 15
161 385 84 28 penni,
265 385 8 22 i
292 385 25 22 II
335 385 69 22 klass
422 385 58 22 med
499 385 114 26 206,723
632 385 73 22 mark
724 386 33 21 45
776 384 84 29 penni,

103 420 8 22 i
130 420 39 22 III
192 420 68 22 klass
283 420 57 22 med
358 420 116 26 576,986
492 420 72 22 mark
584 419 34 23 90
636 420 77 28 penni
732 419 46 22 och
796 419 9 22 i
823 419 38 22 III

103 454 69 22 klass
197 454 108 29 godståg
329 454 57 23 med
405 454 78 27 9,428
503 455 72 21 mark
595 454 32 23 65
647 454 84 29 penni,
751 454 60 22 eller
831 460 31 15 en

104 489 164 22 totalskilnad
288 489 25 22 af
331 489 113 26 798,402
465 489 72 22 mark
558 489 31 22 15
609 489 84 28 penni,
714 489 23 22 d.
758 489 21 21 ä.
799 489 8 21 i
821 488 42 22 det

105 524 126 21 närmaste
252 523 30 22 15
302 521 28 26 "o
349 523 25 22 af
394 523 68 22 1886
482 523 41 22 års
542 523 8 22 i
569 523 86 22 tablån
668 523 125 29 ingående
806 529 57 22 pas-

105 557 222 30 sagerareafgifter
351 557 141 27 5,412,588
516 557 72 22 mark
607 557 33 23 36
659 557 84 29 penni.
766 570 30 3 —
816 557 47 22 Be-

105 592 95 22 räknar
226 599 58 15 man
311 599 35 15 nu
374 592 196 29 nedsättningen
598 592 39 22 för
665 591 144 23 återstoden
837 591 26 22 af

107 626 67 23 1895
195 626 41 22 års
255 626 358 29 passageraretrafikinkomst
625 625 152 30 (6,069,759
789 625 72 22 mark

106 661 32 22 27
164 661 77 28 penni
265 673 33 3 —
318 661 140 26 5,412,588
484 661 72 22 mark
584 661 33 22 36
642 660 87 29 penni)
749 660 114 26 657,170

105 695 72 22 mark
196 695 32 22 91
248 695 76 28 penni
344 695 62 22 efter
425 701 96 16 samma
539 696 111 27 procent,
665 695 60 22 eller
744 695 31 22 15
789 692 28 27 */%
831 704 32 8 =

106 729 96 26 98,575
222 729 70 22 mark
312 729 33 23 64
364 730 84 28 penni,
469 729 27 22 sä
515 729 49 22 blir
582 729 57 22 hela
657 729 86 22 risken
756 729 39 22 för
807 735 56 22 pas-

106 764 229 29 sageraretrafiken
358 771 90 22 genom
474 764 50 22 den
548 770 51 22 nya
617 764 101 22 tariffen
737 763 124 29 (798,402

106 798 71 22 mark
199 798 31 22 15
249 799 76 27 penni
345 797 31 30 +
396 798 96 26 98,575
511 798 72 22 mark
603 798 33 23 64
649 797 87 30 penni)
748 797 113 27 896,977

106 832 72 22 mark
203 832 33 22 79
260 833 84 28 penni.
381 833 39 22 Då
438 833 26 21 vi
483 833 43 22 vid
545 833 192 28 undersökning
755 832 8 22 i
782 831 81 29 dylikt

107 867 66 28 syfte
191 867 109 22 rörande
318 867 175 29 godstrafiken
512 867 105 22 kommit
635 867 36 22 till
684 873 31 16 en
727 866 60 27 risk,
801 872 62 22 upp-

107 901 98 28 gående
224 901 35 22 till
278 901 75 30 högst
371 901 115 27 904,700
504 901 80 26 mark,
604 901 28 22 sä
647 901 49 22 blir
708 901 57 22 hela
777 901 86 21 risken

107 935 38 22 för
170 935 71 22 säväl
267 942 175 23 passagerare-
462 942 53 16 som
534 935 303 30 godstrafiksintraderna
856 935 8 21 i

107 969 62 30 följd
195 969 25 22 af
242 970 49 22 den
316 977 50 22 nya
389 970 115 22 tariffens
524 970 133 23 införande
675 971 8 21 i
701 970 84 23 denna
803 969 61 28 jäm-

107 1004 91 22 förelse
219 1004 137 27 1,801,677
377 1005 71 22 mark
468 1004 33 23 79
520 1005 85 28 penni.

175 1038 166 30 Helsingfors,
368 1039 14 22 ä
407 1039 240 26 Kontrollkontoret,
671 1039 48 22 den
744 1038 34 22 26
796 1037 67 22 Mars

109 1072 76 23 1897.

549 1107 92 22 Robert
665 1107 128 29 Wegelius.
