1031 1656
338 123 299 28 Petitionsmemorial.

178 195 116 36 Bondest.
692 199 42 22 N:o
750 199 40 22 43.

641 418 151 26 (Öfversättning).

271 515 47 19 Till
337 515 154 20 Hedervärda
507 515 185 20 Bondeståndet.

176 578 68 20 Redan
259 579 33 18 vid
307 578 33 19 två
354 577 119 25 föregående
489 578 116 25 landtdagar
620 578 36 20 har
666 578 6 19 i
683 577 122 22 hedervärda
815 579 48 19 bon-

104 607 105 20 deståndet
223 607 136 24 petitionerats
375 613 30 13 om
416 607 154 20 verkställandet
582 606 21 20 af
615 607 144 24 undersökning
772 607 32 20 för
814 607 48 20 fort-

104 636 90 20 sättande
209 636 20 20 af
241 636 106 24 jernvägen
362 635 43 21 från
421 636 86 20 Joensuu
522 636 30 20 till
572 636 82 20 Nurmes
662 635 36 21 och
710 635 86 21 derifrån
808 637 54 23 längs

104 670 60 14 norra
179 665 91 19 stranden
285 664 21 20 af
320 665 49 19 Uleå
384 664 55 20 träsk
455 665 30 19 till
501 664 62 20 Vaala
577 668 50 16 samt
642 665 67 19 vidare
722 666 30 18 till
763 665 100 24 Uleåborg

104 694 37 19 och
166 694 83 25 Torneå,
274 699 43 14 men
341 694 57 19 dessa
422 694 107 24 petitioner
551 693 58 20 hafva
631 694 18 24 ej
666 694 66 19 vunnit
747 694 115 20 ständernas

104 722 147 24 godkännande.

176 750 51 20 Utan
242 750 115 24 tillräckligt
367 750 110 20 beaktande
485 751 36 19 har
529 751 83 19 lämnats
619 753 53 17 stora
680 751 92 19 Ilomants
780 751 82 23 socken,

104 780 44 19 med
170 780 45 19 dess
235 780 44 19 rika
298 780 64 19 forsar
386 780 37 19 och
448 778 61 25 lifliga
524 780 58 19 trafik
598 782 48 17 samt
662 780 91 19 hurusom
770 780 34 19 det
820 780 42 19 vid-

103 808 89 20 sträckta
225 808 59 24 ryska
305 808 85 20 Karelen
421 808 111 24 härigenom
562 808 63 20 skulle
647 808 77 20 komma
747 809 7 19 i
773 811 90 17 närmare

102 836 89 24 förening
220 838 43 18 med
291 837 88 26 jernväg,
405 842 30 14 om
457 837 96 23 nemligen
573 837 110 19 densamma
711 838 64 18 skulle
790 838 72 23 dragas

102 865 44 20 från
161 866 86 19 Värtsilä
262 866 71 19 station
349 866 48 19 eller
415 865 44 20 från
467 866 64 23 någon
543 872 64 13 annan
617 866 79 24 lämplig
706 866 62 24 punkt
779 866 84 19 emellan

102 894 86 20 Värtsilä
206 894 36 20 och
261 894 123 24 Tohmajärvi
405 895 96 19 stationer
519 894 26 24 på
563 894 98 20 Karelska
676 894 64 20 banan
755 895 37 19 och
808 894 55 20 ledas

102 928 69 19 genom
196 923 98 25 Ilomants,
319 923 110 25 Pielisjärvi
451 923 37 20 och
506 923 83 19 Nurmes
604 924 31 18 till
651 923 77 24 Kajana
742 923 37 20 och
795 924 68 18 vidare

103 952 32 19 till
152 952 61 19 Vaala
227 952 37 20 och
279 952 105 24 Uleäborg.

174 980 91 20 Trafiken
279 980 26 25 pä
318 980 63 20 denna
395 980 70 20 bandel
479 980 63 20 skulle
553 980 77 20 komma
637 982 30 18 att
680 980 59 20 blifva
754 980 22 20 sä
786 980 78 24 mycket

102 1011 71 23 större,
199 1015 40 14 som
266 1013 53 15 utom
347 1010 24 18 de
389 1010 7 18 i
411 1009 79 20 trakten
506 1010 61 19 redan
583 1009 105 19 arbetande
704 1010 68 23 mänga
788 1009 74 19 bruken

103 1044 37 18 nya
156 1038 38 20 och
210 1041 55 16 stora
276 1038 125 20 industriella
417 1038 131 24 inrättningar
563 1038 63 19 skulle
641 1038 77 24 uppstå.
742 1038 122 19 Rämaterial

102 1066 62 20 finnes
179 1068 7 18 i
202 1066 101 26 öfverflöd,
319 1069 53 17 stora
387 1067 71 23 skogar
470 1067 36 19 och
517 1067 102 19 malmrika
631 1067 61 23 sjöar;
704 1067 17 24 ej
733 1067 62 19 heller
804 1066 60 20 råder

103 1096 33 18 det
156 1095 50 20 brist
222 1096 25 24 pä
262 1095 31 19 för
308 1095 75 20 fabriks
399 1096 140 23 anläggningar
553 1096 91 24 lämpliga
659 1096 79 25 platser,
753 1095 6 19 i
775 1096 34 19 det
824 1095 39 19 tal-

102 1124 50 26 rika,
178 1127 53 17 stora
253 1124 64 19 forsar
339 1126 44 17 natt
403 1124 37 20 och
456 1125 38 23 dag
509 1130 56 13 mana
580 1124 136 20 menniskorna
731 1127 29 17 att
775 1124 89 20 använda

103 1153 44 19 dem
162 1153 31 19 till
209 1153 72 19 folkets
297 1152 37 20 och
349 1153 77 19 landets
441 1153 128 19 ekonomiska
583 1152 107 20 förkofran.

174 1182 38 19 Vid
228 1182 64 18 denna
307 1181 48 24 linje
370 1181 61 19 finnas
446 1181 87 24 följande
549 1181 73 19 forsar:
636 1182 7 18 i
655 1182 124 24 Tohmajärvi
790 1181 73 19 socken

103 1210 82 23 belägna
203 1210 146 23 Saarionkoski,
369 1211 78 18 hvilken
467 1211 60 18 redan
543 1210 64 19 blifvit
621 1210 70 25 inköpt
706 1210 20 19 af
740 1213 29 16 ett
783 1210 59 24 bolag
856 1210 8 19 i

102 1239 36 19 och
154 1239 32 19 för
207 1239 198 23 fabriksanläggning;
428 1239 7 19 i
458 1239 120 24 Korpiselkä
593 1239 72 20 socken
681 1239 131 26 Kalliokoski,
828 1239 36 19 der

102 1269 52 18 tomt
170 1267 31 20 för
216 1267 190 24 fabriksanläggning
421 1267 60 20 redan
496 1267 64 20 blifvit
575 1267 101 24 utbruten;
692 1269 6 18 i
713 1267 93 20 Ilomants
820 1273 43 14 soc-

103 1296 48 19 ken:
175 1296 138 27 Kinnaskoski,
331 1296 144 26 Koverokoski,
493 1296 132 27 Kaurakoski,
644 1297 144 26 Koskenniska,
802 1296 59 19 Reki-

104 1325 64 26 koski,
182 1325 129 24 Mäntykoski
326 1325 37 19 och
378 1325 153 24 Hurttaskoski;
547 1325 66 19 vidare
629 1325 111 24 Koitajokis
761 1325 71 26 forsar,
844 1324 20 19 af

102 1353 68 20 hvilka
190 1359 24 14 en
229 1354 32 19 del
275 1354 49 19 höra
339 1353 30 20 till
384 1354 99 26 Ilomants,
499 1359 24 14 en
539 1359 62 14 annan
617 1354 31 19 del
663 1355 30 18 till
703 1354 43 19 Eno
761 1353 101 24 kommun;

103 1382 115 26 Lylykoski,
241 1382 132 26 Saivarkoski,
394 1382 145 27 Koverokoski,
563 1382 144 27 Kangaskoski,
729 1381 133 27 Jaaniskoski,

102 1411 138 26 Niemiskoski,
260 1411 132 26 Mäntykoski,
413 1411 118 26 Tiaiskoski,
546 1411 115 26 Lohikoski,
675 1411 131 25 Kalliokoski,
822 1410 41 19 Ru-

102 1439 73 26 pukka,
190 1439 161 26 Räpykkäkoski,
366 1439 105 27 Kuusamo,
486 1439 82 26 Pamilo,
584 1439 119 28 Siikakoski,
714 1439 149 26 Tyltsynkoski,
