1028 1656
209 130 27 21 70
527 131 41 21 N:o
584 131 33 21 29.

248 199 26 27 f)
290 199 88 28 sådana,
394 199 39 22 hos
448 199 72 22 hvilka
535 199 79 22 främre
627 199 73 22 knäna
713 201 38 20 äro
762 199 80 22 krökta
851 199 85 26 framåt,

179 232 122 23 bockbenta
316 234 77 27 (gäller
407 234 56 22 blott
478 234 126 28 ridhästar);

246 269 24 28 9)
286 269 176 28 trångbröstade;

248 303 23 28 A)
287 304 49 21 med
357 304 48 22 icke
426 304 45 22 helt
490 304 112 27 tungblad,
622 310 34 16 om
675 304 37 21 sår
727 303 52 22 eller
794 303 76 28 tydligt
886 303 52 28 spår

179 337 55 22 efter
248 337 48 22 bett
311 339 102 28 derjemte
428 338 126 27 förefinnes;

252 373 17 27 7)
285 373 121 27 slokörade,
429 373 28 22 då
478 373 112 28 förmågan
613 374 33 21 att
668 375 51 20 röra
741 373 29 27 på
792 374 80 20 öronen
892 372 45 22 helt

179 407 39 22 och
240 407 67 22 hållet
329 408 86 27 saknas,
438 408 52 22 eller
512 408 48 22 med
582 408 114 27 hängande
718 407 78 28 läppar
815 407 17 28 (i
848 407 52 28 följd
916 407 22 22 af

178 441 97 29 lamhet);

242 477 27 28 J)
285 477 48 22 med
347 477 125 28 hopknipen
488 484 62 21 mage
565 477 52 22 eller
631 477 66 22 bråck
713 477 23 21 af
749 477 68 28 något
832 477 56 27 slag;

247 511 23 28 k)
286 512 48 21 med
349 512 161 28 genomgående
524 512 58 28 galla
596 512 8 21 i
617 512 74 27 hasen,
706 518 34 15 om
752 512 71 27 djuret
834 511 102 28 derjemte

178 546 120 22 förmärkes
313 546 69 27 halta;

255 581 17 27 7
287 581 49 22 med
354 581 102 22 afbruten
471 581 156 28 höftbenspets,
643 581 7 22 i
665 581 37 22 fall
716 581 78 22 hästen
810 581 69 21 tillika
894 581 41 22 slä-

177 621 41 22 par
233 616 153 22 motsvarande
401 616 73 22 sidans
489 617 51 26 ben;

246 651 30 27 m)
301 651 49 21 med
375 651 101 22 öfverben
501 654 54 19 nära
580 658 69 20 senor,
676 652 27 21 då
729 650 62 23 deraf
811 650 123 22 förorsakas

178 684 94 28 halthet;

246 720 25 27 n)
286 720 49 21 med
349 720 118 22 hornvärta
482 720 36 22 vid
532 720 102 22 kotleden
650 720 33 27 (af
695 720 84 28 mugg);

246 754 21 27 0)
284 754 88 26 sädana,
396 761 46 15 som
464 754 70 22 under
556 754 81 22 rörelse
659 754 151 22 ästadkomma
831 754 102 27 fläsande,

177 788 129 27 hvisslande,
322 788 95 28 pipande
432 789 51 21 eller
498 789 112 22 rosslande
624 789 54 27 ljud;

242 823 27 27 Pp)
285 823 89 27 sådana,
390 830 45 15 som
450 824 70 21 under
534 824 57 27 gång
606 824 32 21 slå
653 824 7 21 i
675 824 42 27 hop
733 824 48 21 med
797 823 105 27 fötterna;

246 858 22 28 g)
283 858 49 21 med
354 858 62 22 stark
437 858 135 28 benägenhet
596 860 33 20 att
651 858 82 27 snafva,
756 858 7 21 i
785 858 52 28 följd
859 857 77 22 hvaraf

176 892 100 22 svullnad
291 893 85 21 kunnat
391 894 81 26 uppstä
487 894 6 20 i
509 893 79 21 främre
603 894 82 26 knäna;

245 927 21 27 7)
281 927 89 27 sådana,
390 928 38 21 hos
448 928 71 21 hvilka
538 928 69 21 under
622 928 81 21 rörelse
718 927 98 27 ständigt
830 927 56 21 visat
902 927 32 27 sig

175 961 77 21 starka
267 962 130 27 ryckningar
411 962 7 21 i
434 962 138 22 bakfötterna
589 962 88 28 (spatt);

245 996 19 27 s)
280 996 82 27 hästar,
382 1003 45 15 som
445 997 36 21 vid
501 1004 111 20 noggrann
631 997 123 27 besigtning
769 996 97 22 befinnas
880 1002 53 15 vara

175 1030 75 22 envisa
265 1030 51 22 eller
330 1031 81 26 ilskna;

244 1065 17 27 2)
277 1066 56 26 ston,
356 1064 72 22 hvilka
450 1067 38 20 äro
511 1066 169 27 uppenbarligen
701 1065 100 27 drägtiga
816 1064 51 22 eller
882 1064 48 22 med

175 1099 62 26 diföl;
254 1101 56 20 samt

244 1134 24 27 v)
284 1134 169 28 uppenbarligen
469 1135 63 27 sjuka
546 1135 81 27 hästar,
643 1135 7 21 i
661 1134 118 28 synnerhet
789 1134 89 27 sådana,
886 1140 47 15 som

175 1170 38 20 äro
236 1168 116 22 behäftade
374 1169 49 21 med
440 1169 123 28 kvickdrag,
579 1170 88 26 kvarka,
683 1171 54 25 rots,
753 1169 128 27 springorm,
897 1168 38 22 döf

174 1202 75 28 koller,
273 1203 75 28 skabb,
370 1203 98 22 blindhet
489 1205 29 26 på
536 1204 68 27 bägge
619 1206 84 25 ögonen
719 1203 43 28 (för
777 1203 42 22 alla
833 1203 99 27 klasser),

174 1237 52 22 eller
248 1238 30 27 på
300 1239 32 20 ett
355 1240 41 25 öga
418 1238 43 28 (för
484 1239 191 27 artilleriklassen),
695 1238 51 22 eller
765 1238 66 27 något
850 1237 46 28 slag
912 1237 23 22 af

173 1271 92 22 halthet.
