1048 1656
451 138 39 21 N:o
507 139 35 21 23.
826 138 28 20 23

124 206 76 27 dering
216 206 23 21 så
250 206 131 27 skyndsamt,
393 212 45 16 som
450 206 118 28 företagets
578 206 45 27 vigt
634 206 92 27 fordrar,
737 207 35 20 må
782 206 101 27 anlägga-

124 246 38 16 ren
172 240 79 26 kunna,
263 246 75 22 genom
349 241 77 21 sådant
435 240 177 28 skyndsammare
620 240 128 27 förfarande,
760 246 45 16 som
813 240 69 21 nedan

122 274 8 22 i
140 274 59 22 detta
210 275 81 27 kapitel
303 275 143 28 omförmäles,
457 275 65 21 vinna
532 277 45 20 rätt
587 277 33 19 att
628 274 46 22 före
683 274 199 28 expropriationens

122 308 124 23 fullbordan
262 310 45 21 tills
323 310 74 22 vidare
412 310 91 27 belägga
518 310 132 27 fastigheten
661 309 49 22 med
720 309 80 22 arbete.
823 309 60 21 Dock

123 343 36 21 må
173 344 42 21 slik
230 343 83 22 förmån
330 344 18 27 ej
364 346 51 20 utan
431 344 136 22 afträdarens
583 344 111 27 samtycke
708 344 95 27 åtnjutas
813 344 70 21 såvidt

123 378 157 27 anläggningen
301 378 54 22 skall
374 379 60 21 ledas
453 385 77 21 genom
549 379 88 21 bostads
657 379 52 21 eller
723 378 113 22 industriel
851 378 32 21 in-

123 413 106 27 rättnings
244 415 61 19 tomt.

468 453 12 28 8
499 453 35 22 58.

194 492 180 28 Skyndsammare
390 493 124 22 förfarande
531 500 39 20 ege
585 500 47 14 rum
648 493 76 21 endast
738 494 7 21 i
761 493 38 22 fall
809 493 75 27 fastig-

124 527 76 21 hetens
219 527 135 27 afträdande,
374 528 55 21 efter
450 528 111 21 verkstäld
576 528 126 27 utstakning
717 528 24 21 af
755 528 127 26 densamma,

124 563 25 19 är
165 562 47 21 med
228 561 86 27 hänsigt
329 562 33 21 till
378 562 148 27 stadgandena
541 562 6 21 i
563 563 85 21 20—23
665 562 25 28 $$
706 562 106 27 ostridigt.

193 596 49 21 Kan
263 596 128 27 utstakning
406 596 18 27 ej
442 596 109 28 snarligen
570 596 43 27 ske,
631 596 40 22 och
686 596 81 22 företer
781 597 103 27 anlägga-

124 636 38 16 ren
179 630 67 22 sådan
263 630 64 22 karta
346 630 60 22 öfver
421 631 36 21 det
474 630 121 22 åstundade
611 630 97 22 området
724 632 33 20 att
772 630 48 22 dess
835 630 48 28 läge

124 664 41 22 och
180 666 89 26 gränser
286 664 63 22 derur
363 665 97 27 tydligen
476 664 92 28 framgå,
585 664 24 22 så
623 665 41 21 ock
679 664 59 22 bevis
750 664 23 22 af
782 664 100 22 vederbö-

124 699 67 21 rande
203 699 114 27 jordegare
334 702 57 19 samt
402 699 139 22 innehafvare
549 699 23 21 af
581 699 158 27 nyttjanderätt
750 700 52 21 eller
812 706 70 14 annan

125 734 87 21 dermed
227 733 88 21 likstäld
331 734 111 27 rättighet,
458 736 33 19 att
508 734 25 22 de
549 734 75 21 bifalla
640 734 34 22 till
688 734 109 21 områdets
808 740 75 21 expro-

124 768 101 27 priation,
242 768 27 21 då
284 769 35 20 må
335 768 178 28 skyndsammare
525 768 123 22 förfarande
659 768 123 28 medgifvas,
794 768 90 22 såframt

124 802 37 21 vid
181 802 40 22 den
236 802 7 21 i
259 804 27 20 23
302 803 11 27 8
329 802 142 22 omförmälda
489 803 136 27 granskning,
645 802 111 28 företagen
775 802 48 22 med
839 802 44 22 led-

124 837 53 27 ning
195 837 24 21 af
235 837 95 21 nämnda
353 838 69 26 karta,
445 838 71 26 någon
535 838 142 27 anmärkning
692 839 46 20 mot
752 836 97 23 området
864 838 18 26 ej

124 871 145 22 förekommit.

472 912 12 27 $
500 913 35 21 59.

194 951 43 21 Vill
260 952 130 27 anläggaren
413 952 64 22 vinna
500 954 44 19 rätt
567 954 32 20 att
621 952 46 22 före
686 952 197 28 expropriationens

124 985 123 21 fullbordan
270 986 91 28 belägga
384 986 130 27 fastigheten
537 986 48 22 med
607 986 81 28 arbete,
712 986 80 22 ansöke
812 986 71 21 derom

124 1019 122 28 skriftligen
262 1020 39 21 hos
316 1022 140 25 guvernören.
481 1021 80 21 Finnes
578 1021 46 21 skäl
639 1021 35 21 tlll
689 1021 146 27 ansökningen
846 1021 38 20 och

125 1055 70 20 möter
211 1054 18 27 ej
245 1054 49 27 laga
309 1054 83 27 hinder,
408 1055 102 21 förordne
520 1057 134 25 guvernören
665 1055 34 22 till
710 1055 174 27 skyndsammare

124 1087 135 28 förfarande;
282 1089 55 21 dock
359 1089 56 21 skall
433 1089 97 28 utslaget
551 1089 72 22 derom
639 1089 152 28 ofördröjligen
806 1089 79 21 under-

125 1123 76 21 ställas
217 1122 104 22 Senatens
337 1123 277 28 Ekonomiedepartement.
643 1125 11 20 I
670 1127 90 19 motsatt
769 1124 40 21 fall
819 1123 65 22 varde

124 1157 147 27 ansökningen
288 1157 101 28 afslagen,
406 1158 38 21 och
460 1158 77 21 stånde
554 1159 130 27 anläggaren
699 1161 65 25 öppet
779 1160 33 19 att
827 1158 56 21 inom

125 1191 82 22 femton
225 1192 67 27 dagar
311 1192 55 21 efter
385 1193 96 21 erhållen
498 1193 35 21 del
549 1193 23 21 af
586 1193 93 27 utslaget
696 1193 98 22 deröfver
809 1192 76 22 anföra

124 1225 77 22 besvär
216 1226 7 21 i
239 1227 144 26 nyssnämnda
400 1227 156 27 departement.

193 1260 86 28 Utslag,
298 1261 136 27 hvarigenom
454 1261 34 22 till
504 1261 175 28 skyndsammare
694 1261 123 22 förfarande
833 1262 52 21 slut-

125 1294 56 27 ligen
201 1295 130 27 förordnats,
350 1296 55 21 skall
422 1297 28 26 på
469 1296 101 27 lämpligt
585 1298 44 20 sätt
643 1297 88 26 bringas
746 1297 34 20 till
796 1296 90 27 sakega-

125 1335 61 15 renes
201 1329 125 22 kännedom.

475 1370 12 28 $
504 1371 35 21 60.

195 1409 60 22 Skall
267 1410 177 27 skyndsammare
454 1411 124 22 förfarande
589 1418 40 21 ega
639 1417 54 22 rum,
705 1411 81 28 åligger
798 1411 36 21 det
845 1411 41 22 den

124 1443 8 21 i
144 1443 27 22 25
182 1443 11 28 8
205 1443 140 23 omförmälda
361 1445 80 21 nämnd
456 1447 33 20 att
504 1446 36 21 vid
557 1446 165 27 sammanträde,
738 1446 87 21 hvartill
838 1445 49 22 sak-
