1039 1659
333 142 29 23 U.
378 143 30 22 B.
423 156 28 2 —
466 142 75 28 Prop.
557 142 42 23 N:o
615 142 39 23 25.
862 144 13 19 5

115 211 40 27 gär
170 212 55 20 efter
241 212 128 20 successiva
385 212 96 20 tillskott
498 212 35 20 för
548 212 44 20 den
609 218 51 14 som
676 212 72 27 tjänat
767 213 28 20 20
805 212 25 20 är
842 212 33 20 till

116 246 62 26 1,430
200 246 46 26 mk,
263 246 145 21 lärarinnans
431 248 26 18 är
478 246 8 20 i
510 246 82 27 början
616 247 42 19 830
678 246 40 20 mk
740 246 43 21 och
807 246 69 21 silutli-

114 286 43 20 gen
174 281 62 25 1,130
247 280 46 20 mk.
306 280 102 20 Anförda
421 280 195 28 inkomstbelopp,
628 280 80 21 hvilka
720 280 60 21 dock
791 286 82 21 genom

114 314 106 26 rikligare
242 314 81 26 bidrag
338 314 26 21 af
376 314 171 21 kommunerna
563 314 7 20 i
586 314 84 27 mänga
688 314 37 21 fall
742 316 39 20 äro
798 316 77 24 större,

115 349 121 21 förutsätta
252 356 28 14 en
296 350 77 25 sträng
389 350 151 26 sparsamhet,
554 350 45 20 och
615 349 114 21 erkännas
740 349 39 21 mä
789 351 32 19 att
831 348 44 22 den

115 384 80 25 lärare,
212 390 51 14 som
279 384 42 20 har
334 383 72 27 familj
418 384 44 20 och
475 383 49 21 icke
536 384 89 26 lyckats
636 384 109 20 förskaffa
756 383 33 27 sig
799 383 77 26 nägon

115 417 52 21 med
191 418 60 20 hans
274 417 121 21 lärarekall
413 418 37 20 väl
467 417 95 27 förenlig
578 417 137 27 biförtjänst,
732 417 58 21 skall
806 417 69 21 hafva

116 452 61 20 svärt
198 454 32 18 att
252 452 34 20 slä
308 451 33 27 sig
357 454 30 18 ut.
419 451 52 21 Men
487 452 201 26 undantagsfallen
704 451 63 21 torde
783 451 18 27 ej
819 452 56 20 böra

115 488 64 24 tagas
194 486 35 20 till
244 492 73 14 norm.
349 486 94 20 Erinras
459 486 42 20 bör
516 486 67 20 äfven
597 488 32 18 att
639 486 103 20 altsedan
754 486 121 21 folkskole-

115 520 121 20 väsendets
252 520 156 26 organisation
424 520 44 20 den
484 520 122 26 grundsats
619 520 75 20 blifvit
707 520 123 26 vidhällen,
844 522 32 18 att

115 554 28 21 de
160 561 49 14 som
226 554 78 21 arbeta
320 554 6 20 i
342 554 144 21 folkskolans
502 554 69 27 tjänst
582 554 50 21 icke
645 554 56 21 böra
703 550 12 35 i
731 554 37 21 sitt
779 554 96 21 lefnads-

116 590 44 20 sätt
181 589 102 26 aflägsna
307 588 33 27 sig
361 588 50 21 frän
436 589 204 26 allmogeklassens
659 589 68 20 enkla
744 595 71 14 vanor
831 588 44 21 och

115 623 75 21 behof.
223 623 8 20 I
253 623 113 27 åtskilliga
386 623 72 21 andra
474 623 80 21 länder
568 623 65 21 torde
649 624 190 20 folkskolläraren
855 622 19 28 ej

115 658 73 20 häller
204 664 54 14 vara
274 657 72 21 bättre
363 657 92 21 aflönad
471 658 30 20 än
517 658 7 20 i
541 658 105 20 Finland.

184 691 44 21 Vid
249 692 177 26 öfvervägandet
447 691 25 21 af
489 692 61 20 detta
571 692 114 27 spörsmål
701 692 71 20 måste
789 692 43 20 ock
847 691 28 21 de

116 725 129 21 finansiella
268 726 174 26 synpunkterna
466 726 132 26 allvarligen
620 726 101 20 beaktas.
753 726 77 20 Redan
847 732 27 14 en

116 760 56 26 årlig
194 760 88 26 ökning
305 760 24 20 af
350 760 165 26 statsbidragen
536 760 53 20 med
605 760 81 21 endast
702 760 91 20 hundra
809 760 66 20 mark

115 794 36 20 för
166 794 58 20 bäde
241 794 72 20 lärare
326 794 43 20 och
382 794 117 20 lärarinna
508 794 74 21 skulle
594 794 34 21 för
639 794 140 21 kommande
791 794 83 20 finans-

116 828 79 28 period
216 828 69 27 enligt
306 828 124 22 Utskottets
446 828 154 28 beräkningar
616 828 102 22 medföra
734 835 27 15 en
778 828 97 27 stegring

115 862 7 21 i
145 863 228 27 folkskolebudgeten
397 863 25 21 af
444 863 87 21 inemot
559 864 91 25 700,000
676 864 65 20 mark
769 864 35 20 för
824 864 51 20 hela

115 897 111 20 trienniet.
252 898 49 20 Den
323 897 132 21 emotsedda
479 898 65 26 lagen
566 904 38 14 om
628 898 181 20 kommunernas
833 897 42 21 för-

115 931 119 27 pliktande
256 934 32 18 att
310 931 83 21 inrätta
412 931 140 27 erforderligt
575 932 61 20 antal
653 932 128 21 folkskolor
795 931 80 26 mäste,

116 972 38 14 om
177 965 67 21 äfven
266 966 52 20 dess
335 966 139 26 värkningar
490 966 73 20 under
578 967 117 19 närmaste
711 966 163 26 budgetperiod

115 1000 63 19 ännu
195 999 49 21 icke
260 999 70 21 blifva
346 1000 25 20 sä
387 1000 135 26 betydande,
539 1000 38 20 vid
589 1000 91 26 frågans
691 1000 122 26 afgörande
827 1000 49 20 där-

113 1033 70 27 jämte
194 1036 64 24 tagas
274 1034 7 20 i
297 1034 155 20 betraktande.
476 1034 34 20 Då
526 1034 116 21 dessutom
655 1036 64 19 ännu
731 1034 57 21 blott
799 1036 30 18 ett
839 1034 36 20 de-

115 1068 109 20 cennium
247 1068 95 20 förflutit
364 1068 69 20 sedan
454 1068 174 21 folkskollärare
644 1069 44 20 och
705 1068 128 21 lärarinnor
845 1068 30 27 pä

115 1102 83 26 landet,
215 1102 69 26 enligt
300 1102 138 20 Ständernas
454 1108 82 20 genom
555 1102 122 27 Kejserliga
690 1103 151 25 kungörelsen
853 1102 25 20 af

115 1136 44 20 den
177 1136 25 20 19
218 1142 62 14 mars
293 1136 54 20 1886
359 1136 138 21 stadfästade
511 1136 82 27 beslut,
607 1137 88 21 erhöllo
705 1144 27 13 en
746 1136 129 27 betydande

115 1170 131 27 förhöjning
262 1170 32 21 uti
311 1170 49 21 sina
376 1178 28 13 ur
420 1173 85 19 statens
521 1171 73 21 medel
612 1171 111 27 utgäende
739 1171 136 21 löneförmä-

114 1211 47 19 ner,
177 1204 30 21 dä
222 1204 78 21 vidare
316 1204 35 21 för
366 1205 80 21 endast
461 1207 79 19 trenne
555 1205 25 21 är
593 1205 95 21 tillbaka
699 1212 28 14 en
740 1204 135 27 förbättring

114 1238 25 20 af
152 1238 67 21 dessa
234 1239 170 20 löneförmäner
419 1239 124 27 beviljades
559 1239 52 21 dem
626 1245 82 21 genom
723 1239 152 26 kungörelsen

114 1272 25 21 af
159 1272 45 21 den
226 1274 25 19 13
268 1280 61 14 mars
347 1274 61 25 1895,
424 1274 93 20 hvilken
534 1274 137 20 förändrade
688 1274 27 20 de
730 1273 95 26 tidigare
838 1273 36 20 be-

114 1306 174 27 stämningarna
296 1307 118 26 angäende
424 1307 214 27 löneförhöjningen
649 1308 56 20 efter
715 1307 60 21 vissa
784 1307 91 27 tjänste-

114 1340 31 26 är,
161 1343 60 18 samt
236 1340 30 21 dä
282 1341 37 20 det
335 1341 112 27 slutligen,
464 1341 77 21 säsom
552 1342 71 20 redan
635 1342 117 26 päpekats,
765 1341 50 21 icke
829 1341 46 20 kan

113 1382 67 14 anses
189 1375 76 21 utredt
276 1378 32 18 att
318 1375 260 21 folkskollärarekärens
589 1376 152 20 ekonomiska
752 1375 123 26 ställning
865 1371 14 34 i

113 1409 127 21 allmänhet
260 1416 54 14 vore
334 1409 25 21 sä
383 1410 58 26 svär,
465 1412 32 18 att
520 1410 136 20 densamma
672 1409 149 26 ovilkorligen
837 1408 37 21 be-

113 1443 68 21 höfde
198 1443 148 26 underlättas,
363 1444 43 20 och
423 1443 107 27 möjligen
546 1444 137 26 förefintliga
699 1443 94 21 enstaka
810 1443 65 21 miss-

182 1488 140 17 Statsutskottets
336 1488 110 17 betänkande
458 1488 38 18 N:o
510 1489 16 16 6.
