1034 1656
318 146 27 22 U.
362 146 25 22 B.
405 158 26 3 —
447 145 73 28 Prop.
538 145 45 23 N:o
599 146 37 22 27.
825 145 26 21 13

160 210 46 22 Till
226 211 253 29 bankirprovisioner
502 211 46 22 och
568 211 98 22 diverse
685 211 104 29 utgifter
805 210 47 22 har

91 245 82 22 under
209 245 61 22 åren
303 245 174 23 1893—1895
509 245 82 29 åtgått
618 244 48 32 9”
691 245 104 27 50,986:
818 245 32 22 37

93 280 109 21 förutom
229 278 47 26 ar
300 279 104 27 48,719:
431 279 31 23 18
487 280 37 22 till
554 279 136 29 tryckning
709 280 26 22 af
758 279 94 29 obliga-

92 314 82 22 tioner
204 314 40 22 för
277 314 67 22 1895
373 314 41 22 ärs
441 314 50 22 län.
530 314 38 22 Dä
596 314 125 22 likartade
749 314 103 29 utgifter

92 348 94 22 förestä
211 348 82 22 under
317 349 73 21 nästa
415 348 183 29 finansperiod,
619 349 72 22 torde
710 348 84 22 härtill
812 348 40 22 be-

93 382 95 22 räknas
207 382 150 30 förslagsvis
378 382 114 27 120,000
513 383 79 22 mark.

164 417 100 29 Anslag
289 417 40 22 till
349 417 186 23 fullbordande
554 417 32 23 af
602 418 31 22 de
652 418 82 22 under
747 417 105 28 anlägg-

95 452 63 28 ning
177 452 117 22 varande
307 452 184 29 jernvägarne.
521 453 81 21 Dessa
622 453 97 28 anslag,
739 451 87 23 hvilka
845 451 8 22 i

94 486 79 23 likhet
197 487 58 22 med
279 487 31 22 de
333 487 154 28 föregäende
507 487 80 22 mäste
606 487 121 22 hänföras
747 487 35 21 till
801 486 52 22 fon-

94 521 63 22 dens
176 521 183 29 obligatoriska
373 521 104 29 utgifter
489 521 82 22 under
584 522 74 21 nästa
671 520 180 29 finansperiod,

95 555 86 29 uppgä
210 555 79 29 enligt
313 555 87 22 därom
426 555 94 23 afläten
540 556 108 22 särskild
668 555 77 30 nädig
764 561 89 23 propo-

95 590 74 22 sition
188 590 47 22 och
254 590 139 22 Utskottets
413 590 161 22 betänkande
593 590 48 22 N:o
661 591 24 25 7,

95 687 49 22 För
158 687 86 22 Kouru
282 687 139 28 Jyväskylä
458 687 117 56 Suolahti
588 687 42 22 ba-

129 728 51 15 nan
231 738 4 5 «.
578 739 4 4 .
622 720 67 26 ng
704 720 148 27 1,435,000.

96 755 49 23 För
164 749 56 28 Abo
257 738 75 39 Karis
351 739 101 38 banar.
492 773 4 4 <
623 773 4 4 L
662 765 9 10 >
704 755 149 27 6,630,000.

528 801 103 23 Summa
644 800 48 27 Fay
705 801 148 27 8,065,000.

166 898 192 29 Nybyggnader
370 898 45 22 vid
429 898 107 29 färdiga
546 899 145 28 jernvägar
703 898 46 23 och
759 898 96 28 ökning

97 932 31 23 af
152 933 49 22 den
226 933 99 28 rörliga
349 933 155 22 materielen.
542 933 12 22 I
579 933 49 22 den
650 933 94 28 nådiga
765 937 90 24 propo-

98 967 106 22 sitionen
236 969 125 26 upptages
396 968 34 21 ett
458 967 155 28 totalbelopp
642 967 25 22 af
698 966 157 27 11,000,000

96 1001 72 22 mark
187 1001 39 22 för
244 1001 103 29 utgifter
367 1001 25 22 af
411 1001 73 22 dessa
504 1001 55 29 slag
578 1002 45 21 och
642 1001 104 27 lemnas,
767 1001 14 22 ä
800 1007 19 16 s.
839 1001 15 22 5

98 1043 30 14 en
155 1035 144 30 ungefärlig
326 1036 123 29 öfversigt
473 1036 25 21 af
524 1036 135 26 desamma,
680 1036 56 22 med
755 1035 100 22 hänvis-

96 1070 62 29 ning
184 1070 8 21 i
220 1070 77 29 öfrigt
324 1070 36 22 till
388 1072 34 20 ett
445 1077 71 22 prop.
541 1070 105 29 bilagdt,
670 1071 25 21 af
719 1070 136 28 Jernvägs-

97 1104 123 29 styrelsen
240 1105 139 28 uppgjordt
397 1105 175 28 specificeradt
591 1105 103 28 förslag,
709 1105 77 22 hvars
797 1104 58 22 slut-

97 1145 96 16 summa
216 1139 101 28 uppgår
335 1139 36 22 till
389 1137 48 27 %
458 1139 166 26 11,113,000.
662 1139 105 22 Utöfver
787 1139 68 22 detta

97 1173 95 29 förslag
220 1173 107 28 antydes
354 1173 8 22 i
389 1173 191 28 propositionen
609 1175 35 20 att
672 1174 72 28 fräga
769 1173 86 22 kunde

96 1207 92 28 uppstä
208 1214 39 15 om
267 1207 192 30 öfverflyttning
480 1208 25 21 af
524 1208 92 22 skenor
629 1208 57 22 frän
699 1207 156 23 bandelarna

97 1242 136 21 Kouvola
251 1242 82 21 Kotka
375 1243 46 21 och
458 1242 397 29 Viborg—Imatra—Vuoksen-

96 1276 73 21 niska
194 1276 36 22 till
249 1277 138 28 jernvägar
406 1283 52 16 som
478 1277 150 22 hädanefter
647 1277 71 22 skola
737 1277 8 21 i
765 1276 90 28 aflägs-

96 1317 61 15 nare
177 1311 95 21 trakter
292 1310 122 29 anläggas
433 1311 46 22 och
499 1311 81 28 sagda
593 1311 106 22 skenors
710 1310 145 23 ersättande

97 1345 93 21 medels
210 1346 91 27 tyngre
321 1345 104 22 sädana.
456 1345 56 22 Den
529 1345 171 28 uppskattade
713 1344 142 23 kostnaden

96 1379 94 26 härför,
212 1379 114 26 400,000
345 1379 80 26 mark,
445 1380 28 21 är
493 1379 64 22 dock
576 1379 22 29 ej
618 1379 8 22 i
639 1379 129 29 budgeten
779 1378 77 23 skildt

96 1413 163 26 observerad,
289 1413 105 22 emedan
419 1413 42 22 det
484 1414 21 28 ej
530 1414 68 21 ännu
622 1414 99 22 kunnat
739 1409 57 26 med
815 1413 40 22 be-

96 1447 126 22 stämdhet
250 1447 109 29 afgöras,
388 1448 128 22 huruvida
545 1448 48 21 alla
616 1448 32 22 de
674 1448 25 22 af
719 1447 136 28 Jernvägs-

164 1495 163 18 Statsutskottetis
340 1495 119 18 betänkande
472 1496 38 17 N:o
524 1496 11 17 9
547 1496 23 17 A.
