1025 1661
170 137 12 18 8
387 133 29 22 U.
433 133 26 22 B.

521 133 75 29 Prop.
612 133 45 23 N:o
673 133 39 22 30.

169 205 32 20 fet
219 206 32 19 uti
267 206 60 20 detta
344 209 99 18 moment
466 207 55 20 böra
536 207 6 19 i
559 207 98 25 enlighet
673 207 51 20 med
740 208 76 19 senast
831 205 92 21 försam-

168 241 51 20 lade
236 241 104 21 Ständers
356 243 72 20 beslut
443 243 114 20 nedsättas
572 243 33 19 till
621 248 28 15 en
665 242 93 20 mänads
774 242 105 25 fängelse.

242 278 35 19 Uti
293 280 12 17 4
323 279 11 23 &
351 279 91 19 utsättes
458 278 66 20 straff
537 278 34 20 för
586 279 142 24 tjensteman,
744 284 49 14 som
808 279 29 23 pä
853 279 70 24 nägot

170 313 44 19 sätt
228 314 58 19 varit
301 314 103 20 vällande
420 314 32 20 till
468 316 32 18 att
516 314 33 20 för
565 315 68 19 rikets
648 316 58 24 yttre
722 314 103 20 säkerhet
840 314 84 25 vigtiga

169 349 134 26 handlingar
326 350 168 25 undansnillats,
519 350 100 20 förstörts
643 351 53 19 eller
719 350 133 22 förkommit,
870 350 54 19 eller

170 390 48 15 som
243 385 25 19 af
289 386 139 20 oaktsamhet
451 388 69 23 yppat
540 386 183 25 statshemlighet.
755 386 42 19 För
812 386 51 19 slikt
878 386 45 18 väl-

169 421 66 20 lande
252 422 89 25 stadgas
357 427 30 14 nu
403 422 6 19 i
425 422 134 25 paragrafen
575 424 31 18 ett
621 422 69 23 straff,
708 427 47 15 som
772 422 6 19 i
789 422 67 25 ingen
868 421 56 20 hän-

170 457 60 20 delse
254 458 44 19 kan
321 458 128 25 understiga
464 458 100 25 fängelse
581 458 70 20 under
667 463 28 15 en
710 458 32 19 tid
758 457 24 20 af
796 459 31 18 ett
842 459 25 18 år
883 457 42 20 och

170 499 39 14 sex
224 493 107 20 månader
347 496 59 18 samt
428 495 109 24 tjenstens
553 493 83 21 förlust.
669 494 41 20 Om
729 494 60 20 detta
800 493 122 26 stadgande

170 529 92 20 anförde
286 531 54 18 1894
358 531 35 19 års
410 530 94 20 Ständer
519 530 7 19 i
541 530 38 19 sitt
594 535 51 15 svar
660 532 13 17 å
690 530 43 19 den
750 529 80 26 nådiga
846 535 79 20 propo-

170 565 102 23 sitionen,
289 567 32 18 att
337 566 43 20 den
396 565 66 21 äfven
477 565 34 20 för
527 566 81 20 minsta
624 566 54 25 grad
694 565 25 20 af
728 565 102 20 vällande
841 567 82 18 utsatta

169 600 84 25 påföljd
269 600 24 20 af
306 601 109 24 tjenstens
431 601 77 20 förlust
524 607 59 17 vore,
600 601 36 20 vid
649 601 129 25 jemförelse
795 601 50 19 med
861 600 59 21 hvad

170 636 136 26 Strafflagen
321 637 7 19 i
344 638 90 24 vanliga
448 637 39 20 fall
503 638 106 25 stadgade
626 643 35 14 om
671 636 118 26 tjenstefel,
805 637 118 25 begängna

170 672 25 20 af
216 673 109 23 vällande,
350 674 69 24 enligt
442 673 135 21 Ständernas
601 674 57 25 äsigt
678 674 81 25 obillig,
776 672 90 21 hvarför
881 673 42 19 och

170 708 29 20 dä
224 709 92 20 brottets
342 710 61 19 såväl
428 710 125 24 subjektiva
578 715 48 15 som
653 710 111 24 objektiva
788 709 46 20 sida
850 709 74 19 kunde

169 744 92 20 komma
277 745 89 25 mycket
380 746 55 19 nära
451 746 43 19 den
510 746 73 25 gräns,
601 746 38 20 der
654 745 138 21 strafflöshet
801 745 68 19 borde
881 750 42 20 ega

169 786 57 17 rum,
251 780 124 21 Ständerna
396 780 69 21 funno
489 783 39 21 att,
545 782 28 19 dä
588 781 160 25 synnnerligen
764 780 159 20 förmildrande

170 816 190 25 omständigheter
383 816 104 26 förelägo,
505 817 79 20 endast
606 816 166 26 fängelsestraff
785 816 67 20 borde
870 816 52 19 ädö-

170 857 49 14 mas
235 854 58 17 samt
308 851 34 20 för
358 852 60 20 detta
433 853 65 20 straff
511 853 94 20 utsättas
621 859 28 14 en
664 853 79 20 latitud
758 852 50 20 frän
820 853 41 18 och
872 851 51 21 med

170 889 33 18 tre
219 888 108 20 månader
342 889 32 19 till
390 889 41 19 och
448 889 50 20 med
515 890 32 19 ett
562 890 25 18 är
602 889 41 20 och
659 894 39 15 sex
714 888 112 20 månader.
859 888 64 20 Dess-

169 926 63 17 utom
259 926 83 24 ansägo
359 924 129 24 Ständerna,
506 925 51 20 med
573 924 105 21 afseende
694 926 14 18 &
724 924 26 20 de
767 924 89 25 mycket
872 929 51 15 vex-

169 959 67 20 lande
263 959 82 21 former
371 960 40 20 här
437 960 99 20 nämnda
569 960 142 26 förbrytelser
741 960 73 20 kunde
846 959 78 23 förete,

169 995 55 19 flera
250 996 141 24 gradationer
414 996 7 19 i
447 996 34 23 de,
500 998 62 18 utom
588 996 193 25 fängelsestraffet,
808 995 115 20 bestämda

169 1030 109 26 päföljder
299 1032 54 19 böra
376 1031 126 24 förefinnas,
527 1032 41 20 och
587 1034 97 23 upptogo
700 1031 137 20 fördenskull
852 1031 71 19 under

170 1066 44 20 den
241 1068 115 24 strängare
385 1068 242 25 straffbestämningen,
656 1068 71 24 jemte
758 1066 166 26 fängelsestraff

169 1102 35 19 för
233 1107 29 15 en
285 1103 30 18 tid
341 1103 25 19 af
388 1103 67 20 minst
480 1105 32 18 ett
535 1105 24 18 år
588 1104 41 19 och
659 1108 38 15 sex
727 1102 114 22 månader,
875 1102 49 19 skil-

166 1137 71 24 jande
260 1137 49 20 från
332 1139 108 24 tjenstens
462 1138 103 26 utöfning
585 1139 127 20 alternativt
728 1138 51 20 med
794 1137 128 25 afsättning.

168 1174 73 20 Dessa
265 1175 138 24 synpunkter
425 1174 68 21 hafva
517 1175 86 24 jemväl
629 1174 114 20 omfattats
764 1173 24 20 af
800 1173 123 20 Utskottets

169 1210 72 19 flertal
267 1210 42 19 och
331 1211 41 19 har
387 1212 134 24 paragraten
536 1210 73 21 derför
625 1210 89 20 ändrats
730 1210 7 19 i
753 1209 171 20 öfverensstäm-

169 1246 70 19 melse
256 1246 51 20 med
324 1246 37 20 det
376 1246 24 20 af
414 1246 125 21 Ständerna
554 1247 36 19 vid
606 1248 89 19 senaste
705 1245 108 26 landtdag
823 1247 100 23 antagna

168 1281 113 26 förslaget.
311 1282 42 19 Till
377 1282 74 21 denna
473 1283 95 25 ändring
595 1283 40 19 har
657 1282 112 20 Utskottet
795 1282 72 19 ansett
890 1280 34 25 sig

168 1316 69 20 hafva
261 1317 62 20 desto
344 1318 69 19 större
430 1318 53 23 skäl,
500 1323 48 15 som
565 1317 173 20 minimistraffet
753 1317 34 19 för
803 1315 121 21 enahanda

169 1352 59 20 brott
243 1353 70 25 enligt
328 1353 44 20 alla
388 1353 27 20 de
431 1353 118 20 utländska
564 1353 69 25 lagar,
649 1359 49 14 som
714 1353 110 20 Utskottet
839 1351 37 20 vid
887 1351 38 20 be-

168 1388 138 26 handlingen
317 1388 25 21 af
352 1388 74 21 denna
436 1389 135 25 proposition
581 1388 48 20 haft
639 1390 32 18 att
681 1388 69 25 tillgå,
764 1388 24 19 är
797 1387 126 25 lindrigare.

168 1424 10 19 I
201 1424 44 20 den
261 1425 64 25 tyska
341 1425 66 25 lagen
424 1426 24 19 är
464 1425 37 20 det
510 1425 73 25 lägsta
593 1425 86 20 straffet
694 1425 69 22 böter,
780 1424 7 19 i
806 1424 42 19 den
865 1423 59 21 fran-

243 1476 117 18 Lagutskottets
370 1477 98 14 betänkande
479 1477 28 14 N:o
517 1477 12 14 9.
