1031 1661
231 99 30 38 80.
426 104 28 22 U.
470 104 27 22 B.
513 116 27 4 —
556 104 72 27 Prop.
645 104 40 23 N:o
697 104 41 25 26.

200 160 33 21 till
248 160 89 27 Viborg,
352 161 7 21 i
375 161 73 28 hvarje
463 161 104 22 händelse
582 162 85 21 komme
683 163 34 20 att
731 161 106 22 förmedla
851 168 25 15 en
888 161 73 28 betyd-

201 195 30 24 lig
246 195 64 21 trafik
325 196 78 21 mellan
419 195 105 28 Ryssland
540 196 40 22 och
595 196 81 27 Norge,
686 196 63 27 följer
763 196 62 21 deraf
838 196 123 28 ingalunda,

201 231 32 20 att
249 229 70 22 denna
333 229 64 30 trafik
413 230 141 27 ovilkorligen
570 231 69 21 måste
656 230 59 22 ledas
725 236 79 21 genom
815 231 92 21 Nurmes
922 230 39 22 och

201 265 104 20 Joensuu.
342 264 75 22 Såsom
440 265 111 21 ofvanföre
576 265 102 27 påvisats,
702 265 42 21 blir
764 265 132 30 väglängden
915 265 47 21 från

201 294 105 37 Uleåborg
317 299 41 21 till
374 298 81 28 Viborg
470 300 19 26 ej
506 301 68 20 större
589 306 77 20 genom
682 299 82 23 Iisalmi
781 300 39 21 och
835 298 84 28 Kuopio
936 301 26 19 än

201 339 77 20 genom
297 332 90 22 Nurmes
408 334 38 21 och
465 334 103 21 Joensuu.
598 334 59 21 Intet
675 334 48 21 skäl
742 339 63 22 synes
824 334 73 22 derför
912 340 51 15 vara

201 368 33 20 att
249 367 53 21 söka
320 367 49 22 leda
387 368 41 26 den
446 367 164 28 ifrägavarande
630 368 93 22 trafiken
738 374 77 22 genom
832 368 83 22 landets
930 371 33 24 yt-

201 403 68 20 tersta
292 403 129 26 gränsorter,
441 402 85 22 hvarest
549 403 49 20 dess
621 401 159 23 öfverväkande
803 403 74 21 säkert
895 402 68 21 måste

202 435 66 22 blifva
286 436 86 21 "svårare
390 438 28 19 än
437 437 7 21 i
463 442 59 16 mera
542 437 90 21 centralt
652 437 92 27 belägna
761 437 129 22 landsdelar.
921 437 43 22 Det

201 470 40 21 har
256 470 125 27 visserligen
397 473 65 24 sagts,
474 473 32 20 att
522 471 106 26 särskilda
643 471 47 27 slag
706 471 24 21 af
744 471 64 28 ryska
823 477 69 20 varor,
903 473 16 19 t.
931 478 31 15 ex.

203 505 97 26 spanmål
319 505 39 22 och
381 505 58 28 mjöl,
454 506 86 21 komme
563 507 32 20 att
616 506 55 21 söka
689 506 33 27 sig
741 505 32 22 till
794 505 111 23 Sortavala
925 506 38 21 och

202 539 47 21 icke
265 539 33 21 till
313 539 33 22 S:t
360 539 138 27 Petersburg,
513 540 87 21 hvarest
618 540 209 27 upplagskostnader
843 540 38 21 och
897 540 67 22 andra

203 573 89 27 utgifter
311 576 37 19 äro
365 575 77 21 större.
472 574 115 28 Ingenting
605 574 89 22 hindrar
709 574 120 22 emellertid
845 576 32 20 att
893 574 71 27 dylika

203 614 63 15 varor
282 608 61 26 längs
358 608 72 22 Saima
449 608 128 22 vattenstråt
594 610 28 25 gå
644 608 33 22 till
694 608 108 22 Soinlahti
817 608 147 27 lastageplats,

203 642 139 27 hvarigenom
357 642 204 22 fraktkostnaderna
576 642 33 22 för
624 643 50 21 hela
689 645 69 24 vägen
773 642 34 22 till
823 642 76 22 Ofoten
916 642 48 21 tvif-

203 677 98 26 velsutan
320 677 70 25 blefve
408 677 97 27 billigare
524 679 26 19 än
570 677 60 21 öfver
650 677 121 22 Sortavala.
801 677 71 23 Ocksä
896 676 68 22 mäste

204 712 37 20 det
260 711 131 27 förutsättas,
410 713 33 20 att
462 712 69 26 nägon
550 712 34 21 del
604 712 24 21 af
645 713 27 20 de
691 712 33 20 till
743 712 73 26 Norge
831 711 83 27 gäende
930 717 35 15 va-

205 752 64 15 rorna
283 745 85 22 komma
383 748 32 20 att
430 746 58 22 föras
499 746 104 27 sjövägen
623 746 33 21 till
671 746 82 26 Viborg
769 746 52 21 eller
837 745 78 26 Kotka,
932 745 32 21 för

205 782 32 19 att
260 780 47 21 frän
331 781 63 21 dessa
416 782 58 20 orter
496 780 67 22 sedan
582 780 114 22 befordras
717 780 74 21 vidare
810 786 39 21 per
867 780 97 26 jernväg.

205 810 248 36 Uleäborg-—-Nurmes—
465 815 95 21 Joensuu
579 815 69 21 banan
668 814 39 21 har
725 814 63 21 äfven
807 814 109 24 förordats
940 814 27 26 pä

206 849 41 26 den
265 849 76 27 grund,
360 850 33 20 att
410 849 34 21 för
462 849 124 22 densamma
604 855 52 16 vore
675 850 34 20 att
728 852 82 18 emotse
825 847 64 26 trafik
905 848 62 21 äfven

205 883 48 21 frän
268 885 152 24 gränsorterna
435 883 27 27 pä
480 883 64 28 ryska
560 884 66 21 sidan.
657 883 52 22 Med
725 883 48 24 skäl
781 883 49 24 kan
845 883 121 24 emellertid

206 917 104 27 betviflas,
329 917 107 27 huruvida
454 918 70 21 denna
541 917 64 22 trafik
623 917 87 22 komme
732 919 33 19 att
784 917 66 24 blifva
868 917 24 22 sä
908 917 59 27 bety-

206 952 77 26 dande,
301 954 33 19 att
352 953 124 21 densamma
495 959 50 15 vore
564 952 87 27 förtjent
669 951 24 22 af
715 951 70 27 nägon
802 951 164 27 uppmärksam-

205 985 56 28 het.
280 986 43 22 Det
340 986 39 21 bör
397 987 108 26 nämligen
524 986 154 27 ihägkommas,
695 987 39 20 att.
746 986 100 27 odlingen
866 986 7 21 i
888 986 79 27 ifräga-

205 1021 94 25 varande
315 1021 83 21 trakter
416 1021 95 22 befinner
525 1021 37 27 sig
582 1021 27 27 pä
628 1027 27 16 en
670 1021 158 27 jemförelsevis
843 1020 35 27 läg
893 1020 74 21 ständ-

205 1055 76 26 punkt,
296 1055 91 22 likasom
406 1055 46 26 ock,
468 1057 33 20 att
520 1055 94 26 derifrän
631 1055 48 22 icke
696 1061 38 16 ens
749 1055 49 22 leda
814 1055 65 26 nägra
892 1051 75 34 lands-

205 1091 74 29 vägar.
301 1089 99 27 Framför
415 1090 48 21 allt.
474 1090 64 21 måste
553 1096 48 15 man
617 1089 122 22 emellertid
754 1089 58 21 hålla
827 1089 43 21 fast
885 1089 83 26 dervid,;

205 1124 34 26 att
253 1124 36 20 vid
303 1119 152 32 utvecklingen
474 1124 24 22 af
514 1124 47 26 vårt
576 1124 141 27 jernvägsnät
735 1123 101 22 afseende
847 1124 16 24 i
877 1124 91 21 främsta

205 1160 93 20 rummet
313 1158 68 22 måste
396 1158 67 27 fästas
481 1159 35 21 vid
535 1158 125 27 eget-lands
675 1158 150 25 förhållanden
841 1158 40 22 och
895 1158 72 22 behof.

205 1192 50 21 Men
273 1192 49 22 med
337 1193 87 27 hänsyn
439 1193 33 21 till
488 1194 62 24 dessa
565 1195 24 19 är
602 1192 132 28 neppeligen
751 1198 26 16 en
793 1192 72 22 direkt
877 1192 91 27 jernväg

205 1226 52 26 från,
272 1226 107 28 Uleåborg
398 1227 34 22 till
450 1227 96 22 Joensuu
564 1227 24 21 af
605 1228 84 26 nöden,-
699 1227 39 21 och
756 1227 121 24 allraminst
891 1233 27 15 en
934 1226 33 22 till

204 1260 50 22 hela
276 1261 32 21 sin
323 1262 126 27 sträckning
464 1262 125 27 bredspärig
604 1262 75 26 sädan,
694 1261 71 22 säsom
781 1261 121 23 emellertid
917 1262 49 22 med

204 1294 107 27 afseende.
325 1296 12 20 &
356 1296 42 28 den
413 1296 173 22 internationella
601 1296 92 25 trafiken
707 1296 81 23 mellan
804 1296 107 27 Ryssland
927 1296 39 22 och

205 1329 73 27 Norge
294 1330 110 28 päyrkats.
427 1325 10 37 =
458 1345 2 3 .
647 1346 2 2 :
747 1353 3 1 N

273 1364 108 22 Jemföras
401 1360 246 36 Ule&borg-—-Nurmes—
656 1365 98 24 Joensuu
774 1365 39 21 och
824 1364 142 27 Uleäborg—

204 1397 104 23 Tisalmi—
317 1393 84 37 Kuopio
412 1414 2 2 .
428 1399 94 22 banorna
548 1399 50 26 med
620 1399 129 26 hvarandra;
773 1399 69 24 måste
865 1398 102 23 afseende

273 1455 181 24 Jernvägsutskottets
467 1456 110 18 betänkande
588 1455 38 19 N:o
638 1457 15 16 1.
