1045 1656
292 138 83 22 Ständ.
392 138 39 23 Sv.
447 150 28 4 —
490 139 75 28 Prop.
581 139 43 23 N:o
638 139 38 23 27.
835 140 26 20 15

311 207 55 27 ning
388 209 60 19 samt
471 209 33 19 att
517 207 89 21 berörda
622 208 78 27 anslag
716 208 20 28 ej
749 208 112 28 därförin-

311 247 47 14 nan
380 241 98 21 kommer
501 241 34 21 till
557 242 159 27 användning;
738 242 123 28 hvarjämte

313 274 131 27 Ständerna,
463 275 37 27 för
515 276 34 20 det
564 276 43 26 fall
622 278 33 19 att
668 276 72 21 sådan
752 276 109 28 pröfning

311 316 37 20 ger
363 309 35 21 till
413 310 94 20 resultat
521 311 34 19 att
569 310 173 27 ifrågavarande
757 311 102 27 ombygg-

311 344 47 20 nad
377 344 20 27 ej
412 344 75 27 längre
502 344 45 21 kan
561 344 116 27 undvikas,
692 344 91 28 förorda
798 345 62 21 arbe-

313 380 39 18 tets
374 378 133 27 vidtagande
529 378 26 21 så
577 380 64 20 snart
658 379 113 27 planerna
785 378 78 28 därför

312 412 87 21 kunnat
422 412 131 28 fastställas,
579 413 109 21 eventuelt
709 414 68 20 redan
800 413 62 21 inom

313 448 64 19 nästa
405 447 160 28 budgetperiod,
591 448 49 20 med
664 448 146 21 användande
837 447 29 27 af

313 481 125 28 disponibla
454 481 122 28 tillgångar
590 482 10 20 i
610 481 253 28 kommunikationsfon-

313 515 42 21 den
369 515 87 28 utöfver
471 516 36 21 det
521 516 36 21 till
574 517 128 26 6,500,000
716 516 64 21 mark
790 516 73 21 beräk-

313 550 55 21 nade
391 550 101 27 anslaget
510 549 37 28 för
561 550 246 28 nybyggnadsarbeten;
824 550 37 27 äf-

315 591 86 14 vensom

382 620 33 19 att
432 618 126 21 Ständerna
567 618 80 27 funnit
656 619 36 20 det
701 625 53 14 vara
769 618 29 27 af
802 625 58 14 vun-

313 660 44 13 nen
372 653 125 27 erfarenhet
509 653 118 27 betingadt,
638 654 34 19 att
681 653 182 27 kostnadsförsla-

312 694 42 20 gen
373 687 36 28 för
430 694 46 21 nya
486 687 273 28 järnvägsanläggningar
774 687 87 20 hädan-

314 721 54 28 efter
383 721 68 27 blefve
466 721 123 28 uppgjorda
604 721 50 21 med
666 721 118 21 beaktande
796 720 70 27 däraf

314 758 31 19 att
361 756 112 21 banornas
488 755 136 28 utrustning,
639 755 105 22 särskildt
753 755 59 21 hvad
821 755 42 21 den

314 790 82 28 rörliga
412 789 126 22 materielen
553 790 139 27 vidkommer,
708 790 20 27 ej
743 789 37 21 mä
795 789 68 21 varda

314 825 36 27 för
365 825 83 27 knappt
464 824 116 21 beräknad.

177 958 35 21 En
234 958 204 28 sammanfattning
461 957 23 22 af
503 957 58 21 hvad
575 957 8 20 i
598 956 37 21 det
650 955 127 29 föregående
792 954 74 21 blifvit

110 993 85 21 anfördt
215 993 80 21 utvisar
315 995 32 18 att
364 991 282 22 kommunikationsfondens
666 990 119 27 tillgångar
799 988 67 22 under

109 1027 102 28 perioden
227 1027 139 21 1898—1900
382 1028 85 27 utgöra:

110 1095 134 28 Behållning
278 1095 46 20 från
353 1094 129 28 föregående

137 1129 75 29 period
307 1145 142 5 SS
514 1129 116 26 9,252,000:
646 1140 28 3 —

109 1157 79 34 Årliga
214 1164 124 27 inkomster,
363 1162 117 29 utgörande

138 1198 34 21 för
186 1201 32 18 tre
234 1197 30 22 år:

109 1232 133 21 Trafikvinst
268 1232 23 21 af

137 1267 138 28 järnvägarna
286 1283 4 4 .
306 1266 130 27 17,738,000:
453 1278 28 3 —

110 1300 70 21 Andel
202 1301 7 20 i
229 1300 61 22 brän-

139 1335 130 21 vinsskatten
288 1351 4 4 .
308 1335 130 26 10,185,000:
453 1347 29 2 —

109 1364 81 37 Räntor
344 1369 96 26 270,000:
454 1380 28 3 —

109 1403 81 28 Bidrag
200 1403 47 21 från
256 1410 35 14 en-

139 1437 67 21 skilde
219 1453 4 4 .

288 1453 4 4 +
357 1437 82 25 39,617:
455 1436 28 21 40
499 1441 131 26 28232,617:
645 1441 27 20 40
689 1446 130 27 37,484,617:
835 1445 34 20 40.
