1025 1656
366 400 245 37 Reservation

470 485 36 20 II.

181 537 142 22 Beträffande
348 536 27 22 de
398 537 183 28 hufvudpunkter,
605 545 34 13 om
663 537 74 21 hvilka
759 537 35 28 jag
814 536 48 22 icke

112 573 83 22 kunnat
214 573 74 21 förena
309 573 45 28 mig
368 573 50 22 med
434 573 113 26 utskottet,
563 572 93 22 anhåller
671 573 35 28 jag
721 575 32 19 att
767 580 95 14 reserva-

110 610 93 21 tionsvis
218 608 23 22 få
256 608 113 22 framhålla
384 609 45 21 min
445 609 122 28 skiljaktiga
583 609 91 28 mening.

182 645 75 28 Enligt
279 644 117 22 utskottets
419 644 57 29 åsigt
497 645 70 21 skulle
582 645 41 21 full
637 645 85 28 garanti
736 644 34 22 för
785 647 32 19 att
832 647 31 18 ett

111 680 127 29 tillräckligt
259 681 58 20 antal
339 680 34 21 för
396 680 121 22 ändamålet
538 680 86 29 dugliga
644 680 73 22 hästar
732 680 84 22 komme
831 683 32 18 att

111 717 98 21 inställas
225 716 34 21 till
274 716 176 29 besigtningarna
460 716 159 22 åstadkommas
629 716 124 29 därigenom
763 719 32 18 att
807 723 55 22 resp.

110 752 138 21 kommuners
272 752 41 21 och
335 751 124 30 hästägares
483 752 122 29 skyldighet
620 752 134 26 härutinnan,
770 751 92 22 såsom
849 747 17 38 i

113 789 12 27 &
142 789 28 20 24
186 787 129 27 framhälles,
326 787 114 22 ähvälfdes
451 788 161 22 vederbörande
623 789 117 27 magistrat,
752 787 111 29 ordnings-

112 825 42 20 rätt
177 824 52 21 eller
249 823 212 27 kommunalnämnd,
476 824 75 22 hvilka
566 824 35 21 för
615 823 110 22 bristande
740 823 123 29 fullgörelse

111 861 8 20 i
140 859 61 22 detta
222 859 103 22 afseende
348 859 77 27 kunde,
447 859 84 29 jämlikt
550 861 12 25 $
579 861 34 26 37,
629 859 87 22 ädömas
732 859 60 22 böter
808 859 55 22 ända

112 895 33 22 till
162 896 43 21 300
221 895 66 22 mark.
313 895 45 22 För
373 898 32 19 att
417 897 97 20 närmare
525 895 116 29 förtydliga
651 895 63 22 hvart
724 895 60 22 detta
794 895 69 22 skulle

112 931 54 26 leda,
182 931 80 22 tilläter
277 932 35 28 jag
327 932 44 28 mig
386 931 39 22 här
440 931 76 22 anföra
531 934 32 19 ett
578 932 103 28 exempel,
697 939 45 14 som
753 932 35 28 jag
798 931 65 22 äfven

111 968 7 20 i
134 967 107 21 utskottet
256 967 123 21 framhållit.
395 980 30 3 —
440 967 143 28 Magistraten
599 967 89 22 erhåller
703 967 119 28 befallning
831 969 32 20 att

112 1002 134 29 förständiga
268 1003 162 22 vederbörande
453 1003 118 29 hästägare,
585 1003 50 22 med
650 1003 74 22 hvilka
739 1003 102 21 kontrakt
854 1003 9 21 i

112 1038 77 22 sådant
211 1039 101 21 afseende
335 1039 101 26 afslutits,
458 1042 32 19 att
511 1039 28 28 på
561 1039 98 22 bestämd
678 1039 33 22 tid
726 1039 41 22 och
782 1041 34 19 ort
831 1040 32 19 in-

112 1074 63 21 ställa
197 1074 102 22 hästarna
319 1075 34 20 till
376 1075 127 28 besigtning.
534 1075 83 21 Härom
632 1075 39 21 har
686 1075 126 28 hästägaren
826 1082 37 21 ge-

111 1117 50 14 nom
177 1110 154 29 Magistratens
348 1110 84 29 försorg
448 1110 119 29 bevisligen
583 1111 150 26 underrättats,
743 1118 49 14 men
806 1110 57 22 häst-

112 1147 78 27 ägaren
206 1145 123 22 underlåter
346 1146 76 22 sådant
438 1146 89 22 oaktadt
543 1149 32 19 att
589 1147 85 21 inställa
684 1147 82 21 hästen.
788 1146 75 21 Ehuru

110 1181 143 29 Magistraten
275 1181 91 22 sålunda
387 1182 98 29 fullgjort
506 1183 38 20 allt
559 1182 58 22 hvad
632 1182 28 29 på
675 1182 124 22 densamma
813 1183 50 20 rim-

111 1217 73 28 ligtvis
207 1217 42 22 kan
271 1217 120 27 ankomma,
411 1218 69 21 skulle
495 1218 154 28 Magistratens
664 1218 118 22 ledamöter
796 1218 68 21 likväl

110 1253 124 28 pligtfällas,
258 1253 77 22 medan
356 1253 43 22 den
422 1253 105 30 skyldige,
549 1254 20 21 d.
585 1262 20 14 v.
621 1262 16 13 s.
652 1254 133 28 hästägaren,
800 1254 63 28 ginge

110 1288 46 22 helt
171 1289 41 21 och
228 1288 66 22 hället
309 1289 34 21 fri.
374 1289 42 29 Jag
436 1289 54 22 talar
505 1289 39 22 här
559 1297 29 14 nu
603 1289 88 22 alldeles
706 1290 49 21 icke
771 1297 35 14 om
821 1289 42 22 den

110 1324 156 29 civilrättsliga,
277 1327 52 19 utan
341 1325 77 22 endast
428 1333 35 13 om
474 1325 42 22 den
527 1325 120 22 kriminella
655 1325 60 22 sidan
724 1325 23 22 af
754 1325 72 22 saken.
835 1338 28 2 —

181 1360 128 22 Införandet
331 1360 24 21 af
371 1368 26 14 en
414 1361 67 22 sådan
496 1361 171 29 lagbestämning
681 1369 52 14 vore
748 1361 49 22 icke
812 1361 51 21 alle-

109 1398 49 19 nast
180 1395 117 30 någonting
318 1399 49 26 nytt
389 1397 35 21 för
444 1397 50 21 hela
515 1397 48 21 vårt
578 1397 155 27 rättsväsende,
748 1400 52 18 utan
815 1396 49 22 där-

110 1431 65 28 jämte
191 1431 173 29 principvidrigt.
396 1432 36 21 Då
446 1433 36 28 jag
497 1433 126 21 förutsätter
633 1435 32 19 att
675 1441 49 13 man
735 1433 128 21 åtminstone

182 1472 212 20 Ekonomiutskottets
408 1474 127 19 betänkande
548 1474 37 18 N:o
598 1475 30 17 16.
