1036 1661
300 111 28 22 U.
343 111 27 22 B.
387 122 27 4 —
429 111 74 27 Prop.
518 111 41 22 N:o
574 111 36 21 26.
782 112 25 20 11

82 168 145 28 riksgränsen,
243 174 26 15 en
285 175 68 14 annan
371 168 6 21 i
392 168 110 27 Uleåborg
517 169 39 21 och
572 174 25 15 en
613 169 68 26 tredje
695 168 143 27 någonstädes

81 203 50 21 inne
145 203 7 20 i
167 201 73 22 landet
255 215 27 2 —
298 204 55 19 samt
369 203 35 20 vid
423 203 63 21 dessa
505 203 221 26 omlastningsplatser
741 202 97 27 förlagda

81 237 144 21 tullstationer
240 243 28 15 m.
283 243 28 15 m.
327 237 33 21 för
376 237 91 21 trafiken
487 237 39 21 allt
540 237 34 21 för
590 237 117 27 besvärliga
724 237 40 21 och
778 237 58 21 kost-

81 277 88 15 samma.

151 305 48 21 Men
215 305 56 21 inom
287 305 113 21 Utskottet
419 306 38 20 har
473 306 61 20 äfven
554 305 72 21 blifvit
640 305 118 27 ifrågasatt,
775 306 63 20 huru-

82 340 49 20 vida
154 339 173 21 Savolaksbanan
350 340 40 20 alls
414 340 66 21 borde
503 340 77 26 dragas
600 340 66 26 högre
686 342 44 18 mot
744 346 50 15 norr
810 342 26 18 än

81 374 35 21 till
131 374 87 26 Iisalmi,
241 376 51 19 utan
316 374 92 21 derifrån
431 374 80 22 krökas
533 376 45 20 mot
600 374 99 22 nordvest
718 374 21 21 in
755 374 27 27 på
798 374 39 21 den

83 404 174 26 Österbottniska
276 408 77 22 slätten
372 409 34 21 till
422 408 98 27 förening
535 409 48 21 med
598 408 189 27 Uleåborgsbanan
802 409 36 21 nå-

83 443 113 26 gonstädes
212 443 7 21 i
235 443 48 21 dess
298 443 120 27 nordligare
435 444 41 21 del.
500 443 45 22 Och
560 443 72 22 kunde
648 443 61 22 äfven
725 450 25 15 en
766 444 72 26 sådan,

83 478 135 27 temmeligen
233 478 109 27 diagonalt
356 485 74 20 genom
447 479 73 20 landet
534 479 82 26 gående
624 479 89 27 järnväg
724 479 33 20 väl
769 479 70 26 lämpa

85 513 32 26 sig
133 513 68 20 såsom
217 513 147 21 transitobana
380 513 40 21 och
435 513 6 21 i
453 513 65 27 öfrigt
528 513 198 21 tillfredsställande
736 513 103 21 förmedla

85 549 101 24 exporten
206 547 58 21 öfver
283 547 83 21 Torneå
385 547 46 21 från
447 547 109 21 mellersta
570 547 97 21 Finland.
697 547 32 21 Då
745 547 6 21 i
767 547 72 26 hvarje

85 581 100 21 händelse
201 587 24 15 en
241 581 51 21 eller
306 581 50 21 flere
367 582 68 20 banor
450 582 45 20 förr
511 582 51 21 eller
578 588 75 14 senare
664 581 34 21 väl
708 582 67 20 måste
785 582 7 20 i
804 587 36 15 an-

85 616 59 27 gifna
159 616 94 26 riktning
268 616 82 26 dragas,
367 617 78 20 saknar
461 618 32 19 ett
507 616 69 26 dylikt
591 616 122 27 banförslag
731 616 46 20 icke
793 616 46 20 skäl

85 650 34 21 för
138 650 37 26 sig,
195 650 39 21 och
253 656 26 15 en
295 651 85 21 absolut
394 650 160 27 nödvändighet
569 650 23 22 af
606 650 185 22 Savolaksbanans
806 652 33 19 ut-

85 684 123 28 sträckning
229 685 56 21 ända
303 685 32 21 till
353 685 83 27 Kajana
455 685 48 21 stad
522 686 7 20 i
548 685 39 21 och
602 685 32 21 för
649 685 155 27 tillgodosende
820 685 22 21 af

84 719 84 27 Kajana
182 719 78 21 härads
275 719 132 21 trafikbebof
420 720 39 20 har
474 720 57 20 inom
547 720 112 21 Utskottet
675 720 79 27 dragits
770 720 6 20 i
792 720 48 20 tvif-

83 754 96 21 velsmål.
212 754 49 21 Som
277 754 41 20 den
335 754 103 26 landsdel,
454 754 86 21 hvilken
556 754 7 21 i
578 754 62 21 söder
656 754 114 26 begränsas
782 754 22 21 af
814 760 25 15 en

83 788 51 22 linie
149 788 58 22 öfver
223 788 90 21 Nurmes
329 788 39 22 och
384 788 81 22 Iisalmi
481 789 39 21 och
536 789 6 20 i
558 795 49 15 norr
623 788 23 22 af
660 795 26 14 en
701 789 50 21 linie
766 790 73 26 tange-

84 823 66 21 rande
164 822 115 22 Uleäträsk
295 823 38 20 och
350 823 103 21 Sotkamo
469 823 161 26 vattensträten,
647 825 23 18 är
686 829 25 15 en
727 822 23 21 af
764 823 26 20 de
802 823 36 20 öd-

83 857 87 27 sligaste
185 857 7 21 i
208 857 79 25 landet,
302 857 86 22 hvarest
402 857 33 21 för
450 864 27 14 en
491 857 89 28 jernväg
595 857 82 27 knappt
691 857 69 27 någon
771 857 67 21 lokal-

83 891 64 22 trafik
170 892 40 21 kan
233 891 111 28 päräknas,
368 892 69 21 skulle
459 898 49 15 man
532 898 65 20 gerna
620 891 93 22 undvika
732 893 32 20 att
780 891 58 21 öfver

83 926 70 22 denna
168 926 39 21 öde
223 926 49 28 nejd
288 927 47 21 leda
349 929 78 19 tvenne
439 927 121 27 jernvägar.

152 960 31 22 På
198 960 90 22 anförda
303 961 46 21 skäl
365 962 39 20 har
419 961 112 21 Utskottet
546 961 47 21 icke
603 961 83 21 kunnat
697 960 91 22 omfatta
798 960 40 21 den

84 995 78 27 nådiga
176 996 171 26 propositionens
363 996 86 27 förslag,
466 997 33 19 att
513 1002 29 14 nu
558 995 21 21 af
594 995 119 21 Ständerna
723 995 69 21 skulle
802 994 37 22 be-

84 1030 66 20 slutas
166 1036 33 14 om
216 1029 104 21 Savolaks
337 1029 100 27 jernvägs
456 1029 143 21 fortsättande
618 1028 47 22 från
681 1029 83 26 Kuopio
780 1028 59 21 öfver

83 1063 80 22 Tisalmi
187 1064 31 20 till
241 1064 90 26 Kajana,
346 1064 23 21 sä
385 1064 84 27 mycket
485 1064 82 21 mindre
582 1070 45 14 som
644 1063 61 21 äfven
721 1063 6 21 i
743 1062 96 22 tekniskt

84 1098 121 21 hänseende
221 1098 39 20 den
277 1098 139 26 anmärkning
435 1098 67 27 gjorts
518 1098 108 26 angående
642 1098 37 20 det
694 1097 22 21 af
730 1093 109 30 Öfversty-

84 1133 71 20 relsen
170 1132 33 21 för
213 1134 50 25 väg-
279 1133 39 20 och
329 1132 225 27 vattenbyggnaderna
563 1132 119 27 uppgjorda
692 1132 105 27 projektet
807 1130 33 21 för

83 1167 105 21 bandelen
197 1167 199 27 ITisalmi—Kajana,
404 1169 30 19 att
444 1173 34 15 om
487 1167 70 21 denna
565 1167 69 21 blefve
642 1166 70 21 utförd
721 1166 48 21 med
777 1166 63 27 långa

83 1202 118 26 stigningar
216 1201 23 22 af
252 1202 56 21 ända
325 1202 31 21 till
376 1201 99 26 20:1000,
493 1202 117 26 jernvägen
626 1201 121 27 isynnerhet
762 1201 78 20 vinter-

83 1236 31 21 tid
130 1236 54 21 hade
199 1236 24 21 så
233 1236 52 21 liten
301 1235 166 27 trafikförmåga,
484 1238 32 19 att
532 1236 39 21 den
588 1236 18 27 ej
622 1235 71 22 kunde
708 1235 69 21 såsom
792 1234 48 21 huf-

83 1270 100 21 vudbana
198 1270 86 27 betjena
299 1277 27 14 en
343 1272 69 19 större
427 1270 158 27 genomgående
600 1269 70 22 trafik.
690 1270 102 21 Deremot
802 1269 38 21 har

83 1304 111 22 Utskottet
209 1305 104 27 enhälligt
328 1305 88 21 beslutit
431 1305 39 20 hos
487 1304 120 22 Ständerna
622 1304 86 21 förorda
723 1310 26 15 en
763 1303 76 22 under-

84 1339 64 26 dånig
164 1339 97 21 anhållan
278 1339 7 20 i
301 1339 36 21 det
352 1339 61 27 syfte,
429 1340 32 19 att
477 1345 26 14 en
520 1339 65 21 sådan
601 1339 95 26 opartisk
712 1339 38 20 och
761 1338 78 27 grund-

83 1374 35 26 lig,
135 1379 27 15 nu
178 1373 91 21 berörda
289 1375 57 19 orter
365 1373 40 21 och
420 1373 57 21 olika
491 1373 180 27 jernvägsförslag
686 1373 32 21 för
734 1373 46 21 dem
797 1378 43 14 om-

83 1407 95 22 fattande
194 1407 124 21 ekonomisk
333 1407 40 22 och
389 1407 66 22 delvis
471 1407 86 22 teknisk
570 1407 164 26 undersökning,
746 1412 44 16 som
801 1406 39 21 här

151 1458 180 23 Jernvägsutskottets
344 1459 110 17 betänkande
467 1456 36 20 N:o
515 1459 14 17 1.
