1025 1659
302 142 30 24 U.
348 143 29 23 B.
393 156 27 3 —
435 143 75 29 Prop.
526 144 43 22 N:o
584 144 37 22 31.
817 150 22 15 11

84 206 81 21 nandet
180 206 25 20 af
217 206 126 21 Pitkäniemi
366 210 59 17 stora
447 206 48 21 kur-
518 208 43 20 och
584 207 128 27 asylanstalt
725 208 67 26 jämte
807 214 35 14 an-

84 240 38 20 dra
138 240 86 26 sjukhus
240 240 38 21 äro
294 241 28 20 de
345 241 118 21 förnämsta
478 241 116 21 orsakerna
610 242 31 21 till
663 242 127 27 utgifternas
806 242 38 20 ök-

84 276 51 26 ning
151 275 66 20 under
232 275 70 20 denna
317 275 53 21 titel.

154 315 15 19 4
183 309 27 21 H.
226 309 33 25 T.,
274 308 233 29 finansförvaltningen,
523 317 39 20 ger
578 310 17 27 ej
609 310 116 28 anledning
739 310 32 21 till
778 311 67 26 något

87 343 111 21 uttalande
213 343 46 21 frän
274 343 127 22 Utskottets
417 344 53 21 sida.

155 378 49 20 Den
224 378 124 20 beräknade
363 378 115 27 höjningen
493 379 67 21 under
576 384 10 21 5
604 379 26 21 H.
646 380 33 24 T.,
696 379 150 27 förvaltnings-

87 419 77 20 grenar
193 412 97 21 hörande
320 412 31 21 till
381 413 267 27 Kammarexpeditionen,
679 414 46 20 frän
754 414 93 26 835,000

88 446 38 21 mk
147 446 81 27 årligen
253 448 139 26 1895—1897
412 447 32 21 till
465 454 112 19 1,200,000
592 448 36 20 mk
644 448 32 21 för
692 448 62 21 nästa
770 448 77 27 period

89 488 65 19 synes
169 480 37 21 väl
220 482 67 26 nägot
302 482 63 26 dryg.
395 482 52 20 Men
463 482 28 21 dä
506 482 116 27 utgifterna
639 482 67 20 under
721 482 70 21 denna
801 482 47 21 titel

89 515 67 21 redan
179 515 67 27 enligt
268 516 145 20 innevarande
435 517 34 20 års
492 516 138 28 statsförslag
654 518 75 26 uppgå
747 516 31 22 till
793 516 54 21 Fmk

92 554 44 22 1,05
142 546 66 36 3,447:
225 550 27 26 87
268 550 41 20 och
325 550 42 21 den
382 550 118 22 förnämsta
515 551 143 27 anledningen
673 551 32 21 till
717 552 129 26 stegringen,

90 584 108 27 nämligen
220 584 101 27 ätgärder
337 584 32 21 för
384 585 145 21 befordrande
545 586 22 20 af
581 592 26 14 en
622 586 91 20 rationel
727 585 121 27 skogsvärd

91 620 6 19 i
113 618 28 21 de
163 620 85 26 privata
270 619 114 27 skogarna,
409 626 26 14 en
451 620 77 26 ätgärd
543 620 89 20 hvarom
648 620 65 20 äfven
727 620 121 20 Ständerna

91 652 87 22 beslutit
194 660 26 13 en
236 654 98 26 petition,
351 654 48 20 icke
415 654 56 20 ännu
486 654 42 20 kan
538 654 31 21 till
580 654 72 21 siffran
664 654 138 26 bestämmas,
811 654 38 20 har

92 686 115 22 Utskottet
222 691 72 18 ansett
308 689 34 25 sig
353 688 77 21 endast
438 688 59 24 böra,
506 689 50 20 med
566 688 103 21 afseende
676 690 13 19 ä
696 688 153 21 meddelandet

93 723 6 19 i
114 722 24 20 F.
160 722 25 20 E.
208 722 28 20 K.
256 725 32 18 att
310 723 84 27 ,nägon
414 722 36 21 del
471 723 24 20 af
507 723 27 20 de
550 722 124 26 inkomster,
691 730 48 14 som
754 723 74 27 inflyta
843 724 7 19 i

93 756 178 27 sågningsafgift”
288 756 68 21 skulle
371 757 136 21 uteslutande
520 757 110 21 användas
641 757 31 21 till
682 757 93 21 berörda
785 757 65 21 ända-

94 790 48 26 mål,
166 791 119 21 återhemta
307 792 38 20 sitt
360 791 111 21 uttalande
487 793 5 19 i
509 792 42 20 bet.
574 792 42 20 N:o
632 798 20 19 2,
668 799 17 13 s.
702 797 19 21 7,
738 791 113 27 angående

95 825 61 21 detta
178 825 204 21 sammanställande
405 825 25 21 af
445 833 26 13 en
490 826 119 27 statsutgift
624 826 51 21 med
690 830 32 17 ett
737 827 54 19 visst
805 825 47 27 slag

94 860 26 20 af
131 860 100 20 inkomst.

164 894 52 21 Med
240 894 86 27 hänsigt
349 894 31 20 till
395 899 11 21 7
423 894 27 20 H.
466 894 33 25 T.,
515 894 219 27 förvaltningsgrenar
756 893 96 21 hörande

94 928 32 22 till
148 928 308 28 Ecklesiastikexpeditionen,
474 928 38 21 bör
528 928 62 21 äfven
609 932 63 24 tagas
689 930 6 19 i
710 928 143 21 betraktande

94 970 27 14 en
136 964 6 20 i
158 964 24 20 F.
197 963 25 20 E.
238 963 28 20 K.
282 963 67 20 under
365 964 12 20 8
393 963 27 20 H.
436 963 25 20 T.
478 963 76 20 anförd
565 963 168 27 omständighet,
745 962 108 27 nämligen

94 1002 32 17 att
150 998 55 27 ,den
220 997 79 27 högsta
312 997 308 27 jordbruksundervisningens
639 997 168 27 öfverflyttande
822 996 32 21 till

93 1034 149 19 universitetet
257 1032 42 20 och
314 1032 121 20 ordnandet
451 1033 6 19 i
473 1032 155 26 sammanhang
644 1032 89 20 därmed
749 1031 24 21 af
784 1031 69 21 landt-

93 1066 206 21 bruksekonomiska
315 1066 74 21 försök
404 1066 87 21 komma
507 1070 32 17 att
554 1066 97 21 medföra
666 1066 113 26 betydliga
793 1065 60 21 kost-

94 1100 88 21 nader".
212 1100 116 22 Utskottet
351 1102 69 20 måste
435 1104 53 23 taga
504 1101 32 20 för
551 1100 68 28 gifvet
634 1104 32 17 att
682 1100 93 21 berörda
791 1100 62 26 utgift

93 1135 55 21 skall
162 1135 104 27 uppföras
283 1136 28 26 på
326 1136 161 20 universitetets
502 1138 43 18 stat
560 1135 42 20 och
618 1135 89 20 sålunda
722 1134 49 21 falla
787 1134 67 20 under

94 1174 12 22 7
123 1170 27 20 H.
166 1170 26 20 T.
222 1169 86 21 Annars
331 1170 112 26 uppstode
459 1176 26 14 en
501 1170 115 26 splittring,
634 1169 32 21 för
682 1169 85 21 hvilken
784 1168 18 26 ej
818 1169 36 19 nä-

93 1210 44 20 gon
160 1204 63 26 giltig
246 1204 68 26 grund
336 1204 102 26 föreläge.
469 1204 34 20 Då
526 1204 106 26 beloppet
650 1203 24 21 af
687 1204 38 20 det
741 1202 113 22 tillskott
842 1198 15 36 i

94 1239 160 20 universitetets
276 1241 50 22 stat,
347 1245 47 13 som
411 1238 107 20 erfordras
534 1238 33 20 för
582 1238 180 26 undervisningen
777 1238 6 19 i
796 1236 58 27 jord-

94 1272 54 21 bruk
163 1272 48 21 icke
227 1272 54 21 ännu
298 1272 22 20 är
336 1272 111 21 faststäldt
463 1272 51 20 eller
530 1279 37 13 ens
589 1272 72 20 såsom
686 1272 81 26 förslag
783 1271 72 21 uträk-

94 1307 58 25 nadt,
170 1307 38 20 har
223 1306 116 22 Utskottet
358 1307 77 20 endast
450 1306 81 21 kunnat
548 1310 79 23 antaga
643 1310 32 17 att
685 1311 13 21 7
715 1306 27 20 H.
758 1306 26 20 T.
800 1305 55 21 häri-

94 1348 82 20 genom
191 1341 39 21 bör
246 1340 60 27 höjas
318 1341 51 20 med
380 1340 148 27 ungefärligen
538 1346 78 20 40,000
627 1340 66 21 mark.
715 1340 83 20 Vidare
808 1339 46 24 bör,

94 1375 28 21 då
138 1375 164 27 elevafgifterna
319 1375 37 20 vid
372 1374 246 21 elementarläroverken
634 1374 139 21 observerats
789 1374 67 20 under

94 1409 68 27 fjerde
185 1409 163 25 inkomsttiteln,
372 1412 32 18 ett
426 1409 130 27 ungefärligt
574 1409 75 27 anslag
664 1409 25 20 af
700 1408 80 26 60,000
795 1407 60 21 mark

93 1443 33 21 till
140 1443 148 21 skolmaterial
303 1443 42 21 och
359 1443 127 21 honorarier
501 1444 32 20 för
548 1443 132 21 författande
693 1443 24 20 af
726 1441 130 22 skolböcker

162 1489 143 18 Statsutskottets
318 1488 111 18 betänkande
442 1490 37 17 N:o
491 1489 29 17 15.
