1034 1659
190 119 15 20 4
408 117 28 22 U.
452 118 28 22 B.
496 131 29 3 —
544 118 73 28 Prop.
633 117 44 23 N:o
694 117 37 22 33.

191 189 84 21 stolens
296 188 147 23 förordnande
459 190 8 21 i
482 190 63 22 vissa
565 188 40 23 fall
626 189 88 22 biträda
734 188 36 22 för
790 188 76 28 gröfre
886 189 60 21 brott

191 225 110 27 anklagad
322 231 86 22 person,
430 226 72 26 gäller
519 225 79 22 eudast
613 224 35 22 för
664 225 46 21 viss
727 224 101 28 domstol,
845 224 100 22 stundom

191 260 56 22 dock
271 261 49 21 med
346 263 45 19 rätt
414 263 33 19 att
467 261 47 21 läta
535 261 36 27 sig
587 261 79 21 anlitas
683 261 72 21 säsom
771 260 79 22 ombud
864 260 82 28 jemväl

191 296 38 22 vid
244 303 72 15 annan
332 299 51 19 rätt.

263 333 65 21 Utom
345 335 32 19 att
397 339 56 21 man,
471 339 78 21 genom
567 335 33 19 att
615 333 112 26 uppställa
744 334 92 26 stränga
851 332 94 22 fordrin-

191 374 40 21 gar
251 368 36 22 för
307 369 136 27 rättigheten
464 372 34 18 att
517 368 86 22 erhälla
622 368 152 28 legitimation,
795 368 51 22 sökt
862 368 84 22 afhälla

190 404 167 27 inkompetenta
372 410 106 21 personer
494 404 52 22 frän
563 406 33 20 att
611 410 56 22 egna
684 404 35 28 sig
729 404 24 22 ät
764 404 181 22 sakförareverk-

191 440 92 27 samhet,
300 440 41 22 har
357 446 49 16 man
421 440 67 22 äfven
506 440 60 22 velat
578 440 59 28 sörja
648 440 35 21 för
693 442 33 20 att
738 439 144 23 sakförarene
893 440 52 28 jem-

191 476 37 21 väl
247 476 59 22 efter
325 476 35 22 sin
381 476 145 28 legitimation
547 476 68 22 mätte
631 476 112 22 bibehälla
759 476 40 22 och
814 476 131 28 ytterligare

191 512 104 22 utveckla
319 512 27 22 de
369 512 147 28 egenskaper,
541 512 77 22 hvilka
639 511 35 22 för
695 512 117 27 framgäng
830 512 29 27 pä
874 512 72 22 denna

190 548 57 21 bana
263 550 38 19 äro
318 548 144 27 nödvändiga.
493 548 12 21 I
521 548 62 21 detta
599 547 105 23 afseende
720 548 40 21 har
776 547 169 28 lagstiftningen

191 584 106 27 antingen
313 584 54 27 bygt
383 584 29 27 pä
427 584 27 22 de
466 583 135 28 föreningar,
619 590 44 16 som
675 583 151 28 sakförarene,
838 584 108 22 särskildt

191 618 35 23 för
242 620 61 21 vissa
318 620 110 28 omräden,
445 619 107 28 frivilligt
567 620 79 27 ingätt,
664 620 55 21 eller
735 620 41 21 ock
792 619 66 23 hafva
872 619 73 22 sakfö-

191 661 80 16 rarene
287 655 70 27 enligt
373 656 37 27 lag
426 656 159 27 skyldigkänts
602 658 33 19 att
651 655 141 22 domstolsvis
811 655 68 22 bland
898 656 47 21 sina

192 691 141 22 medlemmar
359 694 49 19 utse
434 694 33 20 ett
493 692 58 21 visst
574 692 61 21 antal
658 691 186 28 förtroendemän,
870 692 75 21 hvilka

191 727 60 22 bilda
275 727 169 27 disciplinärräd
466 728 57 22 eller
545 727 211 22 sakförarekamrar.
793 727 71 22 Dessa
888 727 57 23 före-

192 763 81 27 ningar
293 764 56 21 eller
366 764 116 27 kollegier,
504 764 61 21 olika
583 763 157 28 organiserade
757 763 7 21 i
780 763 28 22 de
824 764 58 21 olika
898 764 47 21 län-

193 798 75 26 derna,
291 799 66 22 hafva
379 800 103 27 vanligen
503 799 98 27 följande
621 798 199 28 hufvuduppgifter
840 799 34 27 sig
889 799 56 22 före-

192 835 72 27 lagda,
287 835 119 28 nämligen:
429 838 33 19 att
482 835 79 28 pröfva
579 835 151 28 ansökningar
746 842 33 14 om
796 835 149 27 medlemskap

193 871 39 21 och
256 871 60 21 hälla
339 871 141 28 förteckning
500 871 65 23 öfver
583 871 56 28 dem,
660 878 46 15 som
722 872 98 26 antagits
836 871 34 22 till
887 872 57 21 med-

192 907 91 21 lemmar
307 907 7 21 i
339 906 135 28 föreningen,
500 909 33 20 att
558 907 121 22 öfvervaka
703 907 76 22 desses
803 907 143 22 verksamhet

193 943 72 21 säsom
289 942 115 22 sakförare
427 944 40 21 och
491 943 66 22 deras
579 942 137 28 uppförande
736 943 8 21 i
764 942 76 28 öfrigt,
860 945 33 19 att
908 944 36 20 be-

193 978 79 28 främja
293 985 58 21 unga
369 979 105 27 juristers
496 979 127 27 utbildning
645 979 34 21 för
701 978 189 28 sakförareyrket,
913 981 32 19 att

193 1014 88 28 bilägga
303 1015 39 21 och
363 1015 7 21 i
387 1015 60 21 vissa
468 1014 40 22 fall
525 1014 78 29 afgöra
619 1015 143 27 tvistigheter
779 1015 93 21 emellan
889 1014 56 22 före-

191 1050 237 27 ningsmedlemmarna
444 1051 111 27 inbördes,
573 1051 55 21 eller
645 1051 93 21 emellan
754 1050 65 22 desse
830 1050 40 22 och
881 1050 64 22 deras

191 1085 136 23 hufvudmän
344 1086 113 27 angäende
474 1087 87 26 arvode,
578 1089 33 19 att
622 1087 94 21 emellan
727 1086 218 28 föreningsmedlem-

190 1128 79 15 marna
284 1121 85 23 fördela
386 1122 26 22 de
429 1122 49 28 mål,
496 1129 46 15 som
559 1122 139 28 legitimerad
714 1122 116 22 sakförare
845 1124 53 19 utan
912 1128 33 16 er-

191 1157 102 28 sättning
313 1160 25 19 är
359 1158 91 27 skyldig
470 1161 34 19 att
526 1158 79 27 utföra,
623 1160 55 20 samt
694 1160 33 19 att
743 1158 7 21 i
767 1158 41 21 allt
823 1158 54 21 söka
893 1164 53 21 upp-

192 1193 107 21 rätthålla
322 1194 40 20 och
385 1193 105 22 befordra
514 1194 101 22 ståndets
636 1194 111 22 anseende
770 1194 40 21 och
835 1194 110 22 intressen

192 1236 27 14 m.
240 1235 27 15 m.
298 1229 46 21 För
364 1231 32 20 att
417 1230 75 21 kunna
513 1230 48 22 lösa
582 1230 64 21 dessa
666 1229 114 28 uppgifter
796 1232 38 18 äro
850 1228 95 23 förenin-

191 1270 71 22 garna
285 1265 115 21 utrustade
424 1265 49 22 med
499 1266 130 26 disciplinär
652 1265 130 27 myndighet
809 1264 63 22 öfver
898 1266 48 21 sina

191 1300 144 22 medlemmar
353 1301 39 21 och
412 1301 74 21 kunna
506 1301 93 21 sålunda
614 1301 96 27 pälägga
726 1301 49 21 dem
792 1300 65 22 straff
867 1301 7 21 i
890 1300 55 22 form

192 1335 27 22 af
237 1336 59 21 olika
315 1336 49 27 slag
379 1336 25 22 af
418 1337 101 27 varning,
536 1337 192 27 tillrättavisning,
746 1336 136 27 suspension,
900 1339 46 19 ute-

192 1372 101 27 slutning
308 1378 27 15 ur
351 1372 130 28 föreningen
498 1372 35 22 för
549 1373 46 21 viss
611 1373 33 21 tid
659 1373 56 21 celler
731 1372 35 22 för
777 1372 70 29 alltid,
863 1372 3 21 i
876 1372 70 28 några

192 1408 79 22 länder
292 1408 66 22 äfven
379 1409 69 21 böter.
480 1409 87 21 Besvär
585 1408 63 22 öfver
668 1409 43 21 den
728 1408 142 27 disciplinära
885 1415 60 21 myn-

265 1456 137 22 Lagutskottets
415 1456 117 18 betänkande
546 1457 36 17 N:o
595 1457 26 17 11.
