1031 1656
211 132 12 21 6
332 161 2 2 |
514 133 41 22 N:o
572 133 34 22 27.

181 200 91 29 belägna
291 201 66 22 delar.
386 202 152 22 Kostnaderna
558 202 73 22 härför
651 202 126 28 uppskattas
796 202 33 21 till
845 202 93 28 400,000

181 235 67 22 mark.

250 271 111 21 Huruvida
383 272 101 26 samtliga
502 271 23 22 af
542 271 208 28 Jernvägsstyrelsen
767 272 122 27 föreslagna
905 279 32 14 ar-

180 305 64 25 beten
267 305 53 22 böra
342 306 86 21 komma
443 307 33 21 till
491 306 114 22 utförande
624 307 67 21 under
706 307 172 27 treärsperioden
895 307 41 20 kan

180 339 34 22 väl
229 341 59 20 ännu
303 341 18 26 ej
338 341 48 21 med
401 341 136 22 bestämdhet
555 341 91 27 afgöras,
662 341 91 22 likasom
766 341 35 22 det
813 341 46 21 icke
869 341 68 21 heller

179 374 42 21 kan
237 374 92 22 förutses
344 381 34 16 om
394 375 48 22 icke
457 375 67 22 andra
540 376 100 27 möjligen
657 383 45 14 mer
717 376 118 27 trängande
849 375 88 22 arbeten

180 409 63 21 skola
257 415 58 21 yppa
329 410 39 27 sig.
398 410 49 21 Men
463 411 7 20 i
486 411 43 20 alla
548 410 114 22 händelser
677 411 61 21 torde
753 411 26 20 de
795 410 34 21 för
844 410 92 28 nybygg-

180 443 67 22 nader
270 444 39 21 och
329 444 66 27 rörlig
410 445 98 21 materiel
524 445 124 21 beräknade
664 445 204 26 anslagsbeloppens
883 445 53 20 slut-

179 484 96 15 summor
297 479 72 21 kunna
392 485 61 16 anses
479 482 110 18 motsvara
612 479 185 27 anslagsbehofvet
819 479 33 21 för
875 479 62 21 dessa

179 513 100 22 ändamål
294 513 40 22 och
349 513 165 27 ifrågavarande
530 514 88 27 utgifter
632 514 8 21 i
655 514 95 27 enlighet
765 513 89 22 härmed
865 513 70 22 anslås

179 547 7 22 i
201 547 116 23 afrundadt
332 549 30 21 tal
378 549 34 21 till
430 549 127 27 11,000,000
573 549 67 21 mark.

248 600 99 21 Fondens
362 600 90 27 utgifter
467 600 69 22 blefve
552 600 94 23 säledes:

178 652 33 22 De
227 652 69 27 ärliga
311 653 153 21 annuiteterna
479 652 13 22 ä
508 653 26 21 de
549 653 60 21 äldre
618 653 174 27 jernvägslänen,

247 688 114 26 3,456,000
376 688 69 27 mark,
461 688 119 27 utgörande
596 688 32 21 för
640 688 68 22 treär
737 688 54 22 Fmk
809 689 126 25 10,368,000

179 721 129 22 Annuiteter
323 722 13 21 &
354 722 54 22 1895
424 723 36 21 års
476 722 52 22 lån.
560 739 4 5 .
596 739 4 5 .
631 739 4 5 .
668 739 4 5 .
703 739 4 5 .
761 739 10 9 »
822 723 113 27 2,211,000

177 756 84 22 Räntor
276 757 33 21 till
325 757 355 27 Lagmanstingsgästningsfonden
704 774 4 4 .
737 752 7 37 =
762 774 9 10 ,
843 758 92 26 462,480

177 790 30 22 Af
227 792 212 27 Jernvägsstyrelsen
464 792 96 27 begärda
582 792 74 27 anslag
679 792 33 21 till

246 826 154 28 nybyggnader
415 827 40 21 och
471 827 66 27 rörlig
553 827 97 21 materiel
671 844 1 4 .
704 844 4 4 .
758 844 9 8 =,
809 828 126 25 11,000,000

636 868 87 21 Summa
738 867 53 21 Fmk
807 868 127 26 24,041,480

246 912 43 22 För
312 913 66 21 redan
400 912 101 22 beslutna
524 913 40 21 och
586 913 74 21 vidare
683 914 122 26 föreslagna
825 913 110 27 jernvägs-

177 946 124 28 byggnader
323 947 68 21 finnes
414 948 90 21 sälunda
528 948 130 27 disponibelt
678 948 36 21 det
733 948 84 27 belopp,
833 948 102 21 hvarmed

176 981 145 28 tillgängarna
337 982 119 27 öfverstiga
470 982 125 28 utgifterna,
612 983 52 21 eller
682 983 125 27 12,825,520
823 982 67 22 mark.

245 1103 33 21 Då
294 1103 59 22 Hans
368 1104 120 28 Kejserliga
503 1104 102 27 Majestät
621 1104 6 22 i
644 1104 78 27 nådiga
736 1104 155 27 propositioner
901 1103 33 22 till

175 1144 28 14 nu
219 1137 130 23 församlade
365 1138 95 22 Ständer
474 1139 112 27 föreslagit
602 1140 32 20 att
650 1139 33 21 för
698 1138 132 22 slutförande
842 1138 23 21 af
873 1138 61 20 arbe-

175 1174 50 19 tena
241 1172 13 21 &
269 1172 171 22 bansträckorna
458 1167 142 27 Åbo—Karis
616 1173 39 21 och
671 1172 262 27 Keuruu—Jyväskylä—

175 1207 99 21 Suolahti
290 1207 69 22 skulle
375 1208 86 22 anvisas
476 1209 158 27 sammanlagdt
649 1209 114 26 8,665,000
779 1208 68 27 mark,
862 1207 72 22 äfven-

175 1247 45 16 som
244 1244 33 19 att
300 1242 7 21 i
330 1243 41 21 den
394 1245 110 20 närmaste
527 1243 115 26 framtiden
662 1243 95 27 följande
771 1249 41 21 nya
825 1242 109 27 jernvägs-

174 1275 124 28 byggnader
313 1277 66 22 borde
396 1278 89 27 utföras,
496 1279 107 26 nemligen
614 1278 13 21 å
637 1278 126 22 sträckorna
773 1277 161 27 Björneborg
920 1271 17 38 —

173 1310 144 29 Mäntyluoto,
332 1311 199 28 Kuopio—Tisalmi
542 1313 39 21 och
596 1311 229 28 Uleåborg—Torneå,
836 1313 55 20 samt
901 1311 34 22 för

174 1344 123 23 ändamålet
308 1346 68 21 under
387 1346 172 28 finansperioden
572 1347 72 21 anslås
653 1347 158 26 sammanlagdt
820 1347 114 26 7,700,000

173 1379 68 27 mark,
266 1380 69 21 skulle
351 1381 120 27 utgifterna
486 1381 33 22 för
534 1381 225 28 jernvägsbyggnader
774 1381 69 21 under
857 1380 77 22 finans-

173 1413 104 27 perioden
287 1416 71 25 uppgå
367 1415 34 22 till
411 1417 127 26 16,365,000
546 1416 61 21 mark
616 1416 39 21 och
664 1415 90 22 sålunda
762 1415 49 22 med
820 1415 114 26 3,539,480

173 1448 62 21 mark
250 1449 133 27 öfverskjuta
400 1450 41 21 den
458 1451 122 21 beräknade
594 1450 152 27 behållningen
762 1450 7 21 i
784 1449 150 22 kommunika-
