1036 1661
231 113 26 21 2
426 112 28 23 U.
470 113 26 22 B.
514 125 25 3 —
556 112 73 27 Prop.
645 111 41 23 N:o
698 112 36 22 26.

199 169 66 22 redan
288 169 90 28 tidigare
400 170 110 27 antyddes,
534 170 65 21 måtte
615 169 50 22 med
681 170 35 21 det
732 172 97 19 snaraste
845 169 108 22 anställas.

200 203 44 22 Och
268 204 65 21 borde
355 204 73 21 härvid
451 204 68 25 äfven,
539 204 69 21 såvidt
624 204 88 27 möjligt,
728 203 138 22 införskaffas
881 203 72 22 utred-

199 239 50 26 ning
265 244 34 15 om
315 238 38 21 den
370 238 155 22 transitotrafik
543 239 77 20 mellan
640 239 88 26 Sverige
744 238 39 21 och
799 238 71 27 Norge
885 238 12 21 å
913 244 40 15 ena

199 273 61 20 sidan
284 275 54 18 samt
359 273 106 27 Ryssland
481 273 13 21 å
509 273 40 21 den
565 273 72 25 andra,
655 279 45 15 som
716 273 69 21 under
801 272 152 26 förutsättning

199 306 23 22 af
234 307 27 21 de
276 306 67 22 finska
359 307 39 21 och
414 307 90 21 svenska
520 307 177 27 jernvägsnätens
716 306 98 28 förening
830 307 45 21 med
892 306 62 21 hvar-

199 342 67 20 andra
280 342 70 20 kunde
366 342 111 26 påräknas.

268 376 40 21 Till
327 376 59 22 bevis
404 376 28 27 på
447 377 41 21 den
508 377 50 26 vigt,
574 383 49 15 man
639 376 102 22 särskildt
756 376 7 21 i
778 376 92 21 Karelen
886 375 67 22 fäster

198 410 36 21 vid
250 417 25 14 en
290 411 98 27 grundlig
402 411 159 26 undersökning
577 411 22 21 af
612 410 128 21 hithörande
754 410 153 24 förhållanden,
919 409 34 21 må

199 444 86 21 anföras
300 447 31 19 att
346 445 6 21 i
368 445 112 22 Utskottet
501 446 104 27 upplysts,
629 448 31 18 att
684 445 34 21 för
733 445 131 20 bekostande
879 444 22 21 af
915 450 38 15 un-

198 479 131 26 dersökning
344 479 22 21 af
381 486 26 15 en
427 480 113 21 alternativ
559 480 125 27 sträckning
703 479 33 21 för
752 479 105 21 Karelska
872 479 81 21 banans

198 513 134 27 förlängning
346 514 47 21 från
409 515 94 20 Värtsilä
517 520 75 21 genom
609 514 104 21 Ilomants
730 514 39 21 och
780 513 64 22 Pielis
855 513 32 22 till
898 513 54 21 Nur-

200 554 44 15 mes
260 548 104 27 erbjudits
380 548 23 21 af
412 549 102 21 Ilomants
524 549 108 25 kommun,
644 549 66 25 enligt
721 549 72 20 derom
804 548 79 21 fattadt
893 548 60 20 kom-

200 582 239 25 munalstämmobeslut,
463 583 63 25 7,530
548 582 61 22 mark
632 582 39 22 och
692 582 24 22 af
728 582 145 27 aktiebolaget
887 582 26 20 N.
928 581 24 21 L.

198 617 82 27 Arppes
296 616 105 28 arfvingar
417 617 64 26 2,000
496 617 67 21 mark.

269 651 93 21 Oaktadt
372 652 77 20 sakens
460 652 151 27 ofullständiga
620 651 114 27 utredning
744 652 40 20 har
792 651 36 21 det
836 651 114 21 emellertid

199 687 59 25 synts
273 686 121 21 Utskottets
415 686 113 26 majoritet,
548 688 32 19 att
595 686 94 27 följande
704 689 77 18 tvenne
797 686 155 26 omständighe-

198 722 32 18 ter
245 726 51 14 vore
311 720 133 28 temmeligen
459 721 61 21 klara
535 721 39 21 och
590 720 123 27 sjelffallna:
732 720 41 21 den
789 726 46 22 ena,
851 722 32 19 att
899 720 53 21 huru

198 756 27 19 än
238 754 161 27 jernvägsnätet
421 755 39 21 här
479 755 6 20 i
501 755 80 21 norden
596 756 6 20 i
618 756 32 20 sin
665 755 72 21 helhet
752 755 200 26 ändamälsenligast

198 789 55 21 skall
268 788 130 28 planläggas,
414 796 25 14 en
453 790 88 26 jernväg
560 790 128 26 Ule&borg—
696 784 66 37 Vaala
780 790 45 20 deri
840 789 46 21 icke
898 789 54 21 skall

199 823 78 21 saknas
300 824 54 20 samt
376 825 32 19 att
432 824 69 21 denna
520 824 55 21 bana
595 824 68 21 skulle
683 824 65 21 blifva
764 830 26 15 en
806 824 33 21 del
855 824 22 20 af
891 824 61 21 ofvan

198 857 116 21 omordade
329 857 143 26 hufvudbana,
488 858 97 21 hvarföre
601 859 40 20 den
657 858 65 21 ocksä
736 858 67 21 borde
814 858 80 21 utföras
905 864 47 15 nor-

198 891 125 27 malspärig;
339 891 40 21 den
396 892 73 25 andra,
486 894 31 19 att
533 899 25 14 en
571 893 90 26 jernväg
675 893 197 26 Kuopio—Iisalmi
887 893 65 20 redan

198 926 7 21 i
221 925 39 22 och
283 925 33 22 för
338 927 32 24 sig
393 927 39 21 och
452 927 119 21 oberoende
590 927 23 21 af
627 927 42 21 alla
687 927 67 21 andra
770 927 183 21 bankombinatio-

198 966 38 15 ner
249 962 24 19 är
288 960 48 21 fullt
359 961 119 27 berättigad
502 963 54 19 samt
579 961 85 22 derföre
688 962 38 21 bör
749 961 86 22 komma
850 961 32 21 till
897 961 56 21 utfö-

199 995 73 20 rande.
302 995 31 21 Pä
354 996 68 25 grund
444 996 63 21 häraf
520 996 40 21 och
579 996 28 21 dä
625 998 62 19 turen
706 996 33 21 för
758 996 84 21 landets
857 995 97 27 nordliga

198 1029 84 21 trakter
304 1031 31 20 att
358 1030 80 21 erhälla
457 1031 27 26 pä
503 1033 80 19 statens
606 1031 119 21 bekostnad
740 1031 88 20 utförda
840 1031 113 26 jernvägar

198 1069 29 15 nu
243 1063 68 22 mäste
329 1070 62 15 anses
410 1065 105 25 kommen,
533 1065 39 21 har
587 1071 26 15 en
629 1065 34 21 del
677 1065 23 21 af
714 1065 122 21 Utskottets
852 1065 100 21 medlem-

198 1104 46 15 mar
260 1100 76 22 ansett,
352 1100 31 19 att
398 1099 71 21 beslut
484 1099 33 21 för
532 1100 69 20 denna
616 1099 55 27 gäng
687 1099 69 21 skulle
771 1099 67 21 fattas
854 1105 33 15 om
904 1099 49 27 byg-

198 1132 70 26 gande
284 1132 23 21 af
323 1132 123 28 Uleäborg—
458 1133 66 21 Vaala
539 1134 76 26 banan,
632 1140 25 14 en
673 1140 70 14 annan
760 1134 33 20 del
809 1133 7 21 i
832 1133 75 21 sädant
922 1132 32 22 af-

198 1167 79 21 seende
296 1167 116 27 föredragit
431 1168 195 26 Kuopio—lisalmi
642 1168 69 21 banan
728 1168 38 21 och
782 1168 23 21 af
818 1174 26 15 en
861 1167 93 21 ledamot

199 1201 41 21 den
258 1201 55 27 äsigt
329 1202 116 26 omfattats,
461 1204 32 19 att
509 1204 14 18 t.
540 1209 19 15 o.
575 1209 27 14 m.
613 1202 67 28 begge
692 1203 61 20 dessa
764 1202 68 21 banor
842 1208 28 14 nu
881 1202 73 20 kunde

198 1235 95 21 beslutas
309 1236 32 21 till
356 1236 109 26 samtidigt
480 1237 131 27 beläggande
627 1237 47 21 med
691 1237 79 21 arbete.
802 1236 44 21 Och
862 1236 39 21 har
915 1236 39 21 Ut-

199 1269 81 22 skottet
295 1270 35 21 vid
345 1271 5 20 i
368 1271 113 27 anledning
496 1271 63 21 häraf
571 1271 109 21 verkstäld
696 1271 131 26 omröstning
837 1276 75 21 genom
923 1270 31 21 in-

198 1304 94 28 flytande
314 1304 23 22 af
357 1305 40 21 den
426 1306 75 26 slump,
524 1312 45 15 som
591 1306 67 27 ligger
680 1306 7 20 i
706 1306 40 20 den
770 1305 84 27 aflagda
875 1305 79 25 sedeln,

199 1340 85 20 stannat
300 1339 34 21 vid
350 1339 107 28 sistsagda
472 1340 61 26 äsigt.

268 1374 10 20 I
294 1374 39 20 den
357 1374 126 25 diskussion,
507 1381 44 14 som
570 1374 119 21 föranledts
709 1374 23 21 af
748 1374 27 21 de
790 1373 165 28 ätskiljsgäende

198 1408 139 26 meningarna
352 1408 7 21 i
375 1408 117 27 Utskottet,
508 1409 39 21 har
562 1409 32 20 till
609 1408 83 22 förmån
708 1408 33 21 för
758 1408 121 27 Ule&borg—
888 1403 68 37 Vaala

268 1458 181 23 Jernvägsutskottets
462 1459 109 19 betänkande
584 1460 37 18 N:o
633 1461 15 16 1.
