1039 1659
317 134 26 23 U.
359 135 28 22 B.
403 148 27 2 —
445 135 75 27 Prop.
536 135 41 22 N:o
593 134 36 22 24.
823 135 27 21 23

451 215 41 28 II.

163 284 70 22 Jemte
249 284 38 22 det
299 284 39 28 jag
353 284 7 22 i
375 284 123 23 hufvudsak
513 284 87 22 förenar
618 284 44 27 mig
677 290 32 16 om
722 284 25 21 de
759 284 93 21 uttalan-

95 318 48 26 den,
158 325 44 15 som
217 318 69 22 finnas
301 319 7 21 i
323 319 159 22 reservationen
498 319 11 21 I
523 319 35 22 fär
571 319 40 28 jag
626 319 107 22 dessutom
748 318 105 22 särskildt

95 352 114 23 framhälla
224 353 102 27 följande.

163 388 120 27 Angäende
299 388 25 22 de
335 388 82 28 förslag
428 388 33 22 till
473 388 69 28 polis-,
551 388 130 28 byggnads-,
691 388 84 27 brand-,
785 387 67 22 helso-

95 422 74 22 värds-
187 423 39 21 och
246 423 187 27 hamnordningar,
449 423 87 22 hvilkas
551 423 140 27 uppgörande
707 423 41 21 enl.
765 422 87 22 författ-

95 456 170 28 ningsförslaget
280 458 42 21 kan
338 458 91 27 äläggas
444 458 169 27 landskommun,
622 458 56 22 inom
689 458 66 22 hvars
765 456 88 22 omräde

96 493 32 20 ett
143 492 102 22 samhälle
261 492 47 22 med
323 492 176 28 sammanträngd
515 492 126 28 befolkning
656 492 74 27 finnes,
747 492 64 27 ingår
825 491 27 28 i$8

96 528 11 19 5
131 526 170 28 bestämningen,
325 528 33 20 att
380 527 107 21 desamma
509 527 62 22 skola
593 529 108 25 uppgöras
722 526 8 22 i
745 526 108 22 öfverens-

95 561 122 21 stämmelse
235 562 48 21 med
301 562 26 21 de
342 562 107 22 allmänna
465 562 123 27 grunderna
603 562 7 21 i
626 562 26 21 de
667 561 124 27 ordningar,
809 567 44 15 som

95 595 70 21 finnas
180 594 125 23 fastställda
319 596 34 21 för
367 596 74 22 städer
456 596 39 22 och
509 596 108 28 köpingar
632 596 7 22 i
654 596 82 21 landet.
767 595 87 28 Svärig-

96 630 64 21 heten
176 630 37 22 vid
229 630 74 27 dylika
318 630 91 28 förslags
423 630 144 22 utarbetande
577 631 69 21 måste
657 630 33 22 för
701 630 153 22 kommunerna

96 664 69 22 blifva
180 665 86 27 mycket
281 666 50 25 stor,
341 665 27 21 då
384 666 26 21 de
425 665 101 28 grunder,
542 672 44 15 som
601 665 61 22 skola
673 665 60 27 tjena
745 664 33 22 till
789 664 64 22 efter-

96 698 96 28 rättelse,
201 698 49 23 icke
265 699 68 22 finnas
349 700 89 27 angifna
453 700 28 27 på
493 702 32 20 ett
536 700 63 22 ställe
610 702 53 20 utan
674 700 69 21 måste
755 699 99 27 uppletas

96 733 50 22 från
174 740 27 15 en
231 734 80 28 mängd
335 734 142 28 stadganden.
515 734 163 28 Behöfligheten
701 734 25 21 af
746 734 108 22 allmänna

97 768 214 28 mönsterordningar
325 768 34 22 för
374 770 38 21 här
427 769 7 21 i
448 769 65 28 fråga
528 770 96 22 varande
639 768 126 27 samhällen,
781 768 74 22 hvilka

97 802 69 22 skulle
181 803 60 27 tjena
260 803 34 22 till
309 804 88 27 ledning
411 804 37 22 vid
463 804 140 28 uppgörande
618 804 25 21 af
656 804 25 21 de
697 803 72 22 lokala
784 803 69 27 polis-,

97 837 234 29 byggnadsordningar
354 845 25 15 m.
395 838 20 22 fl.
431 845 64 21 synes
513 839 44 27 mig
572 845 53 15 vara
641 838 112 28 uppenbar
768 838 39 21 och
822 838 33 21 så-

97 871 57 22 dana
177 872 66 22 borde
265 879 76 21 genom
363 874 116 26 styrelsens
495 873 84 27 försorg
594 874 118 21 utarbetas.
743 872 11 22 I
769 872 86 22 författ-

97 906 171 28 ningsförslaget
290 908 71 21 kunde
383 908 28 21 då
433 908 65 22 äfven
516 908 53 28 ingå
587 908 130 26 hänvisning
732 907 34 21 till
781 907 75 27 dylika

97 942 219 27 normalstadganden
338 942 69 22 såsom
430 942 71 28 grund
519 942 34 22 för
568 943 26 21 de
609 942 72 22 lokala
696 941 160 28 ordningsföre-

97 976 124 21 skrifterna.

165 1010 36 22 En
223 1011 79 21 allmän
324 1011 194 28 byggnadsstadga
540 1011 33 22 för
593 1011 62 22 dessa
670 1011 126 27 samhällen,
811 1016 44 16 som

97 1046 79 26 utgöra
200 1045 61 21 delar
283 1044 24 22 af
327 1046 168 25 landskommun,
517 1046 44 22 kan
584 1046 54 22 dock
653 1046 70 27 enligt
738 1045 43 21 min
798 1045 58 27 åsigt

98 1079 47 22 icke
161 1079 99 22 utfärdas
281 1082 51 19 utan
347 1080 127 22 ständernas
490 1080 136 23 medverkan.
657 1080 52 22 Men
723 1080 91 27 sålänge
830 1086 26 15 en

97 1114 69 22 sådan
188 1114 48 22 icke
259 1114 66 22 finnes
341 1115 98 28 förelagd
454 1115 129 22 ständernas
598 1115 136 27 granskning
749 1115 41 21 och
804 1114 51 28 god-

97 1148 122 28 kännande,
236 1149 90 27 sålänge
349 1156 62 15 anser
427 1150 40 27 jag
483 1150 41 21 den
539 1150 86 27 vigtiga
639 1149 196 28 byggnadsfrågan
849 1149 8 21 i

97 1183 119 21 samhällen
239 1184 48 21 med
309 1184 176 28 sammanträngd
503 1184 126 28 befolkning
647 1185 27 27 på
690 1183 166 28 landsbyggden

97 1217 48 22 icke
168 1218 74 21 kunna
257 1218 107 28 lyckligen
380 1219 57 21 lösas
453 1220 38 20 och
507 1219 74 27 hvarje
597 1219 82 27 förslag
695 1218 115 28 angående
826 1225 32 15 or-

97 1252 152 27 ganisationen
265 1253 25 21 af
303 1253 62 21 dessa
380 1254 117 22 samhällen
513 1254 151 27 ofullständigt
675 1254 41 21 och
727 1253 129 27 oantagligt.

97 1281 72 28 Äfven
193 1287 26 21 de
242 1287 69 21 andra
330 1288 200 28 normalstadgarne
546 1289 83 21 komma
644 1287 166 27 otvifvelaktigt
824 1289 34 19 att

97 1321 112 21 innehålla
235 1322 162 28 bestämningar
423 1330 32 14 om
478 1323 74 22 hvilka
573 1323 118 21 ständerna
715 1322 53 21 böra
791 1322 67 22 hafva

97 1356 128 28 kännedom,
241 1356 74 22 förrän
333 1357 27 21 de
375 1358 74 21 kunna
464 1358 69 21 lemna
548 1357 7 21 i
571 1357 213 22 administrationens
800 1356 58 22 hand

97 1392 34 19 att
147 1390 68 22 ordna
230 1390 169 28 ifrågavarande
414 1392 149 22 förhållanden
578 1392 7 21 i
601 1392 41 22 den
657 1391 99 28 riktning
767 1392 42 21 den
820 1392 38 21 nå-

98 1424 51 28 diga
165 1425 160 27 propositionen
340 1426 73 22 afsett.

167 1488 208 19 Kommunalutskottets
388 1489 111 19 betänkande
511 1490 34 18 N:o
559 1491 16 17 6.
