1031 1659
204 130 26 21 34
507 130 40 22 N:o
564 132 34 20 29.

174 199 84 21 tillhört
274 199 38 21 och
328 200 117 21 antecknas
460 200 7 20 i
482 199 164 27 förteckningen
661 199 33 22 för
710 199 40 22 den
761 206 77 15 senare
848 199 84 21 klassen

175 233 133 22 omedelbart
331 233 54 22 efter
408 234 47 26 den,
479 240 46 16 som
549 234 38 21 der
601 234 41 21 har
657 240 82 16 samma
754 240 103 16 nummer.
888 233 46 21 Har

175 268 41 21 den
239 267 122 22 öfverförda
383 268 76 22 hästen
482 268 66 27 högre
571 274 99 16 nummer
693 270 26 20 än
736 268 26 22 de
777 268 6 22 i
800 268 134 22 sistnämnda

175 302 58 22 klass
248 302 60 22 förut
322 302 146 27 förtecknade,
484 302 80 22 införes
581 303 40 21 den
638 303 70 21 såsom
724 302 40 22 den
780 302 60 22 sista.

523 366 11 28 8
551 367 33 20 30.

244 406 240 27 Utskrifningsnämden
507 406 40 22 bör
570 406 56 22 tillse
650 408 33 20 att
706 406 26 22 de
755 406 31 21 till
802 405 132 27 utskrifning

176 440 112 22 bestämda
310 440 104 22 hästarna
436 442 38 20 äro
496 440 33 22 väl
548 440 83 22 skodda
647 440 107 22 äfvensom
770 440 100 21 försedda
885 439 48 21 med

176 474 87 28 dugliga
278 474 101 28 grimmor
395 475 38 21 och
448 474 113 28 grimskaft
577 476 63 25 samt,
656 475 38 21 der
710 474 60 22 detta
786 474 23 22 af
820 474 114 27 hästegare

176 509 16 27 ej
217 509 120 27 iakttagits,
353 510 7 20 i
376 509 100 22 afseende
492 510 12 20 å
520 509 102 27 stadgadt
646 508 75 28 afdrag
740 509 72 21 derom
828 510 52 26 göra
896 514 37 15 an-

176 544 101 26 teckning
292 544 7 20 i
314 543 242 28 utskrifningslängden.

524 607 11 27 8
552 608 34 20 31.

245 642 85 26 Önskar
353 647 47 26 den,
423 647 63 21 hvars
509 647 50 21 häst
578 648 54 20 utan
647 646 94 28 frivilligt
758 646 72 22 anbud
845 645 88 22 utskrif-

176 682 47 26 vits,
247 682 66 20 innan
336 682 76 21 hästen
435 681 47 21 frän
498 681 216 27 utskrifningsstället
729 680 111 27 bortförts,
856 680 78 27 utbyta

176 716 124 22 densamma
322 718 45 20 mot
390 723 71 15 annan
484 716 23 22 af
524 723 83 15 samma
621 717 66 25 klass,
703 716 127 22 verkställer
844 715 89 22 utskrif-

175 750 157 28 ningsnämden
352 751 54 21 efter
425 751 133 27 granskning
578 751 22 21 af
614 751 40 21 den
671 751 105 27 erbjudna
791 750 76 22 hästen
883 750 51 21 slikt

175 785 83 27 utbyte,
275 785 88 21 hvarom
379 786 129 26 anteckning
523 785 40 21 bör
578 786 38 20 ske
627 786 6 20 i
644 784 233 28 utskrifningslängden
894 790 39 15 un-

176 820 38 22 der
229 820 41 22 den
286 820 88 28 utbytta
388 820 88 22 hästens
492 826 104 16 nummer.

523 884 11 26 $
551 885 33 20 32.

244 923 240 27 Utskrifningsnämden
499 924 40 21 bör
549 923 33 22 för
593 924 73 27 hvarje
676 923 184 27 hästemottagare
871 922 63 21 hafva

174 958 8 21 i
199 958 120 26 beredskap
339 964 26 15 en
382 957 284 28 aflevereringsförteckning
682 957 112 28 (förmulär
812 956 39 22 N:o
870 957 40 26 13),
927 957 7 20 i

174 992 85 21 hvilken
284 992 42 21 alla
348 992 81 26 hästar,
452 998 46 15 som
520 992 33 21 till
572 992 78 21 honom
666 991 108 26 aflemnas,
790 991 80 21 införas
886 990 47 22 med

175 1028 108 25 noggrant
299 1026 127 27 angifvande
442 1026 22 22 af
477 1026 115 22 hästarnas
608 1026 64 26 klass,
684 1026 42 21 kön
737 1026 39 21 och
786 1025 148 27 signalement,

175 1066 91 22 egarens
288 1067 65 15 namn
378 1061 38 21 och
438 1061 84 21 hemort
538 1060 108 22 äfvensom
662 1060 88 22 hästens
767 1060 112 26 ordnings-
895 1058 39 22 och

174 1094 148 22 lottnummer.
353 1095 53 21 Dei
423 1096 71 21 denna
508 1095 136 27 förteckning
658 1094 85 22 införda
755 1094 105 22 hästarna
870 1099 64 15 anses

174 1135 52 15 vara
242 1130 101 26 slutligen
359 1130 115 21 utskrifna.
716 1130 4 3 N

243 1164 172 27 Förteckningen
431 1164 159 22 underskrifves
606 1164 22 21 af
642 1164 103 21 nämdens
761 1162 99 28 samtliga
875 1162 59 21 med-

174 1198 90 22 lemmar
280 1199 38 21 och
334 1198 141 22 öfverlemnas
491 1199 69 21 tillika
570 1199 49 21 med
629 1199 104 21 hästarna
744 1198 23 21 ät
778 1199 155 25 emottagaren.

523 1262 11 27 8
550 1263 34 20 33.

243 1302 79 21 Finner
338 1302 199 27 hästemottagaren
554 1303 70 26 nägon
642 1301 22 21 af
678 1302 25 20 de
719 1301 49 21 utaf
781 1300 153 27 utskrifnings-

173 1336 93 21 nämden
289 1336 116 27 godkända
427 1336 104 22 hästarna
547 1336 93 27 oduglig,
656 1336 80 26 äligger
753 1335 91 21 nämden
861 1334 72 22 derom

173 1372 54 25 göra
245 1371 132 27 anteckning
392 1371 6 21 i
414 1370 313 28 aflevereringsförteckningen
743 1370 48 21 med
807 1368 128 28 angifvandc

174 1404 22 22 af
218 1404 36 22 det
277 1405 121 27 stadgande
421 1406 32 20 uti
475 1405 144 27 kungörelsen
644 1404 116 28 angäende,
777 1404 66 21 bland
859 1404 74 25 annat,

173 1439 100 27 reglerna
292 1439 33 21 för
345 1440 162 22 bestämmande
526 1439 22 22 af
562 1440 86 21 hästars
664 1438 110 28 duglighet
789 1438 33 22 för
838 1437 97 27 krigsbe-
