1050 1661
180 147 26 20 10
484 146 40 21 N:o
541 147 34 20 23.

221 215 160 26 Utstakningen
396 215 126 21 verkställes
538 215 6 21 i
561 214 95 27 enlighet
671 213 47 22 med
729 213 56 22 hvad
796 219 33 16 om
841 214 69 20 områ-

150 249 35 22 det
206 249 69 22 blifvit
298 249 107 22 bestämdt
424 249 59 27 eller,
503 249 71 21 såvidt
593 249 134 26 bestämning
743 248 84 25 saknas,
843 247 67 28 enligt

150 283 147 21 tillträdarens
317 283 117 27 anvisning.
464 282 104 22 Området
584 283 64 21 varde
664 283 40 21 ock
719 282 73 21 tillika
807 281 102 27 rörlagdt,

150 317 60 25 dock,
227 318 38 20 der
281 319 117 25 gränserna
412 317 47 21 icke
474 317 60 21 förut
549 317 71 21 blifvit
636 316 119 28 bestämda,
767 316 75 21 endast
853 316 7 21 i
872 316 38 20 fall

149 352 136 21 tillträdaren
309 352 77 21 sådant
408 352 86 21 önskar.
524 352 47 21 Kan
592 352 126 26 utstakning
739 351 18 27 ej
778 350 44 26 ske,
838 350 71 22 såsom

150 386 28 21 då
193 386 162 22 vattenområde
371 389 25 18 är
411 387 6 20 i
434 386 67 27 fråga,
518 387 55 20 skall
590 386 123 21 afträdaren
733 385 108 22 meddelas
856 385 53 26 tjen-

150 421 29 26 lig
194 421 153 27 planteckning
363 421 59 21 öfver
438 421 108 21 områdets
562 423 95 25 gränser.

498 484 12 27 8
526 485 34 20 20.

218 523 60 22 Inom
302 524 74 21 trettio
398 524 66 27 dagar
483 524 55 21 efter
556 524 37 21 det
609 524 40 21 den
664 524 7 20 i
689 525 25 19 19
731 523 12 27 &
758 522 93 21 nämnda
867 521 43 22 för-

150 558 97 27 rättning
270 558 105 27 afslutats,
399 559 77 21 stände
499 558 87 27 enhvar,
610 558 65 21 hvars
699 559 46 20 rätt
767 557 42 21 kan
832 556 78 21 sädant

149 592 80 27 fordra,
253 594 65 26 öppet
341 595 33 19 att
393 593 39 21 hos
448 594 134 26 guvernören
598 592 122 27 skriftligen
737 591 120 21 framställa
873 597 37 15 an-

150 627 111 27 märkning
284 630 45 19 mot
348 628 36 21 det
404 628 116 21 utstakade
539 627 107 21 omrädets
662 626 82 22 storlek
760 626 39 21 och
815 627 93 25 gränser,

150 662 69 21 sävidt
242 668 35 15 om
297 662 47 22 dem
364 662 47 22 icke
431 662 59 22 förut
505 662 114 26 bestämts;
636 662 39 21 och
691 668 39 20 ege
747 661 103 26 sakegare
866 662 44 18 rätt

149 698 33 20 att
197 696 57 22 inom
271 697 92 21 nämnde
378 697 32 21 tid
426 698 94 20 inlemna
535 695 244 29 anmärkningsskriften
790 695 34 21 till
836 697 73 19 ortens

149 730 170 22 kronolänsman
335 732 53 21 eller
403 732 120 26 magistrat.
554 731 38 21 Om
607 731 56 21 hvad
674 730 134 27 sakegarene
819 729 91 21 sälunda

149 764 63 22 hafva
228 768 33 19 att
277 766 97 27 iakttaga
390 766 55 21 skall
460 766 156 21 landtmätaren
633 766 128 20 underrätta
772 764 46 22 dem
830 764 26 20 dä
867 763 42 21 för-

150 800 123 27 rättningen
296 800 90 21 afslutas
405 803 56 19 samt
481 800 91 21 aflemna
592 799 93 27 skriftlig
704 798 152 26 undervisning
871 798 39 20 hos

149 834 206 22 kronolänsmannen
372 835 52 21 eller
440 835 148 26 magistraten.

217 869 43 21 Det
278 869 81 27 åligger
377 869 133 21 sistnämnda
526 869 148 26 myndigheter
690 870 33 19 att
739 867 124 27 skyndsamt
878 866 30 21 in-

149 903 68 21 sända
232 906 122 24 emottagen
370 903 218 27 anmärkningsskrift
604 903 58 26 eller,
679 903 7 20 i
696 901 38 22 fail
745 901 66 21 sädan
823 901 18 26 ej
853 901 56 20 inom

149 939 68 20 utsatt
233 938 31 21 tid
281 937 101 28 ingifvits,
398 939 73 20 derom
486 938 85 21 anmäla
587 937 38 21 hos
640 938 142 25 guvernören.

499 1001 11 28 8
527 1002 33 20 21.

218 1040 47 21 Har
281 1040 136 21 tillträdaren
434 1040 48 27 sjelf
496 1040 50 22 lätit
561 1047 76 20 genom
653 1039 145 22 landtmätare
809 1039 52 20 eller
872 1045 38 14 an-

149 1081 41 14 nan
212 1075 122 27 sakkunnig
357 1075 116 21 verkställa
496 1075 153 27 utstakningen
674 1075 39 21 och
733 1073 59 22 öfver
812 1073 98 21 omrädet

149 1110 103 25 upprätta
271 1109 64 21 karta
355 1109 40 21 och
410 1109 138 27 beskrifning,
564 1115 50 15 vare
630 1109 36 21 det
682 1108 62 27 gildt,
761 1107 90 21 såframt
866 1107 43 21 till-

149 1144 103 21 trädaren
272 1144 57 21 visar
348 1146 32 19 att
399 1144 99 27 samtlige
518 1144 104 26 sakegare
638 1143 22 21 ät
676 1142 154 26 utstakningen
847 1141 61 27 nöjts.

496 1206 11 28 8
524 1207 34 20 22.

218 1246 63 21 Hvad
301 1246 7 20 i
330 1247 32 24 19,
382 1247 28 21 20
428 1246 39 22 och
486 1247 25 21 21
530 1246 24 28 8$
571 1248 23 19 är
610 1246 101 26 stadgadt
733 1244 56 22 skall
812 1244 40 21 ock
875 1244 35 20 til-

148 1280 84 27 lämpas
248 1281 6 20 i
271 1280 60 28 fräga
347 1286 34 16 om
398 1281 155 27 inskränkoing
569 1280 6 22 i
591 1280 151 27 begagnandet
757 1279 24 21 af
793 1279 43 21 fast
847 1285 63 20 egen-

149 1314 56 27 dom,
222 1314 54 22 dock
292 1317 39 25 att,
347 1315 38 21 der
399 1315 78 21 sakens
488 1315 150 21 beskaffenhet
649 1315 36 21 det
694 1314 107 27 päkallar,
813 1313 97 21 distriks-

148 1348 97 28 ingeniör
260 1349 35 21 mä
311 1350 115 21 förordnas
442 1352 32 20 att
490 1350 117 21 verkställa
622 1349 164 26 utstakningen;
802 1348 41 21 och
858 1347 53 21 böra

148 1383 132 26 sakegarene
295 1384 137 21 underrättas
443 1390 33 15 om
488 1384 195 26 inskränkningens
694 1382 150 22 beskatfenhet
854 1384 56 18 samt

148 1419 33 19 att
197 1417 27 21 de
240 1417 98 22 deröfver
354 1425 40 20 ega
410 1425 82 15 samma
507 1421 44 19 rätt
566 1419 33 20 till
615 1418 143 26 anmärkning
773 1423 45 15 som
830 1416 80 21 beträf-

148 1451 63 21 fande
227 1453 105 20 omrädet.
