1025 1656
271 131 83 25 Ständ.
371 132 38 23 Sv.
424 145 29 3 —
468 131 71 28 Prop.
555 131 41 24 N:o
611 131 35 23 31.
781 133 26 19 19

78 201 86 20 ensamt
186 199 35 21 för
245 198 35 29 sig
295 198 136 29 öfverstiger
447 205 102 15 summan
565 198 25 21 af
604 197 103 29 samtliga
723 197 35 22 för
773 199 64 19 nästa

78 233 79 29 period
179 233 128 21 beräknade
329 233 265 28 bevillningsinkomster
615 232 71 28 jämte
703 232 44 21 den
763 231 73 29 dispo-

77 268 62 21 nibla
160 267 158 22 bankvinsten.
349 267 155 29 Regleringen
526 267 67 22 häraf
615 267 43 21 och
676 267 24 21 af
715 266 74 29 öfriga
803 269 33 18 ut-

78 303 68 28 gifter
161 302 8 21 i
184 302 255 28 bevillningsbudgeten
454 303 41 20 har
510 301 154 29 möjliggjorts
674 309 82 20 genom
765 301 72 22 öfver-

78 337 77 28 föring
178 337 25 22 af
224 339 12 19 9
252 337 112 21 millioner
386 337 64 21 mark
473 337 51 20 från
548 336 112 22 allmänna
683 336 154 21 statsfondens

79 371 127 22 öfverskott
232 371 33 21 till
288 371 235 28 bevillningsmedlen.
561 371 11 21 I
596 371 91 21 formelt
709 370 128 22 hänseende

79 406 93 21 innebär
196 413 28 14 en
244 405 63 29 dylik
323 406 144 28 öfverföring
482 405 136 29 visserligen
633 413 28 14 en
677 405 159 29 oegentlighet,

79 443 53 18 enär
156 441 37 20 det
216 443 23 18 är
262 440 167 29 bevillningens
453 440 93 29 uppgift
561 443 33 18 att
609 440 150 28 komplettera
774 442 63 19 stats-

78 475 91 22 verkets
185 475 113 22 ordinarie
313 475 128 28 tillgångar,
458 476 43 21 och
517 475 50 21 icke
581 477 106 20 tvärtom.
711 475 53 22 Men
780 475 57 21 isak

79 509 43 22 blir
144 510 116 21 resultatet
279 510 58 21 dock
358 510 124 25 enahanda,
499 517 36 14 om
551 510 172 28 öfverföringen
739 510 51 21 sker
804 509 34 21 till

80 546 24 19 så
127 547 57 19 stort
206 545 89 28 belopp,
312 552 49 14 som
376 545 28 20 de
420 544 113 22 ordinarie
548 544 152 29 tillgångarne
715 544 122 28 medgifva,

80 579 43 21 och
138 579 87 28 ökning
240 579 25 21 af
277 579 156 28 bevillningen
449 579 133 28 därigenom
597 579 120 22 undvikes.

148 614 33 21 På
196 614 76 28 grund
286 614 26 21 af
323 614 61 21 hvad
401 613 127 22 Ständerna
542 613 7 21 i
565 614 38 21 det
612 613 137 29 föregående
757 613 80 21 under-

80 648 91 29 dånigst
186 648 81 26 anfört,
283 649 70 21 hafva
369 648 126 22 Ständerna
510 648 103 22 beslutit:

355 783 32 20 att
401 782 35 28 för
451 782 136 22 bestridande
602 782 27 28 af
641 782 65 28 ofvan
720 783 119 27 upptagna,

289 816 32 21 till
336 816 234 28 bevillningsbudgeten
584 817 36 28 för
628 817 53 21 åren
690 816 151 22 1898—1900

286 850 111 28 hänförda
419 851 95 28 utgifter,
537 852 25 21 så
583 851 47 22 vidt
652 852 25 21 de
700 851 21 28 ej
742 852 53 27 utgå
813 858 27 14 ur

287 885 171 28 militiefondens
466 885 112 23 ordinarie
587 886 125 28 tillgångar,
725 885 115 23 användas

288 920 20 27 ej
330 920 87 22 mindre
440 920 25 22 de
489 920 133 28 9,000,000
643 920 68 28 mark,
734 927 44 15 som
793 920 48 21 med

288 954 134 27 3,000,000
436 954 62 22 mark
506 954 84 29 ärligen
598 955 59 21 skola
665 955 54 28 frän
727 955 113 22 allmänna

259 986 3 2 *
287 989 137 28 statsfonden
440 990 33 21 till
488 989 211 29 bevillningsfonden
715 990 125 28 öfverföras,

287 1026 30 20 än
332 1024 37 22 ock
385 1024 42 22 den
443 1024 32 22 del
491 1024 27 28 af
530 1024 196 28 bränvinsskatten,
735 1032 45 14 som
792 1024 48 28 blif-

288 1058 30 22 vit
332 1058 139 22 sistnämnda
485 1059 55 28 fond
556 1059 86 28 tillagd;
657 1059 108 29 äfvensom

358 1094 33 20 att
406 1093 33 21 till
453 1100 84 15 samma
552 1093 104 22 ändamål
670 1094 75 22 vidare
754 1093 87 22 anvisas

288 1128 60 21 såväl
363 1127 122 23 inkomsten
500 1128 28 28 af
532 1128 310 28 stämpelbevillningen
778 1123 68 37 jämte

289 1162 176 28 bevillningarna
483 1162 35 28 för
533 1162 143 28 maltdrycker
692 1163 37 21 och
743 1162 98 28 spelkort,

288 1205 44 14 som
359 1197 37 22 ock
422 1197 138 28 erforderligt
584 1197 73 28 belopp
684 1197 27 28 af
731 1197 110 22 Finlands

290 1231 77 22 Banks
381 1232 35 27 för
431 1232 140 22 närvarande
578 1232 123 27 disponibla
708 1231 133 27 vinstmedel,

290 1266 105 22 eventuelt
409 1266 60 22 ända
486 1266 32 21 till
534 1266 123 27 4,665,230
670 1267 68 27 mark,
755 1267 32 21 att
802 1265 40 28 lyf-

289 1301 33 21 tas
337 1300 8 21 i
361 1302 59 20 rater
435 1307 33 15 om
479 1301 61 27 högst
548 1301 127 27 1,560,000
681 1301 62 22 mark
751 1301 91 27 årligen.
