1036 1656
821 148 11 17 3

97 207 137 18 skolelärarens
247 206 58 22 tjenst
318 208 20 16 är
353 206 43 18 vida
409 211 51 13 mera
475 206 126 22 betungande,
614 206 20 18 så
650 209 28 15 att
691 206 35 18 den
738 206 55 22 ringa
805 205 50 17 kost-

98 236 37 17 nad
147 235 158 18 folkskolläraren
323 234 75 23 nedlagt
414 235 23 22 på
453 234 73 18 studier
541 235 60 17 under
614 236 22 17 30
649 236 30 17 års
692 235 27 18 tid
733 236 92 20 motväges
838 232 20 18 af

99 264 46 18 hvad
159 264 36 18 han
212 265 94 21 presterat
322 268 50 13 mera
384 264 7 17 i
404 264 69 21 arbete,
484 264 21 22 ja
520 264 93 17 törhända
631 264 70 18 vänder
714 264 28 22 sig
755 262 100 23 vågskålen

97 293 94 17 härunder
203 292 40 18 helt
256 292 36 26 och
307 292 57 18 hållet
377 292 29 18 till
425 293 47 17 hans
488 292 78 18 förmån.
592 293 97 23 Kollegers
706 291 150 22 undervisnings-

98 322 108 22 skyldighet
218 321 102 18 innefattar
332 321 22 17 22
363 321 138 21 veckotimmar,
508 321 190 19 folkskolelärarenes
708 322 73 17 30—36.
800 320 55 18 Folk-

99 350 127 18 skoleläraren
239 350 6 17 i
259 350 108 17 landsorten
381 350 111 17 undervisar
507 350 41 23 fyra
560 350 75 18 klasser
653 350 35 18 och
700 350 23 18 50
735 350 61 17 elever
809 353 46 13 sam-

98 379 62 22 tidigt,
173 378 86 23 kollegan
273 378 84 18 däremot
369 384 23 12 en
406 378 51 18 klass
469 379 36 17 och
513 379 55 22 högst
576 380 23 16 40
606 379 66 21 elever,
683 379 91 22 vanligast
784 378 34 18 20—
828 377 27 17 25.

99 408 89 21 Kollegan
203 407 97 18 meddelar
312 407 133 22 undervisning
457 408 6 16 i
476 408 45 17 3—4
534 409 73 19 ämnen,
620 408 6 16 i
640 408 63 16 hvilka
713 408 36 16 han
759 409 21 15 är
792 406 62 21 ,,fack-

99 437 59 16 man".
183 435 176 18 Folkskoleläraren
372 435 58 18 borde
443 441 44 12 vara
499 436 87 17 fackman
599 437 6 16 i
618 436 58 17 8—10
688 437 72 16 ämnen.

167 465 37 17 För
216 464 94 17 tänkande
327 469 88 18 personer
434 464 90 18 behöfver
536 465 16 22 ej
567 465 88 22 påpekas,
668 465 48 17 huru
730 465 82 22 orimligt
825 464 31 18 det

99 495 21 16 är
132 493 28 18 för
173 493 36 18 den
221 498 35 12 ena
269 493 20 17 af
301 493 54 18 dessa
371 495 47 16 nära
433 499 36 16 nog
482 493 47 18 dock
541 494 24 22 på
578 499 69 12 samma
664 493 142 22 bildningsgrad
818 493 36 18 stå-

100 521 47 18 ende
160 527 90 18 personer
263 523 27 16 att
302 521 74 18 komma
388 521 30 18 till
431 523 49 16 rätta
493 522 42 17 med
548 528 23 11 en
586 523 77 22 pension
677 522 20 17 af
701 522 91 17 600—800
798 521 57 21 mark,

101 551 23 17 då
136 551 36 17 den
185 550 59 18 andra
258 555 54 13 anses
325 551 79 17 behöfva
416 551 51 21 3,500
483 551 57 17 mark.
565 551 26 17 På
604 555 70 13 samma
687 550 58 23 grund
759 550 52 17 torde
824 550 32 17 det

101 585 43 12 vara
156 579 35 18 lätt
203 584 36 17 nog
252 581 27 16 att
291 579 47 22 inse,
357 579 72 18 hvilket
447 579 140 18 fruktansvärdt
599 579 40 23 slag
654 579 81 18 drabbar
747 579 34 17 den
795 578 60 18 ålder-

101 609 59 22 stigne
172 608 80 21 läraren,
266 608 23 17 då
302 608 37 17 han
352 608 41 17 från
406 609 41 16 sina
460 608 114 18 1300—1600
583 608 59 17 marks
650 603 134 33 löneförmåner
796 607 58 18 öfver-

101 636 61 23 flyttas
174 637 30 17 till
216 642 23 12 en
258 637 126 22 pensionsstat
396 637 42 17 med
457 637 90 17 600—800
567 637 57 20 mark,
638 639 45 16 enär
699 637 21 22 ju
736 636 58 17 redan
808 636 46 17 hans

101 665 30 18 lön
144 665 67 18 medan
223 665 36 18 han
273 670 32 12 var
317 666 6 17 i
337 666 29 17 sin
385 665 130 18 mannaålders
533 665 48 18 fulla
600 665 72 18 krafter
687 670 32 13 var
735 664 120 23 otillräcklig.

169 694 64 17 Såsom
246 693 57 18 redan
318 693 117 18 framhållits:
457 696 60 15 staten
530 694 54 18 torde
600 694 42 17 icke
658 696 45 15 utan
719 693 82 22 vägande
815 693 40 17 skäl

101 723 63 17 kunna
177 723 39 17 låta
228 722 213 18 folkskolelärarekåren
457 723 76 17 kvarstå
549 723 31 17 vid
596 728 23 12 en
632 723 73 22 obilligt
719 722 45 17 liten
778 721 77 23 pension

101 756 29 12 om
144 751 35 18 den
197 751 72 23 engång
285 751 67 18 erkänt
368 752 28 21 sig
412 751 74 23 skyldig
502 751 29 18 till
548 751 44 18 dess
609 751 117 23 erläggande.
754 751 41 16 Den
809 749 48 18 enda

101 779 82 23 vägande
197 780 79 17 orsaken
292 785 43 12 vore
352 780 23 17 då
391 780 47 17 brist
456 780 23 23 på
495 780 65 17 medel.
587 780 43 17 Men
644 781 17 16 vi
675 782 40 15 veta
725 780 21 22 ju
759 779 37 17 alla
809 779 47 16 hvil-

101 808 36 17 ken
149 808 69 23 lycklig
231 808 90 23 ställning
333 809 112 17 statsvärket
459 809 55 17 dessa
526 809 20 17 år
559 809 73 22 lyckats
645 809 50 17 ernå'

172 837 69 17 Vidare
255 837 34 18 bör
301 837 77 18 beaktas
391 839 27 16 att
433 837 31 18 det
476 843 66 17 genom
556 837 113 23 pensionens
682 837 59 22 ifråga
750 836 107 22 förhöjning

101 865 115 23 uppstäende
229 865 99 18 tillskottet
343 867 20 16 är
376 866 70 22 ganska
461 867 109 22 oansenligt.
596 866 138 18 Pensionerade
747 866 49 17 förre
810 864 46 19 folk-

102 894 115 17 skolelärare
231 894 60 17 finnas
304 894 60 22 enligt
376 900 25 12 nu
414 895 87 22 gällande
515 897 36 15 stat
562 895 29 18 47,
604 895 20 17 af
635 895 63 17 hvilka
711 895 21 17 12
744 897 42 15 män
800 895 33 17 och
846 894 11 17 8

101 922 78 18 kvinnor
202 923 72 22 åtnjuta
297 922 34 18 full
355 923 86 22 pension;
467 923 74 18 således
564 925 54 21 utgör
640 924 20 16 12
671 923 186 20 x800+8x600—=

103 951 61 21 14,400
177 951 52 17 mark
248 953 71 16 statens
335 952 43 17 hela
391 951 56 23 utgift
459 951 29 18 för
497 952 51 17 detta
558 952 91 17 ändamål.
667 952 69 17 Partiel
745 952 77 22 pension
832 952 25 16 åt-

102 980 52 22 njuta
170 980 22 17 de
209 980 60 22 öfriga
287 980 22 17 27
323 980 80 22 manliga
419 980 34 18 och
471 980 83 23 kvinliga
572 980 85 18 lärarena
676 980 41 18 med
735 980 122 18 tillsammans

101 1009 63 20 11,550
179 1008 58 22 mark,
253 1009 73 17 hvadan
339 1011 61 15 staten
418 1009 50 17 detta
483 1010 20 16 år
516 1009 28 17 till
558 1009 187 18 folkskolelärarenes
758 1009 99 22 pensioner

102 1037 63 17 bidrar
180 1037 42 17 med
235 1038 63 20 25,950
313 1038 57 17 mark.
395 1038 33 17 Om
442 1038 17 17 vi
473 1040 66 20 antaga
552 1040 28 15 att
595 1038 87 22 samtliga
693 1038 55 17 dessa
761 1038 96 22 pensions-

101 1068 63 20 tagare
179 1071 43 13 vore
235 1068 48 19 män,
297 1069 51 19 stege
364 1068 71 16 statens
454 1067 110 17 omkostnad
580 1067 29 17 till
621 1066 22 18 47
657 1072 8 11 x
676 1067 31 17 800
713 1066 74 21 =37,00
800 1066 56 17 mark.

103 1095 33 17 Om
149 1094 190 18 folkskolelärarenes
352 1096 79 22 pension
444 1095 65 23 höjdes
522 1095 42 18 med
576 1096 24 17 50
618 1098 77 20 procent
707 1096 46 17 eller
765 1094 28 18 till
807 1094 51 21 1,200

102 1123 56 21 mark,
177 1124 82 17 erhölles
273 1124 22 16 47
306 1129 15 11 x
331 1124 49 20 1,200
388 1133 15 5 =
410 1124 63 21 56,400
488 1124 57 17 mark.

170 1152 7 17 I
191 1152 124 18 betraktande
329 1152 19 18 af
360 1152 36 18 den
409 1155 50 15 stora
476 1153 121 22 dödligheten
611 1153 55 17 bland
680 1153 177 23 pensionstagarene

101 1180 100 18 förefinnes
215 1181 16 23 ej
252 1181 40 17 skäl
310 1181 30 17 till
359 1181 112 23 antagandet
487 1183 27 16 att
532 1182 55 17 deras
604 1182 49 17 antal
670 1182 93 22 snarligen
779 1180 78 18 skulle
845 1176 14 33 i

102 1210 87 17 nämvärd
205 1210 45 22 grad
267 1210 51 18 ökas.
343 1210 33 18 Om
390 1210 50 18 detta
453 1210 60 22 nägon
526 1210 49 22 gäng
588 1210 60 18 under
660 1210 54 18 ärens
727 1210 42 22 lopp
784 1209 74 17 komma

102 1240 27 15 att
142 1238 48 22 stiga
203 1238 29 18 till
245 1239 34 17 150
293 1239 10 17 å
315 1239 34 17 200
362 1239 34 17 och
409 1239 103 22 pensionen
526 1239 77 22 utginge
616 1238 42 18 med
668 1244 69 12 samma
743 1238 67 22 belopp
819 1242 39 12 som

102 1267 29 17 för
144 1267 115 17 närvarande
273 1267 47 17 eller
333 1267 33 18 800
379 1267 58 21 mark,
453 1267 84 23 utgjorde
547 1267 127 18 kostnaderna
686 1267 28 18 för
726 1269 61 16 staten
801 1266 33 18 150
848 1266 10 17 &

101 1296 34 16 200
144 1301 14 11 x
168 1295 57 18 800
212 1290 12 33 =
233 1296 91 20 120,000
317 1290 11 33 a
335 1296 73 21 160,000
426 1296 57 17 mark.
514 1296 32 17 Om
566 1296 40 17 åter
620 1296 7 17 i
645 1296 77 22 pension
741 1294 117 19 utbetalades

101 1324 49 21 1,200
176 1324 57 20 mark,
253 1326 52 20 stege
328 1324 61 18 denna
408 1327 70 15 statens
498 1324 108 23 utgiftspost
623 1325 28 17 till
670 1324 111 18 1503200
769 1319 11 32 x
792 1323 66 18 1200
849 1319 14 32 =

101 1352 90 22 180,000
182 1348 9 31 3
201 1353 74 21 240,000
294 1353 57 17 mark.
376 1353 109 17 Tillskottet
503 1353 60 17 skulle
582 1353 73 18 således
673 1353 59 18 under
751 1353 62 17 denna
830 1352 28 17 tid

101 1383 66 20 utgöra
179 1382 63 20 60,000
251 1382 9 16 3
267 1381 63 21 80,000
343 1382 52 16 mark
414 1382 77 22 årligen.
517 1381 39 18 Och
569 1382 54 18 äfven
639 1382 51 18 detta
702 1382 24 18 tal
739 1382 26 17 täl
778 1380 80 23 nedpru-

99 1409 64 21 tande,
176 1411 19 21 ty
209 1409 106 18 kvinnorna
328 1409 70 18 erhölle
412 1411 80 22 troligen
505 1410 78 21 mindre,
597 1411 59 17 säsom
666 1411 52 17 äfven
731 1415 25 12 nu
769 1411 21 16 är
800 1409 58 20 fallet,

99 1439 34 17 och
146 1438 92 17 likaledes
258 1438 53 17 torde
325 1441 29 14 en"
366 1440 40 16 stor
419 1439 30 17 del
461 1439 21 17 af
493 1439 125 22 pensionerna
636 1439 86 17 förblifva
737 1438 67 18 endast
817 1443 41 17 par-

99 1467 53 17 tiela.
177 1467 38 17 För
233 1467 116 17 närvarande
368 1467 116 18 förekomma
504 1467 45 18 flere
568 1467 71 18 sådana
657 1467 79 23 partiela
754 1467 106 22 pensioner,
