<?xml version="1.0" encoding="UTF-8"?>
<alto xmlns="http://www.loc.gov/standards/alto/ns-v3#" xmlns:xlink="http://www.w3.org/1999/xlink" xmlns:xsi="http://www.w3.org/2001/XMLSchema-instance" xsi:schemaLocation="http://www.loc.gov/standards/alto/ns-v3# http://www.loc.gov/alto/v3/alto-3-0.xsd">
	<Description>
		<MeasurementUnit>pixel</MeasurementUnit>
		<sourceImageInformation>
			<fileName>/tmp/tess_dei2bgr__input.PNG</fileName>
		</sourceImageInformation>
		<OCRProcessing ID="OCR_0">
			<ocrProcessingStep>
				<processingSoftware>
					<softwareName>tesseract 5.3.4</softwareName>
				</processingSoftware>
			</ocrProcessingStep>
		</OCRProcessing>
	</Description>
	<Layout>
		<Page WIDTH="1025" HEIGHT="1656" PHYSICAL_IMG_NR="0" ID="page_0">
			<PrintSpace HPOS="0" VPOS="0" WIDTH="1025" HEIGHT="1656">
				<ComposedBlock ID="cblock_0" HPOS="311" VPOS="137" WIDTH="496" HEIGHT="28">
					<TextBlock ID="block_0" HPOS="311" VPOS="137" WIDTH="496" HEIGHT="28">
						<TextLine ID="line_0" HPOS="311" VPOS="137" WIDTH="496" HEIGHT="28">
							<String ID="string_0" HPOS="311" VPOS="137" WIDTH="21" HEIGHT="23" WC="0.90" CONTENT="U."/><SP WIDTH="19" VPOS="137" HPOS="332"/>
							<String ID="string_1" HPOS="351" VPOS="137" WIDTH="22" HEIGHT="22" WC="0.92" CONTENT="B."/><SP WIDTH="17" VPOS="137" HPOS="373"/>
							<String ID="string_2" HPOS="390" VPOS="149" WIDTH="29" HEIGHT="3" WC="0.92" CONTENT="—"/><SP WIDTH="16" VPOS="149" HPOS="419"/>
							<String ID="string_3" HPOS="435" VPOS="137" WIDTH="64" HEIGHT="28" WC="0.95" CONTENT="Prop."/><SP WIDTH="19" VPOS="137" HPOS="499"/>
							<String ID="string_4" HPOS="518" VPOS="137" WIDTH="35" HEIGHT="23" WC="0.96" CONTENT="N:o"/><SP WIDTH="17" VPOS="137" HPOS="553"/>
							<String ID="string_5" HPOS="570" VPOS="137" WIDTH="37" HEIGHT="22" WC="0.96" CONTENT="29."/><SP WIDTH="172" VPOS="137" HPOS="607"/>
							<String ID="string_6" HPOS="779" VPOS="138" WIDTH="28" HEIGHT="20" WC="0.96" CONTENT="35"/>
						</TextLine>
					</TextBlock>
				</ComposedBlock>
				<ComposedBlock ID="cblock_1" HPOS="82" VPOS="204" WIDTH="755" HEIGHT="140">
					<TextBlock ID="block_1" HPOS="82" VPOS="204" WIDTH="755" HEIGHT="140">
						<TextLine ID="line_1" HPOS="428" VPOS="204" WIDTH="63" HEIGHT="26">
							<String ID="string_7" HPOS="428" VPOS="204" WIDTH="12" HEIGHT="26" WC="0.93" CONTENT="s"/><SP WIDTH="17" VPOS="204" HPOS="440"/>
							<String ID="string_8" HPOS="457" VPOS="204" WIDTH="34" HEIGHT="20" WC="0.94" CONTENT="22."/>
						</TextLine>
						<TextLine ID="line_2" HPOS="154" VPOS="243" WIDTH="683" HEIGHT="29">
							<String ID="string_9" HPOS="154" VPOS="243" WIDTH="53" HEIGHT="22" WC="0.96" CONTENT="Med"/><SP WIDTH="11" VPOS="243" HPOS="207"/>
							<String ID="string_10" HPOS="218" VPOS="243" WIDTH="161" HEIGHT="22" WC="0.93" CONTENT="vederbörande"/><SP WIDTH="11" VPOS="243" HPOS="379"/>
							<String ID="string_11" HPOS="390" VPOS="251" WIDTH="61" HEIGHT="21" WC="0.92" CONTENT="egare"/><SP WIDTH="17" VPOS="251" HPOS="451"/>
							<String ID="string_12" HPOS="468" VPOS="244" WIDTH="22" HEIGHT="21" WC="0.96" CONTENT="af"/><SP WIDTH="15" VPOS="244" HPOS="490"/>
							<String ID="string_13" HPOS="505" VPOS="244" WIDTH="28" HEIGHT="22" WC="0.96" CONTENT="de"/><SP WIDTH="16" VPOS="244" HPOS="533"/>
							<String ID="string_14" HPOS="549" VPOS="244" WIDTH="67" HEIGHT="28" WC="0.96" CONTENT="enligt"/><SP WIDTH="16" VPOS="244" HPOS="616"/>
							<String ID="string_15" HPOS="632" VPOS="245" WIDTH="12" HEIGHT="26" WC="0.68" CONTENT="8"/><SP WIDTH="17" VPOS="245" HPOS="644"/>
							<String ID="string_16" HPOS="661" VPOS="245" WIDTH="27" HEIGHT="20" WC="0.93" CONTENT="21"/><SP WIDTH="17" VPOS="245" HPOS="688"/>
							<String ID="string_17" HPOS="705" VPOS="244" WIDTH="132" HEIGHT="28" WC="0.92" CONTENT="besigtigade"/>
						</TextLine>
						<TextLine ID="line_3" HPOS="83" VPOS="279" WIDTH="753" HEIGHT="29">
							<String ID="string_18" HPOS="83" VPOS="280" WIDTH="41" HEIGHT="21" WC="0.96" CONTENT="och"/><SP WIDTH="16" VPOS="280" HPOS="124"/>
							<String ID="string_19" HPOS="140" VPOS="279" WIDTH="115" HEIGHT="29" WC="0.93" CONTENT="godkända"/><SP WIDTH="15" VPOS="279" HPOS="255"/>
							<String ID="string_20" HPOS="270" VPOS="279" WIDTH="100" HEIGHT="22" WC="0.92" CONTENT="hästarne"/><SP WIDTH="16" VPOS="279" HPOS="370"/>
							<String ID="string_21" HPOS="386" VPOS="287" WIDTH="39" HEIGHT="21" WC="0.91" CONTENT="ega"/><SP WIDTH="19" VPOS="287" HPOS="425"/>
							<String ID="string_22" HPOS="444" VPOS="280" WIDTH="154" HEIGHT="21" WC="0.96" CONTENT="kommunerna"/><SP WIDTH="18" VPOS="280" HPOS="598"/>
							<String ID="string_23" HPOS="616" VPOS="280" WIDTH="50" HEIGHT="28" WC="0.96" CONTENT="ingå"/><SP WIDTH="15" VPOS="280" HPOS="666"/>
							<String ID="string_24" HPOS="681" VPOS="280" WIDTH="107" HEIGHT="28" WC="0.93" CONTENT="skriftliga"/><SP WIDTH="15" VPOS="280" HPOS="788"/>
							<String ID="string_25" HPOS="803" VPOS="280" WIDTH="33" HEIGHT="21" WC="0.92" CONTENT="af-"/>
						</TextLine>
						<TextLine ID="line_4" HPOS="82" VPOS="315" WIDTH="480" HEIGHT="29">
							<String ID="string_26" HPOS="82" VPOS="316" WIDTH="30" HEIGHT="21" WC="0.96" CONTENT="tal"/><SP WIDTH="16" VPOS="316" HPOS="112"/>
							<String ID="string_27" HPOS="128" VPOS="323" WIDTH="35" HEIGHT="13" WC="0.95" CONTENT="om"/><SP WIDTH="15" VPOS="323" HPOS="163"/>
							<String ID="string_28" HPOS="178" VPOS="315" WIDTH="62" HEIGHT="22" WC="0.93" CONTENT="deras"/><SP WIDTH="16" VPOS="315" HPOS="240"/>
							<String ID="string_29" HPOS="256" VPOS="315" WIDTH="109" HEIGHT="22" WC="0.92" CONTENT="aflåtande"/><SP WIDTH="16" VPOS="315" HPOS="365"/>
							<String ID="string_30" HPOS="381" VPOS="315" WIDTH="34" HEIGHT="21" WC="0.93" CONTENT="för"/><SP WIDTH="15" VPOS="315" HPOS="415"/>
							<String ID="string_31" HPOS="430" VPOS="315" WIDTH="132" HEIGHT="29" WC="0.91" CONTENT="krigsbehof."/>
						</TextLine>
					</TextBlock>
				</ComposedBlock>
				<ComposedBlock ID="cblock_2" HPOS="82" VPOS="376" WIDTH="756" HEIGHT="562">
					<TextBlock ID="block_2" HPOS="430" VPOS="376" WIDTH="63" HEIGHT="26">
						<TextLine ID="line_5" HPOS="430" VPOS="376" WIDTH="63" HEIGHT="26">
							<String ID="string_32" HPOS="430" VPOS="376" WIDTH="12" HEIGHT="26" WC="0.83" CONTENT="8"/><SP WIDTH="17" VPOS="376" HPOS="442"/>
							<String ID="string_33" HPOS="459" VPOS="376" WIDTH="34" HEIGHT="21" WC="0.95" CONTENT="23."/>
						</TextLine>
					</TextBlock>
					<TextBlock ID="block_3" HPOS="82" VPOS="416" WIDTH="756" HEIGHT="130">
						<TextLine ID="line_6" HPOS="154" VPOS="416" WIDTH="682" HEIGHT="29">
							<String ID="string_34" HPOS="154" VPOS="416" WIDTH="36" HEIGHT="22" WC="0.90" CONTENT="Dä"/><SP WIDTH="22" VPOS="416" HPOS="190"/>
							<String ID="string_35" HPOS="212" VPOS="416" WIDTH="118" HEIGHT="29" WC="0.90" CONTENT="befallning"/><SP WIDTH="21" VPOS="416" HPOS="330"/>
							<String ID="string_36" HPOS="351" VPOS="416" WIDTH="75" HEIGHT="29" WC="0.91" CONTENT="gifvits"/><SP WIDTH="25" VPOS="416" HPOS="426"/>
							<String ID="string_37" HPOS="451" VPOS="424" WIDTH="35" HEIGHT="14" WC="0.93" CONTENT="om"/><SP WIDTH="22" VPOS="424" HPOS="486"/>
							<String ID="string_38" HPOS="508" VPOS="417" WIDTH="84" HEIGHT="21" WC="0.91" CONTENT="hästars"/><SP WIDTH="16" VPOS="417" HPOS="592"/>
							<String ID="string_39" HPOS="608" VPOS="416" WIDTH="109" HEIGHT="22" WC="0.92" CONTENT="aflätande"/><SP WIDTH="17" VPOS="416" HPOS="717"/>
							<String ID="string_40" HPOS="734" VPOS="420" WIDTH="55" HEIGHT="20" WC="0.96" CONTENT="samt"/><SP WIDTH="15" VPOS="420" HPOS="789"/>
							<String ID="string_41" HPOS="804" VPOS="416" WIDTH="32" HEIGHT="22" WC="0.96" CONTENT="tid"/>
						</TextLine>
						<TextLine ID="line_7" HPOS="84" VPOS="452" WIDTH="754" HEIGHT="30">
							<String ID="string_42" HPOS="84" VPOS="452" WIDTH="40" HEIGHT="22" WC="0.96" CONTENT="och"/><SP WIDTH="19" VPOS="452" HPOS="124"/>
							<String ID="string_43" HPOS="143" VPOS="455" WIDTH="34" HEIGHT="19" WC="0.93" CONTENT="ort"/><SP WIDTH="17" VPOS="455" HPOS="177"/>
							<String ID="string_44" HPOS="194" VPOS="452" WIDTH="74" HEIGHT="22" WC="0.90" CONTENT="härför"/><SP WIDTH="14" VPOS="452" HPOS="268"/>
							<String ID="string_45" HPOS="282" VPOS="452" WIDTH="73" HEIGHT="22" WC="0.91" CONTENT="blifvit"/><SP WIDTH="16" VPOS="452" HPOS="355"/>
							<String ID="string_46" HPOS="371" VPOS="452" WIDTH="129" HEIGHT="22" WC="0.92" CONTENT="kommunen"/><SP WIDTH="18" VPOS="452" HPOS="500"/>
							<String ID="string_47" HPOS="518" VPOS="452" WIDTH="116" HEIGHT="30" WC="0.92" CONTENT="delgifven,"/><SP WIDTH="16" VPOS="452" HPOS="634"/>
							<String ID="string_48" HPOS="650" VPOS="460" WIDTH="50" HEIGHT="22" WC="0.92" CONTENT="eger"/><SP WIDTH="15" VPOS="460" HPOS="700"/>
							<String ID="string_49" HPOS="715" VPOS="453" WIDTH="123" HEIGHT="21" WC="0.92" CONTENT="densamma"/>
						</TextLine>
						<TextLine ID="line_8" HPOS="82" VPOS="488" WIDTH="754" HEIGHT="30">
							<String ID="string_50" HPOS="82" VPOS="488" WIDTH="34" HEIGHT="21" WC="0.89" CONTENT="till"/><SP WIDTH="16" VPOS="488" HPOS="116"/>
							<String ID="string_51" HPOS="132" VPOS="488" WIDTH="72" HEIGHT="28" WC="0.90" CONTENT="slutlig"/><SP WIDTH="19" VPOS="488" HPOS="204"/>
							<String ID="string_52" HPOS="223" VPOS="488" WIDTH="123" HEIGHT="29" WC="0.92" CONTENT="besigtning"/><SP WIDTH="19" VPOS="488" HPOS="346"/>
							<String ID="string_53" HPOS="365" VPOS="492" WIDTH="56" HEIGHT="18" WC="0.93" CONTENT="samt"/><SP WIDTH="15" VPOS="492" HPOS="421"/>
							<String ID="string_54" HPOS="436" VPOS="489" WIDTH="114" HEIGHT="29" WC="0.92" CONTENT="värdering"/><SP WIDTH="16" VPOS="489" HPOS="550"/>
							<String ID="string_55" HPOS="566" VPOS="488" WIDTH="86" HEIGHT="22" WC="0.92" CONTENT="inställa"/><SP WIDTH="16" VPOS="488" HPOS="652"/>
							<String ID="string_56" HPOS="668" VPOS="488" WIDTH="26" HEIGHT="22" WC="0.93" CONTENT="de"/><SP WIDTH="16" VPOS="488" HPOS="694"/>
							<String ID="string_57" HPOS="710" VPOS="489" WIDTH="59" HEIGHT="21" WC="0.93" CONTENT="förut"/><SP WIDTH="14" VPOS="489" HPOS="769"/>
							<String ID="string_58" HPOS="783" VPOS="488" WIDTH="53" HEIGHT="29" WC="0.91" CONTENT="god-"/>
						</TextLine>
						<TextLine ID="line_9" HPOS="83" VPOS="524" WIDTH="192" HEIGHT="22">
							<String ID="string_59" HPOS="83" VPOS="524" WIDTH="71" HEIGHT="21" WC="0.93" CONTENT="kända"/><SP WIDTH="15" VPOS="524" HPOS="154"/>
							<String ID="string_60" HPOS="169" VPOS="524" WIDTH="106" HEIGHT="22" WC="0.89" CONTENT="hästarne."/>
						</TextLine>
					</TextBlock>
					<TextBlock ID="block_4" HPOS="83" VPOS="560" WIDTH="752" HEIGHT="128">
						<TextLine ID="line_10" HPOS="154" VPOS="560" WIDTH="681" HEIGHT="29">
							<String ID="string_61" HPOS="154" VPOS="560" WIDTH="47" HEIGHT="21" WC="0.93" CONTENT="Der"/><SP WIDTH="14" VPOS="560" HPOS="201"/>
							<String ID="string_62" HPOS="215" VPOS="560" WIDTH="49" HEIGHT="21" WC="0.93" CONTENT="häst"/><SP WIDTH="16" VPOS="560" HPOS="264"/>
							<String ID="string_63" HPOS="280" VPOS="560" WIDTH="97" HEIGHT="21" WC="0.91" CONTENT="befinnes"/><SP WIDTH="16" VPOS="560" HPOS="377"/>
							<String ID="string_64" HPOS="393" VPOS="560" WIDTH="48" HEIGHT="22" WC="0.96" CONTENT="icke"/><SP WIDTH="13" VPOS="560" HPOS="441"/>
							<String ID="string_65" HPOS="454" VPOS="560" WIDTH="74" HEIGHT="22" WC="0.97" CONTENT="vidare"/><SP WIDTH="12" VPOS="560" HPOS="528"/>
							<String ID="string_66" HPOS="540" VPOS="568" WIDTH="51" HEIGHT="14" WC="0.96" CONTENT="vara"/><SP WIDTH="11" VPOS="568" HPOS="591"/>
							<String ID="string_67" HPOS="602" VPOS="560" WIDTH="34" HEIGHT="22" WC="0.93" CONTENT="för"/><SP WIDTH="10" VPOS="560" HPOS="636"/>
							<String ID="string_68" HPOS="646" VPOS="560" WIDTH="126" HEIGHT="29" WC="0.93" CONTENT="krigsbehof"/><SP WIDTH="10" VPOS="560" HPOS="772"/>
							<String ID="string_69" HPOS="782" VPOS="560" WIDTH="53" HEIGHT="28" WC="0.92" CONTENT="dug-"/>
						</TextLine>
						<TextLine ID="line_11" HPOS="83" VPOS="595" WIDTH="752" HEIGHT="29">
							<String ID="string_70" HPOS="83" VPOS="596" WIDTH="35" HEIGHT="28" WC="0.91" CONTENT="lig,"/><SP WIDTH="16" VPOS="596" HPOS="118"/>
							<String ID="string_71" HPOS="134" VPOS="596" WIDTH="55" HEIGHT="21" WC="0.96" CONTENT="skall"/><SP WIDTH="15" VPOS="596" HPOS="189"/>
							<String ID="string_72" HPOS="204" VPOS="596" WIDTH="102" HEIGHT="21" WC="0.93" CONTENT="kommun"/><SP WIDTH="15" VPOS="596" HPOS="306"/>
							<String ID="string_73" HPOS="321" VPOS="596" WIDTH="86" HEIGHT="22" WC="0.91" CONTENT="inställa"/><SP WIDTH="16" VPOS="596" HPOS="407"/>
							<String ID="string_74" HPOS="423" VPOS="604" WIDTH="70" HEIGHT="14" WC="0.93" CONTENT="annan"/><SP WIDTH="15" VPOS="604" HPOS="493"/>
							<String ID="string_75" HPOS="508" VPOS="596" WIDTH="55" HEIGHT="27" WC="0.91" CONTENT="häst,"/><SP WIDTH="16" VPOS="596" HPOS="563"/>
							<String ID="string_76" HPOS="579" VPOS="596" WIDTH="150" HEIGHT="22" WC="0.93" CONTENT="motsvarande"/><SP WIDTH="14" VPOS="596" HPOS="729"/>
							<String ID="string_77" HPOS="743" VPOS="595" WIDTH="92" HEIGHT="22" WC="0.92" CONTENT="fordrin-"/>
						</TextLine>
						<TextLine ID="line_12" HPOS="83" VPOS="631" WIDTH="742" HEIGHT="29">
							<String ID="string_78" HPOS="83" VPOS="639" WIDTH="65" HEIGHT="21" WC="0.93" CONTENT="garne"/><SP WIDTH="15" VPOS="639" HPOS="148"/>
							<String ID="string_79" HPOS="163" VPOS="632" WIDTH="59" HEIGHT="21" WC="0.96" CONTENT="inom"/><SP WIDTH="15" VPOS="632" HPOS="222"/>
							<String ID="string_80" HPOS="237" VPOS="631" WIDTH="41" HEIGHT="22" WC="0.93" CONTENT="den"/><SP WIDTH="19" VPOS="631" HPOS="278"/>
							<String ID="string_81" HPOS="297" VPOS="632" WIDTH="65" HEIGHT="26" WC="0.93" CONTENT="klass,"/><SP WIDTH="16" VPOS="632" HPOS="362"/>
							<String ID="string_82" HPOS="378" VPOS="632" WIDTH="32" HEIGHT="21" WC="0.93" CONTENT="till"/><SP WIDTH="17" VPOS="632" HPOS="410"/>
							<String ID="string_83" HPOS="427" VPOS="632" WIDTH="88" HEIGHT="22" WC="0.92" CONTENT="hvilken"/><SP WIDTH="17" VPOS="632" HPOS="515"/>
							<String ID="string_84" HPOS="532" VPOS="632" WIDTH="41" HEIGHT="22" WC="0.93" CONTENT="den"/><SP WIDTH="17" VPOS="632" HPOS="573"/>
							<String ID="string_85" HPOS="590" VPOS="632" WIDTH="101" HEIGHT="28" WC="0.92" CONTENT="odugliga"/><SP WIDTH="15" VPOS="632" HPOS="691"/>
							<String ID="string_86" HPOS="706" VPOS="632" WIDTH="75" HEIGHT="21" WC="0.93" CONTENT="hästen"/><SP WIDTH="17" VPOS="632" HPOS="781"/>
							<String ID="string_87" HPOS="798" VPOS="639" WIDTH="27" HEIGHT="15" WC="0.96" CONTENT="va"/>
						</TextLine>
						<TextLine ID="line_13" HPOS="84" VPOS="667" WIDTH="140" HEIGHT="21">
							<String ID="string_88" HPOS="84" VPOS="668" WIDTH="28" HEIGHT="20" WC="0.93" CONTENT="rit"/><SP WIDTH="15" VPOS="668" HPOS="112"/>
							<String ID="string_89" HPOS="127" VPOS="667" WIDTH="97" HEIGHT="21" WC="0.93" CONTENT="hänförd."/>
						</TextLine>
					</TextBlock>
					<TextBlock ID="block_5" HPOS="84" VPOS="702" WIDTH="752" HEIGHT="94">
						<TextLine ID="line_14" HPOS="154" VPOS="702" WIDTH="681" HEIGHT="30">
							<String ID="string_90" HPOS="154" VPOS="703" WIDTH="126" HEIGHT="21" WC="0.90" CONTENT="Uraktläter"/><SP WIDTH="20" VPOS="703" HPOS="280"/>
							<String ID="string_91" HPOS="300" VPOS="703" WIDTH="128" HEIGHT="22" WC="0.92" CONTENT="kommunen"/><SP WIDTH="25" VPOS="703" HPOS="428"/>
							<String ID="string_92" HPOS="453" VPOS="704" WIDTH="32" HEIGHT="20" WC="0.96" CONTENT="sin"/><SP WIDTH="24" VPOS="704" HPOS="485"/>
							<String ID="string_93" HPOS="509" VPOS="703" WIDTH="123" HEIGHT="29" WC="0.93" CONTENT="skyldighet"/><SP WIDTH="20" VPOS="703" HPOS="632"/>
							<String ID="string_94" HPOS="652" VPOS="703" WIDTH="134" HEIGHT="26" WC="0.92" CONTENT="härutinnan,"/><SP WIDTH="15" VPOS="703" HPOS="786"/>
							<String ID="string_95" HPOS="801" VPOS="702" WIDTH="34" HEIGHT="22" WC="0.96" CONTENT="mä"/>
						</TextLine>
						<TextLine ID="line_15" HPOS="84" VPOS="738" WIDTH="752" HEIGHT="30">
							<String ID="string_96" HPOS="84" VPOS="738" WIDTH="239" HEIGHT="30" WC="0.36" CONTENT="besigtningsnämuden"/><SP WIDTH="24" VPOS="738" HPOS="323"/>
							<String ID="string_97" HPOS="347" VPOS="739" WIDTH="28" HEIGHT="29" WC="0.96" CONTENT="pä"/><SP WIDTH="15" VPOS="739" HPOS="375"/>
							<String ID="string_98" HPOS="390" VPOS="739" WIDTH="141" HEIGHT="22" WC="0.93" CONTENT="kommunens"/><SP WIDTH="16" VPOS="739" HPOS="531"/>
							<String ID="string_99" HPOS="547" VPOS="739" WIDTH="121" HEIGHT="22" WC="0.96" CONTENT="bekostnad"/><SP WIDTH="16" VPOS="739" HPOS="668"/>
							<String ID="string_100" HPOS="684" VPOS="738" WIDTH="99" HEIGHT="22" WC="0.96" CONTENT="anskaffa"/><SP WIDTH="16" VPOS="738" HPOS="783"/>
							<String ID="string_101" HPOS="799" VPOS="738" WIDTH="37" HEIGHT="22" WC="0.95" CONTENT="det"/>
						</TextLine>
						<TextLine ID="line_16" HPOS="84" VPOS="774" WIDTH="210" HEIGHT="22">
							<String ID="string_102" HPOS="84" VPOS="774" WIDTH="110" HEIGHT="22" WC="0.89" CONTENT="bristande"/><SP WIDTH="16" VPOS="774" HPOS="194"/>
							<String ID="string_103" HPOS="210" VPOS="775" WIDTH="84" HEIGHT="21" WC="0.96" CONTENT="antalet."/>
						</TextLine>
					</TextBlock>
					<TextBlock ID="block_6" HPOS="429" VPOS="806" WIDTH="64" HEIGHT="26">
						<TextLine ID="line_17" HPOS="429" VPOS="806" WIDTH="64" HEIGHT="26">
							<String ID="string_104" HPOS="429" VPOS="806" WIDTH="12" HEIGHT="26" WC="0.92" CONTENT="8"/><SP WIDTH="17" VPOS="806" HPOS="441"/>
							<String ID="string_105" HPOS="458" VPOS="806" WIDTH="35" HEIGHT="20" WC="0.95" CONTENT="24."/>
						</TextLine>
					</TextBlock>
					<TextBlock ID="block_7" HPOS="84" VPOS="846" WIDTH="751" HEIGHT="92">
						<TextLine ID="line_18" HPOS="156" VPOS="846" WIDTH="679" HEIGHT="29">
							<String ID="string_106" HPOS="156" VPOS="846" WIDTH="67" HEIGHT="22" WC="0.92" CONTENT="Hvad"/><SP WIDTH="10" VPOS="846" HPOS="223"/>
							<String ID="string_107" HPOS="233" VPOS="846" WIDTH="13" HEIGHT="22" WC="0.91" CONTENT="&amp;"/><SP WIDTH="10" VPOS="846" HPOS="246"/>
							<String ID="string_108" HPOS="256" VPOS="846" WIDTH="101" HEIGHT="22" WC="0.96" CONTENT="kommun"/><SP WIDTH="12" VPOS="846" HPOS="357"/>
							<String ID="string_109" HPOS="369" VPOS="846" WIDTH="66" HEIGHT="29" WC="0.96" CONTENT="enligt"/><SP WIDTH="10" VPOS="846" HPOS="435"/>
							<String ID="string_110" HPOS="445" VPOS="846" WIDTH="71" HEIGHT="22" WC="0.96" CONTENT="denna"/><SP WIDTH="10" VPOS="846" HPOS="516"/>
							<String ID="string_111" HPOS="526" VPOS="847" WIDTH="35" HEIGHT="28" WC="0.93" CONTENT="lag"/><SP WIDTH="13" VPOS="847" HPOS="561"/>
							<String ID="string_112" HPOS="574" VPOS="846" WIDTH="124" HEIGHT="22" WC="0.92" CONTENT="ankommer"/><SP WIDTH="10" VPOS="846" HPOS="698"/>
							<String ID="string_113" HPOS="708" VPOS="846" WIDTH="127" HEIGHT="22" WC="0.92" CONTENT="verkställes"/>
						</TextLine>
						<TextLine ID="line_19" HPOS="84" VPOS="882" WIDTH="751" HEIGHT="29">
							<String ID="string_114" HPOS="84" VPOS="888" WIDTH="76" HEIGHT="22" WC="0.96" CONTENT="genom"/><SP WIDTH="21" VPOS="888" HPOS="160"/>
							<String ID="string_115" HPOS="181" VPOS="882" WIDTH="159" HEIGHT="22" WC="0.93" CONTENT="vederbörande"/><SP WIDTH="21" VPOS="882" HPOS="340"/>
							<String ID="string_116" HPOS="361" VPOS="883" WIDTH="118" HEIGHT="28" WC="0.88" CONTENT="magistrat,"/><SP WIDTH="21" VPOS="883" HPOS="479"/>
							<String ID="string_117" HPOS="500" VPOS="882" WIDTH="146" HEIGHT="29" WC="0.92" CONTENT="ordningsrätt"/><SP WIDTH="20" VPOS="882" HPOS="646"/>
							<String ID="string_118" HPOS="666" VPOS="882" WIDTH="52" HEIGHT="22" WC="0.93" CONTENT="eller"/><SP WIDTH="21" VPOS="882" HPOS="718"/>
							<String ID="string_119" HPOS="739" VPOS="882" WIDTH="96" HEIGHT="21" WC="0.90" CONTENT="kommu-"/>
						</TextLine>
						<TextLine ID="line_20" HPOS="85" VPOS="917" WIDTH="105" HEIGHT="21">
							<String ID="string_120" HPOS="85" VPOS="917" WIDTH="105" HEIGHT="21" WC="0.91" CONTENT="nalnämd."/>
						</TextLine>
					</TextBlock>
				</ComposedBlock>
				<ComposedBlock ID="cblock_3" HPOS="154" VPOS="978" WIDTH="607" HEIGHT="111">
					<TextBlock ID="block_8" HPOS="154" VPOS="978" WIDTH="607" HEIGHT="111">
						<TextLine ID="line_21" HPOS="411" VPOS="978" WIDTH="104" HEIGHT="18">
							<String ID="string_121" HPOS="411" VPOS="978" WIDTH="57" HEIGHT="18" WC="0.95" CONTENT="KAP."/><SP WIDTH="14" VPOS="978" HPOS="468"/>
							<String ID="string_122" HPOS="482" VPOS="979" WIDTH="33" HEIGHT="17" WC="0.73" CONTENT="VL."/>
						</TextLine>
						<TextLine ID="line_22" HPOS="154" VPOS="1012" WIDTH="607" HEIGHT="32">
							<String ID="string_123" HPOS="154" VPOS="1012" WIDTH="36" HEIGHT="23" WC="0.93" CONTENT="Om"/><SP WIDTH="14" VPOS="1012" HPOS="190"/>
							<String ID="string_124" HPOS="204" VPOS="1012" WIDTH="84" HEIGHT="24" WC="0.93" CONTENT="hästars"/><SP WIDTH="16" VPOS="1012" HPOS="288"/>
							<String ID="string_125" HPOS="304" VPOS="1013" WIDTH="132" HEIGHT="30" WC="0.57" CONTENT="besigtning,"/><SP WIDTH="17" VPOS="1013" HPOS="436"/>
							<String ID="string_126" HPOS="453" VPOS="1014" WIDTH="119" HEIGHT="30" WC="0.96" CONTENT="värdering"/><SP WIDTH="20" VPOS="1014" HPOS="572"/>
							<String ID="string_127" HPOS="592" VPOS="1015" WIDTH="38" HEIGHT="23" WC="0.93" CONTENT="och"/><SP WIDTH="15" VPOS="1015" HPOS="630"/>
							<String ID="string_128" HPOS="645" VPOS="1014" WIDTH="116" HEIGHT="24" WC="0.58" CONTENT="aflätande."/>
						</TextLine>
						<TextLine ID="line_23" HPOS="428" VPOS="1063" WIDTH="64" HEIGHT="26">
							<String ID="string_129" HPOS="428" VPOS="1063" WIDTH="12" HEIGHT="26" WC="0.75" CONTENT="8"/><SP WIDTH="17" VPOS="1063" HPOS="440"/>
							<String ID="string_130" HPOS="457" VPOS="1063" WIDTH="35" HEIGHT="20" WC="0.95" CONTENT="25."/>
						</TextLine>
					</TextBlock>
				</ComposedBlock>
				<ComposedBlock ID="cblock_4" HPOS="80" VPOS="1101" WIDTH="757" HEIGHT="384">
					<TextBlock ID="block_9" HPOS="82" VPOS="1101" WIDTH="755" HEIGHT="101">
						<TextLine ID="line_24" HPOS="154" VPOS="1101" WIDTH="683" HEIGHT="38">
							<String ID="string_131" HPOS="154" VPOS="1101" WIDTH="73" HEIGHT="26" WC="0.89" CONTENT="Hvart"/><SP WIDTH="19" VPOS="1101" HPOS="227"/>
							<String ID="string_132" HPOS="246" VPOS="1103" WIDTH="62" HEIGHT="27" WC="0.89" CONTENT="sjette"/><SP WIDTH="20" VPOS="1103" HPOS="308"/>
							<String ID="string_133" HPOS="328" VPOS="1102" WIDTH="25" HEIGHT="22" WC="0.92" CONTENT="är"/><SP WIDTH="22" VPOS="1102" HPOS="353"/>
							<String ID="string_134" HPOS="375" VPOS="1103" WIDTH="52" HEIGHT="21" WC="0.93" CONTENT="eller"/><SP WIDTH="14" VPOS="1103" HPOS="427"/>
							<String ID="string_135" HPOS="441" VPOS="1103" WIDTH="77" HEIGHT="27" WC="0.93" CONTENT="oftare,"/><SP WIDTH="16" VPOS="1103" HPOS="518"/>
							<String ID="string_136" HPOS="534" VPOS="1111" WIDTH="35" HEIGHT="14" WC="0.93" CONTENT="om"/><SP WIDTH="16" VPOS="1111" HPOS="569"/>
							<String ID="string_137" HPOS="585" VPOS="1104" WIDTH="78" HEIGHT="22" WC="0.91" CONTENT="sädant"/><SP WIDTH="15" VPOS="1104" HPOS="663"/>
							<String ID="string_138" HPOS="678" VPOS="1113" WIDTH="62" HEIGHT="14" WC="0.96" CONTENT="anses"/><SP WIDTH="16" VPOS="1113" HPOS="740"/>
							<String ID="string_139" HPOS="756" VPOS="1101" WIDTH="81" HEIGHT="38" WC="0.87" CONTENT="nödigt,"/>
						</TextLine>
						<TextLine ID="line_25" HPOS="82" VPOS="1137" WIDTH="755" HEIGHT="34">
							<String ID="string_140" HPOS="82" VPOS="1137" WIDTH="128" HEIGHT="22" WC="0.92" CONTENT="verkställer"/><SP WIDTH="14" VPOS="1137" HPOS="210"/>
							<String ID="string_141" HPOS="224" VPOS="1137" WIDTH="241" HEIGHT="30" WC="0.92" CONTENT="besigtningsnämnden"/><SP WIDTH="16" VPOS="1137" HPOS="465"/>
							<String ID="string_142" HPOS="481" VPOS="1140" WIDTH="60" HEIGHT="21" WC="0.93" CONTENT="inom"/><SP WIDTH="16" VPOS="1140" HPOS="541"/>
							<String ID="string_143" HPOS="557" VPOS="1140" WIDTH="74" HEIGHT="29" WC="0.91" CONTENT="hvarje"/><SP WIDTH="12" VPOS="1140" HPOS="631"/>
							<String ID="string_144" HPOS="643" VPOS="1141" WIDTH="101" HEIGHT="22" WC="0.93" CONTENT="kommun"/><SP WIDTH="12" VPOS="1141" HPOS="744"/>
							<String ID="string_145" HPOS="756" VPOS="1141" WIDTH="81" HEIGHT="30" WC="0.91" CONTENT="besigt-"/>
						</TextLine>
						<TextLine ID="line_26" HPOS="82" VPOS="1173" WIDTH="594" HEIGHT="29">
							<String ID="string_146" HPOS="82" VPOS="1174" WIDTH="52" HEIGHT="27" WC="0.96" CONTENT="ning"/><SP WIDTH="15" VPOS="1174" HPOS="134"/>
							<String ID="string_147" HPOS="149" VPOS="1173" WIDTH="23" HEIGHT="21" WC="0.96" CONTENT="af"/><SP WIDTH="15" VPOS="1173" HPOS="172"/>
							<String ID="string_148" HPOS="187" VPOS="1173" WIDTH="98" HEIGHT="29" WC="0.96" CONTENT="samtliga"/><SP WIDTH="15" VPOS="1173" HPOS="285"/>
							<String ID="string_149" HPOS="300" VPOS="1173" WIDTH="13" HEIGHT="22" WC="0.93" CONTENT="3"/><SP WIDTH="15" VPOS="1173" HPOS="313"/>
							<String ID="string_150" HPOS="328" VPOS="1174" WIDTH="124" HEIGHT="22" WC="0.92" CONTENT="densamma"/><SP WIDTH="15" VPOS="1174" HPOS="452"/>
							<String ID="string_151" HPOS="467" VPOS="1175" WIDTH="111" HEIGHT="22" WC="0.91" CONTENT="fördelade"/><SP WIDTH="16" VPOS="1175" HPOS="578"/>
							<String ID="string_152" HPOS="594" VPOS="1176" WIDTH="82" HEIGHT="22" WC="0.92" CONTENT="hästar."/>
						</TextLine>
					</TextBlock>
					<TextBlock ID="block_10" HPOS="82" VPOS="1209" WIDTH="754" HEIGHT="93">
						<TextLine ID="line_27" HPOS="154" VPOS="1209" WIDTH="682" HEIGHT="33">
							<String ID="string_153" HPOS="154" VPOS="1209" WIDTH="43" HEIGHT="21" WC="0.93" CONTENT="För"/><SP WIDTH="21" VPOS="1209" HPOS="197"/>
							<String ID="string_154" HPOS="218" VPOS="1209" WIDTH="74" HEIGHT="28" WC="0.93" CONTENT="hvarje"/><SP WIDTH="22" VPOS="1209" HPOS="292"/>
							<String ID="string_155" HPOS="314" VPOS="1209" WIDTH="102" HEIGHT="28" WC="0.92" CONTENT="godkänd"/><SP WIDTH="19" VPOS="1209" HPOS="416"/>
							<String ID="string_156" HPOS="435" VPOS="1211" WIDTH="50" HEIGHT="21" WC="0.92" CONTENT="häst"/><SP WIDTH="15" VPOS="1211" HPOS="485"/>
							<String ID="string_157" HPOS="500" VPOS="1211" WIDTH="98" HEIGHT="22" WC="0.92" CONTENT="utfärdas"/><SP WIDTH="16" VPOS="1211" HPOS="598"/>
							<String ID="string_158" HPOS="614" VPOS="1213" WIDTH="33" HEIGHT="20" WC="0.93" CONTENT="till"/><SP WIDTH="16" VPOS="1213" HPOS="647"/>
							<String ID="string_159" HPOS="663" VPOS="1220" WIDTH="77" HEIGHT="21" WC="0.93" CONTENT="egaren"/><SP WIDTH="15" VPOS="1220" HPOS="740"/>
							<String ID="string_160" HPOS="755" VPOS="1213" WIDTH="81" HEIGHT="29" WC="0.90" CONTENT="besigt-"/>
						</TextLine>
						<TextLine ID="line_28" HPOS="82" VPOS="1245" WIDTH="753" HEIGHT="30">
							<String ID="string_161" HPOS="82" VPOS="1245" WIDTH="130" HEIGHT="28" WC="0.93" CONTENT="ningsbevis,"/><SP WIDTH="16" VPOS="1245" HPOS="212"/>
							<String ID="string_162" HPOS="228" VPOS="1245" WIDTH="103" HEIGHT="22" WC="0.90" CONTENT="affattadt"/><SP WIDTH="16" VPOS="1245" HPOS="331"/>
							<String ID="string_163" HPOS="347" VPOS="1246" WIDTH="66" HEIGHT="29" WC="0.93" CONTENT="enligt"/><SP WIDTH="15" VPOS="1246" HPOS="413"/>
							<String ID="string_164" HPOS="428" VPOS="1246" WIDTH="58" HEIGHT="22" WC="0.92" CONTENT="hvad"/><SP WIDTH="11" VPOS="1246" HPOS="486"/>
							<String ID="string_165" HPOS="497" VPOS="1247" WIDTH="73" HEIGHT="22" WC="0.93" CONTENT="derom"/><SP WIDTH="12" VPOS="1247" HPOS="570"/>
							<String ID="string_166" HPOS="582" VPOS="1248" WIDTH="102" HEIGHT="23" WC="0.91" CONTENT="särskildt"/><SP WIDTH="11" VPOS="1248" HPOS="684"/>
							<String ID="string_167" HPOS="695" VPOS="1249" WIDTH="76" HEIGHT="22" WC="0.93" CONTENT="varder"/><SP WIDTH="10" VPOS="1249" HPOS="771"/>
							<String ID="string_168" HPOS="781" VPOS="1249" WIDTH="54" HEIGHT="22" WC="0.93" CONTENT="före-"/>
						</TextLine>
						<TextLine ID="line_29" HPOS="82" VPOS="1280" WIDTH="98" HEIGHT="22">
							<String ID="string_169" HPOS="82" VPOS="1280" WIDTH="98" HEIGHT="22" WC="0.90" CONTENT="skrifvet."/>
						</TextLine>
					</TextBlock>
					<TextBlock ID="block_11" HPOS="425" VPOS="1313" WIDTH="64" HEIGHT="26">
						<TextLine ID="line_30" HPOS="425" VPOS="1313" WIDTH="64" HEIGHT="26">
							<String ID="string_170" HPOS="425" VPOS="1313" WIDTH="12" HEIGHT="26" WC="0.82" CONTENT="8"/><SP WIDTH="17" VPOS="1313" HPOS="437"/>
							<String ID="string_171" HPOS="454" VPOS="1313" WIDTH="35" HEIGHT="20" WC="0.96" CONTENT="26."/>
						</TextLine>
					</TextBlock>
					<TextBlock ID="block_12" HPOS="80" VPOS="1351" WIDTH="753" HEIGHT="99">
						<TextLine ID="line_31" HPOS="152" VPOS="1351" WIDTH="681" HEIGHT="32">
							<String ID="string_172" HPOS="152" VPOS="1351" WIDTH="36" HEIGHT="22" WC="0.91" CONTENT="Dä"/><SP WIDTH="15" VPOS="1351" HPOS="188"/>
							<String ID="string_173" HPOS="203" VPOS="1352" WIDTH="118" HEIGHT="29" WC="0.91" CONTENT="befallning"/><SP WIDTH="15" VPOS="1352" HPOS="321"/>
							<String ID="string_174" HPOS="336" VPOS="1360" WIDTH="35" HEIGHT="14" WC="0.93" CONTENT="om"/><SP WIDTH="16" VPOS="1360" HPOS="371"/>
							<String ID="string_175" HPOS="387" VPOS="1353" WIDTH="111" HEIGHT="22" WC="0.92" CONTENT="hästarnes"/><SP WIDTH="16" VPOS="1353" HPOS="498"/>
							<String ID="string_176" HPOS="514" VPOS="1354" WIDTH="109" HEIGHT="23" WC="0.92" CONTENT="aflätande"/><SP WIDTH="15" VPOS="1354" HPOS="623"/>
							<String ID="string_177" HPOS="638" VPOS="1355" WIDTH="125" HEIGHT="28" WC="0.92" CONTENT="meddelats,"/><SP WIDTH="14" VPOS="1355" HPOS="763"/>
							<String ID="string_178" HPOS="777" VPOS="1355" WIDTH="56" HEIGHT="22" WC="0.96" CONTENT="skall"/>
						</TextLine>
						<TextLine ID="line_32" HPOS="80" VPOS="1387" WIDTH="751" HEIGHT="32">
							<String ID="string_179" HPOS="80" VPOS="1387" WIDTH="225" HEIGHT="29" WC="0.91" CONTENT="besigtningsnämden"/><SP WIDTH="22" VPOS="1387" HPOS="305"/>
							<String ID="string_180" HPOS="327" VPOS="1388" WIDTH="28" HEIGHT="29" WC="0.93" CONTENT="pä"/><SP WIDTH="19" VPOS="1388" HPOS="355"/>
							<String ID="string_181" HPOS="374" VPOS="1391" WIDTH="69" HEIGHT="20" WC="0.92" CONTENT="utsatt"/><SP WIDTH="19" VPOS="1391" HPOS="443"/>
							<String ID="string_182" HPOS="462" VPOS="1389" WIDTH="33" HEIGHT="22" WC="0.93" CONTENT="tid"/><SP WIDTH="21" VPOS="1389" HPOS="495"/>
							<String ID="string_183" HPOS="516" VPOS="1391" WIDTH="157" HEIGHT="22" WC="0.92" CONTENT="sammanträda"/><SP WIDTH="20" VPOS="1391" HPOS="673"/>
							<String ID="string_184" HPOS="693" VPOS="1391" WIDTH="12" HEIGHT="22" WC="0.92" CONTENT="&amp;"/><SP WIDTH="16" VPOS="1391" HPOS="705"/>
							<String ID="string_185" HPOS="721" VPOS="1391" WIDTH="26" HEIGHT="22" WC="0.96" CONTENT="de"/><SP WIDTH="17" VPOS="1391" HPOS="747"/>
							<String ID="string_186" HPOS="764" VPOS="1391" WIDTH="67" HEIGHT="28" WC="0.96" CONTENT="enligt"/>
						</TextLine>
						<TextLine ID="line_33" HPOS="82" VPOS="1422" WIDTH="267" HEIGHT="28">
							<String ID="string_187" HPOS="82" VPOS="1423" WIDTH="12" HEIGHT="27" WC="0.92" CONTENT="8"/><SP WIDTH="16" VPOS="1423" HPOS="94"/>
							<String ID="string_188" HPOS="110" VPOS="1424" WIDTH="14" HEIGHT="20" WC="0.93" CONTENT="4"/><SP WIDTH="15" VPOS="1424" HPOS="124"/>
							<String ID="string_189" HPOS="139" VPOS="1422" WIDTH="113" HEIGHT="23" WC="0.92" CONTENT="bestämda"/><SP WIDTH="15" VPOS="1422" HPOS="252"/>
							<String ID="string_190" HPOS="267" VPOS="1424" WIDTH="82" HEIGHT="21" WC="0.92" CONTENT="ställen."/>
						</TextLine>
					</TextBlock>
					<TextBlock ID="block_13" HPOS="152" VPOS="1465" WIDTH="442" HEIGHT="20">
						<TextLine ID="line_34" HPOS="152" VPOS="1465" WIDTH="442" HEIGHT="20">
							<String ID="string_191" HPOS="152" VPOS="1465" WIDTH="208" HEIGHT="19" WC="0.90" CONTENT="Ekonomiutskottets"/><SP WIDTH="13" VPOS="1465" HPOS="360"/>
							<String ID="string_192" HPOS="373" VPOS="1466" WIDTH="128" HEIGHT="19" WC="0.96" CONTENT="betänkande"/><SP WIDTH="13" VPOS="1466" HPOS="501"/>
							<String ID="string_193" HPOS="514" VPOS="1467" WIDTH="38" HEIGHT="18" WC="0.96" CONTENT="N:o"/><SP WIDTH="13" VPOS="1467" HPOS="552"/>
							<String ID="string_194" HPOS="565" VPOS="1467" WIDTH="29" HEIGHT="18" WC="0.96" CONTENT="15."/>
						</TextLine>
					</TextBlock>
				</ComposedBlock>
			</PrintSpace>
		</Page>
	</Layout>
</alto>
