1039 1656
288 144 83 23 Ständ.
389 144 39 23 Sv.
445 158 28 2 —
487 145 76 28 Prop.
579 145 43 23 N:o
638 145 39 23 23.
748 154 2 2 a
845 146 25 20 21

115 212 140 22 tillträdaren
277 214 61 20 visar
358 216 32 18 att
412 214 103 26 samtlige
537 214 108 26 sakegare
669 214 23 20 ät
710 214 162 26 utstakningen

115 247 67 27 nöjts.

458 294 27 20 22
508 294 18 26 8.

184 344 66 21 Hvad
267 344 6 20 i
291 346 31 25 19,
338 346 28 19 20
379 345 44 21 och
436 346 24 19 21
477 345 26 27 $$
515 346 25 19 är
551 345 105 27 stadgadt
667 346 58 20 skall
737 346 43 20 ock
790 346 82 20 tilläm-

114 385 42 21 pas
171 378 7 20 i
197 378 62 27 fräga
276 386 37 14 om
329 379 168 27 inskränkning
513 379 7 20 i
536 379 159 27 begagnandet
710 380 25 20 af
748 380 43 20 fast
808 385 64 21 egen-

114 412 62 27 dom,
201 412 61 21 dock
286 415 38 24 att,
350 413 41 20 där
414 413 83 20 sakens
520 413 158 21 beskaffenhet
701 413 37 22 det
761 414 110 27 päkallar,

114 446 207 27 distriktsingeniör
333 447 39 20 mä
384 447 121 21 förordnas
519 450 32 18 att
561 448 124 21 verkställa
698 448 173 26 utstakningen
860 442 15 36 ;

115 481 43 20 och
182 481 56 21 böra
264 481 136 27 sakegarene
426 482 145 21 underrättas
597 489 39 14 om
661 482 210 27 inskränkningens

113 515 159 21 beskaffenhet
293 518 59 19 samt
374 518 32 19 att
428 516 27 21 de
477 517 106 21 däröfver
603 522 40 21 ega
665 523 89 14 samma
776 518 43 19 rätt
837 517 34 20 till

115 549 155 27 anmärkning
285 557 50 14 som
350 551 141 20 beträffande
508 551 109 21 omrädet.

457 625 27 20 23
507 625 18 26 8.

183 674 48 21 Har
251 675 38 20 det
310 675 100 26 omräde,
430 682 50 14 som
497 675 59 21 skall
572 675 152 22 underkastas
740 675 132 28 expropria-

113 708 55 27 tion,
184 709 50 20 icke
250 709 60 20 förut
325 709 116 26 bestämts,
458 709 139 21 öfverlemne
608 711 142 25 guvernören
762 710 22 21 ät
794 709 77 22 veder-

113 743 101 20 börande
231 743 133 27 myndighet
380 746 37 23 att,
434 743 41 21 där
488 743 82 21 sädant
581 743 18 28 ej
614 744 70 20 redan
696 744 64 27 skett,
771 744 99 26 granska

113 777 115 21 huruvida
244 777 37 20 det
296 777 85 21 äskade
394 778 104 21 omrädet
508 779 26 20 är
544 778 35 21 för
590 778 108 27 företaget
708 778 63 21 öfver
780 778 90 21 hufvud

114 811 104 27 lämpligt
240 812 44 20 och
309 811 19 28 ej
354 812 131 27 öfverstiger
507 812 62 21 hvad
594 813 35 20 för
651 813 130 20 ändamälet
804 813 66 26 högst

114 845 46 20 kan
182 852 68 15 anses
270 846 84 27 nödigt.
385 846 85 21 Finnes
492 847 19 26 ej
528 847 76 20 därtill
619 847 94 26 behörig
729 846 141 28 myndighet,

113 879 125 22 ankomme
254 881 170 26 granskningen
440 881 13 20 ä
468 883 149 24 guvernören.

183 914 139 21 Föranleder
336 914 171 27 granskningen
518 915 34 21 till
565 915 160 27 anmärkning,
737 915 133 21 föreskrifve

112 949 142 24 guvernören
270 948 67 21 däraf
350 949 108 27 päkallad
469 950 96 20 rättelse.
593 945 69 25 Öfver
673 950 72 20 sädan
756 949 114 21 föreskrift

113 987 39 21 ege
168 982 113 21 särskilda
296 983 82 21 besvär
394 983 17 27 ej
428 990 58 14 rum.

454 1058 28 20 24
504 1058 19 26 8.

180 1097 44 25 Äro
248 1102 114 22 omrädets
378 1104 92 25 gränser
486 1103 53 21 med
554 1103 95 21 hänsikt
663 1103 34 21 till
713 1102 156 28 stadgandena

111 1135 8 20 i
142 1136 84 20 20—23
250 1137 26 27 $$
300 1137 114 27 ostridiga,
437 1138 44 20 och
503 1138 42 20 har
567 1138 141 20 tillirädaren
725 1137 53 21 med
794 1136 77 22 veder-

111 1169 102 21 börande
234 1172 121 26 rättsegare
376 1172 205 20 öfverenskommit
602 1179 38 13 om
661 1172 107 27 beloppet
786 1171 26 20 af
824 1171 44 21 den

111 1204 87 20 enhvar
219 1204 176 22 tillkommande
415 1206 132 26 ersättning,
562 1206 101 21 inlemne
678 1206 141 20 tillträdaren
835 1205 34 21 till

111 1240 142 24 guvernören
275 1239 45 21 den
341 1239 81 21 därom
438 1240 137 26 upprättade
591 1240 112 26 handling
715 1240 72 27 jämte
802 1239 67 21 afträ-

111 1271 75 21 dande
204 1272 132 27 jordegares
354 1274 111 26 skriftliga
481 1274 121 20 försäkran
618 1276 33 18 att
665 1274 71 20 andre
752 1275 30 19 än
798 1273 71 21 redan

111 1306 109 27 uppgifne
235 1307 149 21 innehafvare
400 1308 25 20 af
432 1308 165 27 nyttjanderätt
607 1308 54 21 eller
671 1308 95 21 därmed
776 1307 93 21 likstäld

111 1340 105 26 rättighet
232 1341 49 21 icke
297 1342 85 25 finnas;
398 1342 87 26 bilägge
502 1342 43 21 ock
561 1342 63 21 bevis
637 1342 26 21 af
675 1342 59 27 dem,
745 1342 34 20 till
790 1341 79 21 hvilka

111 1374 142 27 fastigheten,
269 1376 30 26 pä
314 1376 74 26 grund
404 1376 26 20 af
442 1376 133 27 inteckning
590 1377 55 20 eller
660 1376 157 27 stadgandena
830 1382 38 14 om

111 1408 98 26 ogulden
233 1409 166 27 köpeskillings
422 1411 49 25 rätt,
495 1410 76 21 häftar
594 1411 35 20 för
651 1410 93 21 fordran
765 1409 54 21 eller
834 1409 35 20 för

111 1443 44 20 rätt
170 1444 32 19 att
217 1443 105 27 uppbära
337 1443 106 21 bestämd
458 1444 103 21 afkomst
571 1444 8 21 i
590 1444 127 27 penningar
728 1444 54 21 eller
794 1449 75 20 varor,
