1023 1659
280 142 84 23 Ständ.
382 142 39 23 Sv.
438 156 26 3 —
480 143 75 28 Prop.
571 143 43 23 N:o
630 143 39 23 29.
826 143 26 21 13

163 212 11 20 I
190 211 40 21 den
243 212 92 26 ordning
347 212 101 21 hästarna
457 211 48 22 från
517 212 26 21 de
553 212 56 20 olika
618 212 232 27 lottningsomrädenas

95 246 183 27 samlingsplatser
293 246 32 21 till
337 245 215 28 utskrifningsstället
563 246 98 26 anlända,
674 246 54 22 skall
738 246 113 25 nämnden,

94 280 54 22 efter
162 280 123 28 ytterligare
297 280 108 22 verkstäld
415 280 129 27 besiktning,
554 280 7 21 i
572 282 91 20 närvaro
675 280 23 22 af
707 280 142 22 ordföranden

94 315 7 21 i
123 315 241 27 besiktningsnämnden
383 314 40 22 och
439 315 40 21 den
495 315 165 27 militärperson,
677 321 46 15 som
739 315 112 21 beordrats

94 351 32 19 att
148 351 107 25 emottaga
276 349 107 26 hästarna,
404 349 106 21 utskrifva
528 349 36 21 det
579 348 33 22 för
627 349 98 21 området
740 349 110 21 bestämda

94 384 80 20 antalet
196 383 78 26 hästar,
296 383 49 21 med
367 383 136 27 iakttagande
526 383 23 21 af
569 383 41 21 den
629 383 8 21 i
652 384 27 20 28
695 384 12 27 8
721 382 128 23 föreskrifna

96 418 162 26 ordningsföljd.

443 470 26 20 31
486 469 18 28 &.

163 505 32 25 Är
218 508 118 22 utskrifven
357 509 49 21 häst
429 509 17 27 ej
471 509 69 22 skodd
562 509 51 21 eller
633 509 46 21 icke
699 508 87 22 försedd
802 508 48 21 med

96 543 90 27 grimma
201 543 39 21 och
256 543 116 27 grimskaft,
388 550 50 14 vare
454 550 63 21 egare
532 544 77 27 pliktig
624 545 31 19 att
667 543 118 21 vidkännas
798 544 54 20 mot-

96 578 104 21 svarande
222 578 73 27 afdrag
315 578 47 21 frän
381 578 36 21 det
434 578 80 22 honom
532 578 161 21 tillkommande
709 578 141 26 ersättnings-

95 612 78 27 belopp
189 612 67 28 enligt
270 612 23 21 af
307 612 91 22 Senaten
414 612 72 22 därför
501 612 100 22 faststäld
616 614 54 20 taxa.

446 682 28 21 32
490 681 16 28 8.

165 721 10 21 I
198 721 100 22 händelse
321 722 64 21 bland
407 722 26 21 de
451 721 47 21 frän
517 723 31 19 ett
562 721 194 27 lottningsomräde
772 720 31 22 till
819 722 33 19 ut-

96 755 179 27 skrifningsställe
297 756 91 21 anlända
410 756 101 21 hästarna
533 756 22 21 af
577 756 70 26 nägon
669 756 58 20 klass
747 755 46 21 icke
811 754 41 22 kan

96 790 91 21 erhällas
203 790 36 21 det
253 790 62 26 antal,
331 797 47 15 som
394 790 66 27 enligt
475 790 148 27 fördelningen
638 790 39 21 bör
691 789 92 22 därifrän
797 789 56 27 utgä,

96 824 53 22 skall
170 824 82 22 bristen
269 824 61 28 fyllas
349 825 48 21 med
413 825 85 26 sådana,
515 831 46 15 som
577 825 66 27 enligt
658 824 141 22 lottsedlarna
814 825 37 20 äro

95 860 96 20 närmast
213 860 7 20 i
242 859 156 27 nummerfölja.
434 860 70 21 Dessa
518 860 73 20 hästar
607 859 65 26 skola,
688 859 27 27 pä
730 858 86 22 kallelse
832 858 22 21 af

95 893 197 27 polisbetjeningen,
315 893 22 22 af
357 900 91 21 egarene
470 894 131 21 oförtöfvadt
618 894 97 21 inställas
733 893 14 21 &
764 892 86 23 utskrif-

96 928 139 26 ningsstället.

163 962 118 27 Medgifver
300 963 17 27 ej
335 963 69 21 tidens
419 963 87 21 korthet
521 963 50 21 slikt
586 962 121 22 förfarande
723 962 50 21 eller
788 961 64 22 fram-

95 995 86 21 komma
201 996 26 21 de
249 997 135 21 rekvirerade
405 997 101 21 hästarna
527 997 46 21 icke
595 998 58 20 inom
677 998 67 20 utsatt
761 996 37 26 tid,
816 996 35 20 mä

96 1029 247 28 utskrifningsnämnden
365 1033 74 25 uttaga
460 1032 36 21 det
515 1031 139 27 erforderliga
669 1031 80 21 antalet
763 1030 47 21 frän
826 1030 26 21 de

95 1063 68 28 öfriga
184 1064 32 21 till
233 1065 196 27 uppbädsomrädet
444 1066 95 21 hörande
554 1066 226 26 lottningsomrädena,
796 1064 54 22 dock

95 1098 49 21 med
158 1098 135 28 iakttagande
309 1099 22 22 af
344 1102 32 19 att
391 1100 65 21 sådan
472 1100 228 27 fyllnadsutskrifning,
717 1100 69 21 sävidt
799 1098 53 28 möj-

95 1132 45 27 ligt,
155 1133 48 21 dem
219 1134 89 21 emellan
320 1134 71 27 jämnt
405 1134 99 21 fördelas.

444 1203 28 21 33
488 1203 17 27 8.

163 1242 99 22 Anlända
283 1242 33 22 för
337 1243 224 28 fyllnadsutskrifning
580 1243 87 22 afsedda
682 1244 73 20 hästar
770 1242 32 22 till
819 1245 33 19 ut-

96 1276 188 27 skrifningsstället
303 1277 53 21 efter
377 1278 40 21 den
436 1278 23 21 af
475 1278 250 27 utskrifningsnämnden
741 1277 111 21 bestämda

95 1310 64 26 tiden,
180 1317 49 15 men
247 1311 64 21 innan
327 1312 26 20 de
365 1312 79 25 hästar,
459 1312 72 21 hvilka
546 1312 7 21 i
569 1312 62 22 deras
647 1312 60 22 ställe
723 1312 46 21 frän
786 1312 67 20 andra

96 1344 101 22 områden
213 1345 125 27 utskrifvits,
354 1345 69 22 blifvit
434 1346 117 26 bortförda,
564 1346 80 27 åligger
655 1347 36 21 det
701 1345 151 27 utskrifnings-

95 1379 112 26 nämnden,
230 1381 31 19 att
283 1380 70 21 såvidt
368 1380 211 27 omständigheterna
595 1381 36 21 det
646 1380 113 28 medgifva,
775 1380 75 26 utbyta

96 1412 26 21 de
144 1412 22 22 af
187 1413 65 21 sådan
275 1414 64 21 orsak
354 1414 106 22 utskrifna
475 1414 102 22 hästarna
592 1417 45 19 mot
653 1417 30 19 ett
698 1414 152 22 motsvarande

96 1447 57 21 antal
167 1446 24 22 af
204 1448 26 20 de
245 1447 75 22 efteråt
335 1448 113 22 ankomna.
