1036 1659
181 143 12 19 2
400 140 28 22 U.
444 140 27 22 B.
488 153 25 3 —
530 141 72 27 Prop.
618 141 42 22 N:o
676 140 35 22 24.

182 209 77 22 artade
281 210 128 21 samhällens
427 210 146 27 organisation
589 210 39 21 och
643 209 133 27 förvaltning
792 210 56 20 samt
863 209 74 22 dessas

181 244 104 26 ställning
308 244 60 21 såväl
383 244 32 21 till
431 244 40 22 den
485 244 106 26 kommun,
608 244 33 21 till
656 243 89 23 hvilken
760 243 27 22 de
802 243 73 27 hörde,
891 249 44 16 som

181 278 40 21 ock
243 278 34 22 till
299 278 227 27 grannkommunerna,
550 278 66 22 hafva
638 278 122 22 Ständerna
778 278 7 21 i
800 278 137 27 underdänig

181 312 114 22 skrifvelse
318 312 25 22 af
362 313 40 21 den
425 315 26 19 29
474 313 44 27 Maj
536 314 56 20 1894
611 312 92 22 anhällit
717 318 32 16 om
765 312 69 21 sädan
850 312 86 27 ätgärd,

181 349 34 19 att
234 349 33 19 ett
285 347 118 27 lagförslag
418 354 32 14 om
466 347 109 22 ordnande
590 346 26 22 af
628 346 91 22 berörda
734 346 129 22 samhällens
878 347 58 21 kom-

181 382 86 21 munala
290 382 39 21 och
344 382 68 21 andra
426 381 149 23 förhållanden
590 381 72 23 blefve
676 381 128 22 utarbetadt
819 381 39 21 och
873 380 64 22 Stän-

182 416 67 21 derna
271 416 117 28 förelagdt;
411 416 38 22 och
471 418 24 20 är
517 416 37 22 det
573 416 8 22 i
600 416 117 27 anledning
736 415 70 27 häraf,
822 422 44 15 som
881 414 56 23 före-

181 450 96 22 varande
293 450 80 28 nädiga
388 450 130 28 proposition
533 450 73 22 blifvit
622 450 32 22 till
670 450 97 22 Ständen
783 450 152 26 öfverlemnad,

181 485 66 21 sedan
269 485 89 21 ärendet
380 485 136 22 derförinnan
539 485 73 22 blifvit
633 485 110 21 förberedt
760 484 25 22 af
803 491 26 15 en
844 484 92 22 särskild

180 519 81 21 komit&
286 519 45 25 ,för
353 520 141 22 utarbetande
510 520 24 21 af
546 519 122 28 lagförslag
683 519 32 22 till
732 519 109 22 ordnande
856 518 24 22 af
892 518 43 22 för-

181 554 85 21 städers
289 554 38 21 och
349 554 47 22 med
419 554 46 22 dem
480 554 108 22 likartade
604 554 127 22 samhällens
746 554 135 21 kommunala
897 554 38 21 och

181 588 68 21 andra
272 588 168 27 förhållanden",
463 591 56 19 samt
540 589 118 27 yttranden
673 588 60 22 öfver
749 588 35 21 det
804 588 24 21 af
841 588 94 22 komiten

180 623 122 27 uppgjorda
324 623 103 27 förslaget
447 624 97 27 afgifvits
563 623 25 22 af
600 623 100 27 samtlige
715 622 137 22 Guvernörer
867 622 7 22 i
889 622 46 22 lan-

181 657 36 21 det
232 658 40 21 och
288 657 25 21 de
329 658 127 27 kommuner,
472 658 85 22 hvilkas
572 658 96 21 hörande
683 657 99 22 bemälde
798 657 137 22 Guvernörer

181 693 72 20 ansett
268 692 81 27 nödigt.

248 864 33 21 De
303 864 116 21 samhällen
441 864 47 21 med
510 864 176 28 sammanträngd
708 864 132 27 befolkning,
863 870 43 14 som
925 863 8 21 i

179 898 160 27 propositionen
356 898 63 26 afses,
435 899 72 21 kunna
522 898 102 22 hänföras
639 899 33 21 till
687 898 49 28 fyra
750 898 183 28 hufvudgrupper.

179 931 43 22 Till
244 932 42 22 den
307 932 69 22 första
394 939 96 21 gruppen
506 933 52 21 höra
574 933 26 21 de
615 940 17 14 s.
647 934 21 21 k.
685 932 143 28 förstäderna,
845 932 18 22 d.
881 938 19 16 v.
915 938 18 15 s.

178 966 61 22 invid
253 966 52 22 eller
319 967 8 21 i
341 967 104 21 närheten
461 967 24 21 af
497 968 74 21 städer
586 968 113 21 tillkomna
714 967 125 22 samhällen.
863 967 70 21 Dessa

178 1000 120 22 förstäders
320 1001 131 22 innevänare
472 1003 96 26 utgöras,
584 1002 92 21 förutom
692 1002 187 27 bostadsegarene,
899 1000 34 22 till

177 1037 82 19 största
285 1036 61 21 delen
373 1036 25 21 af
423 1036 115 28 daglönare
565 1037 39 21 och
631 1037 68 21 andra
724 1036 83 22 sädana
832 1042 103 20 personer

178 1068 52 22 utan
253 1070 133 22 nämnvärda
407 1070 124 28 tillgångar,
555 1071 73 22 hvilka
644 1071 69 27 enligt
728 1070 75 28 regeln
818 1070 66 22 hafva
899 1070 34 21 sin

178 1104 210 22 arbetsverksamhet
410 1105 7 21 i
439 1105 143 27 närliggande
603 1105 55 22 stad.
689 1105 33 22 De
743 1104 65 22 festa
826 1104 108 22 förstäder

177 1138 61 27 ligga
253 1139 28 26 på
297 1138 98 22 enskilda
409 1146 101 20 personer
524 1140 97 27 tillhörig
636 1140 67 26 mark,
715 1145 47 15 men
773 1139 70 27 några
854 1138 78 28 (såsom

177 1174 15 19 t.
209 1179 32 15 ex.
258 1173 145 21 Hermanstad
418 1174 39 21 och
471 1174 95 27 Majstad
582 1174 60 22 invid
657 1173 145 27 Helsingfors)
817 1173 29 27 på
855 1172 77 22 staden

176 1206 99 28 tillhörig
287 1208 55 26 jord,
358 1214 26 15 en
400 1208 34 22 del
449 1209 48 21 åter
512 1211 36 19 äro
564 1208 93 28 belägna
672 1208 28 27 på
713 1208 96 21 kronans
823 1207 66 27 mark,
905 1214 27 15 en

177 1241 72 27 (näml.
265 1241 162 23 Pakanainmaa
441 1242 60 22 invid
516 1242 143 28 Björneborg)
670 1244 25 20 är
705 1242 93 27 belägen
808 1241 7 22 i
825 1242 38 22 två
875 1241 58 22 olika

175 1275 100 21 socknar.

245 1310 48 21 Den
315 1310 68 22 andra
404 1317 97 21 gruppen
519 1311 44 21 kan
578 1317 62 15 anses
656 1310 69 22 bildas
741 1310 46 22 dels
803 1309 24 22 af
840 1310 93 21 fabriks-

175 1344 119 21 samhällen
311 1344 19 22 d.
346 1346 20 20 ä.
381 1346 44 20 tätt
439 1345 114 21 befolkade
567 1345 124 25 samhällen,
708 1344 76 22 hvilka
798 1344 60 28 ligga
871 1344 61 22 invid

176 1378 52 21 eller
244 1378 91 22 omsluta
349 1381 70 19 större
433 1379 135 22 industriella
583 1379 166 27 anläggningar,
766 1378 46 22 dels
827 1378 24 22 af
860 1378 73 21 hamn-

175 1412 38 21 och
235 1412 178 28 lastageplatsers
435 1413 131 28 befolkning.
597 1414 77 21 Denna
696 1413 74 21 består
785 1413 90 21 likasom
890 1412 43 22 för-

243 1452 207 19 Kommunalutskottets
462 1454 110 18 betänkande
584 1453 34 18 N:o
632 1454 16 17 6.
