1031 1661
227 121 26 22 16
428 121 28 22 U.
471 121 28 22 B.
514 133 29 4 —
558 119 72 30 Prop.
646 122 41 22 N:o
701 122 38 22 26.

197 178 219 28 tjärtillvärkningens
438 179 148 22 förbättrande
609 181 25 20 är
656 178 109 23 .beroende
784 178 136 22 uteslutande
940 177 22 22 af

197 213 134 22 förbättrade
354 213 214 27 kommunikationer,
588 214 40 21 och
650 214 48 21 häri
717 214 63 21 sökes
799 213 32 22 till
851 213 40 21 och
912 212 48 22 med

198 249 31 20 ett
245 247 57 27 slags
313 247 49 22 stöd
374 247 34 22 för
416 247 167 28 jernvägslinien
603 245 245 31 Uleäborg—Nurmes—
857 247 103 22 Joensuu.

197 282 64 21 Klart
276 283 24 19 är
315 282 123 26 emellertid,
450 284 33 19 att
497 281 162 28 tjärindustrins
669 282 94 27 höjande
773 282 64 21 beror
847 282 48 21 icke
905 282 57 20 blott

198 316 27 27 pä
248 316 115 28 tidsenliga
385 316 215 26 kommunikationer,
616 319 51 19 utan
691 317 7 21 i
719 316 43 27 hög
779 316 54 27 grad
852 316 64 21 äfven
934 316 28 26 pä

198 350 133 22 konkurrens
346 350 39 22 och
402 350 32 22 till
448 350 53 28 följd
520 351 62 21 deraf
596 351 97 27 stegradt
707 351 51 27 pris.
788 350 33 21 En
837 350 125 27 tillräckligt

197 385 50 27 låvg
271 385 122 21 erfarenhet
414 385 57 21 visar
493 385 127 25 emellertid,
640 387 33 20 att
692 385 135 21 konkurrens
845 384 51 27 föga
918 384 42 21 kan

198 421 99 24 emotses,
313 419 24 21 så
351 419 61 27 länge
428 419 68 27 tjäran
513 419 38 27 går
566 420 77 21 endast.
659 419 34 22 till
708 419 114 27 Uleåborg.

267 453 102 22 Kommer
383 454 24 21 så
421 453 74 28 frågan
509 460 34 15 om
559 453 69 28 öfriga
644 453 185 28 skogsprodukter
845 453 39 22 och
899 453 62 22 deras

197 490 110 25 transport
321 489 60 26 längs
397 489 41 20 den
454 495 40 15 ena
510 488 53 21 eller
579 489 67 21 andra
662 489 73 27 linjen.
765 488 113 21 Utskottet
892 488 66 21 fram-

198 523 69 21 håller
289 523 48 22 med
359 523 39 21 allt
420 523 54 26 skäl,
493 525 32 19 att
548 523 115 21 nödvuxna
686 523 56 26 träd,
761 523 73 21 hvilka
854 522 32 21 till
906 523 55 20 stort

199 557 58 21 antal
273 557 133 22 förekomma
425 558 7 20 i
452 557 110 21 trakterna
580 557 24 21 af
618 557 123 27 Uleåträsk,
758 556 19 28 ej
793 556 74 22 kunna
881 556 79 22 flottas.

198 591 113 22 Utskottet
330 592 39 21 har
387 592 120 21 emellertid
526 592 74 27 glömt,
616 593 33 20 att
667 591 83 22 sådana
767 593 49 19 trän
836 591 72 21 kunna
924 597 36 15 an-

198 626 81 22 vändas
301 626 60 22 äfven
386 627 33 21 till
442 627 68 21 andra
528 626 100 22 ändamål
644 628 28 20 än
689 626 33 22 till
740 626 131 26 sågtimmer.
903 625 57 21 Mar-

198 660 65 22 tallar
291 661 71 27 'lämpa
387 661 32 27 sig
444 661 32 21 till
502 661 84 27 tjärved
611 661 40 21 och
677 660 134 28 förkrympta
825 666 78 21 granar
928 660 32 21 för

198 695 138 27 tillverkning
352 695 23 21 af
396 702 170 20 pappersmassa.
596 695 113 22 Utskottet
731 695 108 21 förmenar
862 694 46 27 ock,
929 696 32 20 att

198 730 133 26 träsliperier
344 724 89 37 .komma
453 732 32 19 att
504 729 102 27 uppstä:i
626 730 63 21 dessa
708 729 98 27 nordliga
829 729 89 27 bygder,
937 728 24 22 sä

199 766 60 19 snart
275 764 227 22 trafikförhällandena
518 764 134 21 förbättrats.
675 764 51 21 Men
742 765 32 20 att
789 763 172 27 träsliperiernas

198 798 138 27 tillverkning
351 798 141 28 ovilkorligen
508 798 70 22 skulle
593 798 53 22 söka
661 799 34 26 sig
709 798 34 22 till
759 798 110 26 Uleåborg
883 798 40 21 och
939 798 19 26 ej

199 832 32 21 till
248 832 72 22 Kotka
335 833 54 20 eller
403 832 88 27 Viborg,
507 832 109 22 törefaller
631 832 51 27 föga
698 832 80 27 troligt.
808 831 50 22 Som
873 831 87 27 bekant,

198 866 55 22 bära
267 873 177 21 pappersmassan
456 866 157 28 jemförelsevis
629 867 56 26 höga
701 866 182 22 fraktkostnader.
914 866 46 21 Och

198 901 112 21 enahanda
324 903 24 19 är
363 901 144 22 förhällandet
522 901 48 22 med
586 901 89 26 barken,
686 901 87 21 hvilken
789 901 67 26 enligt
871 900 88 22 Utskot-

198 937 42 20 tets
256 935 65 22 tanke
337 936 102 21 likaledes
456 936 84 21 komme
554 938 33 19 att
601 935 140 22 uteslutande
755 935 28 27 gä
799 935 30 21 till
846 935 114 27 Uleäborg.

197 969 58 22 Bark
275 972 157 25 transporteras
450 970 35 21 för
507 970 132 21 närvarande
658 970 47 21 från
725 969 96 27 aflägsna
839 971 58 19 orter
916 969 46 21 dels

197 1004 34 21 till
248 1004 114 28 Ule&borg,
378 1005 46 21 dels
439 1005 35 21 till
490 1005 113 27 Ryssland,
614 1004 41 22 och
665 1005 38 21 det
713 1004 42 21 kan
771 1003 72 22 derför
854 1004 48 21 med
912 1003 50 22 fullt

198 1038 48 21 skäl
263 1041 96 24 antagas,
375 1041 33 19 att
422 1039 68 27 sagda
508 1045 52 15 vara
575 1039 55 21 ifrän
646 1039 85 27 Kajana
746 1038 68 21 härad
829 1037 85 22 komme
928 1039 32 20 att

198 1073 27 26 gå
240 1073 62 22 äfven
319 1073 95 26 söderut,
430 1073 8 21 i
452 1073 102 22 händelse
567 1073 236 28 jernvägsförbindelse
817 1073 92 20 emellan
920 1072 42 21 Ka-

196 1107 52 26 jana
263 1107 42 21 och
319 1107 85 27 Kuopio
419 1108 87 21 komma
521 1108 33 20 till
570 1107 69 21 ständ.

268 1141 33 21 En
311 1140 56 22 känd
380 1142 38 21 sak
430 1144 24 19 är
466 1142 103 26 deremot,
585 1143 32 20 att
632 1141 77 27 sägadt
720 1141 60 21 virke
791 1141 19 27 ej
826 1141 42 21 kan
883 1140 76 22 forslas

197 1174 76 22 alltför
288 1176 64 27 länga
367 1178 71 24 vägar.
468 1174 235 24 Savolaksbanan
657 1169 43 39 kan
719 1173 90 23 sälunda
825 1175 18 27 ej
858 1174 105 22 förmedla

198 1212 111 24 transport
331 1210 24 22 af
372 1210 157 27 sägprodukter
548 1210 46 22 från
614 1210 112 22 trakterna
748 1210 23 21 af
792 1210 90 26 Kajana.
912 1209 50 21 Men

198 1244 77 21 härvid
286 1246 23 19 är
321 1246 32 20 att
363 1245 143 27 ihägkomma,
517 1247 31 19 att
560 1244 164 28 ifrägavarande
729 1244 90 27 jernväg
828 1244 76 21 endast
912 1250 51 15 vore

199 1278 121 28 halffärdig,
331 1278 33 28 pä
382 1286 82 15 samma
482 1281 44 19 sätt:
545 1285 45 15 som
607 1276 128 30 Uleäborg—
747 1272 66 39 Vaala
831 1278 52 21 eller
897 1278 65 21 Uleä-

199 1313 74 27 borg—
285 1313 99 22 Sotkamo
404 1314 71 22 banan
490 1316 24 19 är
530 1314 120 27 halffärdig,
661 1313 92 21 såframt
768 1312 41 22 den
819 1312 19 28 ej
849 1312 113 22 fortsättes

199 1348 32 21 till
247 1348 104 22 Joensuu.
381 1348 49 22 Men
453 1348 175 22 Savolaksbanan
648 1348 56 21 skall
723 1347 90 21 förvisso
830 1347 19 27 ej
865 1347 6 21 i
887 1347 29 21 all
931 1346 31 22 tid

199 1382 66 21 hafva
279 1382 84 27 Kajana
377 1383 34 20 till.
428 1382 117 27 ändpunkt,
556 1384 51 19 utan
623 1382 98 21 kommer
737 1381 70 21 denna
818 1381 90 27 jernväg
919 1380 45 22 förr

199 1417 54 20 eller.
268 1423 75 15 senare
363 1418 33 20 att
414 1417 122 21 utsträckas
557 1417 34 20 till
609 1415 111 28 Uleåborg
740 1416 52 21 eller
807 1415 70 27 någon
892 1421 71 15 annan

270 1468 181 23 Jernvägsutskottets
464 1465 111 20 betänkande
587 1467 37 18 N:o
636 1468 15 17 1.
