1025 1659
223 134 25 20 16
377 132 83 24 Ständ.
476 132 39 24 Sv.
532 146 25 3 —
573 133 73 27 Prop.
662 132 41 23 N:o
718 132 36 22 31.

262 198 76 22 Sedan
361 198 126 22 Ständerna
510 199 8 21 i
541 198 38 22 det
602 198 143 29 föregående,
761 198 8 21 i
785 198 99 29 enlighet
899 198 52 21 med

192 233 106 29 gällande
320 236 91 26 system,
434 233 102 29 uppstält
559 233 113 21 allmänna
695 233 154 21 statsfondens
865 233 85 28 budget

192 268 44 21 och
258 268 255 28 bevillningsbudgeten
530 268 113 22 hvardera
658 268 35 22 för
709 268 41 28 sig,
767 276 54 14 anse
837 268 35 28 sig
886 268 64 21 Stän-

193 302 71 22 derna
284 302 85 28 jämväl
386 302 62 26 böra,
468 302 52 22 med
536 302 124 29 anledning
675 302 25 22 af
713 302 14 29 8
743 304 27 19 36
786 302 8 21 i
809 302 141 28 Landtdags-

192 336 129 29 ordningen
347 337 150 21 sammanföra
523 337 65 21 dessa
611 337 230 29 budgetafdelningar
863 336 34 22 till
919 340 31 18 ett

192 372 53 25 helt,
272 372 35 21 för
330 374 33 19 att
385 372 66 21 däraf
471 373 36 20 må
530 372 88 28 framgå
632 372 9 20 i
656 371 61 21 hvad
732 373 52 19 mån
797 371 152 29 grundsatsen

192 408 34 20 att
253 407 148 21 statsverkets
427 406 115 22 ordinarie
564 406 121 28 tillgångar
708 406 8 21 i
739 406 93 21 främsta
854 408 96 19 rummet

192 440 64 22 skola
272 441 33 21 till
320 441 171 22 statsbehofven
507 441 117 21 användas
640 441 43 21 och
699 440 79 22 endast
794 440 38 22 det
841 440 108 22 erforder-

192 475 47 29 liga
260 476 120 21 tillskottet
402 483 83 21 genom
507 476 127 28 bevillning
652 475 54 21 eller
725 477 29 27 på
769 478 70 18 annat
854 478 43 18 sätt
913 482 37 14 an-

193 510 91 25 skaffas,
310 510 40 21 vid
375 510 150 22 förevarande
548 510 171 28 statsreglering
741 510 82 21 varder
845 509 104 22 beaktad.

191 544 42 22 Att
248 544 307 22 kommunikationsfondens
571 545 86 28 budget
672 544 81 22 härvid
768 544 95 22 lemnats
872 546 9 19 å
893 544 56 25 sido,

192 582 24 18 är
239 587 29 13 en
290 579 79 29 gifven
391 579 58 29 följd
467 580 25 21 af
509 580 27 20 de
552 580 117 28 angående
686 580 74 20 denna
775 579 57 21 fond
847 578 102 30 gällande

191 614 177 28 bestämningar,
391 614 71 29 enligt
484 614 78 22 hvilka
585 614 134 22 dithörande
742 614 94 28 utgifter
860 614 43 21 och
918 613 31 21 in-

191 648 100 22 komster
306 648 62 22 bilda
383 651 32 19 ett
430 648 46 22 helt
491 648 36 22 för
543 648 40 29 sig.

261 683 46 21 För
325 683 101 28 antydda
445 683 104 21 ändamål
564 684 41 20 har
623 683 44 21 den
683 683 128 21 beräknade
827 682 122 22 behållnin-

191 724 45 22 gen
252 717 8 21 i
276 717 111 22 allmänna
402 718 144 21 statsfonden
560 717 51 21 icke
625 717 69 29 tagits
710 717 8 21 i
732 717 155 25 betraktande,
896 720 53 18 enär

192 752 154 28 årsbudgeten
361 752 7 20 i
383 752 78 28 regeln
476 752 41 22 bör
532 752 89 29 byggas
636 754 30 26 på
680 752 156 21 inkomsterna
851 752 36 21 för
895 753 53 19 året.

191 786 85 22 Likaså
290 786 70 22 hafva
374 787 41 21 här
430 786 114 22 uteslutits
561 787 28 21 de
597 789 63 19 extra
670 786 113 22 ordinarie
791 786 100 29 utgifter,
901 794 49 13 som

192 823 38 19 äro
253 821 94 21 afsedda
367 824 32 18 att
421 829 27 13 ur
473 822 70 27 sagda
566 821 131 29 behållning
719 821 118 21 bestridas.
868 821 36 21 Dä
922 821 27 21 de

192 855 61 21 olika
276 856 77 28 slagen
376 856 23 21 af
420 855 125 22 inkomster
568 856 43 20 och
633 855 96 29 utgifter
751 858 38 18 äro
809 855 8 21 i
833 855 37 21 det
893 855 56 21 före-

190 890 88 28 gående
300 893 103 19 närmare
426 890 99 28 angifna,
545 890 41 21 har
604 893 32 18 ett
651 889 145 22 summariskt
811 889 82 29 belopp
909 890 40 20 här

193 927 86 19 ansetts
294 932 55 14 vara
364 924 108 28 tillfylles.
504 924 102 22 Sålunda
621 924 95 21 erhålles
732 924 100 28 följande

211 1011 211 28 Sammanställning
437 1011 28 28 af
475 1011 87 28 utgifts-
578 1011 36 21 och
630 1011 241 28 inkomstberäkningen
887 1011 35 27 för

348 1052 53 21 åren
419 1051 152 22 1898—1900
584 1051 9 21 i
608 1051 66 28 årligt
689 1051 102 22 medeltal.

522 1114 92 28 Utgifter
619 1122 5 14 :

190 1170 122 22 Allmänna
328 1172 153 21 statsfondens

248 1205 86 29 budget
369 1223 3 4 .
405 1223 3 4 .
440 1224 4 3 .
475 1224 4 3 .
500 1208 134 24 33,260,000:
651 1219 28 2 —

191 1240 260 29 Bevillningsbudgeten
477 1258 4 4 .
509 1242 127 31 29,533,743:
652 1254 29 2 —
696 1246 59 21 Fmk
770 1247 135 23 42,793,743:
921 1258 28 3 —

503 1344 133 22 Inkomster:

190 1400 122 22 Allmänna
328 1400 153 22 statsfondens

248 1431 86 36 budget
365 1452 4 4 <
402 1452 3 4 «+
438 1453 3 3 +
473 1453 4 3 >
498 1438 180 23 37,669,000:
660 1434 22 31 —
