1031 1659
298 100 28 24 U.
341 100 28 22 B.
385 112 28 4 —
427 100 73 29 Prop.
517 101 41 23 N:o
573 101 35 23 26.
779 102 28 21 59

77 157 40 21 och
133 163 69 15 annan
217 157 90 21 resande
319 158 55 21 ifrän
390 158 40 21 den
446 164 86 16 norrom
547 158 122 27 Ule&träsk,
684 158 85 28 mycket
782 158 55 28 glest

78 191 99 21 bebodda
199 191 82 27 nejden,
300 192 24 21 sä
343 192 69 22 skulle
431 192 215 28 Uleäborg—Waala
664 193 69 21 banan
751 192 86 22 komma

78 227 33 20 att
126 226 120 28 egentligen
265 226 86 27 betjena
370 226 76 22 endast
462 228 30 20 ett
508 227 32 21 till
555 227 64 27 högst
633 227 66 26 4,000
713 226 123 28 uppgäende

78 260 58 22 anta]
153 266 108 22 personer.
291 260 40 22 Om
347 262 57 20 ännu
420 261 97 25 beaktas,
533 263 33 19 att
580 261 69 21 under
663 261 130 25 sommartid,
809 260 28 22 dä

78 295 94 21 rörelsen
189 296 23 20 är
230 296 71 26 störst,
317 295 134 28 ängbätsfart
469 302 50 22 eger
533 302 47 16 rum
596 296 28 27 pä
639 296 76 26 elfven,
730 296 43 21 kan
788 302 48 14 man

78 329 57 21 sluta
148 329 49 26 till,
216 331 32 20 att
270 329 91 21 trafiken
381 330 13 21 ä
412 330 78 26 banan,
509 331 24 21 sä
555 331 62 27 länge
639 331 41 21 den
702 330 47 22 icke
767 330 69 22 skulle

79 364 85 20 sträcka
179 364 32 26 sig
227 364 72 28 längre
315 366 27 19 än
359 364 33 22 till
408 365 75 21 Waala
498 365 72 27 hamn,
587 371 45 15 som
648 364 96 22 befinner
759 364 32 27 sig
805 364 30 21 uti

78 404 27 15 en
121 398 98 22 obebodd
235 398 107 25 ödemark,
357 399 70 21 blefve
446 400 81 26 ganska
542 400 60 21 liten.
632 400 83 20 Endast
729 401 34 19 tre
777 400 60 20 kom-

78 438 75 16 muner
169 432 24 22 af
206 433 83 27 Kajana
303 433 74 26 härad,
394 434 106 27 nämligen
516 434 145 26 Säräisniemi,
672 434 109 26 Puolango
797 433 39 21 och

78 466 156 23 Suomussalmi
249 467 64 22 hafva
327 468 32 21 sin
371 468 78 27 import
460 468 28 27 pä
498 468 117 28 Uleäborg.
637 468 106 26 Paltamo,
753 468 84 27 Kajana

79 502 47 21 stad
143 502 40 21 och
199 502 195 27 landsförsamling,
409 502 111 28 Ristijärvi
535 503 40 21 och
591 502 136 28 Hyrynsalmi
741 502 96 22 kommu-

78 542 38 15 ner
139 538 48 25 taga
207 537 46 21 sina
271 543 62 15 varor
351 536 48 22 frän
417 537 85 27 Kuopio
522 537 39 21 och
579 537 88 26 Iisalmi,
686 536 151 22 Kuhmoniemi

78 570 48 22 frän
136 571 97 27 Nurmes,
246 571 101 22 Sotkamo
360 572 74 27 mjölet
446 572 47 21 frän
504 571 104 27 Joensuu,
616 572 64 21 saltet
691 571 46 21 frän
749 571 86 25 Iisalmi,

78 605 70 27 öfriga
165 612 63 15 varor
246 606 45 21 dels
309 606 48 21 från
375 606 95 22 Joensuu
486 606 45 22 dels
546 606 48 21 från
610 606 95 26 Kuopio;
721 606 75 21 endast
811 611 25 16 en

79 640 82 21 mindre
184 640 77 27 mängd
279 646 62 16 varor
360 640 84 22 hämtas
460 640 47 22 frän
526 640 109 27 Uleäborg
654 640 7 21 i
679 640 157 21 ätervändande

79 674 112 28 tjärbätar.
214 675 63 21 Huru
292 674 83 22 säledes
392 675 70 21 denna
475 675 90 27 jernväg
580 680 73 16 ensam
669 674 32 22 för
716 674 38 27 sig,
766 674 69 22 säsom

79 709 49 21 dess
143 709 119 21 försvarare
277 710 57 20 velat
349 711 53 25 göra
417 709 81 27 troligt,
514 709 72 21 kunde
602 708 67 22 blifva
683 715 59 15 mera
757 708 79 22 inbrin-

77 744 71 26 gande
163 746 26 19 än
206 744 198 27 Uleäborgsbanan,
416 750 45 15 som
475 744 39 21 har
527 744 128 21 ätminstone
667 743 88 21 dubbelt
766 743 70 21 bättre

79 778 198 27 trafikbetingelser,
293 778 73 22 kunna
380 778 22 21 vi
416 778 47 22 icke
478 778 60 22 fatta.

148 812 30 22 Af
191 813 36 21 det
242 813 66 27 sagda
322 813 102 27 framgår,
436 813 54 22 huru
507 814 60 27 ringa
578 813 110 28 betydelse
699 812 136 27 Uleäborg—

79 847 76 22 Waala
175 848 89 27 jernväg
287 848 69 22 säsom
379 848 163 22 ensamstäende
564 848 78 22 bandel
660 848 39 21 har
717 848 33 21 för
769 850 66 22 orten,

79 882 64 22 hvars
158 882 63 22 trafik
241 883 64 21 onekt
324 883 92 21 sträfvar
431 886 44 18 mot
490 883 70 27 söder,
576 883 68 21 ehuru
660 882 176 22 kommunikatio-

80 923 67 15 nerna
162 917 7 21 i
185 917 70 21 denna
269 917 95 27 riktning
379 919 37 19 äro
433 917 133 27 bristfälliga.

149 951 40 21 Om
205 952 96 21 deremot
317 951 103 22 Savolaks
434 952 89 28 jernväg
538 951 129 22 utsträcktes
683 951 56 21 ända
753 950 39 22 till
801 950 36 22 Ka-

76 986 60 26 jana,
152 986 99 28 indroges
265 986 84 27 Kajana
364 986 49 22 stad
428 986 40 22 och
483 986 68 22 härad
566 986 28 27 pä
609 988 31 20 ett
655 986 102 26 naturligt
773 986 43 20 sätt
830 985 7 20 i

78 1020 168 28 jernvägsnätet,
262 1021 39 21 och
317 1021 48 21 med
381 1021 119 22 detsamma
515 1027 45 15 som
575 1020 34 22 för
624 1022 61 20 orten
702 1020 68 22 skulle
786 1021 51 25 öpp-

80 1060 38 16 nas
134 1055 40 21 den
190 1058 88 24 genaste
290 1057 40 25 väg
342 1055 34 21 till
388 1056 43 20 alla
442 1056 94 26 passliga
552 1056 89 20 hamnar
657 1055 7 21 i
678 1055 73 21 landet
762 1054 58 22 säväl
831 1054 6 20 i

79 1089 64 21 söder
160 1095 45 15 som
225 1090 79 27 sydost,
320 1090 144 27 möjligjordes
478 1090 34 21 för
528 1090 69 21 denna
611 1090 97 21 landsdel
728 1090 40 20 den
783 1090 55 20 mest

80 1123 129 27 välgörande
233 1124 40 22 och
295 1124 133 22 verksamma
450 1124 72 27 täflan,
538 1124 82 22 hvilket
636 1124 41 21 den
693 1123 88 22 framför
800 1122 38 22 allt

78 1158 87 21 saknar.

149 1192 10 22 I
174 1192 122 22 Utskottets
314 1193 138 21 betänkande
469 1193 99 22 betviflas
583 1192 133 28 påståendet,
732 1194 33 19 att
779 1192 60 20 kom-

79 1232 104 16 munerna
202 1227 7 21 i
225 1227 83 27 Kajana
330 1228 68 20 härad
420 1227 94 21 önskade
534 1228 31 26 sig
582 1228 89 26 jernväg
689 1226 48 22 från
756 1226 83 27 Kajana

79 1261 34 21 till
128 1261 93 27 Kuopio.
251 1262 26 20 Vi
293 1262 71 21 kunna
383 1262 19 26 ej
418 1261 68 22 förstå
501 1262 55 21 huru
572 1262 59 21 detta
647 1262 42 20 kan
705 1262 44 26 ske,
766 1260 27 22 då
808 1260 31 21 uti

80 1295 85 27 Kuopio
178 1295 250 27 jernvägskommissions
444 1296 136 21 betänkande
592 1296 103 21 särskildt
706 1294 133 28 namngifvas

79 1330 28 20 de
127 1330 130 27 kommuner,
273 1336 46 16 som
337 1330 90 22 framför
445 1330 39 22 allt
504 1330 54 28 hysa
577 1330 69 22 denna
665 1330 116 26 åstundan;
800 1329 39 21 och

80 1364 41 21 kan
138 1370 48 15 man
203 1364 48 22 icke
265 1365 6 21 i
287 1365 120 21 hufvudsak
420 1365 72 21 förlita
503 1365 33 27 sig
547 1365 27 27 på
586 1364 73 28 dylika
670 1364 99 22 officiella
781 1364 58 21 kom-

80 1398 118 28 missioner,
214 1401 57 19 ännu
290 1399 83 21 mindre
392 1400 42 20 kan
454 1406 49 14 man
522 1400 57 21 sätta
594 1401 34 19 tro
643 1399 32 21 till
692 1398 96 22 enskilda
803 1397 37 27 på-

149 1450 180 24 Jernvägsutskottets
343 1451 111 18 betänkande
466 1451 38 17 N:o
516 1451 16 17 1.
