1103 1700
271 121 28 21 46
474 119 76 22 Ständ.
566 119 51 22 Skr.
636 132 24 2 —
677 119 92 22 XXXII.

255 226 134 21 damöterna
410 226 29 28 på
457 226 115 21 ordinarie
590 227 46 19 stat
654 225 8 21 i
677 204 96 53 bankdi-
784 208 2 38 |

254 260 121 22 rektionen
390 260 141 22 tillkommer
546 259 59 22 efter
620 260 47 21 fem
683 260 43 21 och
741 260 44 26 tio:

255 295 36 21 års
305 295 157 28 tjenstgöring
472 295 9 21 i
494 294 66 22 dessa
569 294 160 28 befattningar
740 302 34 12 ar-

245 353 1 8 |
254 329 212 29 vodesförhöjning,
482 328 154 22 ordföranden
647 328 53 22 med
711 330 63 26 2,000

245 367 1 19 |
255 364 65 21 mark
333 364 42 21 och
386 364 101 21 ledamot
497 363 52 21 med
560 364 62 27 1,000
632 363 64 21 mark
708 363 66 21 hvar-

244 392 2 29 |
255 398 54 21 dera
324 399 99 27 gången.

284 432 162 29 Anmärkning
460 434 20 20 4.
504 433 35 21 De
554 432 36 22 för
605 432 179 32 Sekreteraren,
776 428 11 40 |

254 467 173 27 Kamrerarena,
443 468 147 26 Kassörerna,
603 466 171 22 Bokhållarena

255 502 43 20 och
308 501 161 29 Registratorn
479 501 119 21 bestämda
609 501 165 28 aflöningarna
783 500 1 22 |

244 536 65 20 jökas
332 536 59 21 efter
413 536 46 21 fem
482 536 36 21 års
537 536 120 28 oförvitlig
675 536 73 28 tjenst
766 530 18 46 i|

255 578 86 13 samma
352 570 132 29 befattning
494 571 52 21 med
556 571 40 27 tio,
608 570 43 21 och
662 570 60 21 efter
735 578 49 21 an-;

255 605 40 21 dra
309 605 48 21 fem
373 605 24 21 är
415 605 52 21 med
482 605 136 28 ytterligare
634 605 32 21 tio
677 603 107 30 procent
776 599 11 38 |

255 639 26 21 af
299 639 44 22 den
360 639 37 22 för
411 640 102 28 tjensten
528 639 113 28 anslagna
658 639 126 21 ordinarie
775 635 13 37 |

253 674 46 27 lön,
321 674 80 21 hvilka
422 674 84 29 tillägg
528 674 73 21 likväl
617 674 39 21 vid
671 674 112 26 afskeds-;

254 708 111 29 tagandet
379 709 51 20 icke
445 709 138 20 inberäknas
599 709 9 20 i
623 709 134 28 pensionen.

283 743 162 28 Anmärkning
456 745 19 20 5.
491 736 33 28 Åt
534 743 187 28 tjenstemännen
730 743 43 21 och

253 777 104 28 betjente
377 777 40 21 vid
434 777 108 22 kontoret
560 777 8 21 i
584 777 34 21 S:t
633 777 140 29 Petersburg

254 811 52 27 kan,
325 815 42 18 när
386 811 174 22 förhållandena
578 812 82 21 sådant
674 812 108 28 påkalla,
777 807 10 37 i

255 845 25 22 af
293 845 215 29 bankfullmäktige,
524 847 30 27 pä
569 846 93 28 förslag,
679 853 50 14 som
740 842 42 25 di-!

254 881 121 20 rektionen
387 888 54 21 eger
450 881 8 20 i
469 880 81 21 sådant
560 880 107 21 afseende
676 880 95 29 afgifva,

253 915 151 21 tillerkännas
426 915 180 28 arvodestillägg
625 915 36 22 för
676 917 34 20 ett
726 915 47 21 äri

253 949 88 28 sender,
365 949 135 29 uppgående
522 949 38 22 till
581 949 69 29 högst
670 950 62 27 15%,
750 949 25 22 af

254 983 65 22 deras
334 984 8 21 i
358 985 75 20 staten
447 985 119 27 upptagna
581 983 108 29 aflöning.

283 1018 162 29 Anmärkning
463 1019 20 21 6.
514 1018 46 21 Till
574 1018 143 21 komiterade
732 1017 51 22 vid'

254 1053 246 28 afdelningskontoren
529 1053 57 28 utgå
616 1053 27 20 de
672 1052 101 21 arvoden

253 1087 209 29 bankfullmäktige
477 1087 108 21 faststält.
782 1096 1 8 i

283 1121 162 29 Anmärkning
462 1123 18 21 7.
510 1121 93 22 Arvode
618 1122 36 21 för
669 1121 114 22 bankens:

254 1158 95 26 agenter
363 1157 64 21 inom
437 1156 79 21 landet
526 1156 137 21 bestämmas
674 1156 8 21 i
693 1156 80 28 hvarje

253 1191 110 21 särskildt
377 1190 42 22 fall
433 1198 84 20 genom
533 1190 115 22 kontrakt.
782 1187 1 34 |

283 1225 163 27 Anmärkning
468 1226 20 20 8.
519 1225 46 21 Der
586 1225 63 21 lokal
668 1225 36 21 för
719 1225 64 22 ban-:

253 1259 58 21 kens
326 1260 83 20 kontor
424 1259 8 21 i
446 1259 133 21 landsorten
596 1259 111 21 behöfver
716 1266 68 26 upp-
778 1255 8 41 |

253 1293 75 29 hyras,
359 1294 136 21 bestämmes
525 1293 176 29 hyresbeloppet
728 1294 56 29 sär-:

254 1328 73 21 skildt
341 1328 36 22 för
392 1328 79 28 hvarje
486 1328 47 22 fall.

283 1363 162 28 Anmärkning
468 1364 18 20 9.
517 1363 11 21 I
545 1362 167 22 ofvanstäende
736 1370 35 14 ex-
783 1358 1 38 |

253 1397 147 28 pensemedel
421 1397 67 28 ingår
506 1397 69 21 äfven
593 1396 129 22 kostnaden
737 1396 47 23 för,

256 1431 43 21 ved
313 1432 43 20 veli
371 1431 45 29 ljus
430 1431 33 22 för
481 1431 124 22 kuntorens
621 1430 76 22 bohof.
782 1447 2 11 |

671 1465 95 21 Summa

903 1466 100 27 156.600!
