1103 1700
243 113 40 21 104
585 114 23 21 I

215 182 118 27 magistrat
349 182 91 21 anlända
455 182 49 20 bref
518 182 38 20 och
568 182 252 28 penningeförsändelser
831 182 107 22 äfvensom
950 182 34 21 för

213 214 167 23 uraktlätenhet
405 217 32 21 att
460 216 89 28 vidtaga
565 216 26 22 de
606 216 28 28 på
649 216 79 22 honom
745 216 69 22 såsom
831 216 128 22 ordförande
976 215 6 22 i

217 250 117 28 magistrat
358 250 156 22 ankommande
538 251 101 27 åtgärder
661 252 49 20 med
726 250 101 22 afseende
843 250 13 22 å
871 250 112 27 särskilda,

215 292 88 15 samma
322 285 124 28 myndighet
461 286 23 21 af
498 288 106 25 guvernör
619 286 126 21 meddelade
761 285 142 22 föreskrifter.

287 389 11 21 I
315 388 70 22 likhet
402 389 49 21 med
467 389 157 21 berättelserna
639 389 34 21 till
685 390 55 20 1885
752 388 40 22 och
804 388 54 22 1888
870 388 33 22 års
913 388 70 22 landt-

215 423 46 27 dag
278 422 119 23 innehåller
413 423 61 22 äfven
491 423 68 21 denna
574 423 117 22 berättelse
706 430 26 14 en
748 422 137 28 redogörelse
900 422 33 21 för
948 424 34 20 ut-

215 457 64 22 förda
303 457 44 21 åtal
371 460 56 19 emot
450 458 87 21 domare
561 458 40 21 och
627 458 66 21 andra
716 458 131 27 tjenstemän
870 459 55 19 samt
947 456 36 22 för

215 492 85 21 sådana
323 492 100 27 rättsfall,
446 492 29 22 då
498 492 157 22 domstolarnas
677 492 35 22 till
732 492 44 22 min
791 492 98 27 kunskap
905 491 78 21 komna

215 526 107 28 åtgärder
337 528 60 26 synts
416 527 44 27 mig
475 526 72 22 afvika
562 526 48 22 från
625 527 35 27 lag
675 527 53 21 eller
744 526 62 28 eljest
821 526 161 27 anmärknings-

214 561 72 22 värda
302 561 39 22 och
357 560 57 29 förty
429 561 108 22 föranledt
552 562 33 21 till
600 561 71 28 någon
683 561 75 27 åtgärd
769 560 50 22 från
829 560 153 22 Prokurators-

215 595 110 22 embetets
340 595 53 22 sida.
423 596 33 21 En
473 596 67 21 sådan
555 596 137 27 redogörelse
708 595 144 28 ådagalägger
867 596 7 21 i
885 595 32 21 sin
932 595 49 21 mån

214 631 62 20 såväl
299 630 179 27 lagskipningens
501 631 98 21 tillstånd
615 637 46 15 som
678 630 40 22 ock
733 631 100 26 lagarnas
848 630 79 21 brister
943 629 38 22 och

214 665 45 21 kan
277 665 6 21 i
300 665 108 21 särskilda
432 665 38 21 fall
487 665 81 27 jemväl
583 665 59 27 tjena
658 665 33 22 till
706 665 71 27 grund
792 664 34 21 för
842 663 139 27 bedömande,

214 699 109 21 huruvida
343 699 104 27 åtgärder
462 699 8 22 i
485 699 188 28 lagstiftningsväg
688 699 33 22 till
737 699 100 27 lagarnas
853 698 130 27 förbättring

215 735 38 20 äro
271 733 147 28 erforderliga.
450 734 68 21 Innan
536 734 38 27 jag
590 734 119 21 emellertid
726 733 100 27 öfvergår
841 733 33 22 till
889 733 94 21 nämnda

214 768 102 27 relation,
333 768 40 21 har
386 768 39 27 jag
440 771 72 19 ansett
528 769 43 27 mig
586 769 53 21 böra
654 769 7 21 i
677 769 60 21 detta
747 767 156 27 sammanhang
913 767 69 22 uttala

214 802 45 27 mig
283 802 66 28 något
373 803 111 27 angående
500 803 40 22 den
556 803 100 26 kontroll,
673 803 88 21 domare
777 802 40 21 och
834 802 125 26 tjenstemän
974 801 8 21 i

214 837 125 22 allmänhet
355 839 37 20 äro
408 837 7 22 i
431 837 74 22 landet
520 837 165 22 underkastade.

284 872 43 21 För
352 872 116 21 utöfvande
491 872 24 21 af
528 872 66 27 sagda
608 872 102 26 kontroll,
726 871 73 22 såvidt
814 871 124 22 densamma
953 871 29 26 på

213 906 152 21 Prokuratorn
390 907 132 27 ankommer,
546 908 24 20 är
588 907 150 21 Prokuratorn
753 908 79 19 nästan
847 905 134 22 uteslutande

213 940 107 22 hänvisad
336 941 34 21 till
387 941 26 22 de
428 941 113 22 fiskaliska
556 941 39 22 och
612 941 67 21 andra
694 940 233 27 arbetsförteckningar
941 939 40 22 och

213 975 116 27 uppgifter,
353 981 46 16 som
423 975 33 22 till
479 975 239 22 Prokuratorsembetet
741 975 117 26 inkomma,
878 976 55 19 samt
947 973 34 22 till

215 1010 26 21 de
265 1009 130 28 angifvelser
418 1016 33 15 om
467 1010 102 27 lagbrott,
585 1016 46 15 som
646 1009 24 22 af
683 1010 99 21 enskilde
799 1011 70 25 göres.
898 1008 84 21 Endast

214 1044 60 21 inom
298 1044 92 22 Senaten
411 1046 24 20 är
450 1044 148 22 Prokuratorn
614 1045 121 27 egentligen
751 1044 7 21 i
775 1043 86 22 tillfälle
876 1045 33 20 att
924 1049 57 15 ome-

214 1079 86 22 delbart
325 1079 52 27 följa
399 1079 49 22 med
473 1079 40 21 den
529 1079 57 22 olika
602 1078 224 28 tjensteverksamhet,
842 1084 46 15 som
904 1077 37 22 der
957 1079 25 19 är

213 1113 180 28 representerad
389 1107 14 38 ;
418 1113 40 22 och
481 1113 35 22 vid
539 1114 26 22 de
588 1113 141 28 tjensteresor
744 1113 153 26 Prokuratorn,
914 1111 67 28 enligt

213 1147 244 29 Generalguvernörens
480 1148 58 22 öfver
561 1148 75 22 landet
654 1147 154 27 förordnande,
829 1147 31 21 tid
876 1146 54 22 efter
945 1152 36 15 an-

213 1188 43 15 nan
283 1182 127 22 verkställer
426 1182 7 22 i
450 1182 80 27 landet,
553 1182 89 22 hvarvid
665 1182 54 22 dock
742 1182 102 26 vanligen
864 1181 6 21 i
886 1187 27 15 en
928 1177 53 30 följd

213 1218 33 20 ett
262 1218 71 20 större
349 1217 61 21 antal
427 1217 125 27 domstolar,
568 1216 234 28 embetsmyndigheter
818 1215 40 22 och
874 1215 108 21 allmänna

213 1252 147 28 inrättningar
384 1252 142 28 inspekteras,
546 1252 42 21 kan
604 1252 149 21 Prokuratorn
770 1250 62 22 äfven
848 1249 133 28 personligen

213 1286 112 28 Ofvertyga
341 1286 33 28 sig
396 1292 41 21 om,
452 1286 56 22 huru
524 1286 171 28 tjenstemännen
711 1286 97 27 fullgöra
822 1284 48 22 sina
885 1284 96 27 äliggan-

213 1321 42 22 den
271 1321 41 22 och
327 1320 29 29 pä
371 1321 56 21 hvad
444 1323 44 19 sätt
503 1321 89 27 lagarna
608 1320 132 23 efterlefvas.
766 1320 78 27 Nägon
860 1320 69 20 större
944 1318 37 22 be-

212 1356 87 26 tydelse
325 1356 73 21 kunna
423 1355 55 22 dock
501 1356 46 21 icke
570 1356 103 22 tillmätas
695 1356 64 21 dessa
782 1353 199 28 inspektionsresor,

213 1390 93 22 emedan
324 1391 41 21 den
381 1390 100 28 vanligen
498 1390 82 28 knappt
596 1390 101 22 tillmätta
713 1390 39 26 tid,
768 1388 117 22 hvaröfver
899 1387 83 22 Proku-

212 1427 77 16 ratorn
307 1425 34 17 för
358 1425 58 17 detta
435 1424 97 18 ändamål
549 1424 97 16 förfogar
668 1424 47 16 icke
730 1422 121 22 medoifver
864 1422 69 22 någon
947 1427 34 16 ge-

266 1445 24 1 TR
308 1445 31 2 för
361 1444 58 3 Cella
435 1443 98 4 Snoamtn:
549 1443 70 9 101105
755 1441 84 10 ecgve
893 1440 66 10 on
944 1426 20 33 5
