1103 1700
246 112 43 21 202
591 110 22 22 II

220 180 38 22 het
273 180 7 22 i
294 180 75 27 hvarje
386 179 39 22 fall
444 179 46 27 bör,
506 178 25 22 sä
546 180 60 20 snart
622 179 38 21 ske
675 178 50 27 kan,
741 178 89 27 pröfvas
845 178 24 21 af
882 178 103 21 vederhö-

220 214 68 22 rande
305 210 99 26 domstol.
539 213 1 4 |

290 249 11 21 I
323 249 74 26 andra,
417 254 60 16 mera
492 247 147 22 framskridna
654 247 74 21 länder
744 247 40 21 har
800 247 87 22 fordran
902 247 29 27 på
946 248 37 26 dy-

220 284 42 21 likt
285 283 68 27 skydd
372 283 34 21 för
422 283 40 21 den
477 282 175 27 medborgerliga
667 281 94 22 friheten
778 281 88 22 erhållit
881 283 32 20 ett
927 287 56 21 myc-

220 318 38 21 ket
280 317 109 22 bestämdt
411 316 88 28 uttryck
518 316 7 21 i
541 316 98 27 lagarna.
669 316 29 21 Sä
713 317 15 20 t.
745 322 33 15 ex.
794 318 25 19 är
838 316 3 21 i
856 316 71 27 Norge
943 314 41 22 och

220 352 119 26 Danmark,
355 351 7 21 i
378 351 36 22 det
429 357 77 15 senare
520 350 76 22 landet
610 356 77 22 genom
703 350 113 27 grundlag,
833 350 106 27 stadgadt,
951 351 34 20 att

221 386 74 28 hvarje
317 392 85 22 person,
419 392 46 16 som
488 385 34 21 för
544 384 60 23 brott
626 384 86 28 häktas,
732 384 58 22 skall
804 384 58 22 inom
877 384 108 28 tjugufyra

220 422 88 21 timmar
323 420 74 22 ställas
412 420 34 22 till
460 420 74 22 förhör
550 420 57 22 inför
622 420 102 21 domstol.
754 420 12 21 I
780 419 92 22 Finland
887 419 40 21 har
937 419 47 21 lan-

222 456 49 22 dets
288 454 135 28 geografiska
439 454 150 22 beskaffenhet
608 454 39 22 och
663 454 159 22 domstolarnas
838 453 147 28 organisation

221 490 110 21 härintills
353 489 87 21 hindrat
461 488 163 28 uppställandet
644 488 24 22 af
681 488 71 28 regler
767 489 49 21 med
832 488 59 28 dylik
905 488 80 21 formu-

221 525 78 27 lering.
332 524 50 21 Men
407 523 61 22 äfven
490 523 41 21 här
556 523 113 27 inskärpes
694 522 78 28 sjelfva
796 523 143 27 grundsatsen
964 522 19 27 ej

221 559 84 22 mindre
329 564 75 22 genom
427 558 106 27 grundlag
556 560 28 19 än
607 558 7 21 i
637 558 80 21 allmän
741 558 36 26 lag
793 558 40 21 och
852 558 68 21 andra
935 557 49 27 laga

222 593 95 27 stadgar.
347 592 203 28 Regeringsformen
573 593 24 20 af
612 592 40 22 den
668 593 25 20 21
711 593 93 26 Augusti
821 593 54 20 1772
891 592 93 21 bestäm-

222 634 47 15 mer
284 628 7 21 i
308 629 25 20 15
349 628 18 27 &,
383 629 32 19 att
437 627 71 27 ingen,
524 627 40 21 eho
580 627 43 21 han
639 633 52 15 vara
706 627 44 27 mä,
766 627 56 21 skall
838 627 62 26 länge
915 625 70 22 hållas

222 662 33 22 uti
278 664 75 24 arrest,
369 664 53 19 utan
446 663 32 19 att
494 661 75 22 ställas
585 661 68 22 under
668 660 134 28 ransakning
817 661 39 21 och
873 661 54 26 dom,
944 660 40 22 och

222 697 110 21 allmänna
354 696 73 27 lagens
455 695 114 22 straffbalk
593 696 139 21 föreskrifver
754 696 78 26 likaså,
856 698 32 19 att
910 695 75 28 grofva

222 731 208 27 missgärningsmän
452 731 61 21 skola
537 732 89 25 ,genast
650 731 12 20 å
685 730 73 22 färska
777 731 90 27 gerning
881 730 103 28 gripas,
970 726 16 37 i

222 765 67 22 häkte
305 767 69 19 sättas
391 765 38 21 och
440 767 53 19 utan
509 765 97 28 uppskoj
620 765 39 26 för
668 767 59 19 rätta
737 765 96 21 ställas”.
848 764 137 23 Beträffande

222 799 68 28 tiden,
305 799 58 22 inom
379 799 87 21 hvilken
485 799 130 27 ransakning
631 799 55 22 skall
701 799 106 27 begynna,
823 801 25 20 är
863 799 123 21 sedermera

222 833 7 22 i
252 833 80 28 nådiga
354 833 84 22 brefvet
460 833 40 22 den
516 833 28 22 30
559 833 97 22 Oktober
674 833 54 21 1839
744 833 117 26 bestämdt,
876 835 33 20 att
925 833 59 21 dom-

222 869 44 20 stol
289 869 7 20 i
320 868 55 27 stad,
399 867 28 22 då
450 867 40 22 den
513 867 87 28 angifne
623 868 70 21 hålles
709 868 82 21 häktad
807 867 28 28 på
850 868 78 26 stället,
944 867 39 22 bör

222 903 59 21 inom
301 903 55 27 fyra,
376 902 63 27 högst
455 902 46 22 åtta
517 903 68 26 dagar
600 902 98 27 företaga
714 902 69 22 målet
797 903 34 21 till
846 902 137 27 behandling,

222 937 93 22 såframt
337 937 47 22 icke
403 937 73 27 längre
499 937 95 27 uppskof
614 936 84 23 fordras
722 937 34 21 för
772 936 122 22 inkallande
910 936 23 21 af
946 936 37 21 nå-

222 978 43 21 gon
288 977 85 22 person,
397 977 45 16 som
465 971 7 21 i
494 971 68 22 målet
585 971 68 22 måste
675 971 73 22 höras.
778 971 44 22 För
837 971 147 27 landsbygden

222 1007 99 21 deremot
336 1006 39 21 har
390 1005 71 28 någon
474 1005 30 22 fix
519 1006 77 21 termin
612 1007 19 27 ej
648 1008 84 20 ansetts
743 1005 177 28 ändamålsenlig,
931 1007 53 20 enär

222 1041 86 27 mycket
323 1040 57 22 olika
395 1040 32 21 tid
441 1039 28 28 på
485 1040 57 21 olika
557 1042 60 19 orter
632 1040 110 22 erfordras
758 1040 33 22 för
807 1039 138 23 anordnande
962 1039 24 22 af

222 1077 33 20 ett
271 1074 265 22 domstolssammanträde
551 1075 49 21 med
616 1075 82 21 häktad
713 1081 85 21 person.
824 1075 30 21 Af
867 1075 60 21 detta
937 1074 47 21 skäl

222 1109 41 22 har
286 1109 115 22 terminens
423 1109 65 27 längd
507 1109 33 21 för
556 1109 177 22 häradsrätterna
748 1109 105 22 bestämts
868 1109 93 27 relativt,
977 1109 7 21 i

223 1145 37 21 det
275 1145 108 27 nämligen
399 1144 115 22 domarene
530 1144 70 27 ålagts
617 1146 33 20 att
667 1144 42 28 1:0)
725 1146 82 26 genast,
824 1144 55 22 efter
894 1144 36 22 det
945 1150 39 16 un-

223 1179 130 26 dersökning
377 1178 91 28 begärts,
492 1180 82 20 utsätta
596 1178 60 22 tiden
679 1178 34 22 för
732 1178 133 22 domstolens
880 1184 105 16 samman-

222 1213 65 21 träde
310 1213 39 21 och
372 1212 45 28 2:0)
440 1213 18 27 ej
478 1212 131 28 framskjuta
624 1213 71 21 denna
710 1212 33 22 tid
759 1213 75 27 längre
850 1214 26 20 än
891 1212 94 23 nödvän-

223 1248 104 28 digheten
349 1247 85 22 fordrar
456 1247 34 21 för
513 1248 26 20 de
562 1254 113 20 personers
690 1246 130 28 inkallande,
836 1253 45 16 som
897 1247 7 21 i
919 1247 66 23 målet

222 1282 55 23 böra
291 1282 72 26 höras,
377 1282 67 27 jemte
460 1282 40 22 den
515 1282 99 28 angifnes
629 1282 130 22 inställande
774 1282 48 21 från
836 1282 83 22 häktet.

292 1316 111 28 Takttagas
427 1316 61 22 dessa
507 1316 136 22 föreskrifter
658 1318 115 26 noggrant,
788 1316 62 22 torde
866 1316 36 22 det
917 1316 68 28 knap-

222 1353 49 25 past
294 1352 73 20 kunna
389 1350 93 28 inträffa,
505 1352 33 20 att
554 1357 26 15 en
596 1350 24 22 sä
635 1351 50 27 läng
700 1350 79 22 termin
794 1356 46 16 som
856 1356 37 16 sex
907 1350 78 22 veckor

222 1385 72 22 skulle
319 1392 52 15 vara
394 1385 127 28 erforderlig
547 1385 74 22 vidare
644 1387 26 19 än
693 1384 7 22 i
724 1384 166 29 undantagsfall,
913 1386 71 20 säsom

222 1420 130 28 exempelvis
361 1419 28 21 dä
405 1422 71 18 ortens
490 1418 351 22 kommunikationsförhällanden
853 1422 37 16 ärn
901 1419 85 28 mycket.
