1103 1700
253 115 40 21 118
597 116 21 21 II

224 184 12 26 $
252 184 7 20 i
275 184 142 26 reglementet
439 184 34 21 för
487 184 103 22 Finlands
605 184 61 22 Bank
681 184 23 22 af
719 185 40 22 den
775 185 26 21 27
819 184 50 22 Juni
886 186 53 20 1878
951 185 37 26 pä-

223 218 65 27 bjöde
303 218 13 21 &
331 218 106 26 tjenstens
454 220 88 26 -vägnar
564 218 117 28 besigtigat
703 220 41 20 och
766 218 103 22 värderat
883 221 58 20 samt
955 218 33 22 uti

224 254 32 20 ett
279 252 74 21 derom
377 252 40 22 den
433 254 27 20 22
476 252 118 22 December
611 254 54 20 1882
681 253 114 21 utfärdadt
810 253 59 21 bevis
884 252 105 28 uppgifvit

224 286 112 22 innehälla
361 287 77 26 10,000
461 287 129 21 reducerade
606 288 81 26 tolfter,
700 288 68 26 jemte
784 288 38 21 det
837 287 26 22 de
879 287 110 27 förbundit

223 321 34 27 sig
280 322 33 20 att
336 321 48 21 icke
406 321 33 21 till
462 321 132 22 rådmannen
617 321 21 22 S.
663 322 96 21 utlemna
781 322 135 27 brädpartiet
939 322 49 21 med

223 356 86 20 mindre
331 355 193 22 bankdirektionen
543 356 72 21 dertill
632 356 104 22 särskildt
751 356 74 22 bifölle
840 356 53 22 eller
907 356 82 22 beviset

223 390 36 21 till
282 390 24 20 L.
329 390 40 20 och
391 390 28 21 M.
442 390 134 22 äterstäldes.
606 390 62 22 Efter
688 390 37 22 det
740 390 132 22 rädmannen
887 390 22 22 S.
925 391 63 21 emel-

223 424 66 21 lertid
314 424 41 21 den
380 425 26 20 18
428 424 89 22 Januari
542 425 54 21 1883
615 425 94 27 upplätit
724 425 33 21 sin
773 424 103 28 egendom
892 425 32 21 till
940 426 47 20 sina

224 459 143 26 borgenärers
390 458 126 28 förnöjande
538 461 56 19 samt
614 460 56 26 gode
693 462 93 18 männen
809 460 31 20 uti
856 459 131 21 rädmannen

224 492 33 22 S:s
280 492 168 22 konkursmassa
471 493 35 21 vid
521 495 32 20 ett
569 494 41 20 den
632 495 25 20 16
672 494 62 26 April
752 494 54 21 1883
822 494 49 21 med
885 494 102 27 borgenä-

223 534 64 14 rerne
303 528 46 20 deri
364 527 68 22 hållet
448 528 160 21 sammanträde
623 528 88 27 upplyst
726 530 33 20 att
774 528 24 21 af
811 528 92 21 berörde
919 528 7 21 i
936 528 51 21 ban-

224 562 42 21 ken
287 563 113 26 pantsatta
416 562 168 27 trävaruupplag
603 562 76 22 endast
695 562 100 27 omkring
810 563 36 21 två
862 562 126 21 femtedelar

224 596 77 21 funnos
312 596 7 21 i
331 596 78 27 behåll,
425 597 56 20 hade
496 597 28 26 på
541 597 205 22 bankdirektionens
757 597 170 21 föranstaltande
937 597 50 21 ifrå-

223 631 123 27 gavarande
369 631 135 27 brädupplag
526 631 139 27 uppräknats,
689 631 75 22 dervid
788 631 118 22 detsamma
921 631 67 27 enligt

224 667 33 19 ett
273 665 40 21 den
330 666 25 20 21
374 665 45 21 Juli
437 666 54 20 1883
507 665 23 21 af
543 665 109 27 kaptenen
667 665 27 21 X.
710 665 113 22 utfärdadt
838 665 59 26 intyg
912 665 75 21 befun-

224 699 43 21 nits
282 699 109 21 innehålla
407 699 75 21 endast
498 700 90 21 624.157
605 700 117 25 standarts,
731 699 153 22 motsvarande
895 700 88 21 6241.57

224 733 75 22 tolfter
322 733 91 27 plankor
435 733 40 22 och
498 733 83 22 bräder.
612 734 34 21 Då
668 740 29 15 nu
720 734 135 21 rådmannen
878 733 21 22 S.
915 734 31 21 uti
962 740 26 15 en

224 770 46 19 mot
285 768 80 21 honom
382 768 74 21 utförd
471 768 114 27 rättegång
602 774 34 15 om
653 775 80 14 ansvar
748 768 34 21 för
798 768 78 27 oärligt
887 768 39 21 och
937 768 50 21 lätt-

224 803 82 26 sinnigt
322 801 122 22 förfarande
460 804 45 19 mot
520 803 44 21 sine
580 803 131 26 borgenärer
726 803 7 20 i
743 802 103 22 afseende
858 801 12 22 å
880 802 107 21 särskilda

223 836 150 27 förskingrade
399 837 182 26 trävaruhypotek
604 837 117 26 medgifvit,
738 839 34 19 att
791 837 43 20 han
850 837 45 20 icke
911 837 77 21 tillsett

224 873 33 19 att
280 871 36 21 det
336 871 149 26 hypotiserade
501 871 69 26 lagret
585 871 62 21 alltid
662 871 81 21 funnits
760 871 39 21 der
815 870 37 21 det
867 870 48 21 bort
930 877 56 19 vara,

224 911 49 15 men
289 912 26 14 en
331 905 66 22 sådan
414 905 144 27 förskingring
573 911 77 20 genom
673 905 135 21 rådmannen
820 905 21 22 S.
851 905 68 21 under
929 905 58 21 tiden

224 939 48 22 från
296 940 40 21 den
352 941 27 20 22
395 940 117 21 December
529 940 61 25 1882,
606 940 28 21 då
650 939 159 22 ofvanberörda
824 939 163 27 hypoteksbevis

224 980 39 15 var
279 974 152 27 dagtecknadt,
440 974 33 22 till
489 974 40 21 den
548 975 25 20 18
588 974 90 21 Januari
695 975 55 20 1883
766 973 49 22 icke
830 973 81 22 kunnat
926 974 61 21 verk-

224 1008 83 27 ställas,
324 1010 51 19 enär
391 1009 92 20 hamnen
502 1008 35 21 vid
552 1009 93 20 berörda
660 1008 151 27 upplagsplats
827 1008 108 21 derunder
951 1014 36 15 var

223 1042 99 27 isbelagd
338 1043 39 21 och
393 1043 101 26 sjöfarten
510 1042 107 27 afbruten,
634 1042 55 21 hade
706 1042 166 27 ifrågavarande
891 1044 96 19 trävaru-

224 1077 61 26 lager
308 1077 66 21 redan
398 1077 92 26 tidigare
512 1076 70 21 blifvit
602 1077 23 20 af
646 1076 133 21 rådmannen
796 1076 22 21 S.
834 1076 66 21 delvis
915 1076 72 27 sking-

224 1111 50 21 radt
297 1111 38 21 och
359 1111 82 21 således
457 1111 35 21 vid
507 1111 199 27 hypoteksbevisets
721 1110 131 21 utfärdande
867 1110 46 21 icke
928 1111 59 20 inne-

223 1145 64 22 hållit
310 1146 40 21 den
373 1146 149 26 virkesmassa,
545 1152 45 15 som
614 1146 140 20 merberörda
778 1145 24 21 af
816 1144 131 22 rådmannen
963 1146 23 20 L.

224 1180 40 21 och
294 1180 239 27 vicehäradshöfdingen
558 1180 28 21 M.
613 1180 113 21 utfärdade
752 1180 61 21 bevis
838 1181 100 25 upptoge.
977 1179 11 21 I

224 1214 117 28 anledning
370 1214 65 22 häraf
461 1214 81 27 yrkade
570 1214 246 27 vicehäradshöfdingen
846 1214 24 21 T.
899 1214 13 20 &
937 1213 50 21 ban-

223 1248 55 22 kens
302 1250 81 25 vägnar
405 1248 157 28 tjensteansvar
580 1248 13 22 å
608 1248 132 22 rådmannen
764 1249 24 21 L.
805 1250 57 19 samt
877 1248 52 21 hans
945 1247 42 22 för-

224 1283 112 27 pligtande
360 1286 33 18 att
415 1283 66 27 jemte
502 1283 242 27 vicehäradshöfdingen
768 1283 42 21 M:s
835 1282 153 22 efterlemnade

225 1317 56 22 enka
305 1318 59 26 Sally
379 1318 30 20 M.
425 1318 39 20 och
480 1317 142 27 minderåriga
638 1318 53 20 barn
707 1319 86 19 ersätta
808 1317 104 21 Finlands
927 1317 60 21 Bank

224 1352 42 20 den
289 1352 78 21 förlust
390 1351 84 21 banken
496 1351 42 22 fått
561 1358 76 20 genom
661 1351 95 28 antydda
780 1351 55 21 brist
850 1350 7 22 i
873 1350 115 28 hypoteket

223 1386 120 21 vidkännas
366 1388 57 19 samt
440 1386 5 20 i
462 1386 77 21 sådant
554 1386 102 21 afseende
670 1388 136 24 gemensamt
821 1385 54 21 eller
890 1385 40 21 den
945 1384 43 22 till-

224 1419 59 28 gång
305 1421 52 26 egde
379 1420 34 22 till
436 1420 84 21 banken
538 1420 84 27 utgifva
640 1421 78 25 39,624
734 1419 64 22 mark
821 1420 26 20 12
862 1419 63 27 penni
939 1419 48 21 med
