1103 1700
486 126 22 21 I
814 128 39 20 167

115 196 36 20 ten
174 195 109 21 uteslutits
305 195 48 21 frän
376 194 41 22 den
431 194 23 22 af
470 194 142 28 magistraten
628 194 34 22 för
678 194 57 22 valet
750 195 130 27 upprättade

116 230 144 27 röstlängden,
283 232 56 20 samt
361 230 131 21 urmakaren
515 230 32 27 O.,
571 231 33 20 att
621 230 6 20 i
644 230 140 26 röstlängden
808 231 72 20 såsom

116 264 170 27 valberättigade
309 264 110 27 upptagits
442 264 108 21 särskilda
568 264 7 20 i
591 263 76 22 staden
683 263 109 22 verkande
808 264 71 27 bolag,

115 298 92 22 oaktadt
221 298 65 28 bolag
305 298 52 22 eller
376 298 63 22 deras
454 298 90 27 styrelse
560 298 66 27 enligt
636 298 244 28 Landtdagsordningen

116 333 18 27 ej
151 333 120 21 tillkomme
287 335 43 19 rätt
345 335 33 20 att
393 333 87 27 deltaga
496 332 254 28 ilandtdagsmannaval;
768 335 32 19 att
812 333 68 21 ehuru

116 367 124 27 ingeniören
257 368 32 26 A.,
305 367 141 22 bokhällaren
462 367 33 27 B.,
512 367 151 21 destillatören
679 362 25 26 Ä.
722 367 39 21 och
778 367 101 21 maskini-

117 404 47 19 sten
179 402 25 21 E.
220 402 43 22 alla
278 408 51 16 voro
340 402 7 21 i
358 402 65 24 tienst
438 402 41 21 hos
496 402 66 26 något
577 401 23 21 af
615 402 44 20 dei
669 401 76 22 staden
760 402 119 21 arbetande

115 436 96 28 bolagen,
236 443 49 15 men
304 436 103 28 derjemte
422 436 57 21 hade
496 442 70 15 annan
582 436 99 21 skattbar
697 436 100 28 inkomst,
812 436 67 27 magi-

115 472 82 20 straten
213 471 7 21 i
236 470 135 28 röstlängden
386 471 100 27 upptagit
502 470 26 22 de
542 470 37 22 tvä
595 470 146 22 förstnämnde
752 471 71 21 säsom
835 470 43 22 val-

115 504 142 27 berättigade,
281 511 49 15 men
351 505 149 21 destillatören
515 500 25 26 Ä.
557 505 39 21 och
612 505 140 21 maskinisten
767 506 25 20 E.
808 505 70 21 säsom

116 538 147 28 oberättigade
279 541 32 19 att
327 540 86 26 deltaga
427 540 8 20 i
450 540 68 25 valet;
534 541 33 20 att
582 540 75 21 vidare
671 540 105 20 kassören
793 540 28 25 S.,
833 546 46 15 ma-

117 573 130 22 skinisterne
263 574 30 27 P.,
309 575 17 21 I.
343 575 39 21 och
397 575 24 21 L.
439 575 40 21 och
494 575 145 27 gärdsegaren
654 575 26 21 R.
695 577 53 19 utan
763 575 67 27 laglig
840 581 38 15 an-

115 608 86 27 ledning
223 609 124 21 antecknats
370 615 51 16 vara
444 609 150 28 oberättigade
617 611 33 20 att
669 611 51 25 taga
736 609 34 22 del
786 609 7 21 i
808 609 70 27 valet;

115 644 32 19 att
162 643 99 27 kollegan
278 639 31 31 Ö.,
325 643 87 22 hvilken
427 645 72 20 säsom
516 644 118 21 skollärare
650 645 27 25 pä
692 643 186 28 indragningsstat

115 676 66 22 hörde
197 677 33 22 till
246 679 165 26 presteständet,
420 679 110 26 upptagits
541 679 71 21 såsom
623 678 171 27 valberättigad;
804 678 73 21 äfven-

115 717 44 16 som
183 713 32 20 att
238 713 105 21 särskilda
359 713 6 21 i
381 713 139 27 röstlängden
543 715 111 25 upptagna
676 719 108 21 personer,
804 713 74 21 hvilka

114 751 51 16 voro
187 746 91 27 päförda
302 747 45 21 dels
362 747 37 22 tvä
415 747 45 22 dels
476 750 34 19 tre
525 747 117 27 skattören,
659 747 128 22 antecknats
804 747 72 21 säsom

113 780 135 27 berättigade
263 783 33 19 att
311 783 59 20 rösta
386 781 48 22 med
449 781 46 22 lika
510 782 58 21 antal
583 784 77 25 röster,
676 782 68 21 ehuru
755 782 64 21 dessa
829 787 47 22 per-

114 820 69 22 soner,
197 815 86 26 jemlikt
297 816 102 27 gällande
414 816 259 27 kommunalförfattning,
689 816 73 21 erlade
773 816 59 21 skatt
843 815 34 22 till

113 849 85 27 staden,
215 849 27 22 de
257 849 58 22 förre
330 850 33 21 för
381 852 31 20 ett
427 851 41 21 och
484 851 26 21 de
522 857 74 15 senare
608 851 34 21 för
652 851 35 21 tvä
697 851 112 21 skattören
820 852 56 19 samt

113 882 138 28 fördenskull,
268 885 67 26 enligt
351 884 36 22 O:s
402 884 148 27 förmenande,
566 891 51 16 vore
635 885 135 26 berättigade
788 884 88 27 deltaga

112 917 7 21 i
135 917 57 22 valet
207 918 49 21 med
272 919 77 21 endast
364 925 26 15 en
405 919 53 21 eller
473 919 38 22 tvä
525 921 77 25 röster,
618 919 146 22 hvarförutom
781 919 94 26 ingeniö-

112 957 38 15 ren
173 952 25 21 A.
223 952 74 21 anhöll
319 955 32 20 att
375 954 71 21 såsom
463 954 115 27 disponent
594 954 34 21 för
643 954 26 21 D.
685 953 109 28 sägbolag,
811 953 64 21 hvars

112 985 81 26 egande
209 986 80 28 ängsäg
303 987 39 22 och
357 994 67 21 gvarn
439 987 84 28 päförts
534 989 26 21 25
572 989 119 26 skattören,
703 988 22 22 fä
735 987 74 22 utöfva
820 989 55 19 röst-

112 1022 43 19 rätt
170 1021 35 20 vid
221 1021 63 22 valet.

183 1055 69 22 Sedan
273 1057 132 22 sistberörda
421 1057 101 22 anhällan
538 1057 23 22 af
575 1058 138 21 handlanden
729 1057 25 22 G.
770 1059 105 25 motsagts

112 1089 46 21 dels
182 1089 28 27 pä
226 1090 41 21 den
283 1091 74 28 grund,
374 1094 33 19 att
421 1092 89 27 bolaget
525 1093 50 21 kort
590 1093 47 21 före
652 1093 57 21 valet
724 1092 72 21 blifvit
811 1098 64 21 egare

110 1123 33 21 till
157 1125 93 21 nämnda
265 1125 38 28 säg
317 1126 40 22 och
373 1133 73 21 gvarn,
462 1127 46 21 dels
524 1127 40 21 ock
578 1127 89 22 emedan
682 1127 125 27 ingeniören
822 1127 26 21 A.
866 1126 7 21 i

111 1159 74 27 hvarje
208 1160 39 21 fall
269 1167 50 15 vore
342 1161 139 27 oberättigad
505 1163 33 20 att
561 1162 13 21 å
589 1162 99 27 bolagets
704 1164 82 25 vägnar
800 1160 75 22 utöfva

111 1195 91 21 rösträtt
223 1195 36 21 vid
282 1196 63 26 valet,
363 1198 56 19 samt
442 1196 24 21 af
480 1196 125 27 ingeniören
620 1197 26 21 A.
661 1196 53 22 härå
729 1196 99 22 företetts
844 1197 31 19 ett

110 1228 40 22 den
168 1230 26 20 10
209 1229 61 27 April
287 1230 54 21 1890
357 1230 127 28 upprättadt
499 1231 109 26 kontrakt,
623 1230 139 28 hvarigenom
772 1230 27 22 D.
810 1230 65 27 bolag

109 1262 80 22 bildats
214 1264 39 21 och
275 1264 124 27 ingeniören
423 1265 25 21 A.
473 1267 81 21 utsetts
576 1266 34 21 till
632 1265 99 27 bolagets
754 1265 119 27 disponent,

110 1299 57 19 samt
182 1299 31 20 ett
228 1298 107 27 köpebref
349 1299 23 21 af
387 1300 40 21 den
444 1300 28 21 29
487 1300 93 27 Augusti
596 1306 82 15 samma
689 1301 32 26 år,
732 1299 143 22 dessmedelst

109 1331 136 22 handlanden
268 1333 29 21 M.
322 1334 33 20 till
375 1334 94 21 berörda
485 1334 64 27 bolag
564 1334 43 22 sålt
623 1334 142 22 omförmälda
780 1334 40 26 såg
834 1333 40 21 och

109 1372 72 20 qvarn,
197 1367 58 21 utlät
271 1368 32 27 sig
319 1368 142 28 magistraten
478 1369 7 21 i
500 1369 116 27 anledning
632 1368 23 22 af
668 1369 63 21 dessa
741 1368 132 27 påståenden

109 1401 90 21 medelst
215 1401 63 22 ofvan
289 1402 92 22 berörde
394 1402 47 28 dag,
451 1402 41 22 den
506 1404 24 20 15
543 1403 126 27 September
681 1404 62 25 1890,
755 1402 119 22 afkunnadt

108 1435 77 27 utslag.
216 1436 45 21 Och
277 1436 56 22 hvad
350 1437 54 21 först
420 1437 78 27 angick
513 1437 201 27 tjenstförrättande
725 1437 99 27 kollegan
834 1437 40 21 K:s
