1103 1700
241 124 25 20 10
469 124 107 20 Berättelse
591 125 25 23 af
628 125 138 24 Delegationen

239 200 32 20 att
285 200 146 20 monumentet
444 200 25 20 är
484 200 24 20 så
523 201 52 20 nära
590 205 32 15 sin
637 198 127 27 fullbordan,
780 204 33 16 att
823 205 25 15 en
858 198 42 27 dag
915 198 41 23 kan
968 200 31 20 ut-

239 234 67 20 sättas
321 232 32 22 till
369 232 142 22 aftäckandet.

309 267 42 21 För
362 267 67 21 denna
440 267 144 27 högtidlighet,
594 267 31 21 till
636 267 84 21 hvilken
731 267 119 21 Ständerna
860 267 60 21 torde
931 267 27 27 på
966 272 33 16 ve-

240 301 105 27 böderligt
361 303 42 20 sätt
413 301 87 27 inbjuda
510 302 26 20 H.
548 302 28 20 M.
588 302 252 27 Kejsaren-Storfursten,
851 302 69 20 kunde
930 302 69 26 någon

241 336 40 26 dag
291 336 7 21 i
309 336 42 27 maj
362 336 75 21 månad
448 338 97 20 utsättas.
568 336 123 27 Tillgången
701 336 36 22 vid
748 336 251 27 aftäckningsceremonin

240 370 39 21 har
295 370 151 27 Delegationen
457 370 61 21 tänkt
533 370 31 27 sig
579 370 95 26 sålunda,
690 373 32 19 att
732 371 28 26 på
770 371 129 26 festplatsen,
916 370 82 21 hvilken

240 404 70 22 blifvit
318 404 86 22 försedd
415 405 47 21 med
473 404 138 28 erforderliga
622 405 95 21 estrader
728 407 55 19 samt
795 404 105 27 omgifvits
911 404 22 21 af
941 407 59 23 trup-

240 445 38 21 per
301 438 67 22 under
391 438 169 22 befälhafvarens
580 439 32 21 för
633 439 25 21 de
674 439 69 21 finska
758 442 116 24 trupperna
888 438 63 26 befäl,
974 438 25 21 de

241 473 69 21 skilda
324 473 93 21 Stånden
428 473 57 21 såväl
496 480 45 14 som
552 473 231 27 Generalguvernören,
795 474 96 25 Senaten,
902 473 98 21 Staterna

241 508 39 21 och
295 508 33 21 till
343 508 68 22 festen
426 508 100 27 inbjudna
542 514 100 21 personer
658 508 72 27 intaga
745 508 46 21 sina
808 508 98 21 anvisade
922 508 78 26 platser

241 542 65 27 enligt
321 544 31 20 ett
367 542 131 27 ceremoniel,
514 542 62 22 hvars
592 542 162 27 hufvudsakliga
770 542 34 22 del
820 542 65 21 borde
895 542 106 21 innehålla

241 579 32 19 att
287 577 205 21 Landtmarskalken
503 577 6 21 i
520 579 31 19 ett
565 577 87 22 kortare
666 577 30 21 tal
712 577 68 21 skulle
791 577 103 26 redogöra
909 577 32 21 för
956 583 44 14 mo-

241 614 119 18 numentets
383 611 103 22 tillkomst
508 614 54 19 samt
585 611 23 21 af
624 612 59 21 Hans
699 611 118 28 Kejserliga
836 611 99 27 Majestät
950 611 51 21 eller

242 645 47 27 den,
305 646 23 21 åt
342 646 85 21 hvilken
443 646 57 21 Hans
517 645 99 28 Majestät
635 646 85 26 nådigst
742 645 115 27 uppdragit
872 647 30 20 att
917 645 83 22 aftäcka

243 680 123 26 detsamma,
383 680 83 21 anhålla
482 682 31 19 att
531 681 103 20 täckelset
654 681 34 20 må
703 680 57 25 falla,
784 679 107 22 äfvensom
907 681 32 20 att
953 679 48 22 där-

243 714 59 27 efter,
319 715 64 21 sedan
399 715 160 27 kejsarhymnen
575 715 78 26 spelats
669 715 39 21 och
724 717 116 24 trupperna
858 714 94 27 skyldrat
967 720 34 21 ge-

242 751 44 23 vär,
310 756 25 15 en
356 749 23 21 af
398 749 118 22 Ständerna
538 749 76 22 utsedd
634 749 66 21 talare
719 749 28 26 på
766 749 82 21 landets
868 749 55 20 båda
937 748 64 27 språk

243 783 68 22 skulle
326 783 60 22 tolka
401 785 153 20 monumentets
570 783 107 28 betydelse
693 783 39 21 och
743 783 105 21 innesluta
858 783 35 21 det
903 783 6 21 i
920 782 81 22 landets

242 817 39 22 och
304 817 166 22 hufvudstadens
493 818 135 21 omvårdnad.
660 818 40 21 Vid
720 818 64 21 talets
803 817 42 22 slut
859 819 142 25 uppstämmes

243 869 8 10 »
255 852 53 21 Vårt
323 852 60 21 land"
399 852 38 21 och
452 853 62 20 akten
538 851 90 22 afslutas
646 852 5 21 i
667 852 36 21 det
726 854 31 19 att
780 854 115 24 trupperna
917 851 85 22 defilera

242 886 57 21 förbi
314 887 152 26 kejsarstoden.
494 887 30 20 På
539 887 85 20 aftonen
640 888 37 19 äro
693 886 125 27 festplatsen
834 886 39 21 och
888 886 25 21 de
929 885 73 28 omgif-

243 921 68 21 vande
327 921 148 26 byggnaderna
490 921 151 21 illuminerade.
672 917 64 25 Öfver
756 920 196 27 aftäckningsakten
970 922 32 19 ut-

243 955 67 27 gifves
325 961 26 15 en
366 955 121 22 illustrerad
502 955 145 22 minnesskrift
657 956 27 26 på
695 955 96 25 svenska,
802 955 69 21 finska
883 954 39 22 och
932 955 69 26 ryska.

312 990 10 21 I
337 989 92 27 enlighet
444 990 86 21 härmed
546 989 32 22 får
595 990 150 27 Delegationen
761 989 109 22 vördsamt
883 989 79 21 föreslå
973 991 30 19 att

417 1058 128 21 Ständerna
555 1058 47 21 ville
612 1058 37 21 hos
660 1058 29 21 H.
702 1058 31 21 M.
745 1057 259 28 Kejsaren-Storfursten

349 1091 161 29 underdänigst
530 1092 96 26 anmäla,
650 1094 32 19 att
700 1092 42 21 den
764 1091 78 22 medels
857 1091 147 27 subskription

349 1127 67 21 bland
439 1127 111 21 Finlands
574 1127 119 28 inbyggare
716 1127 36 21 och
770 1133 77 21 genom
867 1125 138 22 Ständernas

348 1162 85 27 försorg
450 1161 32 27 pä
499 1161 145 28 Senatstorget
659 1161 8 21 i
682 1161 142 28 Helsingfors
839 1162 104 25 uppresta
958 1162 47 19 äre-

350 1196 75 21 stoden
447 1196 59 27 öfver
529 1196 66 21 Hans
617 1196 117 27 Majestäts
757 1195 51 27 höge
828 1195 70 27 fader,
922 1194 83 28 Kejsar

350 1230 126 22 Alexander
491 1230 35 25 II,
548 1230 141 28 glorvördiyst
711 1230 9 20 i
742 1229 128 27 äminnelse,
889 1231 26 19 är
929 1228 76 28 färdig

351 1264 33 22 till
404 1264 130 28 aftäekande
556 1266 57 19 samt
636 1264 7 21 i
665 1263 178 28 underdänighet
865 1262 90 22 anhålla
975 1264 31 20 att

352 1299 67 21 Hans
438 1299 106 27 Majestät
563 1299 78 21 täcktes
661 1298 48 21 med
727 1298 37 21 sin
784 1298 55 27 höga
861 1300 95 19 närvaro
975 1297 31 21 be-

350 1334 69 20 hedra
439 1333 65 21 akten
524 1333 110 27 äfvensom
656 1332 117 22 bestämma
791 1339 33 14 om
842 1332 42 28 dag
906 1332 36 21 och
963 1333 44 19 sätt

351 1368 36 27 för
407 1368 145 27 aftäekandet,
573 1367 92 21 hvarvid
683 1366 129 22 Ständerna
830 1366 69 22 tillåta
917 1366 32 28 sig
965 1366 42 21 den

351 1402 91 26 önskan,
449 1403 32 20 att
490 1401 263 28 aftäckningsceremonin
762 1400 36 22 mä
806 1401 81 21 ordnas
895 1400 8 21 i
911 1400 97 28 hufvud-

351 1438 70 26 saklig
440 1436 219 27 ötverensstammeise
673 1436 49 21 med
736 1436 59 20 vai
813 1436 67 26 vfvun
895 1434 112 28 iiijijviio.

567 1488 10 12 *
675 1489 10 10 =

621 1504 10 10 EI
