1103 1700
255 108 27 20 32
602 106 9 21 I

224 175 159 27 dersökningen
400 175 23 21 af
437 175 94 21 nämnda
544 174 153 28 jernvägslinie
713 175 85 21 komme
814 176 33 20 att
857 174 128 22 verkställas

223 210 69 21 innan
308 210 146 21 innevarande
470 209 114 27 landtdag;

296 245 40 25 att,
351 243 34 22 för
403 244 41 22 den
464 244 103 21 händelse
582 244 83 21 Raumo
681 243 50 22 stad
747 243 51 21 eller
814 243 93 21 enskildt
923 242 63 27 bolag

225 278 69 22 innan
311 285 29 15 nu
355 278 112 28 pågående
486 278 105 27 landtdag
606 278 103 21 utverkat
725 278 33 26 sig
773 277 127 21 koncession
912 278 12 20 å
934 277 51 26 byg-

224 313 83 27 gandet
323 312 23 22 af
360 319 26 15 en
398 314 92 27 jernväg
504 312 48 22 från
563 313 73 27 någon
646 313 72 27 punkt
729 313 12 20 å
761 307 134 38 Tammerfors
911 311 74 27 —Björ-

224 347 95 27 neborgs
334 347 71 22 banan
421 348 32 20 till
468 347 83 21 Raumo
567 347 56 27 stad,
634 346 34 22 för
679 347 37 21 det
726 346 194 22 koncessionerade
930 346 55 21 före-

224 383 63 25 taget
303 382 74 26 måtte,
393 382 28 27 på
437 381 23 22 af
474 381 104 27 styrelsen
595 383 100 19 närmare
711 381 114 21 bestämda
835 381 75 26 vilkor,
921 380 65 22 bevil-

221 416 37 26 jas
275 422 26 15 en
317 416 127 22 subvention
465 416 33 21 till
512 416 79 27 belopp
608 416 23 21 af
644 416 37 21 två
696 415 126 22 femtedelar
837 414 50 22 utaf
901 415 35 21 det
951 415 34 21 vid

224 450 169 22 koncessionens
404 450 131 22 utfärdande
542 450 117 21 faststälda
669 449 222 27 kostnadsförslagets
901 448 84 27 belopp,

226 484 56 22 dock
299 485 17 27 ej
333 484 84 22 utöfver
433 491 26 15 en
474 484 80 22 million
571 485 73 26 mark;

297 520 33 20 att
345 519 7 21 i
368 521 31 19 ett
422 519 105 21 samband
549 519 49 21 med
621 519 83 21 Imatra
726 518 84 22 banans
830 518 113 27 byggande
960 524 25 15 en

225 552 145 29 fortsättning
385 553 62 22 deraf
460 554 58 21 ända
536 554 33 21 till
587 554 104 21 Harakka
706 553 143 28 lastageplats
865 553 35 22 vid
915 552 71 22 Saima

224 587 34 27 sjö
282 588 69 21 måtte
372 587 90 27 utföras,
482 588 72 21 derest
578 588 61 21 detta
661 587 73 22 kunde
750 588 38 21 ske
803 589 54 20 utan
873 587 113 22 öfverskri-

226 621 73 22 dande
321 622 24 21 af
365 622 98 27 anslaget
483 622 33 21 för
535 623 40 20 den
592 622 101 21 karelska
708 622 72 21 banan
797 622 51 21 eller
864 622 39 21 ock
918 621 69 22 under

225 656 121 22 anvisande
361 656 32 22 för
409 657 122 21 ändamålet
547 656 23 22 af
584 657 69 21 andra
668 656 122 27 disponibla
804 656 79 26 medel;

299 693 39 25 att,
355 693 52 20 enär
429 691 133 22 omedelbart
585 691 55 21 efter
655 691 27 21 då
697 691 113 27 pågående
822 691 165 28 jernvägsarbe-

226 726 51 21 tens
293 725 134 22 slutförande
442 725 67 28 enligt
524 725 135 22 Ständernas
675 726 56 27 åsigt
746 732 27 15 en
788 726 58 21 bana
859 725 66 22 borde
935 725 51 28 byg-

225 766 41 21 gas
281 760 49 21 från
345 760 74 22 Keuru
440 761 81 21 station
538 761 12 20 å
565 761 67 21 Wasa
645 761 92 27 jernväg
752 761 32 21 till
799 761 117 27 Jyväskylä
930 760 55 26 stad,

226 794 74 21 denna
313 795 227 27 jernvägssträckning
556 795 68 21 måtte
639 795 67 21 innan
722 795 147 22 innevarande
883 795 104 27 landtdag

227 828 109 22 definitivt
350 830 84 27 uppgås
450 831 56 20 samt
521 829 33 22 för
570 829 74 22 arbete
660 829 127 28 uppläggas,
804 829 108 22 äfvensom
927 830 60 21 kost-

226 863 139 28 nadsförslag
380 863 33 22 för
427 864 72 21 banan
516 866 120 25 uppgöras;
653 865 32 20 att
696 864 77 21 härvid
784 864 68 22 skulle
863 865 69 21 under
943 871 44 15 om-

226 897 104 28 pröfning
352 899 62 26 tagas
436 898 107 21 huruvida
561 899 47 21 icke
623 905 76 20 genom
715 899 73 27 någon
803 898 147 22 modifikation
967 898 21 22 af

226 932 218 27 byggnadssystemet
468 933 265 27 anläggningskostnaden
757 933 73 22 kunde
846 933 140 28 nedbringas;

227 967 111 22 äfvensom
362 969 33 20 att
418 967 65 28 nådig
497 968 136 27 proposition
651 975 32 14 om
700 967 120 22 anvisande
836 967 22 22 af
871 968 68 21 medel
954 967 33 22 för

226 1001 74 22 denna
312 1002 101 27 jernvägs
428 1002 113 27 byggande
556 1003 68 20 måtte
639 1009 28 14 nu
678 1002 206 22 sammanträdande
895 1002 92 22 Ständer

226 1035 133 28 föreläggas;

299 1072 33 19 att
347 1071 65 27 nådig
426 1071 135 27 proposition
578 1077 34 15 om
627 1071 115 27 byggande
758 1071 23 21 af
795 1077 25 15 en
834 1071 91 28 jernväg
939 1070 47 22 från

226 1105 119 27 Jyväskylä
361 1106 48 21 stad
425 1105 32 22 till
472 1105 88 28 lämplig
575 1106 71 27 punkt
663 1107 12 20 å
690 1105 105 22 Savolaks
810 1105 72 22 banan
899 1106 6 21 i
919 1106 68 21 sinom

227 1140 33 20 tid
276 1140 69 21 måtte
360 1140 33 21 till
408 1140 122 22 Ständerna
546 1140 86 26 aflåtas;

299 1176 39 25 att,
362 1175 24 21 så
409 1177 61 19 snart
490 1175 291 21 kommunikationsfondens
798 1175 115 27 tillgångar
929 1176 58 20 med-

227 1208 64 27 gåfve
313 1208 122 28 byggandet
458 1209 24 21 af
502 1216 25 14 en
544 1209 58 22 bana
616 1210 48 20 från
680 1210 78 21 Waala
772 1209 36 21 vid
823 1209 117 21 Uleåträsk
955 1210 32 21 till

226 1242 80 22 staden
321 1243 114 27 Uleåborg,
452 1243 65 27 nådig
532 1244 136 26 proposition
679 1244 76 21 härom
766 1244 69 21 måtte
846 1244 67 21 varda
924 1243 63 22 Stän-

227 1277 70 21 derna
313 1276 105 28 förelagd;
434 1279 56 20 samt

299 1313 33 20 att
355 1312 60 21 Hans
438 1312 118 27 Kejserliga
574 1312 103 28 Majestät
693 1313 85 21 täcktes
794 1312 45 21 låta
854 1312 92 22 tillsätta
962 1318 25 16 en

226 1346 142 22 kommission
384 1346 48 21 med
447 1346 99 28 uppdrag
562 1349 34 19 att
612 1346 78 28 afgifva
705 1346 83 28 förslag
799 1346 33 22 till
844 1346 26 22 de
881 1346 108 22 allmänna

226 1380 105 26 grunder,
356 1380 71 22 hvilka
449 1380 36 22 vid
507 1380 103 22 framtida
633 1381 230 27 jernvägsbyggnader
886 1381 6 21 i
915 1380 74 22 landet

226 1413 71 22 borde
312 1414 62 24 följas
390 1415 6 20 i
412 1414 54 28 syfte
483 1416 33 20 att
531 1415 83 21 minska
632 1415 266 28 anläggningskostnaden
909 1414 33 22 för
953 1415 36 21 de-
