1103 1700
268 144 15 20 4
498 144 28 22 U.
541 144 25 21 B.
583 140 44 37 111
632 140 106 37 -XXXI.

439 212 34 22 för
488 214 24 20 är
529 214 54 26 1889
597 213 33 21 till
646 215 97 25 571,981:
757 220 35 15 01.

451 264 10 11 n
495 264 9 11 n
528 248 54 26 1890
608 265 10 11 »
647 250 97 25 509,988:
760 250 33 20 81.

451 298 10 12 n
495 299 9 11 n
528 282 50 26 1891
608 299 10 11 »
648 288 96 22 322,179:
760 283 33 27 67.

237 331 58 17 samt
311 328 38 20 har
364 328 67 27 enligt
446 328 87 27 uppgift
549 328 46 21 frän
610 328 156 28 Tullstyrelsen
782 329 80 27 utgjort

486 369 23 20 är
528 369 52 25 1892
597 369 100 26 285,701:
714 375 33 20 44.

236 402 44 20 och

489 438 23 20 är
530 438 54 26 1893
602 437 99 27 326,772:
718 443 33 21 37.

306 478 150 27 Minskningen
477 479 6 19 i
499 478 70 20 denna
584 477 94 21 inkomst
694 478 45 20 frän
757 479 50 25 1891
826 479 24 20 är
865 485 26 15 en
907 479 52 27 följd
973 479 23 21 af

237 511 205 27 sägningsafgiftens
457 512 114 26 betydliga
586 512 146 27 nedsättning.

305 546 34 20 De
364 546 109 27 egentliga
495 546 184 21 tullinkomsterna
702 550 64 24 stego
782 547 67 28 enligt
864 547 131 28 kapitalräk-

233 587 104 20 ningarna

445 622 23 19 är
486 621 54 26 1889
555 621 31 20 till
604 626 131 21 17,457,447:
751 622 34 25 48.

453 672 9 11 n
486 655 53 26 1890
566 672 9 11 ,
602 660 134 21 20,541,227:
751 661 34 20 42.

452 706 9 11 n
485 689 49 26 1891
563 705 11 9 »
604 690 130 25 19,839,438;
751 695 35 20 24.

235 757 58 17 samt
308 753 66 28 enligt
388 753 88 28 uppgift
491 753 45 20 frän
552 753 154 26 Tullstyrelsen

442 800 23 20 är
483 800 52 25 1892
553 799 31 20 till
602 799 133 26 18,979,468:
752 804 32 21 37.

231 845 44 21 och

441 891 23 20 är
482 891 53 26 1893
551 891 31 20 till
600 890 134 27 18,411,607:
753 896 31 21 13.

302 937 43 21 Vid
362 936 124 27 jemförelse
501 936 25 21 af
538 936 185 21 tullinkomsterna
739 936 32 21 för
787 936 90 21 anförda
893 937 22 20 är
931 937 38 20 bör

230 971 145 22 betraktande
397 975 63 23 tagas
482 974 32 17 att
530 971 153 26 tullafgifterna
698 971 32 20 för
746 970 68 21 tobak
829 971 66 27 enligt
913 971 78 27 nädiga

231 1005 145 28 kungörelsen
396 1006 42 20 den
455 1011 24 14 21
500 1005 114 20 december
638 1005 49 26 1891
706 1005 46 20 frän
767 1005 23 20 är
808 1005 53 26 1892
877 1005 113 28 uppburits

229 1040 33 21 till
277 1039 98 27 förhöjda
391 1039 89 28 belopp.
510 1039 77 20 Denna
602 1039 126 27 förhöjning,
745 1045 48 14 som
808 1039 100 21 inträdde
923 1040 67 20 sedan

230 1075 44 20 den
289 1075 56 20 förra
360 1073 219 28 bevillningsafgiften
594 1073 50 21 med
660 1074 22 19 är
700 1074 50 25 1891
769 1073 102 27 upphört,
887 1073 38 21 har
939 1074 51 21 ökat

229 1109 162 21 tullintraderna
407 1108 50 21 med
472 1107 89 28 ungefär
579 1108 39 26 1'/,
634 1107 71 27 miljon
716 1107 67 21 mark.
808 1107 110 21 Afräknas
929 1108 61 21 detta

231 1143 100 25 tillskott,
356 1142 65 21 hafva
444 1142 192 25 tullinkomsterna,
659 1143 73 19 säsom
754 1142 102 27 naturligt
878 1142 23 20 är
923 1143 67 21 under

230 1178 105 20 inverkan
350 1177 24 20 af
387 1176 71 27 däliga
473 1176 90 21 skördar
579 1176 41 20 och
636 1176 82 21 mindre
732 1183 128 20 gynsamma
871 1176 118 22 affärskon-

226 1212 119 26 junkturer,
368 1211 76 21 utfallit
459 1210 48 21 icke
522 1211 24 20 sä
562 1210 46 22 litet
623 1218 92 19 svagare
730 1211 52 20 åren
800 1211 52 25 1892
869 1211 42 20 och
928 1212 61 26 1893,

229 1247 29 20 än
274 1246 27 21 de
317 1246 130 26 föregående
462 1248 79 18 tvenne
556 1246 57 20 åren.

299 1280 38 20 IV.
367 1280 101 26 Åfgifter
491 1279 39 21 vid
549 1279 120 21 anlitandet
689 1280 30 26 af
729 1279 111 21 särskilda
854 1280 134 20 statsanstal-

230 1317 40 18 ter.
300 1314 33 20 En
349 1313 104 22 återblick
468 1314 29 27 på
512 1313 145 21 inkomsterna
671 1314 38 20 vid
724 1314 85 20 landets
824 1314 87 20 kanaler
921 1314 67 21 under

229 1349 94 27 tidigare
345 1349 24 20 år
393 1355 38 20 ger
448 1348 36 20 vid
507 1348 91 25 handen,
622 1351 32 18 att
669 1351 32 17 ett
717 1348 106 20 definitivt
838 1348 129 27 nedgående
982 1350 6 19 i

228 1383 73 21 denna
323 1382 146 28 inkomstpost
492 1382 56 27 gjort
571 1384 33 26 sig
620 1382 106 27 gällande.
757 1382 76 21 Under
848 1382 28 20 de
890 1384 31 19 tio
937 1383 50 21 åren

230 1417 142 27 1871—1880
391 1416 98 28 inbragte
504 1416 115 21 kanalerna
634 1418 6 19 i
655 1416 63 27 årligt
733 1416 103 21 medeltal
851 1417 72 21 brutto
939 1418 48 26 ny

228 1455 103 23 791,350:
346 1462 35 10 —
410 1450 101 22 Derefter
526 1450 38 21 har
580 1450 121 22 inkomsten
716 1452 64 20 varit.

299 1492 131 16 Statsutskottets
442 1491 104 16 betänkande
558 1492 34 16 N:o
601 1496 19 16 3.
