<?xml version="1.0" encoding="UTF-8"?>
<alto xmlns="http://www.loc.gov/standards/alto/ns-v3#" xmlns:xlink="http://www.w3.org/1999/xlink" xmlns:xsi="http://www.w3.org/2001/XMLSchema-instance" xsi:schemaLocation="http://www.loc.gov/standards/alto/ns-v3# http://www.loc.gov/alto/v3/alto-3-0.xsd">
	<Description>
		<MeasurementUnit>pixel</MeasurementUnit>
		<sourceImageInformation>
			<fileName>/tmp/tess_tgo2h2aa_input.PNG</fileName>
		</sourceImageInformation>
		<OCRProcessing ID="OCR_0">
			<ocrProcessingStep>
				<processingSoftware>
					<softwareName>tesseract 5.3.4</softwareName>
				</processingSoftware>
			</ocrProcessingStep>
		</OCRProcessing>
	</Description>
	<Layout>
		<Page WIDTH="1103" HEIGHT="1700" PHYSICAL_IMG_NR="0" ID="page_0">
			<PrintSpace HPOS="0" VPOS="0" WIDTH="1103" HEIGHT="1700">
				<ComposedBlock ID="cblock_0" HPOS="179" VPOS="1272" WIDTH="51" HEIGHT="23">
					<TextBlock ID="block_0" HPOS="179" VPOS="1272" WIDTH="51" HEIGHT="23">
						<TextLine ID="line_0" HPOS="179" VPOS="1272" WIDTH="51" HEIGHT="23">
							<String ID="string_0" HPOS="179" VPOS="1272" WIDTH="11" HEIGHT="23" WC="0.83" CONTENT="8"/><SP WIDTH="15" VPOS="1272" HPOS="190"/>
							<String ID="string_1" HPOS="205" VPOS="1278" WIDTH="25" HEIGHT="15" WC="0.83" CONTENT="14."/>
						</TextLine>
					</TextBlock>
				</ComposedBlock>
				<ComposedBlock ID="cblock_1" HPOS="181" VPOS="1374" WIDTH="51" HEIGHT="23">
					<TextBlock ID="block_1" HPOS="181" VPOS="1374" WIDTH="51" HEIGHT="23">
						<TextLine ID="line_1" HPOS="181" VPOS="1374" WIDTH="51" HEIGHT="23">
							<String ID="string_2" HPOS="181" VPOS="1374" WIDTH="10" HEIGHT="23" WC="0.81" CONTENT="8"/><SP WIDTH="17" VPOS="1374" HPOS="191"/>
							<String ID="string_3" HPOS="208" VPOS="1379" WIDTH="24" HEIGHT="17" WC="0.81" CONTENT="15."/>
						</TextLine>
					</TextBlock>
				</ComposedBlock>
				<ComposedBlock ID="cblock_2" HPOS="274" VPOS="142" WIDTH="439" HEIGHT="22">
					<TextBlock ID="block_2" HPOS="274" VPOS="142" WIDTH="439" HEIGHT="22">
						<TextLine ID="line_2" HPOS="274" VPOS="142" WIDTH="439" HEIGHT="22">
							<String ID="string_4" HPOS="274" VPOS="144" WIDTH="26" HEIGHT="20" WC="0.96" CONTENT="12"/><SP WIDTH="228" VPOS="144" HPOS="300"/>
							<String ID="string_5" HPOS="528" VPOS="142" WIDTH="27" HEIGHT="22" WC="0.92" CONTENT="U."/><SP WIDTH="15" VPOS="142" HPOS="555"/>
							<String ID="string_6" HPOS="570" VPOS="142" WIDTH="25" HEIGHT="22" WC="0.89" CONTENT="B."/><SP WIDTH="15" VPOS="142" HPOS="595"/>
							<String ID="string_7" HPOS="610" VPOS="142" WIDTH="103" HEIGHT="22" WC="0.68" CONTENT="XXXII."/>
						</TextLine>
					</TextBlock>
				</ComposedBlock>
				<ComposedBlock ID="cblock_3" HPOS="235" VPOS="206" WIDTH="769" HEIGHT="1294">
					<TextBlock ID="block_3" HPOS="241" VPOS="206" WIDTH="763" HEIGHT="96">
						<TextLine ID="line_3" HPOS="242" VPOS="206" WIDTH="762" HEIGHT="30">
							<String ID="string_8" HPOS="242" VPOS="207" WIDTH="74" HEIGHT="26" WC="0.95" CONTENT="någon"/><SP WIDTH="19" VPOS="207" HPOS="316"/>
							<String ID="string_9" HPOS="335" VPOS="207" WIDTH="58" HEIGHT="21" WC="0.96" CONTENT="bank"/><SP WIDTH="18" VPOS="207" HPOS="393"/>
							<String ID="string_10" HPOS="411" VPOS="208" WIDTH="6" HEIGHT="20" WC="0.96" CONTENT="i"/><SP WIDTH="18" VPOS="208" HPOS="417"/>
							<String ID="string_11" HPOS="435" VPOS="206" WIDTH="33" HEIGHT="22" WC="0.96" CONTENT="S:t"/><SP WIDTH="20" VPOS="206" HPOS="468"/>
							<String ID="string_12" HPOS="488" VPOS="207" WIDTH="136" HEIGHT="27" WC="0.96" CONTENT="Petersburg,"/><SP WIDTH="19" VPOS="207" HPOS="624"/>
							<String ID="string_13" HPOS="643" VPOS="207" WIDTH="48" HEIGHT="21" WC="0.96" CONTENT="icke"/><SP WIDTH="14" VPOS="207" HPOS="691"/>
							<String ID="string_14" HPOS="705" VPOS="214" WIDTH="64" HEIGHT="14" WC="0.96" CONTENT="anser"/><SP WIDTH="14" VPOS="214" HPOS="769"/>
							<String ID="string_15" HPOS="783" VPOS="209" WIDTH="35" HEIGHT="27" WC="0.93" CONTENT="sig"/><SP WIDTH="15" VPOS="209" HPOS="818"/>
							<String ID="string_16" HPOS="833" VPOS="215" WIDTH="42" HEIGHT="21" WC="0.93" CONTENT="ega"/><SP WIDTH="14" VPOS="215" HPOS="875"/>
							<String ID="string_17" HPOS="889" VPOS="210" WIDTH="115" HEIGHT="26" WC="0.96" CONTENT="anledning"/>
						</TextLine>
						<TextLine ID="line_4" HPOS="242" VPOS="241" WIDTH="761" HEIGHT="27">
							<String ID="string_18" HPOS="242" VPOS="241" WIDTH="119" HEIGHT="21" WC="0.96" CONTENT="framställa"/><SP WIDTH="20" VPOS="241" HPOS="361"/>
							<String ID="string_19" HPOS="381" VPOS="242" WIDTH="67" HEIGHT="26" WC="0.92" CONTENT="något"/><SP WIDTH="25" VPOS="242" HPOS="448"/>
							<String ID="string_20" HPOS="473" VPOS="242" WIDTH="82" HEIGHT="26" WC="0.92" CONTENT="förslag"/><SP WIDTH="26" VPOS="242" HPOS="555"/>
							<String ID="string_21" HPOS="581" VPOS="242" WIDTH="32" HEIGHT="20" WC="0.95" CONTENT="till"/><SP WIDTH="18" VPOS="242" HPOS="613"/>
							<String ID="string_22" HPOS="631" VPOS="242" WIDTH="91" HEIGHT="26" WC="0.96" CONTENT="ändring"/><SP WIDTH="14" VPOS="242" HPOS="722"/>
							<String ID="string_23" HPOS="736" VPOS="244" WIDTH="6" HEIGHT="18" WC="0.96" CONTENT="i"/><SP WIDTH="16" VPOS="244" HPOS="742"/>
							<String ID="string_24" HPOS="758" VPOS="242" WIDTH="42" HEIGHT="21" WC="0.96" CONTENT="den"/><SP WIDTH="16" VPOS="242" HPOS="800"/>
							<String ID="string_25" HPOS="816" VPOS="244" WIDTH="123" HEIGHT="20" WC="0.93" CONTENT="nuvarande"/><SP WIDTH="15" VPOS="244" HPOS="939"/>
							<String ID="string_26" HPOS="954" VPOS="244" WIDTH="49" HEIGHT="20" WC="0.91" CONTENT="ord-"/>
						</TextLine>
						<TextLine ID="line_5" HPOS="241" VPOS="276" WIDTH="86" HEIGHT="26">
							<String ID="string_27" HPOS="241" VPOS="276" WIDTH="86" HEIGHT="26" WC="0.94" CONTENT="ningen."/>
						</TextLine>
					</TextBlock>
					<TextBlock ID="block_4" HPOS="240" VPOS="310" WIDTH="762" HEIGHT="574">
						<TextLine ID="line_6" HPOS="312" VPOS="310" WIDTH="689" HEIGHT="28">
							<String ID="string_28" HPOS="312" VPOS="310" WIDTH="43" HEIGHT="20" WC="0.95" CONTENT="Vid"/><SP WIDTH="16" VPOS="310" HPOS="355"/>
							<String ID="string_29" HPOS="371" VPOS="310" WIDTH="132" HEIGHT="26" WC="0.96" CONTENT="granskning"/><SP WIDTH="10" VPOS="310" HPOS="503"/>
							<String ID="string_30" HPOS="513" VPOS="310" WIDTH="25" HEIGHT="21" WC="0.96" CONTENT="af"/><SP WIDTH="7" VPOS="310" HPOS="538"/>
							<String ID="string_31" HPOS="545" VPOS="310" WIDTH="54" HEIGHT="21" WC="0.96" CONTENT="det"/><SP WIDTH="-3" VPOS="310" HPOS="599"/>
							<String ID="string_32" HPOS="596" VPOS="306" WIDTH="9" HEIGHT="36" WC="0.96" CONTENT="i"/><SP WIDTH="8" VPOS="306" HPOS="605"/>
							<String ID="string_33" HPOS="613" VPOS="310" WIDTH="12" HEIGHT="28" WC="0.71" CONTENT="8"/><SP WIDTH="14" VPOS="310" HPOS="625"/>
							<String ID="string_34" HPOS="639" VPOS="316" WIDTH="24" HEIGHT="15" WC="0.93" CONTENT="12"/><SP WIDTH="15" VPOS="316" HPOS="663"/>
							<String ID="string_35" HPOS="678" VPOS="311" WIDTH="142" HEIGHT="21" WC="0.91" CONTENT="omförmälda"/><SP WIDTH="14" VPOS="311" HPOS="820"/>
							<String ID="string_36" HPOS="834" VPOS="312" WIDTH="79" HEIGHT="20" WC="0.94" CONTENT="ärende"/><SP WIDTH="8" VPOS="312" HPOS="913"/>
							<String ID="string_37" HPOS="921" VPOS="312" WIDTH="39" HEIGHT="20" WC="0.93" CONTENT="har"/><SP WIDTH="10" VPOS="312" HPOS="960"/>
							<String ID="string_38" HPOS="970" VPOS="314" WIDTH="31" HEIGHT="18" WC="0.92" CONTENT="ut-"/>
						</TextLine>
						<TextLine ID="line_7" HPOS="241" VPOS="344" WIDTH="760" HEIGHT="27">
							<String ID="string_39" HPOS="241" VPOS="344" WIDTH="84" HEIGHT="20" WC="0.93" CONTENT="skottet"/><SP WIDTH="13" VPOS="344" HPOS="325"/>
							<String ID="string_40" HPOS="338" VPOS="344" WIDTH="104" HEIGHT="21" WC="0.92" CONTENT="inhemtat"/><SP WIDTH="9" VPOS="344" HPOS="442"/>
							<String ID="string_41" HPOS="451" VPOS="348" WIDTH="33" HEIGHT="17" WC="0.96" CONTENT="att"/><SP WIDTH="8" VPOS="348" HPOS="484"/>
							<String ID="string_42" HPOS="492" VPOS="344" WIDTH="37" HEIGHT="21" WC="0.93" CONTENT="det"/><SP WIDTH="8" VPOS="344" HPOS="529"/>
							<String ID="string_43" HPOS="537" VPOS="344" WIDTH="160" HEIGHT="27" WC="0.92" CONTENT="hyresförskott"/><SP WIDTH="8" VPOS="344" HPOS="697"/>
							<String ID="string_44" HPOS="705" VPOS="345" WIDTH="33" HEIGHT="21" WC="0.96" CONTENT="för"/><SP WIDTH="9" VPOS="345" HPOS="738"/>
							<String ID="string_45" HPOS="747" VPOS="352" WIDTH="27" HEIGHT="14" WC="0.92" CONTENT="en"/><SP WIDTH="7" VPOS="352" HPOS="774"/>
							<String ID="string_46" HPOS="781" VPOS="345" WIDTH="149" HEIGHT="21" WC="0.96" CONTENT="kontorslokal"/><SP WIDTH="9" VPOS="345" HPOS="930"/>
							<String ID="string_47" HPOS="939" VPOS="346" WIDTH="62" HEIGHT="20" WC="0.96" CONTENT="hvars"/>
						</TextLine>
						<TextLine ID="line_8" HPOS="241" VPOS="378" WIDTH="761" HEIGHT="26">
							<String ID="string_48" HPOS="241" VPOS="378" WIDTH="129" HEIGHT="20" WC="0.92" CONTENT="bevakande"/><SP WIDTH="15" VPOS="378" HPOS="370"/>
							<String ID="string_49" HPOS="385" VPOS="380" WIDTH="6" HEIGHT="18" WC="0.95" CONTENT="i"/><SP WIDTH="16" VPOS="380" HPOS="391"/>
							<String ID="string_50" HPOS="407" VPOS="385" WIDTH="26" HEIGHT="14" WC="0.96" CONTENT="en"/><SP WIDTH="15" VPOS="385" HPOS="433"/>
							<String ID="string_51" HPOS="448" VPOS="378" WIDTH="95" HEIGHT="21" WC="0.93" CONTENT="konkurs"/><SP WIDTH="16" VPOS="378" HPOS="543"/>
							<String ID="string_52" HPOS="559" VPOS="379" WIDTH="131" HEIGHT="25" WC="0.92" CONTENT="underlätits,"/><SP WIDTH="18" VPOS="379" HPOS="690"/>
							<String ID="string_53" HPOS="708" VPOS="379" WIDTH="25" HEIGHT="21" WC="0.96" CONTENT="af"/><SP WIDTH="11" VPOS="379" HPOS="733"/>
							<String ID="string_54" HPOS="744" VPOS="380" WIDTH="165" HEIGHT="20" WC="0.96" CONTENT="vederbörande"/><SP WIDTH="14" VPOS="380" HPOS="909"/>
							<String ID="string_55" HPOS="923" VPOS="380" WIDTH="79" HEIGHT="20" WC="0.96" CONTENT="kontor"/>
						</TextLine>
						<TextLine ID="line_9" HPOS="240" VPOS="412" WIDTH="761" HEIGHT="29">
							<String ID="string_56" HPOS="240" VPOS="412" WIDTH="37" HEIGHT="21" WC="0.93" CONTENT="vid"/><SP WIDTH="16" VPOS="412" HPOS="277"/>
							<String ID="string_57" HPOS="293" VPOS="412" WIDTH="128" HEIGHT="22" WC="0.92" CONTENT="förskottets"/><SP WIDTH="16" VPOS="412" HPOS="421"/>
							<String ID="string_58" HPOS="437" VPOS="413" WIDTH="140" HEIGHT="21" WC="0.92" CONTENT="utbetalande"/><SP WIDTH="15" VPOS="413" HPOS="577"/>
							<String ID="string_59" HPOS="592" VPOS="415" WIDTH="6" HEIGHT="19" WC="0.93" CONTENT="i"/><SP WIDTH="16" VPOS="415" HPOS="598"/>
							<String ID="string_60" HPOS="614" VPOS="414" WIDTH="134" HEIGHT="27" WC="0.92" CONTENT="vedertagen"/><SP WIDTH="15" VPOS="414" HPOS="748"/>
							<String ID="string_61" HPOS="763" VPOS="414" WIDTH="93" HEIGHT="27" WC="0.93" CONTENT="ordning"/><SP WIDTH="10" VPOS="414" HPOS="856"/>
							<String ID="string_62" HPOS="866" VPOS="414" WIDTH="135" HEIGHT="21" WC="0.92" CONTENT="observerats"/>
						</TextLine>
						<TextLine ID="line_10" HPOS="241" VPOS="447" WIDTH="761" HEIGHT="27">
							<String ID="string_63" HPOS="241" VPOS="447" WIDTH="68" HEIGHT="20" WC="0.96" CONTENT="under"/><SP WIDTH="15" VPOS="447" HPOS="309"/>
							<String ID="string_64" HPOS="324" VPOS="447" WIDTH="101" HEIGHT="20" WC="0.96" CONTENT="Finlands"/><SP WIDTH="15" VPOS="447" HPOS="425"/>
							<String ID="string_65" HPOS="440" VPOS="447" WIDTH="73" HEIGHT="21" WC="0.92" CONTENT="Banks"/><SP WIDTH="15" VPOS="447" HPOS="513"/>
							<String ID="string_66" HPOS="528" VPOS="447" WIDTH="96" HEIGHT="27" WC="0.92" CONTENT="räkning,"/><SP WIDTH="17" VPOS="447" HPOS="624"/>
							<String ID="string_67" HPOS="641" VPOS="454" WIDTH="48" HEIGHT="14" WC="0.96" CONTENT="men"/><SP WIDTH="16" VPOS="454" HPOS="689"/>
							<String ID="string_68" HPOS="705" VPOS="448" WIDTH="37" HEIGHT="20" WC="0.93" CONTENT="vid"/><SP WIDTH="15" VPOS="448" HPOS="742"/>
							<String ID="string_69" HPOS="757" VPOS="448" WIDTH="185" HEIGHT="22" WC="0.92" CONTENT="hufvudkontoret"/><SP WIDTH="13" VPOS="448" HPOS="942"/>
							<String ID="string_70" HPOS="955" VPOS="449" WIDTH="47" HEIGHT="20" WC="0.92" CONTENT="der-"/>
						</TextLine>
						<TextLine ID="line_11" HPOS="241" VPOS="480" WIDTH="761" HEIGHT="29">
							<String ID="string_71" HPOS="241" VPOS="480" WIDTH="56" HEIGHT="22" WC="0.96" CONTENT="efter"/><SP WIDTH="15" VPOS="480" HPOS="297"/>
							<String ID="string_72" HPOS="312" VPOS="481" WIDTH="31" HEIGHT="21" WC="0.96" CONTENT="till"/><SP WIDTH="16" VPOS="481" HPOS="343"/>
							<String ID="string_73" HPOS="359" VPOS="482" WIDTH="37" HEIGHT="20" WC="0.93" CONTENT="sitt"/><SP WIDTH="15" VPOS="482" HPOS="396"/>
							<String ID="string_74" HPOS="411" VPOS="481" WIDTH="135" HEIGHT="27" WC="0.92" CONTENT="ursprunliga"/><SP WIDTH="12" VPOS="481" HPOS="546"/>
							<String ID="string_75" HPOS="558" VPOS="482" WIDTH="82" HEIGHT="27" WC="0.93" CONTENT="belopp"/><SP WIDTH="11" VPOS="482" HPOS="640"/>
							<String ID="string_76" HPOS="651" VPOS="482" WIDTH="24" HEIGHT="20" WC="0.93" CONTENT="af"/><SP WIDTH="10" VPOS="482" HPOS="675"/>
							<String ID="string_77" HPOS="685" VPOS="483" WIDTH="77" HEIGHT="23" WC="0.92" CONTENT="18,000"/><SP WIDTH="9" VPOS="483" HPOS="762"/>
							<String ID="string_78" HPOS="771" VPOS="482" WIDTH="61" HEIGHT="21" WC="0.93" CONTENT="mark"/><SP WIDTH="12" VPOS="482" HPOS="832"/>
							<String ID="string_79" HPOS="844" VPOS="482" WIDTH="75" HEIGHT="22" WC="0.93" CONTENT="afförts"/><SP WIDTH="10" VPOS="482" HPOS="919"/>
							<String ID="string_80" HPOS="929" VPOS="483" WIDTH="73" HEIGHT="20" WC="0.92" CONTENT="säsom"/>
						</TextLine>
						<TextLine ID="line_12" HPOS="241" VPOS="515" WIDTH="760" HEIGHT="28">
							<String ID="string_81" HPOS="241" VPOS="515" WIDTH="162" HEIGHT="21" WC="0.90" CONTENT="omkostnader."/><SP WIDTH="31" VPOS="515" HPOS="403"/>
							<String ID="string_82" HPOS="434" VPOS="515" WIDTH="49" HEIGHT="21" WC="0.92" CONTENT="Den"/><SP WIDTH="23" VPOS="515" HPOS="483"/>
							<String ID="string_83" HPOS="506" VPOS="515" WIDTH="125" HEIGHT="21" WC="0.92" CONTENT="underlätna"/><SP WIDTH="22" VPOS="515" HPOS="631"/>
							<String ID="string_84" HPOS="653" VPOS="516" WIDTH="151" HEIGHT="27" WC="0.96" CONTENT="bevakningen"/><SP WIDTH="23" VPOS="516" HPOS="804"/>
							<String ID="string_85" HPOS="827" VPOS="524" WIDTH="65" HEIGHT="19" WC="0.96" CONTENT="synes"/><SP WIDTH="21" VPOS="524" HPOS="892"/>
							<String ID="string_86" HPOS="913" VPOS="517" WIDTH="88" HEIGHT="20" WC="0.96" CONTENT="sålunda"/>
						</TextLine>
						<TextLine ID="line_13" HPOS="241" VPOS="549" WIDTH="760" HEIGHT="29">
							<String ID="string_87" HPOS="241" VPOS="550" WIDTH="96" HEIGHT="20" WC="0.95" CONTENT="närmast"/><SP WIDTH="22" VPOS="550" HPOS="337"/>
							<String ID="string_88" HPOS="359" VPOS="549" WIDTH="64" HEIGHT="21" WC="0.95" CONTENT="hafva"/><SP WIDTH="23" VPOS="549" HPOS="423"/>
							<String ID="string_89" HPOS="446" VPOS="550" WIDTH="74" HEIGHT="21" WC="0.96" CONTENT="berott"/><SP WIDTH="22" VPOS="550" HPOS="520"/>
							<String ID="string_90" HPOS="542" VPOS="550" WIDTH="29" HEIGHT="27" WC="0.96" CONTENT="på"/><SP WIDTH="15" VPOS="550" HPOS="571"/>
							<String ID="string_91" HPOS="586" VPOS="554" WIDTH="32" HEIGHT="17" WC="0.96" CONTENT="att"/><SP WIDTH="16" VPOS="554" HPOS="618"/>
							<String ID="string_92" HPOS="634" VPOS="550" WIDTH="116" HEIGHT="21" WC="0.96" CONTENT="förskottet"/><SP WIDTH="15" VPOS="550" HPOS="750"/>
							<String ID="string_93" HPOS="765" VPOS="551" WIDTH="46" HEIGHT="20" WC="0.96" CONTENT="från"/><SP WIDTH="16" VPOS="551" HPOS="811"/>
							<String ID="string_94" HPOS="827" VPOS="551" WIDTH="174" HEIGHT="27" WC="0.96" CONTENT="räkenskaperna"/>
						</TextLine>
						<TextLine ID="line_14" HPOS="241" VPOS="583" WIDTH="760" HEIGHT="23">
							<String ID="string_95" HPOS="241" VPOS="583" WIDTH="76" HEIGHT="21" WC="0.91" CONTENT="afförts"/><SP WIDTH="16" VPOS="583" HPOS="317"/>
							<String ID="string_96" HPOS="333" VPOS="584" WIDTH="42" HEIGHT="20" WC="0.96" CONTENT="och"/><SP WIDTH="12" VPOS="584" HPOS="375"/>
							<String ID="string_97" HPOS="387" VPOS="591" WIDTH="26" HEIGHT="13" WC="0.96" CONTENT="en"/><SP WIDTH="16" VPOS="591" HPOS="413"/>
							<String ID="string_98" HPOS="429" VPOS="584" WIDTH="148" HEIGHT="21" WC="0.96" CONTENT="försummelse"/><SP WIDTH="15" VPOS="584" HPOS="577"/>
							<String ID="string_99" HPOS="592" VPOS="588" WIDTH="87" HEIGHT="17" WC="0.96" CONTENT="stannar"/><SP WIDTH="8" VPOS="588" HPOS="679"/>
							<String ID="string_100" HPOS="687" VPOS="585" WIDTH="115" HEIGHT="21" WC="0.96" CONTENT="kontorets"/><SP WIDTH="10" VPOS="585" HPOS="802"/>
							<String ID="string_101" HPOS="812" VPOS="585" WIDTH="147" HEIGHT="21" WC="0.96" CONTENT="föreståndare"/><SP WIDTH="11" VPOS="585" HPOS="959"/>
							<String ID="string_102" HPOS="970" VPOS="585" WIDTH="31" HEIGHT="21" WC="0.96" CONTENT="till"/>
						</TextLine>
						<TextLine ID="line_15" HPOS="240" VPOS="617" WIDTH="761" HEIGHT="28">
							<String ID="string_103" HPOS="240" VPOS="617" WIDTH="42" HEIGHT="22" WC="0.95" CONTENT="last"/><SP WIDTH="24" VPOS="617" HPOS="282"/>
							<String ID="string_104" HPOS="306" VPOS="619" WIDTH="77" HEIGHT="20" WC="0.96" CONTENT="endast"/><SP WIDTH="22" VPOS="619" HPOS="383"/>
							<String ID="string_105" HPOS="405" VPOS="619" WIDTH="107" HEIGHT="20" WC="0.96" CONTENT="såtillvida"/><SP WIDTH="23" VPOS="619" HPOS="512"/>
							<String ID="string_106" HPOS="535" VPOS="622" WIDTH="32" HEIGHT="17" WC="0.96" CONTENT="att"/><SP WIDTH="23" VPOS="622" HPOS="567"/>
							<String ID="string_107" HPOS="590" VPOS="619" WIDTH="192" HEIGHT="26" WC="0.93" CONTENT="hyreskontraktet"/><SP WIDTH="20" VPOS="619" HPOS="782"/>
							<String ID="string_108" HPOS="802" VPOS="619" WIDTH="152" HEIGHT="21" WC="0.92" CONTENT="öfverlemnats"/><SP WIDTH="15" VPOS="619" HPOS="954"/>
							<String ID="string_109" HPOS="969" VPOS="619" WIDTH="32" HEIGHT="21" WC="0.96" CONTENT="till"/>
						</TextLine>
						<TextLine ID="line_16" HPOS="240" VPOS="652" WIDTH="761" HEIGHT="27">
							<String ID="string_110" HPOS="240" VPOS="652" WIDTH="104" HEIGHT="21" WC="0.95" CONTENT="kontoret"/><SP WIDTH="23" VPOS="652" HPOS="344"/>
							<String ID="string_111" HPOS="367" VPOS="653" WIDTH="32" HEIGHT="20" WC="0.95" CONTENT="för"/><SP WIDTH="22" VPOS="653" HPOS="399"/>
							<String ID="string_112" HPOS="421" VPOS="656" WIDTH="33" HEIGHT="17" WC="0.95" CONTENT="att"/><SP WIDTH="20" VPOS="656" HPOS="454"/>
							<String ID="string_113" HPOS="474" VPOS="652" WIDTH="66" HEIGHT="26" WC="0.93" CONTENT="jemte"/><SP WIDTH="20" VPOS="652" HPOS="540"/>
							<String ID="string_114" HPOS="560" VPOS="653" WIDTH="271" HEIGHT="26" WC="0.91" CONTENT="inteckningsprotokollet"/><SP WIDTH="18" VPOS="653" HPOS="831"/>
							<String ID="string_115" HPOS="849" VPOS="653" WIDTH="36" HEIGHT="21" WC="0.96" CONTENT="vid"/><SP WIDTH="14" VPOS="653" HPOS="885"/>
							<String ID="string_116" HPOS="899" VPOS="653" WIDTH="102" HEIGHT="21" WC="0.96" CONTENT="kontoret"/>
						</TextLine>
						<TextLine ID="line_17" HPOS="240" VPOS="686" WIDTH="761" HEIGHT="28">
							<String ID="string_117" HPOS="240" VPOS="686" WIDTH="97" HEIGHT="21" WC="0.96" CONTENT="förvaras"/><SP WIDTH="16" VPOS="686" HPOS="337"/>
							<String ID="string_118" HPOS="353" VPOS="690" WIDTH="56" HEIGHT="17" WC="0.96" CONTENT="samt"/><SP WIDTH="15" VPOS="690" HPOS="409"/>
							<String ID="string_119" HPOS="424" VPOS="690" WIDTH="32" HEIGHT="17" WC="0.96" CONTENT="att"/><SP WIDTH="16" VPOS="690" HPOS="456"/>
							<String ID="string_120" HPOS="472" VPOS="687" WIDTH="102" HEIGHT="20" WC="0.96" CONTENT="kontoret"/><SP WIDTH="16" VPOS="687" HPOS="574"/>
							<String ID="string_121" HPOS="590" VPOS="687" WIDTH="77" HEIGHT="24" WC="0.96" CONTENT="derför,"/><SP WIDTH="17" VPOS="687" HPOS="667"/>
							<String ID="string_122" HPOS="684" VPOS="694" WIDTH="36" HEIGHT="13" WC="0.96" CONTENT="om"/><SP WIDTH="9" VPOS="694" HPOS="720"/>
							<String ID="string_123" HPOS="729" VPOS="687" WIDTH="27" HEIGHT="20" WC="0.96" CONTENT="än"/><SP WIDTH="9" VPOS="687" HPOS="756"/>
							<String ID="string_124" HPOS="765" VPOS="687" WIDTH="117" HEIGHT="27" WC="0.96" CONTENT="uttrycklig"/><SP WIDTH="10" VPOS="687" HPOS="882"/>
							<String ID="string_125" HPOS="892" VPOS="687" WIDTH="109" HEIGHT="21" WC="0.96" CONTENT="föreskrift"/>
						</TextLine>
						<TextLine ID="line_18" HPOS="240" VPOS="721" WIDTH="761" HEIGHT="27">
							<String ID="string_126" HPOS="240" VPOS="721" WIDTH="6" HEIGHT="19" WC="0.96" CONTENT="i"/><SP WIDTH="16" VPOS="721" HPOS="246"/>
							<String ID="string_127" HPOS="262" VPOS="721" WIDTH="79" HEIGHT="20" WC="0.96" CONTENT="sådant"/><SP WIDTH="21" VPOS="721" HPOS="341"/>
							<String ID="string_128" HPOS="362" VPOS="721" WIDTH="103" HEIGHT="20" WC="0.96" CONTENT="afseende"/><SP WIDTH="23" VPOS="721" HPOS="465"/>
							<String ID="string_129" HPOS="488" VPOS="721" WIDTH="47" HEIGHT="20" WC="0.96" CONTENT="icke"/><SP WIDTH="24" VPOS="721" HPOS="535"/>
							<String ID="string_130" HPOS="559" VPOS="721" WIDTH="126" HEIGHT="25" WC="0.96" CONTENT="meddelats,"/><SP WIDTH="22" VPOS="721" HPOS="685"/>
							<String ID="string_131" HPOS="707" VPOS="721" WIDTH="81" HEIGHT="21" WC="0.96" CONTENT="kunnat"/><SP WIDTH="16" VPOS="721" HPOS="788"/>
							<String ID="string_132" HPOS="804" VPOS="728" WIDTH="63" HEIGHT="14" WC="0.96" CONTENT="anses"/><SP WIDTH="16" VPOS="728" HPOS="867"/>
							<String ID="string_133" HPOS="883" VPOS="722" WIDTH="71" HEIGHT="26" WC="0.96" CONTENT="åligga"/><SP WIDTH="15" VPOS="722" HPOS="954"/>
							<String ID="string_134" HPOS="969" VPOS="725" WIDTH="32" HEIGHT="17" WC="0.96" CONTENT="att"/>
						</TextLine>
						<TextLine ID="line_19" HPOS="240" VPOS="754" WIDTH="761" HEIGHT="27">
							<String ID="string_135" HPOS="240" VPOS="754" WIDTH="151" HEIGHT="27" WC="0.96" CONTENT="bevakningen"/><SP WIDTH="24" VPOS="754" HPOS="391"/>
							<String ID="string_136" HPOS="415" VPOS="755" WIDTH="122" HEIGHT="26" WC="0.96" CONTENT="ombesörja"/><SP WIDTH="22" VPOS="755" HPOS="537"/>
							<String ID="string_137" HPOS="559" VPOS="755" WIDTH="51" HEIGHT="20" WC="0.96" CONTENT="eller"/><SP WIDTH="22" VPOS="755" HPOS="610"/>
							<String ID="string_138" HPOS="632" VPOS="755" WIDTH="39" HEIGHT="20" WC="0.96" CONTENT="hos"/><SP WIDTH="24" VPOS="755" HPOS="671"/>
							<String ID="string_139" HPOS="695" VPOS="755" WIDTH="96" HEIGHT="21" WC="0.96" CONTENT="bankens"/><SP WIDTH="17" VPOS="755" HPOS="791"/>
							<String ID="string_140" HPOS="808" VPOS="755" WIDTH="141" HEIGHT="21" WC="0.96" CONTENT="ombudsman"/><SP WIDTH="16" VPOS="755" HPOS="949"/>
							<String ID="string_141" HPOS="965" VPOS="762" WIDTH="36" HEIGHT="14" WC="0.96" CONTENT="om"/>
						</TextLine>
						<TextLine ID="line_20" HPOS="240" VPOS="789" WIDTH="761" HEIGHT="28">
							<String ID="string_142" HPOS="240" VPOS="789" WIDTH="68" HEIGHT="20" WC="0.96" CONTENT="saken"/><SP WIDTH="23" VPOS="789" HPOS="308"/>
							<String ID="string_143" HPOS="331" VPOS="789" WIDTH="90" HEIGHT="20" WC="0.94" CONTENT="anmäla."/><SP WIDTH="31" VPOS="789" HPOS="421"/>
							<String ID="string_144" HPOS="452" VPOS="789" WIDTH="113" HEIGHT="21" WC="0.94" CONTENT="Förlusten"/><SP WIDTH="23" VPOS="789" HPOS="565"/>
							<String ID="string_145" HPOS="588" VPOS="791" WIDTH="6" HEIGHT="19" WC="0.96" CONTENT="i"/><SP WIDTH="18" VPOS="791" HPOS="594"/>
							<String ID="string_146" HPOS="612" VPOS="789" WIDTH="116" HEIGHT="27" WC="0.96" CONTENT="anledning"/><SP WIDTH="14" VPOS="789" HPOS="728"/>
							<String ID="string_147" HPOS="742" VPOS="790" WIDTH="26" HEIGHT="20" WC="0.93" CONTENT="af"/><SP WIDTH="11" VPOS="790" HPOS="768"/>
							<String ID="string_148" HPOS="779" VPOS="790" WIDTH="162" HEIGHT="27" WC="0.92" CONTENT="bevakningens"/><SP WIDTH="15" VPOS="790" HPOS="941"/>
							<String ID="string_149" HPOS="956" VPOS="793" WIDTH="45" HEIGHT="18" WC="0.92" CONTENT="ute-"/>
						</TextLine>
						<TextLine ID="line_21" HPOS="241" VPOS="823" WIDTH="760" HEIGHT="28">
							<String ID="string_150" HPOS="241" VPOS="823" WIDTH="109" HEIGHT="21" WC="0.91" CONTENT="blifvande"/><SP WIDTH="21" VPOS="823" HPOS="350"/>
							<String ID="string_151" HPOS="371" VPOS="824" WIDTH="63" HEIGHT="20" WC="0.96" CONTENT="torde"/><SP WIDTH="22" VPOS="824" HPOS="434"/>
							<String ID="string_152" HPOS="456" VPOS="824" WIDTH="34" HEIGHT="20" WC="0.96" CONTENT="för"/><SP WIDTH="20" VPOS="824" HPOS="490"/>
							<String ID="string_153" HPOS="510" VPOS="823" WIDTH="66" HEIGHT="28" WC="0.92" CONTENT="öfrigt"/><SP WIDTH="22" VPOS="823" HPOS="576"/>
							<String ID="string_154" HPOS="598" VPOS="824" WIDTH="110" HEIGHT="21" WC="0.93" CONTENT="inskränkt"/><SP WIDTH="22" VPOS="824" HPOS="708"/>
							<String ID="string_155" HPOS="730" VPOS="825" WIDTH="34" HEIGHT="26" WC="0.96" CONTENT="sig"/><SP WIDTH="20" VPOS="825" HPOS="764"/>
							<String ID="string_156" HPOS="784" VPOS="824" WIDTH="32" HEIGHT="21" WC="0.96" CONTENT="till"/><SP WIDTH="15" VPOS="824" HPOS="816"/>
							<String ID="string_157" HPOS="831" VPOS="827" WIDTH="32" HEIGHT="18" WC="0.96" CONTENT="ett"/><SP WIDTH="15" VPOS="827" HPOS="863"/>
							<String ID="string_158" HPOS="878" VPOS="824" WIDTH="123" HEIGHT="27" WC="0.94" CONTENT="obetydligt"/>
						</TextLine>
						<TextLine ID="line_22" HPOS="240" VPOS="857" WIDTH="90" HEIGHT="27">
							<String ID="string_159" HPOS="240" VPOS="857" WIDTH="90" HEIGHT="27" WC="0.96" CONTENT="belopp."/>
						</TextLine>
					</TextBlock>
					<TextBlock ID="block_5" HPOS="237" VPOS="891" WIDTH="764" HEIGHT="370">
						<TextLine ID="line_23" HPOS="311" VPOS="891" WIDTH="689" HEIGHT="28">
							<String ID="string_160" HPOS="311" VPOS="891" WIDTH="121" HEIGHT="25" WC="0.95" CONTENT="Utskottet,"/><SP WIDTH="24" VPOS="891" HPOS="432"/>
							<String ID="string_161" HPOS="456" VPOS="899" WIDTH="48" HEIGHT="13" WC="0.95" CONTENT="som"/><SP WIDTH="16" VPOS="899" HPOS="504"/>
							<String ID="string_162" HPOS="520" VPOS="891" WIDTH="47" HEIGHT="21" WC="0.95" CONTENT="icke"/><SP WIDTH="16" VPOS="891" HPOS="567"/>
							<String ID="string_163" HPOS="583" VPOS="895" WIDTH="53" HEIGHT="17" WC="0.96" CONTENT="trott"/><SP WIDTH="17" VPOS="895" HPOS="636"/>
							<String ID="string_164" HPOS="653" VPOS="892" WIDTH="36" HEIGHT="20" WC="0.96" CONTENT="det"/><SP WIDTH="13" VPOS="892" HPOS="689"/>
							<String ID="string_165" HPOS="702" VPOS="892" WIDTH="58" HEIGHT="27" WC="0.96" CONTENT="ligga"/><SP WIDTH="14" VPOS="892" HPOS="760"/>
							<String ID="string_166" HPOS="774" VPOS="893" WIDTH="59" HEIGHT="19" WC="0.96" CONTENT="inom"/><SP WIDTH="11" VPOS="893" HPOS="833"/>
							<String ID="string_167" HPOS="844" VPOS="893" WIDTH="41" HEIGHT="20" WC="0.93" CONTENT="den"/><SP WIDTH="9" VPOS="893" HPOS="885"/>
							<String ID="string_168" HPOS="894" VPOS="893" WIDTH="12" HEIGHT="20" WC="0.92" CONTENT="å"/><SP WIDTH="11" VPOS="893" HPOS="906"/>
							<String ID="string_169" HPOS="917" VPOS="892" WIDTH="83" HEIGHT="21" WC="0.92" CONTENT="utskot-"/>
						</TextLine>
						<TextLine ID="line_24" HPOS="239" VPOS="926" WIDTH="761" HEIGHT="27">
							<String ID="string_170" HPOS="239" VPOS="929" WIDTH="32" HEIGHT="17" WC="0.96" CONTENT="tet"/><SP WIDTH="17" VPOS="929" HPOS="271"/>
							<String ID="string_171" HPOS="288" VPOS="926" WIDTH="67" HEIGHT="27" WC="0.96" CONTENT="enligt"/><SP WIDTH="23" VPOS="926" HPOS="355"/>
							<String ID="string_172" HPOS="378" VPOS="926" WIDTH="11" HEIGHT="26" WC="0.69" CONTENT="$"/><SP WIDTH="25" VPOS="926" HPOS="389"/>
							<String ID="string_173" HPOS="414" VPOS="927" WIDTH="24" HEIGHT="25" WC="0.92" CONTENT="38"/><SP WIDTH="22" VPOS="927" HPOS="438"/>
							<String ID="string_174" HPOS="460" VPOS="926" WIDTH="24" HEIGHT="20" WC="0.95" CONTENT="L."/><SP WIDTH="25" VPOS="926" HPOS="484"/>
							<String ID="string_175" HPOS="509" VPOS="926" WIDTH="27" HEIGHT="21" WC="0.93" CONTENT="O."/><SP WIDTH="24" VPOS="926" HPOS="536"/>
							<String ID="string_176" HPOS="560" VPOS="926" WIDTH="158" HEIGHT="21" WC="0.96" CONTENT="ankommande"/><SP WIDTH="19" VPOS="926" HPOS="718"/>
							<String ID="string_177" HPOS="737" VPOS="926" WIDTH="88" HEIGHT="27" WC="0.95" CONTENT="uppgift"/><SP WIDTH="15" VPOS="926" HPOS="825"/>
							<String ID="string_178" HPOS="840" VPOS="930" WIDTH="32" HEIGHT="17" WC="0.96" CONTENT="att"/><SP WIDTH="15" VPOS="930" HPOS="872"/>
							<String ID="string_179" HPOS="887" VPOS="927" WIDTH="49" HEIGHT="26" WC="0.96" CONTENT="ingå"/><SP WIDTH="16" VPOS="927" HPOS="936"/>
							<String ID="string_180" HPOS="952" VPOS="928" WIDTH="6" HEIGHT="19" WC="0.96" CONTENT="i"/><SP WIDTH="16" VPOS="928" HPOS="958"/>
							<String ID="string_181" HPOS="974" VPOS="933" WIDTH="26" HEIGHT="14" WC="0.96" CONTENT="en"/>
						</TextLine>
						<TextLine ID="line_25" HPOS="238" VPOS="959" WIDTH="762" HEIGHT="28">
							<String ID="string_182" HPOS="238" VPOS="959" WIDTH="99" HEIGHT="21" WC="0.93" CONTENT="närmare"/><SP WIDTH="22" VPOS="959" HPOS="337"/>
							<String ID="string_183" HPOS="359" VPOS="961" WIDTH="101" HEIGHT="26" WC="0.91" CONTENT="pröfning"/><SP WIDTH="22" VPOS="961" HPOS="460"/>
							<String ID="string_184" HPOS="482" VPOS="960" WIDTH="25" HEIGHT="21" WC="0.95" CONTENT="af"/><SP WIDTH="19" VPOS="960" HPOS="507"/>
							<String ID="string_185" HPOS="526" VPOS="960" WIDTH="96" HEIGHT="21" WC="0.95" CONTENT="bankens"/><SP WIDTH="16" VPOS="960" HPOS="622"/>
							<String ID="string_186" HPOS="638" VPOS="961" WIDTH="96" HEIGHT="26" WC="0.95" CONTENT="utlåning"/><SP WIDTH="15" VPOS="961" HPOS="734"/>
							<String ID="string_187" HPOS="749" VPOS="961" WIDTH="42" HEIGHT="20" WC="0.96" CONTENT="och"/><SP WIDTH="16" VPOS="961" HPOS="791"/>
							<String ID="string_188" HPOS="807" VPOS="961" WIDTH="67" HEIGHT="20" WC="0.96" CONTENT="andra"/><SP WIDTH="15" VPOS="961" HPOS="874"/>
							<String ID="string_189" HPOS="889" VPOS="961" WIDTH="88" HEIGHT="26" WC="0.95" CONTENT="detaljer"/><SP WIDTH="17" VPOS="961" HPOS="977"/>
							<String ID="string_190" HPOS="994" VPOS="962" WIDTH="6" HEIGHT="19" WC="0.96" CONTENT="i"/>
						</TextLine>
						<TextLine ID="line_26" HPOS="239" VPOS="994" WIDTH="762" HEIGHT="27">
							<String ID="string_191" HPOS="239" VPOS="994" WIDTH="97" HEIGHT="21" WC="0.96" CONTENT="bankens"/><SP WIDTH="20" VPOS="994" HPOS="336"/>
							<String ID="string_192" HPOS="356" VPOS="995" WIDTH="135" HEIGHT="26" WC="0.96" CONTENT="förvaltning,"/><SP WIDTH="17" VPOS="995" HPOS="491"/>
							<String ID="string_193" HPOS="508" VPOS="995" WIDTH="38" HEIGHT="20" WC="0.96" CONTENT="har"/><SP WIDTH="16" VPOS="995" HPOS="546"/>
							<String ID="string_194" HPOS="562" VPOS="995" WIDTH="119" HEIGHT="20" WC="0.96" CONTENT="emellertid"/><SP WIDTH="16" VPOS="995" HPOS="681"/>
							<String ID="string_195" HPOS="697" VPOS="998" WIDTH="72" HEIGHT="17" WC="0.96" CONTENT="ansett"/><SP WIDTH="16" VPOS="998" HPOS="769"/>
							<String ID="string_196" HPOS="785" VPOS="996" WIDTH="33" HEIGHT="25" WC="0.96" CONTENT="sig"/><SP WIDTH="15" VPOS="996" HPOS="818"/>
							<String ID="string_197" HPOS="833" VPOS="995" WIDTH="47" HEIGHT="20" WC="0.96" CONTENT="icke"/><SP WIDTH="16" VPOS="995" HPOS="880"/>
							<String ID="string_198" HPOS="896" VPOS="995" WIDTH="52" HEIGHT="20" WC="0.90" CONTENT="böra"/><SP WIDTH="15" VPOS="995" HPOS="948"/>
							<String ID="string_199" HPOS="963" VPOS="1002" WIDTH="38" HEIGHT="13" WC="0.90" CONTENT="un-"/>
						</TextLine>
						<TextLine ID="line_27" HPOS="239" VPOS="1028" WIDTH="762" HEIGHT="28">
							<String ID="string_200" HPOS="239" VPOS="1028" WIDTH="84" HEIGHT="21" WC="0.92" CONTENT="derlåta"/><SP WIDTH="20" VPOS="1028" HPOS="323"/>
							<String ID="string_201" HPOS="343" VPOS="1032" WIDTH="32" HEIGHT="17" WC="0.96" CONTENT="att"/><SP WIDTH="18" VPOS="1032" HPOS="375"/>
							<String ID="string_202" HPOS="393" VPOS="1029" WIDTH="93" HEIGHT="26" WC="0.96" CONTENT="granska"/><SP WIDTH="15" VPOS="1029" HPOS="486"/>
							<String ID="string_203" HPOS="501" VPOS="1029" WIDTH="129" HEIGHT="20" WC="0.96" CONTENT="hithörande"/><SP WIDTH="15" VPOS="1029" HPOS="630"/>
							<String ID="string_204" HPOS="645" VPOS="1029" WIDTH="107" HEIGHT="27" WC="0.93" CONTENT="åtgärder,"/><SP WIDTH="17" VPOS="1029" HPOS="752"/>
							<String ID="string_205" HPOS="769" VPOS="1029" WIDTH="71" HEIGHT="21" WC="0.93" CONTENT="såvidt"/><SP WIDTH="16" VPOS="1029" HPOS="840"/>
							<String ID="string_206" HPOS="856" VPOS="1029" WIDTH="27" HEIGHT="20" WC="0.96" CONTENT="de"/><SP WIDTH="16" VPOS="1029" HPOS="883"/>
							<String ID="string_207" HPOS="899" VPOS="1030" WIDTH="20" HEIGHT="19" WC="0.93" CONTENT="at"/><SP WIDTH="16" VPOS="1030" HPOS="919"/>
							<String ID="string_208" HPOS="935" VPOS="1029" WIDTH="66" HEIGHT="20" WC="0.92" CONTENT="bank-"/>
						</TextLine>
						<TextLine ID="line_28" HPOS="239" VPOS="1062" WIDTH="762" HEIGHT="28">
							<String ID="string_209" HPOS="239" VPOS="1062" WIDTH="134" HEIGHT="27" WC="0.95" CONTENT="fullmäktige"/><SP WIDTH="22" VPOS="1062" HPOS="373"/>
							<String ID="string_210" HPOS="395" VPOS="1063" WIDTH="104" HEIGHT="27" WC="0.95" CONTENT="vidtagits"/><SP WIDTH="23" VPOS="1063" HPOS="499"/>
							<String ID="string_211" HPOS="522" VPOS="1063" WIDTH="50" HEIGHT="20" WC="0.96" CONTENT="eller"/><SP WIDTH="22" VPOS="1063" HPOS="572"/>
							<String ID="string_212" HPOS="594" VPOS="1063" WIDTH="116" HEIGHT="27" WC="0.95" CONTENT="godkänts."/><SP WIDTH="31" VPOS="1063" HPOS="710"/>
							<String ID="string_213" HPOS="741" VPOS="1063" WIDTH="117" HEIGHT="21" WC="0.96" CONTENT="Utskottet"/><SP WIDTH="18" VPOS="1063" HPOS="858"/>
							<String ID="string_214" HPOS="876" VPOS="1063" WIDTH="38" HEIGHT="21" WC="0.96" CONTENT="har"/><SP WIDTH="16" VPOS="1063" HPOS="914"/>
							<String ID="string_215" HPOS="930" VPOS="1063" WIDTH="71" HEIGHT="21" WC="0.95" CONTENT="derför"/>
						</TextLine>
						<TextLine ID="line_29" HPOS="239" VPOS="1096" WIDTH="762" HEIGHT="28">
							<String ID="string_216" HPOS="239" VPOS="1096" WIDTH="65" HEIGHT="21" WC="0.96" CONTENT="äfven"/><SP WIDTH="15" VPOS="1096" HPOS="304"/>
							<String ID="string_217" HPOS="319" VPOS="1098" WIDTH="129" HEIGHT="26" WC="0.96" CONTENT="genomgått"/><SP WIDTH="15" VPOS="1098" HPOS="448"/>
							<String ID="string_218" HPOS="463" VPOS="1097" WIDTH="154" HEIGHT="27" WC="0.96" CONTENT="handlingarna"/><SP WIDTH="15" VPOS="1097" HPOS="617"/>
							<String ID="string_219" HPOS="632" VPOS="1099" WIDTH="6" HEIGHT="19" WC="0.96" CONTENT="i"/><SP WIDTH="16" VPOS="1099" HPOS="638"/>
							<String ID="string_220" HPOS="654" VPOS="1098" WIDTH="27" HEIGHT="20" WC="0.96" CONTENT="de"/><SP WIDTH="16" VPOS="1098" HPOS="681"/>
							<String ID="string_221" HPOS="697" VPOS="1099" WIDTH="6" HEIGHT="19" WC="0.93" CONTENT="i"/><SP WIDTH="13" VPOS="1099" HPOS="703"/>
							<String ID="string_222" HPOS="716" VPOS="1097" WIDTH="203" HEIGHT="27" WC="0.91" CONTENT="bankfullmäktiges"/><SP WIDTH="11" VPOS="1097" HPOS="919"/>
							<String ID="string_223" HPOS="930" VPOS="1097" WIDTH="71" HEIGHT="21" WC="0.93" CONTENT="berät-"/>
						</TextLine>
						<TextLine ID="line_30" HPOS="237" VPOS="1131" WIDTH="763" HEIGHT="29">
							<String ID="string_224" HPOS="237" VPOS="1131" WIDTH="57" HEIGHT="21" WC="0.92" CONTENT="telse"/><SP WIDTH="15" VPOS="1131" HPOS="294"/>
							<String ID="string_225" HPOS="309" VPOS="1131" WIDTH="67" HEIGHT="21" WC="0.93" CONTENT="under"/><SP WIDTH="16" VPOS="1131" HPOS="376"/>
							<String ID="string_226" HPOS="392" VPOS="1131" WIDTH="12" HEIGHT="29" WC="0.88" CONTENT="&amp;"/><SP WIDTH="19" VPOS="1131" HPOS="404"/>
							<String ID="string_227" HPOS="423" VPOS="1138" WIDTH="23" HEIGHT="20" WC="0.93" CONTENT="13"/><SP WIDTH="17" VPOS="1138" HPOS="446"/>
							<String ID="string_228" HPOS="463" VPOS="1131" WIDTH="142" HEIGHT="21" WC="0.92" CONTENT="omförmälda"/><SP WIDTH="21" VPOS="1131" HPOS="605"/>
							<String ID="string_229" HPOS="626" VPOS="1131" WIDTH="174" HEIGHT="28" WC="0.92" CONTENT="ackordsfrågor,"/><SP WIDTH="12" VPOS="1131" HPOS="800"/>
							<String ID="string_230" HPOS="812" VPOS="1139" WIDTH="49" HEIGHT="13" WC="0.96" CONTENT="men"/><SP WIDTH="10" VPOS="1139" HPOS="861"/>
							<String ID="string_231" HPOS="871" VPOS="1132" WIDTH="47" HEIGHT="21" WC="0.96" CONTENT="icke"/><SP WIDTH="11" VPOS="1132" HPOS="918"/>
							<String ID="string_232" HPOS="929" VPOS="1135" WIDTH="71" HEIGHT="18" WC="0.95" CONTENT="ansett"/>
						</TextLine>
						<TextLine ID="line_31" HPOS="238" VPOS="1166" WIDTH="762" HEIGHT="28">
							<String ID="string_233" HPOS="238" VPOS="1166" WIDTH="48" HEIGHT="20" WC="0.96" CONTENT="skäl"/><SP WIDTH="15" VPOS="1166" HPOS="286"/>
							<String ID="string_234" HPOS="301" VPOS="1166" WIDTH="31" HEIGHT="20" WC="0.96" CONTENT="till"/><SP WIDTH="15" VPOS="1166" HPOS="332"/>
							<String ID="string_235" HPOS="347" VPOS="1166" WIDTH="68" HEIGHT="27" WC="0.96" CONTENT="något"/><SP WIDTH="15" VPOS="1166" HPOS="415"/>
							<String ID="string_236" HPOS="430" VPOS="1166" WIDTH="110" HEIGHT="21" WC="0.96" CONTENT="uttalande"/><SP WIDTH="16" VPOS="1166" HPOS="540"/>
							<String ID="string_237" HPOS="556" VPOS="1166" WIDTH="111" HEIGHT="27" WC="0.96" CONTENT="föreligga,"/><SP WIDTH="18" VPOS="1166" HPOS="667"/>
							<String ID="string_238" HPOS="685" VPOS="1167" WIDTH="27" HEIGHT="20" WC="0.96" CONTENT="då"/><SP WIDTH="16" VPOS="1167" HPOS="712"/>
							<String ID="string_239" HPOS="728" VPOS="1168" WIDTH="65" HEIGHT="26" WC="0.96" CONTENT="ingen"/><SP WIDTH="13" VPOS="1168" HPOS="793"/>
							<String ID="string_240" HPOS="806" VPOS="1167" WIDTH="24" HEIGHT="20" WC="0.95" CONTENT="af"/><SP WIDTH="8" VPOS="1167" HPOS="830"/>
							<String ID="string_241" HPOS="838" VPOS="1167" WIDTH="162" HEIGHT="27" WC="0.95" CONTENT="ifrågavarande"/>
						</TextLine>
						<TextLine ID="line_32" HPOS="237" VPOS="1200" WIDTH="763" HEIGHT="28">
							<String ID="string_242" HPOS="237" VPOS="1200" WIDTH="279" HEIGHT="27" WC="0.90" CONTENT="ackordsangelägenheter"/><SP WIDTH="22" VPOS="1200" HPOS="516"/>
							<String ID="string_243" HPOS="538" VPOS="1202" WIDTH="6" HEIGHT="19" WC="0.96" CONTENT="i"/><SP WIDTH="23" VPOS="1202" HPOS="544"/>
							<String ID="string_244" HPOS="567" VPOS="1207" WIDTH="58" HEIGHT="14" WC="0.96" CONTENT="mera"/><SP WIDTH="23" VPOS="1207" HPOS="625"/>
							<String ID="string_245" HPOS="648" VPOS="1200" WIDTH="126" HEIGHT="27" WC="0.96" CONTENT="betydande"/><SP WIDTH="22" VPOS="1200" HPOS="774"/>
							<String ID="string_246" HPOS="796" VPOS="1202" WIDTH="49" HEIGHT="20" WC="0.96" CONTENT="mån"/><SP WIDTH="15" VPOS="1202" HPOS="845"/>
							<String ID="string_247" HPOS="860" VPOS="1200" WIDTH="96" HEIGHT="22" WC="0.96" CONTENT="inverkat"/><SP WIDTH="15" VPOS="1200" HPOS="956"/>
							<String ID="string_248" HPOS="971" VPOS="1201" WIDTH="29" HEIGHT="27" WC="0.96" CONTENT="på"/>
						</TextLine>
						<TextLine ID="line_33" HPOS="237" VPOS="1234" WIDTH="219" HEIGHT="27">
							<String ID="string_249" HPOS="237" VPOS="1234" WIDTH="98" HEIGHT="20" WC="0.95" CONTENT="bankens"/><SP WIDTH="16" VPOS="1234" HPOS="335"/>
							<String ID="string_250" HPOS="351" VPOS="1234" WIDTH="105" HEIGHT="27" WC="0.95" CONTENT="ställning."/>
						</TextLine>
					</TextBlock>
					<TextBlock ID="block_6" HPOS="237" VPOS="1268" WIDTH="763" HEIGHT="95">
						<TextLine ID="line_34" HPOS="308" VPOS="1268" WIDTH="692" HEIGHT="29">
							<String ID="string_251" HPOS="308" VPOS="1268" WIDTH="9" HEIGHT="20" WC="0.95" CONTENT="I"/><SP WIDTH="15" VPOS="1268" HPOS="317"/>
							<String ID="string_252" HPOS="332" VPOS="1268" WIDTH="116" HEIGHT="27" WC="0.96" CONTENT="anledning"/><SP WIDTH="23" VPOS="1268" HPOS="448"/>
							<String ID="string_253" HPOS="471" VPOS="1268" WIDTH="25" HEIGHT="21" WC="0.93" CONTENT="af"/><SP WIDTH="18" VPOS="1268" HPOS="496"/>
							<String ID="string_254" HPOS="514" VPOS="1269" WIDTH="186" HEIGHT="25" WC="0.91" CONTENT="ärsrevisionerna,"/><SP WIDTH="25" VPOS="1269" HPOS="700"/>
							<String ID="string_255" HPOS="725" VPOS="1269" WIDTH="72" HEIGHT="21" WC="0.93" CONTENT="hvilka"/><SP WIDTH="16" VPOS="1269" HPOS="797"/>
							<String ID="string_256" HPOS="813" VPOS="1269" WIDTH="137" HEIGHT="21" WC="0.92" CONTENT="omförmälas"/><SP WIDTH="16" VPOS="1269" HPOS="950"/>
							<String ID="string_257" HPOS="966" VPOS="1270" WIDTH="6" HEIGHT="20" WC="0.93" CONTENT="i"/><SP WIDTH="15" VPOS="1270" HPOS="972"/>
							<String ID="string_258" HPOS="987" VPOS="1268" WIDTH="13" HEIGHT="29" WC="0.91" CONTENT="$"/>
						</TextLine>
						<TextLine ID="line_35" HPOS="241" VPOS="1302" WIDTH="759" HEIGHT="28">
							<String ID="string_259" HPOS="241" VPOS="1307" WIDTH="26" HEIGHT="20" WC="0.96" CONTENT="14"/><SP WIDTH="16" VPOS="1307" HPOS="267"/>
							<String ID="string_260" HPOS="283" VPOS="1302" WIDTH="25" HEIGHT="20" WC="0.93" CONTENT="af"/><SP WIDTH="12" VPOS="1302" HPOS="308"/>
							<String ID="string_261" HPOS="320" VPOS="1302" WIDTH="202" HEIGHT="27" WC="0.90" CONTENT="bankfullmäktiges"/><SP WIDTH="15" VPOS="1302" HPOS="522"/>
							<String ID="string_262" HPOS="537" VPOS="1303" WIDTH="124" HEIGHT="25" WC="0.96" CONTENT="berättelse,"/><SP WIDTH="10" VPOS="1303" HPOS="661"/>
							<String ID="string_263" HPOS="671" VPOS="1303" WIDTH="38" HEIGHT="21" WC="0.96" CONTENT="har"/><SP WIDTH="15" VPOS="1303" HPOS="709"/>
							<String ID="string_264" HPOS="724" VPOS="1303" WIDTH="108" HEIGHT="21" WC="0.96" CONTENT="utskottet"/><SP WIDTH="11" VPOS="1303" HPOS="832"/>
							<String ID="string_265" HPOS="843" VPOS="1303" WIDTH="48" HEIGHT="21" WC="0.96" CONTENT="icke"/><SP WIDTH="12" VPOS="1303" HPOS="891"/>
							<String ID="string_266" HPOS="903" VPOS="1306" WIDTH="32" HEIGHT="18" WC="0.96" CONTENT="att"/><SP WIDTH="12" VPOS="1306" HPOS="935"/>
							<String ID="string_267" HPOS="947" VPOS="1303" WIDTH="53" HEIGHT="27" WC="0.96" CONTENT="göra"/>
						</TextLine>
						<TextLine ID="line_36" HPOS="237" VPOS="1336" WIDTH="230" HEIGHT="27">
							<String ID="string_268" HPOS="237" VPOS="1336" WIDTH="75" HEIGHT="27" WC="0.96" CONTENT="någon"/><SP WIDTH="16" VPOS="1336" HPOS="312"/>
							<String ID="string_269" HPOS="328" VPOS="1337" WIDTH="139" HEIGHT="26" WC="0.96" CONTENT="påminnelse."/>
						</TextLine>
					</TextBlock>
					<TextBlock ID="block_7" HPOS="235" VPOS="1370" WIDTH="765" HEIGHT="96">
						<TextLine ID="line_37" HPOS="310" VPOS="1370" WIDTH="690" HEIGHT="28">
							<String ID="string_270" HPOS="310" VPOS="1370" WIDTH="9" HEIGHT="20" WC="0.93" CONTENT="I"/><SP WIDTH="15" VPOS="1370" HPOS="319"/>
							<String ID="string_271" HPOS="334" VPOS="1370" WIDTH="177" HEIGHT="22" WC="0.92" CONTENT="bankutskottets"/><SP WIDTH="19" VPOS="1370" HPOS="511"/>
							<String ID="string_272" HPOS="530" VPOS="1371" WIDTH="137" HEIGHT="21" WC="0.96" CONTENT="betänkande"/><SP WIDTH="15" VPOS="1371" HPOS="667"/>
							<String ID="string_273" HPOS="682" VPOS="1372" WIDTH="42" HEIGHT="20" WC="0.96" CONTENT="N:o"/><SP WIDTH="16" VPOS="1372" HPOS="724"/>
							<String ID="string_274" HPOS="740" VPOS="1377" WIDTH="12" HEIGHT="15" WC="0.96" CONTENT="2"/><SP WIDTH="17" VPOS="1377" HPOS="752"/>
							<String ID="string_275" HPOS="769" VPOS="1371" WIDTH="39" HEIGHT="21" WC="0.96" CONTENT="har"/><SP WIDTH="15" VPOS="1371" HPOS="808"/>
							<String ID="string_276" HPOS="823" VPOS="1373" WIDTH="6" HEIGHT="19" WC="0.96" CONTENT="i"/><SP WIDTH="17" VPOS="1373" HPOS="829"/>
							<String ID="string_277" HPOS="846" VPOS="1371" WIDTH="154" HEIGHT="27" WC="0.94" CONTENT="sammanhang"/>
						</TextLine>
						<TextLine ID="line_38" HPOS="236" VPOS="1404" WIDTH="764" HEIGHT="28">
							<String ID="string_278" HPOS="236" VPOS="1404" WIDTH="53" HEIGHT="21" WC="0.96" CONTENT="med"/><SP WIDTH="22" VPOS="1404" HPOS="289"/>
							<String ID="string_279" HPOS="311" VPOS="1404" WIDTH="75" HEIGHT="27" WC="0.94" CONTENT="frågan"/><SP WIDTH="24" VPOS="1404" HPOS="386"/>
							<String ID="string_280" HPOS="410" VPOS="1412" WIDTH="36" HEIGHT="13" WC="0.96" CONTENT="om"/><SP WIDTH="15" VPOS="1412" HPOS="446"/>
							<String ID="string_281" HPOS="461" VPOS="1405" WIDTH="122" HEIGHT="21" WC="0.96" CONTENT="inrättande"/><SP WIDTH="18" VPOS="1405" HPOS="583"/>
							<String ID="string_282" HPOS="601" VPOS="1406" WIDTH="22" HEIGHT="20" WC="0.96" CONTENT="af"/><SP WIDTH="21" VPOS="1406" HPOS="623"/>
							<String ID="string_283" HPOS="644" VPOS="1409" WIDTH="32" HEIGHT="17" WC="0.93" CONTENT="ett"/><SP WIDTH="23" VPOS="1409" HPOS="676"/>
							<String ID="string_284" HPOS="699" VPOS="1406" WIDTH="69" HEIGHT="26" WC="0.92" CONTENT="fjerde"/><SP WIDTH="16" VPOS="1406" HPOS="768"/>
							<String ID="string_285" HPOS="784" VPOS="1406" WIDTH="216" HEIGHT="20" WC="0.92" CONTENT="direktörsembete"/><SP WIDTH="-12" VPOS="1406" HPOS="1000"/>
							<String ID="string_286" HPOS="988" VPOS="1400" WIDTH="16" HEIGHT="36" WC="0.95" CONTENT="i"/>
						</TextLine>
						<TextLine ID="line_39" HPOS="235" VPOS="1438" WIDTH="764" HEIGHT="28">
							<String ID="string_287" HPOS="235" VPOS="1438" WIDTH="88" HEIGHT="21" WC="0.96" CONTENT="banken"/><SP WIDTH="14" VPOS="1438" HPOS="323"/>
							<String ID="string_288" HPOS="337" VPOS="1440" WIDTH="68" HEIGHT="20" WC="0.93" CONTENT="redan"/><SP WIDTH="15" VPOS="1440" HPOS="405"/>
							<String ID="string_289" HPOS="420" VPOS="1441" WIDTH="125" HEIGHT="19" WC="0.82" CONTENT="framhällits"/><SP WIDTH="15" VPOS="1441" HPOS="545"/>
							<String ID="string_290" HPOS="560" VPOS="1444" WIDTH="34" HEIGHT="17" WC="0.95" CONTENT="att"/><SP WIDTH="9" VPOS="1444" HPOS="594"/>
							<String ID="string_291" HPOS="603" VPOS="1440" WIDTH="148" HEIGHT="26" WC="0.96" CONTENT="inspektioner"/><SP WIDTH="11" VPOS="1440" HPOS="751"/>
							<String ID="string_292" HPOS="762" VPOS="1440" WIDTH="25" HEIGHT="21" WC="0.96" CONTENT="af"/><SP WIDTH="8" VPOS="1440" HPOS="787"/>
							<String ID="string_293" HPOS="795" VPOS="1440" WIDTH="107" HEIGHT="21" WC="0.96" CONTENT="kontoren"/><SP WIDTH="9" VPOS="1440" HPOS="902"/>
							<String ID="string_294" HPOS="911" VPOS="1441" WIDTH="8" HEIGHT="20" WC="0.93" CONTENT="i"/><SP WIDTH="9" VPOS="1441" HPOS="919"/>
							<String ID="string_295" HPOS="928" VPOS="1440" WIDTH="71" HEIGHT="21" WC="0.61" CONTENT="lanus-"/>
						</TextLine>
					</TextBlock>
					<TextBlock ID="block_8" HPOS="305" VPOS="1478" WIDTH="331" HEIGHT="22">
						<TextLine ID="line_40" HPOS="305" VPOS="1478" WIDTH="331" HEIGHT="22">
							<String ID="string_296" HPOS="305" VPOS="1478" WIDTH="139" HEIGHT="16" WC="0.74" CONTENT="Bankutskottets"/><SP WIDTH="13" VPOS="1478" HPOS="444"/>
							<String ID="string_297" HPOS="457" VPOS="1478" WIDTH="105" HEIGHT="16" WC="0.96" CONTENT="betänkande"/><SP WIDTH="11" VPOS="1478" HPOS="562"/>
							<String ID="string_298" HPOS="573" VPOS="1479" WIDTH="35" HEIGHT="16" WC="0.95" CONTENT="N:o"/><SP WIDTH="10" VPOS="1479" HPOS="608"/>
							<String ID="string_299" HPOS="618" VPOS="1483" WIDTH="18" HEIGHT="17" WC="0.96" CONTENT="5."/>
						</TextLine>
					</TextBlock>
				</ComposedBlock>
			</PrintSpace>
		</Page>
	</Layout>
</alto>
