1103 1700
260 136 27 21 10
363 135 30 23 U.
408 136 29 21 B.
452 148 20 3 —
495 135 29 22 H.
541 135 26 22 F.
583 136 96 22 Antells
695 136 155 22 testamente.

228 210 50 22 gar,
293 204 82 21 hvilka
389 204 182 28 ursprungligen
586 204 92 21 tillhört
693 204 51 21 dels
759 205 180 21 Universitetets
955 204 36 22 hi-

229 238 265 28 storiskt-etnografiska
516 245 110 18 museum,
650 238 49 21 dels
722 238 89 21 Finska
825 238 166 21 Fornminnes-

229 272 146 28 föreningen,
399 272 49 21 dels
464 272 292 28 Studentafdelningarnas
772 272 156 28 etnografiska
943 279 47 14 mu-

230 314 72 18 seum,
320 320 25 2 -—
361 306 46 22 alla
429 306 66 22 dessa
517 306 127 29 rikhaltiga
667 306 127 28 samlingar
815 310 102 18 närmast
935 306 55 22 hän-

229 340 99 22 förande
351 341 36 28 sig
410 341 36 21 till
469 344 53 26 eget
540 341 66 21 lands
622 340 222 29 kulturutveckling,
861 341 23 27 b)
901 340 28 22 de
945 340 46 22 An-

230 374 92 22 tell'ska
350 375 302 29 antikvitetssamlingarna,
676 375 36 21 till
736 377 47 19 stor
806 374 37 22 del
866 374 126 22 berörande

229 409 44 21 vår
295 409 97 22 historia
413 410 75 21 under
502 410 100 21 svenska
618 410 72 26 tiden,
707 412 20 24 c)
744 409 28 21 de
787 409 130 21 Antell'ska
933 417 60 13 sam-

231 444 110 28 lingarna
364 444 26 21 af
411 444 160 28 arkeologiska
594 444 44 22 och
654 444 157 28 etnografiska
829 444 96 21 föremål
941 444 52 21 från

229 478 177 28 Nordamerika,
422 478 84 29 Japan,
523 486 28 13 m.
568 478 21 21 fl.
606 478 205 29 utomeuropeiska
826 478 92 27 länder;

301 514 35 21 2:0
352 514 167 20 numismatiska
534 514 129 27 samlingar,
680 512 124 22 bestående
821 513 25 21 af
859 515 21 25 a)
895 513 98 22 Univer-

231 547 92 22 sitetets
345 550 78 26 mynt-
439 548 43 21 och
498 547 198 29 medaljkabinett,
714 548 23 27 b)
753 548 93 21 Antells
862 550 73 26 mynt-
951 547 43 22 och

230 581 220 30 medaljsamlingar,
475 595 27 3 —
526 582 74 29 bägge
624 582 66 21 dessa
713 581 132 22 värdefulla
869 582 125 28 samlingar

231 616 146 22 hänförande
393 617 35 28 sig
443 617 65 21 såväl
524 617 36 21 till
576 620 53 25 eget
644 624 49 14 som
703 617 37 21 till
750 616 72 22 andra
830 616 66 21 lands
905 617 89 21 kultur-

231 650 166 22 förhållanden
412 651 74 21 under
501 651 62 21 olika
579 651 69 26 tider;

303 686 34 21 3:0
354 686 73 21 konst-
443 686 36 21 och
495 686 290 28 konstindustrisamlingar,
801 686 36 21 till
848 686 81 21 hvilka
939 686 56 22 höra

232 720 22 26 a)
275 720 90 21 Finska
380 720 227 29 Konstföreningens
624 722 62 20 stora
702 720 44 21 och
761 720 130 22 värdefulla
906 721 89 28 galleri,

232 754 23 28 b)
281 755 96 28 Cygnei
400 755 82 28 galleri
505 755 127 28 (tillhörigt
653 755 114 21 Finlands
789 755 65 27 folk),
880 768 23 3 —
921 755 74 29 bägge

232 789 200 28 hufvudsakligen
447 789 164 22 innehällande
622 789 70 22 alster
705 789 27 22 af
739 789 108 22 inhemsk
856 789 76 27 konst,
943 797 53 14 men

230 822 72 23 äfven
315 823 125 22 utländska
449 829 111 16 mästares
572 823 74 28 tafior,
658 825 21 26 c)
687 824 181 21 Universitetets
877 823 116 28 skulptur-

231 857 108 29 samling,
362 858 163 21 innehällande
548 858 85 21 talrika
648 858 217 29 gipsafgjutningar
880 858 59 21 efter
954 866 39 13 an-

231 891 78 22 tikens
326 892 42 21 och
385 892 44 21 den
439 892 123 22 italienska
573 896 164 18 renässansens
751 893 63 26 verk,
828 893 24 26 d)
864 893 129 21 Antell'ska

232 927 138 28 samlingen,
386 927 124 21 bestående
526 927 26 21 af
565 929 34 19 ett
615 927 88 21 mindre
717 927 64 21 antal
793 927 64 21 såväl
868 927 67 21 taflor
945 934 48 15 som

231 960 168 29 skulpturverk
414 961 26 22 af
452 961 58 22 bäde
525 961 125 22 utländska
661 961 43 22 och
717 961 122 22 inhemska
850 961 143 27 konstnärer,

232 996 23 26 e)
278 995 264 29 Konstflitföreningens
564 996 8 20 i
591 996 102 21 Finland
709 996 134 28 samlingar,
858 996 37 21 till
911 998 84 19 största

232 1029 69 22 delen
317 1029 165 23 innehällande
497 1030 69 22 alster
582 1030 26 22 af
620 1030 61 21 finsk
696 1030 114 22 konstflit.

303 1065 162 22 Tvifvelsutan
489 1073 53 21 eger
563 1066 81 21 landet
662 1066 8 21 i
686 1066 68 22 dessa
770 1066 126 29 samlingar
911 1069 34 19 ett
960 1066 35 22 för

232 1099 59 22 vära
305 1099 162 22 förhällanden
483 1100 58 21 bäde
556 1100 123 29 rikhaltigt
695 1101 43 21 och
753 1101 128 21 värdefullt
891 1101 105 22 material

233 1133 38 22 för
294 1137 33 18 ett
350 1134 215 28 nationalmuseum,
588 1138 34 18 ett
636 1136 106 20 material
759 1142 49 14 som
825 1135 117 22 dessutom
958 1143 38 21 ge-

232 1175 57 14 nom
306 1168 44 22 den
367 1169 26 21 af
405 1169 80 21 Antell
500 1169 116 22 donerade
632 1170 111 28 miljonen
760 1170 37 21 till
814 1170 90 21 ökande
915 1169 26 22 af
949 1177 47 14 mu-

234 1205 62 19 seets
319 1203 127 29 samlingar
469 1204 85 21 medels
577 1204 72 28 inköp
672 1204 27 21 af
717 1204 99 22 föremäl
831 1204 53 21 utaf
897 1204 100 28 verkligt

234 1237 73 21 värde
327 1237 120 23 äfvensom
462 1246 84 20 genom
562 1238 44 22 den
622 1238 27 22 af
661 1238 75 22 framl.
753 1238 125 22 statsrådet
894 1238 103 22 Herman

234 1270 145 24 Hallonblad
400 1272 42 22 och
462 1272 58 22 hans
536 1272 68 22 maka
619 1272 122 22 Elisabeth
757 1272 36 22 till
808 1272 89 22 Finska
911 1272 86 22 Konst-

234 1306 141 28 föreningen
397 1307 97 29 nyligen
514 1307 82 29 gjorda
611 1307 205 21 testamentariska
831 1307 168 29 dispositionen

235 1340 28 22 af
276 1342 93 25 200,000
383 1341 66 22 mark
465 1341 36 21 till
516 1342 71 28 inköp
604 1342 26 21 af
642 1342 123 21 inhemska
780 1341 127 21 konstverk
918 1341 42 22 har
971 1341 28 22 de

235 1377 62 19 mest
311 1375 110 21 lofvande
435 1376 99 21 utsikter
549 1378 35 19 att
600 1376 68 22 snabt
679 1376 43 22 och
733 1376 39 21 väl
785 1379 66 18 växa.
875 1375 124 22 Olikheten

234 1410 9 20 i
260 1409 68 22 dessa
343 1410 137 28 samlingars
496 1417 68 21 egare
580 1410 43 22 och
634 1410 147 28 förvaltning
792 1410 97 21 emellan
901 1410 98 28 antyder

234 1443 84 27 likväl,
349 1444 59 22 huru
436 1444 56 29 föga
522 1444 66 22 dessa
618 1444 128 29 samlingar
776 1446 49 20 tills
852 1446 81 20 vidare
956 1451 44 22 ega

307 1484 105 18 Allmänna
424 1484 170 18 Besvärsutskottets
606 1484 112 19 betänkande
731 1486 37 16 N:o
783 1485 27 17 19.
