1103 1700
260 116 40 21 116
603 116 21 21 I

231 190 79 16 ansvar
325 184 122 27 frikändes;
464 184 39 22 och
518 184 90 22 emedan
624 184 36 22 I:s
675 183 197 23 rättsinnehafvare
882 184 71 28 afsagt
963 184 33 27 sig

232 216 96 29 anspråk
350 217 29 28 på
401 218 28 22 all
452 218 137 28 godtgörelse
604 218 7 22 i
628 218 72 28 säken,
714 218 90 22 förfölle
818 218 40 22 allt
873 218 74 22 vidare
961 220 34 19 ut-

231 252 89 22 låtande
335 253 80 22 derom.

302 287 154 28 Underdåniga
479 288 76 21 besvär
572 287 58 22 öfver
646 288 94 27 utslaget
755 287 65 21 hafva
835 287 20 27 ej
871 287 70 22 blifvit
957 293 37 15 an-

232 322 70 21 förda.

302 424 192 22 Rådstufvurätten
510 425 7 21 i
533 424 25 22 G.
582 425 50 21 stad
654 425 55 22 hade
730 426 28 26 pä
781 424 73 22 ätalan
874 424 23 21 af
911 424 84 22 stadsfi-

232 459 76 21 skalen
324 459 31 27 F.,
371 460 13 20 &
399 460 103 26 tjenstens
518 461 87 25 vägnar,
622 459 55 22 efter
693 459 117 27 angifvelse
829 458 24 22 af
866 458 129 22 urmakaren

232 494 34 26 A.,
283 493 72 22 såsom
370 494 144 27 mälsegande,
529 494 91 22 medelst
636 494 71 27 utslag
723 494 42 22 den
781 494 27 22 27
828 493 96 22 Oktober
941 494 54 20 1884

232 528 109 22 förklarat
360 530 154 26 torparesonen
531 529 28 21 H.
582 535 53 15 vara
650 528 120 22 förvunnen
785 530 33 20 att
833 528 64 22 hafva
912 528 41 22 den
970 528 25 21 13

233 562 7 22 i
257 569 83 15 samma
355 562 75 23 mänad
446 563 48 22 frän
509 563 37 22 A:s
561 562 213 23 urmakeriverkstad
784 563 8 21 i
802 562 68 28 sagda
885 562 47 22 stad
943 562 53 22 olof-

233 597 58 27 ligen
314 598 99 27 tillgripit
435 600 32 19 ett
489 599 25 20 A.
537 598 106 27 tillhörigt
664 598 70 21 fickur
756 597 24 22 af
796 599 28 20 25
844 597 72 22 marks
931 597 65 22 värde

234 634 57 19 samt
305 631 58 28 förty
377 632 49 21 med
441 632 119 27 äberopadt
575 633 50 21 stöd
641 632 23 22 af
677 633 13 20 3
706 633 12 27 &
734 633 28 21 40
777 632 51 27 kap.
838 632 28 21 M.
877 632 32 28 B.,
919 631 77 22 sådant

234 672 84 15 samma
340 666 83 27 lagrum
444 667 62 27 lyder
520 667 8 21 i
543 667 80 27 nådiga
638 667 155 27 förordningen
809 667 41 20 den
865 667 27 21 20
907 666 90 22 Januari

236 701 63 26 1779,
315 701 61 21 dömt
390 701 35 27 H.,
441 707 47 16 som
505 701 24 22 är
546 702 54 21 1876
616 701 71 22 blifvit
701 702 35 21 till
751 702 51 27 laga
818 707 77 16 ansvar
908 701 45 21 fäld
963 701 33 21 för

235 735 69 21 första
319 741 62 15 resan
397 735 157 27 inbrottsstöld,
571 737 32 20 att
619 735 71 22 säsom
705 736 35 21 för
755 735 70 22 andra
839 741 63 16 resan
912 735 84 27 tjufnad

234 769 52 21 böta
309 769 41 21 den
372 770 72 21 stulna
466 771 142 26 egendomens
630 771 67 21 värde
719 770 48 28 fyra
790 771 81 26 gänger
891 770 48 21 med
956 770 40 21 100

234 803 70 28 mark,
328 804 33 21 till
384 806 68 20 utsatt
467 805 127 27 fördelning,
610 805 60 27 eller,
685 805 36 21 vid
737 805 114 22 bristande
866 804 129 27 betalnings-

234 837 97 28 tillgäng,
347 838 86 22 straffas
449 839 49 21 med
515 841 45 25 spö,
576 840 118 21 uträknadt
709 839 56 22 efter
781 839 37 22 det
833 839 83 22 stulnas
931 839 66 21 värde

234 872 42 21 och
300 873 72 21 tillökt
394 873 48 22 med
464 873 42 22 fem
522 880 40 21 par
577 874 39 21 och
634 874 84 22 således
733 875 50 20 med
799 874 91 27 tillhopa
905 874 30 21 tio
951 880 44 21 par,

234 909 35 19 tre
292 907 47 26 slag
361 907 24 22 af
398 910 68 25 paret,
483 909 81 21 hvilket
580 909 145 27 kroppsstraff
738 909 29 22 H.
780 909 81 27 jemväl
877 908 119 27 undergätt.

304 941 62 22 Efter
380 942 74 22 härom
470 943 96 21 erhällen
582 943 121 22 kännedom
718 943 52 22 fann
787 943 66 22 Wasa
868 943 81 22 hofrätt
964 943 33 26 sig

234 975 125 23 föranlåten
375 977 111 22 remittera
501 977 155 28 handlingarna
666 978 8 21 i
683 978 68 21 saken
766 977 36 22 till
820 977 177 22 advokatfiskals-

235 1011 95 21 embetet
345 1011 7 21 i
367 1011 100 22 afseende
482 1011 13 22 &
509 1012 114 22 utförande
642 1012 23 21 af
679 1012 41 22 den
739 1012 67 27 talan,
823 1011 86 22 hvartill
923 1011 74 22 anled-

234 1045 54 27 ning
303 1045 71 22 kunde
389 1045 139 22 förekomma.

306 1080 42 21 Till
371 1080 52 27 följd
438 1081 64 21 häraf
514 1081 81 28 androg
610 1081 186 22 advokatfiskalen
812 1081 7 21 i
835 1081 162 22 embetsmemo-

234 1115 44 21 rial
294 1115 23 21 af
332 1116 41 21 den
391 1116 26 21 12
432 1116 120 22 November
570 1117 62 26 1887,
640 1118 33 20 att
688 1117 69 21 ehuru
772 1116 35 27 H.,
819 1116 66 27 enligt
895 1116 55 22 hvad
961 1116 36 22 det

236 1155 35 15 om
294 1149 53 21 hans
367 1150 61 21 ålder
443 1150 39 22 och
497 1150 55 28 frejd
567 1151 132 27 meddelade,
715 1152 7 20 i
737 1150 196 22 rädstufvurättens
949 1157 48 21 pro-

235 1183 70 22 tokoll
321 1184 88 26 intagna
419 1184 119 27 prestbevis
549 1186 105 26 utvisade,
665 1185 139 22 derförinnan
815 1185 75 21 endast
899 1185 35 21 vid
945 1187 52 19 tret-

236 1220 38 19 ton
299 1218 34 22 års
357 1218 59 22 ålder
438 1219 70 22 blifvit
524 1220 64 21 dömd
604 1220 34 21 för
652 1220 155 22 inbrottsstöld
822 1220 34 21 till
871 1220 72 26 risaga
957 1219 39 22 och

235 1252 42 22 den
301 1252 77 22 honom
401 1253 36 21 vid
460 1254 94 21 nämnda
576 1254 61 22 ålder
658 1254 33 22 till
710 1255 43 21 last
769 1256 67 25 tagna
851 1254 84 22 stölden
951 1254 46 22 icke

235 1287 52 21 bort
302 1287 55 21 efter
373 1288 36 20 det
429 1288 42 22 han
486 1290 92 26 uppnätt
593 1295 76 21 mogen
685 1289 61 21 älder
762 1289 37 21 vid
814 1288 90 28 förnyad
918 1288 79 23 brotts-

235 1321 71 27 lighet
321 1321 84 27 förhöja
420 1322 160 26 staffbarheten,
592 1323 56 21 hade
658 1323 188 22 rädstufvurätten
864 1323 64 21 likväl
939 1323 59 21 dömt

234 1356 28 21 H.
279 1356 70 21 säsom
368 1355 34 22 för
417 1357 67 21 andra
500 1364 62 14 resan
578 1357 85 27 tjufnad
679 1358 6 22 i
701 1358 74 21 stället
790 1357 41 26 för,
847 1357 69 21 säsom
932 1359 66 20 rätte-

234 1390 58 27 ligen
307 1391 50 21 bort
373 1390 44 28 ske,
433 1391 69 22 första
516 1398 63 16 resan
598 1392 67 22 sådan
680 1392 137 28 förbrytelse,
834 1392 6 20 i
856 1391 52 28 följd
923 1392 77 21 hvaraf

234 1424 29 22 H,
283 1425 82 27 jomväl
383 1426 92 22 kommit
489 1428 33 21 att
537 1427 97 27 undergå
649 1427 87 22 svårare
752 1422 146 36 kroppsstraff
912 1428 27 20 än
953 1426 45 28 lag-
