1103 1700
482 117 21 21 H
810 118 40 21 199

111 186 88 27 enhvar,
222 192 47 15 som
291 185 103 28 sysslolös
417 185 85 27 stryker
525 186 99 27 omkring
639 185 49 22 frän
705 188 35 20 ort
755 186 34 22 till
805 192 71 16 annan

111 222 54 20 utan
179 220 70 22 medel
264 220 33 21 till
308 220 37 22 sitt
355 220 121 27 uppehälle,
488 220 39 21 der
540 220 20 27 ej
572 220 214 27 omständigheterna
796 221 80 27 ädaga-

112 254 71 28 lägga,
199 256 33 20 att
253 254 44 22 han
316 254 63 22 söker
395 254 83 27 arbete,
494 254 55 22 dock
564 256 34 20 att
613 254 67 27 enligt
695 260 83 16 samma
793 254 83 22 förord-

111 289 52 27 ning
185 288 33 22 till
240 288 115 22 enahanda
376 288 99 28 kategori
498 288 102 22 hänföres
622 289 78 27 jemväl
716 288 48 27 den,
780 295 47 16 som
844 289 32 22 el-

109 323 52 28 jest,
183 325 52 19 utan
257 324 34 20 att
313 329 40 21 ega
372 322 70 22 medel
461 322 34 22 till
511 322 39 22 sitt
564 323 122 27 uppehälle,
702 323 126 22 underlåter
844 325 32 20 att

112 358 55 21 efter
189 356 98 29 förmäga
305 357 54 22 söka
374 357 83 27 ärligen
472 357 93 28 försörja
580 357 33 27 sig
628 357 40 22 och
684 357 72 22 tillika
770 357 59 23 förer
844 360 32 19 ett

112 391 77 22 sädant
204 391 135 27 lefnadssätt,
356 393 33 20 att
404 391 55 22 väda
474 392 64 21 deraf
551 391 90 28 uppstär
657 392 33 21 för
705 392 83 22 allmän
802 392 74 22 säker-

112 426 44 27 het,
172 426 90 28 ordning
277 426 54 22 eller
345 426 113 28 sedlighet.

184 462 43 21 Det
243 463 25 19 är
283 461 64 27 klart,
363 460 71 22 säsom
454 460 65 22 ofvan
536 462 66 21 redan
618 461 113 28 antyddes,
747 463 33 20 att
795 462 35 21 vid
845 463 31 20 ett

112 496 79 21 strikte
213 495 144 22 fasthällande
379 495 36 21 vid
438 495 27 21 de
488 495 170 27 bestämningar,
681 501 48 16 som
745 496 7 21 i
770 496 54 21 1883
841 495 35 22 års

113 530 126 27 förordning
253 530 108 26 uppstälts
376 530 34 21 för
425 532 34 19 att
474 535 28 16 en
518 536 77 20 person
611 530 36 21 mä
661 529 73 22 kunna
748 530 71 22 säsom
834 530 42 21 lös-

113 564 93 22 drifvare
227 564 129 27 behandlas,
378 564 96 22 nämnda
496 564 162 27 bestämningar
680 564 7 21 i
709 566 78 25 ytterst
802 564 23 22 fä
839 564 37 22 fall

112 599 74 22 kunna
208 599 87 22 komma
317 599 34 22 till
371 599 145 27 användning,
532 601 23 25 ty
570 599 70 21 sällan
655 598 62 22 torde
732 599 102 27 samtliga
850 599 26 21 de

112 633 185 27 förutsättningar,
320 639 46 16 som
389 633 68 27 sagda
480 633 162 27 bestämningar
663 633 114 27 innefatta,
800 634 29 27 pä
848 639 27 16 en

113 667 57 28 gäng
185 668 162 22 sammanträffa
361 668 40 22 hos
417 674 25 16 en
458 674 85 21 person.
559 668 29 21 Sä
599 669 73 20 kunna
682 674 110 21 personer,
802 668 74 22 hvilka

112 703 86 27 åtnjuta
213 703 32 21 sin
260 703 106 27 bergning
380 709 76 21 genom
476 709 84 15 annans
577 703 140 26 omvårdnad,
733 705 53 19 utan
801 702 75 23 tvifvel

113 737 93 27 mängen
220 738 58 27 gäng
297 743 76 22 genom
388 739 33 20 ett
435 737 182 27 kringstrykande
627 737 41 22 och
679 737 92 22 lastbart
782 737 94 22 lefverne

113 771 66 22 blifva
209 771 24 22 sä
259 771 79 28 farliga
364 771 34 22 för
419 771 42 22 den
486 771 112 22 allmänna
623 771 116 28 ordningen
764 771 40 22 och
829 771 47 22 sed-

113 806 102 27 ligheten,
235 808 34 20 att
292 808 32 20 ett
345 806 183 27 tillvaratagande
551 806 23 21 af
588 806 73 27 dylika
676 812 104 21 personer
794 805 60 22 säväl
868 806 8 20 i

113 840 41 22 den
177 841 110 21 allmänna
309 840 132 28 ordningens
464 841 92 22 intresse
578 847 46 15 som
646 841 7 21 i
669 840 101 22 afseende
786 840 12 22 &
814 840 62 22 deras

113 875 101 22 rättande
228 875 34 22 för
277 875 117 22 framtiden
408 875 43 22 kan
462 881 66 22 synas
538 875 50 22 fullt
599 875 139 26 motiveradt;
754 875 40 21 och
806 880 70 16 exem-

112 909 36 28 pel
170 909 28 28 pä
213 909 73 28 dylika
304 909 44 27 fall,
364 909 90 22 hvarvid
470 910 38 21 det
522 911 28 20 än
564 909 57 22 varit
636 915 91 16 mannen
742 911 28 19 än
785 909 90 21 hustrun

113 944 8 21 i
137 943 40 22 den
192 944 117 21 arbetande
331 944 93 27 klassen,
440 950 46 15 som
502 950 78 21 genom
597 944 41 21 den
654 944 70 21 andra
739 943 87 22 makens
842 949 33 15 ar-

113 978 50 22 bete
182 978 89 28 ätnjutit
285 979 38 21 sitt
338 978 122 28 uppehälle,
475 978 41 21 har
531 977 117 28 ingalunda
661 978 40 21 här
717 978 7 21 i
739 977 74 22 landet
828 977 48 22 sak-

113 1014 55 20 nats.
197 1013 12 21 1
230 1013 68 21 andra
320 1012 39 22 fall
379 1012 65 22 räder
459 1012 49 22 äter
523 1013 57 21 intet
594 1012 75 22 tvifvel
684 1011 81 26 derom,
780 1013 33 20 att
828 1018 48 21 per-

112 1053 70 21 soner,
205 1047 73 22 hvilka
296 1047 35 22 väl
346 1048 20 27 ej
381 1047 58 27 gjort
453 1047 33 27 sig
501 1047 109 22 notoriskt
626 1046 110 22 illakända
751 1052 78 21 genom
845 1048 31 20 ett

111 1081 107 22 sedeslöst
232 1081 40 22 och
287 1081 108 28 vanartigt
410 1081 31 27 lif,
456 1087 50 16 men
522 1081 26 21 de
564 1080 39 22 der
618 1080 112 28 sysslolöst
745 1080 75 27 stryka
831 1086 45 15 om-

112 1115 63 27 kring
190 1117 52 21 utan
256 1118 33 20 att
303 1122 41 22 ega
359 1115 116 29 tillgängar
492 1115 34 23 till
542 1115 34 22 sin
591 1115 104 27 bergning
711 1115 53 21 eller
774 1121 38 16 ens
823 1114 52 28 vilja

112 1150 55 22 söka
188 1150 104 22 förskaffa
307 1150 32 28 sig
354 1150 67 28 nägot
435 1150 83 28 arbete,
534 1150 46 22 förr
595 1150 53 22 eller
663 1156 77 15 senare
756 1150 72 21 vända
842 1149 34 27 sig

113 1184 28 28 pä
156 1185 94 22 brottets
267 1186 56 21 bana
337 1185 40 22 och
392 1185 106 22 hemfalla
512 1185 70 21 under
596 1184 136 28 strafflagen,
748 1185 67 27 nägot
829 1190 47 15 som

113 1220 41 21 den
177 1220 70 28 politi,
271 1220 63 27 lagen
356 1225 35 16 om
406 1219 130 22 lösdrifvare
556 1218 57 22 afser
628 1220 33 21 att
675 1218 81 28 utöfva,
770 1218 24 28 ju
809 1218 67 22 borde

112 1254 55 22 söka
182 1256 33 20 att
229 1254 8 22 i
252 1254 123 28 möjligaste
389 1255 69 21 mätto
474 1254 141 22 förekomma.

184 1288 161 28 Förordningen
368 1288 24 23 af
415 1290 61 25 1883,
497 1288 114 28 angående
626 1287 141 23 lösdrifvares
782 1287 94 22 behand-

111 1322 52 28 ling,
178 1324 26 20 är
218 1323 35 21 väl
268 1324 115 22 resultatet
398 1323 24 22 af
435 1325 33 20 ett
481 1322 157 28 jemförelsevis
648 1322 62 28 längt
720 1322 156 28 lagstiftnings-

112 1358 81 28 arbete,
217 1364 49 15 men
287 1358 32 22 uti
334 1364 30 16 nu
378 1357 116 23 anmärkta
509 1357 67 27 delar,
592 1357 54 22 eller
661 1356 130 23 ätminstone
806 1355 71 23 sävidt

113 1392 67 28 angår
201 1392 191 28 bestämningarna
415 1392 8 22 i
437 1392 11 28 $
467 1393 19 26 1,
502 1391 114 22 föranledd
631 1391 23 22 af
668 1389 209 29 sammanjemkning

112 1428 29 26 pä
155 1426 70 28 grund
241 1426 24 22 af
278 1426 42 23 den
335 1426 255 28 meningsskiljaktighet,
601 1432 47 16 som
659 1426 39 22 hos
709 1426 122 22 Ständerna
840 1424 36 23 vid
