1103 1700
427 511 157 28 Reservation.

199 592 68 21 Utom
286 592 27 21 de
329 592 24 21 af
365 592 168 21 Statsutskottet
549 593 5 19 i
570 592 50 20 dess
636 591 138 22 betänkande
789 592 96 20 uttalade

127 626 162 27 anmärkningar
305 626 42 21 och
362 626 86 27 förslag,
465 633 36 14 om
516 626 72 21 hvilka
601 626 37 27 jag
651 627 5 19 i
672 626 42 20 allo
732 626 84 21 förenat
834 627 49 26 mig,

127 661 38 20 har
177 661 38 26 jag
230 661 67 20 funnit
312 661 47 20 skäl
374 661 31 20 till
421 660 92 27 följande
529 662 116 25 erinringar
660 660 42 21 och
718 660 166 27 önskningsmål.

201 695 75 21 Under
292 695 113 20 allmänna
420 695 149 20 statsmedlens
585 695 75 20 nionde
669 695 138 26 hufvudtitel,
819 695 66 20 dona-

127 731 70 19 tioner
219 729 42 20 och
283 729 105 20 allmänna
412 729 124 25 understöd,
559 729 67 20 finnas
646 730 6 19 i
672 736 26 13 en
714 733 52 23 post
781 736 104 13 samman-

128 763 61 21 förda
212 763 127 28 ,personela
361 763 75 27 anslag
458 767 55 17 samt
536 763 169 27 gratifikationer
728 763 32 21 för
776 763 109 27 oförvitlig

127 797 64 27 tjenst
207 797 42 21 och
263 797 197 28 begrafningshjelp
476 797 30 21 till
521 797 78 21 aflidne
614 797 140 27 tjenstemäns
764 797 120 25 sterbhus?,

126 832 51 21 med
187 832 137 27 totalbelopp
333 832 107 20 vexlande
451 832 66 20 under
528 833 50 20 åren
591 833 139 25 1889—1892
740 831 46 21 från
796 837 89 21 171,000

125 866 32 21 till
172 865 92 27 2386,000
279 866 60 25 Fmk;
355 873 50 13 men
420 873 47 13 som
484 866 64 20 dessa
564 866 88 27 utgifter
667 866 38 20 äro
719 866 25 20 af
750 865 135 27 väsentligen

126 900 57 21 olika
205 904 38 21 art,
264 902 6 19 i
291 904 25 23 ty
339 904 32 17 att
387 901 92 20 nämnda
495 900 169 27 gratifikationer
680 900 42 21 och
737 900 148 27 begrafnings-

124 935 59 27 hjelp
206 935 51 26 utgå
275 935 83 26 jemlikt
378 934 105 21 allmänna
504 935 150 26 författningar
676 938 56 17 samt
753 934 83 27 grunda
851 935 34 26 sig

126 969 46 20 dels
193 970 29 26 på
237 969 78 20 aflidne
331 969 139 26 tjenstemäns
486 970 130 19 åtminstone
632 969 89 21 formela
737 969 146 26 oförvitlighet

125 1005 7 19 i
147 1003 98 26 tjensten,
270 1003 45 20 dels
334 1003 28 27 på
378 1003 91 26 tidigare
485 1003 198 27 lönebesparingar,
699 1003 78 20 medan
793 1003 27 20 de
836 1010 47 20 per-

125 1037 75 21 sonela
215 1037 108 27 anslagen,
337 1037 68 26 jemte
421 1037 37 21 det
474 1037 28 21 de
517 1037 162 27 tillgodonjutas
695 1037 25 20 af
728 1043 58 20 resp.
796 1037 87 26 tjenste-

125 1072 50 20 män
197 1071 81 26 sjelfve,
302 1073 5 18 i
330 1071 74 27 regeln
425 1071 122 21 tillkommit
562 1072 29 26 på
606 1071 61 21 sidan
683 1078 36 13 om
735 1071 35 26 lag
786 1071 40 20 och
842 1071 41 20 för-

125 1106 92 27 fattning
232 1106 41 20 och
289 1106 18 26 ej
323 1105 67 21 sällan
405 1113 79 20 genom
500 1109 64 24 gunst
579 1106 41 20 och
636 1105 121 27 godtycke:
780 1105 24 20 sä
818 1112 65 19 synas

125 1140 132 21 sistnämnda
273 1140 75 27 anslag
363 1152 27 3 —
407 1142 6 18 i
429 1141 85 25 analogi
529 1140 50 20 med
595 1140 57 20 hvad
663 1147 87 13 numera
760 1140 50 20 med
821 1143 62 17 extra

125 1176 116 26 pensioner
252 1182 51 19 eger
319 1182 45 13 rum
380 1187 27 2 —
423 1174 53 21 böra
491 1176 5 19 i
513 1174 174 28 räkenskaperna
700 1174 67 20 finnas
778 1181 105 14 samman-

124 1208 62 21 förda
196 1209 73 27 under
285 1216 26 13 en
327 1208 90 21 särskild
433 1208 77 21 rubrik.

195 1243 9 21 I
220 1243 117 27 räkningen
353 1244 63 26 öfver
432 1243 112 20 allmänna
560 1242 156 20 mititiemedlen
728 1242 66 21 finnes
806 1236 77 27 Öfver-

124 1276 183 28 krigsdomstolen
323 1277 95 27 uppförd
433 1277 50 20 med
499 1284 27 13 en
541 1276 42 21 fast
599 1278 78 19 årsstat
693 1276 25 20 af
734 1277 75 25 18,700
821 1276 60 25 Fmk,

124 1311 65 21 deraf
207 1312 64 24 8,000
293 1312 55 20 Fmk
371 1311 93 26 ätnjutas
480 1311 25 21 af
517 1311 180 25 öfverauditören,
714 1316 64 20 4,000
793 1310 54 21 Fmk
862 1311 25 20 af

124 1346 145 20 ordföranden
297 1346 86 20 utöfver
407 1345 158 21 innehafvande
590 1344 95 28 aflöning
709 1344 51 21 eller
785 1346 96 26 pension,

123 1387 21 13 o.
161 1387 16 13 s.
193 1387 20 13 v.
243 1380 77 20 Denna
343 1383 50 21 stat,
414 1380 94 26 jemförd
531 1380 12 20 &
562 1386 40 14 ena
620 1379 62 21 sidan
700 1379 50 21 med
766 1379 80 21 antalet
862 1379 24 20 af

124 1414 71 20 denna
206 1414 156 21 öfverdomstol
373 1414 124 26 handlagda
507 1414 48 24 mål,
568 1419 27 20 24
605 1414 12 20 å
630 1419 24 20 41
668 1413 82 27 årligen
765 1414 116 25 1891—93,

123 1448 42 21 och
181 1449 12 20 å
209 1448 42 20 den
266 1448 67 20 andra
349 1452 14 17 t.
376 1455 35 13 ex.
427 1448 50 20 med
493 1451 71 17 staten
580 1448 32 20 för
622 1447 80 27 Kongl.
714 1447 167 27 krigshofrätten

193 1488 130 16 Statsutskottets
336 1488 104 16 betänkande
452 1488 34 16 N:o
495 1492 19 16 3.
