1103 1700
268 143 12 20 2
528 142 26 23 U.
572 142 23 23 B.
610 142 104 24 XXXIL

238 217 31 16 syn
281 212 26 16 till
319 212 30 17 det
360 213 57 16 arbete
430 213 33 17 och
475 218 66 15 ansvar,
558 218 38 12 som
608 212 40 22 äläg
658 213 172 21 bankförvaltningen
841 213 54 17 under
905 212 98 18 dävarande

238 240 65 22 tryckta
320 241 173 20 affärsförhällanden,
512 241 38 17 icke
568 244 58 18 syntes
643 242 86 20 medgifva
747 244 24 14 att
782 242 57 16 lemna
851 242 73 16 embetet
936 241 66 17 obesatt

238 270 44 16 intill
291 270 40 16 dess
344 270 93 16 Ständerna
448 270 57 16 blefve
517 271 6 15 i
535 270 67 16 tillfälle
614 272 24 14 att
647 270 80 16 meddela
736 270 19 16 af
765 270 166 21 omständigheterna
942 269 60 22 päkal-

238 298 29 16 lad
285 300 76 15 närmare
378 298 85 17 föreskrift
480 299 6 15 i
504 300 61 15 ämnet.
590 299 58 16 Sedan
665 299 83 16 ordinarie
760 298 155 22 Bankfullmäktige
927 299 6 16 i
946 298 56 17 öfver-

239 327 128 16 ensstämmelse
384 327 70 16 härmed
472 328 32 15 den
523 332 10 11 2
552 327 96 17 December
667 327 43 21 1892
729 327 81 21 uppgjort
827 329 37 19 nytt
880 327 70 21 förslag,
967 327 38 16 blef

239 356 74 16 nämnda
325 356 105 16 embeteden
442 360 8 12 2
458 356 68 22 Januari
535 356 41 21 1893
584 355 95 17 äterbesatt.
694 356 100 16 Emellertid
799 356 30 16 har
838 361 63 11 samma
911 356 92 16 direktörs-

240 384 66 17 embete
318 390 62 16 genom
397 384 129 17 innehafvarens
538 384 78 17 fränfälle
629 384 44 22 änyo
685 384 55 16 blifvit
752 384 58 21 ledigt.
835 384 27 16 Dä
875 384 94 17 Ständerna
980 390 23 10 nu

240 414 29 15 äro
281 413 103 16 församlade
396 416 43 13 samt
450 413 157 21 Bankfullmäktige
620 412 71 17 sålunda
703 416 39 13 utan
755 413 101 21 tidsutdrägt
865 413 56 16 kunna
929 413 74 16 inhemta

241 441 36 16 sina
293 442 115 16 hufvudmäns
425 443 76 15 närmare
518 442 114 16 förordnande
650 441 103 17 beträffande
766 443 49 14 sättet
826 441 27 16 för
864 442 111 20 uppgörande
987 441 18 16 af

241 470 64 21 förslag
322 470 25 16 till
363 470 53 21 sagda
427 470 72 20 embete,
512 470 51 16 hafva
575 470 156 21 Bankfullmäktige
744 472 54 14 ansett
810 470 27 20 sig
849 470 41 16 böra
901 470 32 16 hos
945 469 58 17 Bank-

240 498 83 16 utskottet
340 498 67 17 anhålla
424 504 28 11 om
469 499 105 16 utverkande
592 499 19 16 af
627 499 102 16 Ständernas
746 500 75 14 närmare
833 498 85 16 föreskrift
929 498 6 16 i
947 500 57 14 ämnet

242 530 43 13 samt
300 528 91 16 hemställa
407 528 81 16 huruvida
505 528 38 16 icke
555 528 131 16 Bankutskottet
699 527 64 21 dervid,
775 527 40 16 med
827 527 80 16 afseende
919 526 10 17 ä
941 527 45 16 hvad
998 527 6 15 i

242 556 53 17 saken
311 556 85 23 förelupit,
414 556 52 17 funne
485 556 91 21 anledning
594 556 68 20 föreslä,
681 558 24 15 att
723 555 17 17 ät
752 556 83 17 ordinarie
849 556 154 21 Bankfullmäktige

242 585 26 16 för
286 585 56 16 denna
359 585 46 22 gäng
422 585 57 16 kunde
496 585 112 16 öfverlemnas
626 587 24 14 att
661 587 78 20 uppgöra
750 584 127 22 ifrägavarande
889 584 115 21 underdäniga

242 613 70 22 förslag.

549 712 25 19 L.
590 711 113 21 Lindelöf.

244 798 27 19 A.
287 797 127 26 Stjernvall.
552 797 26 21 O.
594 798 101 19 Donner.
832 797 26 20 A.
876 797 129 20 Meurman.

316 928 122 26 Utskottet,
460 935 48 14 som
530 928 14 25 ii
559 930 37 20 sitt
617 928 139 21 betänkande
771 928 42 21 N:o
830 932 10 22 5
857 927 106 22 framstält
979 927 27 21 de

247 963 193 27 omständigheter,
470 963 72 21 hvilka
564 963 68 21 under
652 966 88 18 senaste
758 963 114 20 triennium
893 962 58 27 gjort
974 962 33 21 för

245 997 193 28 bankfullmäktige
460 997 31 21 till
513 1004 27 14 en
562 997 164 27 nödvändighet
745 1000 33 17 att
800 996 51 21 med
866 996 140 27 iakttagande

247 1031 24 22 af
291 1035 32 18 ett
345 1035 66 18 annat
432 1031 161 28 förfaringssätt
616 1031 28 21 än
665 1031 43 21 den
730 1031 26 21 af
771 1030 122 21 Ständerna
908 1030 33 21 för
956 1031 51 20 dem

246 1066 116 21 faststälda
386 1065 128 22 instruktion
538 1065 139 22 föreskrifver
701 1065 126 27 handlägga
852 1068 32 18 ett
906 1065 101 21 liknande

247 1100 88 26 ärende,
354 1100 67 21 finner
441 1101 38 20 det
501 1107 51 14 vara
574 1100 107 27 sjelffallet
699 1103 32 18 att
749 1099 193 27 bankfullmäktige
958 1100 50 20 nu
996 1095 15 36 i

247 1135 144 21 förevarande
411 1135 41 25 fall,
470 1135 28 21 dä
519 1134 122 22 Ständerna
656 1135 38 20 äro
709 1133 137 25 församlade,
862 1133 48 21 icke
925 1133 82 21 kunnat

247 1170 55 21 inslä
323 1173 32 19 ett
370 1170 100 21 liknande
486 1169 175 28 tillvägagäende
676 1172 52 18 utan
743 1172 33 18 att
791 1168 95 21 inhemta
901 1169 46 19 sina
962 1168 47 21 huf-

247 1204 107 22 vudmäns
376 1204 180 27 bemyndigande,
573 1204 43 20 och
631 1203 66 21 ehuru
712 1204 59 20 inom
786 1202 107 22 utskottet
908 1202 101 20 framhäl-

249 1239 35 21 lits
299 1242 34 18 att
348 1239 38 21 det
401 1238 47 22 icke
463 1245 52 14 vore
530 1241 52 18 utan
596 1237 175 27 betänkligheter
786 1240 32 18 att
834 1236 122 21 Ständerna
971 1236 38 21 vid

249 1274 63 20 sidan
333 1273 24 21 af
378 1273 43 21 den
439 1272 83 28 jämlikt
544 1272 13 28 &
577 1272 27 21 68
620 1272 26 21 L.
662 1272 27 20 O.
705 1272 33 20 för
751 1270 192 28 bankfullmäktige
959 1270 52 21 fast-

249 1308 72 20 stälda
343 1307 157 21 instruktionen
520 1306 100 21 meddela
641 1305 193 27 bankfullmäktige
852 1308 31 18 ett
897 1305 113 26 bemyndi-

251 1341 72 28 gande
338 1341 33 21 för
387 1345 32 17 ett
433 1340 151 27 särskildt'fall,
598 1340 38 21 har
646 1340 108 21 utskottet
764 1339 72 25 likväl,
846 1339 51 21 med
907 1338 104 21 afseende

251 1378 14 20 å
285 1376 60 22 hvad
362 1375 191 27 bankfullmäktige
577 1376 6 20 i
606 1374 127 21 skrifvelsen
748 1373 78 25 anfört,
847 1373 47 21 icke
909 1376 54 18 trott
978 1374 33 26 sig

251 1411 54 21 böra
327 1410 98 26 afstyrka
436 1409 59 21 bifall
510 1410 12 20 å
538 1409 63 21 deras
617 1408 163 27 framställning,
795 1411 52 17 utan
859 1407 30 21 får
905 1407 107 22 utskottet

251 1446 42 20 hos
309 1444 121 22 Ständerna
444 1444 112 21 vördsamt
571 1444 114 20 hemställa

322 1485 138 16 Bankutskottets
473 1484 103 16 betänkande
588 1484 36 16 N:o
636 1484 16 16 6.
