1103 1700
257 144 29 22 U.
299 144 27 22 B.
344 157 24 3 —
385 144 29 22 H.
431 144 25 22 F.
473 144 93 22 Antells
582 145 154 22 testamente.
835 144 12 20 3

187 212 58 22 Efter
261 213 100 21 afslutadt
376 213 46 21 värf
437 214 6 20 i
459 214 65 26 Paris,
540 214 38 20 der
594 214 19 20 vi
630 214 62 20 äfven
705 213 39 21 fått
754 213 34 21 del
801 213 21 21 af
832 214 45 20 An-

118 248 47 20 tells
188 248 150 26 anteckningar
360 248 39 20 och
414 248 139 20 inventarium
567 250 54 18 samt
636 248 108 26 emottagit
764 254 26 14 en
806 247 7 21 i
828 247 49 21 boet

118 281 114 27 förefintlig
256 282 77 26 nyckel
349 282 31 20 till
395 284 30 19 ett
440 282 109 21 kassafack
564 282 5 21 i
586 282 290 27 Intecknings-Garanti-Ak-

118 316 125 27 tiebolagets
265 316 6 30 i
294 316 120 20 Stockholm
431 316 182 28 förvaringshvalf,
629 316 76 21 afreste
721 316 21 20 vi
757 316 32 20 till
804 315 72 21 Stock-

118 350 56 21 holm
197 350 39 20 och
259 350 165 27 omhändertogo
447 352 55 19 samt
523 350 135 21 förtecknade
679 350 41 21 den
736 350 88 20 aflidnes
840 350 38 20 der

118 384 110 21 förvarade
244 384 149 28 värdepapper.
423 385 10 20 I
449 384 121 22 Stockholm
587 385 131 27 ombesörjde
734 384 19 21 vi
770 384 62 21 äfven
848 386 30 18 att

119 419 26 21 de
161 419 141 27 etnografiska
317 419 94 26 föremål,
427 426 45 14 som
488 419 71 21 Baron
576 419 75 21 Gustaf
665 418 156 22 Nordenskiöld
839 425 38 14 un-

119 454 37 20 der
179 459 26 15 en
228 453 168 27 forskningsfärd
412 454 6 20 i
434 454 58 20 Nord
508 454 112 20 Amerikas
636 454 88 20 Förenta
740 453 68 21 Stater
823 459 54 14 sam-

117 488 31 20 lat
167 487 35 21 vid
219 489 90 25 gränsen
329 489 44 19 mot
387 488 87 20 Mexiko
490 487 39 21 och
544 488 72 20 hvilka
631 488 41 20 han
688 494 75 21 genom
780 486 98 22 kontrakt

119 521 105 21 öfverlåtit
241 521 31 21 till
288 522 78 27 Antell,
383 522 75 27 blefve,
473 522 22 20 så
512 522 41 20 fort
568 522 26 21 de
610 522 77 21 hunnit
697 522 77 20 ordnas
786 522 39 20 och
835 521 41 21 för-

119 556 92 27 tecknas,
226 556 126 21 öfversända
368 556 31 21 till
414 556 96 21 Finland.

188 590 146 28 Samlingarna
355 591 47 20 från
425 591 58 21 Paris
506 591 39 21 och
564 591 127 27 Stockholm,
710 591 71 20 hvilka
797 590 80 21 tillåtits

120 625 85 21 tullfritt
224 625 109 20 inkomma
352 625 31 21 till
399 625 77 28 landet,
492 625 88 21 likasom
596 626 39 21 ock
651 625 40 21 alla
707 625 7 20 i
730 625 83 20 Antells
828 625 26 20 bo
870 625 8 20 i

119 659 64 21 Wasa
207 659 108 27 befintliga
337 659 114 21 konstverk
469 660 38 20 och
524 660 114 27 samlingar
654 659 60 21 hafva
730 659 26 26 på
772 659 68 27 grund
856 659 22 20 af

119 693 120 28 Kejserliga
261 693 102 21 Senatens
383 693 142 22 förordnande
541 694 178 27 omhändertagits
735 693 21 21 af
770 693 107 26 Bestyrel-

120 735 37 14 sen
171 728 33 21 för
219 728 112 25 Ateneum,
347 728 49 21 med
412 728 109 28 undantag
536 729 22 20 af
573 729 40 20 den
629 728 117 21 värdefulla
756 729 71 26 mynt-
838 727 39 21 och

119 762 204 27 medaljsamlingen,
339 763 86 20 hvilken
440 763 32 20 till
487 763 31 20 sin
531 763 196 26 hufvudsakligaste
738 762 34 21 del
784 762 93 21 förvaras

118 797 8 20 i
141 797 119 27 förseglade
280 797 60 20 lädor
355 797 7 20 i
377 797 101 20 Finlands
493 797 67 28 Bank,
576 797 68 21 under
657 797 34 21 det
707 799 29 18 att
752 803 26 14 en
794 796 82 21 mindre

120 831 34 21 del
169 831 128 21 fortfarande
312 831 69 20 finnas
396 831 7 20 i
418 832 44 19 min
478 832 64 27 värjo.

187 865 140 21 Testamentet
350 865 37 21 har
409 865 32 21 för
463 866 41 21 alla
526 866 104 27 arftagare
651 867 131 26 gemensamt
798 865 20 21 af
834 865 43 27 mig

120 900 101 21 bevakats
244 899 40 21 den
310 900 25 20 18
356 900 100 21 sistvikne
475 900 41 27 Maj
534 901 39 20 och
588 907 76 20 genom
681 900 26 21 de
724 899 98 22 officiella
836 899 40 20 tid-

120 935 103 26 ningarna
239 934 39 20 den
295 933 19 28 6,
331 935 10 19 7
359 935 39 20 och
414 935 13 20 8
442 934 159 27 derpäföljande
612 935 51 20 Juni
675 934 107 28 delgifvits
792 933 84 21 Antells

120 968 83 21 okända
225 968 112 27 arfvingar,
360 968 71 21 hvilka
455 969 33 20 vid
512 969 75 20 förlust
603 969 21 20 af
638 969 98 20 framtida
751 970 41 19 rätt
807 967 69 21 dertill

121 1003 66 27 ålagts
202 1004 30 19 att
246 1002 59 21 inom
321 1004 45 19 natt
377 1003 39 20 och
427 1002 23 21 är
460 1003 52 20 efter
522 1003 132 20 sistnämnda
664 1003 41 27 dag
715 1003 89 20 klandra
815 1004 61 19 testa-

120 1038 83 25 mentet,
219 1043 35 14 om
269 1036 26 21 de
311 1036 70 21 dertill
397 1043 49 14 anse
463 1037 31 27 sig
510 1043 38 21 ega
563 1037 40 27 fog.

190 1071 206 27 Bouppteckningen
419 1071 7 20 i
448 1071 70 27 Wasa,
534 1078 45 14 som
596 1071 95 28 börjades
708 1072 41 20 den
765 1073 11 19 7
793 1071 81 21 sistför-

119 1105 57 21 lidne
199 1105 52 21 Juni
274 1105 38 21 och
329 1105 115 21 afslutades
459 1105 41 21 den
517 1106 27 20 25
560 1106 156 27 derpäföljande
731 1106 51 27 Juli,
799 1105 79 21 utvisar

120 1147 26 14 en
172 1140 121 27 behållning
315 1140 20 20 af
356 1140 109 27 1,630,263
486 1140 35 20 mk
546 1141 26 20 93
594 1141 34 27 pii,
644 1141 43 20 deri
704 1140 113 21 inräknadt
836 1140 41 20 den

119 1175 7 20 i
150 1174 59 21 Paris
231 1174 136 21 förtecknade
389 1174 130 28 egendomen
543 1175 48 21 med
615 1175 113 21 hberäknadt
751 1175 73 27 afdrag
846 1174 32 21 för

120 1210 123 20 densamma
254 1209 122 21 drabbande
387 1209 99 21 arfsskatt
500 1210 39 20 och
554 1210 143 26 realiserings-
713 1212 55 18 samt
783 1209 95 21 försänd-

120 1243 183 28 ningskostnader.
333 1243 33 21 De
389 1244 7 20 i
418 1245 133 19 testamentet
566 1244 106 20 donerade
688 1250 123 14 summorna
826 1250 52 21 upp-

119 1278 26 28 gä
159 1278 117 21 emellertid
288 1279 58 19 utom
357 1278 180 27 samlingarna
502 1274 42 36 till
546 1278 153 28 sammanlagdt
707 1278 53 20 Fmk
768 1278 110 27 2,200,000

119 1312 40 21 och
175 1312 69 21 dertill
261 1312 97 20 kommer
373 1314 30 18 att
417 1312 55 20 inför
487 1312 188 21 Rädstufvurätten
695 1312 1 20 i
712 1312 64 21 Wasa
794 1312 39 20 den
852 1312 26 20 18

120 1346 102 21 sistvikne
244 1346 125 27 September
387 1346 69 21 blifvit
471 1346 105 21 bevakadt
592 1348 28 19 ett
636 1346 21 21 af
671 1346 78 22 aflidne
764 1346 74 21 Antell
853 1346 26 28 pä

120 1381 53 20 hans
197 1380 108 21 dödsbädd
329 1380 66 28 gifvet
417 1380 100 28 muntligt
538 1382 132 26 testamente,
685 1381 136 27 hvarigenom
837 1381 42 20 han

119 1415 31 20 till
173 1414 33 21 sin
221 1414 184 28 kammartjenare,
421 1414 91 21 Franske
529 1415 128 21 undersäten
673 1414 86 22 Charles
773 1414 105 28 Frangois,

122 1449 87 21 donerat
224 1449 140 27 fyratiotusen
385 1449 75 21 francs.
491 1449 73 27 Enligt
579 1449 35 21 det
629 1449 103 27 skriftliga
748 1451 133 19 testamentet

189 1488 142 18 Statsutskotteis
344 1488 110 18 betänkande
467 1490 37 16 N:o
517 1489 18 17 5.
