1103 1700
429 174 71 22 XXIX
807 176 12 20 7

88 240 94 23 betydliga
200 241 66 23 belopp
285 241 20 18 af
321 241 23 18 de
363 242 71 22 anslag,
453 247 38 13 som
509 242 86 22 beviljats
611 242 5 18 i
630 242 33 18 och
676 242 30 18 för
720 243 130 23 skogvaktare-

89 276 112 17 boställenas
220 276 123 22 bebyggande,
363 276 66 18 endast
448 277 20 17 sä
486 278 40 16 stor
538 276 29 18 del
580 277 21 18 af
612 277 54 18 dessa
679 277 65 23 anslag
756 277 48 23 finge
816 277 34 18 hos

89 310 158 18 forstkassörerne
265 310 78 22 innestä,
361 316 39 12 som
416 311 58 18 under
486 311 35 18 den
534 313 94 17 närmaste
639 311 52 19 tiden
703 311 63 19 kunde
778 312 29 18 för
819 314 31 16 än-

91 344 79 18 damälet
182 344 72 18 komma
266 345 29 17 till
308 345 123 23 användning,
444 346 94 18 hvaremot
550 346 123 18 öfverskottet
685 346 60 18 skulle
753 346 29 18 till
791 346 60 18 landt-

90 380 90 17 ränteriet
191 380 131 18 äterlevereras
334 380 34 18 och
381 380 57 18 bland
450 381 96 23 ätskilliga
558 381 54 18 verks
620 381 59 18 medel
688 381 106 18 observeras
804 383 48 16 samt

91 414 66 18 endast
169 414 5 17 i
188 414 40 18 män
241 414 21 18 af
273 414 56 18 behof
341 415 129 23 utregvireras.

253 506 34 22 20.
319 507 79 21 Laukas
415 507 180 22 brokassamedels
611 508 81 21 fonden.

161 563 73 18 Fonden
248 563 33 18 har
293 563 108 18 tillkommit
413 564 24 22 pä
449 564 59 23 grund
521 564 21 18 af
553 563 105 24 Kejserliga
670 564 90 18 Senatens
768 564 42 17 bref
818 564 35 18 den

95 599 20 16 14
127 598 38 23 Maj
180 599 48 21 1869,
241 598 122 22 hvarigenom,
376 598 25 23 pä
413 598 62 18 derom
487 598 54 23 gjord
554 598 109 23 ansökning,
672 598 108 23 delegarene
789 599 6 17 i
803 598 50 18 Kuu-

93 633 93 21 sankoski,
206 633 11 17 &
234 633 35 17 den
287 633 78 18 emellan
382 633 102 23 Jyväskylä
502 633 34 18 och
554 633 73 22 Kuopio
644 633 63 18 städer
719 633 49 18 inom
780 633 74 18 Laukas

94 667 66 18 socken
172 667 78 18 ledande
262 667 93 18 allmänna
368 667 90 23 landsväg
470 667 96 23 befintliga
579 668 32 18 bro
624 668 111 22 berättigats
748 669 28 16 att
784 667 20 18 af
811 669 43 21 väg-

94 702 76 18 farande
189 702 83 23 uppbära
290 702 117 23 broafgifter,
425 703 64 17 hvilka
506 707 65 18 genom
589 702 137 18 vederbörande
741 702 113 23 kronofogde

94 737 27 17 uti
134 737 59 17 länets
205 737 70 17 ränteri
288 736 106 23 deponeras.
419 737 43 18 Med
475 737 125 22 tillgångarna
613 737 5 17 i
627 737 68 18 kassan
703 737 93 18 bestridas
804 737 51 17 kost-

95 771 81 18 naderna
189 771 29 18 för
229 771 55 18 brons
297 771 102 18 underhåll.

199 863 30 22 21.
261 863 78 22 Fonden
356 864 31 21 för
403 864 61 21 Wasa
480 863 152 27 hofrättsparks
649 863 111 22 underhåll.

165 920 36 17 Till
214 920 60 18 denna
287 920 48 21 fond,
349 920 55 18 hvars
417 920 113 23 förvaltning
543 920 48 18 intill
604 921 21 17 år
638 921 42 17 1891
691 920 49 18 varit
748 919 108 18 anförtrodd

96 955 21 18 åt
134 954 79 21 enskild,
231 954 21 18 af
269 956 113 21 guvernören
402 955 5 16 i
425 955 51 17 länet
495 954 66 18 utsedd
574 959 71 18 person,
658 959 41 13 men
712 954 42 18 från
767 953 57 23 sagda
837 954 21 17 år

97 989 130 18 öfverlemnats
240 989 29 17 till
282 989 144 18 landtränteriet
442 989 6 17 i
462 989 56 22 länet,
530 989 65 23 inflyta
607 989 160 22 arrendeafgifter,
780 993 37 13 som
830 993 27 13 er-

97 1024 64 22 läggas
173 1024 30 17 för
215 1029 21 12 en
250 1023 5 17 i
265 1023 58 18 Wasa
331 1023 130 22 hofrättspark
470 1023 79 23 uppförd
558 1023 234 23 resraurationspaviljong.
812 1023 46 17 Fon-

97 1057 44 18 dens
153 1059 101 22 tillgångar
266 1058 93 18 användas
372 1058 29 18 för
414 1058 116 18 bekostande
542 1058 20 18 af
574 1063 68 13 samma
655 1058 57 23 parks
724 1057 102 18 underhåll.

151 1151 35 21 22.
218 1151 165 28 Kyrkoherdskan
401 1151 107 22 Charlotta
523 1151 77 22 Zandts
616 1151 5 21 i
637 1151 29 21 S:t
683 1151 123 27 Petersburg

411 1191 144 22 utsädesfond.

167 1248 69 18 Genom
249 1248 158 22 Kyrkoherdskan
421 1248 97 18 Charlotta
530 1247 70 19 Zandts
614 1248 5 17 i
632 1247 27 18 S:t
671 1247 111 22 Petersburg
790 1246 70 19 bemed-

99 1282 39 23 ling
156 1282 47 18 hade
221 1283 21 17 år
259 1283 43 17 1868
316 1283 96 17 insamlats
426 1284 34 16 256
473 1285 69 15 tunnor
555 1282 127 21 utsädeskorn,
695 1282 29 17 för
737 1282 28 18 att
777 1281 40 19 med
830 1282 30 17 lån

99 1317 96 23 bispringa
209 1316 120 22 ibehöfvande
343 1316 52 24 idoge
409 1317 34 17 och
456 1316 117 24 välfrejdade
586 1316 215 23 lägenhetsinnehafvare
813 1316 48 18 inom

101 1352 56 18 Wasa
176 1352 36 17 län.
236 1351 40 18 Den
295 1356 64 18 genom
379 1351 64 18 lånens
457 1351 127 23 liqviderande
597 1351 76 18 influtna
686 1350 57 18 säden
755 1350 34 18 har
802 1350 59 18 seder-

101 1392 51 12 mera
164 1387 77 17 omsatts
255 1386 5 16 i
273 1386 107 22 penningar,
393 1386 65 18 hvilka
470 1385 63 18 blifvit
545 1386 5 16 i
564 1385 72 18 enskild
648 1385 49 18 bank
706 1384 114 23 deponerade
828 1384 34 18 och

100 1421 45 18 böra
163 1420 125 23 tillgångarna
307 1420 30 18 vid
356 1420 114 18 inträffande
483 1420 41 18 svår
536 1420 90 18 missväxt
638 1420 48 18 inom
698 1420 60 22 någon
771 1419 20 18 af
803 1420 60 16 länets

100 1456 134 22 församlingar,
248 1455 58 23 enligt
325 1455 22 18 de
359 1455 30 17 för
401 1455 70 18 fonden
484 1455 104 23 uppgjorda
600 1455 65 22 regler,
678 1454 153 22 omhändertagas
844 1454 20 17 af

99 1495 23 13 en
135 1490 80 18 särskild
228 1490 69 18 komité
310 1490 34 18 och
358 1490 95 18 användas
466 1490 30 18 till
510 1489 120 19 anskaffande
642 1489 21 19 af
673 1488 71 19 utsäde.
