1103 1700
407 136 30 23 U.
452 136 28 23 B.
495 136 107 23 XXXII.
834 138 14 21 3

114 208 48 22 tets
176 207 152 29 motivering
341 207 132 29 angäende
486 208 182 22 reservfonden
681 208 143 27 framhälla,
840 210 37 21 att

114 242 33 22 dä
161 242 42 22 det
215 242 145 29 föreslagna
371 242 153 29 stadgandet
536 249 40 15 om
589 242 42 22 det
650 242 100 29 belopp,
770 243 105 23 hvartill

113 276 183 22 reservfonden
314 276 47 22 bör
379 276 167 30 uppbringas,
564 276 239 24 öfverensstämmer
816 278 58 22 med

113 310 180 23 motsvarande
321 311 160 30 bestämning
508 311 8 22 i
543 311 43 23 det
611 311 26 23 af
660 311 143 23 Ständerna
830 312 45 22 vid

115 345 66 23 1891
211 345 42 22 ärs
279 345 124 29 landtdag
430 346 137 28 godkända
594 346 172 29 reglementet,
788 346 87 29 nägon

114 380 109 22 särskild
250 380 152 29 motivering
428 380 8 22 i
458 380 49 22 den
526 380 177 30 underdäniga
722 380 152 22 skrifvelsen

113 414 160 22 beträffande
292 414 196 23 reservfondens
504 414 94 30 belopp
611 415 54 22 icke
678 414 72 23 torde
763 415 111 22 behöfva

113 448 192 30 ifrägakomma.

396 528 33 30 $$
448 529 16 22 8
483 529 46 22 och
550 529 40 23 16.

181 591 217 30 Borgareständet
423 592 48 22 har
498 592 57 22 med
584 592 188 29 godkännande
792 592 26 23 af
835 592 39 22 Hr

113 626 107 29 Wegelii
238 627 157 22 reservation
413 627 113 22 uteslutit
545 633 89 16 senare
659 633 73 15 mom.
756 627 25 22 af
804 627 15 28 $
848 627 24 26 8,

113 661 142 28 hvarjemte
276 661 188 29 hänvisningen
480 661 36 22 till
532 661 84 22 denna
637 661 121 29 paragraf
776 661 8 22 i
804 661 14 29 $
840 661 32 22 16

113 695 82 22 skulle
212 695 70 29 utgä.

182 729 38 22 Dä
240 731 88 21 trenne
355 729 76 23 ständ
457 729 167 23 oförändradt
644 729 116 30 godkänt
778 729 96 23 utskot-

113 765 48 21 tets
188 764 96 29 förslag
311 765 72 22 torde
410 764 230 29 Borgareständets
667 764 83 22 beslut
777 765 21 28 ej
825 764 49 22 för-

117 798 90 23 anleda
225 799 85 29 nägon
325 799 99 29 ätgärd.

462 873 14 29 8
498 874 40 21 11.

184 937 188 28 Ridderskapet
401 937 45 22 och
473 937 85 22 Adeln
585 937 65 21 samt
676 937 123 28 Borgare-
827 937 46 22 och

115 971 198 22 Bondeständen
332 971 78 22 hafva
428 971 103 22 beslutit
550 972 36 21 att
605 971 49 22 den
667 971 44 26 tid,
731 971 67 22 inom
811 971 63 22 hvil-

114 1005 51 22 ken
183 1005 159 23 direktionen
361 1012 60 23 eger
440 1005 97 30 afgifva
556 1005 49 22 den
624 1005 8 22 i
650 1005 154 29 paragrafen
823 1012 50 15 om-

115 1039 93 23 nämda
238 1040 161 26 berättelsen,
420 1040 47 22 bör
485 1039 153 23 bestämmas
657 1039 36 22 till
714 1040 90 22 »innan
823 1040 50 22 den

117 1074 32 23 10
175 1081 81 15 mars»
285 1075 8 21 i
321 1074 262 23 öfverensstämmelse
610 1074 57 22 med
688 1074 69 23 hvad
776 1075 8 21 i
803 1074 15 29 8
838 1074 33 23 67

115 1115 40 15 om
182 1109 69 22 tiden
278 1109 40 22 för
344 1109 157 22 revisionens
528 1108 156 29 vidtagande
705 1108 84 23 blifvit
807 1109 67 22 stad-

115 1143 69 29 gadt.

184 1177 127 23 Utskottet
329 1178 40 22 får
387 1177 85 23 derför
490 1177 132 23 vördsamt
634 1178 100 26 föreslå,
749 1179 35 21 att
802 1177 71 23 Stän-

115 1212 78 22 derna
221 1212 58 22 ville
307 1212 70 29 gifva
397 1212 60 22 sista
476 1213 143 25 momentet,
639 1212 97 22 hvilket
755 1212 26 22 af
798 1212 75 22 förbi-

115 1246 92 22 seende
225 1246 48 22 fått
291 1246 167 22 oförändradt
476 1246 113 26 kvarstå,
601 1246 113 29 följande
731 1246 107 29 lydelse:

391 1309 166 22 Direktionen
584 1309 68 22 skall
671 1308 100 30 årligen
789 1309 84 22 innan

322 1342 49 23 den
400 1344 35 22 10
461 1350 71 16 mars
560 1343 102 29 afgifva
681 1343 132 22 berättelse
831 1350 42 14 om

322 1377 113 23 bankens
452 1377 128 27 tillstånd,
599 1378 94 22 rörelse
709 1378 45 22 och
768 1377 104 23 förvalt-

321 1412 64 29 ning
403 1412 83 22 under
502 1412 60 22 näst
581 1412 153 29 föregående
752 1411 37 23 år.
814 1406 59 28 Års-

322 1446 150 23 berättelsen
482 1447 68 22 skall
562 1447 10 21 i
585 1447 71 28 tryck
668 1446 204 30 offentliggöras.

182 1482 146 19 Bankutskottets
340 1483 111 18 betänkande
464 1486 37 15 N:o
513 1484 18 17 2.
