1103 1700
244 136 12 18 4
463 132 54 44 Ber
518 136 65 19 ättelse
598 136 36 36 af.
635 136 138 37 Delegationen

243 215 38 15 var
295 208 35 22 hel
346 208 39 22 och
401 208 94 22 oskadad
510 211 54 19 samt
579 211 34 19 att
620 210 71 26 några
706 186 85 46 fel.och
798 210 180 26 *bristfälligheter
987 209 16 21 &

243 243 122 27 gjutgodset
381 244 50 20 eller
446 244 215 26 sammansättningen
676 243 47 22 icke
739 244 70 21 kunde
824 244 123 26 upptäckas.

313 278 33 20 Då
369 278 157 22 ständerhusets
548 278 95 28 vestibyl,
666 278 39 21 där
729 278 25 22 de
774 278 132 22 förstkomna
925 277 78 21 värken

244 312 105 26 upplagts,
365 312 46 21 icke
426 312 66 22 borde
505 312 71 22 vidare
587 313 112 25 belamras,
710 313 54 21 hade
776 313 150 26 Delegationen
937 312 67 21 funnit

244 348 31 19 ett
289 346 97 27 lämpligt
401 347 39 21 och
455 347 98 27 tryggadt
567 347 166 27 förvaringsrum
749 348 7 20 i
771 347 104 22 stenfoten
890 347 67 21 under
967 346 36 21 Ni-

244 381 151 27 kolaikyrkans
411 383 57 19 östra
482 382 112 26 paviljong,
611 381 80 22 hvilket
705 382 95 26 magasin
810 381 132 27 beredvilligt
953 386 51 21 upp-

245 415 41 21 läts
301 415 24 21 af
338 415 160 27 församlingens
514 416 87 26 styrelse
616 416 39 21 och
671 416 103 21 Senatens
790 416 96 21 ekonom.

566 464 10 9 *
620 477 10 11 W
673 461 11 12 *

315 518 11 21 I
345 518 139 22 betraktande
504 518 22 21 af
548 518 139 22 ofvannämda
709 518 110 28 möjlighet
836 518 32 22 till
883 518 122 21 ärestodens

247 552 105 22 snabbare
372 552 126 27 fullbordan,
514 553 54 22 hade
584 553 115 22 emellertid
716 553 150 27 Delegationen
881 552 45 27 gätt
941 552 7 21 i
963 551 42 22 för-

246 587 92 26 fattning
353 593 35 15 om
403 587 135 22 anskaffande
554 587 22 21 af
590 587 109 27 piedestal.
724 581 28 27 Åt
768 587 118 21 arkitekten
898 587 105 26 Nyström,

247 628 44 15 som
303 621 106 22 tillförene
419 621 106 22 framstält
536 622 104 21 särskilda
649 622 78 26 utkast,
739 622 108 27 uppdrogs
858 623 31 19 att
899 621 106 21 inkomma

247 656 48 21 med
311 655 104 22 definitivt
429 655 79 28 förslag
519 657 31 20 till
562 658 153 19 monumentets
726 655 169 22 arkitektoniska
905 655 40 21 del.
969 655 36 20 Att

247 697 44 14 som
304 692 97 25 experter
412 691 83 20 biträda
506 691 150 26 Delegationen
667 691 86 26 utsägos
764 690 119 21 arkitekten
894 690 19 21 J.
926 689 78 21 Ahren-

246 725 59 26 berg,
328 724 121 27 professorn
480 725 30 21 El.
533 725 92 26 Aspelin,
641 724 121 27 professorn
783 725 25 20 A.
829 731 18 13 v.
870 724 86 25 Becker,
973 729 32 15 ar-

246 759 64 21 tisten
325 759 25 22 A.
366 759 96 26 Edelfelt,
479 759 111 26 generalen
606 759 18 22 J.
641 759 23 21 af
677 759 106 26 Lindfors,
794 764 140 15 amanuensen
945 757 23 22 B.
981 757 23 21 O.

246 793 119 21 Schauman
381 796 54 18 samt
450 793 122 27 skulptören
588 793 79 22 Robert
683 793 81 27 Stigell.
794 793 41 20 Vid
851 791 153 23 sammanträde

247 827 41 21 den
312 829 26 19 26
361 827 54 27 april
437 829 53 20 1892
506 828 122 26 godkändes
643 827 146 22 arkitekten
787 827 103 27 Nyströms
905 826 79 27 förslag
999 826 6 21 i

247 862 45 21 sina
315 861 127 28 grunddrag,
459 868 46 15 men
528 862 27 21 dä
578 869 24 14 en
625 862 33 21 del
681 862 149 27 proportioner
854 861 39 22 och
911 861 94 21 enskilda

247 896 80 26 partier
347 896 62 21 väkte
432 896 149 27 betänklighet,
597 897 31 20 lät
642 897 160 25 Delegationen,
818 895 32 22 till
866 896 86 21 säkrare
962 895 43 21 led-

247 931 49 26 ning
319 930 33 21 för
375 931 111 24 omdömet,
502 937 75 20 genom
597 931 122 26 skulptören
736 930 73 27 Stigell
824 929 71 22 utföra
910 936 25 15 en
950 930 56 26 gips-

248 965 78 21 modell
349 964 23 21 af
393 967 143 19 monumentet
557 965 47 21 med
628 965 47 21 dess
698 964 125 26 bronsvärk,
842 964 47 21 med
904 965 102 25 noggrant

248 999 136 27 iakttagande
407 999 23 20 af
450 999 115 27 ritningens
587 999 92 27 profiler,
702 999 150 26 proportioner
874 998 39 21 och
930 997 76 27 färger.

248 1034 42 21 Det
305 1033 106 22 definitiva
427 1033 123 28 afgörandet
568 1034 101 27 uppsköts
685 1033 33 22 till
732 1033 82 26 hösten,
831 1039 47 14 men
893 1033 27 20 då
935 1032 73 21 ritnin-

248 1074 40 20 gen
311 1074 38 15 var
364 1068 6 20 i
386 1067 119 22 hufvudsak
528 1068 98 27 godkänd
649 1067 39 22 och
708 1074 45 15 som
769 1067 65 22 sådan
851 1067 69 21 kunde
936 1067 71 26 läggas

248 1102 32 21 till
295 1102 68 27 grund
379 1102 33 21 för
427 1109 25 14 en
469 1103 144 26 entreprenad,
630 1102 97 27 inbjödos
738 1108 76 21 genom
825 1107 79 15 annons
914 1101 7 21 i
932 1101 76 21 tidnin-

248 1143 65 21 garna
334 1137 81 21 landets
436 1137 157 27 stenhuggerier
609 1139 31 19 att
655 1137 108 21 inkomma
778 1136 48 22 med
842 1136 69 21 anbud
927 1142 33 15 om
976 1138 33 18 ut-

248 1171 100 21 förandet
363 1170 22 22 af
399 1173 154 19 monumentets
567 1171 102 27 grundval
685 1171 39 21 och
740 1170 110 28 piedestal.

317 1206 60 20 Inom
402 1206 38 20 den
463 1208 79 19 utsatta
564 1206 64 26 tiden,
645 1206 39 20 den
701 1208 9 18 1
729 1205 120 27 september
872 1206 61 24 1892,
954 1204 54 21 hade

248 1239 72 21 anbud
343 1240 112 21 inlämnats
478 1240 74 21 endast
574 1240 22 20 af
618 1246 24 15 en
661 1239 67 26 firma,
745 1239 106 27 nämligen
867 1238 142 27 aktiebolaget

248 1274 83 24 Granit,
347 1280 44 14 som
411 1274 95 26 uppstält
526 1275 36 20 två
584 1274 125 22 alternativa
732 1272 188 27 kostnadsförslag,
937 1274 30 20 ett
981 1273 28 26 på

248 1310 79 24 48,000
343 1308 38 21 och
399 1310 30 19 ett
443 1308 27 27 på
486 1310 77 24 68,000
578 1308 68 26 mark,
661 1308 106 22 beroende
783 1308 28 26 på
822 1307 104 21 buruvida
936 1309 72 19 stenen

247 1342 70 21 skulle
332 1344 61 25 tagas
409 1342 22 21 af
446 1343 69 27 vanlig
530 1343 78 27 ljusare
618 1343 69 26 granit
698 1342 39 22 och
748 1342 76 21 endast
834 1341 114 27 finhuggas,
958 1341 50 21 eller

247 1376 24 21 af
285 1383 26 15 en
327 1376 123 28 sällsyntare
462 1377 59 21 mörk
532 1377 114 27 granitsort
656 1376 39 22 och
703 1376 81 28 jämväl
795 1376 64 26 slipas
870 1376 37 20 och
918 1375 89 27 poleras.

317 1410 41 22 Vid
374 1412 168 20 sammanträden
559 1412 39 20 den
614 1413 12 19 7
643 1410 39 22 och
699 1412 25 20 12
741 1410 97 26 oktober,
852 1410 72 21 därvid
935 1416 74 20 exper-

247 1446 62 20 terna
323 1447 98 24 närvoro,
437 1445 121 22 faststäldes
573 1446 141 26 piedestalens
730 1445 108 22 definitiva
852 1444 55 22 form
922 1444 39 21 uvcih
977 1446 31 19 ui-

247 1480 84 20 seende.
361 1480 70 22 Jämte
452 1481 35 21 det
506 1481 40 21 den
562 1481 6 21 i
584 1480 103 22 modellen
702 1481 96 20 närmast
813 1478 67 22 under
895 1479 114 27 kejsarsto-
