1103 1700
232 155 14 21 2
287 154 82 23 Ständ.
386 154 92 23 Skrifv.
496 167 24 3 —
535 155 29 21 H.
580 154 27 22 F.
623 154 94 22 Antells
731 154 150 23 testamente.

203 217 132 22 Ständerna
348 217 94 22 erhållit
455 217 153 23 meddelande
619 217 85 29 derom,
716 220 35 19 att
762 218 67 22 dessa
839 218 127 28 tillgångar

203 252 62 21 först
282 252 60 21 efter
356 252 73 28 några
444 252 24 22 år
484 252 93 22 komma
592 254 34 20 att
642 252 61 29 stiga
718 252 38 22 till
771 252 40 22 det
826 252 25 22 af
867 254 98 20 testator

203 286 144 22 föreskrifna
368 286 91 30 belopp,
480 287 70 21 hafva
570 286 136 28 Ständerna,
722 286 82 22 hvilka
819 287 98 21 beslutit
931 288 35 20 att

204 321 73 29 sagda
291 321 58 22 fond
364 321 60 21 skall
440 322 12 20 å
466 321 77 22 finska
558 321 88 22 folkets
660 325 88 25 vägnar
759 323 136 27 emottagas,
906 321 59 21 häri-

203 362 86 22 genom
305 356 62 21 velat
382 355 142 29 bemyndiga
539 356 219 28 Bankfullmäktige
769 358 35 19 att
815 356 29 28 på
857 356 108 21 Ständer-

204 398 42 14 nas
268 394 88 25 vägnar
371 390 83 29 pröfva
468 390 44 22 och
528 390 84 29 afgöra
628 390 86 22 sådana
728 390 85 29 frågor,
830 398 50 14 som
895 392 70 20 testa-

203 425 193 21 mentsexekutor
411 425 45 21 kan
471 425 65 22 finna
551 425 51 22 skäl
618 427 34 20 att
667 425 37 21 till
720 425 52 22 dem
788 425 126 29 hänskjuta
924 432 41 14 un-

204 460 41 21 der
255 459 46 23 den
311 460 36 22 tid
356 460 45 22 den
411 460 194 22 testamenterade
616 460 145 29 egendomen
772 464 63 18 ännu
845 460 27 22 af
880 460 85 22 honom

205 494 120 22 förvaltas.

288 528 87 22 Tillika
403 528 70 23 hafva
497 528 131 22 Ständerna
651 529 127 29 uppdragit
804 530 24 20 åt
849 528 115 22 Finlands

203 563 69 22 Bank
295 566 35 19 att
350 564 9 21 i
381 564 75 21 sinom
478 564 36 21 tid
536 566 117 27 emottaga
668 564 44 22 och
726 564 75 21 under
815 563 109 23 inseende
942 563 26 22 af

203 598 220 29 Bankfullmäktige
452 598 102 23 förvalta
581 598 43 22 och
650 598 105 22 förränta
780 598 40 22 det
848 599 37 21 till
910 598 55 22 Fin-

203 633 69 21 lands
293 633 51 22 folk
367 632 117 23 donerade
507 633 119 28 kapitalet,
650 632 92 23 hvilket
764 633 60 21 skall
844 633 76 22 såsom
936 640 29 14 en

205 667 97 22 stående
324 667 57 22 fond
401 667 179 22 sammanhållas
596 667 74 22 under
684 667 144 28 benämning
843 667 26 22 af
881 667 84 28 ,Kam-

206 701 117 22 marrädet
337 702 103 21 Herman
456 702 149 28 Rosenbergs
620 701 81 28 fond'';
724 701 103 22 börande
842 701 123 22 Bankfull-

204 736 106 29 mäktige
329 736 41 22 vid
390 736 81 29 hvarje
486 736 112 29 landtdag
613 736 37 22 till
665 736 132 22 Ständerna
813 735 103 23 aflemna
931 743 34 14 re-

205 771 128 28 dovisning
348 770 67 23 öfver
429 771 99 22 fondens
544 771 153 28 förvaltning.

273 805 100 22 Hvilket
386 805 220 29 Dankfullmäktige
621 806 38 21 till
673 805 133 22 kännedom
822 805 43 22 och
880 805 85 22 iaktta-

204 839 77 30 gande
301 841 60 21 samt
380 840 186 22 vederbörandes
584 839 151 30 delgifvande
750 840 136 29 härigenom
903 839 62 22 med-

206 874 71 22 delas.

274 914 157 29 Helsingfors,
446 915 46 22 den
508 917 24 20 31
550 915 46 29 Maj
616 915 61 22 1894.

347 1475 99 17 Helsingfors,
456 1475 56 13 Finska
521 1474 172 18 Litteratursällskapets
702 1473 73 19 tryckeri,
786 1475 38 13 1894.
