1103 1700
267 130 14 20 4
472 130 78 22 Ständ.
566 130 52 22 Skr.
634 143 27 3 —
677 130 93 23 XXXII.

238 194 131 22 Ständerna
392 195 70 22 haiva
486 197 78 20 ausel
582 196 37 28 mig
634 196 10 21 i
659 196 45 22 allo
720 196 56 22 böra
791 196 125 29 godkänna
931 196 71 29 sagda

237 229 182 29 framställning.
448 230 47 22 Till
520 230 118 22 åtskilnad
661 231 86 21 mellan
770 231 75 21 denne
868 230 43 22 och
927 230 74 29 öfriga

237 264 128 22 ledamöter
384 265 9 21 i
408 265 149 21 direktionen
574 265 71 21 hafva
661 266 131 21 Ständerna
806 266 74 21 infört
895 266 106 28 tilläggs-

236 298 213 30 benämningarna:
467 300 145 27 ,ordinarie*
631 300 43 21 och
691 301 42 27 ,på
749 302 65 19 extra
830 301 66 20 stat".

190 336 10 17 8
213 336 16 22 &.
306 334 72 21 Utom
401 334 28 21 de
452 334 26 21 af
498 334 134 22 Ständerna
653 335 8 21 i
685 336 12 20 8
721 336 13 26 &
757 334 26 22 af
799 335 39 21 det
853 334 40 22 vid
909 336 91 20 senaste

236 368 114 28 landtdag
373 370 101 26 antagna
496 368 158 29 reglementet
678 369 72 21 bland
775 369 115 21 ordinarie
915 369 85 22 kontor

236 404 121 27 upptagna
379 403 159 28 provisoriska
556 403 117 21 kontoren
688 404 8 21 i
711 404 138 28 Jyväskylä,
866 404 34 21 S:t
914 404 86 21 Michel

236 437 44 21 och
303 437 128 22 Sordavala
453 438 71 21 hafva
541 438 131 21 Ständerna
688 438 40 21 vid
744 438 75 22 denna
834 438 112 28 landtdag
961 445 39 14 an-

236 474 47 18 sett
299 472 70 21 äfven
385 472 39 21 det
440 472 160 28 provisoriska
616 472 110 22 kontoret
741 474 8 20 i
763 473 81 21 Kotka
854 473 55 21 böra
919 473 80 21 ställas

235 507 30 28 pä
288 506 117 22 ordinarie
427 506 41 28 fot,
492 510 56 18 enär
573 507 64 21 detta
652 508 61 20 visat
729 508 37 28 sig
780 508 39 20 väl
833 508 55 21 bära
903 507 96 22 förvalt-

234 541 230 28 ningskostnaderna
488 543 59 19 samt
571 542 108 28 uppfylla
702 544 34 19 ett
758 542 104 28 verkligt
884 542 73 21 behof
969 542 30 29 pä

235 577 74 20 orten.

178 617 18 17 11
212 616 16 23 &.
305 610 11 21 I
333 610 244 22 öfverensstämmelse
593 611 53 21 med
661 611 62 22 hvad
738 611 8 21 i
761 612 27 21 67
804 613 14 26 $
834 619 37 14 om
886 611 65 21 tiden
961 611 38 22 för

234 645 147 21 revisionens
397 645 141 29 vidtagande
554 645 81 22 blifvit
652 646 114 28 stadgadt,
783 645 71 22 hafva
869 645 129 22 Ständerna

234 679 99 22 beslutit
349 681 35 20 att
401 680 102 21 bankens
520 680 120 21 direktion
656 688 55 21 eger
726 680 90 29 afgifva
831 680 45 21 den
886 681 9 20 i
905 688 68 14 mom.
984 683 14 20 4

234 714 141 21 omnämnda
391 714 141 21 berättelsen
548 715 74 21 innan
638 715 44 21 den
699 717 27 20 10
740 715 68 21 Mars.

176 755 21 17 17
211 754 17 23 $.
304 749 84 28 Enligt
406 750 39 21 138
461 751 13 25 $
490 749 8 21 i
513 757 32 13 nu
562 749 110 28 gällande
683 750 143 28 reglemente
837 749 37 22 för
884 749 112 22 Finlands

233 783 70 21 Bank
318 783 49 28 bör,
384 783 8 21 i
407 783 111 22 händelse
534 783 74 22 behof
622 785 154 27 uppkommer
791 785 34 20 att
838 784 71 21 ändra
919 785 78 27 nägon

234 817 26 22 al
281 818 28 21 de
330 818 37 21 för
383 818 93 22 banken
490 819 112 28 gällande
618 819 155 27 föreskrifter,
790 819 79 21 dervid
885 818 111 21 förhällas

234 852 75 29 enligt
325 853 140 28 stadgandet
481 853 8 20 i
505 855 25 20 11
544 855 13 25 $
570 853 26 21 af
604 853 86 28 nådiga
699 853 170 28 förordningen
878 853 118 28 angående

233 887 116 28 styrelsen
373 887 44 21 och
439 887 177 28 förvaltningen
639 887 26 22 af
684 887 113 22 Finlands
820 887 74 27 Bank,
915 887 81 28 gifven

233 921 46 21 den
300 923 14 20 9
337 921 128 22 December
482 923 62 26 1867,
562 922 8 21 i
586 922 98 21 hvilken
699 921 111 30 paragraf
824 923 48 20 äter
887 921 108 22 hänvisas

232 956 38 21 till
286 956 62 21 hvad
363 958 34 25 40,
413 958 34 26 41,
464 958 28 20 42
508 956 44 22 och
568 958 29 21 43
613 958 27 26 $$
657 957 25 20 af
693 958 54 21 1772
758 957 36 21 års
805 956 191 29 Regeringsform

232 997 38 14 om
297 991 119 28 lagfrägor
440 991 88 28 stadga.
566 991 212 29 Bestämningarna
803 991 9 21 i
836 991 160 21 förstnämnda

232 1025 112 28 paragraf
364 1025 59 22 hade
446 1025 130 22 emellertid
596 1026 8 21 i
624 1026 39 21 det
679 1026 25 21 af
719 1027 53 21 1891
790 1026 36 21 års
842 1025 99 22 Ständer
957 1033 38 14 an-

232 1061 73 26 tagna
320 1060 155 28 reglementet
488 1059 81 22 blifvit
587 1060 200 27 omformulerade,
804 1060 8 21 i
828 1060 39 21 det
877 1060 118 28 nämligen

232 1095 164 21 motsvarande
418 1095 110 28 paragraf
547 1095 94 22 erhällit
656 1095 103 28 följande
774 1095 100 28 lydelse:
892 1094 24 28 ,I
930 1094 65 29 fräga

232 1136 38 14 om
294 1129 101 29 ändring
417 1129 8 21 i
448 1129 63 22 detta
533 1130 150 28 reglemente,
699 1129 76 22 ehvad
790 1129 113 29 förslaget
918 1129 77 21 dertill

231 1164 70 28 utgär
324 1164 62 21 ifrän
409 1164 113 28 Kejsaren
546 1164 44 21 och
613 1164 146 21 Storfursten
783 1164 57 21 eller
858 1163 135 26 Ständerna,

231 1198 69 28 gälle,
317 1200 65 20 utom
398 1199 9 21 i
422 1199 27 21 de
464 1199 36 21 uti
517 1200 26 21 15
566 1200 6 26 $
590 1198 153 22 omförmälda
758 1198 48 28 fall,
823 1198 62 22 hvad
897 1205 38 14 om
945 1198 50 22 stif-

230 1232 73 22 tande
319 1233 26 21 af
358 1233 84 21 allmän
458 1234 39 28 lag
507 1237 25 17 är
545 1233 129 29 stadgadt*.
698 1233 90 21 Genom
800 1233 76 21 denna
886 1232 108 22 formule-

230 1267 56 29 ring
299 1267 77 29 afsägs
392 1268 51 21 icke
458 1268 78 28 nägon
552 1268 77 28 saklig
644 1268 100 28 ändring
755 1268 26 21 af
790 1268 204 28 bestämningarna

230 1302 7 20 i
259 1302 200 28 ofvanäberopade
482 1302 191 28 lagstadganden,
696 1310 60 20 men,
778 1306 56 17 enär
849 1302 74 28 enligt
938 1303 55 26 76
978 1298 19 37 $

230 1336 9 20 i
255 1336 155 28 reglementet
432 1336 25 22 af
477 1337 25 21 är
518 1338 53 20 1891
590 1337 45 21 alla
651 1336 48 22 deri
720 1337 52 21 icke
788 1336 129 28 äberopade
933 1336 61 21 stad-

230 1371 95 27 ganden
353 1371 97 21 rörande
473 1371 115 21 Finlands
611 1371 68 21 Bank
702 1371 144 21 förklarades
869 1370 123 29 upphäfda,

231 1405 80 21 kunde
333 1405 222 29 omformuleringen
574 1406 146 21 annorlunda
734 1405 128 29 uppfattas.
891 1405 54 21 Med
961 1405 32 21 af-

231 1440 86 21 seende
336 1441 56 20 härä
407 1443 69 18 hafva
491 1440 135 22 Ständerna
641 1442 77 20 anseti
733 1443 41 25 att,
793 1440 35 21 Lili
845 1440 148 21 umivikando
