1103 1700
272 131 13 21 2
474 130 75 22 Ständ.
566 130 51 22 Skr.
632 143 29 3 —
676 131 94 22 XXXII.

241 196 42 21 vid
305 198 92 19 senaste
419 196 112 28 iandidag
546 198 108 26 antagna,
673 204 54 14 men
742 196 26 22 at
780 196 74 22 Pdors
868 196 134 30 Kojsorlisa

241 230 110 29 Majestät
369 230 52 22 icke
437 230 113 22 stadfästa
564 238 47 21 nya
626 231 144 28 reglemente
783 231 74 29 jemte
874 231 77 22 dertill
967 231 34 22 fo-

241 265 59 27 gade
315 267 46 19 stat
376 265 37 21 för
427 265 113 21 Finlands
549 265 81 29 Bank,
647 265 59 21 dock
720 265 52 21 med
784 266 74 28 nägra
868 266 133 21 förändrin-

240 306 43 21 gar
305 299 43 21 och
371 299 89 29 tillägg,
484 306 49 14 som
551 299 219 29 Bankfullmäktige
785 300 49 21 dels
850 300 37 21 till
902 300 59 29 följd
977 300 26 21 af

241 333 45 21 den
309 334 101 28 vägrade
433 334 164 21 stadfästelsen
620 334 13 21 å
648 334 160 28 reglementet,
825 334 49 22 dels
890 334 26 22 af
929 334 71 22 andra

239 368 104 28 grunder
358 370 77 20 ansett
450 368 93 28 nödiga.

310 414 136 28 Ständerna,
472 422 49 14 som
546 414 109 22 omfattat
680 414 64 22 detta
768 414 229 29 Bankfullmäktiges

239 448 96 30 förslag,
359 449 70 21 hafva
449 449 144 21 beträffande
612 449 28 21 de
656 449 63 21 delar
734 449 26 21 af
772 449 159 29 reglementet,
948 456 50 14 som

239 484 121 28 upptagits
384 483 152 21 oförändrade
559 484 76 28 enligt
658 486 91 19 senaste
770 484 124 28 landtdags
913 484 84 26 beslut,

239 520 59 19 trott
313 518 37 28 sig
365 518 52 21 icke
432 518 100 21 behöfva
546 525 105 21 upprepa
666 518 46 21 den
726 518 148 28 motivering,
887 518 111 22 hvarmed

240 553 53 22 1891
312 553 36 20 ärs
364 552 98 22 Ständer
477 552 153 29 beledsagade
647 552 36 22 sin
698 552 160 29 underdäniga
872 552 125 22 framställ-

237 587 60 29 ning
319 588 8 21 i
348 590 83 19 ämnet.
461 587 35 21 De
513 587 127 22 afvikelser
655 587 53 22 frän
724 587 39 22 det
777 587 132 29 föreslagna
923 588 74 28 regle-

238 624 90 19 mentet
343 622 56 27 äter,
408 621 80 22 hvilka
502 621 131 22 Ständerna
644 623 78 20 ansett
732 621 157 29 erforderliga,
901 622 95 28 utbedja

239 657 37 28 sig
299 656 130 21 Ständerna
450 655 169 29 underdänigst
642 658 34 19 att
692 656 8 21 i
716 656 40 21 det
770 656 104 29 följande
888 656 24 22 fä
927 656 68 21 fram-

237 691 64 21 hälla
313 691 73 28 jemte
402 691 81 20 skälen
497 690 37 21 för
550 690 124 22 desamma.

191 739 38 23 28.
305 737 13 21 I
339 737 185 28 formuleringen
546 737 26 21 af
599 744 69 15 mom.
684 739 13 20 2
714 737 42 22 och
772 738 13 21 3
800 737 77 27 hafva,
893 737 53 21 med
961 737 34 21 bi-

235 771 139 22 behällande
397 771 25 22 af
442 771 40 22 det
504 772 90 28 sakliga
611 772 135 28 innehållet,
767 772 162 21 redaktionela
948 772 46 21 för-

236 806 127 29 ändringar
378 806 119 29 vidtagits.

305 853 83 28 Enligt
403 860 32 14 nu
450 853 106 28 gällande
572 853 143 28 reglemente
730 852 36 22 för
776 853 94 21 banken
880 853 66 21 skola
957 853 37 21 för

234 887 82 22 vexlar
327 894 49 15 som
387 887 8 21 i
406 887 92 21 banken
509 887 147 21 diskonteras
665 887 73 21 minst
748 889 87 19 tvenne
845 887 63 21 inom
916 887 78 22 landet

234 922 93 21 bosatta
342 921 77 22 finska
433 921 149 28 medborgare
598 921 57 22 eller
669 921 81 22 firmor
764 922 36 21 stä
814 921 8 21 i
838 922 155 28 ansvarighet.

234 955 132 22 Ständerna
374 963 54 14 anse
437 956 144 28 visserligen,
593 958 35 19 att
638 956 86 28 vexlar,
735 956 103 21 utstälda
848 956 26 21 af
882 956 111 21 utländsk

233 998 56 14 man
309 991 56 21 eller
380 991 71 27 firma,
468 991 52 21 icke
534 991 9 21 i
558 993 75 19 större
648 991 164 28 utsträckning
827 991 71 21 borde
914 991 8 21 i
936 991 57 21 Fin-

233 1025 69 22 lands
324 1025 68 22 Bank
415 1027 133 26 emottagas,
572 1033 54 13 men
647 1025 70 22 hafva
740 1025 60 22 dock
821 1027 59 20 trott
902 1025 51 21 skäl
970 1025 21 29 ej

232 1059 118 29 föreligga
371 1061 34 20 att
424 1067 83 21 genom
526 1067 29 14 en
570 1060 70 28 träng
654 1059 155 29 formulering
824 1059 26 22 af
863 1059 75 22 denna
953 1067 39 21 pa-

232 1094 83 29 ragraf
333 1093 121 22 förhindra
475 1093 239 29 bankförvaltningen
734 1096 35 19 att
783 1094 9 21 i
807 1094 183 28 undantagsfall,

232 1128 31 22 dä
278 1129 82 21 sädant
375 1132 26 18 är
415 1128 52 22 med
482 1128 104 22 bankens
602 1128 76 22 fördel
692 1128 114 29 förenligt
822 1128 43 22 och
880 1129 111 21 vexlarna

232 1164 99 28 erbjuda
345 1162 165 30 otvifvelaktig
525 1163 115 28 säkerhet,
652 1163 37 21 till
700 1163 163 29 diskontering
874 1166 116 26 emottaga

232 1197 71 23 äfven
326 1198 80 28 dylika
428 1198 85 21 vexlar.
543 1198 37 21 Dä
602 1198 130 21 emellertid
754 1198 94 21 banken
872 1198 52 21 icke
949 1198 42 21 bör

232 1232 136 22 diskontera
387 1232 8 21 i
414 1232 101 21 Finland
529 1232 119 22 betalbara
662 1232 81 21 vexlar
758 1233 13 20 ä
786 1234 72 19 annat
872 1232 118 28 myntslag

232 1270 31 18 än
279 1266 76 22 finska
369 1266 72 27 mark,
457 1274 54 14 vare
526 1266 37 29 sig
578 1268 34 20 att
627 1266 110 22 vexlarna
752 1270 40 18 äro
803 1266 90 21 direkte
904 1267 13 21 ä
927 1266 64 22 detta

231 1301 122 28 myntslag
374 1301 102 21 utstälda
494 1301 56 21 eller
566 1303 40 25 att,
623 1308 37 14 om
676 1301 27 21 de
719 1304 40 18 äro
774 1301 103 21 utstälda
892 1302 13 20 å
920 1303 71 19 annat

230 1336 127 28 myntslag,
373 1335 40 21 det
426 1335 76 21 finska
517 1335 176 29 markbeloppet
707 1335 95 21 fixerats
817 1342 84 22 genom
917 1338 74 18 utsät-

230 1370 72 21 tande
323 1370 8 21 i
353 1372 109 26 accepten
477 1369 25 21 af
520 1370 45 21 den
586 1370 62 28 kurs,
665 1370 97 21 hvartill
774 1370 112 21 vexlarna
901 1370 66 21 skola
982 1370 8 21 i

229 1404 79 22 finska
329 1404 66 22 mark
417 1404 93 28 inlösas,
533 1404 71 22 hafva
626 1404 35 22 uti
685 1404 177 29 ifrägavarande
887 1407 103 19 moment

228 1440 93 27 tillagts
337 1442 71 18 orden
425 1439 26 27 ,ä
464 1438 77 22 finska
555 1439 89 21 mark”.
