1103 1700
281 136 24 20 12
481 133 75 23 Ständ.
573 133 51 22 Skr.
641 146 25 2 —
682 132 90 22 XXXIIL

248 202 53 20 icke
315 202 38 20 för
368 202 132 20 ändamälet
513 199 149 28 tillräckliga,
677 198 62 22 skaii
754 198 90 22 bristen
858 197 83 21 ailöras
952 196 13 21 &
975 206 34 12 ro-

249 234 149 22 servfonden.
414 234 49 21 Har
477 234 78 28 nägon
566 233 38 21 del
618 232 25 22 af
651 232 167 22 reservfonden
829 231 97 22 sälunda
937 230 71 28 tagits

249 269 8 21 i
273 269 101 28 anspräk
389 268 37 22 för
440 268 126 22 förlustens
582 268 151 27 betäckande,
750 266 60 22 skall
825 266 105 22 bankens
946 265 63 21 vinst

249 303 74 21 under
338 302 103 29 följande
456 303 26 21 år
496 302 9 22 i
520 302 96 22 främsta
630 304 102 19 rummet
748 300 117 22 användas
876 300 36 22 för
928 302 33 18 att
972 299 37 21 till

248 337 121 22 faststäldt
385 337 83 29 belopp
485 338 49 20 äter
546 337 133 28 uppbringa
693 336 95 22 fonden.

318 372 128 28 Angående
466 372 28 21 de
512 371 36 22 för
567 371 114 22 särskilda
696 370 168 22 statsändamä]
880 368 129 22 tillsvidare

249 406 116 29 utgående
381 406 81 28 anslag
477 406 73 28 gäller
565 406 62 21 hvad
642 406 80 21 derom
736 404 112 22 särskildt
858 408 25 17 är
893 403 114 29 stadgadt.

606 487 11 21 5
634 487 20 25 8.

318 538 111 22 Bankens
451 538 109 21 behällna
582 538 64 21 vinst
669 538 53 27 kan,
746 537 53 21 med
817 536 152 28 iakttagande
984 535 27 21 af

249 573 140 28 stadgandet
408 573 9 21 i
435 575 13 20 5
464 574 19 26 &,
504 573 24 21 af
546 572 130 21 Ständerna
693 572 37 22 för
749 572 117 21 allmänna
881 570 127 22 statsända-

249 608 47 21 mål
312 608 100 21 anvisas.

604 678 13 20 6
629 674 24 35 8.

318 729 125 21 Inseendet
462 728 65 22 öfver
542 729 104 21 bankens
661 729 147 27 förvaltning
822 727 145 22 handhafves
985 727 26 21 af

249 763 115 22 Finlands
383 763 109 22 Ständers
512 763 212 28 bankfullmäktige
743 763 8 21 i
767 762 241 22 öfverensstämmelse

249 798 54 21 med
322 798 64 21 detta
405 798 141 28 reglemente
564 798 44 21 och
626 798 45 21 den
691 797 26 22 af
733 797 132 22 Ständerna
885 796 36 21 för
936 796 72 21 bank-

248 832 151 28 fullmäktige
413 832 122 21 faststälda
550 832 153 22 instruktion.

318 866 217 29 Bankfullmäktige
555 867 74 28 jemte
652 867 150 28 suppleanter
824 867 64 20 utses
910 865 29 28 på
963 867 46 19 sätt

249 901 267 29 Landtdagsordningen
531 901 161 22 föreskrifver.

605 977 47 26 78.

318 1027 110 21 Bankens
445 1027 145 29 förvaltning
605 1027 146 22 handhafves
768 1027 27 21 af
809 1027 148 21 direktionen
971 1026 37 22 för

248 1061 115 22 Finlands
378 1061 74 22 Bank.

318 1096 154 21 Direktionen
492 1098 94 27 utgöres
602 1097 26 20 af
642 1104 28 14 en
687 1095 140 23 ordförande
844 1098 59 19 samt
917 1096 41 21 tvä
973 1103 35 14 or-

249 1130 90 22 dinarie
354 1131 126 21 ledamöter
495 1131 43 21 och
554 1138 29 14 en
598 1131 101 21 ledamot
714 1131 30 29 pä
760 1133 66 19 extra
842 1133 52 19 stat.

319 1165 161 21 Ordföranden
494 1168 122 19 utnämnes
633 1166 25 21 af
671 1166 117 28 Kejsaren
804 1165 43 22 och
862 1165 146 22 Storfursten

248 1200 31 28 pä
293 1200 173 28 framställning
482 1200 25 21 af
520 1200 113 22 Senatens
648 1200 302 28 Ekonomiedepartement.

319 1234 121 22 Ordinarie
454 1234 163 28 ledamöterna,
634 1234 26 22 af
673 1235 81 21 hvilka
770 1234 46 22 den
832 1242 43 14 ene
886 1234 42 22 bör
938 1234 71 22 hafva

249 1268 124 29 ådagalagt
389 1268 73 29 insigt
477 1268 43 22 och
535 1269 133 21 erfarenhet
683 1270 8 20 i
707 1269 92 21 landets
810 1269 65 28 lagar
886 1269 42 21 och
939 1271 69 19 rätte-

248 1303 185 28 gängsväsende,
452 1305 122 19 utnämnas
595 1303 70 21 äfven
685 1303 26 22 af
728 1304 66 21 Hans
813 1303 133 29 Kejserliga
961 1303 48 21 Ma-

247 1337 82 28 jestät;
345 1338 8 20 i
368 1337 91 21 hvilket
474 1338 109 21 afseende
599 1338 45 28 det,
661 1338 40 21 vid
716 1338 111 21 inträffad
840 1337 110 29 ledighet,
961 1337 47 21 till-

248 1371 106 22 kommer
373 1372 211 28 hbankfullmäktige
604 1374 40 26 att,
664 1373 60 21 efter
744 1372 130 28 behörigen
890 1372 119 28 kungjord

249 1406 181 28 ansökningstid
448 1406 26 21 af
488 1406 124 22 femtiosex
630 1407 77 28 dagar,
726 1410 111 25 uppgöra
852 1406 157 28 underdänigt

247 1442 91 26 förslag
357 1442 43 20 och
421 1442 70 27 derpä
510 1444 99 25 uppföra
624 1444 36 18 tre
678 1444 25 18 at
720 1440 136 22 sökandena
873 1441 8 21 i
897 1440 44 22 den
957 1440 52 22 ord-
