1103 1700
358 130 28 22 U.
401 130 25 21 B.
456 129 155 22 1II—XXXI.
812 131 26 21 55

107 206 41 20 ega
157 199 116 27 företräde
287 200 102 26 framför
401 199 36 20 det
450 198 77 22 hittills
542 198 50 22 med
604 199 100 22 afseende
720 199 14 19 å
748 198 120 25 fondernas

107 233 142 27 obligationer
261 233 120 27 iakttagna.

177 268 9 20 I
209 267 116 27 anledning
347 267 27 21 af
385 267 180 21 Statsutskottets
588 268 36 20 vid
643 268 49 26 1891
712 268 34 20 års
762 267 105 27 landtdag
885 281 1 3 .

108 302 76 21 derom
207 302 96 20 uttalade
326 301 161 27 önskningsmål
510 302 37 20 har
570 303 30 19 uti
619 302 142 20 förevarande
777 302 90 21 relation

108 338 88 25 intagits
209 336 81 26 jemväl
311 343 26 13 en
357 336 90 20 relation
462 336 61 20 öfver
538 336 81 20 sådana
634 336 36 20 vid
686 336 181 26 länestyrelserna

108 372 7 19 i
131 370 72 21 landet
219 370 120 21 förvaltade
355 370 82 25 fonder,
453 370 33 20 för
501 370 72 21 hvilka
588 370 140 27 redogörelse
744 370 48 20 icke
807 370 60 27 ingår

108 406 7 19 i
131 404 27 21 de
173 404 106 21 allmänna
303 404 173 27 räkenskaperna
500 404 32 20 för
555 404 62 21 länen
632 404 100 27 (XXVI).
763 404 103 21 Förutom

108 439 29 20 de
153 440 5 19 i
174 439 119 20 relationen
315 438 142 28 uppräknade
480 438 75 21 fonder
578 438 24 21 af
621 439 70 20 denna
709 438 156 25 beskaffenhet,

107 472 33 22 till
157 472 82 22 antalet
254 474 33 24 28,
303 472 66 21 finnes
386 473 37 21 det
436 472 83 27 jemlikt
532 476 31 18 ett
576 472 114 22 Utskottet
702 472 165 22 tillhandakom-

108 511 45 17 met
168 507 150 25 meddelande,
342 507 55 20 ännu
421 514 26 13 en
466 507 58 25 fond,
540 514 48 13 som
604 507 101 21 förvaltas
721 507 36 21 vid
774 507 93 27 länesty-

108 541 57 21 relse
188 541 41 21 och
253 541 32 21 för
301 540 86 21 hvilken
403 541 139 27 redogörelse
558 541 47 20 icke
621 542 59 26 ingår
695 542 6 20 i
718 541 27 21 de
760 541 106 21 allmänna

108 576 183 27 räkenskaperna,
307 575 107 28 nämligen
430 576 42 20 den
488 576 58 25 fond,
562 583 48 13 som
626 577 28 26 på
669 576 69 27 grund
749 576 25 21 af
781 576 86 26 Kejser-

108 610 43 27 liga
166 610 85 21 brefvet
265 610 32 21 till
312 610 67 20 Wasa
395 610 88 21 Hofrätt
499 610 25 21 af
536 610 41 21 den
601 616 21 15 11
648 610 53 27 april
720 611 52 26 1853
789 610 77 21 bildats

108 644 50 21 utaf
175 644 77 25 medel,
275 645 72 20 hvilka
364 644 75 21 influtit
454 651 80 20 genom
549 644 124 27 försäljning
689 644 24 21 af
726 644 32 21 för
774 644 92 21 kronans

108 679 91 27 räkning
221 681 5 18 i
249 679 76 26 beslag
347 682 65 24 tagna
435 686 67 13 renar.
533 679 90 20 Fonden
643 679 103 20 förvaltas
762 679 25 20 af
799 679 67 20 landt-

108 713 103 21 ränteriet
227 715 6 18 i
249 713 122 27 Uleåborgs
395 713 34 20 län
452 713 42 21 och
517 714 139 25 redovisning
678 713 92 27 afgifves
786 713 80 27 årligen

108 747 32 21 till
156 747 312 27 Generalguvernörskansliet.
498 747 77 22 Denna
591 747 63 21 fonds
669 747 115 28 tillgångar
798 747 67 25 skola,

104 781 85 27 jemlikt
205 789 82 13 samma
303 782 78 27 nådiga
397 781 52 26 bref,
466 782 110 20 användas
592 781 31 22 till
638 782 102 26 åtgärder
755 781 33 21 för
799 781 67 22 finska

108 815 166 28 Lappmarkens
294 815 168 30 upphjelpande.
492 816 110 27 Ingående
622 815 102 21 balansen
740 816 42 21 den
800 822 7 14 I
823 816 42 27 jan.

111 850 53 26 1893
188 849 99 28 utgjorde
313 849 80 27 16,205:
411 855 26 21 54
459 854 56 17 samt
538 851 107 26 utgående
668 850 103 21 balansen
793 851 72 20 ultimo

107 884 117 21 december
240 891 81 14 samma
337 885 23 20 år
378 884 80 27 17,367:
474 891 34 19 44.
531 885 147 20 Inkomsterna
689 885 101 26 utgjorde
800 885 66 20 under

107 919 48 20 året
177 918 67 27 1,786:
260 919 25 26 65
310 919 42 20 och
371 919 116 26 utgifterna
509 919 157 26 sammanlagdt
681 919 48 26 624:
746 923 34 22 75.
810 919 56 21 Från

107 952 81 21 fonden
208 953 39 20 har
265 953 66 20 under
350 954 38 19 sist
404 953 92 21 berörda
512 954 22 20 år
549 953 31 21 till
596 953 146 21 folkskolorna
758 955 6 19 i
780 953 86 26 Utsjoki

106 987 45 20 och
174 987 119 21 Enontekis
317 991 55 17 samt
400 994 27 13 en
448 987 37 21 vid
508 987 41 21 den
574 987 148 21 förstnämnda
744 987 122 21 folkskolan

106 1021 87 21 anstäld
211 1021 68 20 lärare
295 1021 97 27 utgifvits
408 1021 76 28 anslag
499 1022 32 20 för
547 1021 91 28 uppköp
654 1021 24 21 af
690 1022 42 20 ved
748 1022 42 20 och
806 1022 44 26 ljus.

401 1159 171 29 Statsskulden.

176 1227 39 21 Uti
230 1228 119 20 relationen
365 1228 113 27 angående
493 1228 146 22 statsskulden
650 1228 80 27 (XXV)
744 1228 120 21 tramhålles

105 1262 30 20 de
158 1262 148 27 förändringar
329 1262 70 21 denna
421 1263 115 27 undergått
559 1262 45 21 från
626 1262 41 21 den
688 1268 7 15 1
712 1262 82 27 januari
812 1264 53 25 1890

105 1296 55 21 intill
175 1303 82 14 samma
279 1296 44 27 dag
348 1297 59 26 1894.
439 1297 53 21 Med
506 1297 88 27 ledning
609 1297 25 21 af
646 1297 110 27 uppgifter
772 1297 92 21 erhållna

106 1330 54 21 ifrån
182 1330 163 21 Statskontoret
360 1330 39 21 har
423 1330 169 22 Statsutskottet
617 1331 119 27 uppgjordt
762 1331 103 27 bifogade
889 1343 4 4 «

105 1364 68 21 tabell
195 1364 60 21 öfver
278 1364 147 22 statsskulden
448 1365 42 21 den
515 1371 7 15 1
540 1366 82 26 januari.
644 1366 52 20 åren
719 1366 145 26 1890—1894.

106 1398 33 21 Ur
154 1398 125 21 densamma
290 1398 93 28 framgår
393 1402 33 18 att
437 1399 146 21 statsskulden
594 1400 45 20 från
647 1400 42 20 den
702 1405 7 15 1
719 1399 82 27 januari
812 1400 53 26 1890
887 1417 2 2 .

104 1432 34 21 till
152 1439 83 14 samma
250 1433 44 27 dag
311 1434 55 25 1894
380 1434 92 26 nedgätt
487 1434 50 20 med
552 1434 48 27 Fn
618 1433 132 27 10,962,386:
766 1439 34 21 43.

178 1473 131 16 Statsutskottets
321 1473 104 16 betänkande
438 1474 34 16 N:o
482 1478 18 16 3.
615 1470 2 2 |
