1103 1700
474 128 107 19 Berättelse
596 128 25 23 af
632 128 139 24 Delegationen

241 203 73 25 stegen
323 202 110 21 lämnades
443 202 137 27 oslipade;
555 197 21 36 dä
588 197 32 36 de.
625 201 162 22 bleive-utsatia
794 201 34 22 för
837 209 26 14 eu
872 201 127 27 förvrening,

242 242 45 15 som
303 236 104 26 svårligen
423 236 67 22 skulle
506 236 70 21 kunna
591 236 149 22 förekommas.
771 236 150 26 Delegationen
937 236 64 26 ansåg

242 271 31 26 sig
289 270 52 22 böra
356 270 56 22 fästa
427 270 98 22 afseende
540 271 6 21 i
562 270 112 28 synnerhet
689 270 34 21 vid
739 270 36 21 det
790 276 74 16 senare
880 270 68 22 skälet
962 270 39 21 och

242 304 74 27 beslöt,
333 305 6 21 i
355 305 138 21 betraktande
516 304 23 22 af
553 307 31 19 att
598 311 26 15 en
640 305 65 21 sådan
721 305 7 21 i
744 307 81 24 ögonen
841 304 92 22 fallande
948 304 52 22 brist

242 339 77 21 efteråt
333 346 51 14 vore
399 340 87 26 omöjlig
501 341 31 19 att
547 339 99 27 afhjälpa,
662 339 78 27 bevilja
755 339 40 21 den
811 346 81 14 summa
907 339 22 21 af
939 340 61 25 8,000

242 374 67 26 mark,
325 374 85 21 hvartill
425 374 143 26 aktiebolaget
580 374 76 21 Granit
666 374 105 21 beräknat
781 373 117 22 kostnaden
908 373 32 22 för
952 373 48 27 slip-

242 409 50 26 ning
307 408 39 22 och
362 408 94 27 polering
472 408 23 21 af
508 408 76 22 nämda
600 408 64 26 delar,
681 408 102 22 ehuruväl
798 408 87 21 därmed
901 404 78 25 bristen
994 407 7 21 i

243 443 26 21 de
284 443 163 21 subskriberade
462 443 83 21 medlen
561 445 26 19 än
603 449 44 15 mer
663 442 85 22 ökades.

311 477 32 21 På
357 478 67 26 grund
440 477 22 21 af
476 478 7 20 i
498 478 74 26 Hangö
588 478 108 20 värkstäld
712 478 120 26 besiktning
848 476 21 22 af
883 477 26 21 de
924 476 77 27 granit-

242 512 69 26 block,
327 512 72 20 hvilka
414 512 13 20 å
441 512 143 26 aktiebolaget
595 511 86 22 Granits
696 512 102 21 värkstad
808 511 145 26 bearbetades,
969 510 31 21 af-

241 546 46 27 gafs
310 546 23 21 af
353 546 199 27 bärgsintendenten
574 546 23 21 C.
618 546 22 21 P.
658 546 122 21 Solitander
802 546 58 27 intyg
878 552 34 15 om
928 547 31 19 att
973 544 26 21 de

243 581 45 21 dels
304 581 89 26 huggna,
410 581 44 21 dels
470 581 80 26 slipade
565 583 98 19 stenarna
679 581 88 21 bestodo
783 581 23 20 af
820 581 64 27 jämn,
901 579 98 26 brunröd,

241 615 118 27 likformigt
375 615 137 21 kristallinisk
527 615 74 27 granit,
623 617 50 19 utan
689 615 96 27 sprickor
801 615 51 21 eller
867 615 132 26 skölgångar,

242 649 118 28 hvarjämte
375 649 40 22 den
431 649 138 22 öfverhufvud
584 649 62 27 högst
658 649 121 28 obetydliga
790 649 157 27 färgvariation,
956 654 45 15 som

243 684 12 21 å
271 684 26 21 de
313 683 80 27 slipade
402 686 76 25 ytorna
488 684 70 21 kunde
573 684 110 27 iakttagas,
695 690 48 15 men
759 690 45 15 som
815 684 46 21 icke
871 682 129 22 framträdde

243 718 12 21 å
271 719 84 26 huggna
369 720 54 25 ytor,
439 717 73 22 befans
528 718 50 21 bero
593 718 28 27 på
636 718 81 21 ställvis
736 718 56 21 ökad
807 717 76 28 mängd
903 717 22 21 af
941 717 60 27 glim-

243 759 45 14 mer
303 753 52 20 eller
370 753 78 26 kvarts,
472 759 44 15 som
532 753 53 21 dock
602 753 47 21 icke
664 752 100 22 utöfvade
778 753 66 26 något
859 752 111 27 inflytande
989 751 12 21 å

243 789 84 19 stenens
342 787 120 21 bållbarhet
476 787 50 21 eller
542 787 106 21 allmänna
664 787 152 22 beskaffenhet.

312 821 10 21 I
337 821 151 27 sammanhang
502 821 47 22 med
565 821 74 27 frågan
655 828 34 15 om
704 821 120 26 inskriften,
839 821 84 21 hvilken
933 820 68 21 skulle

242 855 127 22 inskränkas
384 856 32 21 till
431 859 85 18 namnet
531 856 39 21 och
585 856 96 26 åratalet,
697 856 92 27 uppstod
804 855 61 27 fråga
876 861 33 16 om
920 856 31 20 att
965 860 36 21 ge-

243 896 48 15 nom
308 890 91 26 sköldar,
416 890 81 22 fästade
513 891 27 26 på
555 891 177 26 sidogruppernas
752 890 84 22 socklar
851 890 38 21 och
907 889 92 21 bärande

242 924 142 27 landskapens
399 931 73 20 vapen,
484 925 77 27 antyda
575 927 32 19 att
621 925 112 21 ärestoden
744 927 24 18 är
779 924 131 21 tillkommen
925 930 74 21 genom

242 959 75 26 bidrag
332 959 93 21 samlade
435 959 7 21 i
454 959 97 22 Finlands
567 959 42 22 alla
624 959 136 22 landamären
776 959 40 21 och
831 958 88 22 sålunda
934 960 23 19 är
969 959 30 20 ett

241 993 86 27 uttryck
337 993 33 22 för
381 993 158 28 befolkningens
550 993 123 28 offervilliga
687 993 151 28 hängifvenhet
848 993 7 21 i
866 993 47 21 hela
923 992 77 21 landet.

242 1027 41 21 Till
299 1027 68 22 denna
381 1027 23 22 af
418 1028 119 21 arkitekten
552 1028 125 21 framstälda
691 1028 79 27 riktiga
786 1027 39 22 och
840 1027 77 21 vackra
935 1026 63 21 tanke

242 1061 50 22 kom
307 1061 62 22 äfven
385 1062 35 21 det
435 1062 100 21 estetiska
549 1062 99 22 behofvet
658 1064 32 19 att
699 1062 52 27 fylla
761 1068 43 21 upp
816 1061 26 22 de
852 1063 57 20 stora
920 1060 80 27 spegel-

242 1098 75 25 ytorna
332 1096 28 27 på
375 1096 59 21 dessa
450 1096 94 21 socklars
559 1096 120 27 framsidor,
695 1097 39 21 och
749 1096 77 22 trodde
842 1096 31 26 sig
883 1095 119 26 Delegatio-

242 1137 40 15 nen
299 1131 70 21 kunna
379 1131 28 27 på
417 1131 88 21 anförda
516 1131 46 21 skäl
575 1131 87 27 tillägga
677 1131 62 21 äfven
755 1131 69 21 denna
840 1130 96 27 kostnad,
948 1129 55 22 helst

242 1171 49 15 man
306 1166 54 20 hade
375 1166 67 21 utsikt
456 1167 32 20 att
502 1165 22 21 få
538 1166 83 21 arbetet
635 1166 83 21 utfördt
733 1166 7 20 i
756 1165 97 22 inhemsk
865 1164 108 22 värkstad.

312 1200 41 21 För
369 1200 95 28 gjutning
476 1200 22 21 af
514 1200 198 26 bronsorneringen,
730 1192 59 30 såväl
804 1200 41 21 den
862 1199 89 27 tidigare
966 1198 36 22 be-

244 1234 75 26 slutna,
336 1241 45 15 som
396 1234 159 27 ifrågavarande
577 1234 161 27 vapensköldar,
759 1236 55 20 samt
832 1234 22 21 af
870 1234 79 21 stakett
964 1233 39 21 och

242 1268 146 28 lyktkonsoler
403 1268 22 22 af
439 1269 90 27 gjutjärn
545 1268 33 22 för
588 1271 105 19 terrassen
711 1269 55 21 hade
781 1268 48 22 från
844 1268 92 27 Högfors
946 1268 55 21 bruk

242 1303 113 21 inlämnats
375 1305 30 19 ett
424 1303 186 27 kostnadsförslag,
634 1304 97 21 slutande
750 1304 32 24 sig
797 1303 27 27 på
841 1304 76 25 11,250
932 1302 67 22 mark.

243 1337 64 21 Detta
328 1337 80 27 förslag
427 1338 121 26 godkändes
563 1337 23 21 af
600 1338 151 26 Delegationen
772 1337 40 21 och
831 1337 100 21 kontrakt
948 1343 53 21 upp-

241 1372 85 27 gjordes
342 1372 39 21 den
397 1373 12 20 5
425 1372 109 21 december
552 1374 54 19 1893
622 1378 35 15 om
672 1372 95 21 arbetets
783 1371 118 26 utförande,
913 1371 86 21 hvarvid

242 1406 119 22 bestämdes
377 1408 32 19 att
423 1406 38 21 allt
475 1406 66 21 borde
556 1412 50 15 vara
620 1406 79 27 färdigt
714 1408 87 25 uppsatt
816 1406 28 26 på
858 1407 143 20 monumentet

242 1441 39 21 sist
296 1440 39 22 den
352 1442 28 20 20
394 1446 58 16 mars
468 1442 62 19 1894.

562 1476 11 11 »*
671 1475 11 12 *
