1103 1700
492 120 22 22 II
821 121 37 20 141

121 189 36 22 val
171 189 24 22 af
208 189 165 27 landtdagsman
396 188 87 22 erhällit
506 188 26 22 de
547 189 62 21 flesta
632 190 99 20 rösterna
748 188 40 22 och
804 188 82 22 förkla-

122 226 47 20 rats
184 223 33 22 för
240 223 129 28 domsagans
391 225 152 25 representant
563 223 6 21 i
584 222 169 28 Bondeständet,
769 223 48 21 icke
834 223 53 21 und-

121 258 42 22 fätt
173 257 141 22 föreskrifven
325 257 106 28 fullmakt,
443 258 91 21 oaktadt
544 257 43 21 han
597 258 40 20 hos
648 257 163 22 vederbörande
828 257 59 21 dom-

122 292 106 22 hafvande
243 292 69 22 skulle
327 292 102 27 utbegärt
444 292 74 26 sädan,
534 294 57 19 samt
604 291 73 21 anhöll
689 291 37 22 det
736 291 150 22 Prokuratorn

122 326 50 22 ville
187 326 86 27 vidtaga
288 326 41 22 den
345 326 84 27 ätgärd,
452 326 87 22 hvartill
554 326 78 22 sakens
647 326 150 22 beskaffenhet
814 326 71 21 kunde

121 360 121 22 föranleda.

192 395 70 22 Sedan
274 395 201 27 tjenstförrättande
484 394 174 22 domhafvanden
670 395 7 21 i
687 394 129 23 förberörda
828 394 59 22 dom-

122 436 53 21 saga
197 430 242 27 vicehäradshöfdingen
464 430 23 21 C.
504 430 32 22 uti
559 430 95 27 afgifven
676 429 128 28 förklaring,
821 429 66 22 bland

122 467 73 23 annat,
218 464 101 22 förnekat
337 466 33 20 att
384 464 35 27 K.,
435 464 65 22 innan
516 464 66 22 saken
598 464 40 21 hos
653 464 162 22 Bondeständet
830 463 57 22 före-

123 499 56 21 varit
193 498 33 22 till
241 498 136 28 behandling,
394 498 106 28 nägonsin
516 498 70 22 skulle
602 498 64 22 hafva
681 498 63 22 äskat
755 498 42 21 den
808 498 78 27 ifräga-

123 534 94 21 varande
232 533 136 27 fullmakten,
384 533 87 22 hvilken
491 534 137 27 följaktligen
644 533 18 27 ej
678 533 68 21 heller
762 533 72 21 blifvit
848 532 38 22 ho-

123 574 50 15 nom
189 567 119 28 förvägrad,
325 568 40 21 och
380 569 65 26 yrkat
460 570 34 20 att
505 568 26 22 K.
542 568 34 21 för
586 568 48 21 sina
645 574 82 15 osanna
738 567 40 22 och
789 567 23 23 O.
824 566 61 23 miss-

123 602 104 22 firmande
243 602 107 27 uppgifter
365 603 68 21 mätte
448 603 113 21 befordras
577 602 34 22 till
627 603 49 26 laga
692 609 86 20 ansvar,
794 608 49 15 men
859 601 27 22 K.

123 637 98 21 deremot
230 636 135 22 fortfarande
373 637 109 27 pähördat
493 637 243 27 vicehäradshöfdingen
746 637 24 22 C.
781 639 33 19 att
822 635 65 22 hafva

124 671 105 22 åsidosatt
245 672 33 21 sin
293 672 122 27 skyldighet
431 673 33 20 att
477 672 86 27 jemlikt
580 673 26 20 15
624 673 9 26 &
645 672 7 21 i
663 671 80 28 nådiga
753 671 133 27 Landtdags-

124 705 118 28 ordningen
258 705 40 22 den
316 707 25 20 15
357 706 61 27 April
440 707 56 21 1869
511 706 35 22 för
560 706 27 22 K.
603 706 86 22 utfärda
705 705 101 22 fullmakt
822 707 13 20 &
851 705 36 22 det

124 739 79 22 honom
226 741 125 27 uppdragna
377 741 287 28 landtdagsmannavärfvet,
687 743 58 19 samt
767 741 27 20 K.
817 739 69 22 förbe-

124 774 65 23 hällit
211 775 32 27 sig
258 777 33 20 att
306 775 23 21 fä
343 775 8 21 i
365 775 60 22 bevis
448 775 50 22 leda
521 776 46 21 sina
589 775 165 28 ifrägavarande
770 774 115 28 uppgifter,

123 809 34 21 till
172 809 117 27 styrkande
312 809 24 22 af
349 809 74 22 hvilka
438 810 27 21 K.
481 811 71 21 tillika
568 810 128 27 namngifvit
711 810 89 26 vittnen,
816 809 70 22 öfver-

124 843 98 22 lemnade
238 844 148 22 Prokuratorn
407 844 88 28 tillföljä
511 845 65 21 häraf
590 845 40 21 och
645 845 49 21 med
709 844 83 27 hänsyn
807 843 78 28 jemväl

123 878 34 22 till
173 879 129 27 stadgandet
317 879 6 22 i
339 879 80 27 nädiga
440 879 86 22 brefvet
546 880 40 21 den
603 881 26 20 15
644 879 43 28 Maj
706 880 54 21 1778
776 879 32 21 uti
823 878 63 22 skrif-

123 913 59 21 velse
197 913 24 21 af
234 913 40 22 den
289 915 27 20 25
331 914 44 27 Maj
394 915 55 21 1888
473 915 158 27 handlingarna
646 915 7 20 i
667 914 89 21 ärendet
772 913 35 22 till
822 913 64 22 advo-

123 947 208 23 katfiskalsembetet
350 948 3 22 i
370 949 66 21 Wasa
459 949 84 22 hofrätt
564 949 34 22 för
621 949 130 27 vidtagande
774 948 24 21 af
818 948 40 21 den
874 949 13 20 ä

123 981 264 24 advokatfiskalsembetet
403 983 47 22 deri
466 983 159 22 ankommande
641 983 84 28 ätgärd.

192 1016 62 22 Efter
276 1017 37 21 det
334 1017 66 28 nödig
423 1018 82 21 ansedd
528 1018 114 27 utredning
664 1017 33 22 till
721 1017 55 27 följd
800 1017 23 21 af
840 1016 47 21 hof-

124 1052 82 20 rättens
228 1051 73 21 derom
319 1051 104 28 vidtagna
442 1052 129 27 författning
586 1052 119 25 inkommit,
722 1051 84 27 androg
821 1051 66 21 advo-

123 1084 126 23 katfiskalen
263 1085 32 21 uti
311 1086 111 21 memorial
438 1086 24 22 af
476 1087 40 21 den
526 1087 27 21 25
564 1087 127 26 September
704 1087 62 25 1888,
776 1087 41 24 att,
829 1091 58 15 eme-

123 1119 42 21 dan
181 1119 141 22 förenämnda
337 1120 12 28 8
365 1120 7 22 i
387 1120 81 28 nådiga
484 1121 243 27 Landtdagsordningen
739 1119 103 27 innehöll,
855 1121 32 20 att

123 1153 100 22 fullmakt
238 1154 56 21 skall
309 1154 154 28 ofördröjligen
479 1155 99 22 utfärdas
593 1156 35 21 för
642 1156 47 26 den,
705 1161 47 15 som
766 1154 35 22 till
816 1154 71 21 landt-

123 1187 103 28 dagsman
241 1188 70 22 blifvit
326 1189 84 27 utsedd,
427 1189 39 22 det
481 1190 57 22 hade
553 1190 73 27 älegat
640 1188 247 28 vicehäradshöfdingen

123 1222 24 21 C.
162 1222 7 22 i
185 1223 106 27 egenskap
313 1223 25 21 af
358 1223 155 23 valförrättare
536 1226 32 20 att
590 1224 47 22 låta
659 1224 98 22 tillställa
778 1223 28 21 K.
830 1223 57 21 före-

123 1256 95 22 skrifven
233 1257 106 28 fullmakt,
354 1260 54 20 utan
423 1258 105 22 afseende
551 1258 52 22 derä
619 1264 34 16 om
669 1258 70 22 denne
757 1258 83 21 anmält
855 1257 32 27 sig

122 1290 35 22 till
179 1290 124 23 erhållande
318 1291 23 22 af
355 1292 67 22 sådan
445 1293 55 21 eller
523 1292 54 28 icke,
600 1293 41 21 och
663 1292 29 22 dä
712 1292 174 22 vicehäradshöf-

123 1324 78 28 dingen
216 1326 23 22 C.
258 1326 47 22 icke
327 1326 83 22 kunnat
433 1328 110 27 nöjaktigt
565 1328 95 21 förklara
683 1327 96 26 orsaken,
798 1326 87 22 hvarför

123 1359 43 22 han
189 1360 116 22 underlåtit
327 1362 32 20 att
382 1361 33 21 till
431 1361 27 22 K.
482 1361 88 22 utfärda
592 1361 167 28 ifrågavarande
775 1360 109 27 fullmakt,

123 1396 57 20 samt
202 1394 24 21 af
239 1394 156 28 handlingarna
409 1395 8 21 i
433 1396 92 22 ärendet
547 1396 96 27 tydligen
665 1396 123 26 framginge
802 1396 34 20 att
851 1401 36 15 en-

123 1428 50 22 dast
187 1428 41 22 den
244 1429 195 29 omständigheten,
456 1432 34 20 att
505 1430 27 22 K.
548 1430 47 22 icke
611 1430 55 22 varit
680 1430 87 22 försedd
778 1429 49 22 med
838 1429 48 23 full-
