1103 1700
313 128 33 23 för
361 127 252 20 Alexandersmonumentet.

838 128 12 36 ji

93 201 110 22 skrifvelse
219 208 32 14 om
265 201 58 21 detta
339 201 161 27 Delegationens
515 201 75 25 beslut,
607 201 46 21 med
669 201 98 21 anhällan
783 203 31 19 att
825 207 24 15 en

93 236 58 21 areal
169 235 22 21 af
206 237 37 19 211
261 234 23 24 I]
299 237 67 20 meter
381 236 65 21 måtte
462 235 33 22 för
511 236 121 20 ändamålet
646 236 103 26 upplåtas,
765 235 86 21 hvartill

94 270 195 27 Stadsfullmäktige
304 270 6 21 i
326 277 25 15 en
374 270 110 22 skrifvelse
507 270 23 21 af
551 270 39 22 den
612 272 26 19 29
661 270 113 21 november
796 271 53 20 1892

93 304 62 28 gäfvo
171 305 37 21 sitt
222 304 113 28 samtycke.
361 305 40 21 Om
417 307 152 25 senatstorgets
584 304 109 27 planering
708 304 38 22 och
762 304 89 21 dekore-

94 340 46 26 ring
155 339 6 21 i
177 339 65 27 öfrigt
258 339 37 21 har
311 339 151 27 Delegationen
478 339 46 21 icke
540 339 70 21 utlätit
626 339 37 27 sig.

162 374 71 26 Enligt
255 374 123 21 kontraktet
400 373 53 27 ägde
468 373 144 27 aktiebolaget
626 373 74 21 Granit
716 375 31 19 att
762 373 26 27 gä
803 373 48 21 med

93 408 211 27 grundningsarbetet
321 408 32 21 till
376 410 30 19 ett
429 408 50 27 djup
502 407 22 21 af
546 409 30 24 2,1
600 409 74 24 meter;
691 407 68 21 skulle
774 407 76 21 därun-

95 443 37 21 der
155 442 120 27 ytterligare
298 442 87 21 arbeten
411 442 65 21 blifva
498 442 144 27 erforderliga,
665 442 83 21 komme
772 441 30 21 de
820 443 31 19 att

94 476 81 22 utföras
191 476 32 22 för
239 476 161 27 Delegationens
415 476 96 27 räkning.
537 476 41 21 Vid
593 476 76 21 nämda
685 476 52 27 djup
752 475 99 22 anträffa-

95 511 36 21 des
147 513 30 19 ett
192 511 57 27 lager
264 510 28 22 fin
307 511 58 26 sand,
382 517 45 15 som
442 510 24 22 af
480 511 119 21 arkitekten
610 512 65 26 jämte
686 510 98 22 fackmän
794 510 57 22 inom

95 545 151 27 Delegationen
265 545 46 21 icke
327 545 75 27 ansågs
418 545 89 27 erbjuda
522 545 64 27 nödig
601 545 77 21 fasthet
693 544 22 22 åt
730 551 121 15 monumen-

93 582 38 19 tet.
162 580 150 27 Delegationen
328 580 68 21 beslöt
411 582 31 19 att
457 580 36 21 det
508 579 42 22 fina
560 580 120 26 sandlagret
690 580 66 21 borde
766 585 85 21 genom-

93 614 84 28 gräfvas
200 614 38 21 och
261 616 142 19 monumentet
423 614 92 27 grundas
530 614 28 27 på
574 614 35 21 det
624 614 105 21 därunder
744 614 107 27 befintliga

93 649 68 27 lagret
175 648 23 21 af
211 648 76 27 gröfre,
303 649 141 26 skarpkornig
459 649 58 26 sand,
534 649 62 21 hvars
612 648 91 22 öfversta
718 649 58 20 skikt
786 648 65 21 borde

93 683 78 27 packas
187 683 47 21 med
249 683 93 26 inslagen
358 683 112 21 stenskärf.
500 683 63 21 Detta
578 683 120 27 ytterligare
713 683 139 26 grundnings-

94 718 73 21 arbete
182 717 137 22 förorsakade
335 723 25 15 en
375 717 91 22 kostnad
482 717 22 22 af
519 718 62 25 2,705
598 717 66 22 mark.

163 752 40 21 Till
218 751 51 28 följd
285 751 23 22 af
322 754 152 25 senatstorgets
489 752 81 26 lutning
585 752 39 21 och
639 751 33 22 för
687 754 31 19 att
733 752 78 21 bereda
826 757 26 15 en

94 787 74 26 vågrät
191 786 48 27 plan
261 786 62 27 kring
345 788 149 24 monumentet,
510 786 45 21 blef
569 786 35 21 det
619 786 129 27 nödvändigt
762 789 32 18 att
809 793 44 14 om-

94 820 57 27 gifva
167 821 36 21 det
217 821 47 20 med
279 827 26 14 en
321 823 84 24 terrass,
422 821 90 26 hvilken,
524 821 28 26 på
562 827 80 15 samma
652 821 55 26 gång
718 821 39 21 den
768 821 84 26 tjänade

97 861 44 16 som
158 855 117 26 omhägnad
290 855 61 26 kring
367 855 119 26 ärestoden,
503 855 69 22 kunde
587 862 26 20 ge
628 862 46 14 rum
690 855 33 21 för
738 855 26 21 de
775 855 77 21 kande-

95 889 78 26 labrar,
189 896 45 15 som
249 889 134 22 erfordrades
397 889 34 21 för
447 891 154 20 monumentets
617 889 119 28 belysande.
766 889 87 27 Delega-

96 924 71 21 tionen
183 923 38 22 har
236 925 51 20 trott
305 923 32 27 sig
353 923 52 22 böra
420 923 66 27 draga
501 923 84 28 försorg
600 923 61 22 äfven
677 930 34 15 om
727 923 67 22 denna
810 930 43 15 om-

95 958 89 27 hägnad,
201 957 82 22 hvilken
306 957 66 22 borde
397 957 83 28 värdigt
502 958 83 21 ansluta
608 959 31 26 sig
657 958 31 21 till
703 960 150 19 monumentet.

94 993 41 20 För
150 992 112 21 utförande
277 991 22 22 af
314 994 85 24 terrass,
411 992 166 27 stakettstolpar,
587 993 120 26 lyktbärare
718 993 39 21 och
767 995 87 24 trappor

95 1029 54 19 samt
168 1027 140 26 grundmurar
329 1027 66 27 enligt
409 1027 24 20 af
446 1027 121 21 arkitekten
583 1027 99 27 Nyström
697 1027 105 27 uppgjord
817 1027 38 21 rit-

95 1061 55 26 ning,
167 1061 59 26 hade,
243 1061 27 26 pä
292 1061 69 26 gifven
385 1061 118 27 anledning,
522 1063 76 20 tvänne
621 1061 181 27 kostnadsförslag
824 1061 31 21 in-

96 1095 96 22 lämnats.
223 1095 150 27 Delegationen
397 1095 157 22 öfverlämnade
577 1096 82 21 arbetet
676 1096 21 21 åt
713 1095 142 27 aktiebolaget

95 1130 81 26 Granit,
193 1137 44 15 som
261 1130 64 27 enligt
347 1130 102 22 kontrakt
464 1130 23 22 af
501 1130 39 22 den
557 1132 11 20 9
586 1130 88 22 oktober
691 1132 54 20 1893
762 1130 50 27 åtog
824 1130 31 26 sig

96 1164 48 22 dess
159 1164 111 22 utförande
286 1164 6 22 i
308 1164 117 28 fullfärdigt
441 1165 60 21 skick
517 1165 31 21 till
564 1165 40 21 den
621 1166 9 20 1
648 1172 55 14 mars
721 1166 54 20 1894
786 1164 32 22 för
830 1170 25 15 en

96 1205 81 15 summa
192 1198 23 22 af
229 1200 62 25 9,500
307 1199 67 21 mark.

415 1251 10 11 *
524 1251 10 11 ok

470 1266 10 12 *

164 1302 172 26 Betänkligheter
351 1301 56 22 hade
423 1302 97 26 uppstätt
535 1301 130 22 beträffande
676 1302 90 21 beslutet
777 1304 31 19 att
816 1304 40 25 sty-

96 1336 131 27 lobatstegen
251 1336 67 22 skulle
341 1336 74 22 endast
438 1336 118 27 finhuggas,
577 1336 130 28 följaktligen
727 1336 67 22 hällas
809 1336 7 21 i
832 1342 25 15 en

97 1370 79 27 ljusare
198 1370 89 27 färgton,
311 1371 76 21 medan
409 1371 156 27 sockelpartien
586 1371 39 21 och
641 1370 39 22 den
695 1371 104 27 egentliga
814 1371 43 26 pie-

98 1405 101 26 destalen,
215 1406 69 20 säsom
303 1405 82 27 slipade
400 1405 40 21 och
455 1405 106 27 polerade,
578 1406 68 21 skulle
661 1405 67 21 förete
744 1412 24 14 en
785 1405 73 27 betyd-

97 1439 38 27 ligt
150 1440 98 21 mörkare
263 1439 119 28 färgnyans.
404 1440 127 21 Arkitekten
547 1440 99 27 Nyström
657 1439 97 22 framhöll
765 1441 31 19 att
804 1440 54 26 jäm-

97 1474 34 20 väl
146 1480 25 15 en
187 1474 112 27 olägenhet
314 1474 23 21 af
349 1474 99 27 praktisk
464 1476 34 19 art
514 1474 67 21 skulle
597 1474 97 27 uppstä,i
710 1474 36 20 fall
758 1474 100 27 stylobat-
