1103 1700
362 141 28 21 U.
406 141 24 21 B.
448 154 27 2 —
490 140 98 22 XXXII
825 142 12 20 5

104 210 28 28 pä
147 209 158 21 aftärsrörelsen
321 210 7 20 i
343 209 74 21 landet
432 209 55 21 skall
498 209 28 21 dä
536 209 60 21 detta
611 212 31 18 att
658 209 96 21 bankens
771 212 49 25 eget
828 209 38 21 ka-

104 244 52 28 pital
179 244 51 20 ökas
253 243 49 21 med
321 251 26 13 en
363 244 52 20 eller
430 251 69 13 annan
516 244 74 27 miljon
606 250 62 14 anses
684 244 109 26 innebära,
808 251 35 14 om
858 244 7 20 i

104 278 141 21 betraktande
267 280 61 25 tages
353 280 30 18 att
406 278 42 20 alla
471 278 91 21 bankers
578 278 160 27 sammanlagda
753 278 112 21 inhemska

104 312 133 29 placeringar
259 312 119 28 öfverstiga
399 312 191 20 etthundrafemtio
607 312 96 28 miljoner
718 312 74 21 mark?
821 312 44 21 Det

104 354 63 21 synes
182 346 106 21 utskottet
303 349 32 18 att
350 346 125 28 betydelsen
491 346 23 21 af
529 346 69 21 ökade
614 346 77 21 fonder
706 346 93 21 isädant
807 346 57 28 syfte

104 381 154 21 öfverskattats
274 380 39 21 och
329 380 102 21 särskildt
446 380 38 21 vill
499 380 106 21 utskottet
620 380 49 21 med
684 380 104 22 afseende
798 380 13 22 &
822 380 42 22 den

103 415 24 21 af
149 414 192 28 bankfullmäktige
363 414 122 29 äberopade
501 414 149 21 erfarenheten
665 414 48 21 frän
730 418 84 18 senaste
830 414 34 22 af-

103 449 90 21 färskris
207 449 66 21 hafva
288 448 122 22 framhället
425 452 32 18 att
472 449 96 21 bankens
584 448 97 28 förmäga
696 452 32 18 att
743 448 67 22 under
825 449 39 21 all-

103 485 100 19 männare
226 482 133 22 aftärskriser
381 483 71 21 lemna
473 483 155 21 affärsverlden
643 483 48 21 stöd
707 483 77 21 endast
799 484 7 20 i
820 484 44 20 rin-

102 525 51 20 gare
168 517 49 21 män
232 517 44 21 kan
287 517 86 21 baseras
384 517 28 29 pä
423 525 26 13 en
464 517 66 21 sädan
547 517 82 28 ökning
644 518 22 20 af
681 517 37 21 det
734 525 54 21 egna
804 518 60 28 kapi-

102 552 53 21 talet
176 554 52 19 utan
250 551 182 28 hufvudsakligen
448 552 28 28 pä
491 551 27 22 de
533 559 96 14 resurser
644 552 217 28 bankförvaltningen

102 586 69 21 under
185 587 95 20 normala
295 586 149 21 förhällanden
460 587 35 20 för
510 586 81 21 sädana
614 587 163 21 eventualiteter
795 594 69 14 reser-

103 624 60 17 verat
187 628 77 21 genom
290 623 31 18 att
347 620 29 23 dä
406 621 56 21 hålla
492 621 157 28 jemförelsevis
679 623 68 19 större
777 621 34 21 del
841 621 23 21 af

103 656 46 20 sina
169 655 74 21 aktiva
276 655 113 28 placerade
419 656 8 20 i
450 655 115 22 utländska
590 655 214 28 tillgodohafvanden
822 655 41 22 och

102 689 66 22 andra
197 690 39 20 lätt
264 690 139 21 realiserbara
440 690 120 28 tillgångar.
600 690 80 21 Härtill
709 690 96 21 kommer
834 697 29 14 nu

103 727 31 18 att
149 724 73 28 hvarje
239 725 81 27 ökning
336 725 23 20 af
374 724 96 22 bankens
486 725 78 21 fonder
577 725 89 21 innebär
676 732 25 13 en
713 724 151 21 motsvarande

102 758 161 28 nödvändighet
278 759 35 20 för
328 758 122 21 Ständerna
465 762 31 17 att
511 759 35 20 för
556 758 96 29 fyllande
663 759 22 20 af
695 758 164 22 statsbehofven

102 794 75 20 anvisa
200 793 68 21 ökade
291 793 88 22 skatter.
409 793 115 22 Utskottet
547 801 68 18 anser,
634 793 90 21 särkildt
738 793 68 21 under
821 801 42 13 nu-

101 827 94 22 varande
212 828 110 21 finansiela
338 827 157 27 förhällanden,
510 828 47 21 skäl
572 828 49 21 icke
636 827 104 28 föreligga
756 830 32 18 att
798 827 65 22 Stän-

102 861 65 22 derna
181 869 79 21 genom
275 862 161 27 bestämningar
451 863 6 20 i
474 863 140 27 reglementet
629 862 6 21 i
652 864 66 19 större
731 861 55 27 män,
797 863 26 20 än
834 861 27 22 de

101 896 37 21 vid
151 899 85 18 senaste
247 896 102 28 landtdag
360 896 90 26 beslöto,
461 897 68 20 skulle
542 897 75 27 afsäga
633 897 32 27 sig
680 896 136 28 möjligheten
831 899 32 18 att

101 930 100 21 använda
216 931 144 21 bankvinsten
375 931 32 20 till
423 931 166 21 skattebördans
604 930 118 21 lindrande.
749 930 11 21 I
776 930 86 21 betrak-

102 965 64 20 tande
189 965 62 20 häraf
269 965 41 21 och
325 965 28 21 dä
369 965 37 21 det
420 965 49 22 icke
485 966 67 20 finnes
567 965 116 28 anledning
699 968 31 18 att
744 965 118 21 bestämma

102 999 37 20 det
155 999 84 28 belopp,
254 999 84 21 hvartill
355 999 156 22 reservfonden
526 1000 141 27 ovilkorligen
683 1000 55 21 skall
760 999 102 28 uppbrin-

101 1041 44 20 gas,
161 1033 65 28 högre
242 1035 26 19 än
281 1037 32 17 att
328 1024 111 42 detsamma
454 1028 60 27 inom
532 1042 26 13 en
574 1036 51 19 nära
647 1034 87 21 framtid
751 1034 41 21 kan
809 1041 53 20 upp-

101 1067 45 27 nås,
161 1067 38 22 har
215 1068 104 21 utskottet
334 1068 113 21 bibehållit
462 1068 42 21 den
516 1068 135 28 bestämning
660 1068 110 28 angående
778 1075 83 14 reserv-

101 1102 92 21 fondens
210 1102 83 28 belopp,
309 1110 46 13 som
371 1102 37 21 vid
424 1105 86 18 senaste
526 1102 103 28 landtdag
644 1105 82 24 antogs.
742 1102 120 21 Ständerna

101 1138 36 20 äro
152 1137 21 27 ju
190 1136 152 22 oförhindrade
358 1140 31 18 att
404 1137 123 26 framdeles,
536 1145 33 13 om
584 1137 77 21 sådant
676 1137 94 21 befinnes
781 1136 80 28 nödigt,

101 1171 82 21 besluta
206 1179 34 13 om
264 1174 30 18 ctt
313 1171 74 21 vidare
402 1172 129 27 fortgående
546 1172 24 20 af
587 1172 70 20 denna
672 1172 86 27 ökning.
787 1171 73 27 Några

101 1205 22 21 af
145 1206 116 20 utskottets
283 1206 140 21 medlemmar
446 1206 66 21 hafva
536 1206 56 21 dock
608 1206 27 28 på
650 1206 68 28 grund
735 1205 23 21 af
772 1205 26 21 de
814 1205 47 21 utaf

99 1239 194 29 bankfullmäktige
311 1240 91 21 anförda
418 1240 47 21 skäl
481 1240 101 21 omfattat
597 1240 203 28 bankfullmäktiges
816 1240 44 20 för-

99 1274 46 28 slag
161 1282 32 13 om
211 1274 165 21 reservfondens
392 1274 94 28 höjande
502 1274 32 21 till
549 1275 61 27 tjugu
626 1274 96 28 miljoner
738 1274 64 21 mark.

168 1308 12 20 I
202 1309 53 20 sista
278 1316 61 13 mom.
358 1308 23 21 af
404 1309 13 27 $
441 1310 12 20 3
470 1309 38 20 har
523 1309 107 21 utskottet
645 1311 65 18 ersatt
726 1308 36 21 det
777 1308 81 21 mindre

99 1342 81 28 tydliga
195 1343 109 28 uttrycket
321 1342 110 22 »bankens
448 1343 123 28 disponibla
586 1342 134 22 vinstandel»>
733 1342 48 21 med
792 1342 67 22 orden

100 1376 109 21 »bankens
226 1376 99 22 behållna
340 1378 70 20 vinst»
429 1377 53 21 eller
497 1385 80 13 samma
593 1377 90 28 uttryck,
694 1384 46 14 som
751 1377 107 27 begagnas

97 1412 8 20 i
128 1411 12 27 $
165 1412 18 25 5,
205 1411 117 28 hvarjemte
339 1410 66 22 orden
423 1411 45 21 »till
484 1411 151 21 förstärkande
650 1411 35 21 af»
703 1411 70 21 såsom
789 1411 71 21 öfver-

97 1445 79 27 flödiga
191 1445 114 21 uteslutits.

166 1485 145 17 Bankutskottets
324 1486 111 17 betänkande
448 1486 36 17 N:o
497 1486 17 17 2.
