1103 1700
272 112 29 21 20
614 112 21 21 II

534 289 30 25 I.
599 288 116 26 Brottmäl.

548 364 149 20 1843—1890.

505 432 22 27 a)
546 432 197 21 Häradsrätterna.

559 494 61 22 (Tab.
638 494 48 23 IV).

310 559 42 22 Vid
367 558 175 23 häradsrätterna
558 558 64 22 hafva
638 558 69 22 under
722 558 122 27 tidrymden
862 559 140 22 1843—1890

239 593 178 28 anhängiggjorts
436 594 92 26 522,400
547 593 111 26 brottmål,
673 593 120 27 hvarjemte
808 593 115 28 handlagts
938 594 63 25 4,342

239 627 49 22 från
311 627 24 22 år
360 629 54 20 1842
436 627 132 28 uppskjutna
591 627 82 22 sådana
689 627 49 27 mål,
754 627 145 22 tillsammans
915 627 84 22 således

239 663 101 26 526,742.
371 662 28 21 Af
414 662 62 21 dessa
492 661 42 22 mål
550 661 108 28 afgjordes
673 662 68 21 under
756 668 84 15 samma
855 662 31 21 tid
902 663 99 26 521,856,

239 697 42 21 och
297 698 71 20 såsom
383 696 132 27 uppskjutna
530 696 117 27 qvarstodo
663 696 91 22 sålunda
769 696 33 21 till
818 696 24 21 år
860 697 52 21 1891
930 697 71 26 4,886.

309 731 32 21 De
356 730 114 28 uppgifter,
486 730 73 21 hvilka
575 730 33 21 för
618 730 164 27 ifrågavarande
792 730 24 22 år
826 731 105 27 föreligga
942 730 59 22 öfver

238 765 85 22 antalet
346 765 23 21 af
390 765 27 22 de
439 765 35 21 vid
497 765 216 22 underdomstolarna
736 765 182 28 anhängiggjorda
932 765 69 22 brott-

238 799 79 27 målen,
334 806 63 21 synas
420 799 140 28 ådagalägga,
576 801 34 20 att
628 800 62 21 äfven
706 799 41 22 den
762 801 71 20 större
849 800 52 21 eller
918 799 83 22 mindre

237 834 132 22 talrikheten
392 834 23 21 af
435 834 63 21 dessa
520 834 43 21 mål
586 834 46 22 står
655 834 6 21 i
679 834 109 22 beroende
803 833 24 22 af
840 834 160 27 vexlingarna
986 829 18 37 i

236 868 166 27 befolkningens
425 868 140 21 ekonomiska
588 868 54 27 läge.
671 869 50 20 Men
744 868 165 21 vidkommande
933 869 68 21 brott-

236 903 74 21 målen
334 909 62 20 synes
419 902 41 21 den
483 902 111 27 inverkan,
611 902 26 22 de
657 902 141 22 ekonomiska
813 903 187 26 konjunkturerna

236 936 30 28 på
282 937 48 21 dem
346 937 72 21 kunna
433 936 81 27 utöfva,
529 937 35 27 gå,
580 937 89 22 allmänt
682 937 56 28 sedt,
749 937 7 21 i
767 937 132 27 fullkomligt
910 939 90 20 motsatt

236 971 98 27 riktning
349 973 58 20 emot
421 971 57 21 hvad
494 971 62 22 fallet
571 973 24 20 är
610 971 7 22 i
632 971 63 28 fråga
709 978 35 15 om
760 971 143 22 tvistemålen.
927 971 10 22 I
952 971 48 22 vårt

236 1005 55 22 land
313 1005 40 22 har
375 1005 97 27 sålunda,
488 1007 24 20 så
535 1006 45 21 vidt
603 1005 146 28 föreliggande
765 1006 122 21 statistiska
901 1006 99 21 material

235 1039 72 27 gifver
323 1040 36 21 vid
374 1039 92 27 handen,
481 1040 157 21 totalsiffrorna
653 1040 33 21 för
701 1040 183 28 anhängiggjorda
895 1040 105 22 brottmål

236 1073 85 28 sjunkit
335 1074 68 22 under
418 1075 56 21 tider
489 1074 24 22 af
526 1075 136 21 ekonomiskt
677 1075 96 27 betryck,
788 1075 34 21 för
838 1077 33 19 att
887 1075 47 21 åter
949 1075 51 27 höja

234 1109 43 27 sig,
293 1108 28 22 då
335 1115 125 21 gynsamma
476 1109 58 21 tider
548 1109 76 27 ingått.

308 1143 76 22 Denna
399 1143 131 27 iakttagelse
546 1144 111 22 bekräftas
671 1144 66 21 bland
748 1146 68 20 annat
826 1143 24 22 af
859 1144 71 21 nedan
941 1144 58 21 med-

234 1177 81 21 delade
337 1177 102 28 öfversigt
461 1177 23 22 af
503 1178 37 21 det
556 1178 59 22 antal
630 1178 112 28 brottmål,
759 1184 47 16 som
821 1179 7 21 i
844 1178 102 22 medeltal
961 1185 38 21 per

233 1212 28 20 år
285 1214 56 19 samt
363 1212 7 21 i
393 1212 135 22 förhållande
550 1212 34 22 till
609 1213 90 26 100,000
718 1218 103 22 personer
836 1212 24 22 af
873 1212 126 22 medelfolk-

234 1246 109 27 mängden
365 1246 29 27 på
413 1246 147 28 landsbygden
575 1247 37 21 vid
627 1247 181 21 häradsrätterna
823 1246 175 28 anhängiggjorts

233 1281 72 21 under
328 1281 107 21 särskilda
457 1284 49 24 tre-,
522 1288 57 21 resp.
595 1282 181 26 femårsperioder
796 1281 23 22 af
838 1282 40 21 här
893 1281 105 28 ifrågava-

232 1316 72 21 rande
326 1316 99 27 tidrymd.
456 1316 32 21 De
506 1316 125 22 vidstående
650 1316 190 28 procentsiffrorna
856 1316 85 27 angifva
957 1316 40 21 den

231 1350 90 22 tillväxt
343 1350 53 22 eller
418 1350 155 28 tillbakagång,
597 1351 26 21 de
648 1351 184 27 anhängiggjorda
856 1350 141 22 brottmålens

231 1385 64 21 antal
310 1385 80 21 företer
405 1385 68 21 under
488 1392 26 14 en
530 1385 150 27 efterföljande
695 1385 77 27 period
787 1386 7 20 i
808 1385 125 27 jemförelse
949 1384 50 22 med

232 1421 101 17 närmast.
347 1420 136 27 föregående.
