1103 1700
483 118 21 21 II
808 119 40 21 117

113 186 56 28 ligen
191 186 84 21 kunnat
289 187 14 21 &
317 186 82 21 brottet
421 186 59 27 följa,
504 186 40 22 och
564 186 82 28 yrkade
669 186 208 22 advokatfiskalen
864 182 16 37 i

113 221 115 27 anledning
250 220 65 22 häraf
335 222 33 20 att
390 220 163 28 borgmästaren
577 221 21 21 J.
617 223 56 19 samt
695 220 131 24 rädmännen
848 221 31 22 X.

113 256 38 22 och
168 256 33 26 Y.,
217 254 24 22 af
254 255 73 21 hvilka
342 256 19 20 J.
378 256 71 20 säsom
465 255 34 21 för
515 255 60 21 tiden
591 255 129 21 ordförande
731 258 57 19 samt
798 256 26 22 X.
836 256 41 21 och

113 290 26 26 Y.
154 290 7 21 i
176 289 109 27 egenskap
307 290 23 20 af
350 290 120 21 ledamöter
489 290 8 20 i
518 289 188 22 rädstufvurätten
729 289 80 28 afgjort
832 296 44 16 om-

113 324 104 22 förmälda
240 324 49 26 mäl,
312 323 68 22 mätte
396 324 34 21 för
446 324 91 21 sälunda
552 324 108 27 begänget
675 324 28 21 fel
719 324 7 21 i
742 324 134 22 domareem-

113 359 70 21 betets
205 358 98 28 utöfning
325 358 63 22 fällas
410 359 35 21 till
468 365 78 15 ansvar
563 359 69 27 enligt
648 360 26 20 12
689 359 12 27 8
718 360 9 20 1
745 358 49 28 kap.
810 359 28 21 R.
852 359 24 21 B.

182 393 67 21 Mälet
271 392 107 28 afgjordes
401 393 23 21 af
442 393 109 22 hofrätten
574 399 77 21 genom
666 393 78 27 utslag,
760 399 45 16 som
822 392 57 22 efter

113 428 75 27 anslag
206 427 71 27 utgafs
295 428 41 21 den
355 429 27 20 23
399 428 58 21 Mars
475 428 62 27 1888,
554 428 39 22 och
607 428 66 26 jemte
689 428 37 21 det
741 428 136 27 borgmästa-

113 468 38 16 ren
165 462 32 22 J:s
213 462 7 21 i
235 462 55 20 hans
304 462 120 27 förklaring
439 462 76 27 gjorda
532 462 138 28 invändning,
687 464 33 20 att
736 462 28 22 dä
782 462 94 22 rädstuf-

113 498 99 20 vurätten
235 496 40 21 den
299 496 26 21 27
349 496 96 22 Oktober
470 497 55 21 1884
540 496 72 28 afsagt
628 497 70 27 utslag
714 497 7 21 i
736 497 67 21 mälet
818 498 59 20 emot

114 530 27 22 H.
157 530 39 22 och
219 536 59 15 mera
293 532 27 19 än
336 530 36 22 tvä
387 530 24 22 är
427 530 95 22 derefter
538 531 83 21 förlidit
637 531 64 21 innan
712 530 165 28 ifrägavarande

114 564 44 23 åtal
180 564 71 23 blifvit
265 566 58 20 emot
337 565 20 21 J.
373 564 188 29 anhängiggjordt,
577 565 69 28 sagda
663 566 44 21 åtal
722 571 51 16 vore
789 564 87 23 sentida

113 599 69 27 väckt,
191 599 71 21 såsom
277 599 46 21 icke
338 600 13 20 å
366 599 37 28 lag
417 599 98 28 grundad
530 599 145 28 förkastades,
695 599 50 22 fann
765 599 111 22 hofrätten

113 634 37 21 det
172 635 79 20 stanna
272 633 161 27 borgmästaren
448 634 20 21 J.
486 636 56 20 samt
556 634 131 21 rådmännen
703 635 27 21 X.
746 634 40 22 och
802 634 24 21 Y.
842 633 35 22 till

113 668 48 26 last,
177 667 56 22 hvad
256 668 183 21 advokatfiskalen
457 669 7 20 i
481 668 139 22 förestående
644 670 68 20 måtto
729 669 47 20 dem
793 668 83 22 tillräk-

113 705 43 25 nat,
179 704 55 20 samt
256 702 102 27 pröfvade
381 702 63 28 förty,
468 703 50 21 med
536 703 50 21 stöd
601 703 23 21 af
640 704 25 21 12
681 703 12 28 &
710 704 9 20 1
736 703 50 27 kap.
802 703 25 21 R.
843 703 33 26 B.,

113 737 88 22 rättvist
224 737 63 21 döma
308 737 162 27 borgmästaren
494 738 20 21 J.
537 740 56 19 samt
608 737 130 22 rådmännen
753 737 26 22 X.
796 737 39 22 och
850 737 26 21 Y.

113 773 33 20 att
166 772 59 27 böta,
241 771 20 22 J.
284 772 27 20 30
335 771 60 22 daler
413 771 49 22 med
478 773 27 20 57
522 773 61 20 mark
599 773 28 20 60
643 772 63 27 penni
722 776 56 17 samt
793 771 27 22 X.
836 771 40 22 och

113 807 25 21 Y.
152 806 105 21 hvardera
274 807 25 20 15
315 806 60 21 daler
391 807 49 20 med
455 807 28 21 28
500 807 61 21 mark
577 807 28 21 80
621 807 63 26 penni
699 806 34 21 till
749 808 68 19 utsatt
832 805 44 22 för-

113 840 92 27 delning.

181 871 65 26 Öfver
269 875 60 21 detta
344 875 72 26 utslag
431 875 102 21 anfördes
550 875 23 21 af
587 875 161 27 borgmästaren
762 875 21 21 J.
799 874 77 21 under-

114 909 77 27 dåniga
206 909 82 27 besvär,
303 915 48 16 men
368 909 27 21 då
410 909 67 22 målet
492 909 114 28 föredrogs
616 910 7 21 i
634 909 122 27 Kejserliga
771 909 105 22 Senatens

112 943 235 28 Justitiedepartement
362 943 40 22 den
417 945 27 20 26
460 944 60 21 Mars
539 945 61 26 1889,
616 943 51 22 fann
678 943 120 27 Kejserliga
811 943 65 21 Sena-

112 982 37 17 ten
169 978 163 27 borgmästaren
355 977 20 22 J.
394 978 96 21 hvarken
507 979 6 20 i
530 978 88 21 afsende
634 979 13 20 å
661 977 140 28 rättegången
824 977 52 21 eller

113 1012 132 22 beträffande
261 1012 74 27 sjelfva
351 1013 65 21 saken
431 1013 66 21 hafva
512 1013 72 21 anfört
599 1013 47 21 skäl
663 1013 34 21 till
711 1012 91 27 ändring
812 1012 7 21 i
829 1011 47 22 hof-

113 1049 85 20 rättens
214 1047 77 27 utslag,
306 1047 36 21 vid
358 1047 81 21 hvilket
454 1047 66 22 alltså
536 1047 70 22 skulle
622 1047 57 22 bero.

182 1144 37 22 Uti
234 1151 26 15 en
277 1144 39 22 den
334 1146 25 20 15
375 1145 50 22 Juni
445 1146 56 21 1885
512 1146 33 21 till
556 1140 46 27 Åbo
613 1145 81 22 hofrätt
707 1144 93 28 ingifven
812 1143 64 22 skrift

112 1178 90 22 anförde
216 1181 16 19 t.
248 1179 14 22 f.
279 1179 183 22 ombudsmannen
478 1180 7 21 i
500 1179 103 22 Finlands
626 1179 63 22 Bank
704 1178 172 22 vicehäradshöf-

115 1213 77 28 dingen
210 1214 24 21 T.
250 1216 32 19 att
297 1214 210 27 politierådmannen
522 1214 8 21 i
544 1214 28 21 H.
588 1214 49 22 stad
653 1214 22 21 S.
691 1214 40 21 den
747 1214 27 20 30
785 1212 90 22 Decem-

111 1248 39 21 ber
174 1249 54 20 1882
251 1248 46 21 från
319 1248 86 22 banken
424 1248 89 22 erhållit
536 1250 32 20 ett
582 1248 36 22 län
634 1249 13 21 å
663 1248 77 26 70,000
755 1246 61 22 mark
831 1248 45 20 mot

111 1282 122 22 skuldsedel
255 1282 24 22 af
300 1282 40 22 den
363 1283 27 21 29
406 1282 7 22 i
429 1288 85 16 samma
537 1283 79 21 mänad
637 1286 55 18 samt
707 1284 53 25 pant
776 1280 23 22 af
814 1283 32 19 ett
862 1280 14 22 &

113 1316 133 22 rädmannen
269 1317 22 21 S.
314 1317 110 27 tillhöriga
447 1318 179 26 upplagsplatsen
648 1317 39 21 N:o
713 1318 25 20 10
753 1318 71 19 vester
840 1321 35 15 om

111 1351 113 27 jernvägen
240 1351 7 21 i
263 1352 21 21 S.
307 1352 142 26 lastageplats
473 1352 59 21 invid
551 1352 67 26 sagda
634 1351 47 21 stad
697 1350 106 26 befintligt
818 1350 58 26 parti

111 1386 84 26 bräder,
219 1392 46 15 som
279 1386 210 27 politierädmannen
504 1386 24 21 L.
546 1386 39 21 och
601 1386 121 21 sedermera
738 1384 78 22 aflidne
833 1385 16 21 t.
860 1384 15 21 f.

111 1420 207 28 politieräämannen
339 1420 243 27 vicehäradshöfdingen
604 1420 29 21 M.
656 1420 7 21 i
679 1420 37 21 det
731 1418 101 22 afseende
847 1420 26 20 21
