1103 1700
295 136 28 21 34

265 195 123 25 fattningen
401 200 10 16 :1:
425 190 57 35 hans.
490 190 64 35 ställe
567 190 242 35 iedamvissuppieanien
821 190 131 35 apotakaron
965 194 60 27 Tho-

266 234 46 15 mas
327 228 103 27 Clayhills
445 230 56 19 samt
516 228 54 21 efter
585 228 69 21 denne
668 228 33 21 till
717 228 218 27 ledamotssuppleant
947 228 72 22 Hand-

265 262 78 21 landen
359 262 23 20 F.
398 262 150 27 Klingendahl.

334 296 31 21 På
386 298 43 19 sätt
449 296 78 27 jemväl
549 296 139 22 härförinnan
711 297 55 21 varit
788 296 67 26 fallet,
874 296 64 22 hafva
953 297 66 21 under

266 330 51 21 åren
326 330 140 22 1891—1893
474 330 219 22 diskontkomitéerna
701 331 154 21 sammanträdt
863 331 72 27 hvarje
942 331 77 27 helgfri

266 364 41 28 dag
323 364 12 22 å
349 364 62 27 tider,
426 365 88 21 hvarom
528 364 203 28 Bankfullmäktige,
749 366 8 20 i
773 365 95 27 enlighet
883 366 48 20 med
946 366 73 21 veder-

266 399 95 21 börande
382 399 246 21 kontorsföreståndares
650 399 186 27 framställningar,
856 401 97 20 närmare
976 399 43 22 för-

267 433 82 22 ordnat.

613 485 12 27 s
640 486 34 20 22.

117 530 84 50 Jägäede
217 541 35 35 ai
336 536 81 22 Genom
428 537 59 21 Hans
497 536 119 28 Kejserliga
627 536 111 28 Majestäts
751 537 77 27 nädiga
841 537 99 21 manifest
948 537 23 21 af
977 538 41 20 den

114 564 139 35 Iörsembeten.
265 571 28 22 23
302 571 46 28 (11)
364 571 43 27 Maj
424 571 54 22 1891
494 571 44 22 blef
551 571 128 22 Direktören
694 571 7 22 i
716 571 102 22 Finlands
826 571 61 22 Bank
895 572 122 21 Waldemar

265 606 99 27 Eneberg
386 606 8 21 i
411 606 66 21 näder
494 606 72 21 kallad
585 606 40 21 och
643 605 116 22 förordnad
774 607 32 20 att
821 605 49 22 frän
885 606 40 21 den
941 607 11 20 1
969 606 47 21 der-

265 640 122 27 päföljande
403 640 95 21 Oktober
512 647 52 14 vara
578 641 95 20 ledamot
687 640 7 21 i
710 640 118 21 Ekonomie
841 641 176 26 Departementet

266 674 24 21 af
310 675 119 27 Kejserliga
450 674 94 22 Senaten
558 674 33 21 för
606 674 97 22 Finland.
733 675 10 20 I
762 674 115 27 anledning
891 674 63 21 häraf
973 674 43 21 läto

266 709 195 27 Bankfullmäktige
482 715 76 21 genom
574 709 41 21 den
635 710 26 21 12
675 709 53 21 Juni
747 709 53 22 1891
821 708 110 22 utfärdadt
946 709 73 26 anslag

266 743 40 22 och
320 743 126 27 kungörelse
461 749 107 21 uppmana
583 743 83 26 hugade
680 743 138 27 kompetente
834 743 93 21 sökande
935 743 33 21 till
981 743 37 21 det

265 777 48 22 från
329 777 41 22 den
385 779 10 20 1
413 777 94 22 Oktober
522 777 65 27 sagde
602 778 24 21 år
641 777 69 28 lediga
723 777 106 28 juridiska
838 777 179 22 direktörsembe-

265 814 32 19 tet
311 812 8 21 i
353 812 175 21 Bankdircktionen
544 814 32 19 att
590 812 33 21 till
638 812 102 21 Finlands
755 812 72 21 Banks
844 812 70 21 kansli
923 812 93 21 inlemna

265 845 144 28 ansökningar
425 852 33 15 om
472 852 47 15 rum
535 846 13 21 å
563 846 36 21 det
613 845 146 28 underdåniga
774 845 80 28 förslag
870 845 33 22 till
913 846 104 21 embetets

265 880 179 27 återbesättande,
461 886 44 15 som
521 881 23 20 af
556 880 194 28 Bankfullmäktige
766 881 85 20 komme
864 882 32 19 att
903 882 111 25 upprättas

265 914 61 21 Inom
342 914 90 28 stadgad
446 915 32 20 tid
492 915 132 21 inlemnades
639 915 7 20 i
664 915 75 21 sådant
758 914 102 22 afseende
875 915 143 26 ansökningar

265 949 31 21 af:
311 949 94 21 förtiden
420 949 145 22 sekreteraren
583 949 36 21 vid
637 949 292 26 Prokuratorsexpeditionen
943 949 8 21 i
965 949 51 27 Kej-

265 983 78 27 serliga
358 983 98 27 Senaten,
472 989 88 16 numera
574 983 144 22 Prokurators
734 984 110 27 adjointen
860 984 82 21 Anders
957 984 59 21 Mau-

265 1018 40 21 ritz
330 1017 120 27 Hornborg,
473 1017 151 22 Sekreteraren
646 1018 7 21 i
671 1017 102 22 Finlands
792 1018 62 21 Bank
868 1018 51 21 Erik
934 1019 83 26 August

265 1052 70 21 Johan
350 1052 89 27 Wallén,
454 1052 218 21 Justitierådmannen
690 1053 36 20 vid
742 1053 141 26 Magistraten
897 1053 7 20 i
919 1052 98 27 Helsing-

265 1086 44 22 fors
334 1086 59 21 Juris
415 1087 109 26 utriusque
545 1087 129 21 kandidaten
696 1087 66 21 Ernst
784 1087 57 21 Emil
865 1086 151 27 Schybergson,

265 1121 33 21 för
319 1121 59 21 tiden
400 1121 270 22 Protokollssekreteraren
692 1121 7 21 i
717 1121 121 28 Kejserliga
854 1121 103 22 Senatens
972 1121 44 21 All-

265 1158 78 19 männa
363 1156 76 26 kansli,
461 1162 88 15 numera
567 1156 300 22 Referendariesekreteraren
887 1156 7 20 i
913 1155 103 21 Senatens

264 1190 87 21 Justitie
370 1190 127 27 Expedition
511 1190 58 22 Juris
588 1190 108 27 utriusgue
711 1190 130 21 kandidaten
859 1190 65 21 Ernst
942 1190 76 21 Albert

264 1224 94 22 Forssell
374 1226 55 19 samt
447 1224 218 22 Landssekreteraren
684 1225 7 21 i
711 1224 100 27 Wiborgs
827 1224 35 21 län
878 1226 70 19 Anton
964 1224 52 21 Leo-

265 1258 54 22 nard
342 1264 41 16 von
405 1258 111 27 Knorring.
545 1258 165 28 Ifrägavarande
728 1258 214 28 befordringsärende
964 1264 52 21 upp-

264 1294 49 25 togs
338 1292 91 22 derefter
454 1293 40 21 den
520 1294 26 21 19
572 1293 124 27 September
726 1294 52 20 1891
804 1293 32 21 till
860 1292 157 28 handläggning

265 1327 23 21 af
301 1326 116 22 förstärkte
432 1327 199 27 Bankfullmäktige,
650 1328 27 26 pä
695 1328 79 26 hvilka,
792 1327 86 27 jemlikt
905 1328 4 26 $
933 1328 5 21 3
953 1334 62 15 mom.

265 1361 15 21 f.
296 1361 23 21 af
332 1361 41 21 den
389 1362 47 21 utaf
449 1364 71 19 senast
535 1362 126 21 församlade
677 1362 91 22 Ständer
777 1362 33 21 för
820 1362 197 27 Bankfullmäktige

265 1395 113 22 faststälda
396 1396 133 27 instruktion,
546 1396 36 21 det
597 1396 76 22 ankom
689 1398 33 20 att
736 1398 98 26 uppgöra
849 1396 79 28 förslag
938 1396 33 21 till
981 1397 36 20 be-

265 1430 98 22 sättande
378 1430 23 22 ar
415 1430 158 27 iedamvisplats
587 1431 8 20 i
610 1430 203 22 Dankäiroxtionon.
844 1430 28 22 Af
885 1430 132 22 förbemälde

265 1464 94 22 sökande
383 1465 113 27 uppfördes
522 1465 80 27 dervid,
625 1465 53 21 efter
704 1466 65 20 sädan
794 1465 129 27 omröstning
945 1466 72 26 proto-
