1103 1700
486 90 22 21 I"
814 90 38 20 135

114 159 123 22 afkunnade
260 159 71 27 utslag
353 160 56 20 samt
428 158 163 27 borgmästaren
607 158 23 21 P.
648 158 41 21 och
704 158 134 21 rådmannen
854 158 24 20 E.

114 194 105 21 hvardera
234 195 33 19 att
281 193 64 22 hafva
360 195 53 19 utan
429 193 49 27 laga
494 192 64 22 orsak
573 192 121 28 uppskjutit
709 192 50 21 med
775 192 105 27 afgifvan-

115 228 38 22 det
169 227 23 22 af
205 228 112 21 utlåtande
333 233 35 15 om
383 227 108 27 utgången
508 226 23 22 af
544 226 119 22 omordade
679 226 41 22 den
736 228 27 20 27
780 227 7 21 i
798 227 82 21 samma

115 262 79 22 månad
209 262 150 28 försiggångna
374 262 41 26 val,
432 262 107 27 hvarföre,
556 262 40 21 och
609 262 68 26 jemte
693 262 37 21 det
745 261 134 22 rådmännen

115 297 24 21 C.
155 296 40 22 och
210 297 25 21 E.
251 296 46 22 icke
312 296 72 22 kunde
399 296 115 21 tillräknas
529 296 72 26 någon
616 296 130 26 felaktighet
760 295 70 28 ifråga
846 302 34 15 om

115 330 150 23 meddelandet
287 330 23 22 af
331 331 95 21 nämnda
444 330 253 28 besvärsundervisning,
714 332 53 19 enär
782 330 98 28 borgmä-

115 367 73 19 staren
211 365 23 21 P.
250 365 7 21 i
273 365 108 22 hofrätten
404 365 78 21 erkänt
502 365 33 27 sig
554 365 66 21 hafva
635 364 13 22 å
663 365 152 27 magistratens
830 366 50 25 väg-

116 406 39 15 nar
177 406 74 15 ensam
267 400 96 22 utfärdat
377 400 134 26 protokollet
527 399 60 21 öfver
600 399 133 27 justeringen
748 399 23 21 af
786 399 94 27 valläng-

116 435 42 21 den
183 434 40 22 och
246 434 41 21 den
302 434 7 21 i
325 434 155 26 sammanhang
504 434 88 21 dermed
612 433 128 22 meddelade
755 434 125 21 besvärsun-

117 469 156 26 dervisningen,
296 469 57 20 samt
371 468 36 21 vid
423 468 80 21 sådant
518 468 136 21 förhållande
670 468 23 22 C.
709 467 48 22 från
773 470 13 19 &
802 468 78 22 honom

115 503 80 27 yrkadt
211 509 77 15 ansvar
302 503 67 26 jemte
384 502 30 22 all
431 502 254 28 ersättningsskyldighet
701 502 6 21 i
724 503 66 21 målet
806 503 38 21 och
855 503 25 21 E.

117 537 47 22 från
179 544 76 15 ansvar
270 537 129 21 härutinnan
414 537 115 27 befriades,
538 537 115 27 hofrätten,
665 537 50 21 med
726 536 101 22 afseende
838 537 40 21 lik-

116 573 35 21 väl
175 572 50 21 derå
247 574 32 19 att
302 572 25 21 de
347 572 117 21 anmärkta
479 571 182 28 felaktigheterna
676 572 48 21 icke
738 572 100 21 inverkat
852 571 28 28 på

117 607 69 21 valets
202 607 79 26 utgång
295 607 39 21 och
350 607 85 21 således
451 607 19 26 ej
487 607 69 21 heller
571 607 68 21 vållat
654 607 71 26 någon
736 607 75 26 skada,
822 606 58 28 pröf-

117 641 56 21 vade
195 641 90 21 rättvist
300 641 7 21 i
323 641 48 22 stöd
393 641 25 21 af
440 641 36 21 det
494 641 50 22 utaf
557 640 185 23 advokatfiskalen
758 641 122 27 åberopade

118 676 83 27 lagrum
225 676 64 21 döma
307 676 165 27 borgmästaren
489 676 23 21 P.
529 676 39 21 och
584 676 135 21 rådmannen
734 676 25 21 E.
775 678 33 19 att
823 676 57 25 böta,

118 711 165 26 borgmästaren
299 710 23 21 P.
338 711 34 21 för
387 710 152 22 meddelandet
554 710 24 21 af
590 711 80 26 oriktig
681 710 200 22 besvärsundervis-

117 744 51 27 ning
183 746 28 20 30
227 745 61 21 daler
304 745 40 21 och
360 745 33 21 för
409 745 93 27 olagligt
512 745 159 27 uppskjutande
681 745 24 21 af
714 745 167 26 valförrättning

117 779 104 22 likaledes
244 780 27 20 30
295 779 59 21 daler
377 779 54 21 eller
454 779 84 21 således
554 779 145 22 tillsammans
715 780 27 21 60
758 779 60 21 daler
834 779 47 21 med

119 815 40 20 115
175 813 61 22 mark
251 815 28 20 20
294 813 64 28 penni
374 815 57 20 samt
445 813 134 22 rådmannen
594 814 25 21 E.
634 813 33 22 för
683 814 144 21 nästnämnda
842 813 39 21 fel-

117 848 74 27 aktiga
213 847 123 22 förfarande
360 849 25 20 15
405 848 62 21 daler
483 848 49 21 med
546 849 28 20 28
590 848 62 21 mark
667 849 28 20 80
712 848 71 27 penni,
799 848 33 21 till
848 849 34 19 ut-

118 885 45 19 satt
185 882 125 27 fördelning,
333 882 94 21 hvarhos
450 883 26 20 P.
500 883 40 20 och
563 883 25 21 E.
607 882 73 22 ålades
700 885 33 18 att
748 884 134 25 gemensamt

119 917 51 22 eller
193 917 41 21 den
257 917 24 21 af
302 917 48 21 dem
366 923 46 15 som
429 917 93 27 tillgång
538 917 52 27 egde
606 918 34 21 till
655 917 129 22 redaktören
800 917 26 21 R.
842 917 40 20 och

119 952 79 21 dennes
214 952 122 26 medparter
353 951 6 21 i
375 951 140 27 godtgörelse
530 951 34 22 för
580 952 64 21 deras
660 951 6 21 i
683 951 67 22 målet
760 951 66 21 hafda
836 957 45 15 um-

118 986 75 27 gälder
208 986 82 27 utgifva
305 987 27 20 25
349 986 61 21 mark
423 986 69 26 jemte
509 985 87 28 afgifter
612 986 34 21 för
661 982 63 25 deras
740 986 110 26 exemplar
860 985 23 21 af

118 1020 119 22 hofrättens
254 1020 71 27 utslag
340 1020 48 21 med
407 1021 23 20 11
448 1020 63 21 mark
526 1021 28 20 80
570 1021 70 26 penni.

188 1050 64 26 Öfver
276 1055 59 20 detta
351 1055 71 26 utslag
439 1054 102 21 anfördes
557 1055 148 26 underdäniga
720 1055 76 20 besvär
812 1054 24 21 af
850 1060 33 15 re-

119 1089 104 21 daktören
239 1089 25 21 R.
280 1089 39 21 och
334 1089 55 21 hans
404 1089 132 27 medparter,
553 1095 48 15 men
618 1089 36 21 vid
665 1088 128 27 afgörandet
804 1088 24 21 af
837 1089 45 20 mä-

118 1123 31 22 let
163 1123 69 22 under
247 1123 40 21 den
303 1125 11 19 7
331 1123 122 22 November
472 1124 54 21 1892
542 1123 52 22 fann
609 1123 123 28 Kejserliga
743 1123 93 22 Senaten
846 1123 37 21 be-

118 1158 133 21 svärandene
274 1158 46 21 icke
342 1158 65 21 hafva
430 1158 113 27 förebragt
566 1158 48 21 skäl
630 1158 33 21 till
682 1158 92 26 ändring
789 1158 32 20 uti
836 1157 46 21 hof-

119 1194 83 20 rättens
219 1192 156 22 ofvanberörda
390 1192 82 27 utslag,
487 1192 90 22 hvarvid
593 1192 57 27 förty
666 1192 68 22 skulle
750 1192 58 21 bero.

188 1301 71 21 Sedan
279 1301 164 27 öfverstyrelsen
463 1300 35 22 för
517 1301 150 21 skolväsendet
689 1301 92 21 medelst
797 1300 41 21 den
854 1300 27 20 29

119 1335 127 27 September
271 1336 53 21 1887
347 1336 81 21 fattadt
447 1336 73 21 beslut
538 1337 98 20 utnämnt
655 1336 99 20 notarien
770 1334 111 21 derstädes

119 1370 33 22 W.
167 1370 33 21 till
216 1370 124 21 kamrerare
356 1370 35 21 vid
411 1370 69 27 sagda
503 1370 151 27 öfverstyrelse
669 1371 55 20 samt
739 1370 44 21 W:s
798 1368 85 22 medsö-

118 1405 71 21 kande
212 1405 33 21 till
267 1404 149 28 befattningen
440 1405 41 21 hos
504 1404 165 28 öfverstyrelsen
692 1404 90 22 anhällit
796 1409 36 15 om
847 1403 37 21 be-
