1103 1700
768 99 28 21 49

135 155 48 21 Alla
205 155 137 27 uttagningar
364 155 48 21 från
436 156 39 20 och
497 155 143 26 insättningar
663 156 7 20 i
689 155 96 21 hvalfvet
803 155 23 21 af

65 189 117 27 penningar
200 189 51 21 eller
271 190 110 26 omyntadt
399 189 51 27 guld
470 189 51 21 eller
541 189 72 21 silfver
632 189 61 21 skola
711 189 35 21 vid
766 189 58 21 såväl

64 223 182 21 hufvudkontoret
256 229 47 15 som
313 223 225 27 afdelningskontoren
548 223 103 21 bokföras
663 223 6 21 i
681 229 26 15 en
716 223 6 21 i
730 222 95 22 hvalfvet

64 257 100 21 förvarad
179 257 155 27 hvalfsspecial.

135 292 33 20 De
187 291 22 21 af
225 291 97 22 bankens
337 292 92 21 embets-
446 292 38 20 och
500 273 133 45 tjenstemän,
650 297 44 15 som
709 291 117 21 innehafva

65 326 89 27 nycklar
172 325 32 21 till
222 325 97 21 bankens
338 325 60 21 hvalf
416 326 52 20 eller
485 325 125 27 kassaskåp,
626 325 59 26 böra,
701 331 35 15 om
752 326 26 20 de
794 325 31 21 af-

65 360 75 26 lägsna
155 359 32 27 sig
201 359 46 21 från
263 360 82 26 staden,
361 359 129 22 öfverlemna
504 359 117 27 nycklarna
631 359 68 21 under
708 359 118 27 försegling

65 394 34 21 till
119 400 70 14 annan
208 394 95 21 bankens
322 394 12 21 å
353 396 61 19 orten
431 394 96 21 vistande
543 394 126 26 tjensteman
685 392 55 22 efter
756 394 69 20 direk-

66 429 85 21 tionens
166 427 169 22 bestämmande.

417 480 27 20 47
460 479 19 27 8.

136 524 151 22 Direktionens
304 525 98 27 samtliga
419 524 137 22 medlemmar
571 524 60 26 böra,
647 524 27 21 då
689 524 27 21 de
730 524 48 21 icke
789 526 36 19 äro

67 558 23 22 af
112 559 67 21 andra
198 559 205 27 tjensteåligganden
422 560 115 26 upptagna,
556 558 36 22 vid
610 558 146 22 direktionens
772 564 53 15 sam-

66 593 128 22 manträden
212 595 91 20 närvara
321 594 46 26 och,
386 593 38 21 der
442 593 49 26 laga
506 593 34 27 jäf
557 593 47 21 icke
618 593 95 26 hindrar,
729 593 7 20 i
752 593 74 20 dervid

66 627 140 22 förefallande
221 627 185 27 öfverläggningar
423 627 39 22 och
477 627 71 21 beslut
559 627 92 28 deltaga.
673 627 85 26 Uppstå
769 627 57 21 olika

67 662 114 26 meningar,
197 662 128 21 bestämmes
341 662 145 21 direktionens
498 661 71 22 beslut
581 661 23 22 af
614 662 26 20 de
651 660 63 22 flesta
721 662 103 20 rösterna.

67 696 62 21 Falla
144 698 97 19 rösterna
256 696 51 26 lika,
322 696 73 27 afgöre
411 696 153 21 ordförandens
579 697 51 20 röst.

136 730 139 21 Direktionen
295 732 24 19 är
337 730 111 26 beslutför,
467 732 39 19 när
524 732 34 19 tre
576 729 24 22 af
616 729 48 22 dess
687 729 139 21 medlemmar

68 766 37 19 äro
121 765 115 25 tillstädes;
252 765 54 20 dock
320 765 49 25 kan,
377 764 35 21 vid
423 763 111 22 inträffadt
542 763 33 28 jäf
584 764 52 21 eller
646 765 65 20 annat
721 763 105 26 tillfälligt

67 798 110 21 förhinder
192 798 33 21 för
240 799 70 26 någon
325 799 91 20 medlem
432 799 7 20 i
454 798 140 26 direktionen,
610 797 79 22 ärende
705 797 85 28 afgöras
804 797 23 21 af

67 833 36 20 två
119 833 144 26 medlemmar,
279 839 34 15 om
330 833 26 20 de
371 834 38 19 äro
425 839 34 14 om
474 832 94 21 beslutet
584 838 56 15 ense.

136 861 31 26 År
186 867 143 21 ordföranden
345 867 68 26 jäfvig
433 867 51 20 eller
503 872 77 15 annars
595 865 125 22 förhindrad
736 865 52 21 eller
803 867 23 19 är

68 901 275 26 ordförandebefattningen
367 901 63 26 ledig,
449 901 57 20 föres
529 900 62 21 ordet
610 899 23 22 af
650 900 41 21 den
709 900 8 20 i
732 900 94 26 tjensten

67 935 60 20 äldre
157 935 108 21 ordinarie
293 935 121 21 ledamoten
446 935 57 23 eller,
530 941 34 14 om
590 934 105 21 hvardera
717 933 109 27 samtidigt

68 970 85 24 utsetts,
169 969 24 21 af
206 969 41 21 den
263 969 33 21 till
311 969 51 21 åren
377 969 66 20 äldre.

415 1037 28 22 62
458 1037 19 27 $.
575 1053 3 6 s

137 1078 19 26 Ä
175 1084 37 21 det
230 1084 28 27 pä
273 1084 96 21 bankens
384 1085 43 20 stat
442 1084 108 25 upptagna
566 1081 206 28 diskretionsanslag
787 1088 40 20 ega

68 1117 193 27 bankfullmäktige
283 1117 28 27 pä
333 1117 147 22 direktionens
499 1116 79 28 förslag
597 1117 82 21 tilldela
697 1116 129 27 tjenstemän

68 1152 39 20 och
127 1152 100 26 betjente,
247 1152 54 21 bäde
321 1152 105 20 ordinarie
446 1151 40 21 och
501 1153 65 23 extra,
580 1151 38 21 vid
633 1150 91 22 hufvud-
740 1150 40 21 och
795 1150 31 21 af-

68 1186 201 27 delningskontoren
284 1185 172 28 gratifikationer
471 1184 33 22 för
519 1185 117 27 synnerligt
650 1184 32 21 nit
698 1184 40 21 och
748 1184 78 21 välför-

69 1220 98 20 hällande
183 1220 108 20 äfvensom
307 1220 106 26 tillfälliga
426 1219 123 26 understöd,
560 1219 28 21 dä
598 1218 105 22 särskildä
714 1218 112 21 ömmande

68 1254 182 26 omständigheter
265 1254 72 21 dertill
351 1254 59 27 gifva
425 1253 121 26 anledning.

414 1334 27 22 67
457 1334 19 26 8.

136 1380 142 20 Revisorerna
289 1379 163 26 sammanträda,
460 1379 28 26 pä
495 1378 89 22 kallelse
595 1378 23 21 af
626 1377 200 27 bankfullmäktige,

67 1414 7 20 i
89 1414 134 26 Helsingfors
239 1414 68 21 första
322 1414 91 27 helgfria
427 1413 91 27 mändag
534 1412 54 22 efter
604 1412 40 21 den
660 1412 28 20 10
702 1412 65 21 Mars.

744 1450 12 18 4
