1103 1700
252 136 13 21 6
500 135 30 23 U.
546 136 28 21 B.
589 135 108 23 XXXII.

222 206 116 30 grunder
355 206 90 23 endast
454 206 48 22 för
520 206 50 23 den
588 206 122 23 händelse
722 208 40 21 att
776 206 52 24 han
840 212 64 18 vor&
915 208 69 28 sjuk-

222 241 37 29 lig
288 241 60 22 eller
367 247 93 16 annars
487 241 149 29 oförmögen
655 242 36 22 att
709 241 110 29 fullgöra
838 242 39 22 sin
895 242 86 29 tjenst.

293 275 39 22 Dä
351 277 38 20 tre
407 275 75 23 ständ
509 276 115 28 godkänt
650 276 135 22 utskottets
802 276 97 29 förslag
920 277 63 21 utan

222 309 160 29 förändring,
393 310 72 22 torde
483 310 202 22 Presteständets
703 310 84 22 beslut
806 310 21 29 ej
848 310 133 23 föranleda

223 343 88 30 nägon
330 344 99 29 ätgärd.

564 412 14 30 8
599 413 41 22 74.

295 481 188 29 Ridderskapet
500 481 46 22 och
564 481 85 22 Adeln
667 483 65 20 samt
750 481 84 22 Preste
852 482 47 22 och
917 482 66 22 Bon-

225 514 143 24 deständen
391 515 77 22 hafva
487 515 143 29 uppskjutit
648 515 189 29 behandlingen
857 516 25 22 af
900 516 84 22 denna

224 550 131 29 paragraf,
375 550 77 22 hvars
465 550 133 22 definitiva
609 550 96 29 lydelse
723 550 107 23 sälunda
843 550 141 23 tillsvidare

225 584 82 23 mäste
324 585 97 22 lemnas
439 584 135 23 beroende.

296 619 12 22 I
327 619 82 28 öfriga
436 619 110 28 punkter
567 619 47 22 har
632 619 135 22 utskottets
786 619 96 29 förslag
901 619 84 22 blifvit

227 653 26 22 af
275 653 116 29 samtliga
410 653 74 22 ständ
503 653 139 29 godkändt,
662 653 64 22 dock
745 653 57 22 med
821 653 164 29 iakttagande

227 687 26 22 af
283 687 112 29 följande
414 687 8 22 i
440 687 126 22 särskilda
593 687 74 22 ständ
693 687 151 22 framhällna
862 688 123 22 rättelser.

296 721 37 22 På
359 722 46 21 sid.
435 722 31 22 13
485 722 47 22 rad
552 721 32 22 10
603 722 8 21 i
629 721 174 23 betänkandet
829 722 47 22 bör
901 722 28 29 »$
953 722 31 22 12

226 756 8 22 i
254 756 163 29 strafflagen»
436 756 93 22 ändras
543 756 35 22 till
593 756 77 28 »Kap.
684 757 15 21 2
716 756 15 29 $
747 756 32 22 12
792 756 8 22 i
812 756 173 29 strafflagen».

299 791 12 22 I
333 790 15 29 $
370 791 32 21 14
430 790 25 22 af
482 791 49 22 den
550 790 84 23 finska
652 792 86 21 texten
756 791 47 22 bör
822 791 72 22 ordet
917 791 68 22 <has-

227 826 77 21 tettu»
324 825 80 22 räitas
422 825 37 22 tili
479 834 9 10 »
508 825 151 22 haastettu».

298 859 12 22 I
330 859 15 28 $
364 859 33 22 52
418 859 24 22 af
461 859 49 22 den
528 859 84 22 finska
632 861 85 20 texten
735 859 47 22 bör
797 859 72 22 ordet
885 860 51 28 »ja»
953 859 35 22 in-

228 893 100 29 skjutas
346 893 91 22 mellan
456 893 79 23 orden
553 893 92 23 laeissa
663 894 47 22 och
728 893 260 29 oikeudenkäyntilai-

228 927 125 23 toksessa.

298 962 56 22 Den
372 962 9 21 i
399 963 82 21 staten
500 963 132 28 upptagna
650 963 90 27 posten
762 962 25 21 «1
809 962 179 23 kontorsskrif-

228 1002 71 21 vare,
318 996 43 22 lön
381 996 100 27 1,800»,
494 996 76 29 jemte
589 996 82 23 dertill
689 996 114 22 hörande
822 997 167 29 anmärkning

228 1037 42 15 om
299 1031 124 28 tjenstens
446 1030 155 29 indragning
627 1031 62 22 efter
707 1031 151 22 nuvarande
876 1031 113 22 innehaf-

228 1071 95 16 varens
351 1065 95 29 afgång
472 1065 48 22 bör
546 1065 70 28 utgå,
636 1065 106 22 emedan
767 1065 89 22 afsked
883 1072 105 15 numera

229 1099 120 29 beviljats
369 1099 49 22 den
436 1099 149 22 nuvarande
604 1099 192 22 innehafvaren.

300 1134 127 29 Derjemte
444 1133 48 23 har
504 1134 123 22 utskottet
641 1134 119 29 iakttagit
773 1135 35 21 att
825 1133 3 23 i
851 1133 5 29 $
872 1133 32 23 18
914 1140 73 16 mom.

230 1168 15 21 2
267 1168 26 23 af
311 1168 83 22 finska
413 1170 85 20 texten
517 1168 72 22 ordet
609 1169 168 22 »omistamat»
798 1168 47 22 bör
863 1168 69 29 utgå.

302 1203 127 22 Utskottet
446 1202 40 23 får
504 1203 131 22 vördsamt
653 1203 93 22 föreslå

506 1272 37 21 att
561 1271 79 34 ofvan
658 1271 114 23 anförda
784 1271 117 22 rättelser
913 1270 78 23 måtte

439 1305 160 29 godkännas.

304 1373 123 29 Slutligen
445 1374 47 22 har
514 1374 187 28 Ridderskapet
720 1374 45 22 och
784 1373 84 23 Adeln
886 1373 103 22 beslutit

232 1409 37 21 att
297 1408 14 22 å
335 1408 115 28 lämpligt
478 1408 71 22 ställe
567 1408 8 22 i
594 1408 164 29 reglementet
786 1408 80 22 skulle
893 1408 97 22 införas

231 1443 163 28 bestämning
421 1443 86 21 derom
535 1443 36 21 att
594 1443 50 21 den
667 1443 144 25 berättelse,
830 1443 161 21 revisorerna

303 1479 143 18 Bankutskottets
458 1479 110 18 betänkande
581 1479 38 17 N:o
631 1480 19 18 2,
