1103 1700
269 151 28 21 54
488 150 28 22 U.
531 150 25 21 B.
585 149 155 23 II-XXXI.

238 218 60 24 kant,
321 218 31 22 till
375 226 26 14 en
422 223 46 17 stor
484 219 35 21 del
534 219 116 28 placerade
665 222 7 18 i
685 217 153 30 obligationer,
859 219 70 21 hvilka
945 218 52 22 bok-

239 253 55 21 förts
316 254 30 20 till
367 254 130 27 inköpspris,
521 254 19 26 ej
556 256 6 18 i
578 258 32 17 ett
625 254 32 20 för
672 254 104 21 fonderna
792 257 135 24 gemensamt
945 252 53 22 obli-

239 288 162 27 gationskonto,
423 292 50 17 utan
489 288 111 21 fördelade
616 289 28 27 pä
660 289 27 20 de
703 288 105 21 särskilda
824 288 110 21 fonderna.
963 288 34 20 Dä

239 329 50 13 man
305 321 32 22 för
352 322 140 21 bestridande
507 322 25 21 af
540 330 27 13 en
582 323 65 27 utgift
662 322 45 21 frän
718 330 27 13 en
756 323 52 20 fond
820 324 55 19 varit
885 322 113 20 nödsakad

239 360 34 17 att
294 356 93 28 tillgripa
406 357 27 20 de
448 357 87 21 bundna
550 357 148 27 tillgångarna,
715 357 38 20 har
768 363 50 14 man
833 358 7 19 i
855 358 38 19 det
907 356 42 25 fall,
966 358 32 18 att

239 390 94 21 fondens
355 398 55 20 egna
433 391 143 27 obligationer
598 391 48 21 icke
668 391 81 21 kunnat
764 391 33 21 för
811 391 61 20 tiden
887 390 110 21 realiseras

240 428 53 17 utan
313 425 80 25 förlust,
409 425 83 21 förfarit
507 426 95 24 sälunda,
619 429 32 17 att
667 426 64 20 dessa
747 426 151 26 obligationer,
914 424 32 22 till
960 424 37 20 nö-

241 459 48 27 digt
304 459 88 27 belopp,
409 460 115 20 öfverförts
538 460 31 20 till
586 467 26 13 en
625 467 70 13 annan
706 460 52 20 fond
769 461 6 19 i
786 460 77 26 utbyte
874 463 45 17 mot
932 458 65 21 andra

240 493 150 27 obligationer,
406 494 27 20 de
449 494 38 20 der
502 494 33 20 för
549 494 91 21 tillfället
655 494 81 21 kunnat
751 494 29 27 pä
790 496 32 19 ett
833 493 165 27 fördelaktigare

240 528 45 20 sätt
307 528 112 26 föryttras;
442 528 42 21 och
507 528 38 21 har
560 529 38 20 det
613 528 36 21 vid
665 528 42 21 den
723 528 109 21 definitiva
847 527 151 27 realiseringen

240 562 27 20 af
286 562 170 27 obligationerna
479 563 127 28 uppkomna
628 564 60 26 agiot
707 563 69 20 blifvit
794 563 42 20 den
852 564 6 19 i
874 563 51 20 sista
940 561 57 21 hand

240 596 97 26 säljande
358 597 90 20 fondens
471 599 56 19 vinst
550 597 51 21 eller
624 597 79 21 förlust.
735 597 57 20 Enär
815 597 38 20 det
871 596 65 21 likväl
950 595 47 22 icke

240 630 44 21 kan
299 631 117 20 betecknas
432 631 131 21 annorlunda
579 632 27 20 än
622 633 72 19 såsom
709 639 27 13 en
752 631 155 27 oegentlighet,
924 634 32 17 att
971 637 27 14 en

241 665 60 25 fond,
323 665 63 20 hvars
409 665 143 28 obligationer
575 666 29 27 pä
626 667 77 26 antydt
726 666 44 21 sätt
788 665 119 21 öfverföras
925 665 32 20 till
971 671 27 14 en

241 706 70 14 annan
334 699 58 25 fond,
415 699 47 21 icke
485 700 53 20 skall
554 700 20 21 få
590 700 160 27 tillgodoräkna
765 701 34 26 sig
815 699 42 21 den
872 701 63 22 vinst,
951 705 47 14 som

241 733 38 22 vid
289 733 183 28 obligationernas
482 734 124 27 realisering
618 735 144 26 uppkommit,
770 734 39 20 har
817 735 58 20 inom
884 733 114 21 Utskottet

241 769 7 19 i
271 768 36 21 det
329 768 74 21 hittills
426 769 111 26 iakttagna
560 769 132 20 förfarandet
708 769 109 20 förordats
833 775 26 14 en
875 767 123 26 förändring

241 802 90 25 derhän,
354 806 32 17 att
409 803 41 20 den
472 803 37 20 vid
524 803 182 27 obligationernas
726 803 115 26 föryttring
856 802 142 24 tilläfventyrs

241 837 139 26 uppstäende
398 838 84 19 vinsten
501 837 67 20 skulle
584 837 180 27 tillgodokomma
780 837 42 20 den
838 836 58 25 fond,
913 835 86 21 hvilken

242 871 112 20 desamma
377 871 163 27 ursprungligen
562 871 81 21 tillhört
663 875 56 16 samt
735 874 37 22 att,
790 871 73 20 derest
879 871 45 20 åter
939 869 60 21 reali-

241 907 102 25 seringen
365 905 48 21 icke
431 905 81 21 kunnat
530 905 39 21 ske
584 909 50 18 utan
650 905 82 24 förlust,
748 906 70 19 denna
834 905 67 20 skulle
917 904 81 21 drabba

242 940 45 20 den
307 939 58 25 fond,
387 939 33 21 för
441 940 64 21 hvars
528 936 70 25 behof
617 940 159 27 öfverföringen
799 939 109 27 vidtagits.
939 939 60 20 Inom

242 973 117 22 Utskottet
376 974 39 20 har
429 974 64 21 äfven
512 975 42 20 den
568 975 57 26 åsigt
640 974 46 21 haft
701 974 157 27 förespråkare,
874 976 32 18 att
921 973 78 20 omför-

241 1008 75 21 mälda
338 1008 148 27 oegentlighet
508 1010 6 19 i
536 1009 38 20 det
596 1009 124 20 nuvarande
736 1008 181 27 förfaringssättet
932 1007 67 20 skulle

242 1042 72 21 kunna
337 1042 103 21 undvikas
462 1043 95 24 sålunda,
582 1046 31 17 att
628 1043 100 26 samtliga
744 1043 25 20 af
780 1042 163 21 Statskontoret
958 1041 41 21 för-

242 1077 89 20 valtade
346 1077 81 25 fonder,
444 1077 50 20 med
509 1077 111 26 undantag
634 1077 24 20 af
665 1077 143 21 statsverkets
822 1075 125 22 reservfond
958 1075 41 20 och

243 1111 196 27 postsparbanken,
458 1111 67 21 skulle
541 1111 50 21 med
606 1111 84 27 hänsyn
705 1111 31 21 till
751 1110 248 28 obligationsräkningen

243 1146 95 20 fördelas
361 1147 6 19 i
381 1149 79 17 tvenne
476 1153 101 20 grupper,
594 1146 42 20 den
652 1152 39 14 ena
707 1145 135 21 omfattande
858 1144 141 21 statsverkets

243 1187 64 19 egna,
327 1180 42 20 den
390 1180 66 20 andra
476 1180 28 20 de
523 1180 23 20 af
560 1180 96 20 enskilda
672 1180 110 20 donerade
798 1179 83 25 fonder,
897 1182 56 17 samt
968 1182 32 16 att

243 1214 34 21 för
293 1214 104 20 hvardera
412 1221 100 20 gruppen
524 1214 68 20 skulle
607 1214 114 27 upprättas
736 1221 26 13 en
772 1212 227 28 obligationsräkning,

243 1248 61 21 hvari
320 1248 114 21 fondernas
449 1249 143 26 obligationer
608 1248 67 20 skulle
693 1249 134 20 observeras.
858 1248 9 20 1
882 1247 69 26 dylikt
966 1246 35 21 fall

243 1282 70 21 skulle
330 1282 36 21 vid
389 1282 99 21 årsslutet
510 1283 60 20 ränta
592 1283 42 20 och
658 1284 50 25 agio
731 1282 93 21 fördelas
844 1282 28 27 på
897 1281 104 21 fonderna

244 1324 42 20 pro
307 1320 46 18 rata
375 1316 42 21 och
437 1317 85 20 således
544 1318 5 19 i
570 1316 51 27 följd
642 1317 24 20 af
678 1316 184 27 obligationernas
878 1316 123 26 realisering

244 1351 149 27 uppkommen
408 1352 56 20 vinst
480 1351 50 21 eller
546 1351 75 21 förlust
636 1351 103 20 bokföras
754 1352 7 19 i
776 1350 73 26 hvarje
860 1350 63 20 fonds
933 1350 68 20 konto

243 1386 33 20 till
299 1386 42 20 den
363 1385 41 24 del,
422 1392 48 14 som
485 1388 119 18 motsvarar
620 1385 91 20 fondens
727 1385 64 20 andel
806 1386 6 19 i
828 1384 173 27 obligationsför-

244 1420 69 19 rådet.
338 1419 113 20 Utskottet
467 1419 38 19 har
520 1419 84 19 förenat
619 1421 34 25 sig
667 1426 35 12 om
715 1419 37 19 det
765 1418 117 26 uttalande,
895 1421 33 16 att
937 1418 67 18 såväl

244 1453 38 21 det
296 1460 40 14 ena
350 1460 45 14 som
411 1453 35 21 det
460 1453 72 21 andra
547 1454 31 26 af
587 1453 45 21 här
644 1452 98 27 antydda
750 1452 176 28 förfaringssätt
935 1451 67 21 skulle

316 1493 130 16 Statsutskottets
459 1493 103 16 betänkande
575 1493 34 15 N:o
619 1497 19 15 3.
