1103 1700
457 127 71 21 XXIX
835 128 13 20 5

118 195 120 18 inlevererats
256 195 30 17 till
304 195 59 17 länets
381 195 69 18 ränteri
469 195 33 18 och
515 195 49 18 intill
576 195 42 18 dess
630 195 71 18 medlen
714 195 77 17 kommit
803 195 29 17 till
846 200 31 13 an-

117 229 93 23 vändning
222 229 62 18 blifvit
296 231 79 15 omsatta
387 229 28 17 till
429 229 135 18 räntebärande
576 230 128 22 obligationer.

387 356 32 20 S:t
435 356 106 20 Michels
558 356 45 20 län.

245 419 30 21 15.
307 419 220 27 Undsättningsfonden
544 419 5 21 i
566 419 29 22 S:t
611 419 83 21 Michels
710 419 40 21 län.

187 475 26 17 Af
230 475 121 23 besparingar
368 476 11 17 &
397 475 22 18 de
432 476 68 22 gäfvor,
514 480 38 13 som
565 476 80 18 förärats
657 476 30 17 till
699 475 98 18 lindrande
809 476 21 18 af
841 476 35 18 den

116 515 65 17 genom
193 510 112 18 missväxten
318 510 21 18 är
351 510 45 18 1862
408 510 104 22 uppkomna
524 510 62 18 nöden
601 512 21 16 är
633 510 64 18 bildad
709 515 23 13 en
740 510 81 18 särskild
832 510 45 18 fond

117 544 48 18 stäld
184 544 59 18 under
260 546 122 20 guvernörens
395 544 85 18 inseende
494 544 33 18 och
539 544 82 18 kontroll
634 546 47 16 samt
694 544 92 18 förvaltad
798 544 22 18 af
830 545 46 17 vice-

116 579 172 19 landskamreraren
301 580 5 17 i
318 579 56 18 länet.
392 579 85 19 Fondens
485 580 100 22 tillgängar
598 581 32 16 äro
643 579 38 18 dels
693 579 98 23 placerade
800 579 6 18 i
814 581 62 16 ränte-

115 614 82 18 bärande
210 614 121 22 obligationer
343 613 39 19 dels
394 614 69 18 insatta
481 614 6 17 i
506 614 72 18 enskild
590 614 154 23 bankinrättning
760 614 25 22 pä
797 613 79 23 löpande

116 649 84 22 räkning.

414 747 97 26 Kuopio
530 746 48 21 län.

275 809 30 22 16.
336 809 208 27 Nödhjelpsfonderna
560 809 4 21 i
581 809 75 28 Kuopio
672 809 40 22 län.

184 865 193 23 Nödhjelpsfonderna
389 865 6 18 i
408 865 73 24 Kuopio
493 866 31 17 län
536 866 57 17 hafva
606 865 69 18 bildats
687 865 43 18 utaf
740 866 106 17 återstoden
856 866 20 18 af

115 900 22 18 de
156 900 59 18 under
236 900 131 18 missväxtäret
387 901 45 18 1862
450 901 34 18 och
502 901 107 22 sedermera,
627 901 30 17 till
675 901 104 22 fördelning
798 901 77 17 emellan

115 935 101 18 socknarne
228 935 6 17 i
247 935 50 18 länet
309 935 85 18 förärade
407 935 57 18 medel
476 935 56 23 jemte
545 935 43 18 derä
601 935 86 18 behällna
699 937 69 20 räntor,
782 935 92 18 äfvensom

114 969 21 18 af
152 969 23 18 de
193 969 64 22 medel,
277 975 38 12 som
330 969 70 18 influtit
411 969 31 18 vid
454 970 134 22 försäljningen
600 969 21 18 af
632 969 49 18 inom
693 968 131 19 kommunerna
837 969 36 18 för-

113 1003 104 23 färdigade,
235 1003 41 18 med
294 1003 190 23 undsättningsmedel
503 1003 101 19 bekostade
627 1003 129 23 slöjdarbeten,
778 1003 96 18 hvarutom

113 1038 41 18 med
167 1038 91 18 fonderna
270 1038 112 24 införlifvats
395 1039 16 22 ej
425 1039 71 18 mindre
509 1038 22 19 de
543 1039 73 22 belopp,
630 1043 37 13 som
679 1038 85 18 erhållits
772 1043 65 18 genom
845 1040 28 15 ut-

115 1073 69 18 verkad
202 1073 109 22 realisering
323 1072 21 19 af
355 1078 22 13 en
389 1073 30 18 del
431 1073 43 18 utaf
484 1073 179 22 länemagasinernas
675 1073 199 22 spanmälstillgängar,

113 1109 23 16 än
155 1107 38 18 alla
205 1107 58 18 andra
275 1107 87 22 antingen
373 1107 22 18 af
406 1107 131 18 kommunerna
550 1108 5 17 i
568 1107 34 18 och
615 1107 29 18 för
656 1107 218 22 undsättningsätgärder

113 1142 90 22 anslagna
215 1142 45 18 eller
271 1142 25 22 pä
307 1144 58 16 annat
377 1144 38 16 sätt
427 1142 90 18 fonderna
529 1142 90 18 tillfallna
631 1142 64 18 medel.

181 1188 206 23 Nödhjelpsfondernas
399 1188 58 18 medel
470 1188 102 18 användas:

182 1236 17 21 a)
211 1234 29 18 till
253 1234 219 22 undsättningsätgärder
484 1234 58 18 under
554 1234 62 22 nödär,
630 1234 33 18 och

181 1270 18 22 3)
210 1270 29 18 till
253 1270 83 22 utlåning
348 1270 29 18 för
387 1270 127 22 jordbrukets,
527 1270 172 22 boskapsskötselus
714 1270 34 18 och
756 1269 118 23 husslöjdens

112 1304 128 18 befordrande,
265 1304 132 23 Tillgängarna
409 1305 6 17 i
428 1305 94 22 fonderna,
534 1304 30 18 för
576 1305 54 18 hvars
643 1304 112 23 förvaltning
763 1305 111 22 reglemente

111 1339 21 18 af
149 1338 105 24 Kejserliga
272 1339 79 18 Senaten
370 1341 63 16 senast
452 1340 35 18 den
505 1340 23 18 26
545 1340 53 22 April
618 1340 44 17 1876
681 1339 98 22 faststälts,
792 1341 32 16 äro
837 1339 36 17 för-

112 1373 65 19 delade
196 1374 25 22 pä
239 1374 86 22 samtliga
342 1374 161 18 landskommuner
518 1375 5 17 i
541 1374 56 22 länet,
612 1374 74 18 hvarvid
699 1374 63 23 hvarje
778 1374 96 18 kommuns

111 1408 53 18 andel
185 1410 55 20 utgör
259 1408 41 18 dess
318 1408 122 23 tillhörighet.
466 1403 74 28 Årligen
558 1408 93 18 meddelas
669 1408 41 18 från
731 1408 143 18 landtränteriet

110 1442 64 22 hvarje
187 1442 86 18 kommun
286 1442 115 23 redogörelse
413 1443 52 18 öfver
476 1443 120 18 kommunens
608 1442 152 24 nödhjelpsfonds
779 1443 94 22 ställning.
