1103 1700
116 188 90 18 Arbetare
224 188 30 17 vid
273 188 82 18 fabriker
374 188 34 18 och
426 188 58 18 andra
502 188 40 18 tek-

185 222 54 18 niska
251 222 125 22 inrättningar
391 234 5 6 .
421 235 4 5 .
449 236 4 4 .
478 236 4 4 .
506 235 4 4 .
536 235 3 4 .
552 221 41 19 med
605 223 28 17 ett
646 222 49 18 antal
709 222 21 18 af
763 223 33 17 523
810 222 67 22 (1,048)

115 257 127 18 Jordbrukare
274 270 3 4 .
303 269 32 5 ss
360 270 33 4 ss
447 270 3 4 ss
477 270 32 5 sc
535 270 37 9 son
612 270 8 9 n
664 270 8 9 n
711 270 8 9 n
762 257 33 17 421
826 256 50 23 (572)

115 292 64 18 Enkor
191 292 33 18 och
237 292 76 18 hustrur
332 304 4 6 .
361 306 4 4 .
390 305 4 5 .
419 305 4 5 «
447 305 5 5 +
469 288 11 31 «+
506 305 66 9 son
610 306 8 8 n
662 306 9 8 »
709 305 8 9 »
760 292 34 17 374
826 292 50 22 (540)

115 326 109 18 Handlande
238 326 33 18 och
283 326 161 22 handelsbetjente
478 339 4 4 .
507 339 3 4 .
536 339 38 9 <»
612 340 8 8 »
663 339 9 9 »
709 339 9 9 »
762 326 32 17 811
826 325 50 23 (483)

116 360 124 23 Tjenstemän,
255 360 54 18 civila
321 360 34 18 och
367 360 82 19 militära
478 374 4 5 .
506 374 4 5 .
536 374 4 4 +
565 374 9 10 »
612 374 8 9 »
664 374 8 8 »
710 374 8 8 »
762 361 34 17 260
826 360 50 22 (602)

115 395 79 22 Prester,
206 395 61 18 lärare
279 395 34 18 och
325 395 104 18 lärarinnor
448 408 3 4 .
479 409 1 5 .
505 409 4 4 .
534 408 4 4 <
563 409 8 9 »
610 409 8 9 n
663 409 8 8 »
709 408 8 9 »»
762 396 31 16 171
825 394 51 23 (428)

115 429 129 18 Embetsverks
257 430 94 22 betjening
365 442 2 5 .
391 443 5 5 .
420 443 4 5 .
449 444 4 4 .
478 442 4 5 »
507 443 4 5 .
536 443 4 5 «
565 443 8 9 n
612 443 8 9 »
663 443 8 9 n»
709 443 9 9 »
762 430 32 17 127
824 428 51 24 (249)

115 464 152 22 Sytningstagare
279 464 35 18 och
327 464 108 23 inhysingat
447 478 4 4 .
479 478 1 5 .
505 478 4 5 .
534 478 3 4 «<
564 478 8 9 »
610 478 9 9 m»
662 478 9 8 »
708 478 9 8 »
761 465 31 15 111
824 463 51 23 (167)

116 497 109 23 Sjöfarande
245 511 4 5 .
273 511 4 5 .
302 512 4 4 .
331 512 3 4 .
359 512 3 3 .
476 512 4 4 3
535 511 37 10 Eh
610 512 9 8 m»
662 512 9 9 x
709 512 8 9 m
771 498 23 18 83
812 493 9 33 —
835 497 40 23 (81)

115 532 89 18 Personer
216 534 44 16 utan
273 533 96 23 uppgifvet
381 511 90 40 särskildt
483 512 55 44 yrke.
563 540 10 16 ”
610 547 8 9 »
662 547 8 9 n»
708 547 9 9 om»
744 534 50 21 1,236
807 532 67 24 (1,846)

184 573 69 18 Anm.
277 573 90 19 Siffrorna
386 574 48 17 inom
456 574 99 23 parenthes
573 574 90 18 beteckna
681 574 47 17 huru
747 573 128 18 motsvarande

276 609 71 18 klasser
365 614 43 13 voro
427 609 109 18 företrädda
553 609 58 18 under
630 608 109 23 föregäende
757 610 30 16 tre
802 608 30 18 ärs
844 612 31 18 pe-

276 643 45 17 riod.

329 736 26 21 IV.
385 736 277 27 Sparmärksförsäljningen.

184 797 150 28 Sparmärken,
351 799 91 27 lydande
458 799 12 21 &
486 799 30 22 tio
533 799 64 27 penni
614 799 38 21 och
668 798 88 22 afsedda
772 800 33 20 att
821 798 53 27 möj-

115 831 82 28 liggöra
213 832 141 28 besparingar
369 833 63 21 äfven
448 834 69 21 under
532 833 36 22 det
584 833 77 27 belopp
677 832 23 22 af
709 839 27 15 en
747 833 67 26 mark,
826 838 47 16 som

115 865 107 22 faststälts
238 866 69 22 såsom
325 867 40 22 den
381 867 69 28 lägsta
467 868 67 21 insats
549 867 27 28 pä
591 867 94 27 motbok,
700 867 64 22 hafva
776 867 96 22 försälts:

183 925 24 20 är
224 925 55 21 1890
295 924 32 22 för
355 941 4 5 .
391 941 4 5 .
427 941 5 5 <
500 941 150 6 s.
683 920 48 36 Frye
746 925 82 26 13,171:
846 925 27 20 60

191 975 10 9 »
223 959 52 21 1894
301 975 10 10 p
390 975 312 11 LL,
724 947 8 43 O
744 959 85 26 10,51T:
845 959 28 21 60

192 1009 9 11 n
223 994 54 21 1892
302 1010 9 9 p
355 1010 40 5 sor
427 1009 39 6 sr
498 1010 4 5 rs
535 1010 40 5 ss
608 1010 40 5 ss
725 1009 1 11 0
758 994 70 25 6,188:
845 993 27 21 40

106 1038 61 21 "eller
182 1039 67 21 under
264 1039 43 21 alla
323 1041 32 20 tre
371 1039 25 22 år
411 1039 33 22 för
465 1056 4 4 .
500 1056 4 5 .
537 1056 4 5 .
608 1056 5 5 <
644 1055 5 6 +
693 1056 10 10 n
743 1040 85 25 29,877:
845 1039 27 21 60

113 1075 46 20 mot
174 1074 48 27 Fay
237 1075 84 25 50,042:
339 1075 26 20 70
381 1074 67 21 under
464 1074 44 21 lika
524 1074 32 21 tid
572 1056 146 40 Gerförinnan.

181 1125 106 28 Beloppet
302 1126 23 21 af
339 1126 26 21 de
381 1126 151 28 insättningar,
548 1132 46 16 som
610 1125 71 23 blifvit
695 1125 75 28 gjorda
782 1125 90 22 medelst

113 1160 63 22 dessa
200 1161 94 26 märken,
317 1160 83 22 fästade
422 1161 28 27 pä
472 1161 72 22 derför
559 1160 88 22 afsedda
662 1161 56 26 kort,
735 1160 136 22 motsvarade

112 1195 25 21 år
161 1196 140 27 1890—1,52;
318 1196 25 21 är
360 1197 133 26 1891—1,56
512 1196 39 22 och
567 1196 24 21 är
608 1196 132 26 1892—1,47
757 1196 27 26 9/,
802 1194 24 22 af
839 1195 33 21 in-

113 1229 162 28 sättningarnas
291 1230 140 27 totalbelopp.

180 1264 137 28 Försäljning
342 1264 24 22 af
385 1264 142 27 sparmärken
552 1264 39 22 har
616 1264 58 22 varit
700 1264 112 22 anordnad
836 1262 36 22 vid

112 1298 101 28 samtliga
228 1299 155 27 postanstalter
399 1299 39 21 och
453 1299 39 22 hos
509 1306 27 14 en
552 1299 78 27 mängd
644 1298 97 22 enskilda
752 1298 119 27 försäljare,

110 1333 53 21 eller

180 1368 35 21 vid
231 1368 74 27 början
321 1368 24 21 af
359 1368 23 22 är
401 1369 54 21 1890
470 1368 29 28 pä
527 1385 1 5 .
561 1385 2 4 .
595 1385 4 4 .
631 1384 4 6 .
667 1384 4 5 .
702 1384 4 5 .
740 1369 60 26 1,027

180 1402 40 22 och
235 1402 36 22 vid
287 1402 66 22 slutet
367 1402 24 22 af
405 1404 26 20 är
448 1404 55 20 1892
518 1402 45 28 pä.
596 1420 3 4 .
630 1419 5 5 .
667 1419 4 4 .
702 1418 5 5 .
740 1403 60 26 1,088

110 1436 71 22 skilda
197 1437 76 21 ställen
290 1437 6 21 i
312 1437 80 22 landet.
