1103 1700
287 132 13 21 8

258 189 65 22 1-ailo.
343 188 124 23 välbetävki
484 188 41 22 vel
543 188 23 22 ai
584 189 211 27 omständignotoraa
811 188 106 28 påkallad,
933 188 33 22 för
982 190 31 20 att

258 224 74 20 kunna
349 223 67 21 under
430 223 73 27 hvarje
518 223 140 22 eventualitet
672 223 118 28 förebygga
807 224 32 21 ett
854 223 122 27 nedgående
991 222 24 22 af

258 258 100 20 Bankens
377 257 120 21 metalliska
511 258 64 20 kassa
589 258 68 20 under
673 258 48 21 dess
737 258 7 20 i
760 258 11 27 $
788 258 12 21 7
818 257 23 22 af
854 257 78 28 nådiga
947 258 67 26 regle-

258 293 82 20 mentet
357 291 34 21 för
410 292 100 21 Finlands
529 292 61 21 Bank
605 291 23 21 af
642 292 41 21 den
698 292 26 21 27
738 292 51 21 Juni
808 292 54 21 1878
878 292 83 21 tillåtna
975 292 38 20 mi-

259 326 137 26 nimibelopp,
419 326 55 21 helst
497 326 41 21 den
560 326 121 27 föreslagna
704 326 213 27 upplåningsformen
940 326 22 21 af
983 327 31 19 ett

258 360 158 22 kassakreditiv
438 360 73 27 erbjöd
533 360 95 21 fördelen
652 361 32 21 att
705 360 48 21 icke
776 360 93 21 behöfva
889 360 66 21 anlita
975 360 39 20 den

259 394 114 27 betingade
395 394 97 21 krediten
514 394 7 21 i
543 396 65 20 annat
630 394 38 22 fall
687 394 41 22 och
746 394 8 21 i
772 396 70 20 större
862 394 55 26 mån,
937 396 26 19 än
979 394 36 21 det

259 429 74 21 visade
349 428 32 27 sig
395 435 51 15 vara
460 428 137 28 nödvöndigt.

328 463 10 21 I
361 464 47 20 stöd
430 462 22 22 af
470 463 183 27 ofvanåberopade
671 463 82 26 lagrum
773 463 118 21 hemstälde
906 463 109 21 Bankfull-

259 497 94 26 mäktige
376 496 71 22 derför
468 497 33 21 uti
523 497 133 27 underdånig
680 497 112 21 skrifvelse
814 498 34 20 för
871 497 39 21 den
929 497 27 22 28
971 497 44 21 Juli

261 532 62 26 1892,
339 532 36 20 det
390 532 82 20 täcktes
487 532 59 20 Hans
561 531 118 27 Kejserliga
695 532 102 26 Majestät
812 531 28 27 på
855 531 82 21 landets
953 531 62 21 Stän-

260 566 49 22 ders
330 568 81 25 vägnar
432 568 113 25 garantera
568 567 30 20 ett
617 566 82 21 utrikes
718 566 93 21 kreditiv
830 566 23 21 af
871 566 30 21 tio
918 566 97 27 miljoner

260 601 67 26 mark,
350 601 32 20 till
404 601 81 20 hvilket
508 601 77 27 belopp
608 600 63 21 äfven
689 601 199 21 Bankdirektionen
907 600 107 21 dåmera
1003 596 14 36 i

260 635 143 21 betraktande
422 635 23 21 af
462 635 26 21 de
506 635 132 21 försämrade
656 635 200 26 skördeutsigterna
875 634 65 27 ansåg
957 634 58 21 lånet

260 669 54 21 böra
335 669 94 27 förhöjas
451 669 40 21 och
514 669 72 21 hvilka
608 669 69 21 medel
695 669 70 21 skulle
784 669 105 27 upplånas
904 669 33 20 för
952 670 63 20 stats-

260 703 85 21 verkets
360 703 90 27 räkning
465 703 39 21 och
520 703 139 22 öfverlemnas
675 703 32 22 till
719 703 101 22 Bankens
833 703 126 28 förfogande
972 705 44 19 mot

260 737 131 22 förbindelse
413 739 31 20 att
466 743 90 16 ansvara
578 737 34 22 för
631 737 186 27 återbetalningen
833 738 57 21 inom
906 744 25 15 en
947 737 31 21 tid
993 737 24 21 af

261 772 36 21 två
312 772 30 21 år.

331 806 70 21 Sedan
425 806 29 21 Ba

502 806 129 28 illmäktiges
656 806 136 21 förestående
818 805 154 28 framställning
994 806 23 21 af

261 841 60 20 Hans
336 840 118 27 Kejserliga
469 840 101 27 Majestät
585 841 7 20 i
607 841 66 21 nåder
689 840 95 26 bifallits,
798 840 157 21 öfverlemnade
967 840 50 27 Kej-

261 875 78 26 serliga
357 875 99 25 Senaten,
475 875 7 20 i
501 875 93 26 enlighet
612 875 49 21 med
676 875 56 21 hvad
748 875 73 20 derom
837 874 23 21 af
874 875 143 27 Fullmäktige

261 909 33 21 uti
313 909 110 21 skrifvelse
441 909 33 21 till
492 909 78 21 Finans
586 909 158 27 Expeditionen
759 909 33 21 för
808 909 41 20 den
866 909 11 21 7
893 909 124 27 September

264 944 55 21 1892
341 943 109 28 föreslogs,
474 944 22 21 åt
518 944 79 21 Herrar
620 943 100 22 Lindelöf
740 944 41 21 och
802 943 139 28 Charpentier
959 946 33 19 att
1011 944 7 21 i

262 978 98 21 utlandet
381 979 157 27 uppnegociera
559 978 139 21 förenämnda
719 978 100 26 kreditiv,
843 979 65 26 jemte
927 979 36 20 det
981 979 37 20 be-

262 1013 71 21 mälde
356 1013 78 20 ombud
456 1013 8 20 i
487 1012 219 22 öfverensstämmelse
729 1013 50 21 med
802 1012 153 27 Fullmäktiges
976 1013 43 20 för-

264 1047 45 26 slag
331 1047 165 27 bemyndigades
518 1048 38 25 att,
578 1048 52 20 utan
652 1047 91 21 särskild
766 1047 74 20 vidare
858 1046 107 27 förfrågan
980 1047 39 20 hos

263 1081 203 26 Bankfullmäktige,
482 1081 112 26 godkänna
610 1087 26 15 en
651 1081 109 27 provision
776 1081 24 21 af
813 1081 63 26 högst
890 1087 26 15 en
931 1082 88 25 procent

265 1115 12 21 å
292 1116 49 21 hela
355 1115 149 28 lånebeloppet
523 1117 55 20 samt
592 1121 26 16 en
634 1117 107 20 räntesats
756 1115 24 22 af
794 1116 63 26 högst
871 1115 46 28 fyra
932 1117 88 25 procent

265 1150 13 21 å
303 1150 27 21 de
355 1150 77 27 belopp
458 1150 23 21 af
505 1150 64 27 lånet,
596 1156 46 16 som
667 1150 85 21 komme
776 1151 33 20 att
833 1150 54 21 efter
908 1150 57 21 hand
987 1150 33 21 till

265 1184 88 22 Banken
375 1184 106 26 indragas.
511 1184 50 21 Men
584 1184 89 22 emedan
696 1184 62 22 dessa
782 1184 77 26 vilkor,
882 1184 65 27 enligt
965 1184 55 21 hvad

265 1218 107 22 ombuden
388 1218 53 21 efter
455 1218 7 21 i
476 1218 97 22 utlandet
584 1218 87 22 inledda
681 1218 198 27 underhandlingar
890 1218 131 27 telegrafiskt

265 1252 105 26 anmälde,
394 1253 47 21 icke
462 1252 71 21 kunde
552 1253 22 21 af
592 1253 47 21 dem
659 1253 111 21 derstädes
788 1252 142 27 genomföras,
949 1252 71 22 blefvo

265 1286 114 26 ombuden,
398 1286 27 28 på
442 1286 156 28 framställning
613 1286 23 22 af
649 1286 199 28 Bankfullmäktige
862 1287 32 21 uti
909 1286 112 22 skrifvelse

265 1320 34 22 för
321 1320 41 22 den
384 1321 29 21 30
435 1321 124 27 September
580 1322 61 26 1892,
661 1321 24 21 af
699 1321 122 28 Kejserliga
837 1321 93 21 Senaten
945 1321 76 21 befull-

265 1355 123 27 mäktigade
407 1357 31 19 att
456 1355 80 22 afsluta
550 1356 102 21 kontrakt
667 1362 34 14 om
717 1356 59 20 lånet
791 1356 28 27 pä
834 1357 32 19 ett
880 1355 51 21 eller
946 1356 37 20 två
998 1356 23 20 är

266 1390 102 28 antingen
390 1392 45 19 mot
457 1396 26 15 en
505 1392 106 20 räntesats
634 1390 24 21 af
674 1391 14 27 4
707 1392 89 24 procent
815 1390 84 21 utöfver
915 1389 32 21 för
962 1390 60 21 tiden

267 1424 89 22 noterad
374 1424 160 22 lombardränta
552 1424 52 22 ollor
622 1424 41 22 ock
681 1426 45 20 mot
744 1430 27 16 en
786 1424 28 21 fix
830 1425 62 18 ränta
907 1423 24 20 af
945 1424 13 20 5
973 1430 49 21 pro-

267 1460 55 24 cent,
341 1459 66 27 jemte
430 1459 36 21 det
488 1459 134 26 provisionen
641 1458 35 22 vid
694 1458 108 22 hvardera
820 1458 137 22 alternativet
975 1458 48 21 icke
