1103 1700
269 124 28 22 26

590 183 22 18 7
632 182 19 19 8.

472 208 2 7 N
569 214 4 1 N
633 204 10 6 v

261 214 22 8 an

240 262 271 28 resekostnadsersättning
532 262 34 22 till
589 268 80 17 samma
692 263 85 27 belopp,
798 269 45 15 som
864 262 25 22 de
908 262 7 21 i
934 262 68 27 fjerde

239 296 86 22 klassen
342 296 23 22 af
377 297 99 27 gällande
492 297 177 27 resereglemente
684 300 110 26 upptagna
810 297 139 22 embetsmän.

309 332 153 21 Revisorernas
484 332 134 21 sekreterare
640 332 95 28 åtnjuter
758 332 80 22 arvode
860 332 34 21 till
916 332 84 26 belopp,

239 372 47 14 som
303 366 22 21 af
339 366 133 22 revisorerna
488 366 136 22 bestämmes.

545 476 79 33 Kap.
642 476 52 27 IX.

294 538 43 23 Om
353 545 86 16 ansvar
454 539 41 22 för
510 538 126 29 tjenstefel
653 540 63 21 samt
732 545 38 16 om
788 539 159 27 ersättnings-

546 573 147 28 skyldighet.

590 649 26 22 72
632 649 18 27 8.

307 701 79 21 Finnes
408 700 180 25 bankfullmäktig
607 701 63 21 hafva
688 701 106 21 äsidosätt
814 702 26 20 de
859 701 140 26 föreskrifter,

239 741 47 16 som
303 737 37 20 äro
356 741 75 21 genom
447 735 59 22 detta
521 735 130 27 reglemente
663 735 52 22 eller
728 735 134 22 Ständernas
872 736 128 21 instruktion

236 770 193 27 bankfullmäktige
447 770 33 21 till
499 769 142 22 efterrättelse
660 770 132 26 meddelade,
814 770 57 21 skall
890 770 48 26 han,
955 771 45 21 ifall

237 805 122 21 Ständerna
377 805 31 20 till
427 804 43 21 åtal
489 806 44 19 mot
554 804 76 21 honom
647 804 107 26 förordna,
771 805 76 20 dömas
864 805 65 26 enligt
945 805 54 21 hvad

236 839 7 20 i
260 839 79 21 allmän
354 839 35 26 lag
404 838 109 27 angående
529 834 129 32 sysslomäns
673 839 167 21 öfverträdelser
856 839 40 21 och
907 839 92 22 försum-

237 873 67 22 melse
319 873 101 28 stadgadt
435 875 30 19 är.
905 886 3 3 :
996 877 10 14 /

308 907 45 28 Lag
375 913 81 16 samma
478 913 51 16 vare
549 907 33 22 för
605 908 125 26 komiterad,
747 908 6 21 i
773 908 105 21 händelse
893 908 106 21 bankfull-

237 942 98 27 mäktige
350 944 44 19 mot
409 942 77 21 honom
502 942 44 21 låta
560 942 72 21 utföra
647 942 50 21 åtal.

309 977 30 20 På
355 976 192 27 bankfullmäktige
562 977 124 21 ankommer
701 976 105 22 likaledes
822 979 40 24 att,
875 977 72 21 derest
964 983 37 15 an-

236 1011 132 22 svarsfrihet:
385 1011 71 21 blifvit
478 1011 96 21 bankens
596 1011 106 22 direktion
722 1011 115 28 förvägrad
859 1011 52 21 eller
931 1011 69 27 någon

236 1045 51 22 dess
309 1045 90 22 medlem
423 1045 52 22 «eller.
497 1045 206 22 bankkommissarie
724 1046 58 27 gjort
805 1046 33 26 sig
862 1045 84 28 skyldig
968 1046 33 21 till

236 1080 115 27 tjenstefel,
368 1080 102 21 förordna
484 1079 34 22 till
533 1080 49 27 laga
598 1080 50 21 åtal.

308 1115 45 21 Har
367 1115 91 21 medlem
474 1115 23 21 af
508 1115 134 21 direktionen
654 1115 52 22 eller
718 1115 208 22 bankkommissarie
939 1115 62 21 stälts

236 1150 69 21 under
328 1149 106 22 fiskaliskt
456 1149 44 21 ätal
523 1150 52 20 eller
593 1150 99 21 tilltalats
712 1150 34 21 för
764 1150 90 21 svårare
874 1149 59 21 brott
949 1150 52 20 eller

236 1183 83 22 afträdt
330 1184 41 21 sitt:
386 1184 35 26 bo,
437 1184 63 22 beror
514 1184 28 27 pä
558 1184 203 27 bankfullmäktiges
772 1184 109 27 pröfning,
895 1183 105 21 huruvida

236 1218 44 21 han
297 1218 134 22 fortfarande
446 1218 54 22 skall
516 1218 22 21 fä
552 1218 96 22 bestrida
663 1218 94 22 embetet
773 1218 55 21 eller
844 1224 71 15 annan
929 1218 70 21 dertill

235 1248 121 36 förordnas.
570 1267 1 3 :
683 1254 2 2 |

308 1287 47 21 Har:
374 1292 79 16 annan:
468 1287 88 21 bankens
576 1287 129 27 :tjensteman
724 1288 53 20 eller
797 1287 84 27 betjent
896 1287 58 27 gjort
969 1287 32 26 sig

235 1321 88 27 skyldig
338 1321 31 21 till
385 1321 29 21 fel
431 1321 50 21 eller
496 1321 148 23 försammelse
660 1322 6 20 i
681 1322 100 27 tjensten,
795 1327 53 21 eger
859 1321 140 25 direktionen,

236 1355 56 21 efter
312 1356 107 21 verkstäld
430 1355 173 29 .undersökning,
618 1356 104 27 antingen
739 1356 96 22 -enskildt
855 1361 76 22 genom
952 1356 48 20 ord-

235 1390 105 21 föranden
346 1385 10 37 .
360 1396 66 15 varna
445 1390 41 22 den
501 1390 106 27 felaktige
623 1390 52 21 eller
689 1390 125 27 försumlige
830 1390 53 21 eller
898 1389 57 21 inför
969 1390 31 20 di-

236 1424 125 22 rektionens
379 1424 109 28 protokoll
506 1424 81 22 tilldela
607 1424 78 22 honom
703 1424 151 27 färeställning
871 1424 51 18 eller
937 1424 61 27 skilia

235 1458 81 22 honom
331 1458 46 22 frän
394 1458 260 28 tjenstens.utöfnihg'pä
668 1458 25 22 en
706 1458 52 22 eller
770 1458 66 27 högst
846 1458 39 21 två
897 1458 103 21 månader

289 215 110 35 "Revisor
421 215 84 41 uppbär
526 216 82 34 trettio
620 215 65 35 mark
708 228 7 22 i
738 217 187 39 dagtraktamente
946 217 55 32 samt
1032 216 20 8 —
