1103 1700
262 136 27 21 10
491 134 27 22 U.
533 135 25 21 B.
573 134 157 22 IU—XXXI.

230 203 41 21 ken
286 204 42 20 och
343 204 89 26 ungefär
446 208 80 26 45,000
540 206 61 19 mark
616 207 29 24 pä
659 204 198 21 aomormskoiorna.
873 204 49 20 Den
932 210 58 20 steg-

230 239 49 26 ring
301 245 47 13 som
364 242 36 23 egt
416 245 45 13 rum
477 240 6 18 i
500 232 181 32 Ofverstyrelsens
691 239 44 26 för
747 238 149 20 skolväsendet
909 238 82 26 budget

230 272 65 21 beror
311 272 27 21 bl.
354 280 19 12 a.
393 273 29 26 pä
437 272 145 21 anställandet
596 272 26 20 af
634 280 26 13 en
675 272 113 28 inspektor
804 272 32 21 för
852 272 138 21 abnormsko-

230 306 62 21 lorna
307 307 49 20 med
373 306 64 25 6,000
452 306 72 21 marks
539 306 42 25 lön,
598 310 32 17 ett
645 307 108 27 stipendie
769 306 76 28 anslag
860 307 12 20 å
880 306 64 25 6,000
954 306 36 20 mk

230 340 34 21 för
287 341 93 21 studium
403 341 24 20 af
447 341 248 27 abnormundervisning,
721 344 31 17 ett
768 344 66 18 annat
849 342 12 19 ä
877 345 62 22 2,500
954 340 36 20 mk

231 375 33 21 för
280 376 93 20 studium
388 375 25 21 af
425 375 133 21 främmande
573 375 65 27 spräk
654 378 55 18 samt
725 375 42 21 fast
782 375 95 27 aflöning
891 375 25 21 af
929 380 62 21 5,000

230 409 62 21 mark
310 410 22 20 ät
347 410 179 26 öfverstyrelsens
542 410 121 20 kamrerare
679 411 6 19 i
700 413 27 17 st.
744 410 13 20 f.
774 410 38 20 det
828 410 56 20 förra
899 409 91 21 arvodet

230 450 38 14 om
287 444 61 24 1,600
362 444 42 20 mk.

304 478 66 27 Sjette
383 478 30 20 H.
434 478 22 20 T.
487 478 49 20 Den
549 478 128 27 fortgäende
692 478 153 26 utvecklingen
860 478 24 20 af
897 478 92 26 sjukvär-

231 512 44 20 den
291 512 133 27 återspeglas
440 514 6 18 i
461 512 102 20 växande
578 512 159 27 budgetsiffror.
768 512 201 27 Asylinrättningen
983 513 6 19 i

231 546 120 25 Kexholm,
368 547 154 26 utvidgningen
538 546 23 21 af
576 547 109 26 Fagernäs
701 546 87 27 sjukhus
804 553 28 14 m.
848 553 27 13 m.
891 546 38 21 har
944 546 45 20 frän

233 581 56 26 1889
313 581 30 21 till
371 582 52 25 1892
450 584 84 23 stegrat
560 585 79 23 posten
670 581 248 20 därvärdsanstalterna
944 581 45 20 från

230 616 99 25 257,824:
352 620 23 21 71
401 615 31 21 till
456 616 98 25 331,488:
576 621 27 20 03
627 615 50 20 eller
697 615 51 21 med
764 616 26 19 28
808 615 33 26 %.
871 615 119 20 A/männa

230 649 146 27 sjukvärdens
391 650 82 27 budget
488 649 38 20 har
541 650 67 20 under
623 656 82 14 samma
720 650 32 20 tid
762 651 63 20 vuxit
836 650 45 20 frän
891 649 98 27 992,780:

229 688 27 21 05
281 684 32 21 till
336 685 116 25 1,248,247:
476 689 34 21 07,
530 684 84 20 således
629 684 50 20 med
694 684 52 20 nära
762 684 28 20 26
805 684 33 26 %,
855 684 81 21 hvilket
951 684 38 20 har

230 719 33 19 sin
284 718 115 27 förklaring
415 725 79 20 genom
510 718 27 21 bl.
554 725 18 14 a.
589 718 150 27 utvecklingen
755 718 26 21 af
793 725 26 14 en
836 718 34 20 del
885 718 103 26 länesjuk-

230 752 47 25 hus,
294 752 131 21 inrättandet
440 752 25 20 af
476 753 67 26 nägra
558 759 43 19 nya
616 752 87 25 sjukhus
718 753 6 19 i
740 752 125 21 landsorten
877 752 111 20 äfvensom

230 786 39 21 det
285 787 99 26 stigande
400 787 81 20 antalet
496 786 127 27 lönebidrag
638 787 22 20 ät
674 786 204 21 kommunalläkare.
903 787 33 19 En
947 786 41 21 lika

230 824 42 17 stor
293 820 80 27 ökning
391 821 80 20 företer
486 825 80 22 posten
575 821 145 26 fängelserna
735 820 36 21 och
780 820 152 27 fängvärden,
947 820 41 21 för-

229 855 116 26 nämligast
360 855 31 20 till
406 854 51 26 följd
470 855 24 20 af
504 854 193 27 länsfängelsernas
709 855 123 26 omdaning,
844 855 65 26 enligt
919 855 70 20 tidens

229 889 54 20 kraf.
314 889 128 26 Stegringen
458 889 25 20 af
495 889 171 26 utgiftsstaterna
681 889 33 20 för
730 889 64 20 dessa
805 889 107 27 fängelser
925 895 63 20 synes

230 923 25 20 af
267 923 94 26 följande
376 923 207 27 sammanställning:

232 986 57 15 Staten
303 986 25 15 för
340 986 45 15 läns-
478 986 58 20 Enligt
548 986 46 16 äldre
607 986 65 16 författ-
743 986 59 21 Enligt
815 987 111 20 kungörelsen
939 987 33 15 den

260 1009 82 20 fängelset
355 1009 4 15 i
546 1005 64 29 ningar.
764 1013 20 16 14
794 1009 64 21 januari
873 1009 39 20 1891
928 1009 32 16 och

745 1032 122 21 statsförslaget
879 1033 25 15 för
918 1033 48 20 1893.

229 1065 136 33 Helsingfors
396 1082 3 3 .
432 1082 3 4 .
468 1082 3 4 .
517 1066 83 27 20,966:
618 1078 25 3 —
806 1067 82 26 82,152:
905 1079 27 2 --

230 1099 54 21 Abo
396 1117 74 3 L
516 1105 84 22 27,905!
616 1113 28 2 -—
805 1101 83 26 65,945:
904 1113 27 2 —

229 1133 137 22 Tavastehus
398 1151 3 3 .
434 1151 3 3 .
469 1151 3 4 .
520 1140 81 21 15,000:
618 1148 27 2 —
805 1136 84 26 49,885:
904 1148 27 2 —

229 1168 95 27 Wiborg
361 1185 4 4 .
397 1185 3 4 .
432 1186 4 3 .
468 1185 3 4 .
520 1169 80 26 —16,951:
617 1182 27 2 —
806 1174 82 22 59,915:
904 1182 28 2 —

230 1202 33 21 S:t
279 1203 79 20 Michel
396 1220 3 3 .
432 1220 3 4 .
467 1220 3 4 .
519 1209 80 21 11,700:
616 1216 26 2 —
806 1208 81 22 39,425:
907 1216 24 3 —

229 1237 91 27 Kuopio
361 1254 3 3 .
396 1254 4 4 .
432 1254 3 4 .
467 1254 4 3 .
499 1233 9 35 =
519 1238 80 25 14,880:
617 1250 24 3 —
804 1239 84 25 47,870:
904 1250 27 2 —

230 1270 69 21 Wasa
325 1288 4 3 .
361 1288 3 4 .
431 1288 4 4 0
519 1277 81 21 13,420:
616 1285 26 2 —
804 1272 83 26 62,445:
904 1284 27 2 —

229 1305 114 27 Uleåborg
359 1322 4 4 .
395 1322 3 4 .
430 1322 4 4 .
466 1322 3 4 .
528 1307 70 25 9,870:
615 1318 26 3 —
804 1311 84 21 40,225:
904 1318 23 2 —

500 1346 96 26 130,692:
612 1358 27 2 —
789 1346 98 27 447,862:
903 1358 28 3 —

299 1402 227 27 Fängelsereformens
541 1404 171 26 genomförande
726 1404 52 20 med
794 1404 86 26 hänsigt
892 1404 31 20 till
933 1404 54 20 läns-

230 1436 137 27 längeiserna
387 1437 39 21 har
446 1437 86 21 således
547 1438 94 20 mediöri
656 1447 26 11 en
698 1438 80 27 Okuiny
794 1438 25 20 af
832 1439 27 20 de
874 1438 67 27 årliga
956 1441 32 18 ut-

301 1477 131 15 Statsutskottets
444 1478 103 15 betänkande
560 1477 34 16 N:o
603 1482 18 15 3.
