1103 1700
244 110 28 22 28
586 110 21 21 II

726 203 56 31 Män.
856 208 97 21 Grinnor.,

243 293 59 27 Åren
320 300 156 20 1843—1845.
508 316 4 4 .
544 316 4 4 .
581 316 4 4 .
617 316 40 4 ov.
730 300 60 25 1,337
893 300 40 21 232

269 350 10 10 »
321 334 155 21 1846—1850.
509 350 4 4 .
544 350 5 4 .
580 350 5 5 .
616 350 5 5 .
652 350 5 5 .
730 334 60 26 1,115
896 335 37 20 186

270 384 10 10 »
321 368 155 21 1851—1855.
508 384 4 5 .
543 384 5 5 .
580 384 4 4 .
616 385 5 5 .
654 385 4 4 .
729 369 61 27 1,165
892 369 41 21 202

269 419 10 9 »
321 403 155 21 1856—1860.
508 419 4 5 .
543 419 5 5 .
580 420 4 4 .
616 420 41 4 vv
730 404 58 26 1,051
895 404 38 20 192

269 453 10 9 »
320 438 156 21 1861—1865.
507 454 5 4 .
544 454 4 5 .
581 454 4 4 .
616 454 5 5 .
653 454 4 5 .
749 438 42 20 972
894 438 39 20 198

269 488 10 8 »
321 472 155 21 1866—1870.
508 488 4 4 .
543 489 5 4 .
580 490 4 4 .
616 489 42 5 vv
748 472 42 21 983
894 472 39 20 195

269 522 10 9 »
320 506 156 22 1871—1875.
508 523 4 5 .
544 524 4 4 .
616 524 4 4 0.
653 524 4 4 .
728 507 60 25 1,161
891 506 41 21 257

269 557 10 9 »
320 541 156 21 1876—1880.
508 558 4 4 .
544 558 4 4 .
579 558 5 4 .
616 558 40 5 ov
728 542 62 26 1,138
892 541 41 20 244

269 591 9 11 n
320 576 154 21 1881—1885.
506 593 4 4 .
542 593 5 4 .
580 593 4 4 .
616 593 4 4 .
652 593 4 4 .
728 577 62 25 1,162
827 593 2 6 |
892 575 41 21 285
970 582 2 13 |

269 625 10 10 »
320 610 156 21 1886—1890.
510 627 1 4 .
542 627 5 4 .
578 627 5 4 .
615 627 41 4 ov
728 611 60 26 1,217
827 603 2 28 |
860 599 18 42 =
891 610 40 21 207

282 656 65 27 Ännu
363 662 106 27 tydligare
486 664 26 19 än
529 662 26 21 de
570 662 93 27 tidigare
679 662 100 21 lemnade
794 661 137 28 uppgifterna
941 661 33 22 öf-

213 701 38 16 ver
267 696 27 21 de
309 696 36 22 vid
359 696 163 27 ifrägavarande
538 697 120 21 domstolar
673 696 182 28 anhängiggjorda
868 696 105 22 brottmä-

212 730 47 21 lens
276 731 61 21 antal
352 737 64 21 synas
431 731 91 22 sålunda
538 731 62 22 dessa
616 731 90 22 relativa
717 731 73 21 siffror
800 730 99 22 bekräfta
910 730 63 21 ofvan

212 764 133 23 framhållna
361 765 134 28 iakttagelse,
511 768 32 19 att
559 766 7 21 i
582 767 50 20 vårt
642 766 50 21 land
703 765 171 27 brottsligheten,
885 765 88 21 allmänt

212 799 55 26 sedt,
284 799 48 22 icke
349 800 56 21 visar
420 800 32 27 sig
468 799 33 22 stå
516 800 6 21 i
538 799 79 23 sådant
632 801 106 21 samband
754 801 49 21 med
819 800 153 27 vexlingarna
961 795 15 37 i

212 833 80 23 folkets
307 835 141 21 ekonomiska
464 834 156 29 förhållanden,
636 837 33 19 att
685 835 49 26 den,
750 835 70 21 såsom
837 840 48 15 man
897 834 76 21 visser-

211 868 57 27 ligen
293 875 50 16 vore
365 869 50 28 böjd
438 871 33 20 att
487 876 13 15 a
514 870 67 27 priori
604 872 87 25 antaga,
712 869 35 22 vid
763 868 128 23 inträdande
906 875 66 21 ogyn-

211 909 84 16 samma
310 903 158 28 konjunkturer
482 904 112 27 stegrades
610 905 39 21 och
665 906 95 19 tvärtom
770 903 124 22 minskades
905 903 68 22 under

211 938 58 26 goda
285 938 30 21 år.
345 938 43 22 Det
403 945 63 21 synes
482 939 95 26 fastmer,
593 945 47 16 som
655 945 35 16 om
705 938 78 22 härvid
799 940 32 20 ett
841 938 131 22 kausalsam-

210 972 111 27 manhang
337 973 6 21 i
359 973 91 22 alldeles
466 975 90 20 motsatt
570 973 97 28 riktning
681 973 59 28 gjort
756 973 34 28 sig
800 973 105 27 gällande.
921 973 51 21 Just

211 1007 70 22 under
304 1007 37 22 det
363 1008 140 22 ekonomiska
525 1008 114 27 betrycket
660 1008 29 27 på
706 1008 120 22 1860-talet
841 1007 89 28 nedgick
947 1007 25 22 de

210 1041 101 22 sakfälda
326 1048 142 21 personernas
484 1043 61 22 antal
560 1042 125 28 påfallande
699 1043 79 21 starkt.

282 1077 42 21 Det
347 1077 78 28 högsta
445 1077 92 22 relativa
559 1077 82 22 antalet
663 1077 101 22 sakfälda
786 1083 104 21 personer
905 1076 67 22 under

210 1110 51 22 hela
285 1111 102 28 perioden
412 1113 140 20 1843—1890
574 1111 62 22 inföll
659 1111 28 29 på
703 1112 38 21 det
756 1111 70 22 första
840 1112 53 26 året,
911 1112 60 27 1843,

212 1145 29 21 då
256 1146 62 22 detta
333 1147 61 21 antal
409 1153 38 15 var
462 1148 53 25 853;
531 1147 37 21 det
582 1147 73 27 lägsta
670 1146 52 27 åter,
739 1146 53 22 eller
807 1147 48 26 547,
871 1146 40 22 har
925 1146 47 22 året

211 1180 56 21 1863
285 1182 32 20 att
333 1182 97 26 uppvisa.

281 1214 32 22 De
328 1215 7 21 i
350 1216 52 21 Tab.
417 1215 51 22 VIII
484 1215 105 28 ingående
605 1215 227 28 specialuppgifterna,
846 1214 79 28 hvilka,
937 1214 33 22 så-

209 1254 48 16 som
273 1250 67 21 redan
355 1250 95 28 antydts,
466 1250 44 21 afse
525 1251 69 27 några
609 1250 24 22 af
647 1250 26 22 de
688 1250 133 27 märkligare
836 1250 46 27 slag
897 1249 23 22 af
929 1249 42 22 för-

208 1283 114 28 brytelser,
346 1290 46 16 som
415 1284 67 22 under
504 1286 52 20 åren
582 1286 142 21 1843—1890
739 1284 145 27 förekommit,
899 1284 73 22 kunna

209 1319 66 26 sägas
291 1319 47 21 visa
352 1319 180 22 kriminalitetens
547 1320 110 27 vexlingar
671 1321 29 26 på
716 1320 26 21 de
754 1319 108 22 särskilda
872 1318 100 22 områden

208 1352 25 22 af
246 1353 141 28 brottslighet
410 1354 26 21 de
459 1356 155 26 representera,
638 1354 49 22 med
709 1354 131 27 åtskiljande
859 1354 76 21 härvid
950 1353 24 21 af

208 1387 115 22 städernas
339 1388 40 22 och
393 1388 155 28 landsbygdens
560 1389 132 27 befolkning.
722 1388 169 28 Ifrågavarande
901 1388 71 21 siffror

208 1428 73 22 synas,
295 1435 29 3 —
340 1422 69 23 såvidt
433 1430 47 15 man
505 1423 140 22 äfverhnfvnd
669 1424 41 20 kan
736 1424 67 27 draga
826 1422 68 28 några
919 1422 52 22 slut-
